4088 6526
613 402 718 462 313

562 538 563 545 ‘
612 524 687 582 Ne
731 523 910 589 itaque
951 521 1053 575 boc
1101 525 1304 575 tantum
1348 517 1601 587 respicias
1643 513 1784 586 quod
1825 514 1967 570 illam
2011 513 2180 568 admi-

609 614 760 679 serit,
790 613 882 667 sed
909 620 963 665 et
988 609 1112 665 illud
1138 608 1439 674 considera,
1483 606 1753 677 quomodo
1782 606 2085 659 mutaverit.
2117 604 2182 658 Et

604 720 703 758 cur
741 704 875 757 bane
904 708 1162 755 memorat
1192 698 1467 754 historiam
1496 698 1873 773 evangelista?
1908 697 2015 751 imo
2054 710 2181 750 vero

604 794 730 863 quid
772 808 869 849 nos
911 792 1024 847 vult
1066 791 1302 855 docere,
1350 806 1469 844 cum
1510 790 1627 843 ait:
1669 788 1722 842 5.
1765 774 1978 841 Atttobat
2014 795 2179 840 autem
2260 835 2269 845 ,

602 886 754 940 Iesus
778 885 1036 939 Martinam
1065 893 1112 938 et
1149 896 1369 937 sororem
1398 883 1526 952 ejus,
1555 890 1601 934 ct
1630 878 1922 933 Lucrum?
1956 879 2031 934 Ne
2056 892 2174 933 um-

598 997 760 1049 quam
793 980 1127 1051 indignemur
1151 977 1231 1032 vel
1262 988 1405 1046 :egre
1435 976 1665 1029 teramus
1688 1016 1703 1040 ,
1751 975 1794 1028 si
1844 974 1941 1028 viri
1982 973 2176 1027 virtute

600 1072 809 1142 praediti
851 1081 903 1126 et
943 1072 1031 1127 Dei
1060 1069 1249 1131 amici.
1279 1068 1330 1121 in
1359 1066 1605 1121 morlmm
1647 1064 1901 1120 incidant.
1942 1061 1995 1120 3.
2046 1063 2177 1118 Ecce

594 1182 747 1230 quem
789 1180 950 1230 amas,
995 1163 1301 1231 inﬁrmatur.
1345 1158 1401 1214 In
1446 1153 1965 1214 commiserationem
2011 1154 2171 1212 Chri-

603 1267 743 1311 stum
795 1253 1103 1325 pertrahere
1147 1252 1422 1307 volebant.
1466 1249 1655 1305 Adhuc
1700 1249 1844 1305 enim
1900 1247 2169 1304 hominem

592 1362 719 1402 esse
762 1346 1035 1415 putabant.
1080 1343 1220 1413 quod
1264 1357 1331 1398 ex
1372 1341 1529 1396 dictis
1573 1356 1760 1397 eorum
1800 1340 2056 1411 arguitur,
2108 1338 2171 1394 Si

597 1442 774 1506 fuisses
812 1438 929 1499 hic,
976 1452 1075 1487 non
1122 1435 1298 1505 fuisset
1348 1444 1592 1487 mrtuus.
1650 1431 1831 1502 Neque
1885 1429 2166 1495 dixerunt,

598 1532 729 1583 Ecce
758 1528 983 1582 Lazarus
1012 1525 1346 1587 inﬁrmatur;
1396 1522 1514 1589 sed,
1546 1520 1676 1577 Ecce
1711 1536 1855 1591 quem
1884 1537 2048 1585 amas,
2082 1521 2166 1574 in-

596 1621 850 1687 ﬁrmatur.
879 1617 1013 1685 Quid
1046 1631 1173 1686 ergo
1213 1614 1499 1669 Christus?
1538 1615 1591 1668 4.
1624 1612 1748 1667 Hac
1770 1613 2036 1681 inﬁrmitas
2065 1627 2166 1666 non

587 1724 663 1767 est
712 1715 780 1767 ad
826 1722 1053 1779 mortem,
1104 1712 1195 1766 sed
1236 1725 1330 1782 pro
1373 1711 1536 1779 gloria
1584 1708 1709 1775 Dei,
1761 1718 1814 1762 ut
1853 1706 2165 1780 gloriﬁcetur

597 1809 756 1862 Filius
786 1806 877 1860 Dei
914 1823 1002 1876 per
1027 1822 1158 1859 mm.
1193 1803 1325 1858 Vide
1361 1801 1631 1874 quomodo
1670 1815 1878 1855 rursum
1917 1799 2161 1856 eamdem

582 1899 727 1951 dic-at
770 1897 990 1965 gloriam
1041 1910 1190 1949 suam
1223 1902 1276 1948 et
1313 1892 1504 1947 Patris.
1567 1892 1698 1948 Cum
1747 1893 1889 1946 enim
1918 1891 2161 1955 dixisset,

591 1990 698 2051 Dei,
751 1990 1001 2055 subdidit,
1051 1987 1118 2043 Ut
1149 1986 1457 2059 gloriﬁcatur
1502 1983 1669 2039 Filius
1699 1982 1813 2038 Dei.
1865 1983 2161 2052 ilwcinﬁr-

580 2083 732 2133 initus
789 2096 888 2133 non
935 2088 1005 2132 est
1072 2079 1140 2131 ad
1194 2085 1423 2130 mortem.
1480 2074 1609 2130 Cum
1660 2075 1803 2129 enim
1847 2073 1955 2128 illic
2006 2074 2163 2129 biduo

586 2186 863 2225 mansurus
892 2178 1054 2234 esset,
1089 2168 1313 2222 remittit
1356 2166 1475 2221 illos
1523 2175 1579 2220 ut
1609 2165 1725 2218 haec
1754 2166 2017 2219 nuntient.
2044 2165 2157 2230 Qua

578 2263 634 2315 in
682 2276 738 2315 re
789 2258 1085 2314 mirandum
1129 2266 1241 2324 est,
1273 2256 1414 2327 quod
1454 2270 1668 2310 sorores
1715 2269 1835 2309 cum
1888 2256 2160 2310 audissent

582 2367 687 2405 non
734 2365 853 2405 esse
901 2349 967 2403 ad
1014 2356 1262 2409 mortem,
1292 2355 1347 2402 et
1374 2354 1558 2416 postea
1590 2346 1723 2400 mori
1752 2346 2028 2415 vidissent,
2078 2346 2160 2399 of-

580 2443 744 2496 fensae
783 2457 884 2495 non
927 2441 1139 2500 fuerint,
1189 2454 1305 2495 rem
1334 2448 1518 2494 contra
1561 2439 1789 2495 cessisse
1831 2450 2154 2503 cernentes;

579 2550 761 2589 verum
801 2542 1182 2598 accesserunt,
1232 2547 1333 2588 nec
1378 2541 1632 2602 putarunt
1678 2532 1957 2588 mentitum
2006 2534 2153 2587 illum

576 2642 714 2680 esse.
758 2625 845 2678 Illa
887 2636 1063 2677 autem
1104 2624 1381 2691 particula,
1418 2622 1507 2688 Ut,
1538 2640 1641 2677 non
1664 2625 1892 2679 causalis
1919 2634 2024 2692 est,
2056 2626 2150 2681 sed

576 2726 821 2769 eventum
852 2714 1135 2783 signiﬁcat.
1184 2714 1298 2767 Alia
1337 2728 1563 2784 namque
1599 2714 1696 2769 fuit
1736 2716 1903 2770 morbi
1950 2731 2150 2782 causa;

572 2806 667 2859 illo
708 2814 882 2859 autem
927 2805 993 2859 ad
1047 2805 1135 2858 Dei
1178 2805 1401 2871 gloriam
1433 2820 1561 2859 usus
1590 2816 1689 2861 est.
1726 2806 1776 2861 6.
1813 2804 1879 2861 Et
1903 2824 2017 2861 cum
2045 2809 2153 2861 Iure

575 2897 798 2962 dixisset,
840 2897 1019 2949 mansit
1059 2896 1109 2948 in
1153 2912 1209 2948 eo
1249 2896 1359 2949 loco
1404 2896 1532 2949 duos
1579 2896 1705 2950 dies.
1751 2897 1857 2951 Cur
1908 2899 2150 2952 mansit?

530 3010 533 3011 ν
570 2985 644 3042 ιιι
686 2990 951 3057 expirat-ct
996 2989 1082 3043 ille
1123 2997 1176 3042 et
1225 2988 1589 3058 sepeliretur:
1639 3003 1708 3044 ne
1754 2992 1874 3058 quis
1925 2989 2150 3054 diceret,

575 3079 817 3133 Nondum
839 3078 1148 3133 defunctum
1180 3079 1472 3145 suscitavit,
1522 3079 1724 3150 sopitus
1754 3090 1954 3133 tantum
2000 3090 2149 3148 erat;

574 3170 687 3233 νισι,
739 3169 953 3225 Solutus
996 3169 1286 3234 defecerat,
1343 3186 1447 3224 non
1481 3187 1625 3226 mors
1667 3180 1801 3227 erat.
1845 3170 1967 3227 ideo
2006 3181 2154 3229 tanto

569 3273 812 3331 tempore
838 3270 1035 3325 manet,
1058 3272 1113 3316 ut
1142 3262 1233 3316 illo
1257 3261 1366 3331 jam
1397 3270 1670 3331 corrupto,
1703 3262 1885 3318 dicere
1912 3274 2147 3332 possent,

571 3350 691 3405 Jnm
712 3357 845 3424 fate:
885 3353 905 3423 (
923 3352 1059 3407 Jorm
1114 3354 1198 3408 ll.
1231 3353 1360 3420 39).
1393 3352 1444 3407 7.
1478 3352 1670 3407 Deinde
1694 3354 1817 3408 dicit
1842 3355 2103 3424 discipulis
2133 3373 2147 3409 :

579 3444 764 3499 Eamus
791 3446 841 3498 in
862 3445 1115 3500 Jndwam.
1144 3446 1254 3500 Cur
1291 3462 1410 3500 cum
1441 3460 1698 3512 nusquam
1728 3446 1798 3499 ita
1824 3446 2148 3514 prtcdixerit,

572 3536 658 3590 ilic
680 3537 947 3605 pranlicit’
974 3537 1133 3589 Valde
1154 3536 1409 3590 titnelmnt
1430 3556 1438 3563 ·
1459 3544 1512 3590 et
1531 3537 1653 3606 quia
1679 3536 1755 3590 sic
1783 3536 1956 3591 ηπεοιί
1975 3548 2148 3602 erant,

576 3628 829 3695 pra'dicit,
880 3642 944 3682 ne
971 3630 1153 3682 statim
1189 3628 1485 3681 turbantur.
1536 3627 1673 3695 Quid
1710 3642 1834 3682 vero
1866 3627 2149 3697 discipuli?
2190 3656 2193 3659 ν

566 3720 607 3772 '8
674 3717 823 3771 Nunc
863 3718 1151 3788 maerebant
1194 3728 1240 3771 te
1278 3716 1449 3771 Judwi
1493 3717 1750 3786 lapidare,
1799 3729 1845 3771 et
1889 3735 2064 3772 rursus
2093 3735 2148 3771 co

574 3810 714 3861 rudis
732 3809 762 3861 V.’
784 3808 1064 3862 Timebant
1093 3808 1235 3862 cnim
1265 3808 1425 3865 etiam
1452 3808 1522 3872 ei,
1552 3808 1643 3862 sed
1668 3809 1765 3862 sibi
1794 3809 1992 3878 magis;
2026 3824 2151 3862 non-

565 3898 702 3951 «dum
729 3898 869 3951 enim
902 3898 1117 3967 perfecti
1156 3906 1327 3951 erant.
1372 3896 1708 3969 Quapropter
1740 3899 1927 3953 timore
1963 3900 2148 3967 exagi-

567 3999 712 4043 tatus
726 3989 958 4044 Thomas
978 3989 1104 4045 dicit
1119 3990 1168 4044 ei
1189 4006 1203 4042 :
1227 3988 1435 4056 Eamus,
1465 3999 1519 4042 ιιι
1536 4000 1582 4042 et
1596 4006 1684 4043 nos
1698 3991 1974 4044 moriamur
1987 3990 2145 4057 (Ibid.

577 4080 685 4151 ιϐ).
720 4080 982 4134 lnﬁrmior
1022 4095 1248 4150 namque
1291 4091 1343 4133 et
1394 4080 1561 4151 magis
1607 4081 1947 4135 incredulus‘
1990 4098 2145 4152 quam

569 4173 752 4226 caeteri
798 4182 933 4225 erat.
985 4170 1087 4227 Sed
1134 4171 1255 4225 vide
1288 4170 1557 4241 quomodo
1587 4171 1829 4225 Christus
1858 4172 2013 4228 dictis
2039 4174 2148 4226 suis

570 4266 695 4319 ﬂlns
720 4265 1020 4319 conﬁrmet.
1062 4263 1116 4320 9.
1174 4262 1359 4317 Nonne
1380 4263 1645 4317 duodecim
1688 4264 1825 4317 horae
1857 4274 1971 4316 sunt
2002 4263 2149 4317 diei?

572 4354 670 4413 γει
701 4359 798 4411 hoc
816 4358 966 4421 dixit,
1002 4368 1056 4411 ιιι
1087 4358 1404 4420 declararet,
1435 4356 1563 4411 nihil
1589 4357 1878 4410 timemlnm
1902 4372 2020 4411 esse
2042 4358 2152 4411 nul-

566 4446 673 4502 lius
698 4449 796 4503 sibi
827 4447 949 4501 mali
977 4448 1194 4502 conscio
1220 4465 1234 4511 ;
1281 4446 1372 4500 sed
1399 4460 1520 4499 eum
1549 4446 1636 4516 qui
1668 4446 1806 4499 male
1846 4444 2027 4499 fecerit
2057 4461 2152 4513 pu-

568 4538 828 4591 niendum
878 4540 1082 4606 (quare
1127 4538 1278 4591 nobis
1319 4535 1447 4590 nihil
1492 4535 1807 4601 timendum,
1854 4550 1975 4589 cum
2018 4534 2148 4590 nihil

566 4640 746 4684 inmte
788 4630 1004 4697 dignum
1057 4628 1339 4683 fecerimus
1370 4629 1389 4695 ')
1420 4644 1433 4679 :
1467 4627 1549 4681 vel
1589 4626 1669 4680 sic
1716 4627 2000 4695 intelligas,
2047 4626 2145 4693 Qui

572 4726 745 4778 incem
779 4723 934 4792 lug’us
960 4722 1143 4777 mundi
1182 4720 1342 4782 videt,
1377 4720 1429 4773 in
1462 4728 1577 4774 tuto
1604 4728 1725 4784 est;
1758 4720 1802 4773 si
1844 4728 2021 4773 autem
2055 4720 2145 4775 ille

575 4816 625 4868 in
655 4823 767 4868 tuto
791 4823 893 4880 est,
925 4814 1092 4867 multo
1120 4812 1285 4881 magis
1313 4812 1357 4864 is
1379 4811 1466 4879 qui
1492 4825 1699 4864 mecum
1725 4821 1828 4874 est,
1875 4810 1971 4864 nisi
2002 4826 2032 4864 a
2063 4826 2149 4865 me

575 4902 899 4960 discesserit.
929 4902 1243 4957 ilis’ver'bis
1270 4902 1387 4954 illos
1412 4901 1769 4966 conﬁrmavit,
1810 4908 1864 4954 et
1903 4916 2149 4956 necesse.

571 4996 709 5049 riam
739 5010 954 5051 causam
986 4992 1240 5055 subdidit.
1262 5006 1357 5047 cur
1380 4991 1476 5045 ille
1504 4991 1835 5061 migrantium
1868 5001 2011 5045 esset
2049 5008 2062 5043 :
2094 5001 2150 5046 et

578 5096 856 5156 postquam
896 5086 1237 5151 declarasset,
1283 5101 1389 5139 non
1430 5085 1596 5138 ituros
1619 5084 2026 5155 Jerosolymam,
2056 5084 2149 5138 sed

574 5181 910 5243 Bethaniam,
937 5181 1070 5235 dixit
1103 5198 1116 5234 :
1150 5180 1206 5234 ll
1257 5178 1486 5232 Lazarus
1511 5179 1698 5231 ominis
1724 5177 1928 5240 dormit,
1956 5186 2001 5229 et
2019 5176 2151 5229 uado

578 5281 629 5323 ut
658 5272 801 5324 illum
828 5283 1053 5325 ea-cnem.
1089 5271 1197 5327 Hoc
1238 5282 1339 5337 est,
1383 5270 1498 5324 Non
1534 5271 1722 5325 iterem
1747 5270 1882 5322 vado
1910 5284 2030 5323 cum
2053 5269 2151 5324 ιιι-

570 5362 711 5417 1{imis
742 5363 1104 5432 disputaturos
1133 5374 1613 5427 etcongre~snrus,
1658 5362 1750 5417 sed
1781 5363 2011 5416 amicum
2053 5378 2149 5413 no-

580 5467 746 5509 strum
797 5458 1143 5509 excitaturus.
1186 5454 1271 5509 12.
1306 5454 1493 5509 Dicunt
1524 5453 1763 5524 discipuli
1796 5471 1813 5508 :
1845 5454 2076 5520 Domine,
2108 5455 2149 5508 si

578 5549 782 5608 dormit,
814 5548 980 5599 solens
1007 5549 1118 5599 erit.
1154 5547 1204 5601 Id
1237 5564 1363 5601 vero
1391 5565 1492 5601 non
1536 5549 1653 5602 sine
1688 5564 1843 5602 causa
1884 5548 2149 5613 dixerunt,

577 5640 669 5690 πει
714 5646 769 5690 ιιι
808 5637 1122 5706 impedirent
1172 5642 1452 5707 quominus
1494 5641 1612 5693 iret.
1654 5640 1823 5705 Dicis,
1870 5640 2104 5708 inqttiunt
2134 5682 2149 5706 ,

646 5789 658 5822 '
702 5789 753 5841 lu
778 5796 937 5844 \torcl.
966 5793 1166 5857 legitur,
1192 5796 1419 5855 timidior,
1439 5812 1550 5860 ,τη-ο,
1580 5796 1731 5860 magis
1760 5796 2062 5848 incredulus.

1346 402 1406 457 s.
1436 397 1713 457 JOANNIS
1748 394 2222 455 cntwsosront
2257 396 2577 461 ARCIIIEP.
2613 403 3148 470 consranrmor.

3778 430 3878 485 ιιι

2296 514 2441 611 illum
2472 516 2754 611 dormire?
2795 537 2923 589 ergo
2954 524 3081 580 nihil
3112 529 3251 600 cogit
3279 529 3369 585 illo
3393 532 3563 592 abire.
3598 540 3759 611 Atqui
3790 544 3880 599 ille

2291 606 2414 663 ideo
2457 608 2684 676 dixerat,
2725 612 2931 668 Amicus
2971 628 3157 683 noster,
3199 630 3257 676 ιιι
3282 626 3595 683 ostenderet
3627 606 3878 687 necessa-

2287 698 2421 753 riam
2448 715 2568 756 esse
2593 703 2996 773 profectionem.

2352 788 2584 883 2.-_Qnia
2628 808 2756 850 vero
2796 798 2868 851 illi
2912 800 3189 870 segniores
3222 815 3406 874 erant,
3457 810 3590 867 dixit
3629 815 3871 883 tandem,

2288 876 2375 972 ιι.
2402 879 2637 938 Mortuus
2670 896 2761 939 est.
2790 884 2971 941 Primo
2993 891 3173 959 itaque
3203 903 3261 948 ut
3286 894 3482 954 fastum
3511 902 3743 972 tolleret,
3792 876 3873 962 sic

2285 966 2770 1064 loqmt-tusAfuerat;
2800 991 2921 1031 cum
2952 991 3130 1036 autem
3161 982 3210 1037 id
3240 984 3314 1039 illi
3343 998 3451 1042 non
3482 966 3868 1064 intelligerent,

2282 1057 2496 1150 adjecit,
2529 1054 2763 1117 Mortuus
2789 1075 2881 1133 est,
2924 1064 3008 1124 l5.
3040 1080 3089 1124 et
3116 1074 3313 1142 gaudeo
3342 1088 3552 1147 propter
3575 1054 3683 1137 vos:
3736 1054 3867 1150 Cur,

2283 1144 2504 1243 Propter
2538 1152 2668 1206 vos?
2708 1154 2859 1223 Quod
2887 1158 3085 1215 absens
3115 1144 3492 1231 pra'dixeritn:
3527 1172 3708 1243 itaque
3740 1144 3864 1230 cuni

2278 1240 2688 1334 resuscitavero,
2720 1246 2863 1301 nulla
2890 1253 3188 1308 remanebit
3213 1257 3469 1326 suspicio.
3509 1240 3697 1318 Viden‘
3722 1283 3865 1334 quo-

2276 1330 2437 1428 modo
2462 1331 2635 1389 adhuc
2655 1334 3085 1407 imperfectiores
3106 1356 3290 1401 essent
3315 1348 3579 1422 discipuli,
3610 1373 3711 1411 nec
3740 1330 3865 1428 ejus

2276 1420 2523 1479 virtutem
2551 1435 2608 1480 ut
2648 1442 2743 1497 par
2777 1438 2895 1485 erat
2936 1441 3361 1503 cognoscerent?
3396 1420 3547 1511 Quod
3595 1463 3662 1503 ex
3713 1420 3862 1505 metu

2274 1512 2487 1570 illorum
2533 1518 2743 1575 animos
2789 1523 3041 1581 turbante
3081 1532 3446 1597 proveniebat.
3504 1538 3570 1592 Et
3613 1555 3737 1595 cum
3772 1543 3861 1597 di-

2272 1604 2368 1668 xit,
2402 1604 2623 1694 Dormit,
2660 1610 2881 1678 addidit,
2918 1612 3063 1669 Vada
3090 1628 3145 1671 ut
3169 1623 3376 1676 excitem
3414 1642 3563 1694 eum;
3606 1646 3727 1684 cum
3760 1648 3861 1686 au-

2273 1702 2378 1749 tem
2408 1693 2560 1758 dixit.
2591 1698 2828 1757 Mortuus
2854 1714 2949 1771 est,
2981 1722 3086 1762 non
3110 1710 3219 1778 jam
3252 1693 3654 1783 addidit,Vado,
3690 1734 3746 1774 ut
3772 1740 3861 1776 stt-

2269 1784 2438 1839 sdtem
2468 1803 2601 1842 eum.
2635 1790 2748 1846 Non
2789 1794 2932 1849 enim
2963 1798 3175 1853 volebat
3202 1818 3264 1856 ex
3300 1805 3478 1860 verbis
3517 1810 3815 1878 praedicere
3836 1853 3854 1879 ,

2268 1896 2388 1951 quae
2416 1898 2579 1953 opere
2607 1885 3019 1942 conﬁrmaturus
3054 1902 3191 1954 erat,
3226 1908 3325 1950 nos
3359 1911 3576 1967 semper
3614 1900 3852 1968 docens,

2268 1989 2456 2028 vanam
2484 1976 2707 2045 gloriam
2737 1991 2861 2043 esse
2899 1978 3223 2050 fugiendam,
3277 2001 3450 2054 neque
3494 1998 3694 2044 teme-re
3734 2007 3856 2047 esse

2270 2065 2712 2133 promittendum.
2760 2068 2909 2135 Quod
2942 2072 2984 2125 si
3015 2083 3229 2143 rogatus
3267 2073 3371 2131 hoc
3399 2082 3700 2133 centurioni
3731 2081 3855 2137 fecit

2265 2155 2603 2224 (dixitenim,
2627 2157 2736 2229 Ego
2764 2161 2990 2227 veniam;
3016 2172 3061 2215 et
3080 2163 3265 2218 curabo
3282 2182 3393 2220 eum
3419 2164 3630 2240 [Mattio
3656 2171 3708 2225 8.
3734 2170 3787 2243 7]
3807 2172 3848 2239 );

2266 2246 2316 2301 id
2348 2247 2501 2315 dixit,
2534 2260 2590 2304 ut
2614 2250 2731 2318 ejus
2758 2252 2915 2306 ﬁdem
2943 2256 3273 2312 ostenderet.
3307 2258 3361 2314 Si
3387 2262 3508 2329 quis
3538 2278 3668 2317 vero
3695 2265 3850 2320 dixe-

2266 2340 2353 2404 rit,
2383 2341 2490 2397 Cur
2509 2356 2754 2398 somnum
2797 2346 3208 2416 suspicabantur
3229 2366 3351 2407 esse
3375 2353 3645 2425 discipuli,
3674 2373 3854 2428 neque

2262 2440 2528 2485 noverunt
2556 2442 2821 2489 mortuum
2852 2451 2992 2498 esse.
3018 2454 3139 2494 cum
3168 2441 3389 2509 diceret,
3445 2444 3642 2501 Vadam
3673 2460 3727 2503 et
3755 2464 3851 2502 cn-

2262 2520 2394 2573 rabo
2433 2523 2593 2575 eum?
2642 2524 2903 2594 (stultum
2948 2530 3092 2583 enim
3134 2532 3323 2585 eratsi
3354 2544 3601 2603 putarent
3640 2537 3829 2593 Jesum

2262 2610 2561 2679 quindecim
2590 2615 2759 2668 stadia
2784 2617 3169 2674 ‘confccturum
3206 2636 3363 2689 esse,
3395 2632 3452 2677 ut
3480 2625 3627 2681 illum
3657 2644 3850 2697 exper-

2261 2700 2529 2769 gefaceret
2559 2703 2578 2773 )
2610 2721 2622 2757 :
2655 2708 3013 2775 reSpomlebo,
3070 2721 3281 2778 putasse
3324 2714 3445 2771 illos
3478 2715 3579 2772 hoc
3619 2722 3847 2791 aanigma

2258 2807 2401 2858 esse,
2433 2805 2490 2848 ut
2515 2795 2618 2849 alia
2649 2798 2811 2851 multa
2843 2816 2961 2867 qum
2990 2802 3221 2858 dicebat.

2335 2883 2551 2938 Thomas
2598 2888 2822 2941 omnium
2875 2891 3251 2959 inﬁrmissimus
3309 2908 3483 2966 postea
3536 2902 3850 2971 fortissimus

2258 2976 2465 3043 effectus
2513 2988 2603 3032 est.
2649 3011 2719 3020 —
2757 2981 2956 3038 Omnes
3005 2985 3183 3053 itaque
3216 2986 3525 3045 Judreorum
3580 2994 3844 3063 impetum

2208 3079 2213 3083 '
2259 3069 2646 3126 formidabant:
2681 3074 2917 3128 omnium
2950 3076 3183 3131 tnaxime
3215 3078 3449 3135 'l‘bomas
3482 3101 3495 3136 :
3526 3083 3646 3138 ideo
3680 3086 3845 3149 dixit,

2261 3161 2347 3214 lli.
2382 3159 2593 3222 Eamus.
2627 3174 2678 3215 ut
2708 3176 2753 3219 et
2781 3183 2872 3219 nos
2896 3170 3171 3221 moriamur
3206 3186 3319 3223 cum
3348 3188 3425 3225 eo.
3456 3173 3680 3241 Quidam
3714 3193 3847 3229 vero

2257 3252 2459 3320 dicunt,
2506 3255 2677 3323 ipsum
2730 3259 2862 3311 mori
2912 3269 3169 3330 optasse;
3213 3263 3305 3316 sed
3340 3280 3444 3319 non
3486 3267 3554 3319 ita
3602 3284 3688 3322 res
3719 3282 3841 3324 cst:

2258 3360 2379 3399 nam
2402 3347 2577 3415 potius
2596 3364 2659 3401 ex
2690 3350 2878 3404 timore
2902 3352 3235 3421 loquebatur.
3256 3353 3363 3410 Sed
3397 3373 3501 3423 non
3533 3358 3847 3431 increpatus

2258 3437 2371 3493 fuit.
2426 3437 2556 3509 Ejus
2584 3442 2727 3495 enim
2764 3442 3122 3498 inﬁrmitatem
3164 3446 3345 3502 adhuc
3391 3449 3693 3516 tolerabat;
3748 3451 3847 3505 dc-

2255 3546 2403 3586 mnm
2431 3541 2577 3587 certe
2602 3532 2683 3587 his
2712 3535 2948 3589 omnium
2976 3536 3298 3593 fortissimus
3328 3539 3552 3595 cﬁ'ectus
3579 3551 3660 3596 est
3686 3553 3742 3598 et
3771 3545 3845 3596 iu-

2256 3623 2589 3690 superabilis.
2642 3624 2793 3691 Nam,
2844 3630 2983 3696 quod
3014 3628 3369 3686 admiratione
3394 3630 3611 3702 dignum
3644 3644 3749 3697 est.
3798 3638 3845 3688 is

2255 3726 2411 3781 quem
2440 3714 2510 3767 ita
2538 3713 2800 3770 inﬁrmum
2822 3727 2944 3772 ante
2969 3732 3181 3773 crucem
3211 3720 3462 3787 vidimus,
3487 3734 3604 3791 post
3624 3740 3843 3780 crucem

2255 3810 2308 3855 ct
2340 3812 2457 3869 post
2482 3807 2890 3861 resurrectionis
2930 3807 3086 3862 ﬁdem
3117 3809 3573 3867 ferventissimam
3598 3817 3841 3869 omnimu

2256 3895 2634 3962 conspicimus.
2663 3897 2829 3951 Tanta
2858 3909 2941 3953 est
2963 3897 3159 3954 Christi
3184 3902 3377 3957 virtus.
3425 3904 3557 3959 Nam
3599 3907 3687 3975 qui
3717 3922 3842 3963 cum

2256 3984 2469 4040 Christo
2498 3986 2807 4041 Bethaniam
2840 3990 2915 4043 ire
2942 4005 3045 4043 non
3074 3991 3324 4059 audebat,
3376 3995 3463 4051 hic
3488 3992 3707 4051 Christo
3731 4014 3842 4055 non

2254 4087 2519 4144 praesente
2560 4075 2745 4132 orbem
2789 4077 2901 4133 fere
2950 4082 3232 4149 percurrit,
3284 4084 3335 4138 in
3387 4085 3579 4141 mediis
3630 4090 3846 4159 populis

2254 4167 2567 4220 versabatur
2593 4170 2965 4239 sanguinariis,
2997 4172 3085 4241 qui
3118 4173 3264 4228 illum
3294 4176 3598 4233 interﬁcere
3627 4196 3840 4246 qnmre-

2257 4255 2403 4309 bant.
2446 4256 2501 4311 Si
2533 4268 2710 4313 autem
2739 4260 2923 4314 stadiis
2951 4263 3253 4330 quindecim
3286 4265 3513 4319 distabat
3545 4266 3801 4323 Bethania
3824 4314 3841 4333 ,

2256 4364 2375 4415 qua:
2405 4360 2530 4403 sunt
2556 4350 2806 4406 milliaria
2831 4352 2958 4417 duo,
3007 4355 3276 4420 quomodo
3308 4358 3694 4424 quatridnanus
3723 4373 3844 4418 erat

2260 4439 2533 4495 Lazarus?
2580 4442 2769 4497 Mansit
2812 4444 3020 4499 dnolms
3066 4446 3272 4513 diebus,
3321 4459 3376 4503 et
3419 4451 3589 4517 pridie
3622 4468 3846 4514 venerat

2260 4536 2510 4599 mmtins,
2558 4546 2623 4589 eo
2670 4536 2783 4603 ipso
2821 4537 3006 4592 mortis
3038 4539 3125 4594 die
3152 4558 3165 4593 :
3199 4540 3393 4595 deinde
3417 4552 3602 4609 quarta
3632 4544 3719 4598 die
3741 4544 3833 4597 ad.

2261 4627 2426 4682 seuit.
2461 4626 2583 4682 Ideo
2611 4626 2786 4681 donec
2812 4637 3094 4683 vocaretur
3120 4631 3483 4699 exspectavit;
3529 4648 3701 4701 neque
3733 4650 3839 4690 non

2250 4718 2547 4773 accersitus
2601 4718 2745 4773 venit
2796 4733 2862 4773 ne
2912 4733 3014 4789 qua
3065 4721 3297 4776 oriretur
3344 4724 3598 4792 suspicio.
3656 4724 3845 4792 Neque

2260 4808 2409 4875 ipsm,
2443 4823 2561 4878 quae
2586 4808 2920 4875 amabantur,
2950 4822 3207 4865 venerunt
3234 4829 3247 4879 ;
3296 4813 3389 4868 sed
3418 4814 3506 4868 alii
3535 4816 3840 4871 mittuntur.

2262 4900 2344 4954 18.
2382 4898 2509 4954 Erat
2533 4910 2703 4953 autem
2732 4899 2978 4954 Bethania
3008 4906 3152 4970 quasi
3178 4905 3355 4959 stadiis
3377 4906 3678 4976 quindecim.
3705 4907 3843 4964 llinc

2259 4989 2586 5057 signiﬁcatur
2636 4992 2830 5046 multos
2872 5008 2937 5047 ex
2990 4994 3338 5067 Jerusolymis
3383 4998 3653 5062 adfuisse;
3715 5016 3840 5055 nam

2258 5082 2435 5135 statim
2474 5081 2675 5150 adjicit.
2717 5084 2914 5138 nuntios
2939 5099 3006 5138 ex
3040 5084 3239 5142 intimis
3259 5088 3497 5145 adfuisse
3522 5091 3613 5161 qui
3638 5106 3841 5145 conse-

2259 5170 2602 5227 l:-rentureas
2627 5173 2801 5243 (Joon.
2842 5177 2924 5229 ll.
2959 5175 3072 5245 l9).
3092 5176 3373 5244 Quomodo
3391 5180 3407 5210 ¹
3427 5195 3455 5233 a
3475 5180 3842 5236 Cbristodile—

2258 5274 2371 5316 ctas
2406 5262 2572 5317 Judaai
2603 5266 3063 5321 consolabantur?
3114 5269 3273 5337 Atqui
3318 5284 3679 5328 convenerant
3710 5282 3767 5328 ut
3796 5274 3842 5326 si

2258 5354 2378 5423 quis
2404 5354 2676 5409 Chrisntm
2705 5358 3072 5423 conﬁteretur,
3116 5370 3265 5413 extra
3294 5376 3619 5431 synagogam
3651 5363 3842 5417 ﬁeret!

2323 5492 2552 5563 "omnes
2577 5491 2693 5541 fere
2718 5501 2821 5563 \tss.
2849 5497 2994 5545 nostri
3020 5494 3197 5563 locum,
3213 5506 3279 5563 _n_t
3315 5498 3365 5547 in
3377 5503 3530 5563 textu
3544 5500 3692 5563 jacet,
3719 5500 3845 5549 etre-

2258 5559 2398 5623 runt;
2424 5553 2549 5622 ιξάιιι
2564 5568 2690 5603 vero
2712 5557 2882 5604 sic.....
2916 5574 2938 5601 ι
2954 5556 3091 5623 quasi
3114 5553 3283 5623 stadiis
3304 5553 3581 5623 quindecim
3602 5578 3651 5609 ι.
3680 5553 3847 5623 neque

2264 5614 2387 5693 3W
2411 5613 2895 5693 δίκεργτνξτεηριαων
2910 5630 2937 5693 ε
2964 5613 3334 5693 ﬂammei
3369 5621 3514 5693 attrit
3538 5613 3844 5693 ευιεησοίέξια

2261 5676 2412 5745 locum
2435 5690 2538 5745 esse
2561 5676 2835 5738 proximum
2854 5685 2937 5745 ,_et
2975 5692 3039 5728 ea:
3054 5678 3141 5729 illa
3187 5681 3495 5745 proximitate
3535 5676 3848 5745 verisimilem

2261 5737 2370 5797 [teri
2392 5737 2648 5805 neruorum
2670 5739 2989 5800 praesentum.
3039 5737 3200 5805 Itaque
3226 5742 3475 5805 mbjtmrit
3503 5757 3521 5793 :
3551 5764 3572 5790 ι
3599 5744 3733 5795 Nulli
3755 5758 3846 5792 an-

2264 5810 2357 5847 tt-m
2373 5800 2632 5851 erJudtnis
2653 5809 2878 5863 tutemet
2890 5807 2944 5851 ut
2965 5800 3321 5855 rthtltlrmitti'
3332 5819 3458 5856 casa
3467 5808 3730 5866 (tum,
3742 5814 3844 5857 etc.
