4088 6492
279 443 378 495 δικ

300 558 386 606 ’ςυι
410 552 479 603 ob
506 546 823 602 ealamftatis
854 538 1291 609 magnitudiin-m,
1318 536 1397 588 vel
1419 536 1540 602 quia
1568 541 1622 584 ut
1652 528 1874 582 nobilio-

297 660 381 699 res
432 639 858 698 venerabantur;
902 631 984 685 vel
1029 631 1163 682 forte
1190 626 1279 694 qui
1312 639 1415 677 non
1447 620 1670 689 improbi
1699 628 1873 679 erant,

293 738 551 788 venerunt
583 747 594 781 :
621 724 923 779 multieuim
946 735 1008 774 ex
1040 719 1165 786 ipsis
1185 714 1545 769 crediderunt.
1573 711 1694 764 llaec
1719 724 1877 778 porro

291 827 418 878 ilic-it
465 818 826 886 evangelista,
876 811 1060 866 Lazari
1103 819 1329 864 mortem
1370 804 1714 860 confirmans.
1767 799 1878 855 Cur

289 927 446 981 porro
473 909 688 964 Christo
712 906 922 960 obviam
949 901 1095 956 venit
1124 901 1239 954 sine
1271 911 1458 952 sorore
1491 893 1727 948 comite?
1753 891 1877 945 Vult

285 1003 510 1056 seorsim
545 999 696 1053 illum
726 995 896 1057 adire,
921 1001 974 1046 et
1005 1006 1115 1046 rem
1148 989 1412 1043 nuntiare.
1448 986 1735 1054 Postquam
1777 997 1876 1035 au-

288 1103 393 1146 tem
424 1090 670 1145 Christus
696 1099 846 1154 spem
895 1083 1087 1136 bonam
1137 1077 1422 1142 indiderat,
1475 1086 1599 1128 tunc
1641 1073 1773 1137 abit,
1825 1081 1879 1126 et

296 1181 511 1233 Mariam
552 1186 724 1238 vocat,
771 1183 824 1228 et
871 1171 1105 1227 occurrit
1138 1167 1234 1230 illi,
1266 1168 1411 1221 luctu
1442 1165 1618 1219 adhuc
1646 1165 1874 1233 vigente.

294 1271 482 1325 Vidcn’
510 1267 708 1321 amoris
739 1261 1192 1334 magnitudinem?
1237 1259 1362 1313 llaec
1400 1267 1484 1312 est
1510 1257 1576 1311 de
1603 1270 1704 1324 qua
1728 1254 1875 1307 dice-

295 1362 379 1413 bat
407 1378 421 1412 :
456 1358 624 1411 Maria
655 1371 772 1408 vero
797 1355 1036 1422 Optimam
1064 1361 1259 1418 partem
1280 1349 1426 1418 elegit
1466 1345 1615 1411 (Luc.
1649 1343 1733 1398 10.
1763 1343 1873 1413 42).

289 1448 568 1516 Quomodo
591 1463 738 1516 ergo,
770 1445 998 1513 inquies,
1046 1441 1250 1495 Martha
1291 1454 1434 1494 nunc
1484 1437 1776 1492 ferventior
1803 1435 1880 1488 vi-

287 1540 487 1594 detur?
535 1538 648 1592 Non
693 1545 806 1589 erat
848 1533 962 1586 hzec
990 1532 1314 1593 ferventior;
1346 1529 1441 1584 sed
1472 1529 1556 1581 illa
1583 1526 1710 1581 nihil
1740 1525 1879 1580 didi-

286 1640 436 1686 cerat
467 1648 478 1682 :
521 1644 642 1683 nam
689 1626 890 1680 Martha
939 1623 1261 1678 imbecillior
1299 1631 1434 1676 erat.
1467 1618 1601 1672 Cum
1629 1621 1772 1672 enim
1805 1627 1880 1672 tot

291 1731 541 1790 L'tntaque
584 1719 845 1781 audisset,
895 1715 1069 1770 adhuc
1118 1723 1294 1767 tamen
1340 1703 1490 1775 dicit,
1536 1709 1657 1763 Jam
1703 1713 1879 1779 fre/et;

287 1812 653 1880 quotriduanus
678 1820 750 1864 est
779 1810 934 1863 enim.
970 1808 1060 1862 Illa
1093 1821 1248 1868 vero,
1283 1805 1382 1860 etsi
1412 1802 1672 1856 nihildum
1697 1801 1881 1854 audis-

288 1915 392 1968 set,
440 1904 570 1958 nihil
597 1900 896 1971 hnjnsntodi
920 1899 1135 1969 lnquuta
1164 1907 1280 1960 est;
1325 1895 1417 1950 sed
1446 1895 1624 1949 statim
1656 1893 1880 1947 credens

289 1994 422 2047 dixit
451 2011 463 2048 :
487 1993 577 2046 2|.
605 1990 837 2055 Domine,
867 1989 909 2043 si
935 1990 1116 2059 fuisses
1141 1987 1244 2053 hic,
1275 1989 1434 2056 frater
1460 2001 1596 2038 meus
1621 1999 1722 2038 non
1749 1983 1873 2052 fuis-

288 2097 362 2142 801
401 2096 650 2140 mortuus.

362 2181 414 2234 3.
447 2177 634 2233 Videte
654 2184 855 2247 quanta
881 2173 951 2229 sit
975 2173 1260 2228 mulierum
1293 2170 1650 2241 philosOphia,
1673 2169 1881 2225 etiamsi

291 2269 561 2325 imbecilla
609 2276 790 2323 mente
833 2265 1055 2323 essent?
1082 2263 1213 2318 Viso
1248 2278 1479 2332 namque
1520 2261 1736 2317 Christo
1775 2277 1882 2315 non

291 2361 470 2415 statim
520 2359 572 2414 in
621 2360 842 2422 luctum,
893 2357 948 2411 in
993 2355 1283 2425 planctum,
1324 2355 1376 2409 in
1419 2355 1676 2424 gemitum
1706 2369 1883 2408 erum-

295 2461 457 2520 punt,
505 2459 562 2504 ut
591 2464 691 2504 nos
717 2448 981 2511 solemus,
1037 2445 1255 2517 quando
1298 2454 1455 2499 notos
1490 2444 1769 2514 quospiam
1815 2443 1882 2498 ad

293 2545 491 2597 luctum
529 2544 805 2597 venientes
833 2539 1232 2609 conspicimus;
1264 2537 1359 2593 sed
1401 2538 1580 2592 statim
1623 2537 1729 2591 illa:
1767 2552 1883 2591 ma-

291 2634 518 2701 gistrum
562 2631 845 2686 mirantur.
897 2628 1202 2684 Credebant
1235 2629 1418 2696 utique
1445 2628 1616 2682 ambat
1647 2626 1699 2681 in
1728 2626 1884 2682 Chri-

291 2732 465 2787 stum;
514 2721 607 2777 sed
660 2737 765 2776 non
813 2730 989 2792 utpar
1015 2729 1150 2774 erat.
1189 2718 1433 2773 Nondum
1477 2719 1620 2772 enim
1653 2718 1886 2786 perfecte

292 2813 554 2875 sciebant,
587 2827 685 2866 nee
716 2812 880 2866 Deum
911 2824 1048 2873 esse,
1085 2823 1259 2876 neque
1291 2822 1385 2863 sua
1417 2817 1682 2878 potestate
1709 2817 1763 2863 et
1789 2823 1886 2862 au-

291 2905 539 2961 ctoritate
568 2905 684 2959 haec
711 2904 883 2958 facere
916 2923 932 2960 :
959 2902 1103 2973 quod
1135 2911 1423 2971 utrumque
1463 2901 1605 2971 ipsas
1646 2899 1882 2956 edocuit.

291 2995 448 3062 Quod
491 3004 665 3049 autem
711 2994 1034 3063 ignorarent,
1088 3000 1231 3060 patet
1263 3006 1329 3046 ex
1375 3006 1443 3046 eo
1478 2989 1620 3061 quod
1662 2990 1745 3046 his
1769 3005 1890 3046 vcr-

272 3088 400 3150 tbis,
449 3084 511 3140 Si
551 3086 731 3155 fuisses
775 3085 876 3147 hic,
924 3083 1084 3150 frater
1125 3091 1295 3136 noster
1326 3098 1426 3135 non
1457 3089 1584 3135 esset
1615 3089 1844 3134 mortuus
1869 3120 1884 3144 ,

295 3177 626 3240 addiderint,
672 3175 764 3228 2‘3.
837 3173 1176 3243 Quintumque
1221 3173 1435 3242 petieris.
1471 3188 1504 3225 a
1548 3169 1696 3234 Deo,
1747 3170 1887 3223 dabit

297 3269 426 3330 tibi;
458 3267 604 3336 quasi
651 3268 720 3320 de
741 3264 1197 3336 ~virtute‘prredito
1241 3273 1294 3318 et
1323 3262 1616 3331 conspicuo
1651 3262 1768 3316 viro
1807 3261 1888 3314 lo-

294 3368 538 3427 qtnmtes.
565 3356 697 3412 Vide
743 3364 920 3410 autem
961 3354 1086 3426 quid
1116 3353 1361 3408 Christus
1392 3351 1712 3422 respondeat
1737 3369 1753 3408 :
1779 3350 1871 3405 25.

303 3450 550 3519 ltesttrget
585 3449 743 3517 frater
785 3458 946 3511 tuus;
999 3444 1131 3500 illud
1178 3444 1486 3508 confutans,
1549 3444 1890 3514 Qiirecumque

304 3541 525 3607 petieris.
555 3537 736 3607 Neque
765 3537 909 3591 enim
935 3535 1090 3600 dixit,
1125 3534 1330 3599 Petam,
1360 3533 1452 3586 sed
1483 3530 1652 3602 quid?
1703 3531 1892 3585 Resur-

299 3641 380 3701 get
406 3633 561 3700 frater
586 3639 721 3682 tuus.
773 3629 826 3684 Si
870 3627 1094 3682 dixisset
1133 3625 1276 3680 enim
1312 3641 1326 3678 :
1359 3623 1403 3679 Ο
1432 3624 1660 3689 mulier,
1716 3623 1890 3677 adhuc

286 3732 498 3776 .tcrratn
544 3720 812 3790 respicis?
855 3719 1030 3772 alieno
1072 3732 1179 3770 non
1218 3729 1350 3785 egeo
1377 3715 1604 3776 auxilio,
1630 3729 1659 3767 a
1686 3714 1890 3783 Incipso

302 3813 480 3866 omnia
527 3811 704 3878 facio;
737 3812 853 3865 haec
877 3810 1104 3864 molesta
1138 3809 1384 3874 fuissent,
1416 3817 1470 3862 ct
1499 3807 1779 3862 mulierem
1810 3806 1890 3860 of-

304 3903 618 3958 fendissent.
668 3900 820 3956 Num:
844 3913 972 3955 vero
993 3900 1201 3962 dicens,
1234 3896 1505 3968 Resurget,
1544 3897 1776 3951 medium
1810 3906 1890 3950 te-

304 3996 422 4048 nuit
459 3993 698 4059 modum,
741 4003 796 4048 et
843 4008 938 4061 per
963 3991 1239 4060 sequentia
1271 4005 1332 4044 ea
1359 4006 1479 4059 quae
1506 3989 1616 4043 dixi
1644 3989 1889 4043 subindi-

302 4087 464 4141 cavit.
499 4085 720 4141 Dicente
745 4085 888 4139 enim
919 4084 1030 4145 illa,
1058 4084 1146 4138 24.
1176 4083 1296 4138 Scio
1322 4085 1439 4150 quia
1467 4090 1692 4151 resurget
1719 4081 1769 4135 in
1801 4095 1894 4135 no-

303 4179 506 4232 tissimo
532 4177 632 4237 die.
679 4176 879 4231 clarius
910 4190 1061 4230 suam
1092 4173 1329 4228 ostendit
1367 4172 1765 4235 auctoritatem,
1809 4170 1890 4224 di-

305 4284 454 4336 cens,
483 4269 574 4324 εδ.
607 4267 717 4339 Ego
744 4285 857 4322 sunt
890 4267 1186 4320 resurrectio
1216 4274 1264 4318 et
1295 4264 1434 4327 vita;
1462 4272 1891 4318 commonstrans

305 4374 365 4416 se
393 4375 497 4414 non
526 4356 968 4414 alterins'auxilio
1003 4369 1181 4425 egere,
1218 4353 1480 4423 siquidem
1513 4352 1628 4421 ipse
1655 4353 1762 4405 vita
1788 4360 1888 4406 est.

307 4449 458 4517 Quod
485 4449 528 4502 si
569 4448 786 4502 alterius
829 4454 1011 4516 egeret
1054 4458 1239 4514 opera,
1289 4441 1560 4510 quomodo
1597 4442 1709 4510 ipse
1737 4441 1894 4496 fuerit

311 4537 637 4591 resurrectio
678 4545 734 4589 ct
778 4533 926 4588 vita?
973 4533 1078 4589 Sed
1128 4547 1233 4585 non
1277 4540 1381 4585 tam
1408 4531 1552 4585 clare
1576 4530 1731 4593 dixit,
1769 4530 1895 4585 sub-

313 4627 564 4680 intlicavit
614 4635 812 4680 tamen.
860 4625 1093 4678 Rursum
1139 4623 1227 4676 illa
1272 4621 1504 4685 dicente,
1560 4621 1895 4688 Quaecumque

314 4718 620 4785 poposceris,
671 4716 759 4771 ille
803 4715 1058 4784 reponit:
1108 4713 1208 4779 Qui
1254 4713 1413 4767 credit
1452 4713 1506 4766 in
1549 4728 1647 4776 me,
1700 4711 1892 4765 etiamsi

315 4815 540 4860 mortuus
571 4806 722 4874 ﬁerit,
752 4805 876 4858 vivet
899 4820 917 4867 ;
945 4803 1239 4858 ostendens
1266 4817 1325 4856 se
1351 4803 1612 4856 bonorum
1654 4800 1893 4855 datorem

314 4915 458 4965 csse,
484 4909 538 4954 et
563 4913 590 4952 τι
620 4913 679 4953 se
703 4897 988 4969 petendum
1016 4910 1154 4950 esse.
1184 4894 1275 4949 26.
1311 4893 1376 4947 Et
1418 4895 1580 4947 omnis
1618 4893 1703 4962 qui
1747 4892 1892 4954 vivit,

313 5000 363 5044 et
407 4990 568 5043 credit
595 4987 648 5041 in
678 5005 774 5051 me,
823 5004 922 5040 non
952 4987 1190 5039 morietur
1219 4987 1271 5038 in
1297 4994 1562 5038 wteruunt.
1596 4982 1732 5036 Vide
1757 4997 1894 5050 quo-

318 5081 480 5135 modo
516 5089 747 5134 mentem
776 5079 892 5146 ejus
921 5079 1109 5146 erigat.
1138 5077 1250 5130 Non
1279 5077 1423 5130 enim
1457 5085 1663 5128 tantum
1699 5087 1896 5142 quiera-

316 5171 470 5225 batur
501 5169 822 5224 resurrectio
858 5167 1066 5231 Lazari,
1099 5168 1192 5222 sed
1240 5166 1522 5236 oportebat
1562 5174 1616 5219 et
1648 5165 1804 5228 hanc,
1844 5172 1898 5218 et

315 5263 402 5330 qui
443 5269 732 5330 pra-sentes
779 5275 898 5313 cum
942 5259 1027 5312 illa
1079 5268 1254 5323 erant,
1312 5257 1761 5312 resurrectionem
1785 5255 1899 5310 edi-

318 5367 489 5406 scere.
519 5351 806 5419 Propterea
833 5357 1118 5417 antequam
1149 5349 1372 5401 suscitet
1401 5361 1544 5409 eum,
1576 5345 1756 5399 verbis
1784 5344 1899 5413 phi-

320 5442 648 5511 Iosophatur.
684 5440 834 5506 Quod
877 5440 920 5493 si
949 5439 1276 5492 resurrectio
1301 5437 1370 5491 sit
1400 5445 1451 5491 et
1473 5437 1604 5501 vita,
1649 5451 1752 5490 non
1782 5436 1899 5488 loco

319 5530 796 5594 circumscribitur,
841 5528 933 5583 sed
981 5528 1175 5598 ubique
1216 5542 1406 5581 sanare
1451 5536 1644 5595 potesr.
1690 5525 1743 5580 Si
1774 5541 1900 5579 vero

317 5623 578 5677 dixissent
626 5630 684 5674 ιιι
729 5620 994 5684 centurio,
1044 5619 1138 5671 Dic
1181 5618 1325 5672 verba
1374 5628 1418 5671 et
1466 5616 1728 5670 sanabitur
1777 5632 1900 5684 puer

319 5733 456 5767 meus
503 5711 716 5781 (Matth.
747 5712 799 5765 8.
826 5711 878 5780 8)
905 5752 919 5775 ,
965 5710 1015 5763 id
1042 5710 1280 5778 profecto
1310 5709 1520 5763 fecisset
1547 5726 1560 5760 ε
1595 5708 1718 5776 quia
1768 5721 1898 5761 vero

321 5808 463 5861 illum
494 5805 557 5859 ad
595 5820 652 5858 se
681 5804 935 5858 vocabant
960 5844 972 5868 ,
1022 5810 1073 5856 ct
1121 5810 1175 5855 ut
1205 5803 1406 5856 veniret
1447 5801 1733 5870 rogabant,
1778 5797 1895 5854 ideo

1345 420 1404 474 IN
1447 413 1756 473 ,ΙϋᾹΝΧΕΜ
1801 411 2022 467 ιιυλιιιη
2071 409 2220 464 LXIl.
2266 413 2334 466 al.
2379 411 2510 466 l.\l.

3472 418 3573 474 ὅίϐ

1987 530 2395 598 obtemperavit,
2448 539 2503 581 ut
2546 529 2662 582 illas
2703 541 2730 580 a
2781 536 2886 581 tam
2932 530 3145 594 lnnuili,
3196 547 3355 600 quam
3404 532 3470 586 de
3513 551 3573 588 se

1987 620 2272 684 habebant,
2322 619 2573 683 Opinione
2619 618 2947 683 retraheret,
2996 628 3049 671 et
3078 619 3142 672 ad
3174 621 3346 674 locum
3383 625 3527 677 venit
3561 642 3575 676 :

1986 719 2039 766 et
2069 719 2246 764 tamen
2287 710 2411 763 dum
2457 724 2576 764 sese
2615 718 2964 778 attemperat.
3014 710 3247 765 ostendit
3293 729 3448 780 posse
3494 731 3576 779 se,

1945 849 1948 854 .
1985 802 2145 857 etiam
2166 801 2291 855 dum
2315 801 2512 854 absens
2539 809 2642 865 est,
2670 815 2895 864 sanare;
2928 800 3048 854 ideo
3077 801 3270 856 tardat.
3293 802 3405 858 Non
3431 807 3576 862 eititu

1989 894 2199 964 vulgata
2248 893 2432 948 fuisset
2463 894 2631 963 gratia
2662 905 2887 961 repente
2916 896 3136 962 collata,
3180 897 3280 951 nisi
3329 896 3576 956 fmtorem

1987 985 2273 1038 emisisset.
2307 984 2376 1038 Et
2417 984 2559 1038 unde
2589 985 2793 1038 sciebat
2827 985 3017 1040 mulier
3058 989 3287 1041 futuram
3334 1004 3580 1046 resurre-

1987 1076 2264 1131 ctionem?
2305 1077 2560 1132 Audierat
2588 1076 2860 1133 Christum
2894 1079 3055 1132 multa
3086 1079 3152 1133 de
3183 1083 3582 1138 resurrectione

1989 1166 2320 1235 loquentem,
2351 1169 2446 1222 sed
2480 1184 2622 1224 nunc
2652 1169 2836 1224 videre
2866 1169 3150 1241 eupiebrt;
3206 1184 3261 1226 et
3290 1172 3410 1227 vide
3442 1189 3580 1243 quo-

1988 1259 2148 1313 modo
2177 1260 2350 1313 adhuc
2379 1260 2524 1314 humi
2557 1269 2823 1316 versetur.
2845 1260 2977 1315 Cum
3007 1263 3246 1316 audisset
3272 1266 3438 1329 enim,
3471 1264 3582 1335 Ego

1987 1366 2098 1402 sum
2125 1352 2424 1404 resurrectio
2445 1360 2490 1404 et
2518 1351 2640 1418 vita,
2667 1366 2774 1406 non
2803 1354 3097 1422 rcSpondit.
3124 1353 3400 1409 Resnscita
3423 1350 3578 1418 cuin;

1987 1439 2081 1492 sed
2113 1439 2282 1508 quid?
2309 1439 2470 1494 Credo
2497 1442 2614 1510 quia
2646 1452 2699 1494 tu
2728 1459 2779 1496 es
2808 1441 3040 1498 Christus
3075 1441 3240 1498 Filius
3271 1443 3383 1497 Dei.
3441 1446 3582 1513 Quid

1987 1545 2117 1600 ergo
2147 1529 2391 1586 Christus
2419 1532 2492 1585 illi
2516 1532 2647 1587 1'25.
2676 1533 2854 1587 Omnis
2881 1535 2968 1604 qui
2996 1534 3153 1587 credit
3181 1536 3232 1587 in
3263 1552 3359 1601 me,
3388 1537 3583 1592 etiamsi

1989 1632 2216 1674 mortuus
2246 1622 2421 1691 fuerit,
2456 1624 2579 1676 vivet
2605 1664 2618 1687 ,
2651 1624 2696 1678 si
2740 1623 2839 1678 hac
2889 1640 3080 1694 nempe
3113 1636 3286 1680 morte
3332 1639 3577 1683 mortuus

1989 1712 2179 1778 fuerit;
2218 1713 2308 1767 26.
2337 1724 2385 1767 et
2426 1716 2590 1769 omnis
2616 1715 2701 1786 qui
2731 1717 2848 1770 vivit
2875 1726 2921 1770 et
2946 1718 3104 1770 credit
3130 1718 3181 1770 in
3215 1734 3313 1781 me,
3344 1735 3444 1772 non
3473 1737 3584 1773 mo-

1987 1804 2168 1868 rietur,
2195 1803 2280 1856 illa
2311 1803 2553 1859 videlicet
2579 1814 2772 1860 morte.
2792 1804 2926 1860 Cum
2952 1807 3112 1876 igitur
3139 1822 3238 1877 ego
3267 1809 3368 1863 sim
3405 1825 3584 1864 resur-

1992 1894 2182 1956 rectio,
2213 1909 2279 1948 ne
2312 1895 2541 1949 turberis
2564 1895 2607 1949 si
2628 1895 2739 1964 jam
2764 1906 3006 1951 mortuus
3036 1895 3226 1962 fuerit,
3277 1899 3371 1953 sed
3398 1900 3578 1956 crede.

1991 1981 2116 2036 [hec
2147 1985 2291 2037 eitim
2336 1998 2441 2037 non
2488 1999 2635 2038 mors
2681 1995 2783 2040 est.
2831 1986 3048 2042 Interim
3090 1987 3234 2042 illam
3280 1988 3347 2044 de
3387 1999 3582 2045 eventu

1988 2073 2293 2129 consolatus
2321 2083 2423 2141 est,
2445 2089 2705 2145 spemque
2733 2075 2948 2145 adjecit,
2971 2086 3082 2132 tum
3109 2078 3294 2135 dicens
3313 2096 3436 2134 eum
3462 2094 3583 2135 esse

1989 2173 2442 2232 resurrecturum,
2493 2175 2604 2220 tum
2637 2168 2753 2222 haec
2781 2167 3080 2236 proferens,
3135 2169 3246 2241 Ego
3271 2187 3384 2224 sunt
3411 2188 3582 2224 resur-

1989 2257 2144 2310 rectio
2167 2273 2186 2321 ;
2214 2264 2322 2309 tum
2350 2256 2512 2311 etiam
2547 2258 2686 2326 quia,
2733 2258 2778 2312 si
2808 2269 3054 2328 resurgat
3083 2269 3138 2315 et
3159 2261 3351 2315 iterum
3382 2263 3583 2316 moria-

1991 2355 2096 2410 tur,
2127 2345 2254 2400 nihil
2279 2346 2401 2400 mali
2434 2361 2690 2416 passurus
2717 2348 2808 2403 sit.
2842 2347 3025 2419 Itaque
3052 2364 3158 2404 non
3191 2359 3275 2406 est
3303 2350 3415 2405 hrec
3438 2366 3586 2406 mors

1992 2435 2361 2502 formidanda;
2389 2437 2490 2493 hoc
2519 2448 2621 2502 est,
2650 2439 2834 2510 Neque
2855 2440 2966 2509 ipse
2995 2451 3239 2496 mortuus
3270 2453 3374 2507 est,
3409 2457 3585 2513 neque

1991 2541 2086 2581 νινε
2111 2529 2433 2582 moriemini.
2462 2527 2637 2584 Credis
2667 2531 2803 2585 hoc?
2830 2531 2912 2584 Ait
2939 2530 3032 2585 illa
3062 2548 3080 2585 :
3112 2531 3273 2586 Credo
3309 2533 3429 2603 quia
3457 2546 3508 2587 tu
3533 2551 3585 2588 es

1992 2615 2224 2672 Christus
2269 2617 2435 2673 Filius
2480 2619 2595 2686 Dei,
2642 2621 2728 2689 qui
2755 2621 2807 2674 in
2839 2620 3083 2674 mundum
3115 2623 3313 2676 venisti.
3364 2622 3586 2678 Videtur

1993 2707 2186 2792 mulier
2227 2709 2427 2764 Christi
2470 2709 2672 2764 dictum
2719 2725 2824 2765 non
2874 2711 3228 2768 intellexisse.
3260 2711 3587 2769 Novitcerte

1993 2815 2245 2870 magnum
2272 2816 2392 2857 esse
2432 2802 2727 2872 quidpiam,
2775 2802 2870 2858 sed
2917 2811 3088 2858 totum
3143 2821 3248 2858 non
3299 2805 3582 2860 intellexit.

1994 2893 2119 2948 Ideo
2146 2892 2214 2948 de
2241 2893 2339 2947 alia
2369 2909 2427 2950 re
2456 2895 2803 2964 interrogata,
2827 2895 2893 2950 de
2911 2895 3014 2949 alia
3039 2897 3355 2964 reSpondet.
3386 2897 3438 2951 ld
3458 2913 3588 2952 vero

1995 2983 2206 3039 interim
2239 2985 2440 3038 lucrata
2474 2994 2578 3051 est,
2609 2985 2749 3056 quod
2779 2985 2979 3040 luctum
3013 2996 3261 3058 poneret.
3297 2987 3420 3043 llme
3439 2990 3588 3058 quip-

1995 3093 2060 3147 pe
2091 3079 2260 3132 virtus
2305 3089 2391 3133 est
2420 3078 2710 3134 verborum
2749 3080 2972 3135 Christi.
3028 3080 3153 3136 Ideo
3183 3081 3268 3135 illa
3298 3083 3585 3150 prtevenit,

1995 3169 2109 3224 haec
2158 3179 2383 3241 sequuta
2436 3181 2540 3226 est.
2614 3171 2746 3226 Nam
2814 3171 3193 3227 benevolentia
3254 3187 3380 3242 erga
3422 3173 3590 3243 magi-

1994 3273 2166 3315 strum
2215 3277 2273 3318 re
2318 3263 2568 3333 prmsenti
2614 3278 2720 3317 non
2754 3263 2980 3318 multum
3025 3261 3161 3317 affici
3214 3264 3578 3332 permittebat.

1994 3352 2177 3422 Itaque
2227 3368 2347 3408 cum
2393 3353 2561 3422 gratia
2611 3368 2766 3408 mens
2813 3367 3030 3422 quoque
3079 3351 3363 3408 mulierum
3411 3353 3590 3426 philo-

1994 3443 2342 3513 sophabatur.

2069 3537 2123 3589 4.
2162 3533 2437 3588 Mulierum
2467 3535 2700 3605 planctus
2726 3543 2774 3588 et
2808 3538 2974 3589 luctus
2998 3534 3342 3592 immodestus.
3386 3567 3457 3577 -—
3484 3536 3592 3593 Ve-

1995 3643 2113 3683 rum
2142 3643 2284 3682 nunc
2310 3669 2326 3694 ,
2353 3637 2550 3697 prmter
2593 3629 2694 3684 alia
2743 3628 2879 3684 mala
2901 3670 2916 3693 ,
2946 3627 3032 3683 hic
3062 3643 3276 3699 quoque
3304 3630 3588 3685 mulierum

1997 3720 2214 3774 morbus
2257 3719 2485 3775 obtinet.
2538 3719 2670 3775 Nam
2714 3721 2767 3775 in
2816 3721 2963 3775 luctu
3007 3728 3062 3775 et
3099 3722 3315 3791 planctu
3352 3730 3587 3775 ostenta-

1999 3816 2196 3870 tionem
2226 3815 2497 3881 affectant,
2523 3815 2740 3870 brachia
2766 3815 2968 3869 nudant
2989 3815 3031 3876 ⁸.
3058 3815 3237 3869 crines
3254 3814 3584 3883 discerpunt,

1996 3923 2160 3978 genas
2191 3907 2428 3970 laniant;
2457 3907 2576 3962 alia:
2599 3907 2670 3962 ob
2699 3905 2938 3962 dolorem
2964 3923 2979 3971 ;
3012 3905 3131 3960 alia:
3164 3905 3230 3959 ad
3270 3907 3588 3960 ostentatio-

1997 4015 2143 4064 nem;
2169 3999 2287 4054 alite
2312 3998 2582 4067 impudico
2609 3998 2789 4052 animo
2818 3997 3034 4052 brachia
3065 3995 3305 4060 nudant,
3337 3998 3468 4050 viris
3507 3998 3592 4049 in-

1998 4091 2295 4146 tuentibus.
2321 4090 2457 4158 Quid
2487 4091 2618 4145 facis
2642 4131 2657 4153 ,
2690 4105 2723 4144 ο
2750 4089 2984 4144 mulier?
3035 4089 3110 4145 Te
3149 4090 3202 4144 in
3249 4089 3426 4144 medio
3473 4087 3592 4142 foro

2000 4182 2227 4251 turpiter
2252 4180 2452 4245 nudas,
2487 4195 2605 4250 qua:
2633 4179 2832 4233 Christi
2865 4180 3168 4234 membrum
3218 4193 3278 4234 es
3303 4219 3318 4244 ,
3350 4179 3506 4248 idque
3537 4179 3589 4231 in

1998 4273 2116 4328 foro
2143 4273 2272 4326 viris
2307 4270 2704 4340 praesentibus?
2733 4269 2921 4325 Crines
2965 4270 3184 4324 vellicas
3207 4309 3222 4336 ,
3273 4280 3474 4323 vestem
3511 4269 3592 4322 di-

1998 4364 2218 4430 scindis,
2243 4378 2465 4433 magnos
2491 4363 2719 4432 cjulatus
2744 4362 2966 4428 emittis,
2987 4361 3237 4416 choream
3257 4363 3458 4415 circum
3478 4361 3592 4415 efti-

1999 4459 2105 4524 cis,
2138 4466 2192 4513 et
2229 4456 2531 4511 mzenadum
2576 4455 2787 4510 illarum
2830 4454 3116 4524 imaginem
3153 4467 3339 4509 servas
3364 4493 3380 4517 ,
3416 4467 3512 4506 nec
3541 4462 3592 4506 te

2002 4557 2158 4619 putas
2202 4548 2367 4603 Deum
2416 4545 2734 4602 offendere?
2781 4545 2910 4612 Qum
2948 4546 3036 4600 illa
3099 4545 3348 4600 insania?
3398 4546 3590 4600 Annon

1999 4639 2224 4710 gentiles
2263 4637 2773 4694 ridebunt?Annon
2808 4635 3011 4690 fabulas
3056 4647 3239 4690 nostra
3283 4651 3400 4690 esse
3442 4647 3593 4704 puta-

2001 4733 2130 4786 bunt
2155 4729 2179 4769 ν
2209 4729 2397 4783 Dicent
2421 4729 2585 4794 enim,
2613 4728 2766 4782 Nulla
2803 4736 2885 4782 est
2915 4728 3275 4792 resurrectio;
3309 4727 3402 4782 sed
3431 4727 3591 4783 Chri-

2001 4824 2296 4878 Stianorum
2327 4819 2576 4889 dogmata
2610 4819 2832 4873 ridicula
2866 4825 3030 4886 sunt,
3062 4817 3276 4873 fraudes
3298 4860 3313 4882 ,
3349 4819 3592 4874 ΐειιΙτιρίειι.

2003 4915 2082 4968 Ac
2107 4913 2149 4966 si
2177 4911 2318 4966 enim
2351 4911 2481 4965 nihil
2511 4922 2631 4980 post
2660 4911 2797 4965 hanc
2821 4911 2980 4964 vitam
3009 4911 3244 4979 supersit
3268 4950 3284 4974 ,
3310 4911 3379 4964 ita
3414 4910 3599 4980 lugent

2001 5004 2140 5074 apud
2182 5003 2301 5057 illos
2337 5001 2624 5066 mulieres;
2673 5001 2805 5056 nihil
2832 5001 3116 5055 attendunt
3141 5001 3430 5071 Scripturis
3459 5003 3592 5058 suis.

2004 5097 2280 5164 Figmenta
2316 5104 2440 5147 sunt
2483 5094 2569 5148 illa
2597 5093 2776 5147 omnia
2807 5133 2822 5156 ,
2854 5103 2912 5146 ut
2955 5091 3086 5161 ipsa:
3109 5092 3484 5162 comprobant.
3537 5093 3594 5146 Si

2003 5189 2146 5244 enim
2175 5187 2454 5243 crederent
2479 5201 2600 5240 eum
2629 5186 2717 5254 qui
2746 5193 2990 5238 mortuus
3013 5193 3132 5250 est,
3155 5200 3262 5239 non
3289 5199 3416 5239 vere
3447 5199 3595 5238 mor-

2006 5293 2152 5335 tuum
2180 5294 2300 5335 esse
2326 5320 2340 5341 ,
2373 5277 2466 5333 sed
2505 5277 2570 5332 ad
2603 5277 2881 5331 meliorem
2910 5275 3069 5330 vitam
3101 5277 3416 5330 translatum
3443 5293 3457 5341 ;
3489 5293 3595 5331 non

2005 5374 2156 5429 illum
2183 5373 2333 5443 quasi
2365 5372 2474 5442 jam
2502 5372 2640 5425 ultra
2671 5386 2776 5424 non
2805 5378 2948 5424 esset
2978 5370 3257 5440 lugerent,
3297 5385 3401 5423 non
3441 5372 3509 5423 ita
3539 5385 3598 5422 se

2007 5473 2364 5530 macerarent,
2395 5478 2499 5517 non
2533 5463 2652 5517 illas
2691 5462 2999 5516 emitterent
3028 5476 3184 5516 voces
3214 5460 3600 5516 incredulitatis

2071 5620 2086 5651 ³
2125 5617 2216 5668 Alii
2242 5620 2441 5682 habent,
2471 5625 2738 5682 m‘ncntant,
2768 5632 2874 5682 pro,
2892 5619 3093 5682 nudmit.
3121 5625 3249 5667 litore
3277 5633 3456 5682 nempe
3474 5631 3599 5678 gon-

2006 5680 2184 5743 t_ilium,
2209 5681 2292 5742 qui
2329 5682 2543 5742 pradicas
2577 5682 2624 5727 in
2659 5680 3185 5743 l'unerainducebant,
3212 5680 3416 5743 quarum
3449 5683 3599 5729 otliua

2005 5741 2247 5852 descripta
2286 5749 2398 5792 sunt
2444 5751 2590 5792 'tomo
2630 5744 2798 5803 quinto
2831 5741 3143 5804 Antiquitatis
3187 5741 3458 5807 eiplauata:
3511 5744 3604 5792 sub

2012 5817 2074 5852 un
2104 5817 2217 5852 inin.

2012 5817 2217 5854 ιιιιιιιῑιιι.
