4088 6510
179 450 282 503 διε)

1222 434 1284 487 IN
1324 430 1633 486 JUANNEM
1675 428 1901 484 IIOSIIL.
1947 428 2129 483 LXIII.
2171 430 2240 485 al.
2284 430 2439 486 LXII.

3379 439 3489 497 350

168 543 3487 671 ψ

183 793 310 848 (In.
344 793 435 847 11.
465 808 515 845 v.
547 793 634 846 30.
696 790 939 843 Nondum
976 795 1144 839 autem
1186 792 1383 835 verterat
1412 779 1564 831 Jesus
1606 779 1654 829 in
1687 791 1775 827 ro-

255 885 487 950 stellum,
528 884 615 937 sed
646 890 752 933 erat
766 882 816 932 in
852 879 979 939 loco,
1018 878 1102 929 ubi
1124 875 1339 929 occurrit
1368 874 1412 925 ei
1445 869 1766 923 Marllmﬁl.

252 975 431 1029 Juda'i
458 985 624 1028 autmt
645 1016 658 1033 ,
688 958 933 1041 quierant
962 986 1073 1023 cum
1106 969 1227 1032 illa,
1260 976 1364 1020 ctc.

256 1069 306 1121 I.
344 1066 649 1120 Diuitiarum
675 1073 988 1132 contemptus
1024 1063 1173 1113 etiam
1195 1059 1248 1111 in
1278 1064 1373 1108 hoc
1403 1056 1504 1107 vita
1536 1052 1771 1152 utilis:—

187 1161 433 1229 Magnum
492 1160 685 1216 bonum
716 1166 794 1209 cst
847 1153 1176 1245 philosophia
1204 1146 1637 1245 {philos-orthium
1685 1143 1767 1196 di-

185 1264 249 1299 ro
279 1260 516 1303 nostram
541 1291 556 1313 ,
589 1263 692 1300 non
742 1255 1039 1301 externam.
1070 1242 1298 1298 Gcntilis
1337 1240 1477 1337 enim
1524 1236 1766 1337 philuso:

181 1337 299 1405 phia
353 1337 514 1390 verba
541 1347 595 1389 et
634 1335 826 1389 fabula:
868 1342 1032 1387 sunt:
1084 1331 1376 1399 tabulasque
1406 1324 1765 1429 “nonnihil-ad

178 1427 571 1497 philusnphiam
595 1429 881 1497 ptirtinent.
907 1423 1093 1479 Omnia
1117 1423 1316 1492 quippe
1341 1418 1480 1519 apud
1507 1418 1627 1519 illos
1652 1416 1763 1519 glo-

178 1519 269 1571 rize
307 1534 471 1572 causa
504 1520 650 1571 Iiunt.
688 1517 933 1588 Magnum
969 1520 1143 1585 itaque
1183 1514 1379 1567 bonum
1433 1507 1763 1580 philosophia

176 1619 253 1662 est
283 1648 297 1670 ,
332 1625 453 1677 quae
498 1608 649 1661 nobis
688 1608 768 1662 vel
804 1608 854 1661 in
900 1607 998 1660 hac
1028 1606 1130 1658 vita
1163 1604 1330 1657 vicem
1371 1616 1521 1654 suam
1568 1598 1760 1654 reddit.

175 1698 306 1753 Nam
328 1700 417 1769 qui
442 1698 653 1752 divitias
674 1697 994 1761 contemnit,
1022 1694 1130 1765 jam
1160 1696 1245 1749 hic
1271 1694 1551 1747 utilitatem
1575 1692 1761 1745 decer-

176 1789 269 1858 pit,
294 1790 581 1859 superﬂuis
601 1789 978 1859 inutilibusque
997 1788 1141 1843 curis
1168 1801 1383 1841 vacuus.
1410 1785 1509 1851 Qui
1531 1784 1756 1854 gloriam

172 1882 375 1941 calcat,
407 1881 519 1948 jam
553 1879 639 1936 hic
685 1880 985 1934 mercedem
1017 1893 1166 1933 suam
1212 1876 1438 1946 recipit,
1470 1891 1589 1929 cum
1636 1875 1756 1927 nul-

173 1973 271 2025 lius
300 1974 371 2025 sit
398 1989 619 2038 servus,
658 1973 748 2028 sed
780 1988 901 2027 vera
932 1972 1169 2026 libertate
1201 1971 1351 2024 liber.
1382 1970 1485 2036 Qtti
1519 1968 1754 2023 ea-lestia

174 2064 471 2129 desiderat,
499 2065 583 2118 hic
602 2066 877 2133 praemium
896 2064 1108 2133 accipit,
1137 2078 1257 2119 cum
1276 2061 1556 2133 praesentia
1578 2060 1754 2112 omnia

172 2155 298 2209 nihil
329 2170 452 2207 esse
479 2156 783 2219 existimet,
814 2165 867 2210 et
896 2154 1137 2209 dolorem
1168 2167 1380 2207 omnem
1412 2151 1562 2204 facile
1591 2163 1754 2215 supe-

173 2256 268 2299 ret.
306 2246 383 2299 En
419 2247 578 2316 igitur
626 2249 903 2301 mulierem
958 2244 1458 2316 philosophantem,
1505 2257 1623 2312 qua:
1669 2241 1753 2294 hic

171 2336 471 2390 mercedem
515 2351 663 2390 suam
713 2337 936 2406 accepit.
974 2334 1105 2390 Cum
1137 2336 1277 2388 enim
1310 2333 1507 2402 lugenti
1536 2341 1586 2386 et
1615 2346 1750 2384 tum-

170 2427 301 2479 renti
348 2441 541 2479 omnes
586 2427 915 2491 assiderent,
962 2441 1065 2480 non
1114 2423 1441 2493 exspectavit
1470 2422 1535 2474 ad
1567 2436 1623 2474 se
1663 2436 1753 2473 ve-

170 2517 401 2571 nientem
431 2518 734 2587 Magistrum
756 2559 771 2583 ,
810 2533 980 2587 neque
1010 2518 1319 2588 dignitatem
1354 2514 1591 2570 servavit
1614 2556 1627 2575 ,
1660 2529 1752 2567 ne-

168 2624 267 2676 que
297 2611 439 2661 luctu
471 2610 683 2662 detenta
730 2608 843 2663 fuit.
885 2608 1017 2663 Nam
1050 2618 1243 2677 praeter
1271 2608 1407 2662 hanc
1437 2606 1705 2660 miseriam
1731 2646 1744 2667 ,

167 2712 281 2764 qua:
315 2699 533 2768 lugent,
566 2698 664 2753 hoe
704 2700 889 2754 inorbo
921 2700 1163 2754 laborant
1193 2698 1332 2767 quod
1363 2697 1526 2752 velint
1552 2711 1583 2749 a
1614 2712 1749 2765 prae-

168 2776 406 2841 sentibus
436 2789 489 2842 in
538 2790 738 2843 honore
782 2790 983 2844 haberi.
1029 2789 1194 2844 Secus
1224 2788 1308 2841 illa
1330 2829 1346 2853 ,
1380 2786 1556 2841 statim
1590 2796 1750 2856 atque

167 2880 358 2933 audivit
382 2923 397 2945 ,
431 2882 540 2934 cito
566 2882 709 2934 venit
734 2883 801 2935 ad
832 2883 999 2935 illum.
1031 2882 1187 2935 Jesus
1224 2891 1400 2935 autem
1430 2880 1664 2934 nondum
1698 2880 1747 2933 in

170 2971 334 3021 vicum
364 2971 676 3024 advenerat.
710 2972 877 3025 Lento
904 2972 1046 3026 enim
1074 2971 1241 3040 gradu
1270 2972 1516 3025 veniebat
1540 3014 1552 3034 ,
1587 2987 1652 3025 ne
1682 2972 1745 3023 ad

168 3058 369 3127 signum
416 3059 680 3114 cdt-mlunt
729 3076 1012 3117 accurrere
1052 3062 1356 3122 videretur,
1390 3061 1484 3115 sed
1534 3070 1747 3130 rogatus

170 3152 364 3206 venire.
402 3152 495 3207 Vel
526 3156 623 3206 hoc
649 3155 984 3209 suhindicare
1011 3155 1123 3208 vult
1151 3156 1476 3223 evangelista
1507 3170 1624 3206 cum
1647 3155 1742 3217 ait,

168 3244 270 3296 cito
306 3246 606 3299 surrexisse
648 3247 788 3299 illaut
815 3265 829 3310 ;
862 3249 941 3302 vel
972 3248 1208 3302 declarat
1239 3249 1306 3301 ita
1339 3248 1656 3310 accurrisse,
1692 3256 1747 3300 ιιι

172 3334 459 3389 adventum
505 3340 621 3402 ejus
667 3347 1031 3406 prteverteret.
1068 3338 1220 3391 Venit
1250 3349 1424 3392 autem
1459 3353 1561 3391 non
1592 3338 1700 3391 sola
1730 3378 1743 3399 ,

168 3422 255 3475 sed
277 3440 398 3477 cum
419 3424 622 3480 Judzeis
646 3428 735 3495 qui
766 3427 909 3481 domi
935 3438 1104 3482 erant.
1138 3429 1203 3482 Et
1235 3443 1485 3497 perquam
1518 3427 1745 3495 pruden-

169 3522 245 3564 ter
265 3512 311 3567 ei
337 3529 495 3567 soror
515 3516 649 3568 clatu
681 3516 910 3584 Magistri
944 3520 1229 3573 adventum
1285 3518 1603 3588 signiﬁcavit
1623 3559 1636 3581 ,
1679 3533 1745 3573 ne

166 3611 359 3657 cretum
388 3606 631 3659 turbaret
658 3625 670 3659 :
704 3622 875 3676 neque
896 3609 1143 3679 surgendi
1172 3625 1385 3664 causam
1409 3611 1540 3663 dixit
1566 3628 1578 3662 :
1610 3610 1743 3663 alio-

165 3693 288 3760 quin
336 3696 488 3748 multi
536 3700 900 3753 recessissent.
949 3700 1096 3757 Nunc
1143 3710 1320 3755 autem
1366 3702 1508 3755 illam
1556 3718 1741 3755 omnes

168 3784 312 3848 tluasi
340 3785 404 3838 ad
438 3785 638 3839 luctum
690 3790 1113 3856 proﬁciscentem
1146 3802 1439 3859 sequuntur
1468 3810 1480 3846 :
1522 3803 1573 3846 ct
1607 3791 1743 3847 forte

169 3870 289 3926 hinc
314 3875 475 3928 etiam
501 3882 766 3931 mortuum
795 3879 955 3932 fuisse
977 3879 1235 3935 Lazarum
1260 3882 1620 3937 confirmatur.
1650 3884 1739 3939 '52.

170 3961 233 4013 Et
260 3965 480 4032 procidit
503 3966 573 4017 ad
593 3967 742 4034 pedes
765 3970 896 4037 ejus.
930 3969 1239 4025 Ferventior
1266 3972 1379 4026 haec
1404 3984 1516 4026 erat
1537 4014 1550 4037 ,
1584 3990 1741 4043 quam

167 4066 316 4107 soror
336 4056 471 4123 ejus.
497 4056 612 4109 Non
639 4058 845 4111 turbam
872 4062 1096 4113 reverita
1120 4071 1222 4126 est,
1254 4079 1357 4115 non
1381 4067 1740 4133 suspicionem

168 4161 320 4213 quam
342 4151 482 4202 circa
508 4148 652 4201 illum
678 4150 942 4205 habebant
972 4153 1151 4221 (Multi
1176 4155 1316 4209 enim
1348 4157 1442 4224 ipsi
1466 4168 1615 4210 erant
1639 4159 1741 4212 iui-

170 4235 286 4290 mici
308 4238 394 4303 qui
426 4238 711 4292 dieehant:
746 4239 867 4294 Non
890 4253 1083 4310 poterat
1106 4244 1208 4311 hic,
1244 4247 1331 4315 qui
1350 4249 1548 4317 aperuit
1570 4251 1740 4302 oculos

169 4326 282 4376 ccci
310 4327 436 4393 nati,
469 4330 635 4398 facere
656 4339 711 4382 ut
732 4330 813 4383 hic
839 4349 939 4385 non
970 4346 1247 4389 moreretur
1270 4335 1460 4407 (Joan.
1484 4342 1569 4393 ll.
1596 4341 1661 4395 37
1686 4342 1741 4409 )‘i

168 4412 265 4465 Sed
309 4428 573 4482 prasente
616 4418 863 4489 Magistro
913 4422 1196 4479 humanam
1236 4442 1449 4482 omnem
1483 4432 1741 4487 rationem

171 4506 369 4572 expulit
388 4547 401 4570 ,
436 4525 706 4577 unumque
731 4514 946 4568 curabat
974 4514 1203 4586 Magistri
1231 4518 1507 4576 hoaorem.
1535 4523 1599 4578 Et
1618 4527 1743 4595 quid

170 4593 332 4651 dicit?
357 4600 582 4654 Domine
601 4642 615 4664 ,
643 4604 687 4656 si
726 4604 904 4670 fuisses
930 4606 1040 4669 hic,
1085 4612 1244 4680 frater
1271 4628 1409 4666 meus
1440 4631 1539 4668 non
1569 4619 1745 4686 fuisset

176 4698 394 4745 mortuus
414 4691 580 4761 (Ibid.
605 4709 651 4745 υ.
681 4694 743 4747 2|
758 4697 796 4764 ).
816 4697 948 4764 Quid
968 4715 1095 4753 vero
1112 4694 1353 4759 Christus
1372 4706 1393 4759 ?
1414 4706 1551 4762 Nihil
1575 4712 1747 4767 adhuc

172 4790 285 4830 cum
317 4778 401 4833 illa
435 4782 692 4850 loquitur,
727 4801 896 4855 neque
923 4789 1053 4842 dixit
1081 4792 1268 4847 eadem
1314 4811 1432 4863 quae
1460 4799 1628 4851 sorori
1659 4800 1745 4853 di-

174 4878 315 4922 xerat
355 4871 553 4938 (turba
578 4876 775 4944 quippe
813 4879 977 4933 multa
1027 4881 1243 4945 aderat,
1277 4897 1331 4940 et
1363 4902 1465 4940 non
1491 4901 1607 4942 erat
1634 4890 1748 4945 ha-c

179 4958 421 5028 loquendi
450 4970 735 5035 tempus);
767 4969 858 5024 sed
889 4986 947 5025 se
972 4983 1288 5045 attemperat
1308 4993 1369 5031 ac
1393 4980 1629 5049 dimittit,
1662 4993 1744 5037 at-

174 5062 274 5115 que
300 5050 584 5109 humanam
609 5057 707 5111 sibi
738 5071 979 5115 naturam
1007 5078 1126 5120 esse
1154 5068 1455 5136 declarans,
1490 5074 1749 5143 tantisper

178 5138 514 5210 laerytuatur,
539 5155 593 5199 et
618 5149 824 5217 signum
849 5152 1027 5208 dill'ert
1049 5155 1280 5213 interim.
1308 5161 1442 5227 Quia
1466 5165 1607 5217 enim
1637 5182 1749 5219 ma-

176 5241 330 5296 guum
358 5245 475 5289 erat
505 5236 854 5306 miraculum,
885 5252 941 5299 et
986 5246 1142 5316 quale
1190 5265 1310 5307 raro
1349 5251 1581 5321 fecerat,
1613 5244 1750 5313 mul-

180 5319 316 5388 tique
345 5339 439 5393 per
467 5326 595 5381 illud
624 5332 877 5387 credituri
907 5347 1058 5390 erant
1092 5339 1106 5369 ί
1134 5380 1147 5402 ,
1184 5355 1249 5395 ne
1276 5342 1319 5395 si
1351 5345 1502 5399 turba
1530 5319 1750 5403 absente

180 5407 367 5467 factum
394 5426 573 5480 esset,
604 5434 710 5473 non
754 5423 1065 5480 crederetur
1086 5470 1098 5491 ,
1129 5430 1366 5500 nihilque
1396 5435 1500 5489 illis
1528 5438 1747 5505 prodes-

181 5510 289 5565 set,
317 5507 511 5561 tnultos
554 5510 773 5566 attrahit
817 5522 978 5571 testes
1000 5558 1013 5581 ,
1042 5518 1093 5573 in
1126 5520 1227 5576 hoc
1257 5522 1361 5578 illis
1386 5539 1445 5579 se
1488 5536 1750 5599 attempe-

183 5604 334 5660 raus,
364 5611 430 5651 ne
457 5598 695 5669 praedam
737 5606 1027 5662 amitteret.
1060 5608 1355 5667 Humanam
1384 5625 1562 5671 autem
1594 5598 1747 5674 exhi-

187 5678 269 5735 bet
313 5694 555 5741 naturam
588 5706 601 5743 :
639 5690 957 5762 laerytnatur
1004 5700 1145 5754 enim
1190 5712 1244 5756 et
1287 5704 1554 5764 turbatur.
1600 5709 1751 5766 Solet

248 5815 262 5847 '
300 5819 388 5872 Mil
408 5824 609 5882 habent,
634 5841 858 5891 magnum
877 5842 1013 5882 enm!
1040 5836 1225 5888 lucrum
1250 5846 1567 5895 raisectttttri.

485 5926 752 5988 Ριτιιοι.
802 5932 915 5992 Gn.
966 5936 1125 5999 LIX.

1881 782 2076 836 qutppe
2105 768 2300 823 luctum
2334 768 2597 823 humanus
2621 769 2846 828 allectus
2876 786 3142 834 excitare.
3173 779 3379 855 Deinde
3400 786 3485 838 af-

1883 858 2077 910 fectum
2100 860 2396 930 corripiens
2418 861 2584 931 (illud
2611 867 2754 917 enim
2776 906 2789 928 ,
2814 864 3092 931 Infremuit
3113 872 3299 942 spiritu
3320 915 3337 937 ,
3371 874 3477 932 hoc

1879 947 2218 1016 signiﬁcat),
2253 952 2611 1007 turbationem
2640 954 2910 1023 cohibuit,
2942 970 2998 1013 et
3026 962 3104 1017 sic
3129 963 3424 1037 interrogat
3454 986 3467 1021 :

1878 1039 1909 1090 5
1924 1040 1966 1091 ι.
1996 1039 2093 1092 Ubi
2114 1043 2352 1109 posuistis
2373 1044 2527 1097 eum?
2552 1059 2619 1100 ne
2643 1044 2821 1102 ﬂendo
2844 1050 3221 1122 interrogaret.
3245 1056 3353 1111 Cur
3373 1075 3474 1113 auo

1882 1137 1989 1179 tem
2014 1128 2345 1199 interrogat?
2365 1132 2518 1198 Quod
2542 1135 2707 1189 nollet
2727 1152 2849 1193 sese
2871 1142 3110 1207 proferre
3129 1185 3144 1210 ,
3168 1145 3262 1201 sed
3288 1151 3468 1204 omnia

1874 1227 2091 1284 cuperet
2121 1218 2188 1270 ab
2216 1220 2321 1274 illis
2345 1221 2589 1277 ediscere
2628 1237 2883 1295 rogatus;
2918 1230 2989 1285 ita
3020 1242 3076 1286 ut
3106 1236 3253 1289 omni
3283 1241 3466 1307 suspi-

1881 1306 2035 1360 cione
2064 1306 2285 1363 liberum
2302 1307 2445 1367 foret
2464 1312 2697 1383 signum.
2733 1316 2925 1373 Dicunt
2950 1320 3063 1386 illi,
3108 1321 3230 1377 Veni
3260 1336 3307 1380 et
3332 1306 3465 1382 uide.

1873 1400 1958 1453 35.
1985 1399 2319 1472 Lacryumtus
2345 1414 2416 1458 est
2437 1405 2614 1460 Jesus.
2644 1408 2827 1465 Viden‘
2856 1411 3024 1482 ipsum
3057 1416 3261 1471 nullum
3290 1420 3467 1475 adhuc

1876 1494 2286 1549 resurrectionis
2323 1496 2535 1565 signum
2567 1498 2821 1567 dedisse,
2854 1512 3014 1575 atque
3055 1509 3313 1566 accedere
3354 1528 3462 1568 non

1871 1592 1925 1632 ιιι
1972 1583 2354 1641 suscitaturum
2374 1626 2391 1651 ,
2422 1587 2519 1643 sed
2546 1598 2603 1643 ut
2641 1590 3182 1663 lacrymaturumtid
3213 1601 3355 1672 quod
3382 1604 3461 1659 si-

1865 1672 2123 1737 gniﬁcant
2170 1673 2377 1742 .ludrei,
2425 1678 2515 1747 qui
2561 1679 2857 1737 dicebant:
2915 1684 3003 1739 36.
3051 1685 3183 1742 Ecce
3208 1691 3461 1757 quomodo

1874 1764 2073 1816 nutabat
2096 1780 2232 1820 eum.
2258 1768 2479 1832 Quidam
2513 1782 2678 1826 autem
2698 1788 2759 1827 ex
2786 1775 2888 1828 illis
2925 1776 3155 1833 dicebant
3181 1796 3200 1832 :
3225 1781 3312 1837 37.
3336 1781 3460 1838 Non

1870 1863 2067 1917 poterat
2095 1857 2197 1922 hic,
2218 1859 2301 1927 qui
2318 1862 2516 1927 aperuit
2536 1865 2707 1917 cados
2726 1866 2846 1918 creti
2865 1907 2880 1932 ,
2912 1870 3078 1931 facere
3098 1881 3152 1925 tu
3179 1882 3228 1926 et
3255 1874 3336 1928 hic
3354 1892 3458 1930 non

1864 1947 2179 1999 moreretur?
2208 1947 2284 2002 Ne
2306 1949 2357 2002 in
2379 1951 2773 2008 calamitatibus
2803 1957 3019 2026 quidem
3048 1963 3336 2031 nequitiam
3365 1982 3457 2020 re-

1861 2046 2185 2100 presserant.
2236 2041 2397 2108 Atqui
2443 2041 2680 2099 facturus
2707 2057 2789 2100 est
2816 2063 2927 2103 rem
2969 2050 3125 2122 longe
3155 2055 3452 2111 mirabilio-

1861 2138 1996 2177 rem.
2029 2124 2159 2179 Nam
2190 2127 2346 2197 longe
2372 2131 2667 2188 mirabilius
2696 2148 2777 2190 est
2806 2149 2924 2206 post
2951 2152 3177 2198 mortem
3200 2146 3264 2198 ad
3289 2148 3452 2203 vitam

1860 2227 2132 2279 revocare,
2163 2233 2320 2285 quam
2351 2219 2637 2277 instantem
2668 2238 2892 2283 mortem
2916 2218 3208 2300 depellere.
3239 2236 3318 2293 Ex
3338 2255 3449 2309 quo

1858 2318 1985 2373 ergo
2005 2306 2120 2375 ejus
2146 2308 2396 2365 virtutem
2429 2312 2610 2369 mirari
2642 2331 2737 2385 par
2759 2330 2877 2373 erat
2898 2362 2910 2383 ,
2943 2323 3088 2376 illum
3118 2327 3446 2384 calumnian-

1861 2401 1979 2458 tur;
2005 2396 2329 2452 cuuﬁtentur
2357 2410 2534 2458 tamen
2562 2404 2732 2474 ipsum
2756 2410 2945 2465 oculos
2970 2414 3100 2469 caeci
3129 2421 3404 2484 aperuisse
3431 2438 3444 2472 :

1859 2494 1913 2536 et
1939 2499 2059 2538 cum
2087 2489 2414 2556 oportuisset
2440 2492 2560 2548 ideo
2588 2496 2807 2565 mirari,
2842 2500 2918 2554 illi
2941 2513 3125 2558 contra
3157 2508 3450 2564 criminan-

1860 2579 1944 2626 tur
1966 2615 1983 2641 ,
2011 2576 2149 2645 quod
2191 2578 2293 2633 hoc
2331 2581 2490 2637 etiam
2521 2600 2626 2639 non
2658 2586 2866 2643 iecerit.
2897 2590 3077 2661 Neque
3112 2596 3235 2651 inde
3269 2600 3444 2654 solum

1859 2665 2115 2730 probatur
2144 2668 2261 2722 illus
2294 2687 2548 2739 perverso
2576 2677 2738 2751 fuisse
2766 2680 2948 2736 animo
2973 2698 2987 2747 ;
3021 2685 3118 2739 sed
3146 2688 3287 2756 quod
3318 2704 3439 2743 cmn

1859 2754 2091 2808 nandum
2122 2757 2463 2825 advenisset,
2497 2778 2595 2819 nec
2624 2767 2895 2837 quidpiam
2930 2754 3301 2843 prtesdtisset,
3334 2782 3444 2832 cri-

1859 2845 2237 2901 minationibus
2293 2863 2648 2919 przcvertaut,
2682 2872 2787 2911 non
2842 2872 3156 2929 exsttectato
3198 2866 3274 2922 rei
3319 2867 3446 2924 ﬁne.

1859 2932 2041 2989 Videu'
2067 2954 2223 3005 quam
2250 2952 2502 3012 corrupto
2530 2958 2715 3001 essent
2739 2950 2978 3017 judicio?

1924 3025 1977 3077 2.
2005 3023 2346 3098 Evuttgelistce
2370 3036 2596 3089 humana
2617 3037 2680 3091 de
2701 3040 2901 3095 Cluisto
2921 3045 3165 3099 scribunt.
3192 3076 3264 3087 -—
3286 3047 3446 3104 Venit

1854 3130 1980 3185 ergo
2008 3118 2072 3172 ad
2120 3135 2561 3191 mooumentum,
2593 3138 2646 3181 et
2691 3144 2881 3185 rursus
2904 3132 3153 3189 allectum
3196 3139 3441 3208 corripit.

1853 3204 1959 3260 Cur
1979 3207 2045 3263 de
2064 3210 2321 3267 indusuia
2352 3214 2643 3271 identidem
2665 3217 2793 3275 dicit
2816 3226 3143 3292 evangelista
3169 3229 3438 3301 lacryma-

1853 3304 1962 3351 tum
1992 3299 2142 3376 illum
2169 3317 2308 3367 esse,
2340 3314 2394 3358 et
2424 3306 2796 3365 intremuisse?
2840 3312 2905 3367 Ut
2931 3315 3106 3371 discas
3132 3318 3280 3374 illum
3308 3337 3437 3378 vere

1826 3404 1832 3411 ·
1854 3398 2035 3440 natura
2062 3400 2243 3445 nostra
2277 3394 2518 3449 indutum
2554 3398 2737 3453 fuisse.
2767 3401 2897 3468 Quia
2920 3406 3062 3459 enim
3088 3410 3237 3477 plura
3260 3413 3329 3466 de
3348 3428 3439 3469 se-

1854 3478 1967 3546 ipso
1989 3521 2002 3545 ,
2036 3482 2341 3553 majoraque
2369 3502 2528 3554 quam
2576 3491 2749 3559 quivis
2779 3495 2911 3549 alius
2962 3499 3133 3573 palam
3188 3501 3441 3573 dixerat,

1853 3584 2062 3624 rursum
2094 3572 2144 3623 in
2191 3577 2464 3642 corporeis
2504 3577 2786 3635 humiliora
2831 3583 2978 3640 dicit.
3008 3571 3148 3644 Nihil
3174 3591 3242 3647 de
3274 3596 3443 3665 ipsius

1852 3670 2044 3724 morte,
2065 3672 2121 3715 ut
2140 3663 2328 3731 reliqui
2352 3670 2711 3737 evangelista,
2734 3685 2912 3729 narrat
2930 3676 3044 3743 hic;
3065 3682 3202 3749 quod
3238 3663 3401 3740 tristis
3422 3730 3439 3754 ,

1850 3750 2069 3817 quodin
2099 3754 2285 3821 agonia
2310 3767 2455 3810 esset
2492 3756 2701 3830 (naua,
2739 3762 2827 3818 26.
2860 3766 2948 3821 ss.
2992 3767 3157 3824 Marc.
3193 3774 3277 3829 tt.
3310 3750 3439 3844 at);

1851 3840 1942 3893 Sed
1968 3852 2150 3895 contra
2178 3846 2321 3914 quod
2349 3851 2572 3917 supinos
2605 3859 2954 3920 prostravcrit
2998 3859 3017 3920 (
3041 3859 3196 3916 Imm.
3232 3866 3317 3919 18.
3349 3840 3439 3935 6⁷).

1850 3930 1999 3993 Quod
2028 3932 2134 3985 illic
2155 3937 2434 4001 omissum,
2479 3942 2563 3995 hic
2602 3946 2891 4013 supplevit,
2936 3949 3061 4003 dum
3092 3953 3290 4010 luctum
3323 3961 3441 4027 ejus

1854 4036 2135 4077 memorat.
2184 4024 2315 4081 Nam
2369 4029 2437 4084 de
2480 4042 2651 4087 morte
2691 4036 2964 4093 disserens
2998 4042 3248 4098 dicebat:
3283 4046 3440 4102 Potr-

1852 4122 2030 4165 statem
2052 4115 2207 4169 Itabco
2244 4122 2465 4185 ponendi
2494 4125 2718 4179 animam
2746 4144 2910 4183 meum
2952 4131 3141 4202 (Joau.
3178 4138 3263 4193 IO.
3293 4140 3391 4211 18)
3425 4160 3439 4195 :

1852 4212 1905 4256 et
1936 4206 2062 4259 nih.l
2090 4208 2357 4276 ahjectum
2390 4214 2460 4267 ibi
2493 4216 2745 4285 loquitur.
2784 4220 2910 4276 Ideo
2935 4236 3115 4279 autem
3146 4230 3197 4281 in
3230 4235 3439 4299 passio-

1854 4311 1921 4350 ne
1968 4299 2131 4352 tuulta
2164 4301 2238 4355 illi
2279 4303 2507 4361 humana
2537 4308 2882 4380 adscribunt,
2917 4315 3041 4373 hinc
3088 4326 3445 4392 comproban-

1855 4396 1933 4439 tes
1983 4403 2161 4442 verant
2212 4392 2631 4453 incarnationem
2663 4416 2804 4458 esse.
2861 4406 3140 4465 Maltlneus
3191 4414 3258 4467 ab
3306 4431 3443 4487 ago-

1856 4478 1938 4531 nia
1960 4520 1974 4544 ,
2005 4496 2034 4532 a
2090 4486 2488 4550 perturbatione
2509 4530 2523 4552 ,
2549 4506 2578 4544 a
2623 4495 2820 4549 smlore
2848 4497 3011 4563 (Luc.
3048 4501 3139 4555 22.
3173 4505 3261 4559 43.
3293 4478 3396 4581 εἰ)
3425 4528 3440 4575 ;

1856 4569 1942 4623 hic
1966 4586 1994 4623 a
2023 4572 2163 4626 luctu
2195 4575 2245 4629 id
2273 4579 2478 4633 suadet.
2511 4581 2565 4636 Si
2594 4585 2735 4637 cuitu
2764 4599 2961 4644 nostra:
2990 4608 3093 4646 non
3126 4594 3311 4653 fuisset
3350 4616 3444 4655 na-

1857 4670 1990 4714 tura:
2010 4704 2024 4728 ,
2055 4680 2157 4718 non
2189 4682 2215 4720 a
2249 4670 2393 4724 luctu
2422 4676 2587 4728 semel
2610 4686 2665 4729 et
2691 4678 2882 4733 iterum
2925 4696 3207 4755 correptus
3229 4690 3442 4749 luisset.

1855 4753 1989 4818 Quid
2018 4770 2143 4811 vero
2167 4757 2357 4813 Jesus‘.’
2380 4764 2419 4816 A
2453 4766 2771 4822 criminibus
2794 4786 2899 4825 non
2923 4789 2982 4827 se
3002 4753 3281 4834 defendit:
3310 4785 3439 4851 quid

1854 4845 1996 4898 enim
2021 4863 2154 4915 opus
2174 4861 2287 4904 erat
2310 4855 2486 4909 verbis
2505 4857 2783 4915 confutare
2804 4877 2896 4916 eos
2917 4865 3006 4934 qui
3032 4883 3154 4923 mox
3178 4873 3433 4940 operibus

1855 4948 2009 4992 erant
2052 4941 2404 4999 conl‘ntandi?
2435 4948 2488 5001 ld
2521 4951 2660 5020 quod
2691 4955 2864 5008 minus
2899 4960 3177 5015 molestum
3207 4976 3355 5028 erat,
3390 4978 3445 5022 et

1859 5031 2025 5099 magis
2054 5042 2260 5100 poterat
2286 5036 2402 5091 illos
2432 5040 2768 5107 pudefacerc.
2798 5046 2893 5101 39.
2921 5049 3002 5102 Ait
3023 5064 3188 5105 autem
3210 5068 3230 5107 :
3259 5054 3445 5110 Tollite

1858 5119 2092 5188 lapidem.
2116 5122 2223 5178 Cur
2237 5144 2339 5181 non
2358 5130 2554 5187 absens
2572 5116 2779 5189 vocavit
2797 5146 2849 5191 et
2864 5144 3291 5212 surgarejuSsit?
3309 5150 3440 5214 imo.

1858 5229 1955 5266 cur
1983 5230 2088 5268 non
2135 5218 2310 5274 adhuc
2352 5227 2692 5295 superposito
2740 5229 2915 5299 lapide
2964 5236 3278 5292 suscitavit?
3308 5239 3442 5297 Nam

1859 5304 1947 5369 qui
1969 5316 2176 5373 poterat
2197 5323 2390 5381 corpus
2413 5326 2680 5373 mortuum
2702 5335 2832 5376 voce
2853 5338 3068 5381 movere
3082 5337 3137 5382 et
3151 5330 3443 5391 animatum

1860 5395 2182 5462 tetendere,
2214 5404 2381 5456 multo
2426 5409 2592 5477 magis
2636 5425 2767 5465 voce
2816 5411 3046 5483 lapidem
3086 5422 3441 5487 removisset;

1861 5488 1949 5552 qui
2006 5486 2240 5542 vinctum
2274 5495 2446 5548 fasciis
2466 5537 2480 5559 ,
2508 5508 2563 5552 et
2589 5499 2899 5568 impeditum
2922 5545 2936 5569 ,
2969 5520 3098 5561 voce
3121 5517 3179 5562 ut
3202 5511 3443 5565 ambula-

1864 5585 1941 5629 ret
1969 5577 2146 5633 etl‘ecit
2167 5621 2181 5647 ,
2217 5583 2373 5653 longe
2400 5585 2605 5643 facilius
2634 5590 2866 5659 lapidem
2894 5598 3213 5656 removisset
3246 5600 3442 5671 (Joan.

1865 5669 1953 5720 ll.
1980 5670 2067 5723 45.
2100 5671 2222 5743 ιιι).
2251 5674 2386 5743 Quid
2414 5678 2578 5736 dico?
2601 5681 2775 5739 Etiam
2798 5686 2994 5744 absens
3016 5689 3118 5746 hoc
3147 5669 3320 5749 facere
3346 5708 3444 5763 po-

1865 5759 1982 5810 tuit.
2015 5759 2123 5815 Cur
2170 5778 2298 5833 ergo
2344 5784 2450 5823 non
2500 5770 2661 5828 fecit?
2690 5773 2760 5831 Ut
2806 5778 2949 5846 ipsos
2991 5780 3239 5837 miraculi
3276 5759 3443 5847 les-les

1866 5847 2087 5917 fat-cret,
2122 5871 2187 5909 ne
2218 5859 2446 5928 idipsum
2472 5863 2717 5923 dicerent
2742 5872 2883 5940 quod
2905 5872 3046 5926 circa
3079 5888 3278 5931 caecum
3306 5896 3317 5930 :
3354 5877 3449 5933 Πὶι

3034 5964 3118 6025 22

3488 2996 3527 3011 κν.
