4088 6504
692 452 787 505 Siil
1488 436 1542 493 S.
1581 432 1852 490 JOANNIS
1887 425 2356 487 CIIRYSOSTmll
2397 423 2707 479 ARCIIIEP.
2741 423 3263 481 CONSTANTINOP.

700 577 769 621 est
788 605 806 628 .
849 578 957 619 non
986 571 1068 619 est
1098 560 1203 616 hic.
1245 557 1375 627 ipsa:
1404 567 1634 621 namque
1662 565 1850 607 manus
1869 590 1884 614 ,
1914 558 1965 602 et
1993 545 2129 616 quod
2158 559 2248 598 ve-

702 654 867 709 nisset
892 651 957 705 ad
995 648 1289 717 sepulcrum
1311 685 1327 709 ,
1360 639 1663 697 testimonio
1712 646 1868 694 erant
1897 635 2138 691 eumdem
2169 634 2247 699 ip-

698 756 816 795 sum
838 735 1145 807 esse(Joan.
1163 734 1215 789 9.
1234 734 1286 787 8.
1310 730 1395 801 9).
1421 730 1598 798 Quare
1618 728 1661 783 si
1683 742 1787 782 nou
1811 740 1876 781 eo
1897 723 2252 785 advenissent,

702 827 929 899 putaturi
955 832 1108 881 erant
1131 832 1221 878 aut
1247 821 1557 890 phantasma
1587 830 1708 871 esse
1727 855 1742 879 ,
1772 822 1863 868 aut
1887 814 2045 867 alium
2075 818 2252 865 etnon

701 923 845 976 illum
887 932 1009 974 esse
1032 931 1189 987 quem
1229 914 1493 969 videbant.
1520 909 1668 963 Nunc
1708 916 1885 962 autem
1928 920 2045 960 cum
2074 902 2136 957 ad
2167 916 2246 955 se-

694 1010 939 1077 pulcrum
980 1004 1256 1069 venerint,
1283 999 1507 1071 lapidem
1537 996 1891 1057 removerint,
1919 992 2157 1062 jussique
2185 988 2249 1042 Ii-

696 1109 873 1168 gatum
901 1110 934 1151 a
958 1092 1180 1149 vinculis
1219 1090 1505 1154 solverint,
1537 1094 1591 1141 et
1614 1084 1769 1140 amici
1796 1084 1883 1153 qui
1913 1098 1977 1137 ex
2007 1080 2254 1149 sepulcro

703 1185 1017 1248 retulerant,
1043 1196 1108 1237 ex
1138 1179 1324 1249 pannis
1355 1177 1498 1231 illum
1529 1173 1855 1245 agnoverint,
1887 1171 2022 1241 quod
2048 1183 2257 1224 sorores

706 1289 806 1328 non
860 1269 1243 1333 abscesserint,
1291 1265 1430 1336 quod
1475 1265 1639 1319 altera
1669 1263 1895 1325 dixerit,
1923 1260 2041 1314 lam
2082 1262 2252 1329 fwlet,

700 1361 1057 1433 qualridttanus
1081 1358 1213 1414 enim
1242 1366 1311 1410 est
1328 1370 1348 1419 ;
1386 1357 1492 1421 jam
1524 1352 1637 1407 haec
1665 1352 1841 1407 omnia
1871 1348 2076 1405 abunde
2105 1358 2255 1417 pote-

702 1460 818 1505 rant
839 1447 1107 1519 improbos
1134 1446 1231 1516 ipsi
1255 1442 1491 1499 miraculi
1516 1442 1675 1497 testes
1695 1440 1961 1513 eohibere.
1987 1437 2106 1492 Ideo
2129 1451 2256 1507 prte-

696 1539 822 1608 eipit
842 1538 947 1593 illis
978 1546 1032 1591 ut
1051 1534 1279 1605 lapidem
1304 1548 1335 1587 a
1359 1532 1605 1601 sepulcro
1630 1539 1950 1593 amoverent,
1974 1525 2258 1581 ostemleus

700 1642 757 1684 se
781 1630 947 1698 ipsum
966 1626 1258 1681 suscitare:
1292 1620 1410 1676 ideo
1426 1621 1584 1675 etiam
1609 1620 1894 1688 interrogat
1914 1658 1928 1682 ,
1963 1615 2058 1672 Ubi
2086 1616 2255 1685 posui-

704 1718 794 1769 stis
822 1732 932 1769 eum
954 1715 979 1768 ?
1004 1722 1059 1767 ut
1084 1712 1170 1782 qui
1198 1709 1470 1773 dixerant,
1512 1706 1632 1762 Veni
1658 1716 1704 1760 et
1727 1707 1835 1760 vide
1854 1748 1866 1769 ,
1896 1716 1946 1760 et
1972 1706 2057 1773 qui
2088 1705 2255 1758 duxe-

698 1817 816 1860 rant
836 1803 999 1868 illum,
1019 1802 1195 1856 dicere
1213 1814 1321 1855 non
1346 1799 1549 1869 possint
1564 1798 1720 1851 alium
1739 1796 1896 1851 fuisse
1912 1796 2217 1850 suscitatnm
2242 1812 2255 1848 :

702 1903 756 1947 ut
784 1904 834 1947 et
861 1906 960 1946 vox
990 1899 1042 1946 et
1071 1902 1258 1944 manus
1290 1885 1695 1942 testiﬁcarentur
1724 1884 1858 1957 (vox
1886 1884 2133 1950 dicendo,
2164 1882 2258 1937 Ve-

697 1984 749 2035 ni
769 1994 811 2036 et
840 1984 984 2044 vide;
1012 1994 1197 2035 manus
1220 1977 1447 2048 lapidem
1472 1976 1703 2031 tollendo
1722 2014 1738 2043 ,
1763 1987 1814 2031 et
1837 1976 2025 2029 fascias
2046 1976 2254 2029 solven-

694 2072 794 2143 do)
859 2073 1001 2126 visus
1029 2085 1235 2141 quoque
1264 2077 1319 2124 et
1358 2068 1565 2122 auditus
1605 2068 1725 2139 (hic
1750 2082 1931 2121 vocem
1958 2066 2218 2120 audiendo
2240 2106 2255 2131 ,

692 2162 785 2214 ille
819 2169 1096 2215 exeuntem
1130 2158 1435 2228 videndo);
1467 2156 1693 2211 olfactus
1721 2172 1930 2227 quoque
1958 2156 2138 2219 testis,
2170 2157 2255 2225 qui

698 2250 917 2305 odorem
970 2249 1208 2317 excepit;
1258 2246 1377 2299 Jam
1424 2249 1595 2317 fauet,
1646 2247 1843 2315 inquit;
1896 2247 2258 2315 quatrt‘duanus

646 2386 651 2389 .
697 2342 821 2394 enin,
866 2350 954 2393 est.
989 2340 1116 2394 Jure
1144 2352 1268 2409 ergo
1296 2336 1403 2391 dixi
1426 2377 1440 2400 ,
1471 2352 1573 2390 non
1623 2332 1946 2391 itttelleitissc
1978 2336 2253 2389 mulierem

699 2431 798 2484 hoc
838 2429 1031 2486 Christi
1079 2428 1309 2491 dictum,
1360 2426 1524 2481 Etiam
1551 2428 1595 2480 si
1634 2437 1858 2481 mortuus
1887 2428 2070 2497 fuerit,
2111 2427 2253 2479 vivet.

701 2520 831 2575 Vide
852 2534 979 2590 ergo
1003 2519 1124 2590 quid
1148 2532 1286 2573 nunc
1304 2518 1463 2583 dicat,
1488 2519 1634 2587 quasi
1657 2532 1741 2571 res
1762 2516 1830 2571 ob
1857 2516 2255 2571 diuturnitatem

700 2609 925 2678 amplius
975 2609 1085 2661 tieri
1117 2621 1221 2661 non
1276 2606 1461 2675 possit.
1493 2607 1597 2660 lles
1622 2606 1761 2659 enim
1806 2604 2060 2673 stupenda
2104 2616 2255 2668 erat,

697 2701 1102 2770 quatritlttanum
1130 2710 1186 2754 et
1232 2709 1537 2767 corruptum
1587 2698 1810 2751 cadaver
1854 2698 2128 2751 suscitare.
2175 2698 2261 2750 Di-

705 2789 923 2860 scipulis
964 2791 1173 2858 quidem
1204 2788 1367 2854 dixit,
1405 2787 1470 2842 Ut
1498 2787 1803 2857 gloriﬁcetur
1847 2785 2008 2840 Filius
2045 2785 2160 2851 Dei,
2193 2785 2260 2841 de

706 2879 881 2947 seipse
932 2878 1189 2947 loquens;
1237 2878 1442 2931 mulieri
1482 2891 1607 2931 vero
1649 2878 1757 2929 ait:
1803 2874 1997 2929 Videbis
2046 2876 2258 2946 gloriam

708 2968 802 3022 Dei
822 3009 837 3034 ,
869 2968 934 3022 de
963 2967 1117 3022 Patre
1144 2968 1297 3021 verba
1330 2965 1547 3021 faciens.
1580 2964 1760 3019 Vidcn‘
1780 2964 2077 3019 auditorum
2104 2963 2257 3019 dill‘e-

704 3060 922 3113 rcntiam
968 3060 1160 3114 diversi
1208 3059 1469 3114 sermonis
1498 3072 1616 3112 esse
1657 3058 1909 3113 causam?
1941 3059 1995 3112 lu
2025 3068 2255 3112 mentem

703 3157 914 3202 revocat
957 3163 1018 3202 ea
1066 3163 1181 3216 qure
1229 3148 1435 3202 mulieri
1486 3147 1719 3212 dixerat,
1753 3162 1814 3202 ac
1858 3148 1900 3201 si
1942 3148 2253 3217 rcdarguat,

702 3238 839 3304 quod
868 3240 1026 3292 oblita
1055 3240 1154 3301 sit;
1188 3240 1267 3293 vel
1299 3253 1417 3292 cum
1449 3238 1611 3291 nollet
1635 3238 1901 3292 adstantes
1929 3240 2217 3308 pcreellere
2240 3279 2255 3301 ,

702 3326 905 3398 placide
929 3328 1054 3381 dicit
1080 3345 1091 3380 :
1125 3327 1213 3381 40.
1249 3326 1431 3382 Nonne
1456 3327 1561 3380 dixi
1586 3327 1704 3393 tibi,
1735 3330 1780 3381 si
1811 3328 2110 3394 credideris,
2133 3329 2257 3381 vide-

701 3422 774 3474 bis
812 3421 1023 3490 gloriam
1054 3404 1145 3468 Dei
1167 3417 1192 3469 .9

767 3513 818 3567 ’5.
834 3506 992 3565 Fides
1001 3520 1252 3579 quantum
1263 3508 1594 3562 sitbonumA
1601 3509 1794 3578 postolt'
1807 3524 1956 3578 quam
2004 3521 2254 3577 prwstan-

702 3605 847 3659 tiores
873 3605 1199 3674 pltitosOpltis.
1229 3631 1298 3645 -—
1320 3602 1560 3675 Magnum
1603 3617 1725 3676 ergo
1752 3602 1946 3662 bonum
1978 3611 2060 3657 est
2093 3603 2253 3667 lides,

702 3710 945 3765 magnum
999 3701 1213 3765 utique,
1264 3709 1317 3750 et
1370 3699 1653 3752 multorum
1701 3712 1856 3752 causa
1912 3699 2169 3752 bonorum
2203 3695 2253 3755 ';

703 3784 771 3837 ita
803 3794 859 3839 ut
887 3783 1131 3839 homines
1179 3786 1268 3839 Dei
1317 3801 1474 3866 opera
1530 3789 1581 3841 itt
1628 3788 1837 3841 nomine
1884 3788 2047 3856 ipsius
2099 3787 2254 3842 edere

703 3872 922 3939 possint.
966 3871 1122 3932 Nam,
1179 3874 1239 3927 St
1290 3874 1555 3927 habueritis
1605 3874 1787 3941 ﬁdem,
1837 3876 2032 3943 inquit,
2084 3874 2254 3930 dicetis

700 3963 853 4015 monti
880 3963 1022 4030 huic,
1053 3962 1238 4016 Transi
1269 3963 1402 4031 hinc,
1435 3975 1479 4017 et
1510 3965 1735 4018 transibit
1766 3963 1977 4033 (Matth.
2011 3967 2096 4020 17.
2132 3967 2250 4030 l9);

698 4067 761 4106 ac
802 4068 1030 4119 rursum,
1075 4054 1173 4119 Qui
1218 4056 1372 4107 credit
1415 4057 1465 4107 in
1520 4071 1615 4121 me,
1665 4071 1846 4123 opera,
1897 4070 2010 4124 qute
2049 4073 2139 4126 ego
2178 4060 2257 4125 fu-

699 4142 805 4204 cio,
830 4148 875 4193 et
894 4141 1000 4211 ipse
1022 4144 1164 4214 faciet
1182 4183 1196 4206 ,
1226 4153 1270 4196 et
1296 4146 1488 4210 majora
1509 4144 1587 4197 his
1631 4144 1776 4213 faciet
1801 4142 1991 4214 (Joan.
2022 4146 2105 4199 14.
2132 4144 2252 4215 12).

697 4231 826 4293 Quae
865 4230 1104 4299 majora?
1131 4231 1203 4285 Ea
1231 4247 1347 4301 qua:
1388 4231 1626 4301 discipuli
1667 4240 1847 4300 postea
1899 4231 2091 4288 fecere.
2124 4232 2254 4288 Nam

697 4319 878 4372 umbra
897 4318 1036 4373 Petri
1056 4328 1318 4374 mortuum
1340 4320 1610 4375 suscitavit
1631 4320 1763 4391 (Act.
1784 4323 1835 4378 5.
1855 4322 1921 4378 l5
1937 4323 1978 4393 ).
2004 4322 2091 4378 Sic
2108 4324 2251 4377 enim

696 4410 861 4478 magis
894 4410 1274 4478 pradicabatur
1315 4410 1511 4465 Christi
1560 4421 1815 4481 potestas.
1848 4412 2117 4483 Siquidem
2148 4430 2254 4469 non

692 4508 799 4550 tam
831 4498 1067 4552 mirabile
1094 4509 1209 4552 erat
1265 4500 1435 4569 ipsum
1484 4501 1744 4556 viventem
1774 4502 2025 4558 miracula
2056 4504 2213 4560 edere
2235 4546 2252 4574 ,

698 4604 852 4660 quam
881 4599 998 4659 post
1025 4599 1248 4646 mortem
1280 4592 1395 4660 ejus
1422 4592 1554 4646 alios
1584 4593 1633 4645 iu
1664 4595 1873 4648 nomine
1901 4594 2063 4664 ipsius
2091 4597 2256 4666 majo-

697 4696 751 4732 ra
794 4690 1047 4748 praistare
1075 4694 1248 4749 posse.
1276 4680 1407 4735 Nam
1462 4690 1826 4752 argumentum
1860 4684 1989 4739 illud
2021 4701 2123 4739 non
2150 4687 2249 4741 du-

697 4768 837 4823 bium
864 4779 978 4824 erat
1020 4771 1422 4826 resurrectionis
1463 4771 1621 4838 ejus:
1663 4788 1779 4841 quae
1822 4774 1867 4828 si
1898 4774 1965 4828 ab
2008 4776 2253 4831 omnibus

696 4859 804 4911 visa
837 4856 1055 4924 fuisset,
1080 4874 1182 4914 non
1214 4859 1281 4913 ita
1313 4859 1500 4914 fuisset
1526 4860 1722 4915 credita
1748 4879 1762 4927 ;
1784 4860 2090 4932 potuissent
2110 4867 2252 4919 enim

694 4950 871 5003 dicere
912 4948 1218 5017 phantasma
1259 4965 1415 5006 esse:
1457 4952 1579 5021 quia
1607 4961 1779 5007 autem
1813 4954 2026 5009 videbat
2050 4971 2112 5010 ex
2138 4957 2253 5011 solo

696 5038 908 5093 nomine
928 5038 1041 5107 ejus
1066 5037 1221 5109 longe
1246 5040 1442 5109 majora
1469 5042 1614 5111 signa
1636 5041 1748 5096 ﬁeri
1772 5085 1785 5110 ,
1820 5060 1975 5113 quant
2000 5060 2118 5100 cum
2141 5046 2253 5115 ipse

695 5128 829 5180 inter
857 5126 1099 5182 homines
1130 5140 1451 5193 versaretur,
1480 5130 1635 5185 {idem
1664 5147 1855 5202 negare
1888 5149 1991 5188 non
2022 5144 2248 5203 poterat,

695 5216 793 5267 nisi
821 5215 1101 5271 admodum
1123 5217 1387 5287 desiperet
1436 5219 1674 5290 Magnum
1706 5222 1879 5292 itaque
1904 5225 2098 5278 bonum
2123 5224 2252 5281 lides

694 5315 774 5357 est
794 5345 809 5370 ,
836 5319 951 5359 cum
979 5322 1044 5361 ex
1076 5306 1295 5363 ferventi
1316 5310 1489 5364 animo
1509 5350 1523 5376 ,
1572 5326 1753 5367 amore
1774 5328 1962 5382 magno
1983 5354 1998 5379 ,
2044 5315 2250 5369 ardenti

696 5393 858 5449 corde
900 5397 1154 5463 procedit.
1186 5397 1311 5452 “me
1339 5412 1433 5453 nos
1462 5400 1802 5471 philosophos
1828 5403 2057 5458 Ostendit
2091 5420 2103 5457 :
2137 5403 2250 5458 luce

697 5486 978 5539 humanam
1005 5486 1203 5558 detegit
1230 5490 1481 5543 vilitatem
1504 5531 1517 5555 ,
1546 5502 1599 5546 et
1624 5493 1801 5547 missis
1826 5492 2117 5547 ratiociniis
2136 5534 2149 5559 ,
2181 5493 2247 5547 de

756 5703 771 5778 ξ
956 5704 1156 5778 W91.
1179 5719 1353 5778 magna
1376 5721 1459 5778 res
1472 5715 1544 5778 est
1562 5707 1683 5772 ﬁdes
1701 5744 1718 5773 ,
1741 5718 1784 5762 et
1828 5725 2021 5776 nmynos
2044 5713 2251 5777 efﬁciens

691 5772 769 5812 eos
790 5767 1031 5825 ordinata
1052 5767 1183 5819 illam
1206 5767 1349 5819 vitam
1370 5767 1634 5821 instituunt.

3834 430 3931 486 3Si

2366 538 2661 594 c:elcstibus
2680 538 3096 607 philosomiatur;
3119 540 3224 592 imo
3242 540 3411 608 potius
3428 554 3487 593 ea
3506 555 3621 611 quae
3642 558 3746 596 non
3770 553 3937 611 potest

2365 630 2590 683 humana
2622 629 2871 698 sapientia
2905 630 3165 698 reperire,
3202 630 3308 699 ipsa
3342 631 3481 699 capit
3507 640 3561 685 et
3588 632 3786 703 dirigit.
3812 634 3937 689 lluic

2364 720 2538 792 itaque
2568 720 2861 775 hatreamtts
2878 764 2894 786 ,
2922 735 3090 790 neque
3116 720 3406 776 ratiociniis
3432 732 3611 777 nostra
3638 727 3937 799 committa-

2365 827 2502 866 mus.
2537 811 2660 876 Cur,
2690 826 2901 881 quasso,
2945 811 3166 880 gentiles
3196 811 3321 864 nihil
3360 814 3592 882 reperire
3624 818 3938 882 potuerunt?

2362 918 2535 955 annon
2586 912 2747 956 totam
2788 902 2930 955 illam
2970 912 3239 955 externam
3292 904 3603 971 Sapientiam
3632 906 3934 961 noverant!

2362 1009 2457 1047 cur
2495 994 2785 1062 piscatores
2810 1003 2862 1046 et
2905 992 3247 1048 tentoriorum
3284 992 3500 1062 opiﬁces
3535 1011 3793 1063 superare
3834 1012 3935 1050 non

2366 1080 2690 1151 potuerunt?
2726 1095 2899 1135 nonne
2923 1082 3010 1151 qui
3049 1082 3120 1135 illi
3150 1083 3467 1145 ratiociniis,
3512 1083 3561 1135 hi
3610 1082 3733 1138 ﬁdei
3764 1093 3930 1139 totum

2364 1170 2780 1225 commiserant?
2826 1169 2951 1225 Ideo
3008 1170 3277 1225 Platonem
3323 1171 3832 1242 “IL-Pythagoram
3882 1183 3934 1227 et

2364 1262 2498 1315 alios
2526 1274 2711 1315 omnes
2753 1274 2974 1314 errones
3010 1260 3166 1331 longe
3208 1272 3554 1330 superarunt;
3594 1266 3891 1334 astrologos
3915 1306 3931 1328 ,

2364 1348 2762 1404 mathematicos
2783 1392 2797 1414 ,
2841 1357 3140 1418 geometras
3160 1390 3174 1415 ,
3210 1349 3601 1416 aritluneticos,
3633 1354 3820 1421 quavis
3858 1354 3937 1407 di-

2363 1440 2582 1510 sciplina
2609 1440 2894 1495 instructos
2920 1440 3155 1495 vicerunt
3175 1442 3211 1507 ',
3255 1441 3423 1511 iisque
3444 1445 3747 1510 superiores
3763 1444 3934 1499 etl‘ecti

2362 1539 2519 1593 sunt;
2569 1529 2636 1583 ita
2668 1540 2723 1583 ttt
2750 1529 2800 1584 hi
2826 1545 2950 1585 vere
2974 1530 3253 1585 videantur
3282 1532 3616 1602 philosophi,
3647 1535 3720 1588 illi
3748 1545 3927 1590 autem

2365 1620 2507 1673 stulti
2534 1635 2595 1675 ac
2623 1620 2793 1673 deliri.
2830 1622 3205 1678 Animadverte
3244 1624 3417 1691 enim,
3468 1625 3565 1678 bos
3589 1626 3791 1681 dixisse
3818 1630 3933 1680 ani.

2364 1723 2502 1763 mam
2545 1710 2930 1774 immortalem;
2979 1727 3077 1767 ttce
3107 1712 3313 1768 dixisse
3340 1714 3497 1768 modo
3517 1756 3532 1780 ,
3564 1715 3654 1769 se'
3694 1717 3854 1769 etiam
3886 1717 3935 1770 id

2362 1802 2610 1855 suasisse.
2650 1801 2727 1855 illi
2751 1817 2877 1855 vero
2903 1804 3074 1873 primo
3100 1803 3222 1873 quid
3249 1816 3388 1860 esset
3417 1806 3748 1872 nesciebant;
3788 1818 3932 1875 post-

2362 1905 2516 1957 quam
2542 1900 2715 1943 autem
2748 1893 3055 1946 invenerunt
3081 1896 3101 1957 ,’
3120 1888 3191 1946 Aet
3219 1894 3570 1948 distinxerunt
3609 1910 3728 1949 eam
3756 1911 3785 1948 a
3811 1912 3933 1951 ror-

2363 1997 2490 2052 pore
2511 2024 2524 2045 ,
2572 1982 2724 2035 divisi
2750 1993 2873 2036 sunt
2906 1983 3041 2036 inter
3069 2000 3154 2045 se,
3201 1984 3318 2036 aliis
3350 1985 3719 2051 ittcorporcam
3748 1985 3891 2040 illam
3914 2030 3928 2050 ,

2363 2072 2479 2125 aliis
2500 2085 2693 2138 corpus
2725 2087 2872 2135 esse,
2900 2080 3092 2126 etcum
3117 2088 3339 2142 oorpore
3362 2073 3576 2128 dissolvi
3612 2074 3931 2130 dicentibus.

2361 2162 2558 2216 Caelum
2604 2161 2727 2217 item
2773 2162 2844 2216 illi
2892 2164 3175 2218 animatum
3208 2174 3259 2218 ct
3290 2165 3443 2219 deum
3474 2180 3594 2220 esse
3628 2166 3884 2223 dixerunt
3918 2187 3931 2222 :

2365 2252 2649 2319 piscatores
2675 2267 2800 2306 vero
2827 2254 3091 2321 opificium
3115 2270 3232 2308 esse
3253 2255 3342 2309 Dei
3367 2264 3421 2309 et
3448 2256 3696 2311 dixerunt
3734 2266 3791 2312 ct
3813 2274 3935 2313 sua-

2361 2352 2562 2395 ssrnnt.
2615 2342 2718 2397 Sed
2764 2344 2900 2412 quod
2944 2346 3163 2412 gentiles
3210 2347 3498 2400 ratiociniis
3528 2358 3761 2414 utantur,
3802 2350 3932 2403 nihil

2362 2434 2551 2485 mirum
2578 2449 2590 2484 :
2616 2433 2753 2502 quod
2785 2444 2959 2487 autem
2990 2435 3021 2486 ii
3050 2437 3136 2504 qui
3169 2434 3353 2489 ﬁdeles
3377 2450 3496 2492 esse
3525 2438 3789 2503 videntur,
3817 2441 3931 2493 atti-

2363 2522 2527 2576 males
2566 2524 2897 2577 inveniantur
2921 2566 2934 2589 ,
2968 2525 3068 2580 hoc
3112 2526 3252 2579 luctu
3286 2528 3496 2596 dignum
3529 2541 3611 2582 est
3643 2531 3684 2580 '.
3717 2530 3843 2584 Ideo
3882 2530 3933 2585 lii

2362 2625 2569 2680 quoque
2600 2624 2906 2667 erraverunt
2930 2656 2943 2679 ,
2966 2626 3018 2668 et
3039 2617 3126 2668 alii
3149 2616 3359 2684 quidem
3378 2618 3556 2672 dicunt
3583 2633 3641 2672 se
3670 2620 3739 2673 ita
3771 2634 3933 2675 nosse

2364 2699 2561 2765 Deum,
2608 2712 2662 2756 ut
2707 2704 2841 2756 Deus
2885 2705 3114 2772 seipsum
3158 2709 3328 2770 novit,
3384 2708 3523 2774 quod
3564 2724 3630 2761 ne
3657 2710 3934 2777 gentilium

2364 2791 2571 2859 quidem
2607 2794 2879 2862 quisquam
2923 2796 3099 2849 dicere
3128 2811 3287 2851 ausus
3322 2809 3402 2852 est
3430 2816 3445 2850 :
3478 2800 3564 2853 alii
3608 2801 3791 2856 dicunt
3825 2818 3931 2857 non

2365 2895 2519 2948 posse
2545 2882 2707 2936 Deum
2740 2886 2854 2938 sine
2883 2884 3123 2952 passione
3154 2887 3368 2955 gigni-re
3389 2930 3402 2951 ,
3456 2904 3552 2942 nec
3577 2891 3695 2957 plus
3726 2892 3802 2945 illi
3838 2893 3935 2945 tri-

2363 2974 2527 3027 buunt
2556 2988 2710 3043 quant
2743 2975 3042 3029 hominibus
3071 2994 3083 3029 :
3107 2978 3191 3029 alii
3220 2977 3398 3033 dicunt
3422 2980 3551 3033 nihil
3578 2980 3831 3048 prodesse
3862 2983 3938 3036 vi-

2364 3074 2467 3118 tam
2496 3066 2709 3135 probam
2733 3108 2747 3133 ,
2780 3066 2859 3119 vel
2890 3079 3090 3121 rectum
3118 3068 3435 3123 institutum.
3469 3068 3573 3125 Sed
3605 3070 3719 3126 haec
3748 3072 3937 3127 coniu-

2366 3162 2476 3205 lare
2503 3168 2605 3207 non
2635 3153 2759 3209 licet
2787 3170 2880 3223 per
2903 3164 3127 3224 tempus.

2433 3244 2485 3296 ι.
2552 3241 2707 3297 Fides
2770 3246 2894 3298 nihil
2964 3246 3163 3313 prodest
3224 3248 3465 3315 improbo.
3534 3248 3723 3303 Contra
3779 3251 3934 3304 adul-

2365 3345 2510 3386 teros.
2572 3362 2641 3373 -
2685 3335 2833 3401 Quod
2880 3332 3061 3391 autetn'
3097 3338 3225 3391 lides
3270 3349 3413 3393 recta
3453 3341 3580 3394 nihil
3624 3344 3829 3410 prosit,
3888 3344 3932 3397 si

2366 3433 2615 3491 eorrupta
2652 3424 2755 3477 vita
2787 3426 2890 3492 sit,
2932 3435 2985 3481 et
3023 3426 3267 3482 Christus
3292 3437 3347 3483 et
3387 3429 3577 3485 Paulus
3616 3431 3888 3487 declarant
3916 3474 3932 3499 ,

2362 3512 2450 3580 qtti
2495 3514 2593 3567 hoc
2619 3514 2844 3570 maxime
2866 3526 3051 3569 curant
3091 3533 3103 3568 :
3144 3517 3384 3573 Christus
3404 3560 3419 3584 ,
3446 3535 3565 3574 cum
3588 3521 3667 3576 sic
3694 3523 3889 3578 docet’
3918 3542 3932 3577 :

2366 3599 2481 3654 Non
2509 3603 2667 3656 omnis
2693 3608 2780 3672 qui
2819 3605 2934 3658 dicit
2977 3607 3096 3659 mihi
3118 3649 3131 3673 ,
3167 3607 3376 3662 Domine
3400 3651 3414 3673 ,
3449 3609 3660 3664 Domine
3683 3652 3699 3677 ,
3728 3614 3936 3667 intrabit

2362 3691 2411 3741 in
2437 3706 2637 3759 regnum
2665 3694 2901 3747 cwlorttm
2928 3694 3123 3764 (Muth.
3160 3698 3208 3750 7.
3242 3697 3347 3767 21)
3375 3714 3389 3762 ;
3423 3708 3475 3753 cl
3506 3715 3743 3766 rursum,
3778 3702 3936 3757 Multi

2366 3782 2527 3841 dicent
2556 3783 2678 3839 mihi
2703 3786 2753 3837 in
2784 3785 2873 3839 illa
2899 3786 2980 3839 die
3010 3802 3029 3839 ,ο
3051 3786 3299 3853 Domine,
3337 3806 3501 3844 nonne
3532 3793 3584 3843 in
3616 3795 3819 3846 nomine
3850 3808 3933 3847 tuo

2360 3879 2807 3949 proyhetavimua.’
2850 3876 2916 3933 Et
2943 3888 3059 3932 tunc
3092 3882 3364 3945 conﬁtebor
3398 3881 3499 3933 illis
3524 3922 3538 3945 ,
3588 3880 3718 3947 Quia
3765 3886 3933 3938 nescio

2360 3972 2727 4025 vos:discedite
2750 3989 2875 4026 ante
2906 3980 2991 4041 qui
3036 3971 3313 4042 operatttitti
3353 3972 3656 4043 iniquitatem
3690 3972 3852 4041 (Ibid.
3885 3992 3930 4027 v.

2359 4060 2446 4114 22.
2475 4062 2544 4116 23
2564 4066 2602 4131 ).
2632 4064 2728 4129 Qui
2753 4066 2891 4118 enim
2931 4064 2949 4094 "
2979 4079 3083 4118 non
3115 4066 3211 4118 sibi
3237 4067 3532 4131 attendunt,
3563 4062 3714 4121 facile
3737 4066 3801 4119 ad
3837 4082 3931 4120 ne-

2359 4151 2574 4219 quitiam
2623 4168 2765 4221 saepe
2793 4154 3091 4219 declinant,
3139 4156 3342 4209 etiamsi
3387 4156 3550 4210 tidem
3595 4169 3790 4211 tectam
3839 4155 3931 4208 ha-

2361 4242 2540 4295 beant.
2583 4242 2781 4297 Paulus
2808 4254 2981 4299 autetu
3014 4245 3253 4300 chraris
3280 4247 3537 4311 scribens,
3573 4246 3685 4301 hac
3723 4249 3853 4302 dicit
3884 4263 3935 4304 et

2359 4343 2539 4388 monet
2568 4353 2580 4387 :
2615 4332 2799 4388 Patent
2829 4352 2943 4388 cum
2976 4337 3200 4391 omnibus
3228 4339 3595 4407 perscquimini,
3626 4349 3671 4391 et
3697 4342 3929 4408 sanctifi-

2359 4428 2628 4492 cationem,
2657 4426 2763 4479 sine
2789 4441 2887 4497 qua
2916 4443 3059 4481 nemo
3091 4429 3268 4482 videbit
3313 4427 3583 4482 Dominum
3606 4430 3625 4498 (
3647 4428 3810 4483 Hebr.
3843 4431 3931 4485 12.

2361 4515 2428 4570 14
2449 4514 2486 4582 ).
2526 4514 3000 4571 Sauctilicationem
3032 4517 3262 4587 appellat
3289 4519 3585 4573 castitatem
3608 4558 3625 4583 ,
3666 4529 3722 4573 ut
3752 4536 3926 4577 unus-

2358 4608 2577 4677 quisque
2604 4622 2696 4661 sua
2730 4624 2892 4663 uxore
2918 4617 3198 4664 contentus
3221 4610 3326 4675 sit,
3357 4624 3532 4678 neque
3559 4610 3717 4663 aliain
3749 4602 3929 4665 adeat.

2357 4696 2484 4751 Nam
2511 4699 2597 4767 qui
2625 4713 2717 4753 sua
2743 4709 3026 4755 contentus
3051 4714 3157 4753 non
3187 4708 3270 4753 est
3289 4738 3304 4763 ,
3351 4700 3530 4753 salvus
3558 4714 3678 4754 esse
3706 4703 3893 4769 nequit
3917 4719 3929 4762 ;

2357 4787 2448 4842 sed
2479 4798 2657 4857 pereat
2681 4798 2920 4858 oportet,
2949 4790 3048 4845 etsi
3076 4789 3219 4844 mille
3249 4790 3401 4845 bOttis
3457 4791 3710 4864 operibus
3739 4792 3809 4844 sit
3851 4793 3935 4845 in-

2360 4887 2610 4936 Structus.
2645 4876 3015 4934 Fornieantem
3041 4879 3182 4934 enim
3211 4878 3532 4949 impossibile
3547 4889 3628 4934 est
3657 4879 3861 4935 intrare
3885 4884 3932 4933 in

2358 4966 2574 5037 regnum
2602 4967 2884 5034 catlorum;
2917 4970 3024 5022 into
3052 4968 3101 5022 id
3121 4968 3228 5037 jam
3254 4984 3360 5022 non
3388 4968 3665 5023 forttieatio
3690 4977 3809 5035 est,
3839 4972 3932 5025 sed

2357 5057 2687 5113 adulterium.
2734 5057 2882 5113 Sicut
2913 5059 3054 5113 enim
3094 5058 3308 5129 alligata
3336 5060 3487 5124 viro,
3533 5059 3578 5113 si
3605 5073 3727 5113 cum
3756 5061 3930 5113 altern

2356 5159 2536 5216 coeat,
2569 5150 2892 5205 adulteratur
2924 5167 2936 5203 :
2967 5151 3044 5206 sic
3073 5152 3317 5222 alligatus
3347 5154 3494 5206 uxori
3520 5194 3532 5217 ,
3565 5151 3610 5206 si
3642 5152 3802 5206 aliain
3837 5154 3923 5207 ιη

2357 5241 2509 5308 beat,
2538 5240 2742 5296 adulter
2761 5251 2863 5296 est.
2890 5241 2985 5295 Hic
3010 5256 3135 5297 vero
3163 5256 3267 5297 non
3295 5242 3450 5297 heres
3476 5243 3578 5297 crit
3598 5242 3743 5312 regni
3766 5246 3927 5300 caelo-

2420 5412 2434 5442 ί
2462 5410 2553 5459 Alii
2576 5409 2922 5474 habent,qnasi
2944 5410 3185 5472 pulverem
3208 5410 3524 5474 dissiparwtt,
3550 5410 3678 5471 loco,
3695 5412 3814 5465 rice:
3829 5422 3926 5465 sttit.

2418 5474 2438 5504 ³
2470 5471 2669 5522 (mittam
2694 5470 2880 5522 legunt.
2905 5470 2991 5521 hoc
3016 5471 3278 5522 ridiculum
3295 5479 3379 5522 est.

2418 5480 2438 5504 ι
2470 5480 2669 5544 mtuam
2694 5480 2880 5542 tegunt,
2905 5480 2991 5521 hoc
3016 5480 3278 5542 ridiculum
3295 5480 3379 5522 est.
3720 5533 3733 5544 _
3898 5536 3907 5545 α

2392 5533 2440 5601 ’,³
2475 5531 2530 5580 In
2553 5530 2660 5581 alus
2694 5532 2893 5595 legitur,
2928 5531 3148 5583 Christus
3187 5532 3332 5596 plura
3372 5535 3433 5584 de
3476 5533 3564 5585 hoc
3602 5532 3816 5592 ιοσωιωτ
3859 5536 3926 5588 ds-

2356 5597 2685 5702 mgulsounulli
2732 5652 2861 5702 hunc
2891 5653 3049 5702 locum
3094 5655 3165 5704 sic
3211 5654 3438 5705 eiii-runt.
3570 5654 3734 5715 conia
3774 5646 3932 5708 nescio

2354 5724 2503 5782 vos»,
2546 5715 2845 5783 enitenti-ti“:
2870 5732 2901 5782 ,ι
2934 5722 3262 5783 t'ertmttamen
3305 5715 3353 5764 in
3399 5718 3487 5783 hoc
3529 5718 3675 5768 nolite
3717 5716 3931 5783 gadet:

2357 5775 2469 5838 quia
2492 5772 2686 5837 spiritus
2709 5773 3023 5836 subjiciuntur
3047 5776 3193 5827 vobis.
3212 5793 3234 5820 ι
3264 5784 3349 5838 Qm
3370 5775 3514 5837 etum,
3542 5786 3639 5829 etc.
