  <div class='ocr_page' id='page_1' title='image "/cluster/home/n/w/nwhite01/storage/ocr_20150623/59/uva.x004914832/354.png"; bbox 0 0 4088 6512; ppageno 0'>
   <div class='ocr_carea' id='block_1_1' title="bbox 145 559 1709 643">
    <p class='ocr_par' dir='ltr' id='par_1_1' title="bbox 145 559 1709 643">
     <span class='ocr_line' id='line_1_1' title="bbox 145 559 1709 643; baseline -0.013 -9"><span class='ocrx_word' id='word_1_1' title='bbox 145 592 258 634; x_wconf 86' lang='lat' dir='ltr'><strong>rum</strong></span> <span class='ocrx_word' id='word_1_2' title='bbox 278 616 294 643; x_wconf 87' lang='lat'><strong>,</strong></span> <span class='ocrx_word' id='word_1_3' title='bbox 321 574 414 630; x_wconf 86' lang='lat' dir='ltr'><strong>sed</strong></span> <span class='ocrx_word' id='word_1_4' title='bbox 446 574 497 627; x_wconf 89' lang='lat' dir='ltr'><strong>in</strong></span> <span class='ocrx_word' id='word_1_5' title='bbox 524 569 820 641; x_wconf 87' lang='lat' dir='ltr'><strong>gehennam</strong></span> <span class='ocrx_word' id='word_1_6' title='bbox 846 564 1062 621; x_wconf 85' lang='lat' dir='ltr'><strong>incidet.</strong></span> <span class='ocrx_word' id='word_1_7' title='bbox 1110 563 1243 619; x_wconf 79' lang='lat' dir='ltr'><strong>Audi</strong></span> <span class='ocrx_word' id='word_1_8' title='bbox 1272 578 1389 634; x_wconf 76' lang='lat' dir='ltr'><strong>qua:</strong></span> <span class='ocrx_word' id='word_1_9' title='bbox 1418 562 1487 617; x_wconf 89' lang='lat' dir='ltr'><strong>de</strong></span> <span class='ocrx_word' id='word_1_10' title='bbox 1516 561 1600 616; x_wconf 86' lang='lat' dir='ltr'><strong>his</strong></span> <span class='ocrx_word' id='word_1_11' title='bbox 1627 559 1709 616; x_wconf 85' lang='lat' dir='ltr'><strong>di-</strong></span> 
     </span>
    </p>
   </div>
   <div class='ocr_carea' id='block_1_2' title="bbox 145 654 1769 727">
    <p class='ocr_par' dir='ltr' id='par_1_2' title="bbox 145 654 1769 727">
     <span class='ocr_line' id='line_1_2' title="bbox 145 654 1769 727; baseline -0.014 0"><span class='ocrx_word' id='word_1_12' title='bbox 145 673 213 727; x_wconf 85' lang='lat' dir='ltr'><strong>cit</strong></span> <span class='ocrx_word' id='word_1_13' title='bbox 238 669 477 725; x_wconf 83' lang='lat' dir='ltr'><strong>Christus</strong></span> <span class='ocrx_word' id='word_1_14' title='bbox 508 682 521 717; x_wconf 90' lang='lat'><strong>:</strong></span> <span class='ocrx_word' id='word_1_15' title='bbox 562 662 753 717; x_wconf 80' lang='lat' dir='ltr'><strong>Vermis</strong></span> <span class='ocrx_word' id='word_1_16' title='bbox 776 676 948 714; x_wconf 87' lang='lat' dir='ltr'><strong>eorum</strong></span> <span class='ocrx_word' id='word_1_17' title='bbox 972 674 1072 712; x_wconf 86' lang='lat' dir='ltr'><strong>non</strong></span> <span class='ocrx_word' id='word_1_18' title='bbox 1100 659 1359 722; x_wconf 89' lang='lat' dir='ltr'><strong>morietur,</strong></span> <span class='ocrx_word' id='word_1_19' title='bbox 1391 666 1436 710; x_wconf 87' lang='lat' dir='ltr'><strong>et</strong></span> <span class='ocrx_word' id='word_1_20' title='bbox 1458 654 1590 725; x_wconf 86' lang='lat' dir='ltr'><strong>ignis</strong></span> <span class='ocrx_word' id='word_1_21' title='bbox 1619 669 1718 707; x_wconf 89' lang='lat' dir='ltr'><strong>non</strong></span> <span class='ocrx_word' id='word_1_22' title='bbox 1768 682 1769 685; x_wconf 59' lang='grc' dir='ltr'><strong>η</strong></span> 
     </span>
    </p>
   </div>
   <div class='ocr_carea' id='block_1_3' title="bbox 148 744 1717 831">
    <p class='ocr_par' dir='ltr' id='par_1_3' title="bbox 148 744 1717 831">
     <span class='ocr_line' id='line_1_3' title="bbox 148 744 1717 831; baseline -0.013 -14"><span class='ocrx_word' id='word_1_23' title='bbox 148 763 479 831; x_wconf 70' lang='lat' dir='ltr'><strong>exstinguetur</strong></span> <span class='ocrx_word' id='word_1_24' title='bbox 508 755 528 825; x_wconf 90' lang='lat'><strong>(</strong></span> <span class='ocrx_word' id='word_1_25' title='bbox 554 753 715 809; x_wconf 78' lang='lat' dir='ltr'><strong>Marc.</strong></span> <span class='ocrx_word' id='word_1_26' title='bbox 760 752 813 808; x_wconf 90' lang='lat'><strong>9.</strong></span> <span class='ocrx_word' id='word_1_27' title='bbox 838 751 907 807; x_wconf 71' lang='lat'><strong>45</strong></span> <span class='ocrx_word' id='word_1_28' title='bbox 930 750 969 821; x_wconf 92' lang='lat'><strong>).</strong></span> <span class='ocrx_word' id='word_1_29' title='bbox 1005 748 1164 817; x_wconf 33' lang='lat' dir='ltr'><strong>,Nulla</strong></span> <span class='ocrx_word' id='word_1_30' title='bbox 1192 748 1334 802; x_wconf 90' lang='lat' dir='ltr'><strong>enim</strong></span> <span class='ocrx_word' id='word_1_31' title='bbox 1364 746 1518 801; x_wconf 73' lang='lat' dir='ltr'><strong>venia</strong></span> <span class='ocrx_word' id='word_1_32' title='bbox 1547 746 1596 800; x_wconf 89' lang='lat' dir='ltr'><strong>ei</strong></span> <span class='ocrx_word' id='word_1_33' title='bbox 1629 744 1717 814; x_wconf 87' lang='lat' dir='ltr'><strong>qui</strong></span> 
     </span>
    </p>
   </div>
   <div class='ocr_carea' id='block_1_4' title="bbox 146 835 1719 905">
    <p class='ocr_par' dir='ltr' id='par_1_4' title="bbox 146 835 1719 905">
     <span class='ocr_line' id='line_1_4' title="bbox 146 835 1719 905; baseline -0.01 -1"><span class='ocrx_word' id='word_1_34' title='bbox 146 853 316 905; x_wconf 75' lang='lat' dir='ltr'><strong>uxoris</strong></span> <span class='ocrx_word' id='word_1_35' title='bbox 336 846 757 903; x_wconf 76' lang='lat' dir='ltr'><strong>consolationem</strong></span> <span class='ocrx_word' id='word_1_36' title='bbox 780 841 1014 905; x_wconf 86' lang='lat' dir='ltr'><strong>habens,</strong></span> <span class='ocrx_word' id='word_1_37' title='bbox 1049 840 1193 893; x_wconf 83' lang='lat' dir='ltr'><strong>illam</strong></span> <span class='ocrx_word' id='word_1_38' title='bbox 1220 880 1234 905; x_wconf 95' lang='lat'><strong>,</strong></span> <span class='ocrx_word' id='word_1_39' title='bbox 1263 837 1433 893; x_wconf 88' lang='lat' dir='ltr'><strong>altera</strong></span> <span class='ocrx_word' id='word_1_40' title='bbox 1461 835 1719 901; x_wconf 84' lang='lat' dir='ltr'><strong>admissa,</strong></span> 
     </span>
    </p>
   </div>
   <div class='ocr_carea' id='block_1_5' title="bbox 146 926 1721 1001">
    <p class='ocr_par' dir='ltr' id='par_1_5' title="bbox 146 926 1721 1001">
     <span class='ocr_line' id='line_1_5' title="bbox 146 926 1721 1001; baseline -0.01 -6"><span class='ocrx_word' id='word_1_41' title='bbox 146 937 459 995; x_wconf 74' lang='lat' dir='ltr'><strong>contumelia</strong></span> <span class='ocrx_word' id='word_1_42' title='bbox 503 933 853 991; x_wconf 79' lang='lat' dir='ltr'><strong>allicit:th</strong></span> <span class='ocrx_word' id='word_1_43' title='bbox 892 930 1088 1001; x_wconf 82' lang='lat' dir='ltr'><strong>quippe</strong></span> <span class='ocrx_word' id='word_1_44' title='bbox 1138 926 1549 998; x_wconf 80' lang='lat' dir='ltr'><strong>intemperantia</strong></span> <span class='ocrx_word' id='word_1_45' title='bbox 1598 941 1721 980; x_wconf 85' lang='lat' dir='ltr'><strong>vere</strong></span> 
     </span>
    </p>
   </div>
   <div class='ocr_carea' id='block_1_6' title="bbox 146 1014 1722 1096">
    <p class='ocr_par' dir='ltr' id='par_1_6' title="bbox 146 1014 1722 1096">
     <span class='ocr_line' id='line_1_6' title="bbox 146 1014 1722 1096; baseline -0.01 -11"><span class='ocrx_word' id='word_1_46' title='bbox 146 1040 243 1085; x_wconf 89' lang='lat' dir='ltr'><strong>est.</strong></span> <span class='ocrx_word' id='word_1_47' title='bbox 281 1028 431 1096; x_wconf 85' lang='lat' dir='ltr'><strong>Quod</strong></span> <span class='ocrx_word' id='word_1_48' title='bbox 478 1027 523 1082; x_wconf 91' lang='lat' dir='ltr'><strong>si</strong></span> <span class='ocrx_word' id='word_1_49' title='bbox 581 1023 732 1081; x_wconf 89' lang='lat' dir='ltr'><strong>multi</strong></span> <span class='ocrx_word' id='word_1_50' title='bbox 762 1020 1035 1094; x_wconf 80' lang='lat' dir='ltr'><strong>jejunandi</strong></span> <span class='ocrx_word' id='word_1_51' title='bbox 1081 1029 1133 1076; x_wconf 91' lang='lat' dir='ltr'><strong>et</strong></span> <span class='ocrx_word' id='word_1_52' title='bbox 1169 1017 1421 1089; x_wconf 88' lang='lat' dir='ltr'><strong>precandi</strong></span> <span class='ocrx_word' id='word_1_53' title='bbox 1468 1030 1627 1072; x_wconf 88' lang='lat' dir='ltr'><strong>causa</strong></span> <span class='ocrx_word' id='word_1_54' title='bbox 1655 1014 1722 1070; x_wconf 86' lang='lat' dir='ltr'><strong>ab</strong></span> 
     </span>
    </p>
   </div>
   <div class='ocr_carea' id='block_1_7' title="bbox 147 1106 1720 1184">
    <p class='ocr_par' dir='ltr' id='par_1_7' title="bbox 147 1106 1720 1184">
     <span class='ocr_line' id='line_1_7' title="bbox 147 1106 1720 1184; baseline -0.008 -11"><span class='ocrx_word' id='word_1_55' title='bbox 147 1134 307 1175; x_wconf 76' lang='lat' dir='ltr'><strong>uxore</strong></span> <span class='ocrx_word' id='word_1_56' title='bbox 335 1117 636 1182; x_wconf 82' lang='lat' dir='ltr'><strong>abstinent;</strong></span> <span class='ocrx_word' id='word_1_57' title='bbox 684 1113 773 1184; x_wconf 89' lang='lat' dir='ltr'><strong>qui</strong></span> <span class='ocrx_word' id='word_1_58' title='bbox 801 1129 897 1167; x_wconf 86' lang='lat' dir='ltr'><strong>sua</strong></span> <span class='ocrx_word' id='word_1_59' title='bbox 931 1126 1035 1166; x_wconf 92' lang='lat' dir='ltr'><strong>non</strong></span> <span class='ocrx_word' id='word_1_60' title='bbox 1064 1119 1350 1165; x_wconf 89' lang='lat' dir='ltr'><strong>contentus</strong></span> <span class='ocrx_word' id='word_1_61' title='bbox 1373 1108 1593 1163; x_wconf 83' lang='lat' dir='ltr'><strong>alteram</strong></span> <span class='ocrx_word' id='word_1_62' title='bbox 1623 1106 1720 1161; x_wconf 87' lang='lat' dir='ltr'><strong>ad-</strong></span> 
     </span>
    </p>
   </div>
   <div class='ocr_carea' id='block_1_8' title="bbox 148 1197 1722 1277">
    <p class='ocr_par' dir='ltr' id='par_1_8' title="bbox 148 1197 1722 1277">
     <span class='ocr_line' id='line_1_8' title="bbox 148 1197 1722 1277; baseline -0.008 -14"><span class='ocrx_word' id='word_1_63' title='bbox 148 1209 332 1272; x_wconf 89' lang='lat' dir='ltr'><strong>mittit,</strong></span> <span class='ocrx_word' id='word_1_64' title='bbox 378 1217 631 1277; x_wconf 89' lang='lat' dir='ltr'><strong>quantum</strong></span> <span class='ocrx_word' id='word_1_65' title='bbox 663 1204 761 1259; x_wconf 89' lang='lat' dir='ltr'><strong>sibi</strong></span> <span class='ocrx_word' id='word_1_66' title='bbox 794 1204 970 1274; x_wconf 80' lang='lat' dir='ltr'><strong>ignem</strong></span> <span class='ocrx_word' id='word_1_67' title='bbox 997 1198 1341 1256; x_wconf 81' lang='lat' dir='ltr'><strong>accumulat?</strong></span> <span class='ocrx_word' id='word_1_68' title='bbox 1380 1198 1434 1255; x_wconf 92' lang='lat' dir='ltr'><strong>Si</strong></span> <span class='ocrx_word' id='word_1_69' title='bbox 1465 1213 1569 1253; x_wconf 92' lang='lat' dir='ltr'><strong>non</strong></span> <span class='ocrx_word' id='word_1_70' title='bbox 1599 1197 1722 1252; x_wconf 89' lang='lat' dir='ltr'><strong>licet</strong></span> 
     </span>
    </p>
   </div>
   <div class='ocr_carea' id='block_1_9' title="bbox 148 1290 1726 1371">
    <p class='ocr_par' dir='ltr' id='par_1_9' title="bbox 148 1290 1726 1371">
     <span class='ocr_line' id='line_1_9' title="bbox 148 1290 1726 1371; baseline -0.008 -15"><span class='ocrx_word' id='word_1_71' title='bbox 148 1300 192 1356; x_wconf 92' lang='lat' dir='ltr'><strong>ei</strong></span> <span class='ocrx_word' id='word_1_72' title='bbox 220 1300 308 1371; x_wconf 89' lang='lat' dir='ltr'><strong>qui</strong></span> <span class='ocrx_word' id='word_1_73' title='bbox 335 1312 555 1353; x_wconf 74' lang='lat' dir='ltr'><strong>uxorem</strong></span> <span class='ocrx_word' id='word_1_74' title='bbox 578 1294 874 1366; x_wconf 80' lang='lat' dir='ltr'><strong>repudiavit</strong></span> <span class='ocrx_word' id='word_1_75' title='bbox 898 1302 955 1349; x_wconf 89' lang='lat' dir='ltr'><strong>et</strong></span> <span class='ocrx_word' id='word_1_76' title='bbox 973 1293 1131 1363; x_wconf 85' lang='lat' dir='ltr'><strong>ejecit</strong></span> <span class='ocrx_word' id='word_1_77' title='bbox 1148 1333 1161 1356; x_wconf 94' lang='lat'><strong>,</strong></span> <span class='ocrx_word' id='word_1_78' title='bbox 1192 1307 1311 1347; x_wconf 89' lang='lat' dir='ltr'><strong>cum</strong></span> <span class='ocrx_word' id='word_1_79' title='bbox 1340 1291 1513 1346; x_wconf 88' lang='lat' dir='ltr'><strong>altera</strong></span> <span class='ocrx_word' id='word_1_80' title='bbox 1537 1290 1726 1355; x_wconf 85' lang='lat' dir='ltr'><strong>coire;</strong></span> 
     </span>
    </p>
   </div>
   <div class='ocr_carea' id='block_1_10' title="bbox 150 1380 1727 1460">
    <p class='ocr_par' dir='ltr' id='par_1_10' title="bbox 150 1380 1727 1460">
     <span class='ocr_line' id='line_1_10' title="bbox 150 1380 1727 1460; baseline -0.008 -15"><span class='ocrx_word' id='word_1_81' title='bbox 150 1392 244 1446; x_wconf 91' lang='lat' dir='ltr'><strong>hoc</strong></span> <span class='ocrx_word' id='word_1_82' title='bbox 266 1392 461 1460; x_wconf 83' lang='lat' dir='ltr'><strong>quippe</strong></span> <span class='ocrx_word' id='word_1_83' title='bbox 498 1396 580 1444; x_wconf 88' lang='lat' dir='ltr'><strong>est</strong></span> <span class='ocrx_word' id='word_1_84' title='bbox 607 1385 962 1450; x_wconf 82' lang='lat' dir='ltr'><strong>adulterium;</strong></span> <span class='ocrx_word' id='word_1_85' title='bbox 1013 1384 1103 1455; x_wconf 91' lang='lat' dir='ltr'><strong>qui</strong></span> <span class='ocrx_word' id='word_1_86' title='bbox 1144 1397 1364 1439; x_wconf 78' lang='lat' dir='ltr'><strong>uxorem</strong></span> <span class='ocrx_word' id='word_1_87' title='bbox 1409 1396 1591 1437; x_wconf 90' lang='lat' dir='ltr'><strong>secum</strong></span> <span class='ocrx_word' id='word_1_88' title='bbox 1635 1380 1727 1434; x_wconf 88' lang='lat' dir='ltr'><strong>ha-</strong></span> 
     </span>
    </p>
   </div>
   <div class='ocr_carea' id='block_1_11' title="bbox 148 1470 1728 1547">
    <p class='ocr_par' dir='ltr' id='par_1_11' title="bbox 148 1470 1728 1547">
     <span class='ocr_line' id='line_1_11' title="bbox 148 1470 1728 1547; baseline -0.007 -11"><span class='ocrx_word' id='word_1_89' title='bbox 148 1483 311 1547; x_wconf 89' lang='lat' dir='ltr'><strong>bens,</strong></span> <span class='ocrx_word' id='word_1_90' title='bbox 362 1480 584 1535; x_wconf 82' lang='lat' dir='ltr'><strong>alteram</strong></span> <span class='ocrx_word' id='word_1_91' title='bbox 617 1476 856 1542; x_wconf 87' lang='lat' dir='ltr'><strong>inducit,</strong></span> <span class='ocrx_word' id='word_1_92' title='bbox 904 1484 1161 1545; x_wconf 92' lang='lat' dir='ltr'><strong>quantum</strong></span> <span class='ocrx_word' id='word_1_93' title='bbox 1209 1472 1387 1528; x_wconf 80' lang='lat' dir='ltr'><strong>scelus</strong></span> <span class='ocrx_word' id='word_1_94' title='bbox 1418 1470 1728 1543; x_wconf 80' lang='lat' dir='ltr'><strong>perpetrat?</strong></span> 
     </span>
    </p>
   </div>
   <div class='ocr_carea' id='block_1_12' title="bbox 150 1562 1727 1641">
    <p class='ocr_par' dir='ltr' id='par_1_12' title="bbox 150 1562 1727 1641">
     <span class='ocr_line' id='line_1_12' title="bbox 150 1562 1727 1641; baseline -0.006 -15"><span class='ocrx_word' id='word_1_95' title='bbox 150 1571 310 1626; x_wconf 78' lang='lat' dir='ltr'><strong>Nemo</strong></span> <span class='ocrx_word' id='word_1_96' title='bbox 336 1569 497 1641; x_wconf 78' lang='lat' dir='ltr'><strong>igitur</strong></span> <span class='ocrx_word' id='word_1_97' title='bbox 539 1568 681 1623; x_wconf 86' lang='lat' dir='ltr'><strong>hunc</strong></span> <span class='ocrx_word' id='word_1_98' title='bbox 710 1566 957 1622; x_wconf 86' lang='lat' dir='ltr'><strong>morbum</strong></span> <span class='ocrx_word' id='word_1_99' title='bbox 983 1567 1035 1620; x_wconf 91' lang='lat' dir='ltr'><strong>in</strong></span> <span class='ocrx_word' id='word_1_100' title='bbox 1065 1566 1239 1619; x_wconf 87' lang='lat' dir='ltr'><strong>anima</strong></span> <span class='ocrx_word' id='word_1_101' title='bbox 1274 1562 1509 1619; x_wconf 90' lang='lat' dir='ltr'><strong>insidere</strong></span> <span class='ocrx_word' id='word_1_102' title='bbox 1552 1563 1727 1629; x_wconf 82' lang='lat' dir='ltr'><strong>sinat,</strong></span> 
     </span>
    </p>
   </div>
   <div class='ocr_carea' id='block_1_13' title="bbox 150 1657 1728 1728">
    <p class='ocr_par' dir='ltr' id='par_1_13' title="bbox 150 1657 1728 1728">
     <span class='ocr_line' id='line_1_13' title="bbox 150 1657 1728 1728; baseline -0.007 -9"><span class='ocrx_word' id='word_1_103' title='bbox 150 1663 236 1719; x_wconf 85' lang='lat' dir='ltr'><strong>sed</strong></span> <span class='ocrx_word' id='word_1_104' title='bbox 261 1662 512 1718; x_wconf 85' lang='lat' dir='ltr'><strong>radicitus</strong></span> <span class='ocrx_word' id='word_1_105' title='bbox 533 1659 745 1716; x_wconf 75' lang='lat' dir='ltr'><strong>evellet.</strong></span> <span class='ocrx_word' id='word_1_106' title='bbox 776 1657 957 1728; x_wconf 81' lang='lat' dir='ltr'><strong>Neque</strong></span> <span class='ocrx_word' id='word_1_107' title='bbox 983 1658 1127 1713; x_wconf 90' lang='lat' dir='ltr'><strong>enim</strong></span> <span class='ocrx_word' id='word_1_108' title='bbox 1152 1665 1258 1711; x_wconf 87' lang='lat' dir='ltr'><strong>tam</strong></span> <span class='ocrx_word' id='word_1_109' title='bbox 1282 1670 1505 1711; x_wconf 78' lang='lat' dir='ltr'><strong>uxorem</strong></span> <span class='ocrx_word' id='word_1_110' title='bbox 1527 1696 1542 1722; x_wconf 93' lang='lat'><strong>,</strong></span> <span class='ocrx_word' id='word_1_111' title='bbox 1572 1669 1728 1725; x_wconf 90' lang='lat' dir='ltr'><strong>quam</strong></span> 
     </span>
    </p>
   </div>
   <div class='ocr_carea' id='block_1_14' title="bbox 152 1746 1734 1825">
    <p class='ocr_par' dir='ltr' id='par_1_14' title="bbox 152 1746 1734 1825">
     <span class='ocr_line' id='line_1_14' title="bbox 152 1746 1734 1825; baseline -0.007 -15"><span class='ocrx_word' id='word_1_112' title='bbox 152 1756 375 1825; x_wconf 89' lang='lat' dir='ltr'><strong>scipsnm</strong></span> <span class='ocrx_word' id='word_1_113' title='bbox 406 1751 572 1807; x_wconf 78' lang='lat' dir='ltr'><strong>Ledit.</strong></span> <span class='ocrx_word' id='word_1_114' title='bbox 604 1750 750 1806; x_wconf 87' lang='lat' dir='ltr'><strong>Adeo</strong></span> <span class='ocrx_word' id='word_1_115' title='bbox 779 1760 980 1821; x_wconf 77' lang='lat' dir='ltr'><strong>grave,</strong></span> <span class='ocrx_word' id='word_1_116' title='bbox 1005 1747 1143 1804; x_wconf 89' lang='lat' dir='ltr'><strong>adeo</strong></span> <span class='ocrx_word' id='word_1_117' title='bbox 1168 1747 1321 1804; x_wconf 86' lang='lat' dir='ltr'><strong>venia</strong></span> <span class='ocrx_word' id='word_1_118' title='bbox 1345 1746 1622 1825; x_wconf 84' lang='lat' dir='ltr'><strong>indignum</strong></span> <span class='ocrx_word' id='word_1_119' title='bbox 1650 1756 1734 1800; x_wconf 74' lang='lat' dir='ltr'><strong>e.~t</strong></span> 
     </span>
    </p>
   </div>
   <div class='ocr_carea' id='block_1_15' title="bbox 154 1824 1729 1914">
    <p class='ocr_par' dir='ltr' id='par_1_15' title="bbox 154 1824 1729 1914">
     <span class='ocr_line' id='line_1_15' title="bbox 154 1824 1729 1914; baseline -0.004 -17"><span class='ocrx_word' id='word_1_120' title='bbox 154 1824 248 1898; x_wconf 83' lang='lat' dir='ltr'><strong>hoc</strong></span> <span class='ocrx_word' id='word_1_121' title='bbox 276 1852 580 1914; x_wconf 66' lang='lat' dir='ltr'><strong>pematum,</strong></span> <span class='ocrx_word' id='word_1_122' title='bbox 612 1850 673 1897; x_wconf 90' lang='lat' dir='ltr'><strong>ut</strong></span> <span class='ocrx_word' id='word_1_123' title='bbox 699 1842 744 1897; x_wconf 93' lang='lat' dir='ltr'><strong>si</strong></span> <span class='ocrx_word' id='word_1_124' title='bbox 766 1854 900 1896; x_wconf 81' lang='lat' dir='ltr'><strong>uxor</strong></span> <span class='ocrx_word' id='word_1_125' title='bbox 919 1882 933 1905; x_wconf 90' lang='lat'><strong>,</strong></span> <span class='ocrx_word' id='word_1_126' title='bbox 970 1841 1136 1894; x_wconf 87' lang='lat' dir='ltr'><strong>invito</strong></span> <span class='ocrx_word' id='word_1_127' title='bbox 1164 1824 1393 1909; x_wconf 76' lang='lat' dir='ltr'><strong>conjuge</strong></span> <span class='ocrx_word' id='word_1_128' title='bbox 1422 1839 1583 1893; x_wconf 90' lang='lat' dir='ltr'><strong>etiam</strong></span> <span class='ocrx_word' id='word_1_129' title='bbox 1613 1836 1729 1891; x_wconf 84' lang='lat' dir='ltr'><strong>ido-</strong></span> 
     </span>
    </p>
   </div>
   <div class='ocr_carea' id='block_1_16' title="bbox 154 1927 1728 2003">
    <p class='ocr_par' dir='ltr' id='par_1_16' title="bbox 154 1927 1728 2003">
     <span class='ocr_line' id='line_1_16' title="bbox 154 1927 1728 2003; baseline -0.004 -15"><span class='ocrx_word' id='word_1_130' title='bbox 154 1935 332 1989; x_wconf 82' lang='lat' dir='ltr'><strong>lnlatra</strong></span> <span class='ocrx_word' id='word_1_131' title='bbox 352 1974 367 1998; x_wconf 94' lang='lat'><strong>,</strong></span> <span class='ocrx_word' id='word_1_132' title='bbox 390 1934 458 1988; x_wconf 87' lang='lat' dir='ltr'><strong>ab</strong></span> <span class='ocrx_word' id='word_1_133' title='bbox 484 1934 575 1988; x_wconf 92' lang='lat' dir='ltr'><strong>illo</strong></span> <span class='ocrx_word' id='word_1_134' title='bbox 589 1942 889 2003; x_wconf 86' lang='lat' dir='ltr'><strong>separetur,</strong></span> <span class='ocrx_word' id='word_1_135' title='bbox 921 1946 951 1986; x_wconf 90' lang='lat' dir='ltr'><strong>a</strong></span> <span class='ocrx_word' id='word_1_136' title='bbox 973 1931 1086 1987; x_wconf 90' lang='lat' dir='ltr'><strong>Deo</strong></span> <span class='ocrx_word' id='word_1_137' title='bbox 1114 1930 1381 2001; x_wconf 85' lang='lat' dir='ltr'><strong>puniatur;</strong></span> <span class='ocrx_word' id='word_1_138' title='bbox 1410 1930 1453 1984; x_wconf 88' lang='lat' dir='ltr'><strong>si</strong></span> <span class='ocrx_word' id='word_1_139' title='bbox 1486 1927 1555 1982; x_wconf 89' lang='lat' dir='ltr'><strong>ab</strong></span> <span class='ocrx_word' id='word_1_140' title='bbox 1581 1927 1728 1982; x_wconf 86' lang='lat' dir='ltr'><strong>adul-</strong></span> 
     </span>
    </p>
   </div>
   <div class='ocr_carea' id='block_1_17' title="bbox 154 2019 1730 2093">
    <p class='ocr_par' dir='ltr' id='par_1_17' title="bbox 154 2019 1730 2093">
     <span class='ocr_line' id='line_1_17' title="bbox 154 2019 1730 2093; baseline -0.004 -14"><span class='ocrx_word' id='word_1_141' title='bbox 154 2036 293 2088; x_wconf 87' lang='lat' dir='ltr'><strong>tero,</strong></span> <span class='ocrx_word' id='word_1_142' title='bbox 323 2025 566 2080; x_wconf 90' lang='lat' dir='ltr'><strong>minime.</strong></span> <span class='ocrx_word' id='word_1_143' title='bbox 595 2023 780 2079; x_wconf 81' lang='lat' dir='ltr'><strong>Viden’</strong></span> <span class='ocrx_word' id='word_1_144' title='bbox 804 2034 1059 2093; x_wconf 88' lang='lat' dir='ltr'><strong>quantum</strong></span> <span class='ocrx_word' id='word_1_145' title='bbox 1087 2024 1156 2078; x_wconf 89' lang='lat' dir='ltr'><strong>sit</strong></span> <span class='ocrx_word' id='word_1_146' title='bbox 1182 2022 1283 2077; x_wconf 90' lang='lat' dir='ltr'><strong>hoc</strong></span> <span class='ocrx_word' id='word_1_147' title='bbox 1308 2021 1551 2076; x_wconf 88' lang='lat' dir='ltr'><strong>malum?</strong></span> <span class='ocrx_word' id='word_1_148' title='bbox 1600 2019 1730 2074; x_wconf 86' lang='lat' dir='ltr'><strong>Nam</strong></span> 
     </span>
    </p>
   </div>
   <div class='ocr_carea' id='block_1_18' title="bbox 158 2111 1735 2186">
    <p class='ocr_par' dir='ltr' id='par_1_18' title="bbox 158 2111 1735 2186">
     <span class='ocr_line' id='line_1_18' title="bbox 158 2111 1735 2186; baseline -0.004 -16"><span class='ocrx_word' id='word_1_149' title='bbox 158 2116 214 2170; x_wconf 96' lang='lat' dir='ltr'><strong>Si</strong></span> <span class='ocrx_word' id='word_1_150' title='bbox 237 2118 334 2186; x_wconf 80' lang='lat' dir='ltr'><strong>qua</strong></span> <span class='ocrx_word' id='word_1_151' title='bbox 364 2116 561 2183; x_wconf 80' lang='lat' dir='ltr'><strong>ﬁdelis,</strong></span> <span class='ocrx_word' id='word_1_152' title='bbox 595 2116 803 2186; x_wconf 89' lang='lat' dir='ltr'><strong>inquit,</strong></span> <span class='ocrx_word' id='word_1_153' title='bbox 832 2114 1010 2169; x_wconf 67' lang='lat' dir='ltr'><strong>habeat</strong></span> <span class='ocrx_word' id='word_1_154' title='bbox 1036 2114 1197 2169; x_wconf 77' lang='lat' dir='ltr'><strong>virum</strong></span> <span class='ocrx_word' id='word_1_155' title='bbox 1226 2114 1514 2184; x_wconf 79' lang='lat' dir='ltr'><strong>infidelem,</strong></span> <span class='ocrx_word' id='word_1_156' title='bbox 1546 2121 1591 2165; x_wconf 91' lang='lat' dir='ltr'><strong>et</strong></span> <span class='ocrx_word' id='word_1_157' title='bbox 1628 2111 1735 2182; x_wconf 84' lang='lat' dir='ltr'><strong>ipse</strong></span> 
     </span>
    </p>
   </div>
   <div class='ocr_carea' id='block_1_19' title="bbox 153 2204 1731 2276">
    <p class='ocr_par' dir='ltr' id='par_1_19' title="bbox 153 2204 1731 2276">
     <span class='ocr_line' id='line_1_19' title="bbox 153 2204 1731 2276; baseline -0.001 -18"><span class='ocrx_word' id='word_1_158' title='bbox 153 2207 384 2261; x_wconf 86' lang='lat' dir='ltr'><strong>consentit</strong></span> <span class='ocrx_word' id='word_1_159' title='bbox 403 2206 631 2261; x_wconf 85' lang='lat' dir='ltr'><strong>habitare</strong></span> <span class='ocrx_word' id='word_1_160' title='bbox 648 2222 762 2261; x_wconf 89' lang='lat' dir='ltr'><strong>cum</strong></span> <span class='ocrx_word' id='word_1_161' title='bbox 782 2207 894 2270; x_wconf 89' lang='lat' dir='ltr'><strong>illa,</strong></span> <span class='ocrx_word' id='word_1_162' title='bbox 916 2224 977 2261; x_wconf 88' lang='lat' dir='ltr'><strong>ne</strong></span> <span class='ocrx_word' id='word_1_163' title='bbox 994 2207 1213 2260; x_wconf 90' lang='lat' dir='ltr'><strong>dimittat</strong></span> <span class='ocrx_word' id='word_1_164' title='bbox 1233 2206 1399 2276; x_wconf 81' lang='lat' dir='ltr'><strong>ipsum</strong></span> <span class='ocrx_word' id='word_1_165' title='bbox 1421 2206 1506 2274; x_wconf 84' lang='lat' dir='ltr'><strong>(l.</strong></span> <span class='ocrx_word' id='word_1_166' title='bbox 1529 2204 1648 2259; x_wconf 90' lang='lat' dir='ltr'><strong>Car.</strong></span> <span class='ocrx_word' id='word_1_167' title='bbox 1678 2204 1731 2257; x_wconf 84' lang='lat'><strong>7.</strong></span> 
     </span>
    </p>
   </div>
   <div class='ocr_carea' id='block_1_20' title="bbox 157 2294 1735 2367">
    <p class='ocr_par' dir='ltr' id='par_1_20' title="bbox 157 2294 1735 2367">
     <span class='ocr_line' id='line_1_20' title="bbox 157 2294 1735 2367; baseline -0.003 -17"><span class='ocrx_word' id='word_1_168' title='bbox 157 2297 217 2350; x_wconf 80' lang='lat' dir='ltr'><strong>l3</strong></span> <span class='ocrx_word' id='word_1_169' title='bbox 238 2299 277 2367; x_wconf 84' lang='lat'><strong>).</strong></span> <span class='ocrx_word' id='word_1_170' title='bbox 322 2297 394 2350; x_wconf 88' lang='lat' dir='ltr'><strong>De</strong></span> <span class='ocrx_word' id='word_1_171' title='bbox 422 2297 666 2353; x_wconf 89' lang='lat' dir='ltr'><strong>adultera</strong></span> <span class='ocrx_word' id='word_1_172' title='bbox 714 2310 870 2352; x_wconf 88' lang='lat' dir='ltr'><strong>secus</strong></span> <span class='ocrx_word' id='word_1_173' title='bbox 895 2314 911 2361; x_wconf 88' lang='lat'><strong>;</strong></span> <span class='ocrx_word' id='word_1_174' title='bbox 947 2296 1040 2351; x_wconf 89' lang='lat' dir='ltr'><strong>sed</strong></span> <span class='ocrx_word' id='word_1_175' title='bbox 1068 2296 1235 2365; x_wconf 73' lang='lat' dir='ltr'><strong>quid?</strong></span> <span class='ocrx_word' id='word_1_176' title='bbox 1262 2294 1323 2349; x_wconf 85' lang='lat' dir='ltr'><strong>Si</strong></span> <span class='ocrx_word' id='word_1_177' title='bbox 1352 2295 1461 2364; x_wconf 90' lang='lat' dir='ltr'><strong>quis</strong></span> <span class='ocrx_word' id='word_1_178' title='bbox 1487 2294 1735 2347; x_wconf 73' lang='lat' dir='ltr'><strong>dimiserit</strong></span> 
     </span>
    </p>
   </div>
   <div class='ocr_carea' id='block_1_21' title="bbox 156 2385 1735 2458">
    <p class='ocr_par' dir='ltr' id='par_1_21' title="bbox 156 2385 1735 2458">
     <span class='ocr_line' id='line_1_21' title="bbox 156 2385 1735 2458; baseline -0.003 -17"><span class='ocrx_word' id='word_1_179' title='bbox 156 2404 354 2441; x_wconf 74' lang='lat' dir='ltr'><strong>uxorem</strong></span> <span class='ocrx_word' id='word_1_180' title='bbox 396 2404 541 2441; x_wconf 88' lang='lat' dir='ltr'><strong>suam</strong></span> <span class='ocrx_word' id='word_1_181' title='bbox 572 2397 753 2458; x_wconf 65' lang='lat' dir='ltr'><strong>preter</strong></span> <span class='ocrx_word' id='word_1_182' title='bbox 796 2403 1002 2441; x_wconf 79' lang='lat' dir='ltr'><strong>causam</strong></span> <span class='ocrx_word' id='word_1_183' title='bbox 1047 2385 1424 2456; x_wconf 79' lang='lat' dir='ltr'><strong>fornicationis,</strong></span> <span class='ocrx_word' id='word_1_184' title='bbox 1471 2386 1591 2455; x_wconf 79' lang='lat' dir='ltr'><strong>facit</strong></span> <span class='ocrx_word' id='word_1_185' title='bbox 1627 2400 1735 2438; x_wconf 85' lang='lat' dir='ltr'><strong>eam</strong></span> 
     </span>
    </p>
   </div>
   <div class='ocr_carea' id='block_1_22' title="bbox 156 2477 1739 2550">
    <p class='ocr_par' dir='ltr' id='par_1_22' title="bbox 156 2477 1739 2550">
     <span class='ocr_line' id='line_1_22' title="bbox 156 2477 1739 2550; baseline 0.001 -21"><span class='ocrx_word' id='word_1_186' title='bbox 156 2479 386 2532; x_wconf 73' lang='lat' dir='ltr'><strong>ntwchari</strong></span> <span class='ocrx_word' id='word_1_187' title='bbox 413 2478 628 2550; x_wconf 69' lang='lat' dir='ltr'><strong>(Matth.</strong></span> <span class='ocrx_word' id='word_1_188' title='bbox 653 2479 706 2533; x_wconf 84' lang='lat'><strong>5.</strong></span> <span class='ocrx_word' id='word_1_189' title='bbox 730 2478 844 2549; x_wconf 77' lang='grc'><strong>52).</strong></span> <span class='ocrx_word' id='word_1_190' title='bbox 873 2478 1007 2533; x_wconf 82' lang='lat' dir='ltr'><strong>Nam</strong></span> <span class='ocrx_word' id='word_1_191' title='bbox 1030 2479 1073 2532; x_wconf 90' lang='lat' dir='ltr'><strong>si</strong></span> <span class='ocrx_word' id='word_1_192' title='bbox 1100 2477 1401 2548; x_wconf 84' lang='lat' dir='ltr'><strong>conjugium</strong></span> <span class='ocrx_word' id='word_1_193' title='bbox 1430 2492 1591 2532; x_wconf 90' lang='lat' dir='ltr'><strong>unum</strong></span> <span class='ocrx_word' id='word_1_194' title='bbox 1621 2492 1739 2531; x_wconf 85' lang='lat' dir='ltr'><strong>cor-</strong></span> 
     </span>
    </p>
   </div>
   <div class='ocr_carea' id='block_1_23' title="bbox 158 2568 1736 2640">
    <p class='ocr_par' dir='ltr' id='par_1_23' title="bbox 158 2568 1736 2640">
     <span class='ocr_line' id='line_1_23' title="bbox 158 2568 1736 2640; baseline 0 -20"><span class='ocrx_word' id='word_1_195' title='bbox 158 2585 247 2637; x_wconf 85' lang='lat' dir='ltr'><strong>pus</strong></span> <span class='ocrx_word' id='word_1_196' title='bbox 292 2568 449 2635; x_wconf 88' lang='lat' dir='ltr'><strong>facit;</strong></span> <span class='ocrx_word' id='word_1_197' title='bbox 498 2570 542 2623; x_wconf 88' lang='lat' dir='ltr'><strong>si</strong></span> <span class='ocrx_word' id='word_1_198' title='bbox 576 2569 695 2640; x_wconf 87' lang='lat' dir='ltr'><strong>quis</strong></span> <span class='ocrx_word' id='word_1_199' title='bbox 721 2584 841 2623; x_wconf 91' lang='lat' dir='ltr'><strong>cum</strong></span> <span class='ocrx_word' id='word_1_200' title='bbox 872 2570 1157 2625; x_wconf 83' lang='lat' dir='ltr'><strong>meretrice</strong></span> <span class='ocrx_word' id='word_1_201' title='bbox 1206 2577 1392 2635; x_wconf 85' lang='lat' dir='ltr'><strong>coeat,</strong></span> <span class='ocrx_word' id='word_1_202' title='bbox 1426 2584 1589 2623; x_wconf 90' lang='lat' dir='ltr'><strong>unum</strong></span> <span class='ocrx_word' id='word_1_203' title='bbox 1617 2584 1736 2622; x_wconf 88' lang='lat' dir='ltr'><strong>cum</strong></span> 
     </span>
    </p>
   </div>
   <div class='ocr_carea' id='block_1_24' title="bbox 157 2660 1736 2731">
    <p class='ocr_par' dir='ltr' id='par_1_24' title="bbox 157 2660 1736 2731">
     <span class='ocr_line' id='line_1_24' title="bbox 157 2660 1736 2731; baseline 0.001 -18"><span class='ocrx_word' id='word_1_204' title='bbox 157 2661 234 2713; x_wconf 90' lang='lat' dir='ltr'><strong>illa</strong></span> <span class='ocrx_word' id='word_1_205' title='bbox 261 2675 455 2730; x_wconf 81' lang='lat' dir='ltr'><strong>Curp&#39;ts</strong></span> <span class='ocrx_word' id='word_1_206' title='bbox 486 2660 734 2715; x_wconf 81' lang='lat' dir='ltr'><strong>efﬁcitur.</strong></span> <span class='ocrx_word' id='word_1_207' title='bbox 778 2660 1058 2728; x_wconf 82' lang='lat' dir='ltr'><strong>Quomodo</strong></span> <span class='ocrx_word' id='word_1_208' title='bbox 1092 2675 1219 2731; x_wconf 85' lang='lat' dir='ltr'><strong>ergo</strong></span> <span class='ocrx_word' id='word_1_209' title='bbox 1252 2661 1474 2715; x_wconf 86' lang='lat' dir='ltr'><strong>honesta</strong></span> <span class='ocrx_word' id='word_1_210' title='bbox 1506 2660 1698 2714; x_wconf 59' lang='lat' dir='ltr'><strong>ntulicr</strong></span> <span class='ocrx_word' id='word_1_211' title='bbox 1721 2701 1736 2721; x_wconf 85' lang='lat'><strong>.</strong></span> 
     </span>
    </p>
   </div>
   <div class='ocr_carea' id='block_1_25' title="bbox 154 2750 1740 2821">
    <p class='ocr_par' dir='ltr' id='par_1_25' title="bbox 154 2750 1740 2821">
     <span class='ocr_line' id='line_1_25' title="bbox 154 2750 1740 2821; baseline 0.001 -19"><span class='ocrx_word' id='word_1_212' title='bbox 154 2767 267 2821; x_wconf 78' lang='lat' dir='ltr'><strong>qua:</strong></span> <span class='ocrx_word' id='word_1_213' title='bbox 295 2760 377 2807; x_wconf 83' lang='lat' dir='ltr'><strong>est</strong></span> <span class='ocrx_word' id='word_1_214' title='bbox 406 2752 705 2807; x_wconf 88' lang='lat' dir='ltr'><strong>membrum</strong></span> <span class='ocrx_word' id='word_1_215' title='bbox 748 2751 986 2817; x_wconf 83' lang='lat' dir='ltr'><strong>Christi,</strong></span> <span class='ocrx_word' id='word_1_216' title='bbox 1036 2752 1196 2806; x_wconf 90' lang='lat' dir='ltr'><strong>talem</strong></span> <span class='ocrx_word' id='word_1_217' title='bbox 1243 2752 1413 2805; x_wconf 74' lang='lat' dir='ltr'><strong>virum</strong></span> <span class='ocrx_word' id='word_1_218' title='bbox 1455 2750 1740 2805; x_wconf 77' lang='lat' dir='ltr'><strong>admittat?</strong></span> 
     </span>
    </p>
   </div>
   <div class='ocr_carea' id='block_1_26' title="bbox 154 2842 1740 2913">
    <p class='ocr_par' dir='ltr' id='par_1_26' title="bbox 154 2842 1740 2913">
     <span class='ocr_line' id='line_1_26' title="bbox 154 2842 1740 2913; baseline 0.001 -18"><span class='ocrx_word' id='word_1_219' title='bbox 154 2854 239 2895; x_wconf 86' lang='lat' dir='ltr'><strong>aut</strong></span> <span class='ocrx_word' id='word_1_220' title='bbox 286 2842 557 2913; x_wconf 88' lang='lat' dir='ltr'><strong>quomodo</strong></span> <span class='ocrx_word' id='word_1_221' title='bbox 598 2842 697 2897; x_wconf 87' lang='lat' dir='ltr'><strong>sibi</strong></span> <span class='ocrx_word' id='word_1_222' title='bbox 736 2843 925 2913; x_wconf 86' lang='lat' dir='ltr'><strong>junget</strong></span> <span class='ocrx_word' id='word_1_223' title='bbox 968 2843 1263 2899; x_wconf 86' lang='lat' dir='ltr'><strong>membrum</strong></span> <span class='ocrx_word' id='word_1_224' title='bbox 1306 2844 1643 2905; x_wconf 50' lang='lat' dir='ltr'><strong>merenﬁeisi</strong></span> <span class='ocrx_word' id='word_1_225' title='bbox 1676 2844 1740 2898; x_wconf 75' lang='lat' dir='ltr'><strong>Et</strong></span> 
     </span>
    </p>
   </div>
   <div class='ocr_carea' id='block_1_27' title="bbox 158 2932 1739 3002">
    <p class='ocr_par' dir='ltr' id='par_1_27' title="bbox 158 2932 1739 3002">
     <span class='ocr_line' id='line_1_27' title="bbox 158 2932 1739 3002; baseline 0.003 -18"><span class='ocrx_word' id='word_1_226' title='bbox 158 2932 270 2987; x_wconf 90' lang='lat' dir='ltr'><strong>vide</strong></span> <span class='ocrx_word' id='word_1_227' title='bbox 294 2948 454 3002; x_wconf 88' lang='lat' dir='ltr'><strong>quam</strong></span> <span class='ocrx_word' id='word_1_228' title='bbox 483 2934 615 2987; x_wconf 87' lang='lat' dir='ltr'><strong>mira</strong></span> <span class='ocrx_word' id='word_1_229' title='bbox 639 2948 725 2990; x_wconf 76' lang='lat' dir='ltr'><strong>res</strong></span> <span class='ocrx_word' id='word_1_230' title='bbox 747 2935 833 2986; x_wconf 89' lang='lat' dir='ltr'><strong>sit.</strong></span> <span class='ocrx_word' id='word_1_231' title='bbox 862 2932 992 3001; x_wconf 69' lang='lat' dir='ltr'><strong>Qua:</strong></span> <span class='ocrx_word' id='word_1_232' title='bbox 1013 2947 1133 2987; x_wconf 90' lang='lat' dir='ltr'><strong>cum</strong></span> <span class='ocrx_word' id='word_1_233' title='bbox 1158 2932 1356 2988; x_wconf 79' lang='lat' dir='ltr'><strong>infideli</strong></span> <span class='ocrx_word' id='word_1_234' title='bbox 1385 2933 1608 2997; x_wconf 87' lang='lat' dir='ltr'><strong>habitat,</strong></span> <span class='ocrx_word' id='word_1_235' title='bbox 1634 2947 1739 2988; x_wconf 90' lang='lat' dir='ltr'><strong>non</strong></span> 
     </span>
    </p>
   </div>
   <div class='ocr_carea' id='block_1_28' title="bbox 156 3023 1742 3094">
    <p class='ocr_par' dir='ltr' id='par_1_28' title="bbox 156 3023 1742 3094">
     <span class='ocr_line' id='line_1_28' title="bbox 156 3023 1742 3094; baseline 0.001 -17"><span class='ocrx_word' id='word_1_236' title='bbox 156 3033 233 3077; x_wconf 84' lang='lat' dir='ltr'><strong>est</strong></span> <span class='ocrx_word' id='word_1_237' title='bbox 261 3026 469 3094; x_wconf 84' lang='lat' dir='ltr'><strong>impura</strong></span> <span class='ocrx_word' id='word_1_238' title='bbox 498 3024 517 3094; x_wconf 94' lang='lat'><strong>(</strong></span> <span class='ocrx_word' id='word_1_239' title='bbox 541 3039 661 3077; x_wconf 82' lang='lat' dir='ltr'><strong>nam</strong></span> <span class='ocrx_word' id='word_1_240' title='bbox 691 3023 1053 3091; x_wconf 79' lang='lat' dir='ltr'><strong>Sanctiﬁcatus</strong></span> <span class='ocrx_word' id='word_1_241' title='bbox 1078 3032 1149 3077; x_wconf 89' lang='lat' dir='ltr'><strong>est</strong></span> <span class='ocrx_word' id='word_1_242' title='bbox 1176 3063 1190 3088; x_wconf 86' lang='lat'><strong>,</strong></span> <span class='ocrx_word' id='word_1_243' title='bbox 1223 3024 1427 3093; x_wconf 76' lang='lat' dir='ltr'><strong>inquit,</strong></span> <span class='ocrx_word' id='word_1_244' title='bbox 1460 3026 1534 3077; x_wconf 83' lang='lat' dir='ltr'><strong>vir</strong></span> <span class='ocrx_word' id='word_1_245' title='bbox 1558 3023 1742 3093; x_wconf 83' lang='lat' dir='ltr'><strong>inﬁde-</strong></span> 
     </span>
    </p>
   </div>
   <div class='ocr_carea' id='block_1_29' title="bbox 158 3100 1737 3186">
    <p class='ocr_par' dir='ltr' id='par_1_29' title="bbox 158 3100 1737 3186">
     <span class='ocr_line' id='line_1_29' title="bbox 158 3100 1737 3186; baseline 0.001 -17"><span class='ocrx_word' id='word_1_246' title='bbox 158 3111 224 3169; x_wconf 73' lang='lat' dir='ltr'><strong>Iis&#39;</strong></span> <span class='ocrx_word' id='word_1_247' title='bbox 239 3118 289 3169; x_wconf 89' lang='lat' dir='ltr'><strong>in</strong></span> <span class='ocrx_word' id='word_1_248' title='bbox 317 3116 527 3169; x_wconf 80' lang='lat' dir='ltr'><strong>muliere</strong></span> <span class='ocrx_word' id='word_1_249' title='bbox 558 3116 647 3186; x_wconf 75' lang='lat' dir='ltr'><strong>(l.</strong></span> <span class='ocrx_word' id='word_1_250' title='bbox 677 3100 796 3171; x_wconf 82' lang='lat' dir='ltr'><strong>Cor.</strong></span> <span class='ocrx_word' id='word_1_251' title='bbox 822 3117 875 3170; x_wconf 89' lang='grc'><strong>7.</strong></span> <span class='ocrx_word' id='word_1_252' title='bbox 908 3117 1008 3184; x_wconf 62' lang='lat' dir='ltr'><strong>li)</strong></span> <span class='ocrx_word' id='word_1_253' title='bbox 1046 3133 1060 3170; x_wconf 90' lang='lat'><strong>:</strong></span> <span class='ocrx_word' id='word_1_254' title='bbox 1093 3116 1160 3170; x_wconf 87' lang='lat' dir='ltr'><strong>de</strong></span> <span class='ocrx_word' id='word_1_255' title='bbox 1190 3120 1476 3171; x_wconf 89' lang='lat' dir='ltr'><strong>meretrice</strong></span> <span class='ocrx_word' id='word_1_256' title='bbox 1507 3130 1611 3170; x_wconf 93' lang='lat' dir='ltr'><strong>non</strong></span> <span class='ocrx_word' id='word_1_257' title='bbox 1638 3116 1737 3181; x_wconf 89' lang='lat' dir='ltr'><strong>sic,</strong></span> 
     </span>
    </p>
   </div>
   <div class='ocr_carea' id='block_1_30' title="bbox 157 3205 1741 3278">
    <p class='ocr_par' dir='ltr' id='par_1_30' title="bbox 157 3205 1741 3278">
     <span class='ocr_line' id='line_1_30' title="bbox 157 3205 1741 3278; baseline 0 -17"><span class='ocrx_word' id='word_1_258' title='bbox 157 3210 245 3262; x_wconf 84' lang='lat' dir='ltr'><strong>sed</strong></span> <span class='ocrx_word' id='word_1_259' title='bbox 270 3207 585 3278; x_wconf 74' lang='lat' dir='ltr'><strong>quomodo?</strong></span> <span class='ocrx_word' id='word_1_260' title='bbox 633 3205 839 3262; x_wconf 71' lang='lat' dir='ltr'><strong>Totiens</strong></span> <span class='ocrx_word' id='word_1_261' title='bbox 870 3207 1028 3278; x_wconf 84' lang='lat' dir='ltr'><strong>igitur</strong></span> <span class='ocrx_word' id='word_1_262' title='bbox 1052 3206 1275 3261; x_wconf 83' lang='lat' dir='ltr'><strong>membra</strong></span> <span class='ocrx_word' id='word_1_263' title='bbox 1299 3205 1486 3261; x_wconf 79' lang='lat' dir='ltr'><strong>Christi</strong></span> <span class='ocrx_word' id='word_1_264' title='bbox 1507 3248 1535 3277; x_wconf 16' lang='grc' dir='ltr'><strong>,ν</strong></span> <span class='ocrx_word' id='word_1_265' title='bbox 1552 3207 1741 3275; x_wconf 76' lang='lat' dir='ltr'><strong>faciam</strong></span> 
     </span>
    </p>
   </div>
   <div class='ocr_carea' id='block_1_31' title="bbox 158 3298 1739 3373">
    <p class='ocr_par' dir='ltr' id='par_1_31' title="bbox 158 3298 1739 3373">
     <span class='ocr_line' id='line_1_31' title="bbox 158 3298 1739 3373; baseline 0.002 -21"><span class='ocrx_word' id='word_1_266' title='bbox 158 3302 370 3354; x_wconf 81' lang='lat' dir='ltr'><strong>membra</strong></span> <span class='ocrx_word' id='word_1_267' title='bbox 392 3300 668 3355; x_wconf 75' lang='lat' dir='ltr'><strong>meretricis</strong></span> <span class='ocrx_word' id='word_1_268' title='bbox 692 3299 852 3373; x_wconf 85' lang='lat' dir='ltr'><strong>(Ibid.</strong></span> <span class='ocrx_word' id='word_1_269' title='bbox 871 3300 924 3356; x_wconf 89' lang='lat'><strong>6.</strong></span> <span class='ocrx_word' id='word_1_270' title='bbox 950 3300 1018 3355; x_wconf 83' lang='grc'><strong>15</strong></span> <span class='ocrx_word' id='word_1_271' title='bbox 1040 3299 1096 3369; x_wconf 86' lang='lat'><strong>)?</strong></span> <span class='ocrx_word' id='word_1_272' title='bbox 1123 3299 1233 3355; x_wconf 89' lang='lat' dir='ltr'><strong>Illic</strong></span> <span class='ocrx_word' id='word_1_273' title='bbox 1262 3298 1520 3354; x_wconf 87' lang='lat' dir='ltr'><strong>sanctitas</strong></span> <span class='ocrx_word' id='word_1_274' title='bbox 1543 3310 1739 3367; x_wconf 88' lang='lat' dir='ltr'><strong>manet,</strong></span> 
     </span>
    </p>
   </div>
   <div class='ocr_carea' id='block_1_32' title="bbox 159 3389 1743 3456">
    <p class='ocr_par' dir='ltr' id='par_1_32' title="bbox 159 3389 1743 3456">
     <span class='ocr_line' id='line_1_32' title="bbox 159 3389 1743 3456; baseline 0.001 -13"><span class='ocrx_word' id='word_1_275' title='bbox 159 3391 351 3446; x_wconf 86' lang='lat' dir='ltr'><strong>inlideli</strong></span> <span class='ocrx_word' id='word_1_276' title='bbox 376 3406 504 3447; x_wconf 92' lang='lat' dir='ltr'><strong>cum</strong></span> <span class='ocrx_word' id='word_1_277' title='bbox 527 3391 613 3445; x_wconf 90' lang='lat' dir='ltr'><strong>illa</strong></span> <span class='ocrx_word' id='word_1_278' title='bbox 638 3391 948 3456; x_wconf 87' lang='lat' dir='ltr'><strong>habitante;</strong></span> <span class='ocrx_word' id='word_1_279' title='bbox 980 3390 1106 3445; x_wconf 90' lang='lat' dir='ltr'><strong>hinc</strong></span> <span class='ocrx_word' id='word_1_280' title='bbox 1134 3390 1359 3446; x_wconf 90' lang='lat' dir='ltr'><strong>recedit.</strong></span> <span class='ocrx_word' id='word_1_281' title='bbox 1390 3389 1565 3447; x_wconf 85' lang='lat' dir='ltr'><strong>Grave</strong></span> <span class='ocrx_word' id='word_1_282' title='bbox 1593 3406 1743 3445; x_wconf 86' lang='lat' dir='ltr'><strong>nam-</strong></span> 
     </span>
    </p>
   </div>
   <div class='ocr_carea' id='block_1_33' title="bbox 157 3481 1741 3552">
    <p class='ocr_par' dir='ltr' id='par_1_33' title="bbox 157 3481 1741 3552">
     <span class='ocr_line' id='line_1_33' title="bbox 157 3481 1741 3552; baseline 0.001 -18"><span class='ocrx_word' id='word_1_283' title='bbox 157 3495 255 3548; x_wconf 89' lang='lat' dir='ltr'><strong>que</strong></span> <span class='ocrx_word' id='word_1_284' title='bbox 282 3482 486 3535; x_wconf 89' lang='lat' dir='ltr'><strong>malum</strong></span> <span class='ocrx_word' id='word_1_285' title='bbox 518 3491 599 3536; x_wconf 91' lang='lat' dir='ltr'><strong>est</strong></span> <span class='ocrx_word' id='word_1_286' title='bbox 640 3482 922 3537; x_wconf 76' lang='lat' dir='ltr'><strong>lornicatio</strong></span> <span class='ocrx_word' id='word_1_287' title='bbox 944 3523 958 3549; x_wconf 91' lang='lat'><strong>,</strong></span> <span class='ocrx_word' id='word_1_288' title='bbox 988 3496 1150 3552; x_wconf 86' lang='lat' dir='ltr'><strong>grave</strong></span> <span class='ocrx_word' id='word_1_289' title='bbox 1179 3481 1362 3551; x_wconf 92' lang='lat' dir='ltr'><strong>utique</strong></span> <span class='ocrx_word' id='word_1_290' title='bbox 1384 3521 1397 3547; x_wconf 89' lang='lat'><strong>,</strong></span> <span class='ocrx_word' id='word_1_291' title='bbox 1440 3490 1493 3536; x_wconf 89' lang='lat' dir='ltr'><strong>et</strong></span> <span class='ocrx_word' id='word_1_292' title='bbox 1522 3483 1741 3536; x_wconf 89' lang='lat' dir='ltr'><strong>immor—</strong></span> 
     </span>
    </p>
   </div>
   <div class='ocr_carea' id='block_1_34' title="bbox 1100 445 2356 509">
    <p class='ocr_par' dir='ltr' id='par_1_34' title="bbox 1100 445 2356 509">
     <span class='ocr_line' id='line_1_34' title="bbox 1100 445 2356 509; baseline -0.005 0"><span class='ocrx_word' id='word_1_293' title='bbox 1100 453 1164 508; x_wconf 69' lang='grc' dir='ltr'><strong>ΙΝ</strong></span> <span class='ocrx_word' id='word_1_294' title='bbox 1203 451 1515 509; x_wconf 71' lang='lat' dir='ltr'><strong>JOANNEM</strong></span> <span class='ocrx_word' id='word_1_295' title='bbox 1559 445 1782 506; x_wconf 61' lang='lat' dir='ltr'><strong>notua.</strong></span> <span class='ocrx_word' id='word_1_296' title='bbox 1830 446 2013 504; x_wconf 76' lang='lat' dir='ltr'><strong>l..\&#39;l&#39;V.</strong></span> <span class='ocrx_word' id='word_1_297' title='bbox 2055 448 2124 504; x_wconf 90' lang='lat' dir='ltr'><strong>al.</strong></span> <span class='ocrx_word' id='word_1_298' title='bbox 2168 448 2356 506; x_wconf 71' lang='lat' dir='ltr'><strong>[.Xlll.</strong></span> 
     </span>
    </p>
   </div>
   <div class='ocr_carea' id='block_1_35' title="bbox 3324 450 3419 507">
    <p class='ocr_par' dir='ltr' id='par_1_35' title="bbox 3324 450 3419 507">
     <span class='ocr_line' id='line_1_35' title="bbox 3324 450 3419 507; baseline 0.032 -5"><span class='ocrx_word' id='word_1_299' title='bbox 3324 450 3386 507; x_wconf 72' lang='lat'><strong>35</strong></span> <span class='ocrx_word' id='word_1_300' title='bbox 3401 454 3419 505; x_wconf 85' lang='lat' dir='ltr'><strong>l</strong></span> 
     </span>
    </p>
   </div>
   <div class='ocr_carea' id='block_1_36' title="bbox 1822 557 3421 627">
    <p class='ocr_par' dir='ltr' id='par_1_36' title="bbox 1822 557 3421 627">
     <span class='ocr_line' id='line_1_36' title="bbox 1822 557 3421 627; baseline 0.003 -17"><span class='ocrx_word' id='word_1_301' title='bbox 1822 558 1925 612; x_wconf 88' lang='lat' dir='ltr'><strong>tale</strong></span> <span class='ocrx_word' id='word_1_302' title='bbox 1946 558 2173 613; x_wconf 78' lang='lat' dir='ltr'><strong>affet-ens</strong></span> <span class='ocrx_word' id='word_1_303' title='bbox 2203 558 2545 627; x_wconf 85' lang='lat' dir='ltr'><strong>supplicium.</strong></span> <span class='ocrx_word' id='word_1_304' title='bbox 2577 557 2647 612; x_wconf 81' lang='lat' dir='ltr'><strong>Et</strong></span> <span class='ocrx_word' id='word_1_305' title='bbox 2674 558 2730 613; x_wconf 93' lang='lat' dir='ltr'><strong>in</strong></span> <span class='ocrx_word' id='word_1_306' title='bbox 2760 557 2860 612; x_wconf 88' lang='lat' dir='ltr'><strong>hac</strong></span> <span class='ocrx_word' id='word_1_307' title='bbox 2888 560 2995 615; x_wconf 76' lang='lat' dir='ltr'><strong>vita</strong></span> <span class='ocrx_word' id='word_1_308' title='bbox 3028 558 3306 618; x_wconf 86' lang='lat' dir='ltr'><strong>innumera</strong></span> <span class='ocrx_word' id='word_1_309' title='bbox 3334 571 3421 617; x_wconf 80' lang='lat' dir='ltr'><strong>at-</strong></span> 
     </span>
    </p>
   </div>
   <div class='ocr_carea' id='block_1_37' title="bbox 1825 650 3430 724">
    <p class='ocr_par' dir='ltr' id='par_1_37' title="bbox 1825 650 3430 724">
     <span class='ocr_line' id='line_1_37' title="bbox 1825 650 3430 724; baseline 0.001 -19"><span class='ocrx_word' id='word_1_310' title='bbox 1825 651 1987 705; x_wconf 86' lang='lat' dir='ltr'><strong>trahit</strong></span> <span class='ocrx_word' id='word_1_311' title='bbox 2024 652 2196 714; x_wconf 85' lang='lat' dir='ltr'><strong>mala,</strong></span> <span class='ocrx_word' id='word_1_312' title='bbox 2234 650 2393 703; x_wconf 79' lang='lat' dir='ltr'><strong>vitam</strong></span> <span class='ocrx_word' id='word_1_313' title='bbox 2444 650 2719 717; x_wconf 82' lang='lat' dir='ltr'><strong>miseram,</strong></span> <span class='ocrx_word' id='word_1_314' title='bbox 2769 664 2867 706; x_wconf 90' lang='lat' dir='ltr'><strong>nec</strong></span> <span class='ocrx_word' id='word_1_315' title='bbox 2909 651 3187 707; x_wconf 86' lang='lat' dir='ltr'><strong>meliorem</strong></span> <span class='ocrx_word' id='word_1_316' title='bbox 3216 692 3231 718; x_wconf 90' lang='lat'><strong>,</strong></span> <span class='ocrx_word' id='word_1_317' title='bbox 3262 667 3430 724; x_wconf 82' lang='lat' dir='ltr'><strong>quam</strong></span> 
     </span>
    </p>
   </div>
   <div class='ocr_carea' id='block_1_38' title="bbox 1821 738 3414 812">
    <p class='ocr_par' dir='ltr' id='par_1_38' title="bbox 1821 738 3414 812">
     <span class='ocr_line' id='line_1_38' title="bbox 1821 738 3414 812; baseline -0.001 -16"><span class='ocrx_word' id='word_1_318' title='bbox 1821 757 2005 796; x_wconf 88' lang='lat' dir='ltr'><strong>eorum</strong></span> <span class='ocrx_word' id='word_1_319' title='bbox 2034 742 2123 812; x_wconf 91' lang='lat' dir='ltr'><strong>qui</strong></span> <span class='ocrx_word' id='word_1_320' title='bbox 2155 740 2419 811; x_wconf 87' lang='lat' dir='ltr'><strong>supplicio</strong></span> <span class='ocrx_word' id='word_1_321' title='bbox 2459 738 2787 806; x_wconf 81' lang='lat' dir='ltr'><strong>afﬁciuntur,</strong></span> <span class='ocrx_word' id='word_1_322' title='bbox 2817 740 2943 796; x_wconf 91' lang='lat' dir='ltr'><strong>dum</strong></span> <span class='ocrx_word' id='word_1_323' title='bbox 2971 743 3022 796; x_wconf 92' lang='lat' dir='ltr'><strong>in</strong></span> <span class='ocrx_word' id='word_1_324' title='bbox 3055 743 3284 798; x_wconf 85' lang='lat' dir='ltr'><strong>alienam</strong></span> <span class='ocrx_word' id='word_1_325' title='bbox 3316 742 3414 798; x_wconf 83' lang='lat' dir='ltr'><strong>du—</strong></span> 
     </span>
    </p>
   </div>
   <div class='ocr_carea' id='block_1_39' title="bbox 1822 831 3416 906">
    <p class='ocr_par' dir='ltr' id='par_1_39' title="bbox 1822 831 3416 906">
     <span class='ocr_line' id='line_1_39' title="bbox 1822 831 3416 906; baseline -0.001 -15"><span class='ocrx_word' id='word_1_326' title='bbox 1822 850 1968 891; x_wconf 91' lang='lat' dir='ltr'><strong>mum</strong></span> <span class='ocrx_word' id='word_1_327' title='bbox 2002 833 2180 888; x_wconf 83' lang='lat' dir='ltr'><strong>furtim</strong></span> <span class='ocrx_word' id='word_1_328' title='bbox 2213 845 2266 888; x_wconf 91' lang='lat' dir='ltr'><strong>et</strong></span> <span class='ocrx_word' id='word_1_329' title='bbox 2294 847 2415 887; x_wconf 89' lang='lat' dir='ltr'><strong>cum</strong></span> <span class='ocrx_word' id='word_1_330' title='bbox 2450 840 2685 887; x_wconf 89' lang='lat' dir='ltr'><strong>tremore</strong></span> <span class='ocrx_word' id='word_1_331' title='bbox 2706 831 3024 903; x_wconf 79' lang='lat' dir='ltr'><strong>ingreditur</strong></span> <span class='ocrx_word' id='word_1_332' title='bbox 3049 875 3066 900; x_wconf 91' lang='lat'><strong>,</strong></span> <span class='ocrx_word' id='word_1_333' title='bbox 3118 848 3416 906; x_wconf 84' lang='lat' dir='ltr'><strong>omnesque</strong></span> 
     </span>
    </p>
   </div>
   <div class='ocr_carea' id='block_1_40' title="bbox 1825 923 3417 995">
    <p class='ocr_par' dir='ltr' id='par_1_40' title="bbox 1825 923 3417 995">
     <span class='ocr_line' id='line_1_40' title="bbox 1825 923 3417 995; baseline 0 -16"><span class='ocrx_word' id='word_1_334' title='bbox 1825 935 2105 995; x_wconf 83' lang='lat' dir='ltr'><strong>suspectos</strong></span> <span class='ocrx_word' id='word_1_335' title='bbox 2132 924 2291 980; x_wconf 84' lang='lat' dir='ltr'><strong>habet</strong></span> <span class='ocrx_word' id='word_1_336' title='bbox 2317 965 2331 985; x_wconf 88' lang='lat'><strong>,</strong></span> <span class='ocrx_word' id='word_1_337' title='bbox 2364 934 2468 977; x_wconf 89' lang='lat' dir='ltr'><strong>tam</strong></span> <span class='ocrx_word' id='word_1_338' title='bbox 2500 938 2683 978; x_wconf 77' lang='lat' dir='ltr'><strong>servos</strong></span> <span class='ocrx_word' id='word_1_339' title='bbox 2713 930 2871 995; x_wconf 85' lang='lat' dir='ltr'><strong>quam</strong></span> <span class='ocrx_word' id='word_1_340' title='bbox 2902 924 3120 979; x_wconf 67' lang='lat' dir='ltr'><strong>liberos.</strong></span> <span class='ocrx_word' id='word_1_341' title='bbox 3145 923 3417 994; x_wconf 82' lang='lat' dir='ltr'><strong>Quamob-</strong></span> 
     </span>
    </p>
   </div>
   <div class='ocr_carea' id='block_1_41' title="bbox 1826 1015 3424 1085">
    <p class='ocr_par' dir='ltr' id='par_1_41' title="bbox 1826 1015 3424 1085">
     <span class='ocr_line' id='line_1_41' title="bbox 1826 1015 3424 1085; baseline 0.001 -13"><span class='ocrx_word' id='word_1_342' title='bbox 1826 1033 1937 1072; x_wconf 86' lang='lat' dir='ltr'><strong>rem</strong></span> <span class='ocrx_word' id='word_1_343' title='bbox 1979 1017 2238 1082; x_wconf 78' lang='lat' dir='ltr'><strong>obsecro,</strong></span> <span class='ocrx_word' id='word_1_344' title='bbox 2291 1016 2392 1071; x_wconf 91' lang='lat' dir='ltr'><strong>hoc</strong></span> <span class='ocrx_word' id='word_1_345' title='bbox 2420 1031 2513 1070; x_wconf 89' lang='lat' dir='ltr'><strong>vos</strong></span> <span class='ocrx_word' id='word_1_346' title='bbox 2543 1015 2798 1085; x_wconf 78' lang='lat' dir='ltr'><strong>expedire</strong></span> <span class='ocrx_word' id='word_1_347' title='bbox 2825 1015 3013 1070; x_wconf 74' lang='lat' dir='ltr'><strong>morbo</strong></span> <span class='ocrx_word' id='word_1_348' title='bbox 3055 1016 3275 1071; x_wconf 89' lang='lat' dir='ltr'><strong>curetis.</strong></span> <span class='ocrx_word' id='word_1_349' title='bbox 3328 1016 3424 1073; x_wconf 90' lang='lat' dir='ltr'><strong>Sin</strong></span> 
     </span>
    </p>
   </div>
   <div class='ocr_carea' id='block_1_42' title="bbox 1827 1105 3419 1179">
    <p class='ocr_par' dir='ltr' id='par_1_42' title="bbox 1827 1105 3419 1179">
     <span class='ocr_line' id='line_1_42' title="bbox 1827 1105 3419 1179; baseline -0.003 -14"><span class='ocrx_word' id='word_1_350' title='bbox 1827 1124 1931 1165; x_wconf 85' lang='lat' dir='ltr'><strong>non</strong></span> <span class='ocrx_word' id='word_1_351' title='bbox 1962 1107 2367 1179; x_wconf 86' lang='lat' dir='ltr'><strong>obsequamini,</strong></span> <span class='ocrx_word' id='word_1_352' title='bbox 2402 1122 2469 1162; x_wconf 86' lang='lat' dir='ltr'><strong>ne</strong></span> <span class='ocrx_word' id='word_1_353' title='bbox 2499 1106 2551 1160; x_wconf 86' lang='lat' dir='ltr'><strong>in</strong></span> <span class='ocrx_word' id='word_1_354' title='bbox 2582 1120 2735 1161; x_wconf 85' lang='lat' dir='ltr'><strong>sacra</strong></span> <span class='ocrx_word' id='word_1_355' title='bbox 2766 1105 2948 1160; x_wconf 87' lang='lat' dir='ltr'><strong>limina</strong></span> <span class='ocrx_word' id='word_1_356' title='bbox 2977 1105 3351 1177; x_wconf 85' lang='lat' dir='ltr'><strong>ingrcdiamini</strong></span> <span class='ocrx_word' id='word_1_357' title='bbox 3378 1109 3419 1162; x_wconf 84' lang='grc'><strong>¹.</strong></span> 
     </span>
    </p>
   </div>
   <div class='ocr_carea' id='block_1_43' title="bbox 1828 1198 3421 1269">
    <p class='ocr_par' dir='ltr' id='par_1_43' title="bbox 1828 1198 3421 1269">
     <span class='ocr_line' id='line_1_43' title="bbox 1828 1198 3421 1269; baseline -0.001 -12"><span class='ocrx_word' id='word_1_358' title='bbox 1828 1202 1956 1257; x_wconf 76' lang='lat' dir='ltr'><strong>Nam</strong></span> <span class='ocrx_word' id='word_1_359' title='bbox 1986 1202 2257 1257; x_wconf 82' lang='lat' dir='ltr'><strong>scabiosas</strong></span> <span class='ocrx_word' id='word_1_360' title='bbox 2284 1210 2337 1255; x_wconf 92' lang='lat' dir='ltr'><strong>ct</strong></span> <span class='ocrx_word' id='word_1_361' title='bbox 2368 1198 2642 1253; x_wconf 86' lang='lat' dir='ltr'><strong>morbidas</strong></span> <span class='ocrx_word' id='word_1_362' title='bbox 2669 1211 2798 1253; x_wconf 80' lang='lat' dir='ltr'><strong>oves</strong></span> <span class='ocrx_word' id='word_1_363' title='bbox 2825 1213 2929 1252; x_wconf 90' lang='lat' dir='ltr'><strong>non</strong></span> <span class='ocrx_word' id='word_1_364' title='bbox 2959 1206 3175 1269; x_wconf 90' lang='lat' dir='ltr'><strong>oportet</strong></span> <span class='ocrx_word' id='word_1_365' title='bbox 3199 1199 3250 1253; x_wconf 92' lang='lat' dir='ltr'><strong>in</strong></span> <span class='ocrx_word' id='word_1_366' title='bbox 3284 1198 3421 1255; x_wconf 84' lang='lat' dir='ltr'><strong>bene</strong></span> 
     </span>
    </p>
   </div>
   <div class='ocr_carea' id='block_1_44' title="bbox 1830 1288 3420 1362">
    <p class='ocr_par' dir='ltr' id='par_1_44' title="bbox 1830 1288 3420 1362">
     <span class='ocr_line' id='line_1_44' title="bbox 1830 1288 3420 1362; baseline -0.003 -15"><span class='ocrx_word' id='word_1_367' title='bbox 1830 1293 2115 1348; x_wconf 82' lang='lat' dir='ltr'><strong>valentium</strong></span> <span class='ocrx_word' id='word_1_368' title='bbox 2140 1306 2300 1362; x_wconf 78' lang='lat' dir='ltr'><strong>grege</strong></span> <span class='ocrx_word' id='word_1_369' title='bbox 2330 1290 2532 1345; x_wconf 62' lang='lat' dir='ltr'><strong>versari</strong></span> <span class='ocrx_word' id='word_1_370' title='bbox 2556 1331 2569 1353; x_wconf 89' lang='lat'><strong>,</strong></span> <span class='ocrx_word' id='word_1_371' title='bbox 2604 1288 2698 1343; x_wconf 84' lang='lat' dir='ltr'><strong>sed</strong></span> <span class='ocrx_word' id='word_1_372' title='bbox 2726 1288 2794 1343; x_wconf 87' lang='lat' dir='ltr'><strong>ab</strong></span> <span class='ocrx_word' id='word_1_373' title='bbox 2817 1289 2942 1344; x_wconf 80' lang='lat' dir='ltr'><strong>ovili</strong></span> <span class='ocrx_word' id='word_1_374' title='bbox 2971 1288 3247 1359; x_wconf 68' lang='lat' dir='ltr'><strong>cxigendm</strong></span> <span class='ocrx_word' id='word_1_375' title='bbox 3277 1298 3420 1350; x_wconf 85' lang='lat' dir='ltr'><strong>sunt,</strong></span> 
     </span>
    </p>
   </div>
   <div class='ocr_carea' id='block_1_45' title="bbox 1828 1379 3426 1452">
    <p class='ocr_par' dir='ltr' id='par_1_45' title="bbox 1828 1379 3426 1452">
     <span class='ocr_line' id='line_1_45' title="bbox 1828 1379 3426 1452; baseline -0.004 -12"><span class='ocrx_word' id='word_1_376' title='bbox 1828 1386 1999 1441; x_wconf 87' lang='lat' dir='ltr'><strong>donec</strong></span> <span class='ocrx_word' id='word_1_377' title='bbox 2042 1384 2287 1439; x_wconf 88' lang='lat' dir='ltr'><strong>morbum</strong></span> <span class='ocrx_word' id='word_1_378' title='bbox 2314 1381 2608 1452; x_wconf 87' lang='lat' dir='ltr'><strong>deponant.</strong></span> <span class='ocrx_word' id='word_1_379' title='bbox 2650 1380 2782 1435; x_wconf 88' lang='lat' dir='ltr'><strong>Nam</strong></span> <span class='ocrx_word' id='word_1_380' title='bbox 2826 1379 3065 1435; x_wconf 87' lang='lat' dir='ltr'><strong>membra</strong></span> <span class='ocrx_word' id='word_1_381' title='bbox 3102 1380 3301 1436; x_wconf 81' lang='lat' dir='ltr'><strong>Christi</strong></span> <span class='ocrx_word' id='word_1_382' title='bbox 3330 1397 3426 1435; x_wconf 82' lang='lat' dir='ltr'><strong>su-</strong></span> 
     </span>
    </p>
   </div>
   <div class='ocr_carea' id='block_1_46' title="bbox 1828 1470 3419 1532">
    <p class='ocr_par' dir='ltr' id='par_1_46' title="bbox 1828 1470 3419 1532">
     <span class='ocr_line' id='line_1_46' title="bbox 1828 1470 3419 1532; baseline -0.004 0"><span class='ocrx_word' id='word_1_383' title='bbox 1828 1492 1949 1532; x_wconf 87' lang='lat' dir='ltr'><strong>mus</strong></span> <span class='ocrx_word' id='word_1_384' title='bbox 1977 1492 1989 1530; x_wconf 91' lang='lat'><strong>:</strong></span> <span class='ocrx_word' id='word_1_385' title='bbox 2032 1490 2098 1531; x_wconf 91' lang='lat' dir='ltr'><strong>ne</strong></span> <span class='ocrx_word' id='word_1_386' title='bbox 2126 1473 2426 1530; x_wconf 70' lang='lat' dir='ltr'><strong>efﬁciamur</strong></span> <span class='ocrx_word' id='word_1_387' title='bbox 2454 1472 2693 1527; x_wconf 89' lang='lat' dir='ltr'><strong>membra</strong></span> <span class='ocrx_word' id='word_1_388' title='bbox 2722 1470 3045 1527; x_wconf 88' lang='lat' dir='ltr'><strong>meretricis.</strong></span> <span class='ocrx_word' id='word_1_389' title='bbox 3076 1470 3190 1525; x_wconf 87' lang='lat' dir='ltr'><strong>Non</strong></span> <span class='ocrx_word' id='word_1_390' title='bbox 3221 1480 3301 1526; x_wconf 89' lang='lat' dir='ltr'><strong>est</strong></span> <span class='ocrx_word' id='word_1_391' title='bbox 3334 1471 3419 1525; x_wconf 86' lang='lat' dir='ltr'><strong>lu-</strong></span> 
     </span>
    </p>
   </div>
   <div class='ocr_carea' id='block_1_47' title="bbox 1835 1564 3423 1640">
    <p class='ocr_par' dir='ltr' id='par_1_47' title="bbox 1835 1564 3423 1640">
     <span class='ocr_line' id='line_1_47' title="bbox 1835 1564 3423 1640; baseline -0.001 -18"><span class='ocrx_word' id='word_1_392' title='bbox 1835 1585 1997 1640; x_wconf 86' lang='lat' dir='ltr'><strong>panar</strong></span> <span class='ocrx_word' id='word_1_393' title='bbox 2038 1567 2127 1623; x_wconf 89' lang='lat' dir='ltr'><strong>hic</strong></span> <span class='ocrx_word' id='word_1_394' title='bbox 2172 1567 2353 1633; x_wconf 88' lang='lat' dir='ltr'><strong>locus,</strong></span> <span class='ocrx_word' id='word_1_395' title='bbox 2396 1566 2491 1621; x_wconf 91' lang='lat' dir='ltr'><strong>sed</strong></span> <span class='ocrx_word' id='word_1_396' title='bbox 2540 1564 2789 1621; x_wconf 86' lang='lat' dir='ltr'><strong>ecclesia.</strong></span> <span class='ocrx_word' id='word_1_397' title='bbox 2832 1564 2887 1620; x_wconf 90' lang='lat' dir='ltr'><strong>Si</strong></span> <span class='ocrx_word' id='word_1_398' title='bbox 2918 1566 3216 1621; x_wconf 88' lang='lat' dir='ltr'><strong>membrum</strong></span> <span class='ocrx_word' id='word_1_399' title='bbox 3247 1580 3423 1620; x_wconf 85' lang='lat' dir='ltr'><strong>mere-</strong></span> 
     </span>
    </p>
   </div>
   <div class='ocr_carea' id='block_1_48' title="bbox 1834 1654 3433 1724">
    <p class='ocr_par' dir='ltr' id='par_1_48' title="bbox 1834 1654 3433 1724">
     <span class='ocr_line' id='line_1_48' title="bbox 1834 1654 3433 1724; baseline -0.003 -8"><span class='ocrx_word' id='word_1_400' title='bbox 1834 1663 1981 1716; x_wconf 78' lang='lat' dir='ltr'><strong>tricis</strong></span> <span class='ocrx_word' id='word_1_401' title='bbox 2026 1659 2224 1714; x_wconf 87' lang='lat' dir='ltr'><strong>habeas</strong></span> <span class='ocrx_word' id='word_1_402' title='bbox 2246 1698 2264 1724; x_wconf 87' lang='lat'><strong>,</strong></span> <span class='ocrx_word' id='word_1_403' title='bbox 2315 1672 2384 1712; x_wconf 90' lang='lat' dir='ltr'><strong>ne</strong></span> <span class='ocrx_word' id='word_1_404' title='bbox 2414 1666 2525 1712; x_wconf 90' lang='lat' dir='ltr'><strong>stes</strong></span> <span class='ocrx_word' id='word_1_405' title='bbox 2552 1657 2603 1711; x_wconf 94' lang='lat' dir='ltr'><strong>in</strong></span> <span class='ocrx_word' id='word_1_406' title='bbox 2634 1654 2860 1711; x_wconf 88' lang='lat' dir='ltr'><strong>ecclesia</strong></span> <span class='ocrx_word' id='word_1_407' title='bbox 2885 1698 2900 1723; x_wconf 93' lang='lat'><strong>,</strong></span> <span class='ocrx_word' id='word_1_408' title='bbox 2935 1670 3001 1711; x_wconf 90' lang='lat' dir='ltr'><strong>ne</strong></span> <span class='ocrx_word' id='word_1_409' title='bbox 3040 1656 3214 1710; x_wconf 91' lang='lat' dir='ltr'><strong>locum</strong></span> <span class='ocrx_word' id='word_1_410' title='bbox 3240 1666 3433 1712; x_wconf 86' lang='lat' dir='ltr'><strong>contu-</strong></span> 
     </span>
    </p>
   </div>
   <div class='ocr_carea' id='block_1_49' title="bbox 1834 1747 3425 1819">
    <p class='ocr_par' dir='ltr' id='par_1_49' title="bbox 1834 1747 3425 1819">
     <span class='ocr_line' id='line_1_49' title="bbox 1834 1747 3425 1819; baseline -0.001 -14"><span class='ocrx_word' id='word_1_411' title='bbox 1834 1752 1991 1806; x_wconf 79' lang='lat' dir='ltr'><strong>melia</strong></span> <span class='ocrx_word' id='word_1_412' title='bbox 2017 1749 2242 1805; x_wconf 83' lang='lat' dir='ltr'><strong>afficias.</strong></span> <span class='ocrx_word' id='word_1_413' title='bbox 2292 1748 2515 1804; x_wconf 84' lang='lat' dir='ltr'><strong>Etiamsi</strong></span> <span class='ocrx_word' id='word_1_414' title='bbox 2544 1749 2686 1802; x_wconf 88' lang='lat' dir='ltr'><strong>enim</strong></span> <span class='ocrx_word' id='word_1_415' title='bbox 2717 1747 2961 1819; x_wconf 89' lang='lat' dir='ltr'><strong>geheuna</strong></span> <span class='ocrx_word' id='word_1_416' title='bbox 2993 1748 3138 1804; x_wconf 89' lang='lat' dir='ltr'><strong>nulla</strong></span> <span class='ocrx_word' id='word_1_417' title='bbox 3161 1790 3179 1817; x_wconf 91' lang='lat'><strong>,</strong></span> <span class='ocrx_word' id='word_1_418' title='bbox 3220 1750 3425 1803; x_wconf 80' lang='lat' dir='ltr'><strong>nullum</strong></span> 
     </span>
    </p>
   </div>
   <div class='ocr_carea' id='block_1_50' title="bbox 1835 1841 3430 1922">
    <p class='ocr_par' dir='ltr' id='par_1_50' title="bbox 1835 1841 3430 1922">
     <span class='ocr_line' id='line_1_50' title="bbox 1835 1841 3430 1922; baseline -0.001 -24"><span class='ocrx_word' id='word_1_419' title='bbox 1835 1844 2153 1915; x_wconf 86' lang='lat' dir='ltr'><strong>supplicium</strong></span> <span class='ocrx_word' id='word_1_420' title='bbox 2199 1851 2377 1909; x_wconf 87' lang='lat' dir='ltr'><strong>esset,</strong></span> <span class='ocrx_word' id='word_1_421' title='bbox 2430 1850 2551 1912; x_wconf 91' lang='lat' dir='ltr'><strong>post</strong></span> <span class='ocrx_word' id='word_1_422' title='bbox 2583 1850 2733 1911; x_wconf 90' lang='lat' dir='ltr'><strong>pacta</strong></span> <span class='ocrx_word' id='word_1_423' title='bbox 2765 1842 2853 1896; x_wconf 87' lang='lat' dir='ltr'><strong>illa</strong></span> <span class='ocrx_word' id='word_1_424' title='bbox 2879 1851 2930 1897; x_wconf 91' lang='lat' dir='ltr'><strong>et</strong></span> <span class='ocrx_word' id='word_1_425' title='bbox 2962 1841 3231 1922; x_wconf 86' lang='lat' dir='ltr'><strong>nuptiales</strong></span> <span class='ocrx_word' id='word_1_426' title='bbox 3258 1842 3430 1897; x_wconf 89' lang='lat' dir='ltr'><strong>lucer-</strong></span> 
     </span>
    </p>
   </div>
   <div class='ocr_carea' id='block_1_51' title="bbox 1836 1933 3428 2006">
    <p class='ocr_par' dir='ltr' id='par_1_51' title="bbox 1836 1933 3428 2006">
     <span class='ocr_line' id='line_1_51' title="bbox 1836 1933 3428 2006; baseline -0.002 -17"><span class='ocrx_word' id='word_1_427' title='bbox 1836 1949 1960 1998; x_wconf 86' lang='lat' dir='ltr'><strong>nas,</strong></span> <span class='ocrx_word' id='word_1_428' title='bbox 1993 1934 2329 2006; x_wconf 88' lang='lat' dir='ltr'><strong>postjnstum</strong></span> <span class='ocrx_word' id='word_1_429' title='bbox 2348 1933 2543 1988; x_wconf 90' lang='lat' dir='ltr'><strong>lectum</strong></span> <span class='ocrx_word' id='word_1_430' title='bbox 2569 1940 2626 1988; x_wconf 92' lang='lat' dir='ltr'><strong>et</strong></span> <span class='ocrx_word' id='word_1_431' title='bbox 2652 1933 2943 1989; x_wconf 90' lang='lat' dir='ltr'><strong>liberorum</strong></span> <span class='ocrx_word' id='word_1_432' title='bbox 2973 1934 3428 2004; x_wconf 83' lang='lat' dir='ltr'><strong>procreationem,</strong></span> 
     </span>
    </p>
   </div>
   <div class='ocr_carea' id='block_1_52' title="bbox 1840 2022 3435 2096">
    <p class='ocr_par' dir='ltr' id='par_1_52' title="bbox 1840 2022 3435 2096">
     <span class='ocr_line' id='line_1_52' title="bbox 1840 2022 3435 2096; baseline 0 -19"><span class='ocrx_word' id='word_1_433' title='bbox 1840 2035 1958 2096; x_wconf 88' lang='lat' dir='ltr'><strong>post</strong></span> <span class='ocrx_word' id='word_1_434' title='bbox 1988 2025 2095 2081; x_wconf 90' lang='lat' dir='ltr'><strong>tale</strong></span> <span class='ocrx_word' id='word_1_435' title='bbox 2120 2024 2476 2089; x_wconf 87' lang='lat' dir='ltr'><strong>consortium,</strong></span> <span class='ocrx_word' id='word_1_436' title='bbox 2503 2022 2773 2094; x_wconf 89' lang='lat' dir='ltr'><strong>quomodo</strong></span> <span class='ocrx_word' id='word_1_437' title='bbox 2790 2022 2955 2079; x_wconf 89' lang='lat' dir='ltr'><strong>audes</strong></span> <span class='ocrx_word' id='word_1_438' title='bbox 2982 2024 3135 2079; x_wconf 88' lang='lat' dir='ltr'><strong>alteri</strong></span> <span class='ocrx_word' id='word_1_439' title='bbox 3161 2024 3435 2095; x_wconf 87' lang='lat' dir='ltr'><strong>copulari?</strong></span> 
     </span>
    </p>
   </div>
   <div class='ocr_carea' id='block_1_53' title="bbox 1837 2115 3430 2185">
    <p class='ocr_par' dir='ltr' id='par_1_53' title="bbox 1837 2115 3430 2185">
     <span class='ocr_line' id='line_1_53' title="bbox 1837 2115 3430 2185; baseline -0.001 -14"><span class='ocrx_word' id='word_1_440' title='bbox 1837 2133 1933 2172; x_wconf 91' lang='lat' dir='ltr'><strong>cur</strong></span> <span class='ocrx_word' id='word_1_441' title='bbox 1962 2132 2067 2171; x_wconf 92' lang='lat' dir='ltr'><strong>non</strong></span> <span class='ocrx_word' id='word_1_442' title='bbox 2096 2115 2297 2171; x_wconf 80' lang='lat' dir='ltr'><strong>vereris</strong></span> <span class='ocrx_word' id='word_1_443' title='bbox 2318 2156 2333 2181; x_wconf 91' lang='lat'><strong>,</strong></span> <span class='ocrx_word' id='word_1_444' title='bbox 2368 2130 2467 2169; x_wconf 92' lang='lat' dir='ltr'><strong>nec</strong></span> <span class='ocrx_word' id='word_1_445' title='bbox 2494 2115 2816 2169; x_wconf 79' lang='lat' dir='ltr'><strong>erubescis?</strong></span> <span class='ocrx_word' id='word_1_446' title='bbox 2861 2116 2942 2170; x_wconf 90' lang='lat' dir='ltr'><strong>An</strong></span> <span class='ocrx_word' id='word_1_447' title='bbox 2975 2115 3193 2185; x_wconf 83' lang='lat' dir='ltr'><strong>ignoras</strong></span> <span class='ocrx_word' id='word_1_448' title='bbox 3217 2130 3311 2170; x_wconf 89' lang='lat' dir='ltr'><strong>eos</strong></span> <span class='ocrx_word' id='word_1_449' title='bbox 3338 2116 3430 2185; x_wconf 86' lang='lat' dir='ltr'><strong>qui</strong></span> 
     </span>
    </p>
   </div>
   <div class='ocr_carea' id='block_1_54' title="bbox 1841 2204 3435 2279">
    <p class='ocr_par' dir='ltr' id='par_1_54' title="bbox 1841 2204 3435 2279">
     <span class='ocr_line' id='line_1_54' title="bbox 1841 2204 3435 2279; baseline -0.002 -15"><span class='ocrx_word' id='word_1_450' title='bbox 1841 2218 1959 2279; x_wconf 35' lang='lat' dir='ltr'><strong>post</strong></span> <span class='ocrx_word' id='word_1_451' title='bbox 1991 2208 2173 2263; x_wconf 80' lang='lat' dir='ltr'><strong>uxoris</strong></span> <span class='ocrx_word' id='word_1_452' title='bbox 2201 2214 2427 2261; x_wconf 91' lang='lat' dir='ltr'><strong>mortem</strong></span> <span class='ocrx_word' id='word_1_453' title='bbox 2454 2246 2469 2273; x_wconf 93' lang='lat'><strong>,</strong></span> <span class='ocrx_word' id='word_1_454' title='bbox 2502 2206 2664 2261; x_wconf 88' lang='lat' dir='ltr'><strong>aliam</strong></span> <span class='ocrx_word' id='word_1_455' title='bbox 2692 2204 2893 2260; x_wconf 91' lang='lat' dir='ltr'><strong>ducunt</strong></span> <span class='ocrx_word' id='word_1_456' title='bbox 2913 2245 2930 2274; x_wconf 94' lang='lat'><strong>,</strong></span> <span class='ocrx_word' id='word_1_457' title='bbox 2958 2221 2987 2261; x_wconf 88' lang='lat' dir='ltr'><strong>a</strong></span> <span class='ocrx_word' id='word_1_458' title='bbox 3017 2207 3198 2261; x_wconf 88' lang='lat' dir='ltr'><strong>multis</strong></span> <span class='ocrx_word' id='word_1_459' title='bbox 3226 2206 3435 2277; x_wconf 89' lang='lat' dir='ltr'><strong>impro-</strong></span> 
     </span>
    </p>
   </div>
   <div class='ocr_carea' id='block_1_55' title="bbox 1840 2298 3433 2370">
    <p class='ocr_par' dir='ltr' id='par_1_55' title="bbox 1840 2298 3433 2370">
     <span class='ocr_line' id='line_1_55' title="bbox 1840 2298 3433 2370; baseline -0.001 -14"><span class='ocrx_word' id='word_1_460' title='bbox 1840 2301 1951 2356; x_wconf 91' lang='lat' dir='ltr'><strong>bari</strong></span> <span class='ocrx_word' id='word_1_461' title='bbox 1969 2344 1984 2370; x_wconf 89' lang='lat'><strong>,</strong></span> <span class='ocrx_word' id='word_1_462' title='bbox 2025 2300 2231 2356; x_wconf 87' lang='lat' dir='ltr'><strong>etiamsi</strong></span> <span class='ocrx_word' id='word_1_463' title='bbox 2257 2312 2443 2370; x_wconf 66' lang='lat' dir='ltr'><strong>poenas</strong></span> <span class='ocrx_word' id='word_1_464' title='bbox 2472 2313 2575 2354; x_wconf 91' lang='lat' dir='ltr'><strong>non</strong></span> <span class='ocrx_word' id='word_1_465' title='bbox 2600 2298 2775 2354; x_wconf 85' lang='lat' dir='ltr'><strong>daturi</strong></span> <span class='ocrx_word' id='word_1_466' title='bbox 2803 2300 2945 2355; x_wconf 76' lang='lat' dir='ltr'><strong>sint?</strong></span> <span class='ocrx_word' id='word_1_467' title='bbox 2967 2299 3051 2355; x_wconf 89' lang='lat' dir='ltr'><strong>Tu</strong></span> <span class='ocrx_word' id='word_1_468' title='bbox 3075 2315 3203 2355; x_wconf 80' lang='lat' dir='ltr'><strong>vero</strong></span> <span class='ocrx_word' id='word_1_469' title='bbox 3226 2342 3242 2366; x_wconf 93' lang='lat'><strong>,</strong></span> <span class='ocrx_word' id='word_1_470' title='bbox 3269 2315 3433 2355; x_wconf 80' lang='lat' dir='ltr'><strong>uxore</strong></span> 
     </span>
    </p>
   </div>
   <div class='ocr_carea' id='block_1_56' title="bbox 1839 2390 3437 2465">
    <p class='ocr_par' dir='ltr' id='par_1_56' title="bbox 1839 2390 3437 2465">
     <span class='ocr_line' id='line_1_56' title="bbox 1839 2390 3437 2465; baseline -0.002 -14"><span class='ocrx_word' id='word_1_471' title='bbox 1839 2393 2159 2465; x_wconf 81' lang='lat' dir='ltr'><strong>superstite,</strong></span> <span class='ocrx_word' id='word_1_472' title='bbox 2189 2392 2347 2447; x_wconf 88' lang='lat' dir='ltr'><strong>aliam</strong></span> <span class='ocrx_word' id='word_1_473' title='bbox 2376 2391 2604 2448; x_wconf 87' lang='lat' dir='ltr'><strong>inducis.</strong></span> <span class='ocrx_word' id='word_1_474' title='bbox 2650 2390 2832 2462; x_wconf 88' lang='lat' dir='ltr'><strong>Ecqua</strong></span> <span class='ocrx_word' id='word_1_475' title='bbox 2861 2400 2943 2448; x_wconf 87' lang='lat' dir='ltr'><strong>est</strong></span> <span class='ocrx_word' id='word_1_476' title='bbox 2970 2392 3057 2448; x_wconf 87' lang='lat' dir='ltr'><strong>illa</strong></span> <span class='ocrx_word' id='word_1_477' title='bbox 3101 2392 3437 2465; x_wconf 76' lang='lat' dir='ltr'><strong>incontinen-</strong></span> 
     </span>
    </p>
   </div>
   <div class='ocr_carea' id='block_1_57' title="bbox 1842 2408 3439 2557">
    <p class='ocr_par' dir='ltr' id='par_1_57' title="bbox 1842 2408 3439 2557">
     <span class='ocr_line' id='line_1_57' title="bbox 1842 2408 3437 2465; baseline -0.003 -14"><span class='ocrx_word' id='word_1_478' title='bbox 1842 2408 2159 2465; x_wconf 84' lang='lat' dir='ltr'><strong>supersute,</strong></span> <span class='ocrx_word' id='word_1_479' title='bbox 2189 2408 2347 2447; x_wconf 82' lang='lat' dir='ltr'><strong>altam</strong></span> <span class='ocrx_word' id='word_1_480' title='bbox 2376 2408 2604 2448; x_wconf 80' lang='lat' dir='ltr'><strong>mouets.</strong></span> <span class='ocrx_word' id='word_1_481' title='bbox 2650 2408 2832 2462; x_wconf 66' lang='lat' dir='ltr'><strong>nequa</strong></span> <span class='ocrx_word' id='word_1_482' title='bbox 2861 2408 2943 2448; x_wconf 74' lang='grc' dir='ltr'><strong>εει</strong></span> <span class='ocrx_word' id='word_1_483' title='bbox 2970 2408 3057 2448; x_wconf 84' lang='lat' dir='ltr'><strong>tua</strong></span> <span class='ocrx_word' id='word_1_484' title='bbox 3101 2408 3339 2448; x_wconf 82' lang='lat' dir='ltr'><strong>tuconun</strong></span> <span class='ocrx_word' id='word_1_485' title='bbox 3376 2408 3437 2447; x_wconf 83' lang='lat' dir='ltr'><strong>n-</strong></span> 
     </span>
     <span class='ocr_line' id='line_1_58' title="bbox 1842 2408 3439 2557; baseline -0.004 -13"><span class='ocrx_word' id='word_1_486' title='bbox 1842 2492 1954 2544; x_wconf 80' lang='lat' dir='ltr'><strong>tia‘!</strong></span> <span class='ocrx_word' id='word_1_487' title='bbox 1986 2487 2141 2544; x_wconf 86' lang='lat' dir='ltr'><strong>Disce</strong></span> <span class='ocrx_word' id='word_1_488' title='bbox 2177 2501 2295 2557; x_wconf 63' lang='lat' dir='ltr'><strong>quae</strong></span> <span class='ocrx_word' id='word_1_489' title='bbox 2333 2486 2433 2540; x_wconf 88' lang='lat' dir='ltr'><strong>hac</strong></span> <span class='ocrx_word' id='word_1_490' title='bbox 2455 2485 2525 2541; x_wconf 89' lang='lat' dir='ltr'><strong>de</strong></span> <span class='ocrx_word' id='word_1_491' title='bbox 2566 2500 2626 2542; x_wconf 89' lang='lat' dir='ltr'><strong>re</strong></span> <span class='ocrx_word' id='word_1_492' title='bbox 2666 2484 2804 2541; x_wconf 92' lang='lat' dir='ltr'><strong>dicta</strong></span> <span class='ocrx_word' id='word_1_493' title='bbox 2847 2486 2992 2540; x_wconf 87' lang='lat' dir='ltr'><strong>sint:</strong></span> <span class='ocrx_word' id='word_1_494' title='bbox 3037 2483 3232 2539; x_wconf 84' lang='lat' dir='ltr'><strong>Vermis</strong></span> <span class='ocrx_word' id='word_1_495' title='bbox 3260 2408 3439 2539; x_wconf 51' lang='lat' dir='ltr'><strong>carius</strong></span> 
     </span>
    </p>
   </div>
   <div class='ocr_carea' id='block_1_58' title="bbox 1841 2576 3428 2649">
    <p class='ocr_par' dir='ltr' id='par_1_58' title="bbox 1841 2576 3428 2649">
     <span class='ocr_line' id='line_1_59' title="bbox 1841 2576 3428 2649; baseline -0.003 -15"><span class='ocrx_word' id='word_1_496' title='bbox 1841 2598 1940 2635; x_wconf 89' lang='lat' dir='ltr'><strong>non</strong></span> <span class='ocrx_word' id='word_1_497' title='bbox 1964 2580 2223 2645; x_wconf 86' lang='lat' dir='ltr'><strong>morietur,</strong></span> <span class='ocrx_word' id='word_1_498' title='bbox 2257 2587 2303 2633; x_wconf 91' lang='lat' dir='ltr'><strong>et</strong></span> <span class='ocrx_word' id='word_1_499' title='bbox 2325 2578 2456 2649; x_wconf 82' lang='lat' dir='ltr'><strong>ignis</strong></span> <span class='ocrx_word' id='word_1_500' title='bbox 2482 2594 2583 2633; x_wconf 88' lang='lat' dir='ltr'><strong>non</strong></span> <span class='ocrx_word' id='word_1_501' title='bbox 2610 2578 2959 2649; x_wconf 71' lang='lat' dir='ltr'><strong>exstinguetur</strong></span> <span class='ocrx_word' id='word_1_502' title='bbox 2984 2577 3005 2649; x_wconf 92' lang='lat'><strong>(</strong></span> <span class='ocrx_word' id='word_1_503' title='bbox 3032 2576 3195 2630; x_wconf 80' lang='lat' dir='ltr'><strong>Marc.</strong></span> <span class='ocrx_word' id='word_1_504' title='bbox 3231 2577 3284 2631; x_wconf 80' lang='lat'><strong>9.</strong></span> <span class='ocrx_word' id='word_1_505' title='bbox 3311 2576 3428 2647; x_wconf 73' lang='grc'><strong>43).</strong></span> 
     </span>
    </p>
   </div>
   <div class='ocr_carea' id='block_1_59' title="bbox 1843 2668 3440 2742">
    <p class='ocr_par' dir='ltr' id='par_1_59' title="bbox 1843 2668 3440 2742">
     <span class='ocr_line' id='line_1_60' title="bbox 1843 2668 3440 2742; baseline -0.004 -13"><span class='ocrx_word' id='word_1_506' title='bbox 1843 2674 2010 2730; x_wconf 79' lang='lat' dir='ltr'><strong>Minas</strong></span> <span class='ocrx_word' id='word_1_507' title='bbox 2057 2670 2447 2742; x_wconf 84' lang='lat' dir='ltr'><strong>perhorresce,</strong></span> <span class='ocrx_word' id='word_1_508' title='bbox 2484 2671 2613 2725; x_wconf 90' lang='lat' dir='ltr'><strong>time</strong></span> <span class='ocrx_word' id='word_1_509' title='bbox 2647 2670 2990 2740; x_wconf 87' lang='lat' dir='ltr'><strong>supplicium.</strong></span> <span class='ocrx_word' id='word_1_510' title='bbox 3032 2668 3150 2724; x_wconf 87' lang='lat' dir='ltr'><strong>Non</strong></span> <span class='ocrx_word' id='word_1_511' title='bbox 3181 2679 3263 2724; x_wconf 89' lang='lat' dir='ltr'><strong>est</strong></span> <span class='ocrx_word' id='word_1_512' title='bbox 3294 2678 3440 2723; x_wconf 84' lang='lat' dir='ltr'><strong>tanta</strong></span> 
     </span>
    </p>
   </div>
   <div class='ocr_carea' id='block_1_60' title="bbox 1843 2759 3445 2832">
    <p class='ocr_par' dir='ltr' id='par_1_60' title="bbox 1843 2759 3445 2832">
     <span class='ocr_line' id='line_1_61' title="bbox 1843 2759 3445 2832; baseline -0.002 -15"><span class='ocrx_word' id='word_1_513' title='bbox 1843 2763 1929 2817; x_wconf 91' lang='lat' dir='ltr'><strong>hic</strong></span> <span class='ocrx_word' id='word_1_514' title='bbox 1956 2762 2203 2832; x_wconf 84' lang='lat' dir='ltr'><strong>voluptas</strong></span> <span class='ocrx_word' id='word_1_515' title='bbox 2223 2803 2237 2827; x_wconf 91' lang='lat'><strong>,</strong></span> <span class='ocrx_word' id='word_1_516' title='bbox 2265 2773 2522 2832; x_wconf 90' lang='lat' dir='ltr'><strong>quantum</strong></span> <span class='ocrx_word' id='word_1_517' title='bbox 2554 2759 2665 2816; x_wconf 87' lang='lat' dir='ltr'><strong>illic</strong></span> <span class='ocrx_word' id='word_1_518' title='bbox 2688 2760 3036 2831; x_wconf 87' lang='lat' dir='ltr'><strong>supplicium.</strong></span> <span class='ocrx_word' id='word_1_519' title='bbox 3072 2759 3271 2815; x_wconf 74' lang='lat' dir='ltr'><strong>Verum</strong></span> <span class='ocrx_word' id='word_1_520' title='bbox 3303 2760 3445 2816; x_wconf 88' lang='lat' dir='ltr'><strong>absit</strong></span> 
     </span>
    </p>
   </div>
   <div class='ocr_carea' id='block_1_61' title="bbox 1844 2850 3440 2925">
    <p class='ocr_par' dir='ltr' id='par_1_61' title="bbox 1844 2850 3440 2925">
     <span class='ocr_line' id='line_1_62' title="bbox 1844 2850 3440 2925; baseline -0.003 -15"><span class='ocrx_word' id='word_1_521' title='bbox 1844 2864 1901 2910; x_wconf 90' lang='lat' dir='ltr'><strong>ut</strong></span> <span class='ocrx_word' id='word_1_522' title='bbox 1927 2854 2047 2925; x_wconf 91' lang='lat' dir='ltr'><strong>quis</strong></span> <span class='ocrx_word' id='word_1_523' title='bbox 2075 2854 2164 2908; x_wconf 87' lang='lat' dir='ltr'><strong>tali</strong></span> <span class='ocrx_word' id='word_1_524' title='bbox 2194 2853 2263 2907; x_wconf 88' lang='lat' dir='ltr'><strong>sit</strong></span> <span class='ocrx_word' id='word_1_525' title='bbox 2287 2851 2551 2908; x_wconf 80' lang='lat' dir='ltr'><strong>obnoxius</strong></span> <span class='ocrx_word' id='word_1_526' title='bbox 2590 2851 2885 2922; x_wconf 86' lang='lat' dir='ltr'><strong>supplicio;</strong></span> <span class='ocrx_word' id='word_1_527' title='bbox 2935 2850 3031 2906; x_wconf 91' lang='lat' dir='ltr'><strong>sed</strong></span> <span class='ocrx_word' id='word_1_528' title='bbox 3082 2851 3282 2907; x_wconf 89' lang='lat' dir='ltr'><strong>utinam</strong></span> <span class='ocrx_word' id='word_1_529' title='bbox 3312 2867 3440 2906; x_wconf 82' lang='lat' dir='ltr'><strong>san.-</strong></span> 
     </span>
    </p>
   </div>
   <div class='ocr_carea' id='block_1_62' title="bbox 1842 2941 3444 3013">
    <p class='ocr_par' dir='ltr' id='par_1_62' title="bbox 1842 2941 3444 3013">
     <span class='ocr_line' id='line_1_63' title="bbox 1842 2941 3444 3013; baseline -0.004 -11"><span class='ocrx_word' id='word_1_530' title='bbox 1842 2949 2083 3003; x_wconf 87' lang='lat' dir='ltr'><strong>ctitatem</strong></span> <span class='ocrx_word' id='word_1_531' title='bbox 2118 2952 2386 3000; x_wconf 88' lang='lat' dir='ltr'><strong>sectantes</strong></span> <span class='ocrx_word' id='word_1_532' title='bbox 2425 2942 2701 2997; x_wconf 82' lang='lat' dir='ltr'><strong>videamus</strong></span> <span class='ocrx_word' id='word_1_533' title='bbox 2730 2941 3023 3009; x_wconf 86' lang='lat' dir='ltr'><strong>Christum,</strong></span> <span class='ocrx_word' id='word_1_534' title='bbox 3064 2950 3118 2997; x_wconf 92' lang='lat' dir='ltr'><strong>ct</strong></span> <span class='ocrx_word' id='word_1_535' title='bbox 3166 2942 3444 3013; x_wconf 78' lang='lat' dir='ltr'><strong>promissis</strong></span> 
     </span>
    </p>
   </div>
   <div class='ocr_carea' id='block_1_63' title="bbox 1844 3033 3442 3105">
    <p class='ocr_par' dir='ltr' id='par_1_63' title="bbox 1844 3033 3442 3105">
     <span class='ocr_line' id='line_1_64' title="bbox 1844 3033 3442 3105; baseline -0.004 -12"><span class='ocrx_word' id='word_1_536' title='bbox 1844 3038 2085 3093; x_wconf 78' lang='lat' dir='ltr'><strong>fruamur</strong></span> <span class='ocrx_word' id='word_1_537' title='bbox 2125 3035 2280 3091; x_wconf 81' lang='lat' dir='ltr'><strong>bonis</strong></span> <span class='ocrx_word' id='word_1_538' title='bbox 2310 3052 2322 3087; x_wconf 90' lang='lat'><strong>:</strong></span> <span class='ocrx_word' id='word_1_539' title='bbox 2350 3050 2469 3105; x_wconf 78' lang='lat' dir='ltr'><strong>qua:</strong></span> <span class='ocrx_word' id='word_1_540' title='bbox 2526 3046 2623 3088; x_wconf 90' lang='lat' dir='ltr'><strong>nos</strong></span> <span class='ocrx_word' id='word_1_541' title='bbox 2656 3045 2843 3087; x_wconf 88' lang='lat' dir='ltr'><strong>omnes</strong></span> <span class='ocrx_word' id='word_1_542' title='bbox 2873 3033 3086 3103; x_wconf 82' lang='lat' dir='ltr'><strong>assequi</strong></span> <span class='ocrx_word' id='word_1_543' title='bbox 3132 3034 3403 3104; x_wconf 83' lang='lat' dir='ltr'><strong>contingat</strong></span> <span class='ocrx_word' id='word_1_544' title='bbox 3426 3074 3442 3097; x_wconf 91' lang='lat'><strong>,</strong></span> 
     </span>
    </p>
   </div>
   <div class='ocr_carea' id='block_1_64' title="bbox 1844 3122 3445 3201">
    <p class='ocr_par' dir='ltr' id='par_1_64' title="bbox 1844 3122 3445 3201">
     <span class='ocr_line' id='line_1_65' title="bbox 1844 3122 3445 3201; baseline -0.004 -18"><span class='ocrx_word' id='word_1_545' title='bbox 1844 3128 2016 3201; x_wconf 86' lang='lat' dir='ltr'><strong>gratia</strong></span> <span class='ocrx_word' id='word_1_546' title='bbox 2041 3138 2094 3182; x_wconf 91' lang='lat' dir='ltr'><strong>et</strong></span> <span class='ocrx_word' id='word_1_547' title='bbox 2122 3126 2455 3196; x_wconf 87' lang='lat' dir='ltr'><strong>benignitate</strong></span> <span class='ocrx_word' id='word_1_548' title='bbox 2487 3122 2694 3178; x_wconf 91' lang='lat' dir='ltr'><strong>Domini</strong></span> <span class='ocrx_word' id='word_1_549' title='bbox 2737 3122 2907 3178; x_wconf 88' lang='lat' dir='ltr'><strong>nostri</strong></span> <span class='ocrx_word' id='word_1_550' title='bbox 2940 3128 3068 3179; x_wconf 81' lang='lat' dir='ltr'><strong>.Iesu</strong></span> <span class='ocrx_word' id='word_1_551' title='bbox 3096 3122 3295 3178; x_wconf 84' lang='lat' dir='ltr'><strong>Christi</strong></span> <span class='ocrx_word' id='word_1_552' title='bbox 3327 3124 3445 3188; x_wconf 82' lang='lat' dir='ltr'><strong>qui-</strong></span> 
     </span>
    </p>
   </div>
   <div class='ocr_carea' id='block_1_65' title="bbox 1846 3214 3443 3289">
    <p class='ocr_par' dir='ltr' id='par_1_65' title="bbox 1846 3214 3443 3289">
     <span class='ocr_line' id='line_1_66' title="bbox 1846 3214 3443 3289; baseline -0.006 -12"><span class='ocrx_word' id='word_1_553' title='bbox 1846 3235 1967 3277; x_wconf 91' lang='lat' dir='ltr'><strong>cum</strong></span> <span class='ocrx_word' id='word_1_554' title='bbox 2009 3219 2152 3275; x_wconf 89' lang='lat' dir='ltr'><strong>Patri</strong></span> <span class='ocrx_word' id='word_1_555' title='bbox 2179 3218 2346 3289; x_wconf 89' lang='lat' dir='ltr'><strong>gloria</strong></span> <span class='ocrx_word' id='word_1_556' title='bbox 2380 3230 2592 3286; x_wconf 86' lang='lat' dir='ltr'><strong>unaqnc</strong></span> <span class='ocrx_word' id='word_1_557' title='bbox 2629 3214 2850 3285; x_wconf 84' lang='lat' dir='ltr'><strong>Spiritui</strong></span> <span class='ocrx_word' id='word_1_558' title='bbox 2897 3222 3120 3273; x_wconf 87' lang='lat' dir='ltr'><strong>sancto.</strong></span> <span class='ocrx_word' id='word_1_559' title='bbox 3153 3214 3205 3268; x_wconf 92' lang='lat' dir='ltr'><strong>in</strong></span> <span class='ocrx_word' id='word_1_560' title='bbox 3245 3215 3443 3271; x_wconf 68' lang='lat' dir='ltr'><strong>saecula</strong></span> 
     </span>
    </p>
   </div>
   <div class='ocr_carea' id='block_1_66' title="bbox 1850 3312 2426 3369">
    <p class='ocr_par' dir='ltr' id='par_1_66' title="bbox 1850 3312 2426 3369">
     <span class='ocr_line' id='line_1_67' title="bbox 1850 3312 2426 3369; baseline -0.01 0"><span class='ocrx_word' id='word_1_561' title='bbox 1850 3312 2191 3369; x_wconf 57' lang='lat' dir='ltr'><strong>saeculorum.</strong></span> <span class='ocrx_word' id='word_1_562' title='bbox 2234 3312 2426 3363; x_wconf 83' lang='lat' dir='ltr'><strong>Amen.</strong></span> 
     </span>
    </p>
   </div>
   <div class='ocr_carea' id='block_1_67' title="bbox 1915 3477 3365 3543">
    <p class='ocr_par' dir='ltr' id='par_1_67' title="bbox 1915 3477 3365 3543">
     <span class='ocr_line' id='line_1_68' title="bbox 1915 3477 3365 3543; baseline -0.005 -8"><span class='ocrx_word' id='word_1_563' title='bbox 1915 3491 1928 3519; x_wconf 78' lang='grc' dir='ltr'>ι</span> <span class='ocrx_word' id='word_1_564' title='bbox 1967 3484 2061 3535; x_wconf 74' lang='lat' dir='ltr'><strong>Alii</strong></span> <span class='ocrx_word' id='word_1_565' title='bbox 2083 3482 2287 3539; x_wconf 79' lang='lat' dir='ltr'><strong>habent,</strong></span> <span class='ocrx_word' id='word_1_566' title='bbox 2312 3478 2469 3532; x_wconf 85' lang='lat' dir='ltr'><strong>sinon</strong></span> <span class='ocrx_word' id='word_1_567' title='bbox 2492 3477 2656 3541; x_wconf 76' lang='lat' dir='ltr'><strong>vultis,</strong></span> <span class='ocrx_word' id='word_1_568' title='bbox 2676 3491 2736 3529; x_wconf 85' lang='lat' dir='ltr'><strong>ne</strong></span> <span class='ocrx_word' id='word_1_569' title='bbox 2752 3477 2803 3529; x_wconf 87' lang='lat' dir='ltr'><strong>in</strong></span> <span class='ocrx_word' id='word_1_570' title='bbox 2826 3478 2976 3542; x_wconf 79' lang='lat' dir='ltr'><strong>adyta</strong></span> <span class='ocrx_word' id='word_1_571' title='bbox 2998 3477 3365 3543; x_wconf 72' lang='lat' dir='ltr'><strong>ingredtarm&#39;ni.</strong></span> 
     </span>
    </p>
   </div>
   <div class='ocr_carea' id='block_1_68' title="bbox 1474 3635 2089 3706">
    <p class='ocr_par' dir='ltr' id='par_1_68' title="bbox 1474 3635 2089 3706">
     <span class='ocr_line' id='line_1_69' title="bbox 1474 3635 2089 3706; baseline -0.016 0"><span class='ocrx_word' id='word_1_572' title='bbox 1474 3643 1822 3706; x_wconf 83' lang='lat' dir='ltr'><strong>HOMILIA</strong></span> <span class='ocrx_word' id='word_1_573' title='bbox 1865 3635 2089 3700; x_wconf 79' lang='lat' dir='ltr'><strong>LXIV.</strong></span> 
     </span>
    </p>
   </div>
   <div class='ocr_carea' id='block_1_69' title="bbox 155 3786 1740 3853">
    <p class='ocr_par' dir='ltr' id='par_1_69' title="bbox 155 3786 1740 3853">
     <span class='ocr_line' id='line_1_70' title="bbox 155 3786 1740 3853; baseline -0.003 -10"><span class='ocrx_word' id='word_1_574' title='bbox 155 3788 283 3843; x_wconf 66' lang='lat' dir='ltr'><strong>Car.</strong></span> <span class='ocrx_word' id='word_1_575' title='bbox 328 3790 414 3844; x_wconf 84' lang='grc'><strong>11.</strong></span> <span class='ocrx_word' id='word_1_576' title='bbox 458 3803 513 3841; x_wconf 86' lang='lat' dir='ltr'><strong>v.</strong></span> <span class='ocrx_word' id='word_1_577' title='bbox 555 3789 642 3843; x_wconf 71' lang='grc' dir='ltr'><strong>ιι.</strong></span> <span class='ocrx_word' id='word_1_578' title='bbox 682 3786 834 3842; x_wconf 73' lang='lat' dir='ltr'><strong>Iesus</strong></span> <span class='ocrx_word' id='word_1_579' title='bbox 863 3797 1029 3841; x_wconf 85' lang='lat' dir='ltr'><strong>autem</strong></span> <span class='ocrx_word' id='word_1_580' title='bbox 1054 3829 1070 3853; x_wconf 97' lang='lat'><strong>,</strong></span> <span class='ocrx_word' id='word_1_581' title='bbox 1098 3788 1302 3843; x_wconf 80' lang='lat' dir='ltr'><strong>elevatis</strong></span> <span class='ocrx_word' id='word_1_582' title='bbox 1332 3803 1534 3841; x_wconf 77' lang='lat' dir='ltr'><strong>sursum</strong></span> <span class='ocrx_word' id='word_1_583' title='bbox 1559 3787 1740 3850; x_wconf 85' lang='lat' dir='ltr'><strong>oculis,</strong></span> 
     </span>
    </p>
   </div>
   <div class='ocr_carea' id='block_1_70' title="bbox 182 3876 1743 3949">
    <p class='ocr_par' dir='ltr' id='par_1_70' title="bbox 182 3876 1743 3949">
     <span class='ocr_line' id='line_1_71' title="bbox 182 3876 1743 3949; baseline -0.001 -17"><span class='ocrx_word' id='word_1_584' title='bbox 182 3918 185 3919; x_wconf 47' lang='grc' dir='ltr'><em>ν</em></span> <span class='ocrx_word' id='word_1_585' title='bbox 226 3880 351 3933; x_wconf 72' lang='lat' dir='ltr'><strong>dixit</strong></span> <span class='ocrx_word' id='word_1_586' title='bbox 376 3898 390 3933; x_wconf 88' lang='lat'><strong>:</strong></span> <span class='ocrx_word' id='word_1_587' title='bbox 419 3878 581 3933; x_wconf 83' lang='lat' dir='ltr'><strong>Pater</strong></span> <span class='ocrx_word' id='word_1_588' title='bbox 603 3918 619 3944; x_wconf 90' lang='lat'><strong>,</strong></span> <span class='ocrx_word' id='word_1_589' title='bbox 656 3878 847 3949; x_wconf 87' lang='lat' dir='ltr'><strong>gratias</strong></span> <span class='ocrx_word' id='word_1_590' title='bbox 872 3894 968 3949; x_wconf 85' lang='lat' dir='ltr'><strong>ago</strong></span> <span class='ocrx_word' id='word_1_591' title='bbox 994 3876 1120 3945; x_wconf 85' lang='lat' dir='ltr'><strong>tibi,</strong></span> <span class='ocrx_word' id='word_1_592' title='bbox 1151 3878 1391 3948; x_wconf 87' lang='lat' dir='ltr'><strong>quoniam</strong></span> <span class='ocrx_word' id='word_1_593' title='bbox 1426 3876 1615 3931; x_wconf 83' lang='lat' dir='ltr'><strong>audisti</strong></span> <span class='ocrx_word' id='word_1_594' title='bbox 1646 3892 1743 3930; x_wconf 87' lang='lat' dir='ltr'><strong>me.</strong></span> 
     </span>
    </p>
   </div>
   <div class='ocr_carea' id='block_1_71' title="bbox 226 3967 1747 4040">
    <p class='ocr_par' dir='ltr' id='par_1_71' title="bbox 226 3967 1747 4040">
     <span class='ocr_line' id='line_1_72' title="bbox 226 3967 1747 4040; baseline -0.003 -16"><span class='ocrx_word' id='word_1_595' title='bbox 226 3970 315 4024; x_wconf 66' lang='lat'><strong>4‘2.</strong></span> <span class='ocrx_word' id='word_1_596' title='bbox 371 3968 485 4040; x_wconf 84' lang='lat' dir='ltr'><strong>Ego</strong></span> <span class='ocrx_word' id='word_1_597' title='bbox 528 3978 696 4022; x_wconf 82' lang='lat' dir='ltr'><strong>autem</strong></span> <span class='ocrx_word' id='word_1_598' title='bbox 721 3968 937 4022; x_wconf 85' lang='lat' dir='ltr'><strong>sciebam</strong></span> <span class='ocrx_word' id='word_1_599' title='bbox 961 3970 1080 4037; x_wconf 87' lang='lat' dir='ltr'><strong>quia</strong></span> <span class='ocrx_word' id='word_1_600' title='bbox 1104 3984 1302 4037; x_wconf 87' lang='lat' dir='ltr'><strong>semper</strong></span> <span class='ocrx_word' id='word_1_601' title='bbox 1342 3985 1420 4023; x_wconf 87' lang='lat' dir='ltr'><strong>me</strong></span> <span class='ocrx_word' id='word_1_602' title='bbox 1447 3968 1631 4032; x_wconf 85' lang='lat' dir='ltr'><strong>audis;</strong></span> <span class='ocrx_word' id='word_1_603' title='bbox 1659 3967 1747 4022; x_wconf 84' lang='lat' dir='ltr'><strong>sed</strong></span> 
     </span>
    </p>
   </div>
   <div class='ocr_carea' id='block_1_72' title="bbox 228 4058 1397 4129">
    <p class='ocr_par' dir='ltr' id='par_1_72' title="bbox 228 4058 1397 4129">
     <span class='ocr_line' id='line_1_73' title="bbox 228 4058 1397 4129; baseline -0.002 -15"><span class='ocrx_word' id='word_1_604' title='bbox 228 4070 432 4129; x_wconf 77' lang='lat' dir='ltr'><strong>prapter</strong></span> <span class='ocrx_word' id='word_1_605' title='bbox 459 4058 659 4113; x_wconf 80' lang='lat' dir='ltr'><strong>turbam</strong></span> <span class='ocrx_word' id='word_1_606' title='bbox 686 4059 1092 4113; x_wconf 80' lang='lat' dir='ltr'><strong>circumstantem</strong></span> <span class='ocrx_word' id='word_1_607' title='bbox 1121 4059 1229 4113; x_wconf 72' lang='lat' dir='ltr'><strong>dixi</strong></span> <span class='ocrx_word' id='word_1_608' title='bbox 1246 4101 1261 4127; x_wconf 87' lang='lat'><strong>,</strong></span> <span class='ocrx_word' id='word_1_609' title='bbox 1292 4068 1397 4114; x_wconf 88' lang='lat' dir='ltr'><strong>etc.</strong></span> 
     </span>
    </p>
   </div>
   <div class='ocr_carea' id='block_1_73' title="bbox 235 4210 1748 4283">
    <p class='ocr_par' dir='ltr' id='par_1_73' title="bbox 235 4210 1748 4283">
     <span class='ocr_line' id='line_1_74' title="bbox 235 4210 1748 4283; baseline -0.001 -14"><span class='ocrx_word' id='word_1_610' title='bbox 235 4215 287 4269; x_wconf 89' lang='grc'><strong>1.</strong></span> <span class='ocrx_word' id='word_1_611' title='bbox 323 4212 558 4268; x_wconf 81' lang='lat' dir='ltr'><strong>Christus</strong></span> <span class='ocrx_word' id='word_1_612' title='bbox 601 4210 817 4265; x_wconf 83' lang='lat' dir='ltr'><strong>humilia</strong></span> <span class='ocrx_word' id='word_1_613' title='bbox 842 4226 977 4281; x_wconf 77' lang='lat' dir='ltr'><strong>strpe</strong></span> <span class='ocrx_word' id='word_1_614' title='bbox 1004 4211 1243 4282; x_wconf 88' lang='lat' dir='ltr'><strong>loquitur,</strong></span> <span class='ocrx_word' id='word_1_615' title='bbox 1289 4227 1464 4283; x_wconf 87' lang='lat' dir='ltr'><strong>quare.</strong></span> <span class='ocrx_word' id='word_1_616' title='bbox 1498 4241 1568 4252; x_wconf 92' lang='lat'><strong>--</strong></span> <span class='ocrx_word' id='word_1_617' title='bbox 1594 4211 1748 4278; x_wconf 83' lang='lat' dir='ltr'><strong>Quod</strong></span> 
     </span>
    </p>
   </div>
   <div class='ocr_carea' id='block_1_74' title="bbox 165 4301 1746 4374">
    <p class='ocr_par' dir='ltr' id='par_1_74' title="bbox 165 4301 1746 4374">
     <span class='ocr_line' id='line_1_75' title="bbox 165 4301 1746 4374; baseline -0.001 -15"><span class='ocrx_word' id='word_1_618' title='bbox 165 4318 302 4374; x_wconf 67' lang='lat' dir='ltr'><strong>saepe</strong></span> <span class='ocrx_word' id='word_1_619' title='bbox 347 4304 489 4370; x_wconf 77' lang='lat' dir='ltr'><strong>dixi,</strong></span> <span class='ocrx_word' id='word_1_620' title='bbox 536 4303 639 4358; x_wconf 89' lang='lat' dir='ltr'><strong>hoc</strong></span> <span class='ocrx_word' id='word_1_621' title='bbox 678 4310 732 4358; x_wconf 90' lang='lat' dir='ltr'><strong>et</strong></span> <span class='ocrx_word' id='word_1_622' title='bbox 775 4317 919 4358; x_wconf 90' lang='lat' dir='ltr'><strong>nunc</strong></span> <span class='ocrx_word' id='word_1_623' title='bbox 947 4301 1157 4369; x_wconf 87' lang='lat' dir='ltr'><strong>dicam,</strong></span> <span class='ocrx_word' id='word_1_624' title='bbox 1211 4302 1455 4357; x_wconf 80' lang='lat' dir='ltr'><strong>Christus</strong></span> <span class='ocrx_word' id='word_1_625' title='bbox 1500 4314 1746 4358; x_wconf 88' lang='lat' dir='ltr'><strong>nontam</strong></span> 
     </span>
    </p>
   </div>
   <div class='ocr_carea' id='block_1_75' title="bbox 164 4393 1743 4467">
    <p class='ocr_par' dir='ltr' id='par_1_75' title="bbox 164 4393 1743 4467">
     <span class='ocr_line' id='line_1_76' title="bbox 164 4393 1743 4467; baseline 0.001 -20"><span class='ocrx_word' id='word_1_626' title='bbox 164 4409 308 4450; x_wconf 87' lang='lat' dir='ltr'><strong>suam</strong></span> <span class='ocrx_word' id='word_1_627' title='bbox 337 4395 685 4467; x_wconf 82' lang='lat' dir='ltr'><strong>dignitatem,</strong></span> <span class='ocrx_word' id='word_1_628' title='bbox 732 4408 892 4464; x_wconf 89' lang='lat' dir='ltr'><strong>quam</strong></span> <span class='ocrx_word' id='word_1_629' title='bbox 923 4393 1148 4448; x_wconf 87' lang='lat' dir='ltr'><strong>salutem</strong></span> <span class='ocrx_word' id='word_1_630' title='bbox 1189 4402 1426 4449; x_wconf 86' lang='lat' dir='ltr'><strong>nostram</strong></span> <span class='ocrx_word' id='word_1_631' title='bbox 1479 4395 1699 4465; x_wconf 73' lang='lat' dir='ltr'><strong>respicit</strong></span> <span class='ocrx_word' id='word_1_632' title='bbox 1728 4435 1743 4460; x_wconf 93' lang='lat'><strong>,</strong></span> 
     </span>
    </p>
   </div>
   <div class='ocr_carea' id='block_1_76' title="bbox 166 4484 1747 4558">
    <p class='ocr_par' dir='ltr' id='par_1_76' title="bbox 166 4484 1747 4558">
     <span class='ocr_line' id='line_1_77' title="bbox 166 4484 1747 4558; baseline 0.002 -20"><span class='ocrx_word' id='word_1_633' title='bbox 166 4501 259 4541; x_wconf 89' lang='lat' dir='ltr'><strong>nec</strong></span> <span class='ocrx_word' id='word_1_634' title='bbox 284 4487 474 4558; x_wconf 67' lang='lat' dir='ltr'><strong>quaerit</strong></span> <span class='ocrx_word' id='word_1_635' title='bbox 507 4500 758 4556; x_wconf 85' lang='lat' dir='ltr'><strong>magnum</strong></span> <span class='ocrx_word' id='word_1_636' title='bbox 789 4484 1064 4557; x_wconf 90' lang='lat' dir='ltr'><strong>quidpiam</strong></span> <span class='ocrx_word' id='word_1_637' title='bbox 1093 4484 1304 4550; x_wconf 89' lang='lat' dir='ltr'><strong>dicere,</strong></span> <span class='ocrx_word' id='word_1_638' title='bbox 1356 4486 1450 4541; x_wconf 91' lang='lat' dir='ltr'><strong>scd</strong></span> <span class='ocrx_word' id='word_1_639' title='bbox 1476 4487 1619 4557; x_wconf 87' lang='lat' dir='ltr'><strong>quod</strong></span> <span class='ocrx_word' id='word_1_640' title='bbox 1649 4502 1747 4542; x_wconf 88' lang='lat' dir='ltr'><strong>nos</strong></span> 
     </span>
    </p>
   </div>
   <div class='ocr_carea' id='block_1_77' title="bbox 167 4575 1744 4648">
    <p class='ocr_par' dir='ltr' id='par_1_77' title="bbox 167 4575 1744 4648">
     <span class='ocr_line' id='line_1_78' title="bbox 167 4575 1744 4648; baseline 0.002 -17"><span class='ocrx_word' id='word_1_641' title='bbox 167 4578 325 4643; x_wconf 86' lang='lat' dir='ltr'><strong>possit</strong></span> <span class='ocrx_word' id='word_1_642' title='bbox 351 4577 417 4632; x_wconf 90' lang='lat' dir='ltr'><strong>ad</strong></span> <span class='ocrx_word' id='word_1_643' title='bbox 448 4592 510 4633; x_wconf 90' lang='lat' dir='ltr'><strong>se</strong></span> <span class='ocrx_word' id='word_1_644' title='bbox 540 4575 773 4632; x_wconf 86' lang='lat' dir='ltr'><strong>trahere.</strong></span> <span class='ocrx_word' id='word_1_645' title='bbox 817 4576 941 4631; x_wconf 88' lang='lat' dir='ltr'><strong>Ideo</strong></span> <span class='ocrx_word' id='word_1_646' title='bbox 970 4592 1135 4646; x_wconf 89' lang='lat' dir='ltr'><strong>pauca</strong></span> <span class='ocrx_word' id='word_1_647' title='bbox 1166 4591 1355 4648; x_wconf 84' lang='lat' dir='ltr'><strong>magna</strong></span> <span class='ocrx_word' id='word_1_648' title='bbox 1387 4587 1441 4633; x_wconf 91' lang='lat' dir='ltr'><strong>et</strong></span> <span class='ocrx_word' id='word_1_649' title='bbox 1475 4579 1744 4646; x_wconf 87' lang='lat' dir='ltr'><strong>sublimia,</strong></span> 
     </span>
    </p>
   </div>
   <div class='ocr_carea' id='block_1_78' title="bbox 164 4667 1746 4740">
    <p class='ocr_par' dir='ltr' id='par_1_78' title="bbox 164 4667 1746 4740">
     <span class='ocr_line' id='line_1_79' title="bbox 164 4667 1746 4740; baseline 0.004 -19"><span class='ocrx_word' id='word_1_650' title='bbox 164 4677 316 4738; x_wconf 81' lang='lat' dir='ltr'><strong>atque</strong></span> <span class='ocrx_word' id='word_1_651' title='bbox 340 4670 503 4724; x_wconf 85' lang='lat' dir='ltr'><strong>etiam</strong></span> <span class='ocrx_word' id='word_1_652' title='bbox 531 4667 863 4723; x_wconf 88' lang='lat' dir='ltr'><strong>subobscure</strong></span> <span class='ocrx_word' id='word_1_653' title='bbox 884 4667 1041 4736; x_wconf 90' lang='lat' dir='ltr'><strong>dicit,</strong></span> <span class='ocrx_word' id='word_1_654' title='bbox 1074 4668 1292 4724; x_wconf 89' lang='lat' dir='ltr'><strong>humilia</strong></span> <span class='ocrx_word' id='word_1_655' title='bbox 1320 4686 1447 4725; x_wconf 81' lang='lat' dir='ltr'><strong>vero</strong></span> <span class='ocrx_word' id='word_1_656' title='bbox 1468 4680 1519 4724; x_wconf 90' lang='lat' dir='ltr'><strong>ct</strong></span> <span class='ocrx_word' id='word_1_657' title='bbox 1542 4672 1746 4740; x_wconf 83' lang='lat' dir='ltr'><strong>abjecta</strong></span> 
     </span>
    </p>
   </div>
   <div class='ocr_carea' id='block_1_79' title="bbox 164 4758 1742 4829">
    <p class='ocr_par' dir='ltr' id='par_1_79' title="bbox 164 4758 1742 4829">
     <span class='ocr_line' id='line_1_80' title="bbox 164 4758 1742 4829; baseline 0.005 -19"><span class='ocrx_word' id='word_1_658' title='bbox 164 4759 463 4829; x_wconf 78' lang='lat' dir='ltr'><strong>frequenter</strong></span> <span class='ocrx_word' id='word_1_659' title='bbox 493 4758 831 4814; x_wconf 89' lang='lat' dir='ltr'><strong>sermonibus</strong></span> <span class='ocrx_word' id='word_1_660' title='bbox 859 4759 1138 4816; x_wconf 90' lang='lat' dir='ltr'><strong>admiscet.</strong></span> <span class='ocrx_word' id='word_1_661' title='bbox 1169 4760 1303 4829; x_wconf 86' lang='lat' dir='ltr'><strong>Quia</strong></span> <span class='ocrx_word' id='word_1_662' title='bbox 1334 4763 1475 4818; x_wconf 91' lang='lat' dir='ltr'><strong>enim</strong></span> <span class='ocrx_word' id='word_1_663' title='bbox 1501 4762 1616 4818; x_wconf 66' lang='lat' dir='ltr'><strong>haec</strong></span> <span class='ocrx_word' id='word_1_664' title='bbox 1645 4778 1742 4818; x_wconf 89' lang='lat' dir='ltr'><strong>au-</strong></span> 
     </span>
    </p>
   </div>
   <div class='ocr_carea' id='block_1_80' title="bbox 163 4848 1743 4924">
    <p class='ocr_par' dir='ltr' id='par_1_80' title="bbox 163 4848 1743 4924">
     <span class='ocr_line' id='line_1_81' title="bbox 163 4848 1743 4924; baseline 0.006 -24"><span class='ocrx_word' id='word_1_665' title='bbox 163 4848 357 4905; x_wconf 88' lang='lat' dir='ltr'><strong>ditores</strong></span> <span class='ocrx_word' id='word_1_666' title='bbox 403 4850 580 4920; x_wconf 87' lang='lat' dir='ltr'><strong>magis</strong></span> <span class='ocrx_word' id='word_1_667' title='bbox 627 4849 971 4916; x_wconf 88' lang='lat' dir='ltr'><strong>alliciebant,</strong></span> <span class='ocrx_word' id='word_1_668' title='bbox 1021 4850 1106 4906; x_wconf 86' lang='lat' dir='ltr'><strong>his</strong></span> <span class='ocrx_word' id='word_1_669' title='bbox 1174 4853 1339 4908; x_wconf 90' lang='lat' dir='ltr'><strong>utitur</strong></span> <span class='ocrx_word' id='word_1_670' title='bbox 1388 4852 1743 4924; x_wconf 81' lang='lat' dir='ltr'><strong>frequentius.</strong></span> 
     </span>
    </p>
   </div>
   <div class='ocr_carea' id='block_1_81' title="bbox 163 4940 1746 5013">
    <p class='ocr_par' dir='ltr' id='par_1_81' title="bbox 163 4940 1746 5013">
     <span class='ocr_line' id='line_1_82' title="bbox 163 4940 1746 5013; baseline 0.006 -20"><span class='ocrx_word' id='word_1_671' title='bbox 163 4940 335 5011; x_wconf 78' lang='lat' dir='ltr'><strong>Neque</strong></span> <span class='ocrx_word' id='word_1_672' title='bbox 365 4957 585 5011; x_wconf 90' lang='lat' dir='ltr'><strong>semper</strong></span> <span class='ocrx_word' id='word_1_673' title='bbox 612 4940 693 4996; x_wconf 91' lang='lat' dir='ltr'><strong>sic</strong></span> <span class='ocrx_word' id='word_1_674' title='bbox 722 4941 976 5010; x_wconf 88' lang='lat' dir='ltr'><strong>loquitur,</strong></span> <span class='ocrx_word' id='word_1_675' title='bbox 1019 4958 1086 4998; x_wconf 90' lang='lat' dir='ltr'><strong>ne</strong></span> <span class='ocrx_word' id='word_1_676' title='bbox 1119 4953 1303 5013; x_wconf 87' lang='lat' dir='ltr'><strong>postea</strong></span> <span class='ocrx_word' id='word_1_677' title='bbox 1332 4945 1617 5002; x_wconf 91' lang='lat' dir='ltr'><strong>crcdituris</strong></span> <span class='ocrx_word' id='word_1_678' title='bbox 1646 4964 1746 5002; x_wconf 90' lang='lat' dir='ltr'><strong>no-</strong></span> 
     </span>
    </p>
   </div>
   <div class='ocr_carea' id='block_1_82' title="bbox 161 5032 1746 5104">
    <p class='ocr_par' dir='ltr' id='par_1_82' title="bbox 161 5032 1746 5104">
     <span class='ocr_line' id='line_1_83' title="bbox 161 5032 1746 5104; baseline 0.006 -19"><span class='ocrx_word' id='word_1_679' title='bbox 161 5042 302 5094; x_wconf 87' lang='lat' dir='ltr'><strong>ceat;</strong></span> <span class='ocrx_word' id='word_1_680' title='bbox 345 5048 522 5103; x_wconf 85' lang='lat' dir='ltr'><strong>neque</strong></span> <span class='ocrx_word' id='word_1_681' title='bbox 554 5032 640 5086; x_wconf 90' lang='lat' dir='ltr'><strong>illa</strong></span> <span class='ocrx_word' id='word_1_682' title='bbox 674 5041 847 5099; x_wconf 89' lang='lat' dir='ltr'><strong>tacet,</strong></span> <span class='ocrx_word' id='word_1_683' title='bbox 896 5049 964 5088; x_wconf 92' lang='lat' dir='ltr'><strong>ne</strong></span> <span class='ocrx_word' id='word_1_684' title='bbox 1007 5045 1298 5104; x_wconf 66' lang='lat' dir='ltr'><strong>praesentes</strong></span> <span class='ocrx_word' id='word_1_685' title='bbox 1330 5036 1581 5093; x_wconf 82' lang='lat' dir='ltr'><strong>olfendat.</strong></span> <span class='ocrx_word' id='word_1_686' title='bbox 1615 5038 1746 5094; x_wconf 80' lang='lat' dir='ltr'><strong>Nam</strong></span> 
     </span>
    </p>
   </div>
   <div class='ocr_carea' id='block_1_83' title="bbox 160 5123 1749 5201">
    <p class='ocr_par' dir='ltr' id='par_1_83' title="bbox 160 5123 1749 5201">
     <span class='ocr_line' id='line_1_84' title="bbox 160 5123 1749 5201; baseline 0.009 -30"><span class='ocrx_word' id='word_1_687' title='bbox 160 5123 246 5201; x_wconf 76' lang='lat' dir='ltr'><strong>qui</strong></span> <span class='ocrx_word' id='word_1_688' title='bbox 273 5125 538 5193; x_wconf 84' lang='lat' dir='ltr'><strong>ahjectam</strong></span> <span class='ocrx_word' id='word_1_689' title='bbox 568 5124 709 5177; x_wconf 85' lang='lat' dir='ltr'><strong>illam</strong></span> <span class='ocrx_word' id='word_1_690' title='bbox 737 5134 968 5179; x_wconf 88' lang='lat' dir='ltr'><strong>mentem</strong></span> <span class='ocrx_word' id='word_1_691' title='bbox 999 5125 1394 5194; x_wconf 88' lang='lat' dir='ltr'><strong>deposuerunt,</strong></span> <span class='ocrx_word' id='word_1_692' title='bbox 1430 5128 1509 5184; x_wconf 72' lang='lat' dir='ltr'><strong>vel</strong></span> <span class='ocrx_word' id='word_1_693' title='bbox 1541 5145 1607 5185; x_wconf 80' lang='lat' dir='ltr'><strong>ex</strong></span> <span class='ocrx_word' id='word_1_694' title='bbox 1642 5145 1749 5185; x_wconf 92' lang='lat' dir='ltr'><strong>uno</strong></span> 
     </span>
    </p>
   </div>
   <div class='ocr_carea' id='block_1_84' title="bbox 159 5214 1746 5292">
    <p class='ocr_par' dir='ltr' id='par_1_84' title="bbox 159 5214 1746 5292">
     <span class='ocr_line' id='line_1_85' title="bbox 159 5214 1746 5292; baseline 0.007 -26"><span class='ocrx_word' id='word_1_695' title='bbox 159 5214 368 5268; x_wconf 82' lang='lat' dir='ltr'><strong>sublimi</strong></span> <span class='ocrx_word' id='word_1_696' title='bbox 405 5215 662 5285; x_wconf 87' lang='lat' dir='ltr'><strong>dogmate</strong></span> <span class='ocrx_word' id='word_1_697' title='bbox 705 5223 873 5269; x_wconf 89' lang='lat' dir='ltr'><strong>totum</strong></span> <span class='ocrx_word' id='word_1_698' title='bbox 916 5217 1217 5288; x_wconf 88' lang='lat' dir='ltr'><strong>intelligere</strong></span> <span class='ocrx_word' id='word_1_699' title='bbox 1258 5230 1548 5289; x_wconf 89' lang='lat' dir='ltr'><strong>potuerunt</strong></span> <span class='ocrx_word' id='word_1_700' title='bbox 1601 5240 1614 5277; x_wconf 89' lang='lat'><strong>:</strong></span> <span class='ocrx_word' id='word_1_701' title='bbox 1656 5224 1746 5292; x_wconf 90' lang='lat' dir='ltr'><strong>qui</strong></span> 
     </span>
    </p>
   </div>
   <div class='ocr_carea' id='block_1_85' title="bbox 162 5306 1747 5379">
    <p class='ocr_par' dir='ltr' id='par_1_85' title="bbox 162 5306 1747 5379">
     <span class='ocr_line' id='line_1_86' title="bbox 162 5306 1747 5379; baseline 0.01 -25"><span class='ocrx_word' id='word_1_702' title='bbox 162 5319 283 5359; x_wconf 61' lang='lat' dir='ltr'><strong>vero</strong></span> <span class='ocrx_word' id='word_1_703' title='bbox 311 5306 631 5361; x_wconf 85' lang='lat' dir='ltr'><strong>demissiore</strong></span> <span class='ocrx_word' id='word_1_704' title='bbox 671 5308 851 5362; x_wconf 89' lang='lat' dir='ltr'><strong>animo</strong></span> <span class='ocrx_word' id='word_1_705' title='bbox 893 5322 1109 5379; x_wconf 89' lang='lat' dir='ltr'><strong>semper</strong></span> <span class='ocrx_word' id='word_1_706' title='bbox 1134 5321 1324 5379; x_wconf 90' lang='lat' dir='ltr'><strong>erant,</strong></span> <span class='ocrx_word' id='word_1_707' title='bbox 1364 5312 1465 5368; x_wconf 88' lang='lat' dir='ltr'><strong>nisi</strong></span> <span class='ocrx_word' id='word_1_708' title='bbox 1498 5312 1612 5369; x_wconf 68' lang='lat' dir='ltr'><strong>haec</strong></span> <span class='ocrx_word' id='word_1_709' title='bbox 1638 5314 1747 5370; x_wconf 85' lang='lat' dir='ltr'><strong>fre-</strong></span> 
     </span>
    </p>
   </div>
   <div class='ocr_carea' id='block_1_86' title="bbox 160 5396 1749 5476">
    <p class='ocr_par' dir='ltr' id='par_1_86' title="bbox 160 5396 1749 5476">
     <span class='ocr_line' id='line_1_87' title="bbox 160 5396 1749 5476; baseline 0.01 -31"><span class='ocrx_word' id='word_1_710' title='bbox 160 5405 378 5463; x_wconf 89' lang='lat' dir='ltr'><strong>quenter</strong></span> <span class='ocrx_word' id='word_1_711' title='bbox 424 5396 734 5462; x_wconf 87' lang='lat' dir='ltr'><strong>audissent,</strong></span> <span class='ocrx_word' id='word_1_712' title='bbox 782 5413 886 5453; x_wconf 92' lang='lat' dir='ltr'><strong>non</strong></span> <span class='ocrx_word' id='word_1_713' title='bbox 927 5400 1111 5470; x_wconf 89' lang='lat' dir='ltr'><strong>utique</strong></span> <span class='ocrx_word' id='word_1_714' title='bbox 1148 5402 1521 5459; x_wconf 87' lang='lat' dir='ltr'><strong>accessissent.</strong></span> <span class='ocrx_word' id='word_1_715' title='bbox 1564 5403 1749 5476; x_wconf 86' lang='lat' dir='ltr'><strong>Neque</strong></span> 
     </span>
    </p>
   </div>
   <div class='ocr_carea' id='block_1_87' title="bbox 162 5492 1747 5565">
    <p class='ocr_par' dir='ltr' id='par_1_87' title="bbox 162 5492 1747 5565">
     <span class='ocr_line' id='line_1_88' title="bbox 162 5492 1747 5565; baseline 0.009 -27"><span class='ocrx_word' id='word_1_716' title='bbox 162 5492 330 5541; x_wconf 82' lang='lat' dir='ltr'><strong>tamen</strong></span> <span class='ocrx_word' id='word_1_717' title='bbox 362 5498 583 5544; x_wconf 89' lang='lat' dir='ltr'><strong>manent</strong></span> <span class='ocrx_word' id='word_1_718' title='bbox 602 5530 617 5555; x_wconf 90' lang='lat'><strong>,</strong></span> <span class='ocrx_word' id='word_1_719' title='bbox 647 5497 925 5560; x_wconf 83' lang='lat' dir='ltr'><strong>postquam</strong></span> <span class='ocrx_word' id='word_1_720' title='bbox 956 5502 1031 5547; x_wconf 90' lang='lat' dir='ltr'><strong>tot</strong></span> <span class='ocrx_word' id='word_1_721' title='bbox 1054 5503 1110 5549; x_wconf 89' lang='lat' dir='ltr'><strong>et</strong></span> <span class='ocrx_word' id='word_1_722' title='bbox 1140 5501 1284 5549; x_wconf 91' lang='lat' dir='ltr'><strong>tanta</strong></span> <span class='ocrx_word' id='word_1_723' title='bbox 1313 5496 1621 5565; x_wconf 88' lang='lat' dir='ltr'><strong>audierunt,</strong></span> <span class='ocrx_word' id='word_1_724' title='bbox 1650 5500 1747 5554; x_wconf 86' lang='lat' dir='ltr'><strong>sed</strong></span> 
     </span>
    </p>
   </div>
   <div class='ocr_carea' id='block_1_88' title="bbox 162 5568 1743 5657">
    <p class='ocr_par' dir='ltr' id='par_1_88' title="bbox 162 5568 1743 5657">
     <span class='ocr_line' id='line_1_89' title="bbox 162 5568 1743 5657; baseline 0.011 -29"><span class='ocrx_word' id='word_1_725' title='bbox 162 5568 423 5645; x_wconf 56' lang='lat' dir='ltr'><strong>lapidibus‘</strong></span> <span class='ocrx_word' id='word_1_726' title='bbox 442 5578 707 5648; x_wconf 82' lang='lat' dir='ltr'><strong>itnpetunt</strong></span> <span class='ocrx_word' id='word_1_727' title='bbox 722 5622 736 5646; x_wconf 94' lang='lat'><strong>,</strong></span> <span class='ocrx_word' id='word_1_728' title='bbox 762 5593 1154 5653; x_wconf 88' lang='lat' dir='ltr'><strong>persequuntur</strong></span> <span class='ocrx_word' id='word_1_729' title='bbox 1169 5594 1221 5639; x_wconf 87' lang='lat' dir='ltr'><strong>et</strong></span> <span class='ocrx_word' id='word_1_730' title='bbox 1243 5586 1492 5644; x_wconf 88' lang='lat' dir='ltr'><strong>occidere</strong></span> <span class='ocrx_word' id='word_1_731' title='bbox 1518 5599 1743 5657; x_wconf 86' lang='lat' dir='ltr'><strong>tentant,</strong></span> 
     </span>
    </p>
   </div>
   <div class='ocr_carea' id='block_1_89' title="bbox 165 5667 1745 5754">
    <p class='ocr_par' dir='ltr' id='par_1_89' title="bbox 165 5667 1745 5754">
     <span class='ocr_line' id='line_1_90' title="bbox 165 5667 1745 5754; baseline 0.01 -31"><span class='ocrx_word' id='word_1_732' title='bbox 165 5667 636 5743; x_wconf 85' lang='lat' dir='ltr'><strong>hlasphemmnque</strong></span> <span class='ocrx_word' id='word_1_733' title='bbox 680 5683 869 5730; x_wconf 75' lang='lat' dir='ltr'><strong>vocant</strong></span> <span class='ocrx_word' id='word_1_734' title='bbox 901 5691 915 5728; x_wconf 90' lang='lat'><strong>:</strong></span> <span class='ocrx_word' id='word_1_735' title='bbox 947 5692 1010 5731; x_wconf 91' lang='lat' dir='ltr'><strong>ac</strong></span> <span class='ocrx_word' id='word_1_736' title='bbox 1060 5692 1179 5733; x_wconf 88' lang='lat' dir='ltr'><strong>eum</strong></span> <span class='ocrx_word' id='word_1_737' title='bbox 1225 5694 1285 5734; x_wconf 88' lang='lat' dir='ltr'><strong>se</strong></span> <span class='ocrx_word' id='word_1_738' title='bbox 1336 5680 1443 5735; x_wconf 88' lang='lat' dir='ltr'><strong>Deo</strong></span> <span class='ocrx_word' id='word_1_739' title='bbox 1485 5685 1745 5754; x_wconf 65' lang='lat' dir='ltr'><strong>aequalem</strong></span> 
     </span>
    </p>
   </div>
   <div class='ocr_carea' id='block_1_90' title="bbox 166 5759 1745 5845">
    <p class='ocr_par' dir='ltr' id='par_1_90' title="bbox 166 5759 1745 5845">
     <span class='ocr_line' id='line_1_91' title="bbox 166 5759 1745 5845; baseline 0.013 -32"><span class='ocrx_word' id='word_1_740' title='bbox 166 5759 312 5827; x_wconf 78' lang='lat' dir='ltr'><strong>facit,</strong></span> <span class='ocrx_word' id='word_1_741' title='bbox 352 5762 582 5830; x_wconf 88' lang='lat' dir='ltr'><strong>dicunt,</strong></span> <span class='ocrx_word' id='word_1_742' title='bbox 631 5763 732 5819; x_wconf 80' lang='lat' dir='ltr'><strong>Hic</strong></span> <span class='ocrx_word' id='word_1_743' title='bbox 770 5767 1089 5836; x_wconf 83' lang='lat' dir='ltr'><strong>blasphemat</strong></span> <span class='ocrx_word' id='word_1_744' title='bbox 1123 5768 1144 5842; x_wconf 92' lang='lat'><strong>(</strong></span> <span class='ocrx_word' id='word_1_745' title='bbox 1165 5770 1326 5827; x_wconf 74' lang='lat' dir='ltr'><strong>Marc.</strong></span> <span class='ocrx_word' id='word_1_746' title='bbox 1374 5772 1427 5830; x_wconf 72' lang='lat'><strong>2.</strong></span> <span class='ocrx_word' id='word_1_747' title='bbox 1458 5776 1569 5845; x_wconf 78' lang='lat'><strong>7);</strong></span> <span class='ocrx_word' id='word_1_748' title='bbox 1625 5793 1745 5833; x_wconf 90' lang='lat' dir='ltr'><strong>cum</strong></span> 
     </span>
    </p>
   </div>
   <div class='ocr_carea' id='block_1_91' title="bbox 168 5858 1738 5934">
    <p class='ocr_par' dir='ltr' id='par_1_91' title="bbox 168 5858 1738 5934">
     <span class='ocr_line' id='line_1_92' title="bbox 168 5858 1738 5934; baseline 0.009 -24"><span class='ocrx_word' id='word_1_749' title='bbox 168 5858 499 5923; x_wconf 73' lang='lat' dir='ltr'><strong>autemdicit,</strong></span> <span class='ocrx_word' id='word_1_750' title='bbox 527 5859 864 5915; x_wconf 78' lang='lat' dir='ltr'><strong>Rcmittuntur</strong></span> <span class='ocrx_word' id='word_1_751' title='bbox 892 5861 979 5915; x_wconf 76' lang='lat' dir='ltr'><strong>tibi</strong></span> <span class='ocrx_word' id='word_1_752' title='bbox 1024 5876 1225 5930; x_wconf 73' lang='lat' dir='ltr'><strong>pccrata</strong></span> <span class='ocrx_word' id='word_1_753' title='bbox 1255 5878 1337 5921; x_wconf 81' lang='lat' dir='ltr'><strong>ttttt</strong></span> <span class='ocrx_word' id='word_1_754' title='bbox 1368 5864 1578 5934; x_wconf 77' lang='lat' dir='ltr'><strong>.llatt/t.</strong></span> <span class='ocrx_word' id='word_1_755' title='bbox 1602 5872 1653 5926; x_wconf 85' lang='lat'><strong>9.</strong></span> <span class='ocrx_word' id='word_1_756' title='bbox 1687 5872 1738 5927; x_wconf 70' lang='lat'><strong>‘2.</strong></span> 
     </span>
    </p>
   </div>
   <div class='ocr_carea' id='block_1_92' title="bbox 1852 3774 3449 3846">
    <p class='ocr_par' dir='ltr' id='par_1_92' title="bbox 1852 3774 3449 3846">
     <span class='ocr_line' id='line_1_93' title="bbox 1852 3774 3449 3846; baseline -0.001 -11"><span class='ocrx_word' id='word_1_757' title='bbox 1852 3777 2196 3846; x_wconf 74' lang='lat' dir='ltr'><strong>Luc..5.20),</strong></span> <span class='ocrx_word' id='word_1_758' title='bbox 2229 3774 2617 3830; x_wconf 77' lang='lat' dir='ltr'><strong>dacmoniaenm</strong></span> <span class='ocrx_word' id='word_1_759' title='bbox 2639 3784 2856 3842; x_wconf 83' lang='lat' dir='ltr'><strong>vocant;</strong></span> <span class='ocrx_word' id='word_1_760' title='bbox 2875 3782 2932 3830; x_wconf 93' lang='lat' dir='ltr'><strong>ut</strong></span> <span class='ocrx_word' id='word_1_761' title='bbox 2957 3775 3116 3831; x_wconf 88' lang='lat' dir='ltr'><strong>etiam</strong></span> <span class='ocrx_word' id='word_1_762' title='bbox 3143 3790 3263 3832; x_wconf 89' lang='lat' dir='ltr'><strong>cum</strong></span> <span class='ocrx_word' id='word_1_763' title='bbox 3294 3776 3449 3842; x_wconf 74' lang='lat' dir='ltr'><strong>dixit,</strong></span> 
     </span>
    </p>
   </div>
   <div class='ocr_carea' id='block_1_93' title="bbox 1854 3864 3448 3942">
    <p class='ocr_par' dir='ltr' id='par_1_93' title="bbox 1854 3864 3448 3942">
     <span class='ocr_line' id='line_1_94' title="bbox 1854 3864 3448 3942; baseline -0.002 -16"><span class='ocrx_word' id='word_1_764' title='bbox 1854 3874 1945 3942; x_wconf 86' lang='lat' dir='ltr'><strong>qui</strong></span> <span class='ocrx_word' id='word_1_765' title='bbox 2012 3869 2173 3925; x_wconf 81' lang='lat' dir='ltr'><strong>verba</strong></span> <span class='ocrx_word' id='word_1_766' title='bbox 2216 3881 2309 3921; x_wconf 89' lang='lat' dir='ltr'><strong>sua</strong></span> <span class='ocrx_word' id='word_1_767' title='bbox 2355 3864 2597 3932; x_wconf 86' lang='lat' dir='ltr'><strong>audiret,</strong></span> <span class='ocrx_word' id='word_1_768' title='bbox 2666 3877 2840 3938; x_wconf 89' lang='lat' dir='ltr'><strong>morte</strong></span> <span class='ocrx_word' id='word_1_769' title='bbox 2895 3867 3226 3937; x_wconf 88' lang='lat' dir='ltr'><strong>superiorem</strong></span> <span class='ocrx_word' id='word_1_770' title='bbox 3281 3883 3448 3925; x_wconf 86' lang='lat' dir='ltr'><strong>esse:</strong></span> 
     </span>
    </p>
   </div>
   <div class='ocr_carea' id='block_1_94' title="bbox 1854 3956 3453 4030">
    <p class='ocr_par' dir='ltr' id='par_1_94' title="bbox 1854 3956 3453 4030">
     <span class='ocr_line' id='line_1_95' title="bbox 1854 3956 3453 4030; baseline 0 -14"><span class='ocrx_word' id='word_1_771' title='bbox 1854 3977 1975 4016; x_wconf 86' lang='lat' dir='ltr'><strong>cum</strong></span> <span class='ocrx_word' id='word_1_772' title='bbox 2004 3971 2187 4015; x_wconf 85' lang='lat' dir='ltr'><strong>autem</strong></span> <span class='ocrx_word' id='word_1_773' title='bbox 2212 3957 2289 4013; x_wconf 83' lang='lat' dir='ltr'><strong>sic</strong></span> <span class='ocrx_word' id='word_1_774' title='bbox 2330 3957 2568 4027; x_wconf 88' lang='lat' dir='ltr'><strong>loquitur</strong></span> <span class='ocrx_word' id='word_1_775' title='bbox 2588 3999 2605 4025; x_wconf 86' lang='lat'><strong>,</strong></span> <span class='ocrx_word' id='word_1_776' title='bbox 2660 3956 2772 4030; x_wconf 83' lang='lat' dir='ltr'><strong>Ego</strong></span> <span class='ocrx_word' id='word_1_777' title='bbox 2801 3959 2856 4013; x_wconf 83' lang='lat' dir='ltr'><strong>in</strong></span> <span class='ocrx_word' id='word_1_778' title='bbox 2884 3957 3045 4015; x_wconf 87' lang='lat' dir='ltr'><strong>Patre</strong></span> <span class='ocrx_word' id='word_1_779' title='bbox 3067 4002 3082 4028; x_wconf 91' lang='lat'><strong>,</strong></span> <span class='ocrx_word' id='word_1_780' title='bbox 3129 3972 3175 4015; x_wconf 84' lang='lat' dir='ltr'><strong>et</strong></span> <span class='ocrx_word' id='word_1_781' title='bbox 3217 3960 3375 4016; x_wconf 80' lang='lat' dir='ltr'><strong>I’ater</strong></span> <span class='ocrx_word' id='word_1_782' title='bbox 3402 3965 3453 4017; x_wconf 89' lang='lat' dir='ltr'><strong>in</strong></span> 
     </span>
    </p>
   </div>
   <div class='ocr_carea' id='block_1_95' title="bbox 1855 4047 3453 4123">
    <p class='ocr_par' dir='ltr' id='par_1_95' title="bbox 1855 4047 3453 4123">
     <span class='ocr_line' id='line_1_96' title="bbox 1855 4047 3453 4123; baseline 0.002 -18"><span class='ocrx_word' id='word_1_783' title='bbox 1855 4068 1934 4105; x_wconf 88' lang='lat' dir='ltr'><strong>me</strong></span> <span class='ocrx_word' id='word_1_784' title='bbox 1976 4049 2175 4123; x_wconf 82' lang='lat' dir='ltr'><strong>(Joan.</strong></span> <span class='ocrx_word' id='word_1_785' title='bbox 2204 4049 2295 4104; x_wconf 66' lang='lat' dir='ltr'><strong>ll.</strong></span> <span class='ocrx_word' id='word_1_786' title='bbox 2342 4047 2488 4119; x_wconf 87' lang='lat' dir='ltr'><strong>l0),</strong></span> <span class='ocrx_word' id='word_1_787' title='bbox 2536 4048 2709 4119; x_wconf 90' lang='lat' dir='ltr'><strong>ipsum</strong></span> <span class='ocrx_word' id='word_1_788' title='bbox 2758 4049 3108 4121; x_wconf 88' lang='lat' dir='ltr'><strong>relinquunt;</strong></span> <span class='ocrx_word' id='word_1_789' title='bbox 3157 4067 3453 4123; x_wconf 76' lang='lat' dir='ltr'><strong>rursuSque</strong></span> 
     </span>
    </p>
   </div>
   <div class='ocr_carea' id='block_1_96' title="bbox 1853 4139 3453 4217">
    <p class='ocr_par' dir='ltr' id='par_1_96' title="bbox 1853 4139 3453 4217">
     <span class='ocr_line' id='line_1_97' title="bbox 1853 4139 3453 4217; baseline 0.002 -20"><span class='ocrx_word' id='word_1_790' title='bbox 1853 4142 2200 4198; x_wconf 75' lang='lat' dir='ltr'><strong>offenduntur</strong></span> <span class='ocrx_word' id='word_1_791' title='bbox 2224 4154 2347 4195; x_wconf 93' lang='lat' dir='ltr'><strong>cum</strong></span> <span class='ocrx_word' id='word_1_792' title='bbox 2377 4140 2485 4205; x_wconf 86' lang='lat' dir='ltr'><strong>ait,</strong></span> <span class='ocrx_word' id='word_1_793' title='bbox 2516 4153 2578 4195; x_wconf 89' lang='lat' dir='ltr'><strong>se</strong></span> <span class='ocrx_word' id='word_1_794' title='bbox 2594 4139 2663 4195; x_wconf 90' lang='lat' dir='ltr'><strong>de</strong></span> <span class='ocrx_word' id='word_1_795' title='bbox 2687 4141 2822 4197; x_wconf 59' lang='lat' dir='ltr'><strong>caelo</strong></span> <span class='ocrx_word' id='word_1_796' title='bbox 2849 4141 3212 4199; x_wconf 88' lang='lat' dir='ltr'><strong>descendisse.</strong></span> <span class='ocrx_word' id='word_1_797' title='bbox 3241 4144 3301 4199; x_wconf 82' lang='lat' dir='ltr'><strong>Si</strong></span> <span class='ocrx_word' id='word_1_798' title='bbox 3324 4160 3453 4217; x_wconf 81' lang='lat' dir='ltr'><strong>ergo</strong></span> 
     </span>
    </p>
   </div>
   <div class='ocr_carea' id='block_1_97' title="bbox 1858 4230 3453 4303">
    <p class='ocr_par' dir='ltr' id='par_1_97' title="bbox 1858 4230 3453 4303">
     <span class='ocr_line' id='line_1_98' title="bbox 1858 4230 3453 4303; baseline 0.005 -18"><span class='ocrx_word' id='word_1_799' title='bbox 1858 4232 2001 4297; x_wconf 65' lang='lat' dir='ltr'><strong>haec,</strong></span> <span class='ocrx_word' id='word_1_800' title='bbox 2032 4231 2130 4287; x_wconf 82' lang='lat' dir='ltr'><strong>etsi</strong></span> <span class='ocrx_word' id='word_1_801' title='bbox 2154 4230 2330 4287; x_wconf 89' lang='lat' dir='ltr'><strong>rarius</strong></span> <span class='ocrx_word' id='word_1_802' title='bbox 2347 4230 2487 4286; x_wconf 83' lang='lat' dir='ltr'><strong>dicta</strong></span> <span class='ocrx_word' id='word_1_803' title='bbox 2506 4270 2527 4299; x_wconf 87' lang='lat'><strong>,</strong></span> <span class='ocrx_word' id='word_1_804' title='bbox 2558 4246 2663 4287; x_wconf 91' lang='lat' dir='ltr'><strong>non</strong></span> <span class='ocrx_word' id='word_1_805' title='bbox 2687 4230 2929 4288; x_wconf 85' lang='lat' dir='ltr'><strong>ferebant</strong></span> <span class='ocrx_word' id='word_1_806' title='bbox 2950 4244 3125 4289; x_wconf 89' lang='lat' dir='ltr'><strong>tamen</strong></span> <span class='ocrx_word' id='word_1_807' title='bbox 3149 4276 3164 4303; x_wconf 89' lang='lat'><strong>,</strong></span> <span class='ocrx_word' id='word_1_808' title='bbox 3199 4237 3284 4290; x_wconf 76' lang='lat' dir='ltr'><strong>vix</strong></span> <span class='ocrx_word' id='word_1_809' title='bbox 3305 4248 3453 4293; x_wconf 90' lang='lat' dir='ltr'><strong>certe</strong></span> 
     </span>
    </p>
   </div>
   <div class='ocr_carea' id='block_1_98' title="bbox 1853 4321 3446 4394">
    <p class='ocr_par' dir='ltr' id='par_1_98' title="bbox 1853 4321 3446 4394">
     <span class='ocr_line' id='line_1_99' title="bbox 1853 4321 3446 4394; baseline 0.005 -17"><span class='ocrx_word' id='word_1_810' title='bbox 1853 4321 2242 4388; x_wconf 90' lang='lat' dir='ltr'><strong>attendissent,</strong></span> <span class='ocrx_word' id='word_1_811' title='bbox 2285 4321 2330 4377; x_wconf 89' lang='lat' dir='ltr'><strong>si</strong></span> <span class='ocrx_word' id='word_1_812' title='bbox 2375 4322 2624 4377; x_wconf 87' lang='lat' dir='ltr'><strong>sublimia</strong></span> <span class='ocrx_word' id='word_1_813' title='bbox 2676 4338 2891 4393; x_wconf 87' lang='lat' dir='ltr'><strong>semper</strong></span> <span class='ocrx_word' id='word_1_814' title='bbox 2928 4324 3180 4394; x_wconf 88' lang='lat' dir='ltr'><strong>loquutus</strong></span> <span class='ocrx_word' id='word_1_815' title='bbox 3237 4328 3446 4385; x_wconf 88' lang='lat' dir='ltr'><strong>fuisset.</strong></span> 
     </span>
    </p>
   </div>
   <div class='ocr_carea' id='block_1_99' title="bbox 1854 4411 3451 4483">
    <p class='ocr_par' dir='ltr' id='par_1_99' title="bbox 1854 4411 3451 4483">
     <span class='ocr_line' id='line_1_100' title="bbox 1854 4411 3451 4483; baseline 0.007 -19"><span class='ocrx_word' id='word_1_816' title='bbox 1854 4412 2079 4480; x_wconf 79' lang='lat' dir='ltr'><strong>Quando</strong></span> <span class='ocrx_word' id='word_1_817' title='bbox 2126 4412 2287 4483; x_wconf 86' lang='lat' dir='ltr'><strong>igitur</strong></span> <span class='ocrx_word' id='word_1_818' title='bbox 2314 4411 2446 4468; x_wconf 89' lang='lat' dir='ltr'><strong>dicit</strong></span> <span class='ocrx_word' id='word_1_819' title='bbox 2479 4429 2492 4466; x_wconf 90' lang='lat'><strong>:</strong></span> <span class='ocrx_word' id='word_1_820' title='bbox 2525 4412 2673 4469; x_wconf 87' lang='lat' dir='ltr'><strong>Sicut</strong></span> <span class='ocrx_word' id='word_1_821' title='bbox 2703 4414 2960 4468; x_wconf 80' lang='lat' dir='ltr'><strong>mandavit</strong></span> <span class='ocrx_word' id='word_1_822' title='bbox 2989 4416 3113 4471; x_wconf 85' lang='lat' dir='ltr'><strong>mihi</strong></span> <span class='ocrx_word' id='word_1_823' title='bbox 3144 4416 3332 4483; x_wconf 84' lang='lat' dir='ltr'><strong>Pater,</strong></span> <span class='ocrx_word' id='word_1_824' title='bbox 3380 4423 3451 4475; x_wconf 78' lang='lat' dir='ltr'><strong>sic</strong></span> 
     </span>
    </p>
   </div>
   <div class='ocr_carea' id='block_1_100' title="bbox 1855 4502 3451 4581">
    <p class='ocr_par' dir='ltr' id='par_1_100' title="bbox 1855 4502 3451 4581">
     <span class='ocr_line' id='line_1_101' title="bbox 1855 4502 3451 4581; baseline 0.006 -24"><span class='ocrx_word' id='word_1_825' title='bbox 1855 4504 2036 4571; x_wconf 86' lang='lat' dir='ltr'><strong>loquor</strong></span> <span class='ocrx_word' id='word_1_826' title='bbox 2077 4502 2254 4574; x_wconf 84' lang='lat' dir='ltr'><strong>(Ibid.</strong></span> <span class='ocrx_word' id='word_1_827' title='bbox 2284 4521 2332 4558; x_wconf 79' lang='grc' dir='ltr'><strong>υ.</strong></span> <span class='ocrx_word' id='word_1_828' title='bbox 2360 4505 2423 4559; x_wconf 77' lang='grc'><strong>51</strong></span> <span class='ocrx_word' id='word_1_829' title='bbox 2453 4504 2512 4574; x_wconf 90' lang='grc'><strong>);</strong></span> <span class='ocrx_word' id='word_1_830' title='bbox 2572 4514 2665 4572; x_wconf 87' lang='lat' dir='ltr'><strong>et,</strong></span> <span class='ocrx_word' id='word_1_831' title='bbox 2712 4505 2757 4558; x_wconf 81' lang='grc' dir='ltr'><em>Α</em></span> <span class='ocrx_word' id='word_1_832' title='bbox 2782 4506 2972 4577; x_wconf 86' lang='lat' dir='ltr'><strong>meipso</strong></span> <span class='ocrx_word' id='word_1_833' title='bbox 3013 4524 3113 4563; x_wconf 88' lang='lat' dir='ltr'><strong>non</strong></span> <span class='ocrx_word' id='word_1_834' title='bbox 3171 4512 3281 4566; x_wconf 80' lang='lat' dir='ltr'><strong>veni</strong></span> <span class='ocrx_word' id='word_1_835' title='bbox 3323 4511 3451 4581; x_wconf 85' lang='lat' dir='ltr'><strong>(Id.</strong></span> 
     </span>
    </p>
   </div>
   <div class='ocr_carea' id='block_1_101' title="bbox 1856 4594 3451 4675">
    <p class='ocr_par' dir='ltr' id='par_1_101' title="bbox 1856 4594 3451 4675">
     <span class='ocr_line' id='line_1_102' title="bbox 1856 4594 3451 4675; baseline 0.008 -27"><span class='ocrx_word' id='word_1_836' title='bbox 1856 4597 1909 4649; x_wconf 88' lang='lat'><strong>7.</strong></span> <span class='ocrx_word' id='word_1_837' title='bbox 1942 4594 2013 4649; x_wconf 70' lang='lat'><strong>28</strong></span> <span class='ocrx_word' id='word_1_838' title='bbox 2034 4598 2051 4665; x_wconf 91' lang='lat'>)</span> <span class='ocrx_word' id='word_1_839' title='bbox 2072 4636 2087 4657; x_wconf 93' lang='lat'><strong>,</strong></span> <span class='ocrx_word' id='word_1_840' title='bbox 2138 4603 2264 4651; x_wconf 89' lang='lat' dir='ltr'><strong>tunc</strong></span> <span class='ocrx_word' id='word_1_841' title='bbox 2291 4595 2556 4661; x_wconf 87' lang='lat' dir='ltr'><strong>credunt,</strong></span> <span class='ocrx_word' id='word_1_842' title='bbox 2608 4606 2665 4651; x_wconf 89' lang='lat' dir='ltr'><strong>ut</strong></span> <span class='ocrx_word' id='word_1_843' title='bbox 2719 4597 2893 4668; x_wconf 88' lang='lat' dir='ltr'><strong>palam</strong></span> <span class='ocrx_word' id='word_1_844' title='bbox 2925 4598 3187 4669; x_wconf 79' lang='lat' dir='ltr'><strong>significat</strong></span> <span class='ocrx_word' id='word_1_845' title='bbox 3218 4616 3451 4675; x_wconf 82' lang='lat' dir='ltr'><strong>evange-</strong></span> 
     </span>
    </p>
   </div>
   <div class='ocr_carea' id='block_1_102' title="bbox 1858 4686 3458 4757">
    <p class='ocr_par' dir='ltr' id='par_1_102' title="bbox 1858 4686 3458 4757">
     <span class='ocr_line' id='line_1_103' title="bbox 1858 4686 3458 4757; baseline 0.006 -17"><span class='ocrx_word' id='word_1_846' title='bbox 1858 4687 1975 4741; x_wconf 84' lang='lat' dir='ltr'><strong>lista</strong></span> <span class='ocrx_word' id='word_1_847' title='bbox 2004 4702 2126 4742; x_wconf 94' lang='lat' dir='ltr'><strong>cum</strong></span> <span class='ocrx_word' id='word_1_848' title='bbox 2157 4687 2323 4750; x_wconf 85' lang='lat' dir='ltr'><strong>dicit.</strong></span> <span class='ocrx_word' id='word_1_849' title='bbox 2372 4686 2500 4743; x_wconf 63' lang='lat' dir='ltr'><strong>Huic</strong></span> <span class='ocrx_word' id='word_1_850' title='bbox 2532 4687 2623 4742; x_wconf 85' lang='lat' dir='ltr'><strong>illo</strong></span> <span class='ocrx_word' id='word_1_851' title='bbox 2650 4688 2910 4757; x_wconf 86' lang='lat' dir='ltr'><strong>loquente,</strong></span> <span class='ocrx_word' id='word_1_852' title='bbox 2961 4691 3106 4744; x_wconf 84' lang='lat' dir='ltr'><strong>multi</strong></span> <span class='ocrx_word' id='word_1_853' title='bbox 3132 4692 3458 4749; x_wconf 83' lang='lat' dir='ltr'><strong>crediderunt</strong></span> 
     </span>
    </p>
   </div>
   <div class='ocr_carea' id='block_1_103' title="bbox 1855 4774 3451 4847">
    <p class='ocr_par' dir='ltr' id='par_1_103' title="bbox 1855 4774 3451 4847">
     <span class='ocr_line' id='line_1_104' title="bbox 1855 4774 3451 4847; baseline 0.006 -19"><span class='ocrx_word' id='word_1_854' title='bbox 1855 4777 1907 4829; x_wconf 73' lang='lat' dir='ltr'><strong>in</strong></span> <span class='ocrx_word' id='word_1_855' title='bbox 1936 4793 2048 4831; x_wconf 86' lang='lat' dir='ltr'><strong>eum</strong></span> <span class='ocrx_word' id='word_1_856' title='bbox 2075 4778 2094 4847; x_wconf 93' lang='lat'><strong>(</strong></span> <span class='ocrx_word' id='word_1_857' title='bbox 2127 4774 2212 4831; x_wconf 86' lang='lat' dir='ltr'><strong>Id.</strong></span> <span class='ocrx_word' id='word_1_858' title='bbox 2243 4795 2291 4830; x_wconf 85' lang='grc' dir='ltr'><strong>υ.</strong></span> <span class='ocrx_word' id='word_1_859' title='bbox 2320 4778 2381 4833; x_wconf 82' lang='grc'><strong>’51</strong></span> <span class='ocrx_word' id='word_1_860' title='bbox 2406 4777 2444 4847; x_wconf 94' lang='grc'><strong>).</strong></span> <span class='ocrx_word' id='word_1_861' title='bbox 2481 4777 2533 4831; x_wconf 83' lang='lat' dir='ltr'><strong>Si</strong></span> <span class='ocrx_word' id='word_1_862' title='bbox 2570 4792 2698 4847; x_wconf 86' lang='lat' dir='ltr'><strong>ergo</strong></span> <span class='ocrx_word' id='word_1_863' title='bbox 2735 4779 2953 4833; x_wconf 83' lang='lat' dir='ltr'><strong>humilia</strong></span> <span class='ocrx_word' id='word_1_864' title='bbox 3008 4780 3170 4836; x_wconf 89' lang='lat' dir='ltr'><strong>verba</strong></span> <span class='ocrx_word' id='word_1_865' title='bbox 3197 4782 3263 4837; x_wconf 92' lang='lat' dir='ltr'><strong>ad</strong></span> <span class='ocrx_word' id='word_1_866' title='bbox 3296 4784 3451 4839; x_wconf 76' lang='lat' dir='ltr'><strong>[idem</strong></span> 
     </span>
    </p>
   </div>
   <div class='ocr_carea' id='block_1_104' title="bbox 1859 4868 3454 4937">
    <p class='ocr_par' dir='ltr' id='par_1_104' title="bbox 1859 4868 3454 4937">
     <span class='ocr_line' id='line_1_105' title="bbox 1859 4868 3454 4937; baseline 0.003 -16"><span class='ocrx_word' id='word_1_867' title='bbox 1859 4868 2168 4937; x_wconf 85' lang='lat' dir='ltr'><strong>trahebant,</strong></span> <span class='ocrx_word' id='word_1_868' title='bbox 2202 4870 2448 4925; x_wconf 76' lang='lat' dir='ltr'><strong>sublimia</strong></span> <span class='ocrx_word' id='word_1_869' title='bbox 2470 4872 2925 4926; x_wconf 73' lang='lat' dir='ltr'><strong>veroarertehaut</strong></span> <span class='ocrx_word' id='word_1_870' title='bbox 2944 4914 2957 4935; x_wconf 88' lang='lat'><strong>,</strong></span> <span class='ocrx_word' id='word_1_871' title='bbox 2990 4887 3169 4929; x_wconf 86' lang='lat' dir='ltr'><strong>annon</strong></span> <span class='ocrx_word' id='word_1_872' title='bbox 3195 4884 3454 4930; x_wconf 78' lang='lat' dir='ltr'><strong>cxtrenne</strong></span> 
     </span>
    </p>
   </div>
   <div class='ocr_carea' id='block_1_105' title="bbox 1856 4960 3451 5032">
    <p class='ocr_par' dir='ltr' id='par_1_105' title="bbox 1856 4960 3451 5032">
     <span class='ocr_line' id='line_1_106' title="bbox 1856 4960 3451 5032; baseline 0.003 -17"><span class='ocrx_word' id='word_1_873' title='bbox 1856 4960 2141 5016; x_wconf 79' lang='lat' dir='ltr'><strong>dementia:</strong></span> <span class='ocrx_word' id='word_1_874' title='bbox 2170 4961 2331 5017; x_wconf 85' lang='lat' dir='ltr'><strong>fuerit</strong></span> <span class='ocrx_word' id='word_1_875' title='bbox 2358 4977 2462 5016; x_wconf 90' lang='lat' dir='ltr'><strong>non</strong></span> <span class='ocrx_word' id='word_1_876' title='bbox 2494 4962 2733 5032; x_wconf 85' lang='lat' dir='ltr'><strong>c0gitare</strong></span> <span class='ocrx_word' id='word_1_877' title='bbox 2762 4962 2982 5018; x_wconf 85' lang='lat' dir='ltr'><strong>humilia</strong></span> <span class='ocrx_word' id='word_1_878' title='bbox 3014 4965 3175 5021; x_wconf 87' lang='lat' dir='ltr'><strong>verba</strong></span> <span class='ocrx_word' id='word_1_879' title='bbox 3198 4966 3264 5021; x_wconf 86' lang='lat' dir='ltr'><strong>ad</strong></span> <span class='ocrx_word' id='word_1_880' title='bbox 3306 4966 3451 5019; x_wconf 82' lang='lat' dir='ltr'><strong>audi-</strong></span> 
     </span>
    </p>
   </div>
   <div class='ocr_carea' id='block_1_106' title="bbox 1858 5056 3445 5127">
    <p class='ocr_par' dir='ltr' id='par_1_106' title="bbox 1858 5056 3445 5127">
     <span class='ocr_line' id='line_1_107' title="bbox 1858 5056 3445 5127; baseline 0.003 -21"><span class='ocrx_word' id='word_1_881' title='bbox 1858 5061 2031 5107; x_wconf 82' lang='lat' dir='ltr'><strong>turum</strong></span> <span class='ocrx_word' id='word_1_882' title='bbox 2075 5062 2291 5123; x_wconf 87' lang='lat' dir='ltr'><strong>captum</strong></span> <span class='ocrx_word' id='word_1_883' title='bbox 2338 5062 2690 5124; x_wconf 85' lang='lat' dir='ltr'><strong>attemperata</strong></span> <span class='ocrx_word' id='word_1_884' title='bbox 2741 5058 2900 5109; x_wconf 88' lang='lat' dir='ltr'><strong>esse?</strong></span> <span class='ocrx_word' id='word_1_885' title='bbox 2946 5056 3224 5127; x_wconf 88' lang='lat' dir='ltr'><strong>Siquidem</strong></span> <span class='ocrx_word' id='word_1_886' title='bbox 3257 5067 3314 5113; x_wconf 89' lang='lat' dir='ltr'><strong>et</strong></span> <span class='ocrx_word' id='word_1_887' title='bbox 3341 5060 3445 5114; x_wconf 85' lang='lat' dir='ltr'><strong>alin</strong></span> 
     </span>
    </p>
   </div>
   <div class='ocr_carea' id='block_1_107' title="bbox 1860 5133 3441 5215">
    <p class='ocr_par' dir='ltr' id='par_1_107' title="bbox 1860 5133 3441 5215">
     <span class='ocr_line' id='line_1_108' title="bbox 1860 5133 3441 5215; baseline 0.006 -20"><span class='ocrx_word' id='word_1_888' title='bbox 1860 5140 2007 5208; x_wconf 88' lang='lat' dir='ltr'><strong>loco,</strong></span> <span class='ocrx_word' id='word_1_889' title='bbox 2038 5157 2159 5197; x_wconf 91' lang='lat' dir='ltr'><strong>cum</strong></span> <span class='ocrx_word' id='word_1_890' title='bbox 2188 5158 2437 5213; x_wconf 85' lang='lat' dir='ltr'><strong>magnum</strong></span> <span class='ocrx_word' id='word_1_891' title='bbox 2463 5133 2734 5213; x_wconf 74' lang='lat' dir='ltr'><strong>quidpiam</strong></span> <span class='ocrx_word' id='word_1_892' title='bbox 2767 5144 2910 5215; x_wconf 82' lang='lat' dir='ltr'><strong>quui</strong></span> <span class='ocrx_word' id='word_1_893' title='bbox 2940 5146 3135 5214; x_wconf 81' lang='lat' dir='ltr'><strong>vellet,</strong></span> <span class='ocrx_word' id='word_1_894' title='bbox 3168 5149 3355 5211; x_wconf 88' lang='lat' dir='ltr'><strong>tacuit,</strong></span> <span class='ocrx_word' id='word_1_895' title='bbox 3385 5160 3441 5204; x_wconf 88' lang='lat' dir='ltr'><strong>et</strong></span> 
     </span>
    </p>
   </div>
   <div class='ocr_carea' id='block_1_108' title="bbox 1857 5233 3447 5310">
    <p class='ocr_par' dir='ltr' id='par_1_108' title="bbox 1857 5233 3447 5310">
     <span class='ocr_line' id='line_1_109' title="bbox 1857 5233 3447 5310; baseline 0.007 -25"><span class='ocrx_word' id='word_1_896' title='bbox 1857 5246 2071 5288; x_wconf 85' lang='lat' dir='ltr'><strong>causam</strong></span> <span class='ocrx_word' id='word_1_897' title='bbox 2101 5233 2296 5288; x_wconf 86' lang='lat' dir='ltr'><strong>silentii</strong></span> <span class='ocrx_word' id='word_1_898' title='bbox 2323 5234 2561 5289; x_wconf 89' lang='lat' dir='ltr'><strong>addidit:</strong></span> <span class='ocrx_word' id='word_1_899' title='bbox 2583 5234 2664 5289; x_wconf 78' lang='lat' dir='ltr'><strong>Ne</strong></span> <span class='ocrx_word' id='word_1_900' title='bbox 2690 5238 3094 5294; x_wconf 81' lang='lat' dir='ltr'><strong>scandalizemus</strong></span> <span class='ocrx_word' id='word_1_901' title='bbox 3126 5256 3231 5305; x_wconf 78' lang='lat' dir='ltr'><strong>eos,</strong></span> <span class='ocrx_word' id='word_1_902' title='bbox 3250 5242 3447 5310; x_wconf 73' lang='lat' dir='ltr'><strong>profice</strong></span> 
     </span>
    </p>
   </div>
   <div class='ocr_carea' id='block_1_109' title="bbox 1857 5324 3451 5397">
    <p class='ocr_par' dir='ltr' id='par_1_109' title="bbox 1857 5324 3451 5397">
     <span class='ocr_line' id='line_1_110' title="bbox 1857 5324 3451 5397; baseline 0.011 -23"><span class='ocrx_word' id='word_1_903' title='bbox 1857 5324 2062 5377; x_wconf 85' lang='lat' dir='ltr'><strong>lummm</strong></span> <span class='ocrx_word' id='word_1_904' title='bbox 2083 5324 2135 5377; x_wconf 91' lang='lat' dir='ltr'><strong>in</strong></span> <span class='ocrx_word' id='word_1_905' title='bbox 2157 5341 2295 5381; x_wconf 89' lang='lat' dir='ltr'><strong>mare</strong></span> <span class='ocrx_word' id='word_1_906' title='bbox 2322 5325 2342 5397; x_wconf 96' lang='lat'><strong>(</strong></span> <span class='ocrx_word' id='word_1_907' title='bbox 2368 5326 2549 5380; x_wconf 75' lang='lat' dir='ltr'><strong>Matth.</strong></span> <span class='ocrx_word' id='word_1_908' title='bbox 2578 5327 2661 5380; x_wconf 89' lang='grc'><strong>17.</strong></span> <span class='ocrx_word' id='word_1_909' title='bbox 2689 5327 2817 5397; x_wconf 69' lang='grc'><strong>26).</strong></span> <span class='ocrx_word' id='word_1_910' title='bbox 2843 5329 2994 5397; x_wconf 89' lang='lat' dir='ltr'><strong>Quod</strong></span> <span class='ocrx_word' id='word_1_911' title='bbox 3020 5334 3180 5386; x_wconf 84' lang='lat' dir='ltr'><strong>etiam</strong></span> <span class='ocrx_word' id='word_1_912' title='bbox 3203 5332 3290 5389; x_wconf 89' lang='lat' dir='ltr'><strong>hic</strong></span> <span class='ocrx_word' id='word_1_913' title='bbox 3309 5335 3451 5391; x_wconf 85' lang='lat' dir='ltr'><strong>facit.</strong></span> 
     </span>
    </p>
   </div>
   <div class='ocr_carea' id='block_1_110' title="bbox 1857 5414 3449 5497">
    <p class='ocr_par' dir='ltr' id='par_1_110' title="bbox 1857 5414 3449 5497">
     <span class='ocr_line' id='line_1_111' title="bbox 1857 5414 3449 5497; baseline 0.008 -28"><span class='ocrx_word' id='word_1_914' title='bbox 1857 5414 1985 5469; x_wconf 78' lang='lat' dir='ltr'><strong>Nam</strong></span> <span class='ocrx_word' id='word_1_915' title='bbox 2015 5426 2293 5486; x_wconf 81' lang='lat' dir='ltr'><strong>postquam</strong></span> <span class='ocrx_word' id='word_1_916' title='bbox 2321 5417 2563 5485; x_wconf 76' lang='lat' dir='ltr'><strong>dixerat,</strong></span> <span class='ocrx_word' id='word_1_917' title='bbox 2596 5417 2706 5490; x_wconf 84' lang='lat' dir='ltr'><strong>Ego</strong></span> <span class='ocrx_word' id='word_1_918' title='bbox 2748 5422 2965 5475; x_wconf 76' lang='lat' dir='ltr'><strong>sciebant</strong></span> <span class='ocrx_word' id='word_1_919' title='bbox 2994 5426 3114 5492; x_wconf 78' lang='lat' dir='ltr'><strong>quia</strong></span> <span class='ocrx_word' id='word_1_920' title='bbox 3150 5442 3345 5497; x_wconf 81' lang='lat' dir='ltr'><strong>semper</strong></span> <span class='ocrx_word' id='word_1_921' title='bbox 3370 5445 3449 5482; x_wconf 79' lang='lat' dir='ltr'><strong>me</strong></span> 
     </span>
    </p>
   </div>
   <div class='ocr_carea' id='block_1_111' title="bbox 1856 5507 3443 5581">
    <p class='ocr_par' dir='ltr' id='par_1_111' title="bbox 1856 5507 3443 5581">
     <span class='ocr_line' id='line_1_112' title="bbox 1856 5507 3443 5581; baseline 0.007 -22"><span class='ocrx_word' id='word_1_922' title='bbox 1856 5508 2002 5560; x_wconf 85' lang='lat' dir='ltr'><strong>audis</strong></span> <span class='ocrx_word' id='word_1_923' title='bbox 2025 5525 2045 5573; x_wconf 85' lang='lat'><strong><em>;</em></strong></span> <span class='ocrx_word' id='word_1_924' title='bbox 2074 5508 2299 5573; x_wconf 89' lang='lat' dir='ltr'><strong>addidit,</strong></span> <span class='ocrx_word' id='word_1_925' title='bbox 2319 5507 2426 5565; x_wconf 86' lang='lat' dir='ltr'><strong>Sed</strong></span> <span class='ocrx_word' id='word_1_926' title='bbox 2445 5520 2650 5580; x_wconf 87' lang='lat' dir='ltr'><strong>prapter</strong></span> <span class='ocrx_word' id='word_1_927' title='bbox 2674 5514 2870 5565; x_wconf 81' lang='lat' dir='ltr'><strong>turbam</strong></span> <span class='ocrx_word' id='word_1_928' title='bbox 2892 5514 3297 5570; x_wconf 84' lang='lat' dir='ltr'><strong>circumstantcm</strong></span> <span class='ocrx_word' id='word_1_929' title='bbox 3319 5519 3443 5581; x_wconf 69' lang='lat' dir='ltr'><strong>dixi,</strong></span> 
     </span>
    </p>
   </div>
   <div class='ocr_carea' id='block_1_112' title="bbox 1858 5601 3441 5663">
    <p class='ocr_par' dir='ltr' id='par_1_112' title="bbox 1858 5601 3441 5663">
     <span class='ocr_line' id='line_1_113' title="bbox 1858 5601 3441 5663; baseline 0.008 -13"><span class='ocrx_word' id='word_1_930' title='bbox 1858 5609 1910 5651; x_wconf 86' lang='lat' dir='ltr'><strong>ut</strong></span> <span class='ocrx_word' id='word_1_931' title='bbox 1943 5601 2170 5654; x_wconf 79' lang='lat' dir='ltr'><strong>credant.</strong></span> <span class='ocrx_word' id='word_1_932' title='bbox 2231 5606 2311 5655; x_wconf 75' lang='lat' dir='ltr'><strong>An</strong></span> <span class='ocrx_word' id='word_1_933' title='bbox 2344 5611 2526 5656; x_wconf 86' lang='lat' dir='ltr'><strong>nostra</strong></span> <span class='ocrx_word' id='word_1_934' title='bbox 2569 5602 2682 5656; x_wconf 71' lang='lat' dir='ltr'><strong>lucc</strong></span> <span class='ocrx_word' id='word_1_935' title='bbox 2718 5604 2879 5657; x_wconf 79' lang='lat' dir='ltr'><strong>sunt?</strong></span> <span class='ocrx_word' id='word_1_936' title='bbox 2925 5620 2992 5658; x_wconf 89' lang='lat' dir='ltr'><strong>an</strong></span> <span class='ocrx_word' id='word_1_937' title='bbox 3025 5606 3254 5661; x_wconf 86' lang='lat' dir='ltr'><strong>humana</strong></span> <span class='ocrx_word' id='word_1_938' title='bbox 3310 5624 3441 5663; x_wconf 50' lang='lat' dir='ltr'><strong>can.</strong></span> 
     </span>
    </p>
   </div>
   <div class='ocr_carea' id='block_1_113' title="bbox 1851 5689 3451 5766">
    <p class='ocr_par' dir='ltr' id='par_1_113' title="bbox 1851 5689 3451 5766">
     <span class='ocr_line' id='line_1_114' title="bbox 1851 5689 3451 5766; baseline 0.006 -22"><span class='ocrx_word' id='word_1_939' title='bbox 1851 5689 2060 5759; x_wconf 82' lang='lat' dir='ltr'><strong>jectura</strong></span> <span class='ocrx_word' id='word_1_940' title='bbox 2082 5695 2106 5747; x_wconf 66' lang='grc' dir='ltr'>ἲ</span> <span class='ocrx_word' id='word_1_941' title='bbox 2132 5692 2263 5748; x_wconf 73' lang='lat' dir='ltr'><strong>Cum</strong></span> <span class='ocrx_word' id='word_1_942' title='bbox 2295 5708 2424 5765; x_wconf 88' lang='lat' dir='ltr'><strong>ergo</strong></span> <span class='ocrx_word' id='word_1_943' title='bbox 2446 5692 2565 5764; x_wconf 90' lang='lat' dir='ltr'><strong>quis</strong></span> <span class='ocrx_word' id='word_1_944' title='bbox 2592 5709 2657 5748; x_wconf 81' lang='lat' dir='ltr'><strong>ex</strong></span> <span class='ocrx_word' id='word_1_945' title='bbox 2681 5696 2894 5764; x_wconf 82' lang='lat' dir='ltr'><strong>scriptis</strong></span> <span class='ocrx_word' id='word_1_946' title='bbox 2915 5713 2974 5751; x_wconf 87' lang='lat' dir='ltr'><strong>se</strong></span> <span class='ocrx_word' id='word_1_947' title='bbox 2996 5698 3305 5766; x_wconf 69' lang='lat' dir='ltr'><strong>persuaderi</strong></span> <span class='ocrx_word' id='word_1_948' title='bbox 3348 5717 3377 5753; x_wconf 93' lang='lat' dir='ltr'><strong>n</strong></span> <span class='ocrx_word' id='word_1_949' title='bbox 3410 5722 3451 5753; x_wconf 13' lang='lat' dir='ltr'><strong>tu</strong></span> 
     </span>
    </p>
   </div>
   <div class='ocr_carea' id='block_1_114' title="bbox 1858 5784 3453 5856">
    <p class='ocr_par' dir='ltr' id='par_1_114' title="bbox 1858 5784 3453 5856">
     <span class='ocr_line' id='line_1_115' title="bbox 1858 5784 3453 5856; baseline 0.008 -21"><span class='ocrx_word' id='word_1_950' title='bbox 1858 5784 2055 5853; x_wconf 84' lang='lat' dir='ltr'><strong>patitur</strong></span> <span class='ocrx_word' id='word_1_951' title='bbox 2074 5825 2087 5849; x_wconf 92' lang='lat'><strong>,</strong></span> <span class='ocrx_word' id='word_1_952' title='bbox 2121 5786 2261 5851; x_wconf 88' lang='lat' dir='ltr'><strong>quod</strong></span> <span class='ocrx_word' id='word_1_953' title='bbox 2288 5786 2388 5855; x_wconf 89' lang='lat' dir='ltr'><strong>ipsi</strong></span> <span class='ocrx_word' id='word_1_954' title='bbox 2419 5785 2485 5841; x_wconf 89' lang='lat' dir='ltr'><strong>de</strong></span> <span class='ocrx_word' id='word_1_955' title='bbox 2512 5784 2915 5842; x_wconf 89' lang='lat' dir='ltr'><strong>sublimioribus</strong></span> <span class='ocrx_word' id='word_1_956' title='bbox 2944 5788 3342 5845; x_wconf 64' lang='lat' dir='ltr'><strong>oﬂcnderentur</strong></span> <span class='ocrx_word' id='word_1_957' title='bbox 3366 5836 3379 5856; x_wconf 90' lang='lat'><strong>,</strong></span> <span class='ocrx_word' id='word_1_958' title='bbox 3412 5797 3453 5848; x_wconf 44' lang='grc' dir='ltr'><strong>ἐξ</strong></span> 
     </span>
    </p>
   </div>
   <div class='ocr_carea' id='block_1_115' title="bbox 1856 5865 3461 5956">
    <p class='ocr_par' dir='ltr' id='par_1_115' title="bbox 1856 5865 3461 5956">
     <span class='ocr_line' id='line_1_116' title="bbox 1856 5865 3461 5956; baseline 0.009 -26"><span class='ocrx_word' id='word_1_959' title='bbox 1856 5875 2078 5932; x_wconf 76' lang='lat' dir='ltr'><strong>audiens</strong></span> <span class='ocrx_word' id='word_1_960' title='bbox 2119 5865 2389 5934; x_wconf 79' lang='lat' dir='ltr'><strong>Christum</strong></span> <span class='ocrx_word' id='word_1_961' title='bbox 2422 5878 2690 5935; x_wconf 85' lang='lat' dir='ltr'><strong>dicentem</strong></span> <span class='ocrx_word' id='word_1_962' title='bbox 2720 5896 2776 5935; x_wconf 85' lang='lat' dir='ltr'><strong>sc</strong></span> <span class='ocrx_word' id='word_1_963' title='bbox 2809 5878 2930 5936; x_wconf 85' lang='lat' dir='ltr'><strong>ideo</strong></span> <span class='ocrx_word' id='word_1_964' title='bbox 2965 5881 3181 5939; x_wconf 84' lang='lat' dir='ltr'><strong>humilia</strong></span> <span class='ocrx_word' id='word_1_965' title='bbox 3213 5883 3356 5956; x_wconf 69' lang='lat' dir='ltr'><strong>loqui</strong></span> <span class='ocrx_word' id='word_1_966' title='bbox 3395 5906 3461 5945; x_wconf 57' lang='lat' dir='ltr'><strong>ut,</strong></span> 
     </span>
    </p>
   </div>
  </div>
