4088 6500
710 412 817 469 επ

709 521 1158 588 scandalizentur,
1201 500 1744 590 quomodosuspicari
1769 514 1988 585 poterit‘
2019 512 2169 566 illum
2197 525 2265 564 ex

711 620 895 666 natura
936 610 1013 665 rei
1059 608 1237 680 loqui,
1282 602 1479 662 etnon
1520 622 1617 679 per
1662 602 2037 675 indulgentiam
2080 614 2263 670 quam-

707 701 866 757 dam?
908 700 994 756 Sic
1035 709 1090 755 et
1130 699 1256 756 alibi
1294 714 1424 754 voce
1454 692 1697 767 superne
1735 696 1907 751 delata
1945 693 2116 749 dicit:
2148 690 2271 745 Non
2324 690 2331 737 ξ

709 800 909 861 propter
938 808 1016 846 nte
1053 792 1159 844 hac
1184 806 1278 845 eoa:
1303 791 1437 859 facta
1464 799 1557 855 est,
1602 788 1690 841 sed
1729 797 1931 856 propter
1959 801 2043 837 vos
2073 782 2261 854 (Joan.

708 882 792 941 12.
833 882 961 952 30).
1006 882 1165 951 Atqui
1196 895 1387 951 magno
1432 880 1555 935 licet
1597 879 1758 933 multa
1799 877 1868 931 de
1908 892 1966 931 se
1998 873 2267 928 humiliter

708 972 1020 1041 praedicare;
1069 973 1156 1026 vili
1186 981 1366 1025 autem
1403 980 1456 1025 et
1487 970 1694 1037 abjeeto
1737 982 1840 1023 non
1872 967 1993 1022 licet
2020 980 2264 1034 magnum

702 1061 969 1133 quidpiam
1010 1070 1064 1116 et
1091 1061 1315 1115 sublime
1342 1059 1408 1115 de
1434 1074 1492 1113 se
1516 1059 1713 1113 dicere.
1756 1056 1884 1111 illud
1916 1072 1982 1111 ex
2006 1064 2272 1121 attempe-

703 1151 905 1206 ratione
928 1150 1151 1222 quadam
1180 1148 1239 1204 llt
1259 1192 1271 1215 ,
1304 1159 1361 1204 ut
1387 1148 1453 1202 ad
1482 1148 1809 1203 audientium
1843 1146 2263 1201 imbecillitatem

704 1241 1126 1298 accommodetur
1148 1282 1162 1305 ,
1191 1240 1298 1295 imo
1324 1238 1519 1309 magis,
1553 1246 1609 1292 ut
1633 1236 1980 1291 humilitatem
2012 1236 2083 1289 illi
2114 1250 2265 1289 exer-

702 1341 857 1389 ceant
877 1374 892 1400 ,
942 1340 997 1387 et
1026 1346 1148 1386 vere
1179 1330 1417 1384 indutum
1446 1342 1609 1383 carne
1632 1342 1750 1382 esse
1788 1330 1998 1390 sciant;
2032 1327 2264 1393 itemque

704 1436 760 1479 ut
780 1423 966 1479 doceat
990 1423 1257 1477 auditores
1278 1462 1293 1487 ,
1327 1436 1608 1490 numquam
1632 1435 1875 1489 magnum
1901 1418 2168 1487 quidpiam
2196 1418 2263 1471 de

702 1531 760 1569 se
790 1513 1106 1584 loquendum
1134 1526 1286 1576 esse;
1322 1520 1427 1565 tum
1455 1525 1519 1565 eo
1546 1510 1683 1579 quod
1717 1510 1828 1577 ipse
1858 1517 2128 1577 putaretur
2157 1506 2263 1561 Deo

699 1602 1035 1658 adversarius
1064 1615 1216 1667 esse,
1262 1611 1318 1655 et
1343 1599 1483 1670 quod
1514 1613 1617 1653 non
1645 1596 1950 1653 crederetur
1976 1612 2005 1649 a
2037 1597 2145 1651 Deo
2176 1611 2264 1649 vc-

704 1697 816 1748 nirc
836 1734 853 1759 ,
901 1693 1145 1763 quodque
1174 1692 1569 1759 suspicarentur
1604 1689 1775 1757 ipsum
1802 1688 2011 1743 solvere
2053 1687 2221 1756 legem
2245 1728 2260 1751 ,

700 1786 841 1855 quod
870 1784 1137 1839 auditores
1164 1782 1260 1850 ipsi
1291 1780 1582 1835 inviderent
1602 1820 1617 1845 ,
1650 1780 1924 1848 ipsumque
1946 1778 2068 1831 odio
2094 1776 2261 1831 habe-

700 1887 822 1932 rent
842 1917 859 1943 ,
887 1877 1007 1946 quia
1035 1891 1093 1930 se
1117 1874 1324 1930 dicebat
1349 1873 1604 1943 aequalem
1638 1873 1742 1924 Deo
1758 1873 1799 1921 ¹.
1832 1870 1981 1938 Quod
2010 1878 2184 1923 autem
2219 1868 2262 1922 is

699 1968 787 2036 qui
835 1968 954 2022 vilis
996 1967 1338 2035 ahjectusque
1371 1974 1489 2029 est,
1533 1961 1779 2016 sublimia
1809 1961 1876 2016 de
1906 1975 1966 2016 se
1994 1961 2256 2029 loquatur,

698 2059 841 2113 nulla
887 2066 1058 2128 potest
1096 2070 1215 2111 esse
1256 2062 1607 2109 consentanea
1637 2065 1791 2105 causa
1816 2091 1831 2116 ,
1878 2050 1970 2105 sed
2004 2050 2053 2103 id
2083 2050 2254 2104 solum

698 2149 1010 2217 arrogantia:
1046 2157 1101 2201 et
1136 2144 1473 2214 intpudenlim
1518 2142 1875 2205 adscribatur,
1923 2140 2259 2207 audaciaéque

699 2241 838 2294 nulla
859 2240 1003 2293 venia
1024 2238 1212 2307 dignm.
1228 2238 1332 2291 Cur
1352 2251 1476 2305 ergo
1500 2234 1713 2289 humilia
1740 2234 1991 2303 loquitur,
2016 2235 2100 2302 qui
2129 2233 2260 2287 inei-

698 2328 871 2382 fnbilis
905 2328 1040 2381 illius
1066 2337 1120 2382 et
1150 2342 1349 2396 magna:
1376 2326 1679 2379 substantia-~
1706 2334 1786 2378 est
1812 2324 1833 2375 ’ἒ
1865 2324 1996 2377 Tum
2031 2326 2092 2376 iis
2128 2339 2258 2394 quas

698 2419 926 2472 diximus
952 2416 1017 2469 de
1045 2417 1220 2469 causis
1242 2455 1258 2481 ,
1287 2425 1393 2469 tum
1425 2430 1489 2467 ne
1530 2425 1799 2483 putaretur
1827 2414 2091 2481 ingenitus
2118 2429 2256 2466 esse.

696 2506 826 2560 Nam
868 2515 922 2559 et
960 2505 1150 2558 Paulus
1181 2506 1280 2558 tale
1309 2504 1573 2571 quidpiam
1614 2503 1850 2557 timuisse
1879 2502 2105 2556 videtur.
2139 2502 2259 2555 Ideo

697 2596 769 2647 ait
790 2614 800 2646 :
830 2593 1016 2647 Prteter
1037 2608 1146 2645 eum
1164 2593 1249 2660 qui
1266 2592 1341 2644 illi
1364 2600 1538 2643 cuncta
1560 2592 1765 2658 subjecit
1788 2592 1835 2658 ('l
1853 2628 1865 2641 .
1891 2590 2006 2643 Cor.
2032 2591 2117 2643 15.
2142 2590 2255 2660 9.7).

698 2687 808 2741 Hoc
837 2687 975 2738 enim
1002 2683 1086 2739 vel
1121 2683 1351 2752 cogitare
1391 2683 1605 2750 impium
1654 2690 1815 2737 esset.

768 2774 989 2827 Christus
1017 2772 1236 2843 ejusdem
1261 2771 1546 2825 substantia:
1565 2780 1637 2825 cst
1663 2788 1722 2823 ac
1745 2770 1915 2824 Pater.
1940 2801 2006 2810 —
2025 2770 2081 2826 Si
2112 2771 2253 2825 enim

701 2866 873 2919 minor
903 2863 1056 2917 Patre
1083 2871 1133 2915 et
1168 2876 1230 2915 ex
1257 2861 1356 2914 ali‘a
1382 2860 1671 2914 substantia
1703 2859 1905 2924 fuisset,
1935 2877 2110 2915 annon
2140 2878 2257 2915 om-

699 2958 782 3011 nia
812 2954 1038 3017 l'ecisset.
1072 2967 1137 3009 ne
1166 2954 1283 3007 talis
1316 2961 1583 3022 putaretur
1607 2953 1765 3006 esse?
1793 2952 1939 3006 Nttnc
1970 2968 2095 3007 vero
2132 2968 2257 3008 eon-

700 3047 914 3100 trarium
945 3044 1106 3099 efficit
1136 3043 1315 3097 dicens
1348 3063 1363 3098 :
1414 3041 1472 3096 Si
1511 3058 1609 3094 non
1652 3043 1785 3111 facio
1830 3058 1981 3109 opera
2032 3043 2139 3112 ejus
2173 3044 2259 3112 qui

700 3135 831 3189 misit
862 3152 967 3201 me,
1012 3134 1162 3187 nolite
1191 3133 1309 3186 mitti
1344 3132 1543 3185 credere
1571 3130 1747 3200 (Joan.
1776 3131 1861 3186 10.
1899 3134 2009 3203 57).
2042 3135 2106 3186 Et
2133 3149 2252 3187 eum

700 3228 848 3289 dicit,
895 3224 1003 3293 Ego
1047 3226 1097 3277 in
1125 3223 1299 3287 Patre,
1328 3233 1372 3277 et
1399 3222 1554 3276 Pater
1580 3224 1633 3276 in
1672 3239 1749 3276 me
1782 3235 1875 3290 est,
1906 3226 2254 3299 arqualilatctu

698 3316 850 3371 nobis
885 3314 1196 3370 subindicat.
1239 3312 1571 3381 Oportuisset
1600 3314 1741 3367 enim
1777 3328 1895 3367 cum
1925 3314 2257 3369 vehementia

695 3406 836 3459 illam
878 3404 1173 3472 opinionem
1200 3412 1438 3457 avertere
1460 3441 1479 3469 ,
1510 3405 1552 3456 si
1596 3402 1766 3457 minor
1794 3402 2008 3468 fuisset,
2042 3413 2096 3458 et
2130 3419 2255 3460 nus-

694 3510 852 3562 quam
896 3494 1075 3549 dicere
1106 3511 1121 3547 :
1151 3493 1260 3562 Ego
1307 3495 1359 3546 in
1406 3492 1597 3560 Patre,
1643 3505 1689 3547 et
1725 3494 1875 3548 Pater
1902 3497 1953 3548 in
1999 3512 2115 3561 me;
2166 3509 2250 3563 et,

700 3584 866 3639 Unum
890 3601 1061 3637 sumus
1076 3600 1095 3647 ;
1120 3592 1229 3650 aut,
1263 3584 1362 3651 Qui
1377 3585 1505 3639 videt
1533 3600 1630 3648 me,
1661 3586 1789 3638 videt
1814 3596 1861 3639 et
1880 3584 2103 3639 Patrem.
2125 3587 2253 3640 Nam

694 3690 814 3729 cum
857 3675 924 3729 de
962 3674 1152 3728 virtute
1198 3690 1372 3729 sermo
1416 3685 1558 3738 erat,
1608 3674 1833 3739 diccbat,
1881 3676 1989 3744 Ego
2019 3687 2064 3730 et
2104 3677 2256 3731 Pater

696 3781 848 3817 unum
885 3781 1054 3819 sumus
1091 3765 1247 3837 (Ibid.
1286 3766 1368 3820 10.
1396 3765 1484 3821 58.
1509 3776 1551 3819 et
1575 3766 1720 3835 50);
1748 3776 1800 3821 et
1826 3782 1944 3821 eum
1996 3770 2060 3823 de
2106 3781 2255 3837 po:c—

694 3866 851 3919 state,
875 3855 1021 3910 Sicut
1045 3856 1175 3909 enim
1200 3856 1351 3909 Pater
1366 3858 1569 3911 suscitat
1584 3867 1801 3911 mortuos
1814 3864 1867 3912 ἐι
1885 3858 2107 3926 vivi/irai
2121 3860 2281 3912 .‘8it'el

698 3943 859 3997 Filius
883 3960 1006 4013 quos
1023 3946 1125 3997 vult
1147 3946 1359 4013 rivi/ictu
1387 3945 1542 4012 (Ibid.
1568 3946 1652 3999 12.
1685 3947 1770 4001 45.
1800 3958 1846 4001 et
1868 3949 1920 4003 5.
1949 3949 2063 4018 2|).
2104 3950 2254 4017 Quod

697 4050 801 4089 non
853 4044 1062 4105 poterat
1102 4036 1273 4092 facere
1297 4077 1311 4102 ,
1356 4037 1398 4089 si
1450 4038 1667 4090 alterius
1706 4036 1888 4092 fuisset
1927 4040 2252 4095 sub-tantur.

672 4124 842 4192 Quod
880 4126 926 4179 si
975 4126 1131 4180 etiam
1164 4126 1452 4194 potuisset.
1484 4140 1586 4178 non
1619 4125 1668 4179 id
1708 4124 1988 4180 dicendum
2027 4138 2160 4193 erat,
2192 4145 2257 4184 ne

696 4215 1089 4283 suspicarentur
1133 4231 1287 4269 unam
1334 4214 1677 4282 eamdemque
1726 4228 1843 4268 esse
1888 4215 2252 4269 substantiuu.

694 4304 749 4357 Si
770 4304 931 4368 enim,
960 4317 1025 4359 ne
1045 4303 1373 4370 suspicentur
1400 4304 1569 4372 ipsmn
1600 4316 1717 4357 esse
1741 4303 1847 4357 Deo
1875 4302 2251 4369 adversarium,

697 4395 855 4448 etiam
887 4408 1003 4462 qua:
1027 4392 1123 4446 sibi
1156 4408 1257 4446 non
1288 4395 1609 4447 conveniunt
1648 4407 1788 4461 sa-pe
1810 4393 2059 4462 loquitur,
2093 4397 2256 4449 multo

698 4485 867 4554 magis
897 4493 1021 4538 tunc
1046 4485 1296 4553 oportuit.
1321 4482 1469 4538 Nunc
1498 4499 1622 4537 vero
1646 4498 1765 4538 cum
1795 4484 1921 4541 dicit
1951 4502 1963 4537 :
2007 4485 2073 4540 Ut
2099 4486 2256 4539 Itono-

697 4572 888 4639 riﬁcent
920 4569 1127 4635 Filium,
1148 4572 1273 4625 sicut
1294 4573 1622 4639 honori/ieeur
1640 4572 1843 4627 Patrem
1865 4572 2021 4643 (Ibid.
2045 4576 2094 4630 5.
2119 4576 2212 4642 25)
2237 4594 2251 4641 ;

698 4670 775 4725 et,
820 4658 987 4727 Opera
1028 4674 1138 4728 quin
1164 4661 1270 4727 ipse
1299 4662 1436 4726 facit,
1466 4671 1511 4714 et
1536 4678 1624 4730 ego
1652 4664 1877 4717 similiter
1900 4664 2032 4731 lucio
2074 4665 2094 4736 (
2120 4664 2251 4719 Ibid.

700 4767 747 4802 υ.
771 4748 879 4818 36)
909 4756 1002 4813 ;et
1026 4762 1085 4804 se
1116 4763 1236 4805 esse
1272 4752 1708 4807 resurrectionem
1739 4765 1791 4809 et
1818 4755 1973 4808 vitam
1995 4794 2010 4820 ,
2056 4760 2255 4811 lucem-

700 4854 803 4909 que
833 4840 1033 4905 mundi,
1065 4853 1183 4895 sese
1206 4839 1347 4894 Patri
1377 4844 1704 4909 exmquautis
1724 4845 1878 4900 verba
1904 4856 2045 4907 sunt.
2076 4862 2136 4901 ac
2160 4862 2253 4901 su-

700 4930 990 4999 spicionem
1032 4944 1190 4999 quam
1233 4928 1308 4984 illi
1354 4930 1610 4986 habebant
1642 4934 2023 4991 confirmantis.
2076 4936 2255 4991 Viden‘

700 5016 968 5089 quomodo
994 5032 1113 5074 sese
1138 5028 1324 5091 purgat
1359 5030 1636 5076 accusatus
1665 5024 1800 5092 quod
1832 5024 1997 5094 legem
2038 5028 2205 5083 solvat
2235 5046 2249 5095 ;

700 5108 1014 5180 aequalitatis
1031 5124 1158 5165 vero
1181 5125 1298 5165 cum
1325 5110 1479 5165 Patre
1506 5113 1807 5179 Opinionem
1838 5132 1940 5169 non
1965 5118 2122 5171 modo
2148 5134 2252 5173 non

701 5197 870 5263 tollit,
900 5198 992 5251 sed
1034 5198 1226 5253 ﬁrmat.
1255 5199 1345 5255 Sic
1367 5200 1666 5255 dicentibus
1692 5202 1791 5256 illis
1814 5244 1828 5267 ,
1855 5207 1972 5267 quia
2014 5207 2249 5274 blasphe-

760 5372 779 5402 ι
802 5369 928 5441 auiti
1080 5369 1364 5441 slc'l‘lsben‘t.
1384 5381 1501 5441 cum
1531 5372 1657 5422 enim
1678 5387 1740 5423 ex
1774 5374 1890 5437 ipsis
1928 5377 2065 5441 rebus
2097 5386 2254 5441 pateat

1279 5431 1472 5507 0t2'9'4iv
1492 5446 1689 5495 συηηυε
1720 5429 1953 5507 rem»
1995 5429 2109 5507 ipsi
2122 5429 2253 5507 diedi

697 5490 931 5560 cltrs'stus2
953 5502 1043 5562 ego
1062 5489 1258 5562 ligatae
1298 5489 1479 5555 loquor,
1504 5507 1563 5545 ne
1594 5489 1995 5558 scandalizentur,
2015 5489 2121 5559 'quis
2143 5489 2251 5562 join

697 5550 932 5612 suspicati
953 5550 1139 5622 poterit.
1159 5559 1253 5601 etc.
1357 5550 1367 5555 ’
1465 5550 1474 5553 ’
1981 5550 2039 5559 η
2143 5550 2163 5562 ν

815 5610 869 5660 1“
891 5611 1173 5681 ίῖωξκὲωθῳ
1196 5620 1299 5681 Μδβ·
1330 5615 1399 5664 Sic
1430 5614 1737 5681 ellerturhic
1752 5618 1881 5668 locus
2023 5622 2148 5677 quod
2170 5638 2251 5672 au.

703 5670 876 5741 ditares
901 5669 1295 5741 ipsiimriderent,
1315 5680 1361 5724 et
1376 5676 1501 5737 quod
1524 5678 1697 5741 stepius
1717 5677 1767 5727 in
1787 5679 1940 5728 reteri
1970 5669 2255 5733 τεὲιιὶηὶρῖιὶη

705 5730 955 5793 tegeretur",
982 5731 1203 5783 Dominus
1226 5730 1342 5785 Deus
1362 5730 1483 5785 titus.
1518 5730 1736 5789 nominas
1761 5752 1877 5788 unus
1900 5750 1985 5789 est.
2004 5760 2019 5781 η

1465 405 1518 462 S.
1558 402 1832 460 JOANNIS
1857 395 2321 457 CHRYSUS'I‘OMI
2362 397 2678 457 AllCHIEP.
2716 368 3241 461 CONSTANTINOP.

3844 410 3947 464 356

2377 510 3290 586 masetlacisteipsumDeumann.
3311 513 3396 572 10.
3442 515 3569 587 36),
3604 516 3731 573 illud
3772 519 3946 589 ipsum

2374 602 2441 656 ab
2465 616 2681 671 operum
2712 603 3012 672 tequalitate
3041 606 3239 659 statuit.

2392 730 2395 733 -
2441 694 2496 750 2.
2539 693 2658 748 Non
2685 695 2845 748 solum
2875 694 2924 747 F
2925 695 3042 749 ilius
3069 697 3158 749 sed
3186 698 3293 764 ipse
3308 697 3459 751 etiam
3482 695 3639 751 Pater
3658 713 3715 761 se
3736 697 3947 766 indigna

2373 785 2565 837 locutus
2591 795 2679 837 est.
2702 784 2933 838 Christus
2953 802 3045 838 cur
3064 787 3239 839 oravit.
3273 786 3394 841 Non
3425 776 3678 859 indigebat
3694 788 3925 858 precibus

2382 873 2551 927 Verbis
2580 874 2940 942 Immititatem,
2983 876 3212 947 operibus
3247 879 3516 946 potentiam
3550 880 3859 933 ostendebat.
3878 907 3945 919 —

2373 963 2573 1033 Ecquid
2597 963 2712 1019 dico
2739 962 2930 1018 Filium
2963 966 3013 1019 id
3041 966 3257 1030 iecisse.
3288 968 3500 1036 quando
3536 968 3692 1023 Pater
3718 970 3808 1038 qui
3838 985 3942 1023 non

2370 1069 2585 1121 carnem
2614 1057 2901 1124 assumpsit
2925 1100 2937 1119 .
2973 1056 3198 1127 idipsum
3226 1059 3350 1112 facit
3378 1059 3551 1113 ?Nam
3582 1069 3634 1113 et
3669 1060 3786 1127 ipse
3822 1075 3939 1128 pas-

2369 1160 2458 1198 sus
2479 1155 2560 1199 est
2589 1147 2746 1199 multa
2775 1147 2839 1201 de
2863 1162 2923 1201 se
2953 1147 3166 1202 humilia
3193 1148 3295 1203 dici
3326 1149 3391 1203 ad
3419 1150 3744 1204 audientium
3796 1151 3938 1205 salu-

2372 1244 2497 1289 tem.
2531 1236 2659 1292 lllud
2702 1238 2864 1302 enim,
2898 1239 3076 1303 Adam,
3118 1242 3203 1293 ubi
3231 1258 3281 1294 es
3302 1240 3456 1310 (Gen.
3485 1243 3540 1297 ὅ.
3569 1243 3626 1311 9)
3654 1242 3679 1296 ἲ
3708 1251 3761 1297 et
3790 1242 3938 1307 illud,

2373 1324 2438 1379 Ut
2466 1343 2757 1397 cognoscam
2786 1330 2828 1381 si
2870 1330 2998 1397 forte
3023 1332 3293 1383 secundum
3333 1330 3603 1410 clamorem
3630 1348 3806 1386 eorum
3824 1349 3940 1400 per-

2368 1417 2539 1484 ﬁciant
2575 1418 2744 1486 (Ibid.
2785 1420 2865 1473 i8.
2894 1420 2955 1473 2|
2985 1420 3003 1491 )
3050 1438 3063 1486 ;
3097 1432 3168 1482 et,
3213 1420 3368 1475 Nunc
3394 1412 3603 1493 cognobi
3630 1426 3766 1492 quod
3794 1435 3846 1477 tu
3875 1427 3913 1475 ti
3923 1457 3937 1464 -

2368 1522 2501 1561 meas
2532 1507 2685 1562 Deum
2712 1509 2763 1580 (1
2771 1510 2874 1563 bid.
2901 1510 2989 1563 22.
3024 1513 3131 1579 12);
3156 1522 3225 1575 et,
3248 1514 3309 1567 Si
3336 1517 3465 1583 forte
3486 1514 3695 1569 audiant
3728 1515 3937 1585 (Emit.

2367 1599 2417 1652 3.
2472 1598 2558 1669 11)
2590 1615 2604 1663 ;
2650 1612 2723 1662 et,
2773 1600 2834 1654 Si
2874 1602 3199 1671 intelligunt;
3237 1612 3324 1667 et,
3357 1604 3481 1669 Quis
3510 1606 3592 1658 det
3630 1622 3720 1658 cor
3766 1607 3940 1675 populi

2366 1690 2515 1758 ltujus
2560 1691 2631 1743 sic
2671 1707 2776 1743 esse
2829 1691 3003 1759 (Deut.
3048 1693 3101 1747 5.
3159 1693 3304 1762 29)?
3350 1704 3426 1758 ct,
3471 1693 3592 1748 Non
3648 1706 3721 1748 est
3759 1696 3939 1750 similis

2366 1780 2436 1832 tui
2482 1782 2533 1833 in
2562 1782 2690 1847 diis,
2726 1780 2994 1846 'Domiue,‘
3033 1793 3086 1837 et
3124 1785 3290 1837 multa
3334 1785 3433 1837 alia
3488 1786 3541 1838 in
3599 1788 3766 1840 veteri
3823 1786 3937 1855 lege

2365 1870 2409 1922 si
2458 1870 2576 1939 quis
2623 1870 2857 1940 colligat,
2912 1871 3123 1941 indigna
3182 1874 3275 1928 Dei
3316 1873 3592 1942 majestate
3638 1890 3759 1930 esse
3786 1891 3936 1930 com-

2366 1960 2551 2027 periet.
2587 1960 2654 2014 Et
2689 1961 2756 2015 de
2797 1962 2982 2016 Achab
3021 1963 3217 2017 dictum
3262 1972 3376 2027 est,
3412 1964 3534 2031 Quis
3572 1966 3788 2030 decipiet
3817 1968 3939 2018 mihi

2362 2049 2532 2103 Achab
2554 2052 2629 2120 (ἓ.
2658 2051 2835 2106 Paret.
2858 2054 2940 2107 18.
2966 2054 3053 2123 19)
3075 2054 3097 2106 ?
3129 2055 3193 2109 Et
3218 2056 3356 2125 quod
3385 2055 3517 2110 facta
3542 2072 3661 2111 cum
3691 2058 3796 2112 diis
3821 2074 3936 2128 grn-

2365 2142 2531 2196 tilium
2573 2147 2967 2213 comparatione
2997 2162 3054 2202 se
3094 2162 3304 2217 semprr
3346 2149 3444 2202 illis
3476 2160 3748 2217 prwpunat
3774 2192 3787 2213 ,
3827 2151 3938 2206 ilmc

2362 2238 2535 2287 omn‘a
2569 2235 2777 2303 indigna
2805 2246 2927 2289 sunt
2966 2238 3110 2300 Deo;
3142 2239 3232 2292 sed
3264 2239 3363 2292 alia
3393 2242 3597 2293 ratione
3624 2241 3782 2310 digna
3814 2252 3939 2294 sunt

2364 2322 2473 2376 illo.
2522 2323 2651 2378 Nam
2694 2326 2766 2378 ita
2806 2326 3062 2395 benignus
3093 2338 3205 2389 est,
3241 2338 3295 2381 ut
3329 2340 3543 2397 propter
3580 2331 3805 2384 salutem
3837 2346 3934 2383 n0-

2362 2424 2524 2467 strain
2566 2418 2721 2469 verba
2768 2416 3011 2487 dignitati
3043 2434 3151 2473 suae
3193 2422 3557 2474 convenientia
3602 2432 3929 2475 contemnat.

2365 2505 2473 2559 lino
2519 2515 2572 2559 et
2600 2507 2738 2575 quod
2787 2507 2944 2559 homo
2989 2508 3155 2562 lactus
3179 2511 3283 2575 sit,
3313 2509 3642 2579 fontiumque
3670 2513 3809 2564 servi
3842 2527 3932 2565 ac-

2362 2596 2595 2661 ceperit,
2643 2597 2780 2663 quod
2813 2598 3029 2651 humilia
3082 2598 3237 2651 verba
3283 2598 3546 2667 loquatur,
3590 2602 3729 2669 quiod
3764 2601 3935 2655 viliter

2360 2686 2431 2738 sit
2481 2686 2723 2751 amictus,
2757 2688 3026 2756 indignum
3070 2688 3158 2741 illo
3198 2699 3315 2753 est,
3359 2690 3401 2743 si
3432 2692 3550 2759 quis
3599 2693 3933 2760 majestatein

2358 2775 2476 2844 ejus
2504 2778 2749 2843 respiciat
2773 2795 2787 2842 ;
2816 2777 3029 2845 dignum
3069 2793 3210 2842 vero,
3244 2779 3286 2831 si
3315 2780 3434 2849 quis
3465 2780 3802 2851 benignitatis
3819 2783 3934 2851 ejus

2360 2866 2651 2922 ineffabiles
2680 2867 2889 2922 divitias
2915 2884 3094 2923 secum
3133 2881 3355 2939 reputet.
3390 2872 3483 2926 Est
3510 2882 3565 2927 et
3586 2873 3689 2927 alia
3719 2871 3936 2926 humili-

2362 2958 2483 3009 tatis
2513 2957 2794 3011 verborum
2838 2972 3017 3012 causa.
3065 2960 3315 3025 Queenam
3362 2960 3522 3015 haec?
3558 2962 3687 3026 Quia
3720 2961 3933 3017 Patrem

2360 3046 2571 3116 quidem
2608 3055 2661 3100 et
2689 3060 2948 3101 noverant
2977 3058 3029 3103 et
3049 3048 3458 3115 conﬁtebantur,
3483 3051 3650 3120 ipsum
3676 3067 3803 3108 vero
3829 3070 3932 3106 non

2362 3146 2631 3190 noverant.
2662 3135 2782 3191 Ideo
2800 3136 3103 3206 frequenter
3122 3138 3187 3192 ad
3206 3138 3416 3194 Patrem
3442 3139 3653 3209 refugit,
3676 3141 3817 3210 quod
3845 3141 3934 3194 ille

2361 3226 2412 3278 in
2442 3225 2685 3281 confesso
2714 3237 2875 3292 esset,
2908 3228 3057 3297 quasi
3084 3229 3195 3297 ipse
3233 3230 3465 3285 nondum
3497 3231 3600 3286 lide
3625 3232 3819 3303 dignus
3847 3248 3934 3288 es-

2359 3329 2475 3381 set;
2507 3335 2608 3374 uon
2644 3335 2707 3374 ex
2739 3334 2829 3383 se,
2857 3320 2951 3374 sed
2977 3336 3040 3375 ex
3068 3322 3366 3376 auditorum
3400 3324 3622 3378 stultitia
3663 3333 3717 3378 et
3756 3326 3930 3379 imbe-

2359 3411 2597 3464 cillitate.
2630 3409 2751 3465 Ideo
2792 3421 3037 3481 precatur
3077 3421 3131 3467 et
3173 3412 3339 3467 dicit:
3383 3411 3562 3480 Pater,
3604 3417 3793 3484 gratias
3836 3433 3933 3485 ago

2360 3501 2468 3565 tibi,
2498 3502 2732 3569 quoniam
2781 3504 2970 3557 audisti
3006 3521 3099 3557 me.
3142 3504 3271 3559 Nam
3299 3505 3344 3561 si
3376 3523 3504 3576 quos
3542 3509 3651 3562 vult
3677 3509 3927 3573 viviﬁcat,

2358 3603 2410 3644 et
2439 3594 2507 3645 ita
2540 3593 2769 3646 vivilicat
2796 3603 2851 3647 ut
2882 3594 3059 3659 Pater,
3088 3610 3183 3649 cur
3214 3606 3458 3663 precatur
3484 3600 3507 3649 ?
3532 3597 3635 3652 Sed
3656 3598 3765 3667 jam
3800 3608 3929 3651 tem-

2361 3697 2458 3750 pus
2508 3692 2587 3735 est
2636 3685 2699 3736 ad
2753 3686 2921 3737 locum
2968 3687 3170 3740 venire.
3201 3685 3459 3741 Tulerunt
3501 3704 3629 3757 ergo
3676 3688 3927 3757 lapidem,

2362 3773 2448 3829 ubi
2473 3784 2588 3829 erat
2608 3784 2846 3829 mortuus
2872 3776 3075 3845 jacens.
3107 3776 3257 3829 Iesus
3281 3788 3469 3839 autem.
3503 3779 3701 3832 climatis
3727 3796 3929 3834 sursum

2359 3863 2538 3927 oculis,
2570 3865 2694 3917 dixit
2721 3882 2739 3917 :
2775 3865 2953 3931 Pater,
2985 3869 3173 3936 gratias
3198 3882 3294 3937 ago
3331 3870 3439 3933 tibi,
3476 3869 3710 3937 quoniam
3742 3871 3932 3923 audisti

2358 3971 2456 4008 me.
2502 3954 2610 4024 Ego
2651 3964 2813 4007 autem
2852 3956 3065 4009 sciebam
3104 3958 3237 4027 quod
3262 3975 3455 4027 semper
3493 3976 3569 4011 me
3610 3960 3799 4023 audis;
3846 3964 3931 4015 sed

2361 4055 2558 4115 propter
2579 4046 2773 4097 turbam
2801 4047 3203 4101 circumstantem
3230 4048 3359 4111 dixi,
3397 4060 3456 4101 ut
3480 4052 3683 4102 credunt
3722 4052 3844 4117 quia
3879 4061 3931 4103 tu

2360 4148 2438 4185 me
2480 4133 2678 4186 misisti.
2724 4133 3119 4203 interrogemus
3146 4151 3271 4205 ergo
3311 4136 3614 4192 haéreticum
3649 4139 3761 4210 (a):
3804 4157 3927 4194 num

2362 4236 2455 4286 per
2480 4236 2663 4290 preces
2686 4223 2907 4292 gratiam
2934 4236 3292 4295 consequutus
3315 4237 3579 4282 mortuum
3607 4231 3927 4284 suscitavit?

2361 4312 2622 4377 quomodo
2664 4326 2790 4381 ergo
2828 4312 2929 4366 alia
2981 4314 3096 4370 sine
3148 4315 3393 4383 precibus
3433 4326 3682 4385 operatus
3721 4330 3829 4383 est,
3877 4328 3930 4371 ut

2360 4415 2477 4453 cum
2507 4400 2599 4467 ait,
2627 4399 2737 4454 Tibi
2771 4401 2884 4456 dico
2905 4404 3226 4469 dtemonium,
3258 4404 3510 4475 Egredere
3537 4407 3598 4460 ab
3628 4424 3684 4461 eo
3716 4410 3735 4478 (
3761 4409 3927 4464 Marc.

2360 4491 2410 4545 9.
2436 4490 2507 4544 21
2536 4494 2552 4560 )
2581 4506 2597 4555 ;
2627 4500 2700 4557 et,
2741 4490 2887 4557 Volo,
2932 4495 3175 4548 nutndare
3202 4495 3221 4564 (
3245 4494 3377 4549 Ibid.
3424 4498 3473 4550 l.
3498 4498 3559 4551 il
3588 4501 3606 4567 )
3634 4514 3649 4563 ;
3680 4509 3752 4564 et,
3786 4498 3932 4554 Tolle

2360 4581 2648 4650 grabbatum
2690 4584 3038 4655 tuum(.Ioan.
3083 4587 3135 4640 5.
3166 4585 3272 4656 9);
3318 4595 3400 4655 et,
3450 4587 3792 4643 Ilemittuntur
3846 4591 3931 4644 tibi

2362 4682 2561 4740 peccata
2586 4682 2671 4726 tua
2706 4674 2725 4743 (
2750 4674 2930 4728 Matth.
2963 4676 3017 4730 9.
3038 4677 3106 4746 ‘2)
3132 4693 3147 4742 ;
3183 4686 3238 4733 et
3277 4680 3438 4744 mari,
3470 4677 3620 4744 Tace,
3645 4682 3931 4736 obmutesce

2362 4763 2560 4830 (Marc.
2598 4767 2650 4819 4.
2676 4765 2784 4835 59)
2816 4766 2839 4817 ‘t
2887 4768 3010 4836 quid
3053 4770 3172 4838 plus
3202 4768 3361 4824 habet
3395 4786 3549 4840 quam
3580 4774 3844 4842 apostoli,
3887 4778 3930 4829 si

2360 4864 2413 4909 et
2444 4856 2551 4923 ipwe
2593 4858 2836 4923 precibus
2881 4860 3174 4926 operatur?
3216 4859 3325 4915 imo
3353 4878 3419 4916 ne
3454 4864 3551 4931 ipsi
3583 4865 3794 4933 quidem
3840 4883 3929 4935 per

2363 4960 2543 5013 preces
2577 4950 2749 5000 omuia
2788 4948 3047 5004 faciebant
3070 4991 3087 5015 ,
3116 4952 3210 5005 sed
3241 4966 3382 5021 saepe
3410 4955 3525 5008 sine
3553 4956 3801 5025 precibus
3838 4974 3929 5012 no-

2360 5035 2501 5089 mine
2548 5036 2660 5089 'esu
2699 5038 2997 5092 utebantur.
3059 5040 3112 5093 Si
3163 5055 3288 5094 vero
3328 5056 3519 5096 nomen
3563 5042 3677 5112 ejus
3726 5054 3927 5100 tantam

2364 5124 2607 5178 virtutem
2634 5127 2834 5193 habuit,
2864 5130 3126 5198 quomodo
3153 5131 3265 5199 ipse
3300 5133 3539 5200 precibus
3566 5149 3699 5202 opus
3726 5134 3927 5191 habue-

2372 5218 2441 5270 rit
2468 5216 2489 5268 ?
2514 5217 2566 5271 Si
2600 5218 2839 5285 precibus
2867 5220 3115 5289 eguisset,
3149 5222 3301 5289 plane
3325 5238 3513 5277 nomen
3535 5224 3651 5293 ejus
3675 5241 3791 5282 eam
3828 5230 3926 5281 vim

2363 5324 2466 5361 non
2520 5309 2808 5363 habuisset.
2841 5309 2973 5363 Cum
3011 5320 3184 5363 autem
3219 5310 3485 5367 hominem
3528 5312 3652 5369 fecit
3676 5357 3690 5380 ,
3736 5319 3926 5387 quibus

2358 5409 2438 5454 est
2480 5399 2720 5468 precibus
2759 5415 2885 5453 usus
2916 5402 2938 5454 ?
2964 5417 3138 5456 nonne
3171 5411 3334 5457 multa
3367 5405 3435 5459 ibi
3471 5408 3796 5475 aequalitas?
3830 5410 3923 5465 Fa-

2366 5491 2572 5554 ciamus,
2615 5491 2800 5558 inquit,
2849 5492 3095 5544 hominem
3127 5491 3297 5561 (Gen.
3330 5494 3381 5548 1.
3409 5494 3534 5562 26).
3566 5497 3701 5563 Quid
3748 5513 3922 5557 autem

2362 5752 2374 5796 l
2422 5690 2733 5797 (uillam-tri
2774 5691 2951 5750 quidam
2997 5686 3223 5741 dicebant
3268 5692 3505 5744 Christum
3554 5700 3781 5759 precibus
3810 5717 3924 5765 opus

2380 5766 2418 5797 ut
2444 5764 2559 5797 lL'l't".

2380 5764 2559 5798 ittltul‘t’.
