4088 6498
288 455 389 509 357

291 587 575 656 inﬁrmius,
606 586 650 640 si
691 585 761 638 illi
796 583 1115 652 precandum
1143 583 1234 636 fuit
1265 581 1287 635 ?
1316 582 1419 636 Sed
1451 581 1724 633 videamus
1749 594 1867 647 qua:

289 677 356 728 sit
382 676 555 729 oratio
590 693 604 728 :
649 672 825 736 Pater,
872 675 1065 743 gratias
1101 689 1199 741 ago
1241 672 1349 735 tibi,
1380 673 1498 740 quia
1540 671 1728 724 audisti
1769 687 1866 722 me.

289 765 417 834 Quis
446 780 695 836 umquam
724 765 792 818 ita
824 773 1066 832 precatus
1088 763 1213 817 est?
1238 761 1549 830 Priusquam
1577 760 1701 830 quid
1729 759 1868 813 aliud

290 857 555 924 loquatur,
595 856 744 918 dicit,
778 855 980 909 Gratias
1023 870 1119 920 ago
1157 855 1265 919 tibi,
1298 853 1585 908 ostendens
1611 868 1669 908 se
1702 853 1872 922 preci-

291 945 387 998 bus
427 961 533 999 non
578 960 759 1016 egere.
808 943 920 1015 Ego
957 953 1124 997 autem
1154 941 1368 998 sciebam
1411 945 1528 1013 quia
1556 960 1750 1014 semper
1793 961 1871 996 mc

286 1035 433 1088 audis
463 1038 502 1087 ⁸.
557 1036 668 1090 lloc
696 1035 861 1100 dixit,
895 1050 999 1088 non
1041 1038 1183 1104 quod
1227 1035 1340 1103 ipse
1386 1050 1490 1088 non
1529 1044 1744 1102 poSset,
1776 1035 1866 1088 sed

287 1125 427 1195 quod
477 1142 578 1179 una
620 1136 760 1179 esset
797 1126 1059 1180 voluntas.
1102 1124 1208 1180 Cur
1248 1126 1496 1195 precandi
1535 1126 1701 1181 forma
1743 1143 1871 1182 usus

284 1227 369 1271 est
397 1218 420 1272 τ
445 1217 562 1272 Non
593 1233 698 1281 me,
730 1217 822 1271 sed
853 1218 998 1272 illum
1029 1218 1292 1272 dicentem
1321 1219 1442 1272 audi
1475 1236 1488 1271 :
1520 1217 1741 1287 Propter
1766 1219 1868 1272 cir-

284 1317 612 1361 cumstantem
642 1308 876 1372 turbam,
909 1318 963 1362 nt
989 1319 1288 1378 cognoscant
1328 1309 1444 1376 quia
1481 1318 1534 1362 tu
1562 1325 1640 1362 me
1665 1309 1864 1362 misisti.

285 1396 402 1451 Non
430 1397 585 1460 dixit,
619 1397 686 1454 Ut
719 1408 1042 1470 cognoscant
1071 1415 1156 1454 me
1189 1400 1450 1454 minorem
1481 1415 1599 1455 esse
1619 1442 1634 1466 ,
1663 1415 1749 1455 me
1774 1417 1866 1456 su-

285 1506 449 1559 perna
483 1492 651 1561 gratia
691 1507 866 1561 egere,
916 1502 970 1546 et
1004 1493 1122 1548 sine
1167 1494 1471 1562 precatione
1512 1495 1726 1564 operari
1762 1511 1864 1549 non

285 1597 444 1650 poSse
479 1600 492 1644 ;
525 1584 648 1646 sed,
685 1584 815 1650 Quia
847 1595 898 1636 tu
943 1601 1021 1637 me
1056 1587 1252 1639 misisti.
1303 1586 1425 1640 llaec
1462 1588 1655 1656 quippe
1687 1588 1862 1642 omnia

286 1672 522 1738 precatio
567 1673 859 1742 signiﬁcat.
907 1676 950 1729 si
995 1677 1306 1746 simpliciter
1347 1677 1492 1731 illam
1521 1678 1863 1746 accipiamus.

281 1749 399 1815 Non
429 1762 583 1830 dixit,
617 1764 796 1818 Misisti
843 1781 927 1820 me
954 1767 1242 1831 inlirnnun,
1270 1768 1539 1821 servitutis
1567 1769 1862 1834 conscium,

283 1852 373 1922 qui
406 1854 536 1906 nihil
569 1871 629 1908 ex
663 1871 747 1910 me
779 1871 992 1924 possum
1031 1874 1044 1922 ;
1076 1858 1166 1912 sed
1193 1857 1272 1912 his
1300 1860 1478 1913 missis
1507 1861 1772 1926 omnibus,
1800 1877 1866 1917 ne

280 1945 478 2011 aliquid
527 1946 712 2000 borum
765 1949 1091 2019 suspiceris,
1141 1966 1320 2005 veram
1359 1952 1606 2019 precandi
1647 1969 1863 2008 causam

279 2035 460 2102 aﬂ'ert,
495 2036 568 2091 Ne
613 2055 698 2092 me
748 2039 854 2093 Deo
897 2041 1256 2094 adverSarium
1302 2052 1542 2110 putarent
1577 2061 1590 2108 ;
1622 2059 1688 2098 ne
1717 2045 1864 2099 dice-

281 2137 424 2181 rent.
451 2127 562 2181 Non
588 2141 672 2182 est
711 2146 776 2184 ex
811 2130 957 2196 Deo;
993 2142 1047 2183 ut
1077 2133 1354 2187 ostendam
1386 2149 1496 2188 rem
1526 2134 1716 2189 factam
1745 2151 1865 2192 esse

277 2219 570 2272 secundum
621 2223 945 2276 voluntatem
991 2234 1173 2289 tuam;
1220 2241 1282 2278 ac
1325 2225 1369 2277 si
1398 2226 1636 2292 diceret,
1666 2228 1721 2282 Si
1756 2229 1866 2284 Deo

277 2313 582 2366 contrarius
608 2328 816 2377 essem,
851 2330 936 2370 res
983 2331 1086 2370 non
1135 2319 1498 2386 processisset.
1547 2320 1677 2374 lllud
1714 2336 1862 2389 vero,

277 2401 483 2454 Audiui
530 2418 645 2470 me,
689 2403 849 2457 etiam
883 2405 1021 2460 inter
1050 2407 1248 2461 amicos
1290 2408 1486 2462 dicitur
1524 2419 1577 2464 et
1606 2412 1860 2481 arquales.

278 2489 395 2562 Ego
425 2502 586 2548 autem
619 2495 832 2548 sciebam
866 2498 982 2566 quia
1013 2513 1208 2567 semper
1238 2516 1313 2551 me
1334 2501 1485 2554 audis
1510 2518 1528 2564 ;
1560 2501 1610 2558 id
1644 2511 1746 2567 est,
1799 2501 1866 2557 Ut

278 2585 528 2641 voluntas
571 2603 686 2642 mea
733 2588 822 2643 [lat
845 2633 860 2656 ,
889 2605 993 2644 non
1023 2606 1152 2662 egeo
1182 2595 1460 2662 precibus;
1492 2596 1583 2650 sed
1613 2595 1714 2651 hoc
1744 2597 1865 2652 dico

280 2689 342 2731 ut
375 2678 476 2733 illis
505 2681 758 2736 suadeam
801 2683 891 2738 tibi
932 2692 987 2738 et
1023 2686 1150 2738 mihi
1181 2703 1336 2739 unam
1367 2703 1486 2742 esse
1511 2689 1860 2745 voluntatem.

274 2767 390 2824 Cur
432 2786 561 2838 ergo
608 2775 888 2841 precaris?
929 2774 1156 2845 PrOpter
1199 2780 1438 2831 intirmos
1465 2791 1517 2834 et
1546 2782 1860 2835 crassiores.

275 2860 371 2914 45.
420 2859 484 2912 Et
526 2878 640 2915 cuin
684 2864 790 2916 lucc
822 2866 1044 2928 dixisset,
1077 2867 1310 2922 clamavit
1349 2886 1467 2924 t'oce
1509 2887 1712 2941 magna.
1758 2871 1863 2928 Cur

279 2966 388 3004 non
416 2952 568 3017 dixit,
602 2954 655 3007 In
691 2957 905 3011 ttotniue
934 2958 1102 3013 Patris
1130 2962 1233 3014 mei
1263 2963 1382 3016 veni
1412 2963 1556 3019 foras
1585 2966 1608 3019 2
1637 2981 1733 3021 cur
1755 2983 1856 3023 non

277 3042 432 3107 dixit,
466 3043 672 3100 Suscita
707 3046 874 3110 illum,
906 3048 1062 3104 Pater
1088 3051 1110 3104 ?
1138 3052 1231 3106 si'd
1263 3053 1345 3107 his
1389 3056 1564 3110 missis
1592 3059 1862 3126 omnibus,

275 3145 662 3206 assumptoquc
693 3141 959 3207 precantis
984 3141 1186 3209 habitu,
1231 3145 1389 3200 rebus
1413 3147 1540 3216 ipsis
1569 3152 1864 3206 auctorita-

278 3223 398 3277 leui
419 3228 754 3282 demonstrat
779 3228 801 3282 ?
828 3229 956 3296 Quia
986 3230 1086 3285 hoc
1114 3235 1389 3303 Sapientia:
1411 3251 1520 3291 sua:
1551 3248 1651 3303 est,
1685 3240 1862 3296 verbis

279 3314 676 3383 humilitatem,
729 3320 976 3387 operibus
1026 3328 1312 3390 potentiam
1363 3328 1666 3384 ostendere.
1728 3330 1861 3397 Quia

284 3408 431 3462 enim
455 3408 595 3462 nulla
623 3409 724 3463 alia
756 3411 821 3465 de
853 3426 909 3466 re
940 3422 1182 3482 poterant
1215 3415 1361 3469 illum
1397 3432 1673 3486 accusare,
1701 3418 1860 3490 quam

279 3497 428 3568 quod
459 3515 561 3552 non
593 3510 734 3555 esset
760 3517 826 3554 ex
861 3503 969 3555 Deo
990 3545 1004 3567 ,
1028 3514 1079 3557 et
1107 3505 1183 3558 sic
1211 3507 1597 3564 multitudinem
1623 3509 1860 3580 decipie-

279 3588 449 3654 bant;
494 3589 611 3644 ideo
642 3605 706 3646 ex
753 3592 1040 3647 abundanti
1084 3594 1212 3648 illud
1245 3596 1418 3651 verbis
1458 3599 1569 3653 suis
1597 3601 1859 3667 ostendit,

275 3693 348 3732 eo
386 3694 490 3748 quo
536 3680 813 3735 infirmitas
860 3683 1068 3737 illorum
1114 3687 1356 3756 exigebat
1405 3691 1587 3748 modo.
1642 3691 1860 3748 Poterat

276 3769 425 3824 e.:im
469 3771 572 3824 alio
608 3771 768 3826 modo
796 3774 1136 3830 concordiam
1177 3779 1465 3835 ostendere
1500 3797 1600 3836 una
1631 3798 1750 3838 cum
1778 3785 1860 3839 di-

275 3863 482 3929 gnitate
530 3879 622 3919 sua
654 3881 668 3929 ;
706 3867 798 3920 sed
847 3882 912 3922 eo
964 3869 1115 3922 turba
1168 3873 1448 3939 pervenire
1491 3889 1597 3929 non
1631 3886 1860 3945 poterat.

280 3954 443 4019 Dixit,
478 3957 565 4011 45.
599 3957 811 4024 Lazare,
837 3962 946 4013 veni
985 3965 1140 4032 foras.
1173 3963 1284 4018 Hoc
1312 3976 1411 4030 est,
1440 3968 1578 4037 quod
1608 3969 1818 4026 dixerat
1844 3989 1860 4028 :

287 4045 438 4099 Venit
472 4050 618 4115 hora,
649 4053 850 4120 quando
878 4055 1063 4107 mortui
1093 4055 1296 4110 audient
1325 4074 1488 4113 vocem
1519 4059 1643 4114 Filii
1672 4061 1785 4130 Dei,
1819 4074 1864 4118 et

276 4142 369 4209 qui
414 4143 667 4197 audierint
691 4186 704 4208 ,
753 4146 909 4199 vivent
937 4145 1128 4219 (Joan.
1157 4150 1212 4203 5.
1254 4148 1384 4218 28).
1415 4151 1493 4206 Ne
1529 4162 1678 4222 putes
1722 4157 1862 4211 enim

281 4233 435 4287 illutn
467 4235 534 4289 ab
557 4236 731 4292 altero
763 4239 1008 4293 virtutem
1055 4241 1348 4309 accepisse,
1390 4244 1497 4312 jam
1543 4250 1787 4315 superius
1815 4259 1864 4303 te

277 4323 485 4388 docuit,
509 4336 562 4380 et
589 4328 636 4381 id
660 4329 909 4397 cperibus
936 4331 1184 4386 ostendit.
1203 4331 1314 4386 Non
1337 4334 1487 4398 dixit,
1511 4334 1679 4407 Surge
1704 4355 1718 4404 ;
1747 4340 1862 4407 sed,

293 4416 422 4471 Veni
461 4417 599 4486 {oras
619 4461 631 4484 ,
661 4433 927 4476 mortuum
962 4433 1226 4495 tamquam
1266 4428 1530 4484 viventem
1559 4431 1860 4502 alloquens.

358 4510 413 4565 3.
453 4509 590 4578 Quid
640 4511 763 4567 huic
812 4517 1058 4583 potestati
1107 4532 1201 4586 par
1249 4517 1633 4590 l'ttcritYQuod
1665 4524 1707 4577 si
1759 4540 1862 4578 non

281 4603 500 4671 propria
551 4603 746 4659 virtute
795 4605 894 4658 hoc
941 4606 1084 4670 fecit,
1134 4609 1258 4678 quid
1306 4611 1425 4678 plus
1464 4612 1677 4667 habebit
1707 4633 1863 4684 quam

279 4693 533 4762 apostoli,
567 4695 656 4763 qui
699 4696 881 4749 dicunt
913 4715 926 4749 :
963 4699 1095 4762 Quid
1136 4701 1277 4754 nobis
1305 4703 1577 4767 attenditis,
1612 4715 1865 4775 tamquam

280 4785 494 4853 prapria
536 4787 714 4838 virtute
756 4797 842 4839 aut
893 4789 1079 4859 pietate
1121 4792 1387 4858 fecerimus
1431 4795 1561 4848 hunc
1605 4799 1867 4854 ambulare

280 4875 421 4944 (Act.
453 4875 502 4928 5.
533 4874 620 4948 12)
651 4877 674 4929 ?
703 4876 831 4931 Nam
883 4881 924 4932 si
974 4898 1076 4932 non
1123 4885 1328 4950 propria
1379 4885 1570 4941 virtute
1619 4888 1861 4955 faciebat,

281 4979 384 5018 cur
414 4979 517 5017 non
549 4967 741 5035 adjecit
773 4969 822 5020 id
855 4969 995 5037 qttod
1027 4974 1249 5038 apostoli
1291 4974 1354 5026 de
1381 4991 1438 5028 se
1463 4976 1708 5032 dicebant
1737 4982 1760 5032 ?
1795 4983 1866 5037 Ita

280 5064 434 5109 certe
475 5056 549 5110 illi
599 5058 855 5126 majorem
900 5061 1288 5130 philosophiam
1332 5075 1385 5118 et
1415 5069 1658 5122 virtutem
1707 5087 1865 5126 exer-

279 5145 515 5210 cuerint,
544 5149 632 5215 qui
661 5149 880 5216 gloriam
915 5152 1290 5220 prOptdsarint.
1319 5155 1384 5210 Et
1404 5157 1551 5222 alibi,
1588 5157 1713 5225 Viri,
1747 5166 1867 5229 quid

283 5237 397 5288 lucc
416 5238 580 5307 facitis
602 5239 628 5293 Γ
651 5238 854 5294 Similes
875 5241 1009 5294 vobis
1030 5244 1253 5297 homines
1274 5262 1442 5299 sumus
1459 5247 1508 5318 (l
1514 5249 1618 5302 bid.
1645 5252 1729 5307 14.
1756 5255 1864 5322 ll).

283 5326 421 5382 Nunt
451 5331 679 5398 apostoli
723 5333 844 5400 quia
873 5333 1004 5388 nihil
1036 5349 1127 5403 per
1159 5352 1216 5391 se
1244 5336 1526 5405 iaciebant,
1558 5341 1675 5398 hazc
1713 5345 1866 5400 dixe-

280 5429 409 5474 runt
429 5463 442 5486 ,
476 5431 533 5476 ut
583 5421 683 5476 hoc
719 5424 891 5493 ipsum
923 5425 1306 5494 persuaderent
1338 5445 1351 5493 ;
1383 5430 1470 5485 ille
1504 5448 1631 5486 vero
1660 5438 1702 5489 si
1733 5435 1868 5493 hanc

348 5622 361 5653 ¹
396 5628 608 5695 (malum
619 5628 748 5695 _ttss.
774 5621 959 5695 habent
985 5637 1055 5695 ξιξ
1080 5631 1397 5695 cumeumque
1420 5627 1548 5677 mim
1571 5631 1674 5679 t'olo
1707 5640 1756 5681 tu
1789 5635 1864 5695 fa-

277 5684 351 5754 cis
368 5701 412 5740 ι,
427 5682 726 5757 ἰπᾳιιίιτουω
748 5692 884 5757 putat
903 5682 1106 5757 δεῖνι-ιὶιιέ
1127 5682 1367 5757 conjungi
1381 5703 1521 5757 posse
1543 5705 1651 5757 cum
1676 5695 1736 5742 iis
1756 5682 1866 5757 quae

275 5747 327 5794 itt
351 5753 492 5822 textis
518 5745 791 5804 habentur,
813 5747 914 5805 sic,
945 5755 1087 5818 «ﬁgo
1116 5745 1278 5822 autem
1298 5745 1510 5818 sciebam
1537 5753 1654 5822 quia
1676 5745 1866 5822 scalper

272 5819 352 5855 me
373 5805 517 5856 audis
540 5818 554 5854 :
577 5818 891 5870 qumcumqne
912 5805 1047 5872 enini
1057 5810 1158 5859 colo
1177 5815 1226 5859 tu
1248 5809 1386 5872 facis.
1407 5827 1430 5856 ι
1459 5805 1676 5865 sed'sine
1702 5805 1862 5870 Maitu~

278 5872 570 5934 scriptorum
594 5872 882 5921 auctoritate
900 5870 1016 5922 nihil
1034 5870 1519 5936 jungere‘audcums.

1317 447 1380 502 IN
1419 441 1726 500 JOANNEM
1768 440 1863 494 llO.

1974 481 1997 494 γ,
2039 439 2220 494 wa.
2254 443 2321 494 al.
2365 441 2542 496 ant.

1979 553 2045 606 de
2074 567 2130 607 se
2173 558 2480 624 opinionem
2515 557 2816 622 habuisset,
2844 575 3019 614 annon
3052 563 3261 618 illorum
3292 569 3554 622 existima-

1983 645 2178 698 tionem
2205 648 2510 712 ainovisst-t,
2538 648 2635 702 nisi
2665 664 2756 702 sua
2779 653 3096 706 auctoritate
3116 665 3369 722 operatus
3390 671 3534 713 e~s~t
3562 663 3581 712 '3

1980 736 2162 804 ecquis
2209 737 2307 789 hoc
2341 738 2590 792 dixerit?
2631 740 2788 809 Atqui
2829 751 3011 796 contra
3057 743 3287 813 loquitur
3328 745 3577 805 Christtt~

1978 823 2162 878 dicens
2188 847 2200 881 :
2230 825 2444 896 Pr0ptcr
2463 827 2866 886 circutttstantem
2885 834 3080 887 turbam
3103 837 3230 902 dixi,
3264 851 3316 891 ut
3337 843 3567 897 credant.

1979 913 2160 982 Itaque
2209 918 2252 969 si
2305 919 2696 986 credidissent,
2728 936 2834 976 non
2882 939 3014 993 opus
3065 937 3180 983 erat
3213 933 3479 999 precibus.
3514 937 3568 989 Si

1979 1013 2156 1057 autem
2192 1010 2394 1074 precari
2431 1009 2703 1079 indignum
2738 1013 2855 1081 ipso
2893 1032 2995 1070 non
3025 1029 3158 1079 erat.
3189 1035 3284 1074 eur
3311 1023 3414 1077 illis
3441 1003 3567 1080 cau-

1978 1108 2089 1147 sam
2120 1095 2340 1164 imputet
2366 1099 2389 1150 ?
2412 1116 2508 1153 cur
2535 1118 2640 1155 non
2664 1104 2822 1170 dixit,
2856 1107 2918 1161 Ut
2949 1110 3168 1164 credant
3196 1128 3282 1166 me
3311 1131 3413 1168 nou
3448 1134 3568 1174 esse

1980 1185 2072 1238 tibi
2122 1190 2378 1256 a‘qualem
2410 1190 2433 1242 ?
2461 1194 2743 1260 oportebat
2774 1198 2914 1251 enim
2958 1201 3028 1255 ob
3069 1202 3215 1258 illam
3257 1209 3563 1274 opinionem

1976 1274 2043 1329 ad
2074 1276 2173 1333 boc
2193 1280 2393 1336 venire.
2419 1281 2522 1336 Sed
2555 1300 2676 1338 cum
2706 1288 2871 1358 legent
2897 1293 3107 1351 solvere
3141 1297 3563 1370 existimabatur,

1977 1366 2082 1420 illis
2126 1369 2254 1421 nihil
2294 1372 2686 1438 proierentibus
2731 1378 2842 1447 ipse
2886 1382 3083 1438 dictum
3114 1392 3377 1459 expressit
3407 1413 3420 1448 :
3451 1366 3566 1451 No:

1977 1457 2061 1509 lite
2081 1467 2261 1525 putare
2293 1463 2410 1531 quia
2440 1468 2550 1518 veni
2577 1468 2767 1522 solvere
2788 1473 2944 1543 legem
2970 1457 3259 1556 (Matth—5.
3289 1486 3354 1540 17
3382 1490 3398 1556 )
3430 1507 3442 1553 ;
3477 1491 3562 1545 hic

1976 1562 2103 1602 vero
2127 1550 2430 1620 Opinionem
2459 1558 2652 1613 lirmat.
2683 1559 2737 1615 ln
2765 1577 2992 1632 summa,
3016 1553 3142 1638 quid
3164 1588 3298 1644 Opus
3316 1590 3428 1634 erat
3455 1584 3561 1636 cir-

1974 1637 2208 1695 cuitione
2234 1653 2287 1696 ct
2311 1645 2716 1714 tenigmatibus‘?
2742 1653 2885 1710 Satis
2911 1637 3267 1728 eratdixisse,
3300 1666 3413 1723 Non
3440 1687 3556 1728 sum

1974 1730 2224 1798 aequalis,
2275 1743 2331 1787 et
2372 1751 2483 1790 rem
2535 1741 2766 1798 solvere.
2812 1747 2947 1812 Quid
2993 1768 3119 1822 ergo
3150 1754 3172 1806 ?
3198 1771 3374 1814 annon
3406 1761 3559 1830 dixit,

1977 1820 2186 1892 inquies
2205 1865 2218 1888 ,
2253 1823 2372 1880 Non
2399 1831 2535 1898 facio
2566 1835 2872 1892 voluntatem
2902 1859 3062 1896 meum
3088 1847 3114 1899 ?
3134 1846 3240 1904 Sed
3274 1852 3400 1907 illud
3430 1859 3555 1911 sub-

1975 1911 2203 1968 obscure
2242 1914 2394 1980 dixit,
2427 1928 2479 1972 et
2510 1935 2724 1991 propter
2764 1942 2948 1983 eorum
2992 1935 3428 2010 imbecillitatem,
3467 1964 3559 2003 ea-

1977 2003 2097 2059 dem
2131 2005 2197 2060 de
2223 2023 2407 2076 causa,
2439 2029 2540 2081 qna
2580 2019 2740 2073 etiam
2792 2035 3039 2088 precatus
3072 2041 3171 2084 est.
3218 2034 3350 2101 Quid
3379 2052 3556 2097 autem

1973 2095 2072 2150 sibi
2121 2101 2230 2152 vult
2268 2100 2419 2168 illud,
2454 2105 2705 2169 Quoniam
2749 2116 2939 2170 audisti
2976 2135 3055 2172 me
3082 2123 3109 2176 7
3137 2095 3260 2181 HocT
3290 2139 3389 2196 est,
3420 2095 3558 2190 Nihil

1974 2187 2113 2243 inter
2142 2206 2228 2246 me
2257 2203 2310 2247 et
2337 2202 2389 2250 te
2413 2201 2738 2257 contrarium
2778 2216 2879 2260 est.
2911 2207 3365 2276 Quemadmodum
3404 2224 3560 2292 igitur

1973 2277 2125 2348 illud,
2151 2283 2348 2339 Audisti
2373 2304 2469 2356 me,
2496 2306 2600 2345 non
2627 2295 2888 2364 signiﬁcat
2910 2301 3079 2372 ipsum
3110 2324 3212 2362 non
3239 2327 3392 2381 posse
3413 2277 3557 2388 (ium)

1973 2372 2018 2428 si
2050 2372 2151 2430 hoc
2175 2389 2337 2445 esset,
2367 2397 2471 2435 non
2503 2384 2809 2452 impotentia
2833 2394 3029 2462 solum,
3059 2400 3150 2454 sed
3176 2414 3227 2456 et
3260 2372 3557 2475 ignoritutia

1973 2476 2139 2532 esset,
2169 2469 2428 2538 siquidem
2461 2485 2586 2530 ante
2624 2482 2982 2545 precationem
3025 2469 3339 2551 nescivissid
3392 2503 3557 2557 Deum

1971 2569 2311 2614 assensurum
2344 2578 2464 2619 esse
2495 2582 2510 2619 :
2539 2568 2583 2622 si
2614 2585 2739 2626 vero
2771 2573 3066 2646 ignorabat,
3099 2589 3366 2653 quomodo
3392 2593 3552 2659 dixit,

1983 2644 2124 2702 Vada
2151 2659 2204 2702 ut
2243 2656 2477 2708 suscitem
2519 2663 2685 2716 eum?
2729 2680 2828 2720 nec
2868 2669 3035 2734 dixit,
3075 2673 3217 2731 Vado
3249 2695 3559 2748 precaturus

1972 2739 2208 2808 Patrem,
2238 2756 2294 2800 ut
2319 2750 2537 2806 suscitet
2564 2755 2728 2832 eum)
2771 2775 2785 2812 τ
2817 2767 3285 2839 quemadmodum,
3320 2778 3555 2850 inquam,

1971 2830 2074 2887 hoc
2113 2849 2218 2890 non
2257 2838 2668 2913 imbecillitatis,
2700 2830 2793 2906 sed
2825 2830 3129 2915 concordiae
3151 2875 3230 2918 est
3265 2830 3285 2931 ς’
3308 2830 3460 2926 εἱριυι
3491 2830 3557 2928 il:

1970 2925 2083 3033 liud,
2109 2928 2320 3003 Semper
2346 2951 2422 2988 me
2436 2938 2602 2992 audis.
2626 2943 2732 2997 Aut
2759 2945 2857 3001 hoc
2885 2949 3191 3022 dicendum,
3220 2970 3310 3013 aut
3340 2978 3553 3033 respon-

1969 3009 2220 3082 dendum,
2258 3017 2370 3072 haec
2401 3033 2618 3092 propter
2643 3026 2850 3085 illorum
2883 3037 3188 3103 opinionem
3210 3046 3345 3100 dica
3374 3009 3555 3106 fuisse.

1972 3103 2125 3171 Quod
2169 3111 2212 3164 si
2245 3128 2344 3167 nec
2387 3114 2684 3206 ignorabat,
2731 3139 2830 3179 nec
2876 3127 3173 3186 imbecillus
3220 3147 3355 3202 erat,
3387 3141 3556 3208 palam

1969 3206 2052 3251 est
2079 3199 2229 3256 illutn
2261 3203 2382 3259 ideo
2413 3199 2636 3264 humilia
2663 3213 2824 3270 verba
2861 3217 3136 3286 loquutum
3167 3199 3350 3290 fuisse,
3387 3199 3448 3285 iit
3476 3236 3557 3288 vel

1969 3303 2034 3343 ex
2065 3290 2354 3362 hyperbole
2374 3301 2564 3357 credas
2583 3314 2636 3358 et
2656 3307 2897 3363 conﬁteri
2936 3316 3144 3384 cogaris
3166 3361 3180 3382 ,
3221 3321 3335 3377 hanc
3361 3325 3561 3385 dixisse

1972 3378 2118 3434 illuni
2150 3398 2252 3438 non
2283 3390 2575 3444 secundum
2605 3387 2916 3463 dignitatem
2943 3417 3114 3474 suam,
3140 3410 3234 3464 sed
3266 3417 3558 3474 secundum

1971 3470 2390 3533 imbecillitatem
2430 3482 2752 3542 auditorum.
2801 3489 2937 3557 Quid
2975 3511 3102 3564 ergo
3139 3500 3288 3555 aiunt
3323 3508 3561 3564 veritatis

1969 3559 2156 3620 hostes
2187 3565 2350 3622 ?N0n
2384 3570 2449 3625 ad
2481 3573 2901 3636 imbecillitatem
2935 3559 3236 3644 auditorum
3268 3559 3562 3660 dixit,

1969 3654 2090 3708 disti
2135 3674 2259 3724 me;
2307 3662 2401 3717 sed
2449 3675 2505 3720 ut
2547 3671 2855 3728 ostenderet
2885 3681 3318 3745 praecellentiam.
3365 3688 3560 3747 Verum

1971 3745 2073 3802 hoc
2118 3765 2223 3805 non
2267 3765 2384 3808 erat
2425 3761 2839 3826 praecellentiam
2887 3768 3292 3842 demonstrare,
3339 3781 3430 3836 sed
3463 3785 3559 3840 ad-

1970 3839 2188 3894 modum
2227 3843 2496 3904 humiliter
2543 3861 3136 3934 agere,ostendcreque
3183 3885 3241 3925 se
3272 3873 3402 3928 nihil
3447 3879 3564 3946 plus

1970 3944 2129 3997 quam
2173 3932 2444 3992 hominem
2499 3939 2716 4000 habere.
2746 3946 2878 4003 Natu
2922 3932 3124 4021 precari
3173 3977 3277 4016 non
3319 3976 3401 4018 est
3432 3932 3552 4034 lllci,

1973 4036 2071 4075 nec
2097 4023 2210 4092 ejus
2236 4028 2325 4096 qui
2356 4029 2406 4083 in
2430 4032 2620 4088 eodem
2640 4037 2787 4092 sedet
2817 4041 2970 4097 solio.
3003 4045 3190 4103 Viden‘
3209 4055 3347 4108 nulla
3375 4058 3475 4112 alia
3494 4023 3561 4113 de

1971 4127 2130 4168 causa
2171 4118 2236 4172 ad
2266 4119 2367 4176 hoc
2394 4126 2634 4193 venisse,
2670 4132 2768 4185 nisi
2811 4147 3031 4206 propter
3058 4157 3243 4198 eorum
3273 4147 3548 4206 increduli

1974 4209 2180 4261 tatem?
2221 4212 2597 4274 Animadverte
2622 4235 2750 4293 ergo
2784 4241 2894 4281 rem
2930 4229 3099 4298 ipsam
3131 4235 3247 4305 ejus
3274 4245 3558 4298 auctorita-

1974 4305 2080 4352 tem
2130 4303 2421 4363 testiﬁcari.
2456 4308 2707 4379 Vocavit,
2739 4327 2793 4370 et
2839 4321 3034 4387 prodiit
3067 4303 3310 4384 mortuus
3347 4332 3559 4403 ligatus.

1973 4386 2107 4445 llinc
2135 4408 2201 4447 ne
2233 4396 2504 4454 videretur
2533 4418 2616 4456 res
2644 4421 2763 4461 esse
2793 4410 3104 4478 phantasma
3151 4419 3169 4488 (
3195 4436 3314 4475 nam
3347 4386 3564 4492 piioitire

1973 4477 2192 4550 ligatum
2226 4502 2329 4540 non
2361 4490 2538 4547 minus
2560 4477 2931 4556 admirandum
2962 4477 3259 4576 videbatur,
3288 4477 3445 4584 Qtiatn
3475 4535 3562 4572 rc-

1971 4575 2251 4646 surgere),
2279 4579 2446 4636 Jussit
2471 4586 2596 4640 solvi
2626 4589 2791 4657 illum,
2828 4603 2882 4647 ut
2919 4605 3196 4666 tangentes
3223 4575 3270 4658 et
3303 4575 3561 4666 acceden-

1976 4672 2054 4718 tes
2077 4667 2316 4725 viderent
2342 4690 2465 4729 vere
2496 4679 2643 4733 illum
2670 4697 2811 4742 85sc.
2837 4686 2904 4740 Ει
2929 4689 3081 4756 dixit,
3109 4695 3197 4748 Η.
3230 4697 3394 4755 Sinite
3419 4704 3565 4758 illum

1973 4754 2128 4810 abire.
2160 4759 2346 4816 Viden‘
2367 4781 2525 4835 qnam
2555 4772 2625 4825 sit
2644 4773 2848 4830 alienus
2867 4793 2896 4831 a
2925 4754 3113 4837 fastu?
3140 4785 3255 4842 Non
3282 4790 3424 4847 ducit
3442 4810 3565 4851 eum

1975 4862 2179 4914 secum,
2216 4870 2388 4924 neque
2415 4863 2561 4928 sequi
2591 4880 2649 4918 se
2670 4864 2843 4934 jubet,
2875 4887 2940 4926 ne
2969 4874 3212 4933 videatur
3239 4895 3358 4939 sese
3380 4897 3566 4941 osten-

1978 4948 2133 4994 tare:
2168 4951 2309 5000 tanta
2360 4951 2606 5007 utebatur
2658 4957 2938 5015 modestia.
2980 4963 3199 5036 Signum
3245 4983 3446 5031 tantum
3481 4983 3567 5036 alii

1977 5032 2330 5102 mirabantur,
2359 5041 2446 5092 alii
2477 5042 2761 5101 Phariswis
2801 5032 3203 5119 nuntiaverunt.
3237 5063 3374 5130 Quid
3411 5070 3570 5138 igitur

1979 5122 2241 5179 illi?(2mn
2274 5131 2451 5186 mirari
2485 5146 2536 5187 et
2564 5138 2942 5209 obstupescere
2973 5152 3319 5218 oportuisset,
3344 5122 3564 5212 consul-

1977 5221 2089 5268 tant
2117 5228 2170 5270 ut
2202 5220 2348 5274 illutn
2394 5223 2735 5295 interﬁciant,
2762 5234 2851 5302 qui
2888 5248 3153 5296 mortuum
3184 5247 3478 5303 suscitavit.
3524 5252 3570 5305 Ο

1977 5305 2330 5375 insipientiam
2367 5313 2380 5368 !
2432 5315 2564 5370 Eum
2608 5321 2696 5388 qui
2728 5321 2781 5376 in
2828 5324 2948 5382 aliis
2991 5335 3306 5400 corporibus
3337 5349 3564 5396 mortem

1975 5410 2351 5465 superaverat,
2377 5409 2533 5460 morti
2562 5422 2619 5463 se
2648 5412 2935 5470 tradituros
2960 5433 3079 5475 esse
3106 5425 3378 5496 putabant,
3400 5441 3454 5485 et
3484 5433 3563 5488 di-

1973 5497 2100 5540 cunt
2123 5530 2136 5550 ,
2190 5491 2278 5546 d7.
2316 5494 2454 5559 Quid
2494 5498 2740 5567 facimus,
2782 5508 2901 5574 quia
2933 5509 3013 5563 hic
3045 5491 3195 5568 homo
3225 5491 3382 5573 ntulta
3419 5521 3566 5593 signa

1975 5578 2096 5646 facit
2122 5580 2148 5632 .’
2179 5580 2458 5640 Hominem
2509 5589 2656 5645 illum
2689 5596 2865 5652 adhuc
2910 5612 3133 5671 vocant,
3167 5608 3257 5676 qui
3307 5611 3446 5666 illius
3464 5578 3566 5668 Udi~

1974 5869 2145 5922 neque
2195 5860 2421 5927 amplius
2468 5866 2735 5926 hominem
2775 5875 3104 5937 existimare.
3139 5883 3225 5938 48.
3262 5884 3321 5940 Si
3354 5887 3560 5942 dimitti~
