4088 6502
588 432 690 488 359

587 563 697 599 mus
714 559 825 598 eum
849 542 942 607 sic,
965 537 1150 593 venient
1179 533 1415 596 Romani,
1442 540 1487 585 et
1513 529 1686 584 tollent
1710 535 1901 599 gentem
1928 530 2147 578 nostram

591 644 634 689 et
676 632 941 687 ciuitatem.
970 624 1105 693 Quid
1128 627 1296 680 lacere
1325 621 1615 677 deliberant
1646 620 1708 693 ‘2
1737 615 1989 685 Populum
2014 626 2145 667 con-
2185 680 2194 686 _

587 727 752 780 citare
777 722 988 786 volunt,
1017 726 1074 772 ut
1102 714 1515 787 periclitaturam
1546 711 1615 765 ob
1645 706 1938 781 tyrannidis
1974 702 2146 773 suspi-

586 817 813 869 cionem.
840 809 896 866 Si
934 809 1141 863 discant
1185 804 1405 860 Romani
1436 804 1607 871 ipsum
1645 802 2004 869 circumagere
2033 786 2145 849 tur-4

572 900 724 970 ham,
754 916 851 958 nos
874 909 1144 970 suspectos
1172 896 1460 962 habebunt,
1509 906 1562 949 et
1607 892 1816 949 venient
1856 890 2144 957 tollentque

586 1007 817 1051 nostram
863 993 1147 1049 civitatem.
1196 987 1303 1043 Cur
1343 985 1569 1057 (λυτηευῖ
1618 999 1743 1038 num
1792 979 2141 1036 defectionem

582 1084 806 1140 docebat
833 1083 856 1137 ἳ
883 1093 1059 1136 nonne
1079 1077 1294 1148 iubebat
1326 1076 1575 1129 tributum
1602 1071 1729 1125 dare
1765 1066 2005 1123 Caesari?
2044 1080 2140 1119 an-

586 1192 689 1228 non
712 1188 832 1228 cum
856 1173 998 1225 illum
1022 1182 1199 1237 regem
1222 1165 1393 1220 facere
1408 1162 1686 1227 volebatis,
1708 1156 1946 1229 aufugit?
1964 1171 2138 1211 annon

589 1267 744 1319 vilem
775 1272 829 1317 et
846 1262 957 1316 sine
981 1258 1119 1313 fastu
1150 1257 1309 1311 vitam
1336 1253 1581 1319 ducebat,
1611 1252 1726 1307 sine
1749 1250 1907 1304 domo
1944 1255 1999 1303 et
2023 1247 2139 1301 aliis

587 1354 881 1427 huiusmodi
906 1353 929 1406 ἲ
957 1352 1079 1407 Haec
1103 1348 1366 1413 dicebant,
1400 1361 1504 1400 non
1538 1351 1851 1405 metuentes,
1873 1339 1964 1394 sed
1995 1338 2138 1392 invi-

582 1449 789 1502 dentes.
836 1443 1025 1499 Verum
1059 1441 1108 1495 id
1152 1439 1406 1507 contigit,
1451 1435 1591 1506 quod
1623 1433 1837 1487 minime
1866 1438 2141 1497 exspecta-

584 1538 739 1597 bant.
768 1546 821 1593 et
850 1546 1056 1604 gentem
1095 1542 1147 1587 ct
1182 1530 1363 1585 urbem
1396 1536 1642 1593 ceperunt
1670 1565 1684 1586 ,
1714 1522 1833 1591 quia
1870 1520 2136 1575 Christum

585 1631 681 1698 ipsi
713 1628 1035 1685 occiderant.
1067 1624 1231 1678 Erant
1270 1628 1415 1690 gesta
1465 1617 1607 1672 illius
1655 1613 1832 1683 procul
1861 1610 2003 1665 omni
2050 1624 2138 1663 su.

581 1722 839 1791 spicione.
866 1718 993 1772 Nam
1024 1714 1111 1785 qui
1138 1727 1308 1781 aegros
1336 1708 1552 1765 sanabat
1580 1748 1595 1772 ,
1627 1708 1715 1776 qui
1742 1704 1993 1773 Optimum
2018 1700 2137 1754 vitzie

580 1815 868 1870 institutum
914 1808 1151 1873 docebat,
1188 1813 1241 1861 et
1269 1799 1588 1873 principibus
1614 1794 2059 1869 parerejubebat,
2093 1792 2137 1846 is

578 1920 681 1960 non
725 1900 1020 1966 affectabat,
1051 1897 1141 1952 sed
1171 1893 1506 1966 propulsabat
1536 1886 1883 1962 tyrannidem.
1928 1887 1993 1939 At
2012 1924 2029 1950 ,
2059 1885 2136 1937 in-

578 1997 799 2066 quiunt,
830 1993 883 2049 id
920 2008 983 2047 es
1015 1987 1377 2058 superioribus
1401 1982 1779 2052 coniectamus.
1812 1976 2007 2031 Verum
2038 1975 2134 2044 ipsi

579 2064 931 2142 defectionem
961 2079 1238 2139 docebant,
1287 2090 1439 2129 secus
1483 2072 1592 2125 ille.
1642 2066 1827 2123 Viden'
1868 2065 1953 2120 illa
1998 2064 2134 2118 dicta

540 2188 544 2194 ‘
580 2173 968 2230 simulationem
1000 2168 1208 2223 fuisse?
1249 2166 1381 2232 Quid
1412 2164 1551 2219 enim
1592 2159 1763 2213 simile
1810 2154 2136 2213 exhibebat?

578 2282 700 2321 num
726 2262 1037 2319 satellitibus
1075 2255 1410 2327 stipabatur?
1456 2268 1577 2305 num
1613 2265 1802 2305 currus
1848 2244 2136 2301 trahebat?

574 2371 749 2412 annon
778 2352 1085 2410 solitudines
1114 2348 1291 2403 obibat
1320 2347 1342 2400 ?
1369 2344 1473 2400 Sed
1507 2359 1572 2397 ne
1602 2342 1905 2395 viderentur
1931 2340 2040 2392 hmc
2068 2353 2129 2392 ex

574 2447 733 2502 animi
774 2444 855 2499 sui
898 2442 1082 2497 morbo
1114 2430 1308 2498 dicere.
1357 2436 1621 2490 civitatem
1653 2442 1812 2486 totam
1849 2429 2127 2498 periclitari

574 2538 771 2602 dicunt,
801 2544 853 2591 et
880 2531 1179 2601 reipublicte
1209 2526 1426 2584 insidias
1457 2525 1649 2595 parari,
1679 2535 1837 2590 seque
1868 2520 1932 2574 de
1956 2530 2132 2575 extre.

574 2630 674 2683 mis
701 2636 954 2682 metuere.
998 2622 1110 2677 Non
1151 2621 1264 2674 hate
1301 2618 1450 2671 vobis
1492 2614 1807 2684 captivitatis
1833 2627 1988 2666 causa
2022 2610 2127 2666 fuco

574 2727 732 2784 runt;
762 2715 857 2774 sed
898 2714 979 2769 his
1019 2711 1301 2772 contraria,
1334 2716 1387 2763 et
1416 2707 1551 2761 hanc
1578 2715 1629 2759 et
1659 2704 2053 2775 Bahylonicam,
2083 2711 2137 2756 et

573 2812 715 2864 illam
757 2824 875 2879 quae
916 2807 1012 2861 sub
1055 2802 1313 2859 Antiocho
1342 2798 1558 2867 contigit
1602 2805 1921 2866 pepererunt
1971 2811 1986 2849 :
2030 2809 2131 2847 non

571 2901 711 2971 quod
739 2898 876 2969 apud
904 2912 998 2951 vos
1030 2895 1120 2951 Dei
1148 2892 1378 2948 cultores
1418 2895 1616 2947 essent,
1649 2885 1741 2940 sed
1768 2885 1905 2955 quod
1953 2882 2130 2950 iniusti

571 3004 626 3050 et
656 2994 818 3048 Deum
850 2990 1117 3045 irritantes
1145 3003 1159 3053 ;
1186 2985 1287 3039 hoc
1316 2996 1410 3037 vos
1437 2977 1687 3051 prodidit.
1713 2976 1907 3031 Verum
1940 2975 2129 3044 hujus-

569 3083 709 3137 modi
735 3096 818 3137 res
844 3091 922 3136 est
952 3079 1143 3133 invidia
1175 3093 1190 3132 :
1215 3075 1346 3129 nihil
1369 3073 1617 3128 decorum
1646 3068 1773 3124 sinit
1819 3067 2015 3131 videre,
2037 3082 2130 3121 ex-
2164 3118 2165 3135 η

572 3182 766 3229 caecato
793 3168 960 3227 semel
1001 3169 1196 3222 animo.
1230 3165 1412 3220 Nonne
1444 3164 1597 3217 mites
1631 3174 1748 3215 esse
1777 3157 2019 3213 Christus
2046 3156 2134 3210 do-

570 3265 713 3321 cuit?
736 3278 909 3318 nonne
934 3262 1099 3330 alapis
1122 3272 1289 3315 eaesos
1310 3257 1361 3311 in
1383 3257 1621 3319 dextera,
1643 3252 1862 3306 alteram
1885 3247 2133 3333 vertere?

572 3369 745 3409 nonne
788 3352 979 3423 injuria
1006 3349 1225 3405 allectos
1255 3349 1483 3402 tolerare
1512 3345 1533 3399 l
1578 3359 1752 3398 nonne
1780 3341 2035 3409 majorem
2065 3337 2129 3391 ad

572 3448 705 3501 mala
746 3444 1008 3514 patienda,
1034 3456 1198 3512 quam
1240 3439 1325 3493 alii
1358 3438 1421 3492 ad
1453 3436 1591 3490 mala
1622 3433 1858 3489 facienda
1892 3432 2127 3486 animum

570 3537 868 3594 exhibere?
914 3534 1157 3590 llmccine
1207 3530 1530 3604 tyrannidem
1562 3524 1907 3583 allectantis?
1954 3538 2129 3577 annon

572 3632 745 3701 potius
766 3624 1123 3697 prOpulsantis
1153 3623 1176 3675 ?

641 3722 694 3776 Δ.
737 3718 931 3773 Verum
955 3757 970 3781 ,
1003 3724 1060 3769 ut
1084 3713 1191 3769 dixi
1213 3756 1228 3778 ,
1259 3712 1432 3783 gravis
1460 3719 1542 3766 est
1572 3708 1764 3763 invidia
1786 3748 1800 3771 ,
1829 3715 1883 3761 ct
1910 3705 2130 3759 simula-

566 3814 712 3866 tione
738 3809 911 3880 plena.
945 3806 1068 3861 Haec
1091 3804 1272 3859 orbem
1324 3802 1615 3857 innumeris
1667 3798 1903 3868 implevit
1930 3796 2081 3850 malis
2113 3813 2127 3851 :

571 3903 728 3971 hujus
765 3897 933 3954 morbi
974 3909 1162 3960 causa,
1193 3893 1299 3948 reis
1330 3900 1380 3947 et
1408 3891 1579 3946 noxiis
1603 3888 1883 3944 tribunalia
1915 3887 2127 3957 replen-

570 4002 655 4047 tur
688 4007 704 4046 :
742 3988 867 4044 hinc
898 3987 1069 4041 oritur
1112 3984 1290 4054 gloria:
1320 3992 1374 4039 et
1414 3982 1755 4052 pecuniarum
1796 3993 1968 4044 amor,
2012 3978 2133 4033 hinc

568 4096 720 4137 amor
748 4079 1105 4149 principatus,
1140 4076 1260 4130 hinc
1287 4074 1531 4143 superbia
1566 4090 1579 4126 :
1612 4071 1733 4126 hinc
1764 4072 1862 4125 viae
1890 4071 2132 4125 scelestis

568 4168 889 4237 latronibus,
932 4182 1079 4223 mare
1120 4166 1302 4236 piratis
1331 4163 1606 4219 infestatur
1637 4181 1650 4216 :
1684 4163 1806 4217 hinc
1834 4161 2009 4217 caedes
2038 4177 2132 4231 per

567 4261 773 4325 orbem,
815 4257 941 4313 hinc
980 4270 1146 4329 genus
1184 4264 1421 4311 nostrum
1460 4254 1796 4322 discerpitur.
1825 4252 2128 4321 Quodcum-

568 4366 672 4422 que
694 4350 889 4406 malum
919 4348 1098 4414 vides,
1144 4347 1266 4403 inde
1297 4346 1647 4416 proﬁciscitur
1681 4362 1693 4398 :
1724 4344 1827 4399 hoc
1862 4344 1915 4398 in
1948 4345 2132 4399 Eccle-

570 4444 676 4496 sias
715 4440 928 4510 irrepsit
966 4456 980 4493 :
1017 4437 1120 4493 hoc
1150 4437 1350 4506 jamdiu
1395 4436 1668 4489 innumera
1707 4436 1913 4503 peperit
1945 4435 2082 4489 mala
2115 4451 2128 4487 :

566 4543 802 4586 amorem
829 4528 1067 4598 pecuniae
1092 4527 1285 4596 ubique
1309 4524 1510 4579 induxit
1542 4543 1555 4579 :
1589 4522 1674 4579 hic
1706 4526 1919 4579 morbus
1943 4535 2131 4579 cuncta

565 4620 842 4683 subvertit,
870 4618 1123 4689 justitiam
1155 4616 1388 4685 corrupit
1420 4614 1603 4685 (Dona
1626 4616 1802 4678 enim,
1829 4616 2015 4684 inquit,
2048 4632 2131 4667 sa-

567 4712 808 4781 pientium
844 4709 1015 4764 oculos
1053 4718 1338 4773 exerceant,
1380 4718 1426 4762 et
1480 4717 1732 4775 tamquam
1785 4711 1978 4775 frenum
2018 4708 2126 4774 ori,

565 4809 790 4856 auertunt
818 4800 1151 4869 correptiones
1181 4796 1471 4872 [Eccli.20.
1492 4794 1620 4869 51])
1648 4816 1660 4851 :
1694 4797 1794 4851 hoc
1823 4813 2004 4852 servos
2036 4814 2129 4868 pro

567 4891 747 4947 liberis
782 4889 906 4945 facit
950 4906 963 4943 :
1002 4889 1069 4943 de
1108 4888 1209 4942 hoc
1251 4887 1486 4956 quotidie
1533 4886 1864 4951 disserimus,
1909 4900 1961 4942 ct
2000 4889 2129 4942 nihil

568 4982 890 5053 proﬁcimus.
926 4978 1075 5035 Feris
1105 4978 1311 5049 pejores
1342 4976 1617 5037 efﬁcimur,
1649 4977 1965 5046 pupillorum
1993 4979 2127 5033 bona

566 5074 830 5142 rapimus,
879 5068 1066 5123 viduas
1111 5066 1368 5122 nudamus
1391 5108 1403 5131 ,
1434 5079 1697 5136 pauperes
1728 5064 1966 5121 lmdimus
1989 5108 2003 5132 ,
2050 5082 2127 5121 vze

629 5204 643 5233 ί
671 5200 766 5251 Alli
788 5200 970 5251 habent
992 5212 1005 5249 :
1031 5198 1152 5260 Quid
1172 5203 1242 5249 est
1266 5197 1392 5262 quod
1417 5195 1573 5246 volunt
1595 5195 1758 5247 dicere
1780 5194 1806 5247 ?

1316 418 1372 476 S.
1406 414 1676 475 JOANNIS
1702 406 2165 470 CIIRYSOSTOMI
2204 405 2514 462 ARCHIEP.
2557 406 3084 465 CONSTANTINOP.

3722 407 3823 464 δ’ὶῦ

2253 532 2413 588 super
2438 534 2515 573 vae
2540 519 2839 588 adiicimus.
2881 518 2968 573 Vw
2987 519 3140 586 mihi,
3163 520 3280 589 quia
3300 519 3451 589 periit
3476 519 3589 588 pius
3609 519 3674 572 de
3691 531 3825 572 terra

2252 607 2439 678 (Mich.
2486 609 2537 662 7.
2586 608 2662 676 2).
2706 608 2955 664 Nostrum
2999 609 3108 678 jam
3147 616 3231 663 est
3271 608 3489 677 lugere;
3539 609 3646 663 imo
3695 609 3823 664 illud

2250 699 2485 770 quotidie
2521 698 2827 753 dicendum.
2858 698 3000 753 Nihil
3029 697 3291 767 precando
3322 698 3663 766 proﬁcimus,
3697 699 3822 752 nihit

2249 806 2317 845 ex
2348 791 2585 846 consiliis
2613 802 2666 845 et
2693 791 2907 845 monitis
2938 790 3206 845 lucramur
3232 807 3246 843 :
3282 799 3442 844 restat
3474 799 3531 843 ut
3563 790 3824 861 lacrymas

2248 881 2547 937 fundamus.
2598 882 2724 936 Illud
2752 890 2806 936 et
2834 879 3075 936 Christus
3106 882 3225 936 fecit
3257 898 3270 935 :
3299 897 3417 936 cum
3458 882 3621 936 multa
3665 881 3821 937 Jero-

2249 972 2476 1041 solymis
2494 974 2689 1027 monita
2719 972 2973 1033 dedisset,
3003 986 3121 1026 cum
3150 970 3199 1025 id
3227 970 3328 1024 illis
3356 971 3485 1026 nihil
3517 972 3817 1040 prodesset,

2246 1078 2431 1117 eorum
2466 1062 2679 1117 deﬂevit
2714 1064 3027 1118 caecitatem.
3065 1061 3174 1116 Hoc
3194 1070 3248 1115 et
3274 1063 3546 1131 pr0phette
3573 1062 3771 1117 faciunt
3804 1079 3815 1111 :

2246 1152 2349 1209 huc
2390 1162 2445 1209 et
2487 1169 2583 1209 nos
2620 1170 2760 1209 nunc
2807 1153 3077 1207 faciamus.
3108 1152 3518 1223 Lacrymarum,
3564 1145 3815 1213 fletuum.

2246 1247 2474 1314 eiulatus
2513 1260 2650 1301 nunc
2692 1255 2897 1315 tempus
2926 1253 3028 1301 est.
3058 1246 3367 1315 Opportune
3392 1244 3633 1299 dicamus
3662 1260 3675 1296 :
3716 1243 3815 1297 ιὀ.

2247 1345 2355 1390 cate
2380 1336 2599 1406 lugentes
2627 1336 2887 1399 mulieres,
2928 1345 2973 1388 et
3011 1335 3079 1387 ad
3114 1335 3366 1403 sapientes
3406 1334 3618 1398 mittite,
3659 1341 3703 1386 et
3740 1334 3814 1387 lo-

2244 1434 2461 1493 quantur
2501 1422 2644 1493 (Jer.
2692 1422 2744 1479 9.
2788 1423 2916 1493 17).
2948 1423 3035 1479 Sic
3066 1424 3199 1479 forte
3229 1424 3521 1492 poterimus
3575 1423 3814 1477 morbum

2245 1516 2455 1584 abigere
2482 1528 2663 1569 eorum
2701 1514 2788 1583 qui
2830 1513 2971 1568 :cdes
3007 1514 3314 1583 splendidas
3344 1520 3699 1577 construunt,
3726 1512 3816 1582 qui

2243 1621 2305 1660 ex
2335 1606 2514 1673 rapina
2537 1618 2694 1674 agros
2720 1604 2817 1658 sibi
2849 1615 3179 1675 comparant.

2302 1685 2531 1764 Quinam
2552 1698 2651 1750 sint
2674 1713 2783 1751 vere
2811 1696 3347 1767 lngendi.—Lugcndi
3366 1707 3571 1766 tempus
3587 1704 3670 1750 est
3690 1695 3814 1751 :sed

2243 1803 2448 1842 mecum
2492 1804 2585 1842 vos
2626 1788 2799 1857 lugete
2828 1790 2914 1858 qui
2948 1788 3148 1854 nudati,
3176 1790 3264 1859 qui
3294 1789 3402 1843 lmsi
3429 1790 3560 1844 estis
3589 1807 3603 1843 :
3636 1797 3815 1842 vestro

2244 1879 2402 1934 luctui
2434 1879 2695 1951 lacrymas
2723 1894 2868 1934 meas
2902 1880 3127 1949 iungite.
3174 1879 3366 1935 Verum
3403 1897 3508 1934 non
3550 1893 3678 1945 nos,
3720 1877 3813 1934 scd

2242 1969 2357 2024 illos
2384 1970 2651 2039 lugeamus
2677 1986 2691 2022 :
2718 1984 2819 2024 non
2853 1984 2945 2025 vos
2971 1969 3243 2033 laeserunt,
3273 1970 3367 2025 sed
3395 1970 3493 2024 sibi
3522 1971 3813 2040 perniciem

2242 2059 2546 2112 intulerunt.
2586 2059 2689 2112 Vos
2713 2060 2854 2113 enim
2887 2074 2979 2128 pro
3008 2060 3196 2128 iniuria
3229 2059 3369 2113 illata
3404 2074 3622 2129 regnum
3651 2059 3815 2113 caelo-

2243 2162 2355 2200 rum
2399 2146 2629 2207 habetis;
2661 2149 2731 2201 illi
2777 2164 2872 2216 pro
2915 2149 3062 2202 lucro
3102 2149 3416 2218 gehennam.
3465 2149 3588 2204 Ideo
3625 2150 3813 2204 melius

2239 2246 2319 2292 est
2348 2237 2468 2292 laedi
2488 2278 2504 2303 ,
2536 2252 2691 2307 quam
2720 2238 2933 2293 laedere.
2960 2239 3261 2309 Lugeamus
3290 2252 3413 2306 cos,
3447 2255 3551 2293 non
3583 2239 3814 2292 lmmauo

2238 2326 2402 2393 luctu,
2435 2328 2527 2382 sed
2564 2343 2628 2381 ex
2658 2328 2851 2382 divinis
2877 2328 3164 2398 Scripturis
3202 2327 3505 2398 desumpto,
3544 2343 3651 2399 quo
3692 2342 3813 2398 pro-

2240 2420 2409 2490 pheta:
2432 2419 2696 2473 luxerunt.
2728 2420 2933 2474 Accrbe
2957 2433 3076 2474 cum
3101 2420 3228 2473 lsaia
3260 2420 3557 2490 lugeamus,
3588 2430 3641 2474 et
3670 2420 3814 2474 dica-

2242 2525 2358 2564 mus
2401 2526 2416 2561 :
2482 2509 2565 2563 γω
2606 2510 3017 2581 conjungentt'bus
3055 2511 3255 2563 domum
3308 2509 3509 2575 domui,
3547 2519 3593 2563 et
3634 2526 3815 2580 agrum

2240 2620 2360 2673 agro
2388 2602 2771 2671 adjicirntibus,
2801 2611 2855 2653 ut
2880 2618 2911 2654 a
2949 2602 3123 2671 vicino
3138 2602 3327 2671 aliquid
3364 2604 3633 2670 auferant,
3666 2616 3814 2654 num-

2238 2695 2358 2764 quid
2379 2694 2659 2747 ltabitabitis
2680 2693 2774 2747 soli
2796 2694 2847 2745 in
2870 2701 3001 2745 terra
3018 2694 3044 2745 .’
3070 2692 3257 2745 Domus
3283 2708 3477 2762 magum
3497 2702 3541 2746 et
3563 2692 3809 2760 pulchra,

2238 2798 2284 2840 et
2312 2804 2409 2839 non
2436 2796 2577 2839 erunt
2603 2787 2687 2854 qui
2715 2786 2767 2838 in
2798 2786 2868 2839 eis
2897 2784 3116 2837 habitent
3162 2783 3311 2853 (lsai.
3346 2788 3399 2840 5.
3432 2784 3483 2840 8.
3512 2792 3557 2837 et
3587 2785 3661 2847 9).
3706 2784 3813 2838 Lu-

2236 2892 2452 2947 geamus
2476 2892 2593 2930 cum
2624 2876 2893 2941 Nahumo,
2926 2885 2980 2931 ct
3020 2892 3140 2930 cum
3173 2877 3260 2929 illo
3300 2877 3537 2930 dicamus
3559 2917 3573 2941 ,
3614 2875 3701 2930 Vt:
3726 2879 3814 2938 qui

2236 2969 2451 3035 wdiﬁcat
2492 2968 2544 3020 in
2585 2967 2745 3020 altum
2786 2967 2993 3021 domum
3036 2984 3178 3020 suam
3219 2965 3351 3034 (Jer.
3402 2967 3489 3020 2’2.
3526 2966 3613 3037 15)
3649 2984 3662 3019 :
3705 2968 3813 3019 imo

2238 3060 2509 3131 lugeamus
2537 3060 2669 3122 illos,
2697 3068 2753 3112 ut
2783 3067 2907 3115 tunc
2925 3057 3168 3112 Christus
3188 3057 3420 3118 Judzeos,
3450 3067 3501 3113 et
3530 3058 3769 3113 dicamus
3797 3076 3808 3111 :

2247 3154 2332 3207 Vw
2360 3152 2493 3207 vobis
2528 3152 2787 3215 divitibus,
2831 3152 2949 3219 quia
2988 3150 3177 3203 habetis
3207 3151 3476 3203 mercedem
3518 3161 3729 3203 vestram
3768 3161 3812 3203 et

2236 3247 2619 3300 consolationem
2670 3243 2831 3315 (Luc.
2863 3243 2912 3298 6.
2943 3242 3071 3314 24).
3103 3242 3191 3297 Sic
3213 3283 3227 3307 ,
3261 3256 3440 3313 rpnrso
3462 3284 3475 3305 ,
3507 3256 3605 3295 nos
3632 3242 3813 3311 lugere

2236 3354 2339 3391 non
2380 3338 2694 3391 desistamus
2732 3356 2745 3390 :
2780 3345 2831 3389 et
2862 3335 2959 3389 nisi
2991 3345 3141 3405 turpe
3172 3334 3271 3394 sit.
3307 3334 3615 3404 plangamus
3649 3348 3814 3401 super

2236 3430 2456 3484 fratrum
2489 3428 2784 3497 segnitiem.
2821 3426 2895 3481 Ne
2936 3428 3211 3496 lugeamus
3248 3424 3357 3494 iam
3396 3436 3685 3489 mortuum,
3717 3424 3811 3485 sed

2236 3532 2525 3589 raptorem,
2558 3534 2807 3582 avarum,
2841 3518 3179 3586 pecuniarum
3213 3525 3513 3580 amantem,
3540 3515 3813 3569 insatiabi-

2236 3612 2361 3665 lem.
2389 3608 2494 3663 Cur
2522 3619 2759 3663 mortuos
2788 3611 3041 3678 lugemus,
3079 3606 3223 3661 nullo
3249 3606 3454 3661 fructu?
3482 3606 3587 3661 llos
3626 3607 3812 3676 lugea-

2234 3717 2373 3766 mus,
2418 3702 2506 3772 qui
2550 3702 2737 3755 mutari
2774 3711 3014 3771 possunt.
3042 3698 3231 3753 Verum
3284 3699 3437 3753 nobis
3481 3698 3809 3765 lugentibus,

2236 3793 2331 3861 ipsi
2374 3792 2597 3846 fortasse
2638 3791 2830 3845 rident.
2875 3793 2943 3844 At
2989 3790 3089 3844 hoc
3126 3805 3337 3859 quoque
3381 3789 3522 3843 luctu
3558 3789 3811 3859 dignum,

2234 3885 2355 3954 quia
2380 3884 2552 3937 rident
2577 3884 2645 3936 de
2670 3882 2861 3951 quibus
2883 3881 3061 3950 lugere
3086 3890 3374 3948 oporteret.
3400 3880 3451 3934 Si
3480 3878 3601 3933 ﬂetu
3628 3890 3815 3933 nostro

2236 3983 2600 4033 moverentur.
2631 3970 2944 4025 cessandum
2985 3986 3011 4020 a
3051 3970 3194 4023 luctu
3236 3978 3412 4031 esset,
3445 3984 3565 4022 cum
3596 3969 3672 4022 illi
3698 3969 3812 4037 iam

2235 4064 2300 4117 ad
2342 4062 2764 4117 emendationem
2807 4068 3087 4129 pergerent
3137 4078 3149 4113 :
3190 4074 3375 4113 verum
3418 4058 3537 4128 quia
3578 4058 3651 4112 illi
3696 4059 3816 4114 sine

2235 4169 2393 4209 sensu
2424 4152 2597 4220 supini
2625 4152 2822 4220 iacent,
2854 4164 2951 4204 nos
2978 4148 3155 4202 ﬂendo
3185 4149 3563 4217 persistamns,
3593 4162 3698 4201 nou
3730 4146 3817 4201 di-

2235 4247 2370 4301 vites
2409 4255 2648 4305 tantum,
2686 4241 2778 4296 sed
2814 4241 2972 4295 etiam
3013 4240 3249 4308 pecunias
3290 4249 3567 4303 amantes,
3599 4254 3811 4293 avaros.

2235 4337 2349 4392 Non
2399 4335 2552 4388 malae
2594 4342 2717 4387 sunt
2755 4332 2972 4395 divitiae,
2997 4332 3192 4401 quippe
3216 4331 3409 4401 quibus
3436 4340 3491 4384 ut
3514 4345 3608 4400 par
3628 4340 3707 4386 est
3735 4332 3814 4385 uti

2239 4440 2519 4497 possumus
2564 4424 2615 4477 in
2662 4437 2948 4493 egenorum
2993 4436 3180 4485 usum;
3224 4422 3318 4477 sed
3359 4422 3585 4476 avaritia
3614 4424 3813 4477 malum

2236 4526 2351 4579 est,
2404 4529 2524 4583 qua:
2570 4524 2765 4568 attenta
2820 4512 2954 4580 parit
3003 4510 3281 4578 supplicia.
3330 4512 3623 4580 Lugeamus
3656 4528 3808 4581 ergo.

2235 4608 2396 4663 Forte
2418 4606 2659 4675 quaedam
2692 4614 2942 4673 sequetur
2964 4602 3287 4656 emendatio.
3318 4602 3372 4655 Si
3402 4603 3490 4670 qui
3523 4604 3575 4655 in
3606 4604 3706 4656 hoc
3733 4605 3817 4656 in-

2234 4700 2414 4754 cidere
2456 4698 2647 4750 malum
2683 4709 2785 4748 non
2826 4704 3095 4754 eruantur,
3130 4693 3218 4747 alii
3250 4691 3387 4745 forte
3414 4691 3512 4745 sibi
3541 4695 3817 4746 cavcbunt

2237 4807 2303 4845 ne
2333 4792 2383 4843 in
2414 4790 2639 4855 idipsum
2672 4787 2920 4841 incidant.
2956 4787 3107 4840 Faxit
3141 4786 3278 4840 Deus
3306 4796 3359 4838 ut
3386 4795 3440 4838 et
3469 4784 3596 4839 illia
3626 4787 3817 4841 morbo

2236 4881 2549 4943 liberentur,
2584 4887 2638 4931 et
2680 4891 2836 4931 nemo
2862 4886 3103 4929 nostrum
3141 4876 3191 4928 in
3234 4876 3379 4928 illum
3417 4873 3635 4942 incidat,
3673 4882 3731 4931 ut
3758 4876 3814 4931 in

2234 4970 2500 5026 communi
2530 4983 2714 5023 omnes
2742 4969 2999 5037 promissa
3026 4982 3417 5036 consequamur
3447 4967 3607 5031 bona,
3644 4969 3813 5036 gratia

2235 5076 2287 5117 et
2325 5062 2648 5131 benignitate
2676 5060 2879 5115 Domini
2915 5061 3075 5113 nostri
3105 5058 3229 5114 lesu
3259 5057 3482 5124 Christi,
3533 5060 3616 5114 cui
3646 5061 3816 5130 gloria

2235 5154 2288 5208 in
2320 5152 2513 5207 saecula
2545 5152 2880 5207 saeculorum.
2910 5150 3101 5204 Amen.

3437 5311 3810 5329 ῃ

1887 5374 2227 5439 HOMILIA
2270 5377 2461 5438 LXV.

576 5482 694 5538 CAP.
738 5480 827 5534 ll.
854 5494 907 5533 v.
940 5477 1025 5533 49.
1083 5474 1227 5533 Unus
1261 5486 1427 5530 autem
1465 5492 1527 5530 ea:
1566 5474 1669 5530 illis
1714 5474 1932 5545 Caipltas
1955 5519 1968 5542 ,
2015 5496 2127 5530 cum

634 5580 761 5626 esset
807 5568 1035 5639 pontifex
1078 5566 1201 5621 anni
1248 5566 1405 5629 illius,
1450 5567 1575 5621 dixit
1616 5567 1685 5621 eis
1731 5582 1750 5620 :
1802 5565 1900 5619 Vos
1934 5568 2128 5622 nescitis

635 5661 943 5730 quidquam,
969 5656 1055 5713 50.
1096 5674 1186 5711 nec
1231 5658 1459 5727 cogitatis
1494 5658 1611 5727 quia
1654 5659 1852 5728 expedit
1895 5658 2047 5723 vobis,
2076 5668 2130 5711 ut

641 5768 769 5805 unus
796 5752 1038 5804 moriatur
1063 5750 1211 5804 homo
1239 5766 1329 5818 pro
1354 5751 1571 5818 populo,
1601 5760 1705 5805 etc.

642 5844 693 5904 1.
734 5842 917 5911 lnﬁxw
940 5854 1053 5898 sunt
1077 5852 1243 5913 gentes
1269 5843 1318 5897 in
1346 5845 1540 5899 interitu
1562 5886 1575 5913 ,
1608 5862 1751 5915 quem
1778 5848 1998 5915 fecerunt
2031 5860 2047 5897 :
2080 5846 2127 5897 in

2242 5478 2415 5547 laqueo
2442 5479 2565 5541 isto,
2607 5493 2752 5546 quem
2777 5476 3167 5545 absconderunt,
3208 5481 3594 5548 comprehensus
3629 5492 3700 5536 est
3733 5500 3825 5550 pes

2233 5588 2403 5625 eorum
2435 5569 2601 5642 (Psal.
2635 5570 2687 5626 9.
2723 5570 2832 5640 16).
2876 5569 2986 5623 Hoc
3027 5568 3225 5624 ludaris
3254 5572 3491 5642 contigit.
3526 5573 3629 5642 Ipsi
3663 5588 3818 5627 natu-

2232 5677 2334 5733 qne
2371 5660 2650 5726 dicebant,
2680 5659 3031 5717 occidendum
3056 5675 3179 5715 esse
3206 5660 3420 5729 lesum,
3464 5680 3529 5717 ne
3574 5666 3817 5722 venirent

2234 5754 2477 5813 Romani.
2508 5764 2560 5808 ct
2596 5753 2845 5809 tollerent
2884 5754 3120 5822 ipsorum
3169 5762 3381 5823 gentem
3419 5764 3473 5809 ct
3516 5756 3816 5811 civitatem.

2235 5847 2515 5915 l‘ostquam
2559 5855 2737 5903 autem
2784 5845 3092 5903 occiderunt
3137 5861 3292 5913 eum,
3334 5844 3450 5903 haec
3478 5847 3615 5917 passi
3641 5856 3817 5907 sunt:
