4088 6514
335 469 433 524 3G!

333 592 391 636 et
419 582 560 650 quod
594 588 648 633 ut
675 577 971 648 effugerent
1002 575 1272 637 fecerant,
1306 574 1406 628 hoc
1431 575 1552 644 quia
1577 573 1747 628 fecere
1767 612 1779 635 ,
1814 587 1919 626 non

332 671 656 739 elTugerImt.
682 667 784 722 Sed
817 668 904 738 qui
933 667 1140 721 occisus
1165 665 1280 729 fuit,
1304 675 1384 718 est
1411 665 1461 718 in
1484 664 1664 728 caelis;
1706 661 1794 731 qui
1823 677 1888 715 au
1909 690 1922 699 —

333 774 442 815 tem
483 759 821 826 occiderunt,
862 760 1159 829 gehennam
1200 755 1371 810 sortiti
1401 765 1526 808 sunt
1559 772 1572 808 :
1600 754 1700 809 etsi
1731 753 1782 808 id
1815 767 1920 806 non

331 857 387 907 in
421 862 544 907 voto
570 851 864 915 baberent;
903 850 995 905 sed
1027 850 1186 919 quid?
1207 847 1472 902 Volebant
1492 889 1505 910 ,
1537 847 1743 916 inquit,
1772 861 1801 898 a
1832 845 1919 900 die

333 947 428 1000 illo
467 945 713 1001 occidere
747 943 940 1014 ipsum.
976 942 1229 996 Dicebant
1257 941 1420 1005 enim,
1443 939 1650 994 Veniant
1680 939 1918 1001 Romani,

331 1049 381 1091 et
407 1038 581 1091 tollent
612 1047 805 1106 gentem
835 1045 1078 1089 nostram.
1111 1032 1253 1088 Unus
1275 1041 1439 1085 autem
1460 1048 1523 1085 ea:
1548 1032 1649 1084 illis
1672 1029 1917 1098 Caipltas,

333 1145 452 1180 cum
484 1139 608 1180 esset
635 1128 859 1198 pontifex
884 1125 1004 1178 anni
1027 1125 1163 1177 illius
1185 1164 1198 1190 ,
1225 1123 1376 1185 dixit,
1405 1121 1616 1177 catteris
1644 1121 1922 1189 impuden-

333 1221 486 1274 tior:
526 1220 624 1274 Vos
665 1219 864 1272 nescitis
901 1219 1194 1288 quidquam.
1239 1215 1312 1270 Illi
1362 1230 1551 1285 nempe
1585 1214 1919 1278 dubitabant,

333 1322 394 1366 et
421 1311 760 1367 deliberando
791 1315 1178 1379 protiosnerant
1227 1309 1243 1375 (
1270 1307 1517 1360 dicebant
1560 1306 1700 1359 enim
1728 1346 1743 1370 ,
1787 1304 1923 1368 Quid

334 1401 555 1470 facimus
575 1400 638 1468 .’)
677 1400 760 1453 hic
793 1397 1143 1468 impudenter,
1175 1405 1356 1466 aperta
1385 1396 1576 1460 fronte,
1601 1405 1654 1449 et
1683 1395 1923 1462 petulan-

334 1499 421 1545 ter
439 1490 708 1545 clamavit.
738 1488 874 1555 Quid
915 1503 1040 1543 vero
1080 1487 1246 1541 dicit?
1282 1485 1379 1540 Vos
1401 1486 1599 1540 nescitis
1625 1485 1919 1555 quidquam,

333 1598 498 1652 neque
541 1582 774 1652 cogitatis
812 1581 930 1650 quia
970 1579 1170 1648 expedit
1219 1580 1375 1642 vobis,
1417 1590 1471 1630 ut
1512 1593 1642 1630 unus
1675 1577 1924 1629 moriatur

335 1673 488 1725 homo
508 1714 520 1732 ,
551 1682 595 1725 et
625 1689 687 1726 ne
715 1682 818 1724 tota
843 1687 964 1742 gens
993 1679 1183 1740 pereat.
1221 1671 1309 1725 51.
1353 1667 1464 1722 Hoc
1489 1679 1655 1721 autem
1686 1684 1715 1718 a
1740 1676 1922 1721 semet-

331 1763 448 1831 ipso
475 1779 574 1815 non
603 1763 730 1816 dixit
753 1803 766 1828 ,
798 1762 887 1816 scd
915 1778 1027 1815 cunt
1051 1771 1173 1815 esset
1200 1760 1429 1831 pontifex
1455 1760 1578 1813 anni
1608 1760 1768 1824 illius,
1798 1774 1920 1827 pro-

333 1853 580 1920 pltetavit.

413 1941 565 1994 Multi
606 1943 800 2012 indigni
840 1945 1012 2012 futura
1057 1943 1414 2010 prazdixerunt.
1439 1971 1510 1982 --
1534 1939 1697 1994 Vides
1725 1948 1921 2010 quanta

333 2033 404 2085 sit
439 2035 753 2101 pontiﬁcalis
783 2034 1048 2102 potestas?
1085 2033 1216 2101 Quia
1247 2033 1387 2088 enim
1415 2031 1776 2103 pontiﬁcatum
1804 2046 1924 2084 sor-

337 2125 466 2177 titus
493 2133 628 2190 erat,
676 2126 802 2179 licet
846 2125 1110 2194 indignus,
1163 2125 1516 2194 prophetarit,
1554 2121 1678 2191 quid
1721 2121 1927 2176 diceret

335 2215 590 2284 ignorans
620 2233 633 2270 ε
666 2218 830 2286 gratia
867 2217 983 2284 ejus
1021 2224 1221 2270 tantum
1249 2230 1342 2269 ore
1387 2229 1478 2269 usa
1521 2222 1622 2280 est,
1657 2215 1921 2283 impurum

337 2322 470 2361 vero
509 2321 601 2360 cor
639 2324 740 2360 non
786 2308 973 2375 tetigit.
1006 2306 1149 2360 Multi
1178 2320 1388 2376 quoque
1414 2305 1501 2358 alii
1535 2306 1704 2358 futura
1729 2303 1923 2374 prmdi-

343 2407 561 2464 xerunt,
605 2398 800 2469 indigni
833 2400 974 2464 licet,
1002 2398 1513 2456 Nabuchodonosor.
1554 2396 1787 2462 Pharao,
1821 2396 1892 2450 Ba

338 2489 479 2542 lnam
506 2530 519 2552 ,
567 2492 909 2559 omniutnque
935 2505 1092 2544 causa
1137 2490 1410 2543 manifesta
1448 2497 1550 2543 est.
1605 2488 1716 2542 Hoc
1747 2498 1922 2542 autem

338 2579 452 2632 vult
484 2579 572 2632 ille
602 2580 899 2647 signiﬁcare
931 2599 941 2632 :
979 2580 1085 2635 Vos
1112 2581 1328 2640 sedetis,
1375 2580 1550 2635 adhuc
1575 2582 1790 2650 segnius
1823 2580 1924 2636 hoc

279 2712 300 2718 -
338 2672 612 2739 negotium
639 2673 931 2735 attenditis,
965 2686 1062 2726 nec
1093 2671 1240 2725 scitis
1271 2671 1426 2726 unius
1451 2670 1679 2725 hominis
1700 2671 1923 2725 salutem

338 2773 438 2828 pro
466 2761 734 2814 communi
782 2762 1224 2816 contemnendam
1270 2777 1411 2817 esse.
1457 2761 1586 2816 Vide
1618 2773 1810 2831 quanta
1859 2763 1927 2815 sit

336 2852 511 2905 virtus
537 2851 762 2919 Spiritus
788 2871 799 2905 :
842 2868 905 2906 ex
936 2853 1172 2918 improba
1205 2862 1382 2906 mente
1411 2853 1666 2908 mirabilis
1691 2853 1925 2922 praphe-

340 2941 429 2993 tia.
462 2942 615 2994 verba
649 2945 819 3012 potuit
849 2945 1062 3000 elicere.
1088 2944 1250 2998 Filios
1280 2952 1456 2998 autem
1489 2944 1578 2999 Dei
1607 2956 1795 3014 gentes
1827 2962 1924 3013 ap-

342 3031 508 3100 pellat
552 3033 899 3101 evangelista,
943 3049 1006 3086 ex
1038 3049 1101 3087 eo
1140 3033 1280 3102 quod
1332 3033 1564 3086 futurum
1610 3044 1746 3099 erat,
1791 3036 1928 3089 sicut

339 3131 397 3176 et
425 3122 537 3190 ipse
577 3123 670 3187 ait,
703 3121 769 3176 Et
797 3124 925 3177 alias
960 3140 1072 3177 oves
1116 3124 1271 3177 habeo
1300 3124 1475 3193 (Joan.
1504 3124 1590 3179 10.
1623 3125 1708 3193 l6)
1731 3144 1744 3189 ;
1769 3128 1835 3179 ab
1860 3142 1926 3181 eo

340 3215 483 3282 quod
529 3213 759 3267 futurum
799 3224 913 3268 erat
950 3216 1025 3268 sic
1073 3231 1284 3269 vocans.
1319 3215 1454 3283 Quid
1485 3216 1582 3270 sibi
1615 3217 1720 3270 vult
1771 3218 1922 3286 illud,

341 3302 468 3357 Cum
509 3314 632 3358 esset
660 3307 888 3375 pontifex
913 3309 1035 3360 anni
1071 3308 1256 3361 illius?
1282 3307 1414 3362 Cum
1456 3309 1574 3364 aliis
1605 3309 1689 3364 hic
1718 3325 1926 3379 quoque

343 3410 462 3449 mos
490 3408 773 3465 corruptus
800 3406 932 3452 erat.
961 3397 1075 3452 Non
1104 3399 1243 3453 enim
1273 3399 1407 3451 ultra
1441 3408 1551 3453 toto
1581 3399 1700 3453 vita:
1725 3409 1927 3469 tempo-

342 3502 424 3549 re,
452 3487 544 3541 sed
573 3503 713 3541 anno
735 3503 840 3542 uno
867 3489 1217 3543 sacerdotium
1244 3490 1518 3559 gerebant,
1549 3506 1616 3546 ex
1635 3506 1740 3560 quo
1768 3507 1927 3546 vena-

341 3578 422 3632 les
463 3577 585 3631 facti
634 3588 786 3633 erant
834 3579 1178 3648 principatus.
1221 3583 1467 3636 Attamen
1516 3582 1598 3636 vel
1641 3583 1719 3637 sic
1753 3584 1928 3639 adlmc

339 3670 527 3724 aderat
560 3671 808 3740 Spiritus.
841 3672 1124 3743 Postquam
1152 3683 1328 3728 autem
1360 3675 1411 3728 in
1440 3673 1710 3730 Christum
1738 3692 1926 3732 manus

340 3763 689 3826 sustulerunt,
712 3773 834 3818 tunc
855 3765 971 3819 illos
1002 3765 1232 3835 reliquit,
1266 3775 1319 3820 et
1346 3766 1411 3820 ad
1439 3767 1708 3836 apostolos
1743 3779 1923 3822 trans-

342 3852 481 3905 latus
533 3861 636 3906 est.
684 3853 747 3906 Et
786 3853 888 3907 hoc
931 3855 1102 3908 velum
1148 3857 1369 3910 sc?sstnn
1404 3858 1657 3922 ostendit,
1694 3874 1790 3914 nec
1820 3874 1924 3914 non

342 3941 684 4008 Christi-,vox
738 3943 963 4000 dicentis
998 3963 1010 3998 :
1061 3945 1190 3999 Ecce
1233 3947 1509 3999 dimittetur
1547 3949 1724 4001 domus
1764 3959 1926 4002 vestra

343 4011 779 4095 deserta‘(.-ilattl..
817 4033 908 4088 23.
935 4035 1045 4102 58).
1094 4035 1158 4088 Et
1201 4035 1465 4105 .loscphus
1491 4038 1575 4105 qui
1612 4038 1767 4106 paulo
1809 4049 1925 4106 post

343 4123 459 4186 fuit,
483 4123 614 4176 dixit
639 4126 891 4192 quasdam
915 4127 1152 4195 angelos,
1186 4128 1275 4196 qui
1305 4127 1442 4195 apud
1473 4128 1589 4182 illos
1617 4130 1923 4196 manebant,

344 4228 401 4266 se
451 4215 571 4267 inde
614 4215 931 4285 migraturos
957 4233 1080 4273 esse
1118 4218 1495 4288 signiﬁcavisse
1526 4217 1622 4293 (η),
1658 4221 1756 4274 nisi
1787 4225 1924 4276 resi-

346 4305 629 4372 piscerent.
660 4308 917 4373 Quamdiu
965 4311 1106 4364 enim
1149 4312 1298 4365 vinea
1347 4312 1594 4378 perstitit,
1642 4327 1736 4380 pro
1777 4328 1924 4368 more

342 4400 518 4450 omnia
558 4398 690 4454 facta
738 4411 887 4466 sunt;
946 4403 1032 4455 ubi
1078 4411 1251 4457 autem
1301 4401 1551 4457 heredem
1593 4403 1918 4470 occiderunt,

343 4503 447 4542 non
478 4489 624 4552 item,
665 4491 756 4544 sed
812 4493 1085 4560 perierunt
1117 4511 1130 4546 :
1161 4504 1214 4547 et
1248 4494 1398 4562 quasi
1446 4493 1776 4562 splendidam
1834 4511 1922 4549 ve-

341 4589 477 4634 stem
521 4580 590 4633 ab
633 4581 836 4648 ingrato
886 4581 1032 4646 ﬁlio,
1079 4599 1108 4635 a
1159 4582 1349 4638 ludmis
1394 4584 1630 4650 scilicet,
1673 4584 1920 4640 auferens

343 4671 500 4734 Deus,
532 4672 712 4739 probis
741 4673 882 4726 illam
914 4675 1084 4727 servis
1131 4675 1296 4740 dedit,
1349 4690 1412 4729 ex
1460 4676 1749 4746 gentilibus
1785 4692 1914 4730 cou-

338 4765 530 4829 versis,
576 4774 631 4818 et
659 4766 900 4820 desertos
945 4767 1064 4820 illos
1097 4768 1372 4838 nudosque
1419 4769 1652 4838 reliquit.
1683 4769 1791 4822 Nec
1823 4784 1908 4838 pa-

338 4871 454 4908 rum
486 4853 579 4907 fuit
629 4855 769 4923 quod
818 4857 1062 4911 inimicus
1100 4857 1212 4912 bzrc
1242 4858 1604 4928 prophetaret.
1638 4860 1748 4912 lloe
1775 4863 1914 4914 enim

337 4943 472 4997 alios
498 4957 710 5013 quoque
737 4945 951 4999 allicere
984 4954 1208 5014 poterat.
1258 4947 1385 5001 Nam
1420 4959 1605 5002 contra
1636 4965 1794 5017 quam
1829 4951 1914 5005 ille

337 5033 551 5088 volebat
579 5035 775 5090 evenit.
807 5037 939 5100 Quia
971 5038 1110 5091 enim
1157 5047 1398 5092 mortuus
1436 5048 1538 5099 est.
1587 5040 1708 5094 ideo
1752 5056 1780 5094 a
1833 5041 1914 5095 fu-

337 5136 456 5180 turo
500 5126 760 5194 supplicio
788 5127 993 5181 liberati
1028 5128 1212 5183 ﬁdeles
1239 5137 1379 5183 sunt.
1405 5129 1540 5197 Quid
1579 5131 1678 5184 sibi
1709 5133 1819 5184 vult
1851 5133 1914 5185 il-

335 5217 440 5278 tud,
471 5217 559 5273 52.
597 5216 665 5271 Ut
693 5228 1013 5288 congregaret
1041 5237 1126 5274 eos
1152 5223 1237 5290 qui
1266 5237 1440 5290 ιιι-ονε,
1482 5231 1526 5275 et
1556 5239 1640 5276 eos
1676 5225 1760 5292 qui
1792 5240 1914 5285 pro-

331 5309 414 5362 ται
439 5308 592 5362 sunt?
616 5307 784 5363 Unum
807 5324 1000 5379 corpus
1027 5311 1272 5366 reddidit.
1299 5313 1396 5376 Qui
1427 5313 1608 5366 Romae
1630 5323 1730 5379 est,
1761 5313 1915 5370 Indos

332 5407 482 5466 putat
513 5397 807 5452 membrum
835 5415 990 5454 suum
1023 5415 1161 5457 esse.
1186 5402 1321 5470 Quid
1355 5403 1475 5457 huic
1513 5408 1911 5475 Cougregationi

332 5486 836 5558 par?0mniumque
862 5501 1112 5559 caputest
1137 5492 1400 5546 Christus.
1423 5495 1509 5549 55.
1534 5496 1707 5550 Abillo
1732 5498 1812 5549 die
1830 5515 1912 5551 co-

329 5580 614 5648 gitaverunt
631 5578 800 5632 Juda'i
825 5590 880 5633 ut
895 5582 1226 5643 interﬁcerent
1243 5601 1377 5637 eum.
1399 5587 1433 5637 Α
1446 5594 1562 5638 utea
1581 5588 1908 5654 qua-rebant;

392 5688 470 5760 (αλ
497 5687 738 5760 .tosepltns
761 5689 793 5736 l.
831 5691 879 5740 6.
904 5690 983 5740 31.
1013 5692 1229 5760 debello
1249 5694 1441 5760 Judaieo
1466 5734 1477 5753 ,
1506 5695 1636 5760 inter
1657 5695 1750 5746 alia
1772 5701 1910 5760 signa

326 5748 472 5813 futuri
498 5748 901 5813 Jerosolytnorum
923 5753 1097 5801 excidii
1119 5755 1206 5802 boc
1231 5758 1382 5804 refert
1410 5770 1420 5805 :
1448 5748 1627 5806 beinde
1650 5748 1911 5809 vocem're;

343 5811 572 5882 remittunt
593 5811 808 5882 auditam
831 5813 976 5882 fuisse
1000 5813 1274 5882 dicentium,
1304 5818 1422 5866 Hinc
1440 5817 1695 5881 migremtts
1720 5834 1737 5869 :
1760 5835 1906 5882 quem

341 5885 484 5920 UC'lm
511 5871 586 5921 hic
612 5880 726 5934 puto
750 5871 997 5935 respicere
1017 5871 1421 5937 Cbrysostotnutn.

1391 461 1455 517 IN
1493 459 1806 518 JOANNEM
1851 457 2075 513 llOMlL
2123 455 2283 512 LXV.
2323 456 2391 512 aI.
2437 455 2618 511 ωιιγ.

3515 453 3622 508 362

2027 571 2153 622 tlit-it
2182 571 2348 633 enim,
2378 569 2502 624 Ideo
2529 570 2813 639 quatrcbaut
2836 585 2945 619 eum
2987 567 3161 620 Jttdtvt'
3188 569 3468 635 inter/itere
3493 584 3511 631 ;
3543 582 3616 634 et,

2031 660 2168 723 Quid
2210 677 2287 713 me
2329 661 2553 727 qureritis
2605 661 2888 728 interﬁcere
2925 658 3102 727 (Joan.
3136 660 3190 714 5.
3225 660 3292 714 i8
3337 670 3382 712 et
3401 660 3450 712 7.
3480 659 3621 729 20)?

2026 751 2128 804 Sed
2163 760 2288 805 tunc
2316 753 2648 820 quaerebant,
2675 767 2814 805 nune
2838 761 3014 804 autem
3045 750 3094 804 id
3117 759 3438 812 statuerttnt,
3464 759 3518 805 et
3544 752 3618 805 rei

2027 858 2241 895 manum
2269 841 2643 897 admoverunt.
2675 843 2762 897 54.
2807 842 2960 896 Jesus
2990 852 3157 897 autem
3180 844 3293 911 jam
3325 859 3424 895 non
3449 843 3621 911 palam

2024 932 2313 1000 ambulabat
2343 933 2395 986 iu
2421 932 2626 986 Juda'a.
2657 933 2861 986 Rursus
2892 932 3123 986 humano
3152 947 3301 987 more
3326 933 3480 988 saluti
3509 946 3621 987 sure

2024 1031 2198 1087 cavet,
2224 1037 2284 1075 ac
2315 1023 2617 1092 frequenter
2645 1023 2744 1076 hoc
2775 1024 2916 1076 facit.

2095 1113 2146 1167 2.
2181 1114 2409 1168 Christus
2437 1115 2659 1167 humano
2686 1131 2822 1167 more
2842 1114 2990 1184 fugit.
3012 1145 3084 1155 —-
3104 1115 3219 1170 Jam
3247 1131 3461 1170 causam
3487 1117 3616 1182 dixi,

2025 1219 2120 1257 cur
2153 1203 2460 1272 frequenter
2489 1204 2700 1266 abierit,
2731 1213 2784 1259 ct
2813 1207 3114 1260 secesserit.
3149 1206 3298 1260 Nunc
3327 1222 3491 1277 ιιι-ονε
3523 1209 3619 1263 de-

2027 1307 2227 1350 sertum
2263 1297 2460 1350 habitat
2489 1296 2540 1350 in
2573 1295 2828 1364 Epltrata,
2859 1306 2911 1350 et
2939 1297 3006 1351 ibi
3033 1300 3283 1354 manebat
3313 1316 3435 1356 cum
3463 1300 3620 1356 disci-

2029 1388 2165 1456 pttlis
2192 1389 2323 1442 suis.
2351 1387 2618 1455 Quantum
2647 1399 2801 1456 putas
2845 1390 3085 1446 turbatos
3126 1392 3287 1446 fuisse
3329 1393 3624 1463 discipulos

2027 1478 2268 1533 videntes
2298 1479 2471 1548 ipsum
2516 1480 2751 1534 humano
2797 1497 2943 1535 more
2970 1483 3126 1535 saluti
3158 1499 3269 1538 sum
3299 1487 3622 1552 providi-re?

2028 1566 2196 1621 Nemo
2227 1568 2334 1638 jam
2368 1579 2622 1640 sequutus
2654 1579 2754 1626 est.
2798 1571 2927 1624 Nam
2963 1587 3084 1626 cum
3135 1589 3302 1643 prope
3341 1587 3483 1629 esset
3507 1578 3621 1631 dies

2030 1656 2216 1722 festus,
2245 1674 2432 1713 omnes
2479 1660 2869 1732 Jerosolymam
2911 1663 3295 1730 accurrebant;
3342 1665 3439 1736 ipsi
3470 1683 3616 1733 vero,

2027 1763 2146 1803 cum
2175 1751 2468 1820 gauderent
2514 1768 2702 1807 omnes
2738 1763 2789 1808 et
2820 1754 3010 1809 festum
3052 1765 3294 1833 agerent,
3327 1767 3454 1814 tunc
3491 1761 3620 1815 late-

2029 1837 2172 1902 bant,
2209 1849 2333 1895 tunc
2375 1841 2427 1894 in
2478 1843 2727 1912 periculis
2773 1855 2957 1910 erant;
3005 1855 3238 1902 attamen
3291 1852 3618 1919 perstabant.

2028 1930 2184 1986 Certe
2231 1949 2353 1988 cum
2386 1935 2588 1989 Pascha
2630 1945 2683 1990 et
2727 1937 3053 2008 ScenOpcgia
3085 1941 3510 2006 celebrarentur,
3545 1945 3617 1997 illi

2030 2022 2080 2075 in
2107 2021 2322 2077 Galilzea
2354 2026 2605 2080 latebant.
2638 2027 2868 2082 Rursum
2898 2039 3080 2100 postea
3113 2033 3165 2086 in
3188 2032 3276 2088 die
3312 2034 3470 2096 festo,
3491 2035 3618 2089 dum

2028 2114 2125 2168 soli
2155 2129 2275 2169 cum
2302 2115 2554 2186 Magistro
2591 2118 2835 2190 fugerent
2865 2130 2918 2175 et
2950 2122 3197 2189 laterent,
3227 2140 3379 2180 suam
3407 2143 3528 2199 erga
3553 2131 3617 2181 il-

2030 2204 2136 2258 lum
2180 2205 2603 2262 benevolentiam
2650 2211 3024 2268 ostendebant.
3072 2214 3208 2270 Hinc
3252 2215 3422 2272 Lucas
3465 2219 3613 2273 illmn

2029 2287 2230 2351 dixisse
2256 2297 2330 2350 ait
2359 2315 2373 2352 :
2405 2298 2513 2368 Ego
2552 2303 2859 2367 perseveravi
2886 2304 3138 2358 vobiscum
3168 2307 3220 2360 in
3266 2311 3622 2366 tentationibus

2034 2386 2181 2457 (an.
2209 2386 2297 2440 22.
2325 2387 2445 2458 28).
2479 2391 2602 2444 Haec
2633 2407 2789 2461 porro
2815 2395 3026 2450 dicebat
3052 2407 3111 2452 ut
3138 2401 3466 2468 ostenderet,
3504 2405 3621 2456 illus

2027 2482 2196 2549 gratia
2224 2496 2317 2535 sua
2347 2483 2609 2538 roborari.
2658 2486 2747 2542 55.
2780 2486 2934 2541 Multi
2960 2490 3093 2543 enim
3121 2491 3184 2544 de
3219 2494 3425 2563 regione
3448 2512 3621 2550 ascen-

2028 2572 2228 2635 derunt,
2257 2582 2310 2626 ut
2337 2575 2713 2642 sancti/icarent
2741 2579 2950 2649 seipsos.
2996 2581 3086 2635 57.
3119 2582 3186 2635 Et
3215 2585 3460 2640 dederant
3497 2605 3622 2655 pon~

2030 2662 2187 2729 ti/ices
2233 2673 2280 2716 et
2326 2663 2582 2720 Pltariswi
2620 2668 2882 2736 mandata,
2929 2680 2983 2724 ut
3008 2673 3443 2741 apprehenderent
3485 2693 3620 2730 cum.

2031 2752 2158 2806 Mira
2197 2755 2545 2811 sanctiﬁcatio
2588 2772 2709 2812 cum
2755 2762 3094 2830 sanguinaria
3143 2766 3450 2830 voluntate.
3499 2784 3620 2824 cum

2029 2847 2322 2902 cruentatis
2368 2848 2635 2904 manibus.
2679 2851 2772 2906 56.
2819 2850 2886 2905 Et
2931 2853 3162 2909 dicebant
3203 2873 3224 2912 ,ο
3260 2857 3460 2913 Putatis
3504 2864 3623 2928 quia

2031 2953 2129 2991 non
2153 2939 2309 2992 vmtiet
2328 2941 2396 2993 ad
2421 2941 2556 2994 diem
2587 2942 2813 3010 festum?
2843 2945 2898 2999 In
2943 2946 3204 3005 Paschate
3234 2949 3623 3007 insidiabantur

2031 3028 2143 3092 illi,
2190 3037 2506 3101 tempusque
2545 3032 2902 3089 solemnitatis
2959 3045 3168 3107 tempus
3217 3040 3381 3096 cardis
3435 3044 3624 3098 redde-

2031 3117 2187 3182 bant;
2219 3119 2269 3172 id
2299 3129 2382 3173 est
2417 3138 2431 3176 :
2465 3121 2579 3176 Huc
2613 3124 2759 3178 illum
2794 3125 3034 3182 incidere
3064 3141 3296 3198 oportet,
3329 3132 3624 3189 advocanto

2031 3208 2187 3264 festo.
2216 3209 2261 3265 0
2301 3210 2629 3281 impietatem
2654 3214 2667 3267 l
2697 3212 2829 3269 Cum
2862 3217 3065 3286 majore
3091 3235 3226 3288 opus
3248 3231 3364 3275 erat
3405 3223 3618 3290 pietate,

2029 3312 2083 3356 et
2108 3318 2230 3357 cum
2260 3305 2514 3358 extremis
2539 3304 2757 3360 obnoxii
2788 3309 3102 3376 sceleribus,
3130 3312 3281 3366 liberi
3307 3315 3626 3370 emitteban-

2032 3405 2136 3465 tur,
2172 3409 2296 3455 tunc
2338 3402 2611 3456 innoxium
2643 3403 3104 3474 comprehendere
3150 3418 3430 3465 conantur.
3465 3413 3624 3483 Atqui

2029 3505 2147 3545 cum
2165 3493 2276 3562 jam
2303 3494 2430 3549 illud
2459 3504 2777 3563 tentassent,
2801 3512 2905 3552 non
2934 3499 3094 3554 modo
3112 3501 3242 3556 nihil
3263 3501 3618 3572 perfecerant.

2029 3582 2122 3636 sed
2153 3586 2310 3638 etiam
2342 3587 2548 3640 ridiculi
2584 3597 2962 3658 apparuerant.
2996 3590 3120 3646 Ideo
3147 3593 3462 3664 frequenter
3490 3599 3622 3659 inei-

2029 3673 2184 3728 ditet
2226 3677 2422 3736 evadit.
2470 3687 2524 3731 et
2561 3681 2840 3748 cupientes
2881 3696 2941 3736 se
2985 3683 3287 3741 interﬁcere
3327 3688 3541 3754 retinet.
3569 3701 3624 3748 et

2029 3761 2232 3818 dubios-
2257 3766 2528 3836 relinquit,
2560 3777 2616 3822 ut
2647 3771 2896 3825 virtutem
2932 3788 3080 3827 suam
3110 3774 3530 3834 demonstrando
3557 3781 3624 3836 il-

2031 3852 2111 3906 los
2137 3854 2201 3906 ad
2233 3860 2698 3926 compunetionem
2744 3860 3004 3929 deducat;
3033 3874 3086 3918 et
3127 3876 3182 3920 ut
3227 3877 3503 3939 postquam
3535 3887 3624 3926 ca-

2031 3954 2150 4012 ptus
2174 3947 2349 4013 fuerit,
2381 3949 2570 4014 sciant,
2603 3965 2708 4004 non
2737 3953 2783 4004 vi
2817 3968 2934 4020 sua,
2963 3954 3054 4009 sed
3081 3956 3247 4026 ipsius
3274 3961 3624 4020 concessione

2030 4034 2080 4088 id
2112 4037 2392 4093 accidisse.
2427 4039 2608 4110 Neque
2637 4042 2779 4096 enim
2812 4052 2938 4098 tunc
2966 4054 3252 4114 potuerunt
3293 4049 3439 4105 illum
3470 4067 3624 4107 com-

2031 4127 2386 4196 prehendere,
2438 4134 2535 4186 etsi
2582 4136 2876 4205 propinqua
2917 4136 3171 4194 Bethania
3200 4151 3343 4197 esset
3377 4155 3470 4200 :et
3499 4161 3621 4202 cum

2027 4220 2578 4288 comprehendissrnt,
2607 4227 2826 4292 supinos
2848 4227 2966 4282 illos
2999 4233 3301 4297 prostravit.
3350 4237 3498 4306 (Cap.
3536 4240 3620 4308 l2)

2030 4310 2080 4363 1.
2115 4313 2244 4364 Aule
2271 4329 2358 4365 sca:
2389 4315 2495 4366 dies
2527 4313 2741 4378 Pascha:
2771 4320 2899 4373 venit
2927 4321 3081 4376 Iesus
3105 4324 3158 4378 in
3186 4323 3508 4396 Betltauiam,
3538 4334 3622 4386 ubi

2027 4403 2193 4469 fuerat
2225 4401 2451 4458 Lazarus
2479 4417 2703 4462 mortuus
2726 4427 2743 4462 :
2766 4409 2820 4462 2.
2847 4420 2893 4464 et
2917 4415 3255 4470 manducabat
3284 4422 3424 4488 apud
3444 4439 3549 4486 eos;
3571 4437 3619 4479 et

2028 4490 2234 4548 Mart/ta
2256 4497 2592 4564 ministrabat,
2627 4499 2762 4554 Laza
2774 4519 2957 4574 rusque
2982 4507 3339 4566 manducabat.
3385 4513 3494 4568 Hoc
3522 4532 3618 4571 ve-

2026 4599 2099 4638 rte
2130 4590 2538 4645 resurrectionis
2559 4594 2767 4662 signum
2800 4607 2932 4662 erat,
2967 4600 3108 4668 quod
3138 4613 3256 4671 post
3285 4607 3478 4662 multos
3503 4609 3619 4667 dies

2025 4685 2080 4731 et
2110 4679 2308 4734 viveret
2338 4689 2392 4734 et
2433 4683 2798 4739 manducaret.
2829 4686 2980 4744 Unde
3011 4691 3183 4760 palam
3225 4704 3306 4749 est
3337 4699 3616 4765 prandium

2025 4769 2076 4821 in
2108 4768 2222 4836 ejus
2249 4770 2408 4826 domo
2437 4771 2597 4828 fuisse
2637 4791 2650 4803 ·
2685 4791 2804 4830 nam
2834 4788 2890 4830 ut
2926 4781 3081 4834 amici
3115 4789 3169 4836 et
3204 4783 3385 4840 dilecti
3431 4788 3613 4848 Jesmn

2023 4861 2314 4929 excipiunt.
2341 4863 2566 4930 Quidam
2597 4877 2770 4920 tamen
2799 4870 2982 4924 dicunt
3031 4871 3081 4926 id
3123 4873 3174 4926 in
3216 4877 3316 4932 alia
3339 4880 3499 4936 domo
3526 4901 3618 4954 ge-

2023 4962 2164 5008 stum
2195 4954 2379 5010 fuisse.
2410 4956 2571 5011 Maria
2601 4969 2776 5014 autem
2810 4976 2915 5016 non
2945 4964 3323 5024 ministrabat:
3353 4972 3615 5045 discipula

2022 5045 2162 5098 enim
2193 5058 2324 5098 erat.
2374 5048 2578 5102 Rursus
2606 5049 2697 5104 hic
2741 5053 2911 5121 major
2939 5054 3091 5112 adest
3131 5058 3206 5114 illi
3237 5059 3466 5130 Spiritus
3493 5083 3617 5134 gra-

2025 5136 2116 5188 tia.
2157 5136 2269 5190 Non
2323 5140 2661 5195 ministrabat
2701 5143 2844 5196 enim
2893 5155 3161 5218 tamquam
3204 5166 3408 5222 vocata,
3441 5173 3615 5229 neque

2021 5230 2292 5284 communi
2340 5230 2680 5288 incumbebat
2722 5235 3046 5304 ministerio;
3109 5245 3201 5298 sed
3261 5245 3474 5303 CbriSto
3515 5255 3613 5308 soli

2023 5320 2276 5377 honorem
2301 5323 2472 5378 defert
2499 5343 2512 5378 :
2542 5342 2716 5396 neque
2747 5337 2804 5382 ut
2829 5329 3049 5396 homini,
3088 5336 3180 5389 sed
3205 5345 3262 5391 ιιι
3292 5339 3397 5394 Deo
3419 5343 3615 5401 adstat.

2021 5413 2359 5483 Unguentum
2387 5418 2528 5471 enim
2563 5418 2686 5474 ideo
2712 5420 2919 5487 eﬂ'udit,
2953 5435 3005 5478 et
3037 5427 3243 5495 Capillis
3281 5432 3470 5500 capitis
3493 5436 3614 5492 abs-

2021 5506 2193 5571 tersit,
2223 5507 2363 5576 quod
2403 5508 2613 5578 signum
2659 5521 2776 5566 erat
2813 5513 2957 5568 illam
2987 5517 3052 5571 de
3081 5517 3296 5576 Christo
3329 5541 3431 5580 non
3463 5543 3579 5581 eam

2017 5596 2138 5649 dem
2191 5612 2347 5667 quam
2398 5599 2490 5654 alii
2537 5600 2845 5670 opinionem
2899 5606 3113 5665 habere.
3166 5611 3270 5668 Sed
3317 5615 3610 5686 increpavit

2016 5686 2180 5741 Judas
2234 5689 2482 5756 pietatem
2530 5692 2809 5749 simulans.
2861 5698 3000 5763 Quid
3039 5717 3168 5771 ergo
3217 5703 3509 5764 Christus?
3556 5714 3600 5766 7.

2017 5780 2212 5834 Bonum
2240 5800 2366 5853 opus
2390 5795 2600 5854 operata
2632 5799 2706 5841 est
2746 5789 2798 5842 in
2829 5791 3140 5860 sepulturam
3169 5813 3352 5851 meant.
3388 5800 3493 5854 Cur
3519 5804 3607 5856 di-

2017 5876 2277 5943 scipulum
2300 5877 2438 5931 circa
2461 5879 2735 5936 mulierem
2761 5897 2865 5936 non
2891 5885 3250 5954 reprehendit,
3276 5904 3448 5960 neque
3474 5890 3607 5951 dixit
