4088 6532
562 463 664 517 563

565 588 612 633 ut
637 576 974 648 evangelista,
1008 577 1175 645 ipsum
1216 575 1338 629 furti
1386 574 1613 630 faciendi
1652 592 1810 631 causa
1842 577 2119 632 mulierem

561 668 900 739 increpasse?
927 667 1178 722 Patientia
1206 681 1299 720 sua
1327 667 1494 720 voluit
1520 683 1639 721 eum
1672 667 1722 721 in
1758 668 2008 735 pudorem
2038 669 2123 722 de-

555 760 771 815 ducere.
822 758 971 827 Quod
1015 767 1191 812 autem
1238 768 1417 814 nosset
1464 760 1607 813 illum
1649 774 1765 814 esse
1796 759 2119 828 proditorem

556 863 717 922 patet,
743 853 882 923 quod
925 852 1032 923 jam
1077 854 1223 908 illum
1254 868 1395 924 smpe
1422 855 1769 925 redarguerit,
1806 865 1861 909 ut
1888 871 2005 909 eum
2037 855 2121 909 di-

555 942 648 1005 xit,
671 941 783 997 Non
805 958 991 997 omnes
1016 944 1233 998 credunt
1257 943 1431 1014 (Joan.
1452 944 1502 997 ϐ.
1522 943 1643 1012 65);
1667 943 1892 1007 ct,Umts
1909 962 1970 1000 ea:
1986 945 2119 999 vobis

552 1031 779 1087 diabolus
806 1043 878 1087 est
899 1032 1061 1102 (Ibid.
1080 1050 1126 1087 υ.
1148 1035 1204 1087 7i
1221 1038 1259 1102 ).
1286 1035 1534 1088 lndicavit
1556 1050 1681 1103 ergo
1706 1050 1763 1088 se
1788 1051 1943 1090 nosse
1972 1035 2117 1089 illum

551 1138 671 1179 esse
703 1126 1045 1193 proditorem,
1094 1141 1197 1180 non
1240 1141 1365 1179 vero
1392 1136 1573 1195 aperte
1600 1127 1886 1198 redarguit,
1916 1128 2006 1182 sed
2037 1127 2119 1180 in-

549 1213 730 1273 dnlsit.
773 1216 912 1285 quod
956 1214 1111 1270 vellet
1149 1231 1271 1271 eum
1310 1218 1652 1285 a'proposito
1702 1232 1968 1273 revocare.
2008 1217 2117 1272 Cur

549 1322 677 1375 ergo
702 1306 833 1360 alius
872 1305 1027 1373 dixit,
1069 1320 1255 1361 omnes
1289 1307 1574 1375 discipulos
1604 1308 1679 1363 sic
1725 1309 1966 1379 loquutos
1996 1323 2114 1364 esse

550 1397 756 1464 (Matth.
788 1396 875 1451 26.
909 1396 1005 1467 8)?
1048 1396 1112 1452 Et
1152 1410 1359 1461 omnes,
1399 1408 1453 1452 et
1497 1399 1620 1464 ille;
1651 1399 1744 1454 sed
1788 1400 1976 1469 reliqui
2007 1416 2110 1455 nou

546 1488 730 1543 eodem
758 1490 954 1542 animo.

617 1577 717 1633 Cur
743 1578 968 1633 Christus
991 1580 1095 1647 furi
1113 1580 1303 1636 loculos
1327 1582 1647 1636 commiserit.
1668 1613 1740 1623 —
1755 1582 1904 1650 Quod
1928 1583 1968 1636 si
1993 1583 2111 1653 quis

543 1680 765 1739 quaerat,
810 1686 905 1724 cur
953 1670 1049 1724 furi
1092 1673 1291 1727 loculos
1341 1687 1627 1740 pauperum
1667 1674 2007 1738 commiserit,
2037 1685 2111 1758 ‘et

542 1775 757 1814 avarum
786 1762 1202 1829 dispensatorem
1247 1762 1461 1826 fecerit,
1503 1762 1960 1831 respondebimus,
1997 1779 2107 1817 rem

540 1866 785 1905 arcanam
817 1867 977 1905 unum
1026 1866 1185 1907 nosse
1230 1852 1422 1915 Deum;
1459 1852 1597 1921 quod
1636 1853 1681 1907 si
1727 1854 1994 1923 quidpiam
2039 1855 2106 1910 sit

538 1941 885 2010 conjectaudo
923 1942 1205 1997 dicendum
1236 1959 1248 1995 :
1290 1951 1348 1997 ut
1375 1959 1587 1999 omnem
1621 1947 1854 2000 auferret
1882 1962 2106 2001 excusa-

538 2035 695 2088 tionis
721 2050 951 2088 eansam.
986 2034 1099 2089 Non
1132 2037 1273 2090 enim
1303 2035 1483 2091 dicere
1524 2045 1732 2105 poterat
1764 2053 1821 2092 se
1849 2054 1911 2092 ex
1940 2054 2072 2108 pecu
2091 2069 2105 2079 -

538 2126 739 2179 uiarum
771 2141 952 2180 amore
998 2126 1048 2181 id
1100 2127 1307 2192 fecisse,
1344 2143 1462 2181 cum
1494 2139 1673 2197 posset
1698 2130 1966 2198 cupiditati
1997 2147 2105 2186 suae

534 2232 597 2271 ex
630 2216 817 2272 loculis
844 2216 1016 2272 facere
1045 2219 1190 2281 satis,
1217 2218 1309 2273 sed
1340 2233 1402 2273 ex
1431 2221 1628 2290 ingenti
1663 2222 1913 2290 nequitia,
1944 2238 2101 2290 quam

536 2308 745 2361 volebat
791 2308 1031 2363 Christus
1076 2308 1327 2363 cohibere
1356 2351 1370 2371 ,
1418 2310 1737 2380 indulgentia
1779 2327 1902 2382 erga
1958 2314 2100 2367 illum

532 2399 695 2451 nmlta
723 2414 866 2451 usus.
897 2397 1247 2465 Quamobrem
1273 2401 1289 2432 ¹
1319 2401 1462 2454 illmn
1502 2400 1759 2455 furantem
1787 2419 1889 2455 non
1919 2419 2104 2471 argue-

535 2489 641 2554 bat,
671 2492 766 2544 etsi
798 2508 898 2543 non
932 2493 1158 2553 nescius,
1197 2492 1311 2559 ejus
1342 2494 1531 2546 malam
1572 2494 1854 2549 obstructis
1899 2496 2100 2565 cupidi-

532 2588 711 2641 tatem,
742 2590 793 2633 et
826 2596 1033 2635 onmem
1065 2581 1313 2638 auferens
1361 2586 1776 2639 excusationem.
1829 2587 1992 2639 Sinite
2033 2588 2098 2639 il-

531 2673 649 2733 lam,
680 2672 876 2738 inquit;
905 2674 955 2725 in
993 2675 1121 2725 diem
1150 2673 1422 2741 sepultura:
1460 2691 1581 2728 mete
1611 2676 1701 2728 ltoc
1739 2677 1855 2745 fecit
1899 2676 2100 2731 Rursus

532 2763 852 2831 proditorem
899 2763 1166 2824 admonet,
1214 2781 1331 2817 cum
1380 2765 1667 2833 sepultura:
1700 2767 1957 2820 meminit.
1993 2767 2099 2821 Sed

532 2869 635 2905 non
666 2854 878 2907 incessit
907 2854 1050 2906 illum
1085 2856 1323 2919 monitio,
1356 2871 1523 2925 neque
1556 2856 1655 2910 hoc
1678 2859 1894 2911 verbum
1929 2859 2093 2912 emol-

532 2943 637 2995 livit
667 2962 678 2996 :
710 2944 804 2995 etsi
847 2945 1101 3009 potuisset
1148 2946 1289 2996 illum
1333 2946 1383 2997 in
1416 2947 1926 3000 commiserationem
1974 2948 2095 3014 inji-

528 3052 680 3099 cere;
714 3052 775 3092 ac
802 3038 843 3090 si
878 3036 1076 3092 diceret
1108 3056 1119 3090 :
1149 3036 1398 3090 Molestus
1425 3052 1538 3091 sum
1590 3047 1643 3092 et
1678 3053 1932 3092 onerosus
1959 3056 1970 3099 ;
2003 3042 2095 3094 sed

527 3138 771 3195 exspireta
803 3129 1079 3196 paulisper,
1131 3138 1183 3184 et
1212 3130 1471 3199 migrabo.
1528 3130 1637 3184 lluc
1679 3131 1818 3184 enim
1865 3132 2095 3199 respexit

528 3232 645 3270 cum
671 3219 869 3272 diceret
895 3238 907 3272 :
938 3219 989 3273 8.
1027 3218 1110 3273 Mc
1144 3233 1309 3273 autem
1345 3238 1443 3273 non
1471 3238 1666 3290 semper
1705 3222 1962 3274 habebitis.
1990 3222 2093 3275 Sed

531 3307 657 3360 nihil
713 3307 898 3361 ltorunt
971 3308 1133 3363 ferum
1181 3320 1229 3364 et
1286 3311 1539 3365 furiosum
1592 3311 1854 3367 hominem
1908 3314 2092 3381 ﬂexit,

528 3402 734 3455 etiamsi
762 3402 923 3456 multa
954 3404 1054 3458 alia
1085 3404 1276 3458 dixerit
1310 3415 1362 3458 et
1392 3406 1594 3471 fecerit,
1624 3406 1783 3474 pedes
1806 3407 1918 3475 ejus
1948 3408 2091 3461 lave-

528 3492 595 3544 rit
622 3492 704 3545 illa
738 3502 910 3559 nocte,
941 3509 1001 3548 ae
1029 3510 1224 3549 mensa:
1266 3506 1572 3551 consortem
1604 3496 1804 3559 fecerit,
1844 3499 1983 3567 quod
2014 3500 2091 3553 vel

530 3582 786 3637 latronum
834 3585 1039 3653 animos
1083 3586 1316 3640 mulcere
1363 3596 1568 3654 potest;
1601 3598 1652 3641 et
1699 3588 1799 3642 alia
1828 3590 1982 3643 verba
2013 3590 2093 3642 lo-

526 3685 719 3745 quutus
771 3678 867 3741 sit,
918 3693 1034 3746 quae
1091 3687 1305 3746 possent
1350 3678 1506 3732 etiam
1559 3680 1785 3748 lapidem
1831 3682 2090 3738 emollire.

528 3768 594 3822 Et
622 3768 733 3822 haec
772 3784 874 3822 non
917 3769 1079 3822 multo
1107 3778 1258 3833 ante,
1292 3769 1385 3824 sed
1429 3771 1483 3825 in
1525 3770 1639 3839 ipso
1679 3772 1801 3835 die,
1850 3788 1916 3827 ne
1958 3784 2092 3827 tem-

527 3873 625 3927 pus
656 3860 705 3913 in
754 3859 1070 3914 oblivionem
1122 3860 1414 3921 induceret.
1461 3860 1565 3917 Sed
1614 3862 1867 3918 adversus
1917 3866 2091 3921 omnia

526 3951 770 4020 perstitit.

595 4042 649 4096 3.
687 4041 905 4096 Avaritia
934 4054 1173 4113 quantum
1210 4046 1272 4098 sit
1310 4046 1518 4099 malum.
1550 4046 1704 4100 Amor
1734 4050 1958 4117 pecunia:
1984 4050 2091 4103 dat-

525 4150 668 4187 utone
694 4136 925 4189 deterior.
949 4166 1017 4175 —
1044 4133 1231 4191 Gravis
1254 4150 1481 4206 namque
1515 4147 1597 4191 est
1627 4139 1846 4192 avaritia
1880 4158 1891 4189 :
1920 4139 2093 4209 gravis

524 4234 687 4288 certe,
722 4240 837 4292 quae
865 4226 1045 4278 oculos
1074 4235 1126 4279 et
1153 4241 1310 4281 aures
1352 4228 1584 4294 obturet,
1619 4238 1672 4282 et
1702 4229 1812 4284 fera
1841 4231 2090 4287 smviores

525 4317 696 4369 reddit
724 4332 739 4368 :
771 4329 871 4367 non
901 4316 1295 4380 conscientiam,
1326 4333 1429 4371 non
1457 4304 1761 4384 amicitiam,
1794 4336 1897 4375 non
1919 4324 2092 4377 socie-

525 4415 704 4469 tatem,
736 4420 837 4461 uon
870 4406 1133 4475 propriam
1176 4407 1399 4461 salutem
1448 4411 1683 4477 cogitare
1712 4411 1869 4475 sinit;
1905 4413 1995 4465 sed
2024 4414 2090 4466 ab

524 4497 767 4550 omnibus
795 4499 945 4551 simul
969 4506 1234 4561 avertens,
1264 4512 1399 4568 quos
1420 4500 1558 4566 capit
1588 4500 1637 4553 in
1664 4502 1973 4555 servitutem
2000 4519 2087 4557 re-

522 4586 671 4657 digit,
716 4594 769 4639 ut
812 4586 1119 4655 gravissima
1162 4587 1395 4641 domina.
1425 4588 1678 4659 Quodque
1725 4592 1776 4646 in
1821 4592 1918 4645 bac
1961 4593 2087 4647 dura

521 4678 775 4732 servitute
818 4676 1051 4731 deterius
1095 4688 1215 4745 est,
1267 4680 1461 4748 gratias
1506 4681 1603 4734 sibi
1654 4682 1920 4737 habendas
1970 4700 2088 4741 esse

523 4771 651 4838 ipsis
679 4768 893 4833 suadet;
916 4777 970 4823 et
992 4780 1191 4838 quanto
1222 4770 1386 4838 magis
1416 4771 1486 4825 illi
1526 4774 1771 4839 servitur,
1804 4784 1947 4829 tanto
1975 4792 2089 4828 ma-

521 4862 602 4930 gis
650 4870 871 4928 augetur
914 4859 1153 4927 Voluptas
1196 4878 1208 4912 :
1256 4860 1481 4929 hincque
1522 4863 1826 4921 incurabilis
1875 4869 2089 4920 morbus

521 4952 770 5021 gignitur.
817 4949 948 5005 Hinc
992 4958 1180 5005 venatu
1224 4951 1452 5006 difficilis
1504 4953 1618 5009 lucc
1663 4956 1769 5010 fera
1819 4968 1928 5023 est;
1976 4960 2088 5014 base

521 5042 664 5096 Giesi
696 5057 761 5096 ex
785 5040 1042 5109 discipulo
1085 5049 1140 5096 et
1182 5042 1437 5111 propheta
1478 5032 1744 5115 leprosum
1787 5048 1941 5114 fecit;
1977 5051 2089 5104 lta-c

524 5134 780 5189 Ananiam
831 5130 1090 5202 perdidit;
1138 5131 1252 5187 haec
1302 5132 1489 5187 Judam
1547 5137 1872 5204 proditorem
1928 5140 2085 5198 fecit;

525 5225 640 5279 luce
666 5224 929 5292 principes
953 5221 1255 5279 Judrcorum
1283 5227 1537 5295 corrupit,
1569 5229 1655 5296 qui
1699 5230 1834 5283 dona
1864 5232 2090 5297 accipie-

528 5316 653 5371 bant
678 5323 728 5367 et
754 5313 924 5367 furttm
952 5314 1080 5368 socii
1110 5314 1511 5383 efficiebantur;
1541 5317 1654 5374 hare
1682 5321 1902 5389 plurima
1934 5322 2089 5376 indu-

527 5406 601 5459 xit
642 5404 798 5463 bella,
829 5404 1082 5473 sanguine
1106 5405 1237 5469 vias,
1270 5406 1519 5463 lamentis
1547 5418 1602 5465 et
1628 5412 1909 5479 gemitibus
1934 5413 2093 5468 urbes

528 5496 786 5565 replevit;
811 5494 925 5549 lucc
958 5509 1138 5553 ccenas
1178 5499 1431 5569 impnras,
1461 5516 1775 5584 mensasque
1812 5518 2092 5560 exsecran-

576 5630 604 5698 ι.
618 5626 672 5677 ιη
696 5626 975 5698 thrjlegio,
996 5634 1053 5698 ut
1070 5630 1404 5698 animadvertit
1434 5633 1646 5698 Savilltts,
1669 5636 1746 5687 hic
1768 5636 1903 5691 locus
1922 5641 2098 5698 melius

532 5688 715 5761 bapere
735 5688 950 5761 videtur,
968 5690 1053 5761 sed
1071 5704 1139 5761 ea:
1173 5692 1608 5761 ῇιςεηιζηεφιίιία,
1797 5688 2094 5759 εἶξοῑιῇῇξξ

531 5748 893 5818 ιςυιιιὶδδει-,ηηοη
916 5748 1195 5818 tradidisset
1219 5748 1579 5818 benefactbrem.
1593 5748 2092 5818 'chrettts'z-éibiitiiti

535 5814 711 5919 feta-Ea
747 5811 880 5863 illum
916 5810 1211 5878 indulgentia
1252 5816 1493 5881 multaque
1528 5810 1753 5883 patientia
1796 5810 1945 5889 istis:
1958 5810 2095 5896 57ft..-

534 5881 669 5919 reDal
676 5913 685 5921 .

1373 460 1428 516 S.
1469 460 1743 516 JOANNIS
1767 460 2235 517 CilﬂYSOSTUSlI
2278 465 2589 523 AllClllEP.
2634 468 3164 527 (LONSTANTINOP.

3711 482 3812 542 364

2234 581 2352 649 das,
2382 585 2529 639 cibos
2568 586 2772 657 iniquos
2805 591 3050 647 reddidit.
3092 594 3292 652 Idcirco
3339 599 3603 657 idolorum
3640 607 3809 665 sem“-

2232 680 2394 767 ttttem
2424 676 2561 729 illam
2609 681 2815 735 vocavit
2843 681 3038 738 Paulus
3059 685 3274 757 (Co/ess.
3302 689 3353 744 3.
3394 690 3470 760 5).
3502 692 3609 749 Sed
3639 711 3811 767 neque

2230 761 2296 815 ita
2333 765 2610 825 deterruit.
2654 770 2759 823 Cur
2786 784 2961 829 autem
3008 776 3361 835 idololatriam
3395 782 3562 838 dicit?
3605 761 3805 844 Habt-aut

2228 856 2377 909 multi
2406 856 2636 924 divitias,
2669 861 2875 930 illisque
2901 866 2973 918 uti
3004 882 3108 921 non
3139 870 3356 935 audent,
3400 874 3493 929 sed
3526 875 3646 932 illas
3672 892 3803 933 con-

2226 960 2455 1009 secrant,
2499 963 2551 1004 et
2589 955 2867 1023 nepotibus
2914 958 3134 1014 intactas
3176 966 3560 1033 transmittunt,
3587 984 3805 1025 eorum-

2225 1053 2329 1108 que
2360 1046 2775 1111 successoribus,
2816 1051 2965 1117 quasi
2999 1051 3106 1106 Deo
3131 1054 3301 1109 dicata
3344 1063 3799 1116 muneracontin-

2222 1145 2347 1199 gere
2391 1148 2493 1186 non
2535 1136 2748 1191 audent.
2800 1139 2854 1195 Si
2894 1144 3107 1211 quando
3138 1161 3265 1199 vero
3305 1149 3368 1203 iis
3414 1151 3487 1204 uti
3518 1162 3798 1223 cogantur,

2224 1222 2293 1277 ita
2320 1224 2490 1279 affecti
2521 1239 2642 1281 sunt
2670 1245 2730 1284 ac
2760 1232 2802 1284 si
2827 1248 2937 1288 rem
2982 1235 3218 1291 illicitam
3261 1237 3520 1297 facerent.
3553 1244 3798 1316 Alioquin

2220 1322 2398 1369 autem
2426 1332 2487 1372 ac
2510 1320 2551 1373 si
2580 1320 2697 1388 quis
2729 1325 2940 1390 gentilis
2977 1327 3316 1385 simulacrum
3348 1334 3362 1364 ⁸
3394 1334 3617 1401 coleret,
3645 1337 3722 1393 sic
3745 1348 3798 1393 tu

2219 1417 2403 1457 aurum
2437 1409 2602 1475 portis
2645 1419 2699 1464 et
2726 1415 2964 1470 vectibus
3005 1422 3199 1483 munis,
3233 1432 3294 1476 ac
3340 1440 3437 1493 pro
3467 1428 3665 1496 templo
3702 1429 3797 1485 tibi

2218 1507 2394 1548 arcam
2422 1498 2628 1564 statuis,
2652 1511 2704 1555 et
2730 1502 2781 1556 in
2803 1509 2979 1560 aureis
3002 1510 3142 1563 vasis
3163 1510 3404 1581 deponis.
3425 1514 3531 1570 Sed
3553 1532 3659 1573 non
3676 1518 3797 1573 ado-

2218 1599 2304 1639 ras
2330 1587 2667 1644 simulacrum
2694 1603 2747 1647 ut
2780 1595 2911 1650 ille?
2946 1599 3013 1652 At
3043 1615 3254 1657 omnem
3288 1605 3387 1675 ipsi
3413 1608 3616 1665 cultum
3639 1611 3790 1667 exhi-

2218 1676 2331 1730 bes.
2366 1678 2674 1747 llnjusmodi
2703 1683 2862 1739 homo
2888 1689 3035 1756 prius
3058 1694 3242 1747 oculos
3269 1705 3321 1749 et
3343 1698 3574 1752 animam
3599 1702 3791 1768 tradat,

2213 1782 2371 1836 quam
2396 1770 2592 1824 idolum
2618 1774 2763 1828 illud.
2788 1776 2898 1831 lloe
2920 1779 3118 1836 faciunt
3146 1785 3260 1837 auri
3287 1797 3577 1845 amatores.
3608 1793 3675 1846 At
3699 1808 3794 1848 au-

2213 1876 2329 1952 rum
2355 1877 2458 1917 non
2475 1864 2656 1930 adoro,
2686 1868 2912 1938 inquies.
2937 1872 3121 1944 Neque
3144 1877 3231 1933 ille
3254 1878 3450 1934 idolum
3466 1883 3789 1952 adorat,.sed

2213 1950 2591 2009 inltabitautem
2615 1957 2933 2015 daemonem.
2960 1962 3028 2017 Ita
3047 1976 3098 2019 et
3126 1976 3199 2031 tu,
3220 1969 3317 2022 etsi
3337 1984 3525 2025 aurum
3549 1990 3653 2028 non
3667 1950 3793 2032 ado-

2212 2056 2318 2106 res,
2342 2045 2434 2099 sed
2461 2046 2606 2100 illum
2633 2048 2824 2105 adores
2848 2052 3145 2110 dmmouem
3167 2061 3255 2128 qui
3280 2076 3347 2115 ex
3382 2062 3495 2117 auri
3519 2064 3709 2122 intuitu
3739 2079 3791 2124 et

2210 2136 2637 2203 concupiscentia
2660 2140 2711 2194 iu
2732 2151 2870 2196 tuam
2894 2145 3091 2201 involat
3107 2150 3355 2205 animam.
3376 2152 3628 2211 Damone
3642 2173 3790 2212 nam-

2208 2239 2311 2294 que
2332 2226 2563 2282 deterior
2583 2240 2664 2283 est
2680 2234 3021 2300 peeuniarmu
3037 2238 3317 2307 cupiditas,
3342 2243 3428 2297 cui
3450 2246 3597 2299 multi
3619 2250 3789 2319 magis

2208 2319 2593 2389 obsequuntur,
2628 2340 2783 2392 quam
2831 2327 2986 2381 idolis
3024 2330 3131 2383 alii.
3174 2331 3234 2385 Hi
3267 2350 3494 2406 namque
3522 2338 3574 2392 in
3605 2342 3786 2395 multis

2208 2425 2311 2463 non
2338 2422 2550 2480 parcnt;
2587 2414 2656 2467 illi
2690 2431 2814 2470 vero
2846 2418 2896 2471 in
2925 2422 3171 2476 omnibus
3199 2424 3415 2489 cedunt,
3453 2438 3507 2480 et
3530 2429 3783 2500 quidquid

2207 2500 2506 2557 faciendum
2525 2516 2790 2575 suggerat,
2813 2509 3196 2579 obsequuntur.
3220 2515 3353 2582 Quid
3382 2518 3510 2571 dicit
3529 2522 3786 2575 avaritia?

2210 2593 2334 2647 Esto
2363 2596 2608 2651 omnilms
2628 2598 2792 2652 hostis
2812 2613 2864 2655 et
2888 2602 3154 2669 inimicus,
3183 2616 3422 2661 naturant
3442 2610 3780 2671 obliviscere.

2209 2684 2371 2737 Deum
2400 2697 2701 2753 contemne,
2732 2692 2965 2747 sacrilica
2996 2697 3126 2750 mibi
3159 2699 3384 2767 teipsqu
3407 2718 3419 2753 :
3444 2712 3496 2757 et
3518 2703 3570 2755 iu
3606 2706 3777 2759 omni-

2207 2774 2303 2827 bus
2329 2776 2399 2828 illi
2426 2777 2815 2847 obtemperant.
2840 2781 2998 2836 ldolis
3026 2786 3237 2853 quidem
3268 2790 3429 2843 boves
3457 2801 3509 2845 et
3534 2806 3662 2848 oves
3681 2794 3778 2847 im-

2204 2865 2499 2919 molantur:
2532 2871 2752 2923 avaritia
2776 2882 2950 2925 autem
2978 2873 3124 2935 dicit,
3150 2878 3366 2933 ltumola
3396 2882 3523 2935 mibi
3549 2887 3781 2940 animam

2204 2963 2344 3009 tuam
2369 2974 2381 3010 :
2404 2968 2456 3010 et
2482 2972 2672 3012 avarus
2706 2978 2905 3016 morem
2937 2968 3089 3033 gerit.
3124 2968 3306 3022 Videu'
3334 2974 3517 3040 quales
3545 2988 3666 3030 aras
3690 2977 3782 3030 ba-

2201 3045 2358 3125 beat?
2388 3050 2561 3118 qualia
2603 3054 2831 3120 excipiat
2872 3058 3168 3112 sacrificia?
3210 3060 3451 3131 Regnum
3504 3064 3594 3119 Dei
3635 3068 3781 3121 avari

2202 3152 2306 3191 non
2338 3140 2685 3207 possidebunt
2716 3145 2789 3211 (l.
2823 3144 2941 3200 Cor.
2975 3148 3027 3202 6.
3059 3148 3178 3218 l0):
3208 3165 3270 3204 ac
3298 3152 3425 3206 nihil
3457 3164 3630 3209 tamen
3664 3155 3778 3211 fur-

2202 3229 2421 3283 midaut.
2446 3232 2602 3302 Atqui
2625 3235 2735 3289 hanc
2752 3236 3010 3305 cupiditas
3032 3241 3268 3295 omnium
3297 3242 3658 3301 infirmissima
3674 3258 3776 3303 est.

2201 3321 2382 3392 Neque
2407 3324 2545 3379 enim
2568 3328 2763 3391 innata,
2790 3344 2962 3400 neque
2981 3334 3233 3389 num-alis
3249 3345 3332 3391 est
3353 3356 3365 3393 :
3384 3337 3617 3409 alioquin
3634 3341 3777 3396 enim

2200 3414 2355 3468 nobis
2383 3430 2411 3467 a
2445 3417 2702 3486 principio
2722 3420 3013 3478 adfuisset:
3044 3437 3093 3477 at
3130 3427 3281 3481 initio
3300 3445 3485 3483 aurum
3511 3446 3614 3484 non
3638 3442 3778 3498 erat,

2200 3520 2299 3560 nec
2329 3522 2513 3560 aurum
2541 3513 2801 3581 quispiam
2824 3517 3051 3570 amabat.
3086 3520 3151 3571 At
3178 3520 3220 3573 si
3244 3521 3423 3588 vultis,
3451 3521 3623 3577 dicam
3637 3512 3782 3579 unde

2200 3599 2393 3653 malum
2418 3600 2713 3669 irrepserit.
2742 3605 2943 3675 Singuli
2973 3622 3066 3661 eos
3094 3611 3179 3677 qui
3210 3625 3780 3679 prtecesserantzemu-

2200 3691 2312 3755 lati,
2345 3694 2587 3749 morbum
2630 3710 2913 3765 auxerunt,
2962 3711 3015 3755 et
3041 3703 3122 3755 vel
3150 3703 3369 3758 invitum
3404 3707 3587 3762 incitat
3616 3707 3661 3762 is
3686 3710 3777 3777 qui

2199 3790 2488 3856 prmees‘sit.
2522 3791 2653 3845 Cum
2680 3792 2858 3848 vident
2892 3798 3033 3849 enim
3067 3799 3373 3869 splendidas
3417 3803 3580 3871 aedes,
3612 3819 3775 3874 agro-

2198 3896 2314 3935 rum
2341 3884 2571 3952 copiam,
2597 3898 2869 3940 servorum
2890 3903 3097 3958 greges,
3122 3901 3370 3961 argentea
3391 3906 3619 3961 vath
3640 3898 3783 3951 mul-

2200 3910 2213 3933 I
2231 3910 2314 3935 Illll
2341 3910 2571 3952 cupiam,
2597 3910 2869 3940 acrvuruut
2890 3910 3097 3958 greges,
3122 3910 3370 3961 argentea
3391 3910 3484 3949 vas
3567 3910 3619 3950 ει
3640 3910 3778 3951 mut-

2200 3985 2304 4029 tam
2336 3978 2561 4031 vestium
2586 3980 2909 4048 congeriem,
2952 3981 3081 4035 nihil
3114 3998 3218 4037 non
3260 3994 3423 4054 agunt
3450 3910 3653 4056 ubis
3682 4004 3778 4043 sn-

2198 4077 2421 4137 perent:
2449 4079 2504 4123 ut
2531 4070 2683 4139 primi
2728 4073 2993 4140 secundis,
3028 4074 3081 4128 bi
3123 4078 3467 4147 sequentibus
3492 4094 3648 4134 causa
3678 4096 3780 4136 cu-

2198 4160 2375 4228 piendi
2402 4162 2679 4215 exsistant.
2714 4162 2865 4230 Quod
2894 4165 2935 4217 si
2966 4166 3257 4221 voluissent
3282 4168 3554 4225 moderate
3592 4185 3776 4240 agere,

2198 4268 2300 4306 non
2333 4253 2451 4307 aliis
2490 4254 2737 4311 doctores
2770 4256 3021 4321 fuissent;
3068 4259 3174 4313 imo
3216 4275 3388 4329 neque
3434 4261 3515 4315 bis
3560 4263 3664 4316 ulla
3695 4277 3781 4318 est

2196 4348 2487 4400 excusatio.
2518 4346 2653 4401 Sunt
2681 4349 2824 4403 enim
2862 4350 2947 4403 alii
2976 4352 3064 4419 qui
3098 4353 3349 4419 pecunias
3392 4366 3666 4422 spernant.
3709 4355 3780 4411 Et

2197 4436 2315 4505 quis
2343 4440 2565 4505 spernit,
2600 4439 2840 4508 inquies?
2884 4442 3033 4509 Quod
3065 4444 3205 4498 enim
3248 4446 3463 4515 gravius
3500 4457 3601 4511 est,
3632 4458 3774 4503 tanta

2198 4528 2354 4599 lmjns
2387 4531 2495 4584 vitii
2527 4532 2605 4585 vis
2640 4540 2743 4595 est,
2788 4542 2843 4587 ut
2886 4534 3127 4589 videatur
3156 4551 3259 4590 non
3308 4552 3463 4606 posse
3506 4542 3772 4610 superari,

2197 4636 2295 4674 nec
2314 4620 2563 4675 credatur
2582 4624 2879 4694 quempiam
2907 4639 3025 4680 esse
3056 4627 3491 4696 qui‘contrariam
3525 4631 3774 4686 virtutem

2195 4722 2447 4767 sectetur.
2483 4713 2674 4769 Multos
2703 4724 2877 4771 tamen
2911 4716 3214 4786 hujusmodl
3247 4736 3528 4776 numerare
3556 4737 3773 4791 possum

2196 4812 2247 4857 et
2274 4804 2324 4857 in
2349 4803 2566 4858 urbibus
2596 4807 2723 4861 etin
2754 4808 3039 4862 montibus.
3073 4809 3140 4864 Et
3174 4811 3299 4877 quid
3330 4811 3453 4867 inde
3479 4814 3645 4868 lucri?
3676 4829 3772 4869 ue-

2194 4909 2298 4964 qne
2327 4895 2467 4949 enim
2500 4896 2623 4951 hinc
2652 4898 2900 4953 meliores
2920 4899 3173 4955 evadetis.
3203 4901 3449 4973 Alioquin
3472 4911 3649 4958 autem
3668 4918 3773 4958 non

2196 4986 2264 5041 de
2294 4986 2377 5040 bis
2406 4988 2557 5042 nobis
2587 5004 2765 5044 sermo
2788 5006 2929 5045 nunc
2955 5002 3058 5058 est,
3090 5008 3188 5047 nec
3212 4994 3438 5049 dicimus
3461 4995 3671 5051 divitias
3691 4996 3775 5052 ef-

2198 5079 2341 5133 fundi
2372 5089 2651 5148 oportere:
2698 5080 2890 5136 vellem
2940 5084 3151 5151 utique;
3180 5084 3271 5138 sed
3304 5086 3423 5154 quia
3454 5085 3626 5156 majus
3655 5102 3780 5143 esse

2198 5185 2332 5225 onus
2352 5171 2579 5237 videtur,
2612 5188 2717 5227 non
2746 5188 2952 5244 cogam,
2976 5174 3067 5229 sed
3100 5174 3283 5229 hortor
3308 5190 3373 5230 ne
3394 5176 3564 5230 aliena
3589 5191 3780 5232 conon.

2200 5262 2433 5331 piscatis,
2467 5272 2626 5333 atque
2657 5280 2721 5318 ex
2751 5264 3085 5319 facultatibus
3116 5266 3434 5335 largiamiui.
3466 5267 3656 5322 Multos
3679 5286 3778 5322 au-

2200 5360 2303 5405 tem
2333 5353 2665 5408 inveniemus
2696 5356 2853 5410 rebus
2880 5357 2993 5410 suis
3036 5366 3335 5423 contentos,
3369 5374 3461 5412 sua
3504 5369 3778 5425 curantes,

2199 5454 2252 5498 et
2278 5460 2344 5499 ex
2372 5443 2530 5513 justis
2578 5446 2845 5501 laboribus
2871 5449 3069 5501 victum
3099 5461 3365 5519 parantes.
3406 5450 3514 5505 Cur
3541 5466 3649 5506 non
3682 5452 3785 5505 bos

2202 5536 2469 5590 imitamur
2495 5545 2551 5591 et
2574 5537 2918 5592 aemulamur?
2946 5537 3251 5607 Cogitemus
3289 5556 3383 5595 eos
3409 5541 3497 5619 qui
3526 5549 3652 5597 ante
3682 5559 3787 5597 nos

2202 5627 2457 5684 fuerunt:
2488 5643 2664 5686 annon
2708 5629 2920 5684 illorum
2953 5631 3149 5700 praedia
3177 5642 3337 5698 stant,
3379 5632 3507 5689 dum
3537 5633 3777 5704 ipsorum

2201 5719 2309 5776 sola
2342 5719 2554 5775 nomina
2593 5720 3073 5778 circumferuntur?
3101 5723 3177 5780 Eu
3220 5723 3376 5797 hujus
3404 5723 3675 5792 balneum,
3710 5724 3775 5781 il-

2270 5900 2284 5928 ί
2324 5897 2415 5946 Alii
2434 5898 2640 5959 addunt,
2664 5914 2880 5952 saxeum.
