4088 6526
615 484 719 539 56?

616 603 768 650 erant
797 603 844 648 et
873 592 1073 662 cupidi,
1104 591 1348 659 ipsosque
1369 587 1609 642 hostibus
1640 585 1935 648 tradebant,
1967 583 2173 654 plebem

617 683 993 739 subvertebant
1032 690 1084 736 et
1114 679 1354 734 hostibus
1399 677 1640 733 subditos
1680 675 1966 731 reddebant
1998 693 2011 728 :
2041 671 2180 728 Cou-

618 773 742 838 fide,
771 771 956 840 inquit,
982 770 1064 823 hic
1087 783 1187 822 non
1214 767 1329 821 talis
1351 776 1454 830 est,
1483 767 1574 821 sed
1604 774 1907 819 mansuetus
1932 771 1983 818 et
2007 763 2174 824 mitis;

614 863 752 933 quod
793 880 857 917 ex
888 862 1033 915 asina
1061 860 1380 914 ostenditur.
1429 858 1608 926 Neque
1655 859 1794 909 enim
1823 855 2056 908 exercitu
2086 854 2181 906 sti-

614 965 767 1021 patus
801 955 1070 1022 ingressus
1096 962 1215 1010 est.
1246 949 1339 1004 sed
1369 964 1486 1003 cum
1515 947 1659 1000 asina
1691 954 1912 998 tantum.
1950 945 2033 998 16.
2068 942 2179 996 Hoc

613 1056 778 1097 autem
807 1043 1109 1108 nesciebant,
1140 1042 1323 1108 inquit,
1354 1038 1589 1108 discipuli
1618 1034 1913 1106 ejus,'quod
1942 1035 2179 1100 scriptum

615 1137 680 1190 de
698 1135 789 1189 illo
818 1145 963 1191 esset.
997 1131 1181 1188 Viden‘
1213 1132 1330 1186 illos
1357 1130 1580 1199 plurima
1610 1129 1900 1198 ignorasse.
1922 1128 2042 1194 quia
2068 1126 2179 1190 ipse

613 1227 848 1281 nondum
892 1228 972 1280 eis
1011 1223 1378 1279 rerelarerat'!
1425 1221 1555 1275 Nam
1604 1235 1723 1274 cum
1768 1220 1940 1282 dixit,
1987 1216 2180 1272 Solvite

617 1319 858 1389 tentplum
886 1317 978 1370 hoc
1002 1357 1018 1383 ,
1046 1325 1092 1369 et
1120 1316 1172 1368 in
1203 1313 1358 1367 tribus
1392 1313 1565 1366 diebus
1593 1309 1816 1364 excitabo
1845 1310 1975 1362 illud
1995 1306 2174 1378 (Joan.

618 1410 670 1463 9.
710 1407 808 1477 19)
847 1426 860 1462 :
893 1422 1065 1476 neque
1109 1416 1232 1460 tunc
1276 1405 1650 1458 intellexerunt
1679 1399 1921 1470 discipuli
1949 1398 2082 1468 ejus.
2115 1397 2180 1451 Et

612 1503 748 1556 alius
775 1498 1095 1569 evangelista
1120 1494 1306 1564 (Marc.
1327 1496 1379 1551 9.
1405 1493 1459 1566 9)
1477 1495 1628 1559 dicit,
1657 1492 2023 1548 absconditum
2051 1488 2180 1544 fuis-

616 1607 676 1647 se
727 1605 1024 1647 sermonem
1055 1589 1122 1644 ab
1163 1590 1261 1654 eis,
1291 1601 1389 1641 nec
1414 1586 1630 1641 seivisse
1665 1591 2082 1639 resurrecturum
2112 1581 2176 1633 il-

613 1685 722 1738 lum
762 1697 879 1737 esse
904 1698 932 1736 a
960 1681 1205 1735 mortuis.
1234 1679 1338 1735 Sed
1370 1681 1472 1734 hoc
1508 1679 1629 1748 jure
1676 1675 2042 1732 absconditum
2073 1673 2179 1726 illis

613 1784 747 1830 erat.
763 1775 1092 1844 Quapropter
1115 1772 1248 1826 alius
1263 1770 1583 1840 evangelista
1601 1768 1809 1838 (Matth.
1839 1768 1923 1821 17.
1942 1765 2032 1834 22)
2055 1781 2175 1818 nar-

613 1876 691 1919 rat
738 1866 880 1934 ipsos
912 1864 1113 1934 singula
1157 1862 1433 1916 audientes
1457 1860 1689 1916 doluisse
1715 1871 1766 1915 et
1804 1869 2022 1912 maestos
2052 1855 2180 1910 fuis-

612 1972 691 2012 se.
738 1956 791 2011 ld
831 1966 1005 2010 autem
1047 1954 1384 2025 contingebat
1415 1952 1554 2022 quod
1587 1953 2025 2006 resurrectionem
2073 1963 2177 2002 non

612 2058 847 2104 nossent.
879 2047 947 2102 Et
981 2048 1100 2117 jure
1129 2047 1180 2102 id
1223 2045 1583 2101 oceultabatur
1631 2043 1778 2114 ipsis,
1811 2041 1929 2110 quia
1971 2040 2178 2094 illorum

611 2151 822 2207 captum
853 2139 1136 2208 superabat
1171 2155 1184 2190 :
1212 2138 1375 2191 asinae
1418 2149 1544 2190 vero
1572 2134 1787 2188 historia
1814 2147 1910 2186 cur
1956 2131 2057 2185 illis
2091 2144 2183 2184 oe-

613 2232 752 2286 eulta
781 2231 916 2286 fuit?
940 2231 1071 2298 Quia
1101 2230 1213 2284 lucc
1239 2243 1450 2298 quoque
1472 2243 1556 2281 res
1585 2239 1771 2294 magna
1791 2233 1926 2279 erat.

679 2322 732 2377 Ω.
759 2321 894 2378 Vide
913 2331 1088 2376 autem
1111 2320 1448 2390 evangelista!
1472 2316 1882 2385 philosOphiam,
1911 2311 2179 2384 quomodo

613 2429 718 2468 non
745 2413 1305 2484 erubescatpristinam
1321 2412 1526 2466 illorum
1549 2408 1894 2479 ignorantiam
1916 2404 2176 2475 proﬁteri.

613 2506 762 2573 Quod
791 2505 1039 2575 scriptum
1067 2512 1208 2559 esset
1227 2503 1462 2557 sciebant
1483 2518 1496 2566 ;
1517 2500 1657 2571 quod
1684 2515 1812 2554 vero
1836 2498 1904 2553 de
1931 2498 2021 2552 illo
2048 2497 2181 2552 scri-

611 2606 757 2665 ptum
784 2605 940 2661 esset,
972 2594 1020 2649 id
1042 2594 1370 2664 ignorabant.
1390 2592 1518 2646 Nam
1540 2602 1684 2647 certe
1701 2592 1805 2646 hoc
1828 2591 1931 2644 illis
1959 2589 2181 2644 offendi-

613 2687 732 2740 eulu
759 2686 986 2740 futurum
1018 2695 1150 2751 erat,
1170 2685 1213 2739 si
1237 2699 1330 2738 rex
1356 2699 1475 2738 eum
1503 2691 1662 2747 esset,
1683 2683 1796 2736 luce
1824 2691 1967 2736 esset
1993 2695 2179 2749 passu-

614 2793 727 2841 rus,
753 2787 909 2846 atque
939 2777 1005 2830 ita
1030 2775 1331 2830 tradendus.
1359 2776 1601 2844 Alioquin
1632 2783 1808 2826 autem
1841 2787 1942 2826 non
1978 2782 2082 2824 tam
2107 2771 2181 2824 [ι-

614 2867 718 2921 cile
743 2868 879 2936 quod
904 2882 1118 2936 regnum
1149 2866 1275 2920 illud
1298 2875 1438 2920 esset
1463 2865 1863 2918 intellexissent.
1895 2863 2025 2916 Nam
2047 2863 2180 2915 alius

613 2958 930 3028 evangelista
953 2958 1096 3021 dicit,
1119 2959 1187 3012 de
1211 2956 1364 3025 hujus
1393 2956 1571 3010 mundi
1599 2971 1760 3024 regno
1787 2955 1888 3008 dici
1912 2955 2179 3023 putavisse

617 3052 634 3119 (
669 3048 804 3102 Ibid.
827 3048 916 3103 20.
937 3048 1052 3118 25).
1085 3049 1170 3102 17.
1222 3045 1602 3114 Testiﬁcabatur
1642 3055 1810 3099 autem
1839 3045 1984 3098 turba
2003 3085 2018 3107 ,
2044 3046 2179 3113 quod

613 3138 862 3195 Lazarum
891 3141 1252 3194 resuscitasset.
1287 3139 1400 3192 Non
1443 3139 1584 3193 enim
1631 3147 1708 3192 tot
1734 3150 1951 3208 repente
1995 3139 2176 3190 unitati

614 3232 857 3294 fuissent,
891 3231 1077 3299 inquit,
1112 3230 1210 3282 nisi
1241 3229 1392 3298 signo
1416 3228 1788 3287 credidissent.
1822 3228 1906 3282 19.
1935 3226 2182 3281 ΡΙιανὶιωί

614 3334 780 3376 autem
809 3323 1039 3376 dixerunt
1065 3322 1188 3386 illis,
1224 3320 1412 3374 Videtis
1439 3323 1554 3390 quia
1581 3321 1708 3374 nihil
1733 3321 1970 3390 pro/Scitis
1991 3321 2016 3372 .9
2057 3319 2183 3372 Ecce

615 3417 833 3469 mundus
853 3426 986 3469 totus
1007 3427 1118 3484 post
1142 3416 1281 3469 illum
1303 3415 1425 3468 abit.
1461 3415 1570 3467 lloc
1588 3414 1782 3468 dictum
1817 3413 1944 3466 mihi
1975 3413 2182 3467 videtur

615 3509 682 3561 ab
712 3508 775 3561 iis
797 3507 885 3576 qui
911 3521 1052 3560 sana:
1083 3506 1276 3560 mentis
1299 3514 1468 3569 erant,
1499 3519 1594 3558 nec
1614 3505 1876 3558 audebant
1905 3504 2075 3572 palam
2098 3505 2180 3559 lo-

615 3598 737 3668 qui;
767 3607 821 3653 et
850 3613 913 3652 ex
940 3607 1134 3652 eventu
1183 3594 1523 3651 confutabant
1553 3595 1692 3658 illos,
1749 3603 1807 3648 ut
1843 3594 1929 3664 qui
1978 3595 2179 3648 inutilia

616 3698 899 3743 tentarent.
933 3688 1178 3742 Mundam
1229 3699 1402 3741 autem
1434 3687 1516 3741 hie
1551 3686 1755 3740 turbam
1783 3695 1990 3741 vocant.
2032 3684 2182 3740 Solet

615 3781 759 3832 enim
780 3779 1047 3848 Scriptura
1080 3779 1331 3832 mundum
1362 3777 1539 3832 dicere
1570 3789 1624 3832 et
1667 3788 1937 3832 creaturas
1963 3820 1976 3841 ,
2007 3787 2062 3832 et
2088 3793 2182 3832 eos

616 3871 704 3939 qni
739 3872 788 3923 in
819 3870 1052 3937 nequitia
1081 3871 1298 3925 vivunt:
1331 3868 1454 3923 illml
1507 3869 1716 3938 quidem
1763 3885 1881 3923 cum
1913 3871 2003 3928 ait,
2037 3868 2180 3936 Effe-

615 3977 728 4014 rens
754 3960 1023 4013 secundant
1044 3945 1562 4013 tmmerunimumlum
1590 3977 1734 4012 suum
1761 3959 1908 4029 (Isai.
1936 3960 2022 4016 10.
2046 3960 2138 4030 26)
2164 3979 2176 4015 :

616 4050 717 4103 huc
741 4065 868 4103 vero
892 4065 1010 4105 eum
1045 4049 1193 4115 dicit,
1225 4048 1445 4102 Mundus
1487 4066 1571 4103 ros
1621 4065 1719 4102 non
1759 4052 1885 4112 odit,
1914 4067 1990 4103 me
2014 4061 2180 4104 autem

616 4143 718 4194 odit
749 4141 923 4214 (Joan.
957 4143 1009 4194 7.
1033 4141 1107 4212 7).
1140 4141 1261 4194 llaec
1292 4150 1531 4194 accurate
1552 4142 1690 4194 scire
1719 4157 1812 4209 par
1831 4151 1929 4206 est,
1955 4157 2022 4196 nc
2048 4158 2180 4211 prae-

617 4248 698 4290 ter
742 4237 1012 4289 nominum
1059 4233 1491 4304 signiﬁcationem
1537 4233 1766 4288 barretici
1823 4248 2004 4288 ansam
2050 4235 2181 4288 arri-

618 4329 781 4396 piant.
809 4326 895 4381 9.0.
923 4324 1083 4379 Erant
1108 4335 1273 4377 autent
1313 4325 1513 4393 quidam
1562 4325 1786 4394 gentiles,
1820 4327 1902 4394 qui
1945 4326 2181 4380 ascende-

615 4431 729 4474 rant
755 4423 968 4473 adorare
993 4421 1042 4472 in
1071 4419 1401 4472 solemnitate.
1449 4417 1579 4470 Cum
1625 4419 1731 4485 jam
1759 4433 1922 4487 prope
1958 4428 2100 4473 esset
2125 4428 2182 4472 ut

620 4513 870 4584 proselyti
902 4512 1106 4574 fierent,
1143 4518 1398 4563 venerant
1421 4509 1486 4562 ad
1510 4509 1920 4572 solemnitatem.
1961 4519 2014 4564 et
2046 4508 2180 4562 fama

617 4604 866 4659 commoti
915 4602 1092 4655 dicunt
1125 4619 1136 4653 :
1166 4601 1256 4654 2|.
1303 4598 1545 4653 Volumus
1570 4598 1744 4652 Jesum
1770 4600 1950 4653 ridere.
1985 4599 2183 4668 Philip-

617 4711 716 4767 pus
741 4705 913 4749 autem
944 4693 1206 4748 Andream
1239 4693 1368 4759 adit,
1403 4701 1583 4760 utpote
1603 4691 1690 4762 qui
1719 4692 1886 4760 ipsum
1917 4691 2182 4760 praecede-

619 4796 722 4850 ret,
749 4797 801 4840 et
830 4801 940 4839 rem
968 4786 1013 4839 ei
1037 4787 1408 4839 connnunicat.
1446 4785 1636 4839 Verum
1666 4797 1770 4837 non
1797 4783 1910 4838 sine
1937 4784 2182 4839 cautione

620 4893 718 4932 nec
741 4878 909 4944 palam
935 4876 984 4928 id
1014 4875 1139 4928 facit
1167 4893 1180 4928 :
1212 4876 1450 4930 audierat
1491 4877 1653 4939 enim,
1687 4873 1750 4927 In
1786 4877 1916 4928 viam
1955 4877 2181 4946 gentium

623 4983 682 5018 ne
712 4967 930 5018 abieritis
961 4965 978 5033 (
1013 4963 1197 5017 Matth.
1229 4966 1314 5020 10.
1349 4966 1380 5019 5
1407 4963 1446 5034 ).
1481 4963 1603 5018 Ideo
1631 4980 1740 5018 rem
1771 4980 1892 5019 cum
1923 4965 2183 5034 discipulo

620 5058 1057 5110 communicatam
1103 5056 1350 5125 Magistro
1377 5056 1534 5109 refert
1566 5071 1579 5109 :
1609 5057 1766 5110 ambo
1804 5058 1944 5112 enim
1993 5057 2042 5111 id
2095 5074 2181 5112 re-

621 5149 851 5202 tulerunt
878 5149 948 5201 el.
1005 5148 1094 5202 llle
1125 5165 1249 5201 vero
1293 5149 1415 5217 quid
1449 5147 1615 5202 dicit?
1660 5149 1749 5203 23.
1790 5148 1931 5204 Venit
1976 5153 2101 5203 hora
2131 5162 2183 5202 ut

619 5240 922 5305 rlari/icetur
951 5237 995 5291 F
999 5241 1112 5293 ilius
1160 5241 1392 5293 hominis.
1425 5240 1515 5293 24.
1550 5237 1666 5293 Nisi
1709 5258 1918 5311 granum
1950 5245 2184 5312 frumenti

619 5329 804 5382 cadens
828 5331 878 5382 in
907 5339 1087 5382 terram
1126 5342 1380 5384 mortuum
1404 5331 1581 5398 fuerit,
1609 5333 1774 5400 ipsum
1801 5333 1963 5384 solum
1996 5345 2180 5386 manet.

621 5421 756 5486 Quid
789 5421 1043 5489 significat
1087 5422 1250 5484 illud,
1295 5421 1435 5476 Venit
1482 5423 1647 5476 hora?
1689 5423 1930 5486 Dixerat,
1962 5421 2029 5476 In
2057 5425 2184 5477 viam

622 5514 839 5582 gentium
869 5527 928 5563 ne
948 5511 1185 5574 abici-itis,
1214 5527 1422 5566 omnem
1452 5511 1647 5568 Jud.eis
1679 5513 2035 5581 praescindens
2064 5530 2182 5583 per-

623 5602 834 5654 x-icaeia:
855 5616 1072 5665 ansam;
1103 5602 1218 5656 illos
1244 5602 1497 5655 cohibuit.
1531 5603 1660 5658 Cum
1689 5612 1864 5658 autem
1899 5605 1969 5658 illi
1994 5605 2184 5660 inuno-

625 5686 783 5759 rigcri
828 5703 1123 5758 manerent,
1179 5694 1404 5764 gentiles
1445 5706 1618 5749 autem
1662 5695 1916 5750 accedere
1969 5699 2182 5760 vellent,

624 5783 856 5853 Tempus
881 5785 1113 5848 demum,
1143 5789 1326 5856 inquit.
1351 5798 1430 5841 est
1462 5787 1524 5840 ad
1551 5789 1844 5857 passionem
1881 5790 2185 5853 accedendi,

628 5887 744 5928 curn
791 5877 960 5930 omnia
1010 5877 1218 5946 impleta
1261 5880 1380 5932 sint.
1423 5877 1551 5934 Nam
1593 5881 1634 5934 si
1660 5882 2057 5936 contumacibus
2090 5883 2188 5935 illis

1371 477 1426 532 S.
1458 473 1730 530 JOANNIS
1767 468 2236 529 CIIRYSOSTOMI
2280 469 2594 525 ARCHIEP.
2633 467 3163 525 CONSTANTINOP.

3749 461 3863 518 368

2285 597 2496 652 semper
2525 582 2878 648 luereremus,
2912 581 3134 652 illosque
3167 578 3422 635 accedere
3463 579 3703 637 volentes
3747 597 3854 637 non

2283 675 2702 740 admitteremus,
2727 674 2996 744 indignum
3018 673 3118 729 hoc
3141 683 3283 728 esset
3306 673 3632 742 providentia
3656 684 3857 728 nostra.

2283 766 2413 832 Quia
2459 767 2614 837 igitur
2649 765 2940 836 discipulos
2987 780 3113 820 suos
3151 774 3270 835 pest
3311 781 3521 820 crucem
3566 765 3630 820 ad
3672 775 3861 835 gentes

2285 859 2542 913 missurus
2581 867 2737 923 erat,
2767 872 2885 912 cum
2925 856 3068 910 videt
3108 855 3226 909 illas
3261 856 3370 925 jam
3401 854 3654 910 accedere
3679 893 3695 919 ,
3741 855 3817 907 ait
3843 897 3856 913 .

2284 947 2518 1017 Tempus
2545 958 2628 1004 est
2667 958 2724 1002 ut
2764 948 2831 1002 ad
2860 961 3072 1002 crucem
3104 947 3332 1000 veniam.
3379 945 3494 1000 Non
3541 955 3692 1001 antea
3734 945 3861 998 sivit

2283 1041 2571 1106 accedere,
2607 1051 2665 1095 ut
2689 1041 2738 1095 id
2769 1050 2908 1095 esset
2937 1041 2988 1093 in
3021 1041 3376 1094 testimonium
3405 1040 3527 1095 illis.
3559 1042 3859 1110 Antequam

2284 1133 2424 1187 enim
2453 1133 2596 1186 illum
2626 1133 2965 1202 repellerent,
2993 1144 3270 1202 antequam
3294 1131 3345 1185 in
3373 1147 3585 1187 crucem
3615 1143 3859 1202 agerent,

2285 1238 2388 1276 non
2419 1223 2585 1287 dixit,
2616 1222 2805 1277 Euntes
2825 1225 2995 1276 docete
3021 1239 3193 1276 omnes
3215 1233 3420 1293 gentes;
3444 1223 3537 1279 sed
3560 1265 3575 1290 ,
3620 1223 3683 1276 In
3727 1226 3862 1277 viam

2283 1316 2505 1385 gentium
2545 1331 2608 1368 ne
2635 1314 2855 1368 abici-itis
2876 1313 3082 1367 (Matth.
3104 1314 3195 1370 28.
3220 1314 3303 1370 19.
3326 1326 3372 1368 et
3398 1317 3480 1368 10.
3503 1317 3582 1386 5);
3611 1324 3666 1370 et
3687 1356 3703 1379 ,
3741 1313 3862 1369 Non

2283 1408 2466 1461 missus
2491 1423 2602 1460 sum
2631 1407 2727 1459 nisi
2754 1406 2822 1459 ad
2851 1423 2963 1460 oves
3002 1422 3115 1475 qua:
3156 1408 3413 1475 perierunt
3453 1409 3628 1461 domus
3656 1407 3863 1469 Israel;

2279 1506 2338 1552 et
2361 1539 2374 1559 ,
2407 1496 2524 1551 Non
2551 1507 2621 1551 est
2659 1499 2839 1551 bonum
2873 1500 3045 1566 accipe
3061 1516 3113 1551 rc
3136 1515 3316 1567 panem
3353 1499 3570 1562 ﬁliorum
3595 1539 3608 1563 ,
3651 1509 3696 1551 et
3739 1500 3866 1552 dare

2283 1587 2488 1642 canibus
2511 1587 2680 1659 (Ibid.
2715 1589 2800 1642 15.
2832 1588 2920 1642 2i.
2948 1589 3017 1643 26
3042 1590 3081 1659 ).
3111 1589 3244 1645 Cum
3265 1599 3440 1644 autem
3462 1591 3586 1645 odio
3608 1591 3865 1645 haberent

2283 1692 2427 1742 eum,
2455 1686 2509 1732 et
2539 1679 2607 1731 ita
2635 1677 2757 1732 odio
2784 1678 3060 1743 haberent,
3087 1689 3144 1734 ut
3163 1680 3488 1744 occiderent,
3522 1680 3853 1750 superfluum

2284 1779 2396 1821 erat
2442 1770 2764 1837 persistere,
2812 1770 3168 1824 renitentibus
3213 1770 3332 1824 illis.
3381 1770 3508 1824 Nam
3551 1780 3867 1826 recusarunt

2285 1857 2430 1911 illum
2487 1859 2761 1925 dicentes,
2814 1859 2930 1914 Non
2971 1861 3209 1915 habemus
3252 1878 3416 1932 regem
3470 1863 3566 1916 nisi
3612 1861 3864 1917 Caesarem

2286 1947 2463 2017 (Joan.
2491 1949 2576 2004 19.
2610 1950 2736 2020 15).
2782 1951 2931 2006 Tunc
2955 1951 3168 2006 demum
3201 1952 3316 2006 illos
3342 1952 3576 2014 dimisit.
3608 1954 3730 2023 quia
3764 1953 3864 2022 ipsi

2286 2042 2488 2111 priores
2516 2043 2842 2098 dimiserant.
2875 2044 2998 2098 Ideo
3025 2044 3180 2108 dicit,
3229 2045 3431 2109 Quoties
3476 2045 3609 2098 volui
3639 2062 3854 2114 canqre-

2285 2149 2407 2201 gare
2431 2133 2563 2201 ﬁlios
2592 2148 2782 2189 vestros
2807 2176 2820 2201 ,
2851 2145 2897 2188 et
2922 2135 3153 2190 noluistis
3179 2135 3198 2206 (
3224 2135 3409 2188 Matth.
3437 2137 3527 2190 23.
3553 2137 3618 2191 37
3637 2134 3700 2207 )‘l
3729 2135 3865 2204 Quid

2285 2224 2384 2278 sibi
2412 2226 2539 2289 vult,
2574 2224 2800 2278 Granum
2827 2227 3086 2296 frumenti,
3117 2228 3214 2280 nisi
3241 2229 3422 2281 cadens
3445 2228 3495 2281 in
3521 2239 3707 2281 terram
3731 2245 3871 2282 mor-

2285 2324 2422 2367 tuum
2453 2316 2645 2385 fuerit?
2674 2316 2747 2371 De
2770 2332 2927 2372 cruce
2959 2318 3208 2386 loquitur.
3233 2317 3311 2373 Ne
3335 2319 3475 2372 enim
3503 2320 3864 2382 turbarentur,

2290 2406 2584 2476 cogitantes
2614 2417 2736 2462 tunc
2762 2407 2909 2461 illum
2935 2411 3165 2463 occisum
3192 2408 3383 2475 fuisse,
3412 2426 3530 2464 cum
3561 2423 3746 2480 gentes
3771 2428 3866 2466 ae-

2287 2509 2595 2566 tesserunl,
2628 2501 2794 2555 dicit:
2825 2501 2934 2556 lloc
2960 2503 3106 2570 ipsos
3146 2503 3374 2556 maxime
3403 2503 3467 2556 ad
3505 2503 3867 2558 accedendum

2288 2591 2524 2656 inducit,
2559 2590 2658 2645 hoc
2698 2592 3128 2661 przedicationem
3180 2609 3349 2646 meam
3397 2596 3626 2664 augebit.
3665 2595 3867 2650 Deinde

2287 2684 2406 2750 quia
2435 2682 2766 2737 sermonibus
2793 2699 2893 2737 non
2926 2685 2994 2738 ita
3038 2684 3409 2754 persuadebat.
3439 2701 3468 2738 a
3497 2701 3674 2740 rerum
3697 2703 3864 2758 expe-

2288 2777 2476 2829 rientia
2511 2777 2652 2845 ipsos
2682 2777 2843 2831 allicit
2872 2778 3053 2832 dicens
3088 2796 3100 2832 :
3135 2779 3188 2833 In
3223 2779 3488 2834 frumento
3519 2781 3620 2836 hoc
3645 2783 3862 2845 accidit,

2289 2876 2346 2918 ttt
2376 2876 2612 2920 mortuus
2634 2868 2884 2936 majorem
2923 2869 3147 2923 fructum
3182 2871 3386 2925 alferat.
3416 2871 3470 2926 Si
3497 2871 3598 2926 hoe
3617 2872 3671 2927 in
3697 2875 3861 2927 semi-

2287 2957 2460 3022 nibus,
2492 2960 2657 3012 multo
2689 2961 2855 3028 magis
2880 2959 2931 3012 in
2959 2975 3064 3013 me.
3100 2959 3290 3015 Verum
3319 2961 3562 3031 discipuli
3592 2963 3732 3018 dicta
3756 2979 3866 3019 non

2287 3049 2679 3106 intellexerunt.
2711 3053 2883 3119 Quare
2913 3051 3219 3122 frequenter
3267 3053 3367 3110 hoc
3412 3057 3602 3126 repetit
3630 3072 3864 3129 evange-

2287 3141 2404 3194 lista
2426 3183 2440 3200 ,
2474 3151 2531 3195 nt
2550 3155 2762 3197 excuset
2790 3159 2883 3198 eos
2904 3145 3042 3213 quod
3067 3155 3247 3214 postea
3270 3145 3518 3217 fugerint.
3561 3149 3865 3206 Istiusmodi

2287 3246 2588 3286 sermonem
2617 3234 2684 3286 de
2728 3235 3121 3290 resurrectione
3149 3235 3424 3306 disputans
3465 3238 3662 3295 Paulus
3689 3241 3868 3296 attulit

2292 3323 2373 3392 (1.
2404 3323 2517 3376 Cor.
2552 3324 2637 3378 15.
2667 3324 2755 3378 56.
2782 3341 2887 3395 sqq.
2914 3325 2953 3396 ).

2361 3418 2411 3470 5.
2443 3417 2606 3483 Quam
2634 3433 2762 3486 ergo
2787 3419 3180 3475 excusationem
3209 3421 3480 3477 habebunt
3508 3423 3542 3477 ii
3571 3425 3657 3494 qui
3687 3439 3867 3479 resuro

2290 3507 2577 3562 rectionem
2607 3525 2711 3562 non
2741 3509 2983 3576 credunt,
3012 3527 3131 3565 cum
3163 3512 3304 3567 illam
3334 3513 3384 3567 in
3412 3514 3703 3570 seminibus
3732 3533 3868 3586 quo-

2289 3597 2416 3652 tidie
2446 3599 2792 3667 contemplari
2822 3603 3117 3669 possimus.
3150 3603 3200 3656 in
3233 3602 3424 3671 plantis
3447 3620 3658 3675 quoque
3677 3645 3692 3669 ,
3725 3619 3777 3661 et
3809 3609 3865 3661 in

2287 3689 2626 3756 generatione
2670 3689 2893 3742 nostra?
2943 3690 3120 3745 Primo
3168 3693 3309 3746 enim
3359 3697 3628 3765 corrumpi
3678 3713 3866 3753 semen

2286 3791 2529 3850 Oportet,
2561 3791 2614 3835 et
2658 3780 2780 3835 inde
2823 3782 2931 3834 ﬁeri
2962 3784 3378 3852 generationem.
3407 3784 3707 3842 Universim
3737 3804 3868 3843 vero

2287 3886 2406 3926 cum
2449 3873 2586 3927 Deus
2619 3872 2813 3941 aliquid
2861 3873 3016 3936 facit,
3051 3875 3208 3927 nullis
3251 3890 3384 3945 opus
3425 3885 3506 3930 est
3548 3878 3866 3937 ratiociniis.

2287 3963 2564 4028 Quomodo
2598 3963 2739 4016 enim
2780 3977 2875 4016 nos
2921 3979 2985 4017 ex
3032 3979 3134 4017 non
3173 3966 3499 4020 exstantibus
3543 3966 3709 4020 fecit?
3743 3968 3870 4022 llac

2287 4055 2604 4110 Christianis
2629 4055 2783 4118 dico,
2817 4056 2906 4124 qui
2949 4071 3007 4110 se
3045 4057 3226 4112 dicunt
3269 4057 3554 4128 Scripturis
3593 4061 3814 4115 credere
3852 4083 3864 4116 :

2288 4149 2477 4203 addam
2525 4148 2662 4201 aliud
2702 4164 2764 4202 ex
2815 4147 3057 4202 immanis
3102 4150 3410 4205 ratiociniis.
3445 4151 3521 4206 Ex
3560 4151 3869 4208 hominibus

2287 4243 2374 4296 alii
2409 4242 2666 4311 improbi,
2699 4242 2789 4295 alii
2835 4243 2980 4309 probi
3027 4253 3151 4296 sunt
3181 4260 3193 4294 :
3222 4260 3287 4296 ex
3334 4242 3587 4311 improbis
3623 4247 3775 4300 tnulti
3807 4265 3870 4301 ru

2289 4347 2538 4402 prospera
2583 4332 2647 4386 ad
2695 4343 2986 4386 extremam
3031 4344 3358 4388 senectutem
3398 4334 3767 4398 devenerunt:
3799 4355 3868 4394 ex

2291 4425 2469 4492 probis
2493 4439 2646 4477 secus
2673 4438 2760 4477 res
2787 4425 2965 4477 cessit.
2991 4424 3335 4491 Quandonam
3362 4441 3490 4496 ergo
3519 4439 3571 4482 et
3599 4445 3704 4497 quo
3730 4440 3869 4484 tem-

2290 4529 2418 4583 pore
2459 4514 2646 4582 singuli
2692 4530 2786 4582 pro
2828 4516 3015 4569 merito
3045 4516 3342 4586 accipient?
3369 4517 3543 4583 Sane,
3578 4520 3853 4590 inquiunt.

2291 4606 2382 4660 sed
2413 4621 2694 4673 corporum
2728 4607 3047 4662 resurrectio
3076 4622 3179 4661 non
3206 4617 3306 4662 est.
3336 4607 3451 4663 Non
3480 4608 3700 4664 audiunt
3731 4613 3862 4667 Pau-

2291 4698 2398 4750 lum
2431 4698 2715 4762 dicentem,
2752 4698 2956 4768 Oportet
2991 4698 3310 4767 corruptibile
3339 4700 3432 4754 hoc
3459 4702 3665 4755 induere
3693 4705 3870 4758 incor-

2289 4794 2569 4864 ruptionem
2597 4793 2671 4861 (1.
2703 4792 2817 4847 Cor.
2852 4794 2938 4847 15.
2971 4791 3101 4864 55)?
3127 4792 3241 4846 Non
3268 4793 3336 4847 de
3361 4794 3534 4848 anima
3564 4798 3695 4864 (non
3721 4799 3868 4852 enim

2291 4889 2462 4941 anima
2488 4886 2865 4957 corrumpitur)
2895 4904 2908 4940 :
2936 4896 2988 4940 et
3013 4887 3331 4940 resurrectio
3355 4887 3549 4941 dicitur
3573 4889 3640 4942 de
3667 4888 3755 4941 illo
3777 4893 3870 4959 qui

2292 4979 2481 5033 cecidit
2511 4997 2523 5032 :
2551 4979 2742 5033 cecidit
2769 4991 2895 5031 vero
2921 4991 3132 5046 corpus.
3162 4975 3270 5031 Cur
3296 4988 3473 5032 autem
3506 4994 3610 5032 non
3641 4980 3718 5034 vis
3748 4996 3874 5036 esse

2291 5071 2527 5140 corporis
2551 5071 2990 5124 resurrectionem
3010 5069 3082 5139 (a)
3103 5069 3124 5122 ἲ
3144 5084 3318 5122 antron
3340 5069 3603 5137 possibilis
3627 5070 3734 5125 Deo
3756 5073 3878 5126 est?

2293 5163 2396 5216 Sed
2427 5162 2527 5216 hoc
2572 5177 2766 5230 negare
2805 5172 3056 5216 extrema:
3099 5161 3413 5229 insipientite
3451 5171 3613 5216 esset.
3655 5165 3724 5215 At
3766 5181 3873 5216 non

2292 5255 2483 5308 decet?
2506 5253 2614 5306 Cur
2643 5268 2746 5306 non
2777 5252 2928 5307 decet
2955 5253 3055 5306 hoc
3084 5253 3446 5322 corruptibile,
3475 5253 3614 5322 quod
3640 5261 3695 5307 et
3726 5253 3880 5306 labo.

2294 5360 2404 5398 rem
2428 5353 2482 5397 et
2507 5354 2732 5396 mortem
2754 5359 2856 5396 una
2881 5344 3061 5408 subiit,
3085 5357 3312 5396 coronas
3330 5344 3488 5395 etiam
3517 5343 3875 5412 participare?

2293 5435 2422 5489 Nam
2454 5437 2496 5488 si
2529 5450 2632 5488 non
2661 5435 2875 5488 deceret
2900 5476 2913 5497 ,
2945 5451 3047 5488 non
3079 5450 3106 5486 a
3141 5432 3400 5501 principio
3427 5429 3624 5486 factum
3652 5434 3835 5489 fuisset
3859 5477 3874 5496 .

2295 5544 2464 5596 neque
2491 5528 2729 5581 Christus
2757 5543 2969 5580 carnem
2997 5527 3327 5594 sumpsisset.
3348 5524 3496 5589 Quod
3525 5535 3704 5580 autem
3729 5543 3876 5579 sum-

2298 5621 2479 5687 psvrit,
2513 5620 2760 5690 illamque
2788 5618 3200 5682 resuscitaverit,
3228 5617 3350 5671 andi
3377 5617 3503 5686 quid
3526 5618 3668 5672 dicat
3694 5636 3706 5670 :
3733 5618 3879 5686 lnfer

2297 5713 2476 5782 digitos
2505 5722 2631 5778 tuos,
2665 5723 2709 5765 et
2735 5713 2844 5765 vide
2867 5712 2984 5778 quia
3009 5710 3212 5779 spiritus
3242 5724 3354 5762 ossa
3381 5719 3428 5762 et
3455 5725 3630 5762 nervos
3661 5726 3760 5762 non
3790 5712 3880 5762 ha-

2361 5829 2431 5887 (a;
2457 5827 2683 5875 Haeretici
2727 5833 2864 5875 erant
2909 5825 2990 5885 qui
3041 5823 3261 5872 dicerent
3287 5835 3484 5875 carnem
3527 5834 3623 5870 non
3657 5834 3878 5872 restare-

2299 5897 2482 5937 eturmn
2511 5901 2636 5936 esse.
