4088 6498
181 456 289 514 369

182 574 260 626 Μ
287 571 476 647 (Joan.
502 575 594 632 ΞΟ.
625 577 740 649 27).
766 579 875 634 Cur
900 578 1159 637 Lazarum
1190 585 1484 651 suscitavit,
1515 588 1559 642 si
1589 587 1782 644 melius

180 674 299 718 erat
325 663 446 720 sine
471 681 699 737 corpore
730 685 1010 741 resurgere
1029 673 1054 724 ?
1077 688 1176 728 cur
1201 675 1339 729 inter
1361 677 1508 746 signa
1534 687 1589 733 et
1616 677 1782 734 bene-

183 757 306 812 ficia
340 760 444 814 hoc
472 764 690 830 posuit?
723 781 820 819 cur
847 767 997 821 cibos
1022 768 1290 836 prmbuit?
1318 769 1395 826 Ne
1419 772 1616 842 itaque,
1640 773 1777 829 dile-

178 849 282 916 cti,
315 852 388 905 ab
415 852 677 910 hmreticis
703 856 1061 926 deeipiamini.
1089 860 1155 914 Et
1185 862 1528 929 resurrectio,
1557 873 1610 918 et
1633 864 1775 934 judi-

175 942 322 996 cium
352 956 458 999 est.
495 946 616 1002 llaec
641 958 819 1002 autem
849 948 917 1004 de
948 951 1125 1006 medio
1157 951 1347 1007 tollunt
1376 965 1636 1026 quotquot
1673 973 1774 1012 no-

178 1031 296 1085 lunt
324 1048 550 1103 operum
577 1052 792 1092 suorum
824 1041 1082 1096 rationem
1113 1042 1358 1100 reddere.
1388 1045 1612 1115 Oportet
1630 1048 1772 1104 enim

177 1125 633 1181 resurrectionem
682 1128 838 1183 talem
889 1147 1049 1198 esse,
1094 1136 1264 1203 qualis
1310 1137 1409 1192 fuit
1455 1143 1774 1196 resurrectio

174 1213 403 1270 Christi.
431 1217 684 1274 Primitias
713 1222 853 1276 enim
887 1222 983 1278 ille
1002 1237 1104 1288 est,
1134 1237 1190 1282 et
1215 1229 1599 1300 primogenitus
1630 1249 1775 1287 mor-

174 1312 417 1360 tuorum.
447 1308 600 1374 Quod
637 1311 682 1365 si
723 1317 1042 1370 resurrectio
1083 1327 1166 1372 est
1182 1321 1384 1406 .auimm
1417 1322 1683 1392 purgatio.
1718 1334 1773 1380 et

175 1399 424 1454 liberatio
451 1417 479 1454 a
512 1405 779 1471 peccatis;
809 1405 1054 1463 Christus
1082 1399 1209 1464 vero
1236 1429 1341 1467 non
1373 1417 1612 1483 peccavit
1637 1435 1648 1468 :
1673 1434 1770 1473 cur

170 1493 518 1546 resurrexit?
545 1497 813 1564 quomodo
842 1513 938 1552 nos
965 1515 995 1552 a
1029 1502 1403 1560 ntaledictione
1437 1505 1644 1562 liberati
1675 1523 1768 1564 su-

169 1597 312 1644 mus,
345 1585 392 1637 si
423 1585 536 1653 ipse
563 1588 840 1654 peccavit?
867 1593 1137 1659 quomodo
1167 1595 1316 1662 dicit,
1357 1595 1498 1651 Venit
1537 1601 1769 1673 princeps

170 1671 330 1744 hujus
362 1677 560 1740 mundi,
593 1687 640 1731 et
665 1678 719 1732 in
748 1696 830 1734 me
853 1699 953 1736 non
981 1684 1126 1738 habet
1158 1687 1435 1757 quidquam
1462 1689 1644 1761 (Joan.
1675 1671 1763 1751 η.

167 1761 302 1832 50)?
325 1762 461 1817 Nam
492 1765 595 1820 hoc
620 1767 1116 1837 impeecabilitatem
1145 1775 1263 1844 ejus
1291 1779 1572 1848 signiﬁcat.
1605 1782 1768 1852 Igitur

167 1855 469 1910 secundum
507 1858 646 1926 illos,
673 1870 768 1916 aut
807 1879 912 1919 non
950 1869 1206 1934 surrexit,
1237 1871 1318 1925 vel
1351 1881 1409 1927 ut
1440 1887 1760 1945 resurgeret,

163 1954 292 1999 ante
340 1953 791 2007 resurrectionem
834 1958 1091 2024 peccavit.
1124 1957 1228 2014 Sed
1270 1972 1323 2017 et
1356 1968 1677 2032 resurrexit,
1710 1980 1763 2024 et

165 2046 448 2102 pewatum
493 2055 599 2096 non
643 2043 784 2100 fecit.
829 2046 969 2118 Ergo
1002 2056 1330 2121 resurrexit;
1360 2065 1413 2112 et
1453 2059 1567 2114 haec
1598 2078 1758 2128 prava

162 2126 414 2183 doctrina
453 2130 584 2187 nihil
619 2134 764 2190 aliud
799 2148 882 2193 est
920 2156 1080 2210 quam
1127 2143 1298 2200 inanis
1335 2148 1518 2218 gloriae
1562 2126 1757 2220 proles.

164 2215 321 2273 llunc
347 2235 477 2290 ergo
505 2223 751 2281 morbum
781 2227 1063 2300 fugiamus.
1088 2233 1218 2292 Nam
1243 2215 1585 2310 Corrumpunt
1604 2246 1761 2301 bonos

160 2320 325 2365 mores
350 2312 604 2383 colloquia
630 2334 784 2386 praua
811 2321 886 2391 (1.
919 2321 1039 2378 Cor.
1071 2325 1157 2381 15.
1189 2327 1300 2398 35).
1331 2330 1446 2387 Non
1487 2347 1611 2390 sunt
1642 2335 1757 2393 haec

159 2401 529 2468 apostolorum
555 2405 823 2478 d0gmata.
852 2411 1087 2471 Marcion
1119 2427 1174 2474 et
1200 2420 1511 2480 Valentinus
1539 2428 1654 2484 hinc
1680 2430 1757 2483 in-

162 2504 452 2550 novarunt.
484 2497 773 2570 Fugiamus
803 2520 965 2576 ergo,
995 2508 1199 2567 dilecti.
1227 2512 1370 2570 Nihil
1401 2520 1620 2587 prodest
1649 2524 1754 2580 vita

157 2581 322 2648 bona,
349 2601 472 2642 cum
497 2603 654 2658 prava
678 2593 920 2652 doctrina
945 2617 959 2653 :
985 2612 1043 2657 ut
1069 2602 1300 2662 vicissim
1328 2581 1459 2666 nihil
1488 2626 1615 2668 sana
1641 2613 1743 2670 do-

156 2675 362 2740 ctrina,
393 2671 514 2734 cum
541 2682 648 2738 vita
675 2700 946 2760 corrupta.
977 2692 1102 2749 Haec
1125 2699 1355 2767 gentiles
1380 2716 1703 2774 pepererunt
1734 2727 1748 2763 :

159 2763 276 2822 haec
301 2769 380 2825 illi
406 2785 670 2830 auxerunt
694 2777 764 2834 ab
786 2785 1022 2839 externis
1048 2763 1266 2858 accepta
1301 2763 1636 2865 philosophis
1656 2839 1669 2864 ,
1698 2808 1753 2856 et

159 2864 445 2920 materiam
474 2881 577 2921 non
605 2868 798 2927 factam
826 2883 881 2929 et
913 2878 1079 2934 multa
1109 2879 1480 2950 hujuscemodi
1507 2864 1749 2944 statuen-

159 2959 259 3009 tes.
287 2952 359 3009 Ut
377 2969 507 3026 ergo
528 2957 777 3017 dixerunt
798 2980 902 3020 non
925 2983 1046 3024 esse
1065 2983 1363 3031 creatorem
1386 2978 1502 3034 sine
1529 2981 1750 3039 materia

158 3057 265 3098 non
291 3045 430 3102 facta
458 3067 471 3103 :
496 3051 573 3106 sic
595 3061 651 3109 et
675 3062 1121 3118 resurrectionem
1150 3079 1428 3137 negarunt.
1461 3072 1657 3130 Verum
1681 3092 1750 3132 ne

157 3131 221 3188 iis
249 3138 591 3196 attendamus
615 3184 631 3207 ,
665 3160 786 3201 cum
818 3150 1132 3210 immensam
1165 3131 1255 3214 Dei
1297 3171 1612 3229 potestatem
1644 3183 1747 3224 no-

155 3419 209 3462 et
249 3413 455 3479 nudus,
485 3420 584 3472 etsi
625 3421 675 3475 in
713 3424 1034 3484 inﬁrmiores
1069 3432 1346 3502 inciderit,
1380 3439 1505 3497 licet
1534 3443 1742 3513 fortior,

155 3499 310 3558 facile
332 3507 593 3576 capietur.
623 3511 752 3567 Nam
783 3515 827 3570 si
853 3517 1144 3589 Scripturis
1167 3499 1537 3600 attenderetis,
1565 3543 1619 3591 et
1649 3551 1744 3594 vos

153 3595 392 3662 quotidie
417 3600 482 3654 ad
510 3616 740 3674 pugnam
761 3614 1111 3680 appararetis,
1143 3632 1248 3673 non
1274 3633 1464 3678 auctor
1486 3595 1636 3683 vobis
1659 3644 1744 3686 es-

156 3699 268 3741 sem
299 3699 358 3743 ut
388 3706 614 3763 pugnam
642 3699 901 3759 adversus
937 3706 1055 3762 illos
1095 3711 1333 3769 vitaretis
1356 3756 1370 3782 ,
1402 3717 1497 3773 sed
1525 3737 1738 3780 manum

155 3791 438 3839 conserere
457 3787 736 3844 suaderem
759 3810 771 3845 :
793 3809 914 3849 nam
943 3795 1093 3854 fortis
1113 3811 1196 3857 est
1216 3806 1428 3862 veritas.
1451 3809 1586 3877 Quia
1612 3830 1740 3872 vero

153 3868 440 3943 Scripturis
465 3877 540 3934 uti
569 3883 805 3947 nescitis,
830 3902 1175 3958 congressum
1207 3898 1388 3962 timeo.
1415 3918 1482 3958 ne
1508 3904 1738 3964 inermes

153 3972 248 4014 vos
276 3963 348 4018 illi
382 3979 739 4034 prosternant.
767 3976 906 4031 Nihil
937 3981 1101 4049 enim,
1130 3987 1262 4043 nihil
1291 3991 1472 4064 utique
1498 3963 1738 4056 imbecil;

155 4046 252 4104 lius
278 4052 341 4108 iis
368 4057 460 4126 qui
490 4058 718 4128 Spiritus
744 4068 942 4124 auxilio
963 4046 1095 4127 sunt
1115 4076 1374 4138 destituti.

223 4140 652 4219 Philosophorum
679 4150 860 4216 mores.
881 4193 952 4205 —-
971 4165 1124 4233 Quod
1148 4171 1193 4226 si
1223 4175 1489 4235 exteriore
1515 4192 1731 4242 utantttr

1195 467 1257 525 lN
1294 471 1610 528 tomum
1653 475 1879 531 κωκυ
1922 472 2130 536 vau.
2169 484 2239 537 al.
2283 471 2463 542 LXVI.

3407 509 3477 569 70

1886 592 2180 659 sapientia,
2227 599 2524 656 mirandum
2569 619 2674 658 non
2718 616 2833 673 est,
2864 611 2958 664 sed
2991 615 3165 682 potius
3196 617 3472 679 ridendum

1885 683 2024 749 quod
2064 685 2240 742 stultis
2283 700 2498 746 utantur
2542 692 2869 755 doctoribus.
2907 701 3092 774 Neque
3129 710 3272 764 enim
3301 713 3386 768 vel
3410 715 3477 771 de

1885 775 2018 844 Deo,
2055 781 2140 836 vel
2169 766 2239 838 de
2265 796 2507 841 creatura
2538 789 2663 859 quid
2693 807 2881 848 sanum
2913 796 2987 852 illi
3019 797 3259 858 invenire
3286 817 3476 876 potue-

1884 880 2045 934 runt;
2085 873 2179 928 sed
2209 889 2271 930 ea
2300 892 2419 947 qua:
2446 880 2586 944 apud
2618 896 2714 937 nos
2747 883 2903 940 vidua
2936 888 3115 954 novit.
3147 873 3477 967 Pythagoras

1882 974 2102 1029 prorsus
2144 962 2422 1033 ignoravit.
2453 969 2559 1025 Sed
2598 971 2779 1028 dicunt
2808 977 3041 1032 animam
3073 962 3355 1053 fruticem',
3391 990 3475 1058 pi-

1880 1063 2026 1105 scem
2049 1093 2064 1117 ,
2094 1068 2280 1109 canem
2323 1059 2460 1114 lteri.
2503 1061 2698 1128 l’lisne,
2731 1081 2944 1135 quaeso,
2974 1073 3257 1128 attendas?
3286 1088 3341 1131 et
3369 1096 3470 1149 qua

1879 1141 2125 1198 ratione?
2152 1143 2326 1216 Magni
2364 1159 2488 1203 sunt
2527 1152 2600 1206 illi
2635 1154 2686 1206 in
2729 1157 2880 1222 vico,
2910 1161 3188 1218 cincinnos
3219 1166 3471 1235 pulchros

1878 1231 2054 1298 alunt,
2098 1235 2270 1302 palliis
2315 1239 2604 1296 induuntur
2639 1260 2654 1294 :
2696 1243 2954 1305 hactenus
2996 1254 3244 1325 pertingit
3282 1272 3472 1316 eorum

1877 1320 2230 1392 philosophia.
2257 1325 2310 1381 Si
2342 1330 2481 1383 intus
2502 1334 2778 1403 respicias,
2806 1339 2962 1408 cinis,
2995 1345 3186 1412 pulvis,
3222 1348 3353 1402 nihil
3384 1366 3472 1405 sa-

1874 1426 2002 1464 num
2030 1423 2132 1480 est,
2161 1417 2254 1471 sed
2281 1417 2584 1488 Sepulcrum
2611 1437 2789 1496 patens
2812 1440 2883 1485 est
2904 1444 3078 1502 guttur
3100 1454 3270 1492 eorum
3293 1440 3466 1510 (Psal.

1873 1500 1925 1556 5.
1963 1504 2088 1570 H);
2118 1509 2294 1578 omnia
2336 1510 2670 1571 immunditie
2696 1527 2752 1572 et
2776 1500 2924 1577 sanie
2953 1525 3109 1593 plena
3135 1569 3149 1588 ,
3184 1539 3240 1584 et
3278 1500 3463 1588 eorum

1873 1592 2119 1662 dogmata
2165 1603 2437 1659 vermibus
2492 1619 2718 1665 scatent.
2773 1613 2982 1674 Primus
3021 1635 3208 1677 eorum
3267 1641 3460 1694 aquam

1872 1684 2010 1740 dixit
2050 1703 2170 1744 esse
2219 1690 2413 1760 deum;
2445 1697 2534 1767 qui
2579 1715 2836 1771 sequutus
2877 1717 2997 1775 est,
3042 1711 3254 1781 ignem;
3286 1718 3460 1782 alius,

1867 1790 2047 1832 aerem
2083 1781 2159 1852 (a)
2183 1797 2212 1847 ;.
2237 1795 2285 1839 et
2317 1801 2506 1844 onmes
2531 1791 2597 1847 ad
2627 1809 2848 1864 corpora
2879 1800 3038 1856 delati
3061 1816 3205 1861 sunt.
3241 1809 3420 1866 llosne
3443 1853 3459 1878 ,

1868 1881 2049 1936 quaeso
2071 1913 2087 1937 ,
2117 1874 2361 1940 mireris,
2390 1881 2480 1949 qui
2515 1897 2582 1937 ne
2623 1886 2920 1957 incorporei
2949 1897 3164 1964 quidem
3197 1900 3287 1956 Dei
3315 1874 3459 1958 noti;

1869 1957 1994 2012 tiam
2022 1963 2288 2032 attigere?
2315 1966 2465 2035 Quod
2497 1973 2542 2025 si
2573 1985 2754 2043 postea
2780 1982 2906 2049 quid
2939 1957 3221 2054 noverunt,
3257 1991 3307 2046 itl
3335 2009 3462 2050 eve-

1867 2049 1946 2103 nit
1970 2061 2250 2122 postquam
2276 2057 2330 2110 in
2356 2057 2588 2131 [Egypto
2612 2081 2732 2120 cum
2765 2073 2964 2128 nostris
2988 2049 3280 2149 colloquuti
3309 2049 3454 2138 sunt.

1864 2137 1971 2195 Sed
2005 2157 2075 2198 ne
2111 2159 2208 2200 vos
2246 2149 2469 2204 nimium
2519 2159 2890 2223 perturbemus
2913 2205 2929 2229 ,
2961 2165 3048 2223 hic
3081 2137 3266 2227 orandi
3294 2175 3456 2232 finem

1863 2229 2142 2290 faciamus.
2170 2237 2226 2292 Si
2254 2239 2396 2295 enim
2427 2243 2638 2302 illorum
2666 2249 2965 2310 doctrinam
2996 2273 3296 2331 proponere
3325 2267 3458 2323 inci.

1863 2313 2092 2392 piamus,
2119 2328 2247 2398 quid
2272 2329 2340 2387 de
2368 2332 2499 2400 Deo,
2526 2339 2651 2407 quid
2678 2341 2747 2396 de
2769 2313 3012 2414 materia:
3034 2313 3254 2421 quid-de
3267 2313 3453 2415 animus

1861 2425 1916 2469 et
1953 2415 2024 2472 de
2061 2433 2289 2491 corpore
2312 2423 2578 2498 dixerint,
2619 2448 2843 2506 magnus
2871 2415 3230 2513 consuiuetur
3264 2450 3407 2507 risus
3439 2473 3453 2508 :

1860 2521 2037 2577 neque
2073 2522 2255 2568 nostra
2299 2517 2532 2587 egebant
2573 2523 2972 2598 eonfutatione;
3012 2534 3115 2606 ipsi
3153 2539 3296 2595 enim
3333 2557 3455 2601 sese

1859 2608 2047 2656 mutuo
2074 2603 2407 2667 confodiunt.
2433 2610 2534 2678 Qui
2566 2626 2750 2672 contra
2783 2637 2882 2676 nos
2909 2623 2977 2679 de
3005 2603 3226 2684 materia
3255 2632 3450 2690 librum

1859 2691 2076 2758 scripsit
2136 2696 2243 2768 (ὁ),
2270 2700 2504 2770 seipsum
2531 2708 2789 2766 confodit.
2829 2713 3008 2783 Quare
3038 2735 3105 2775 ne
3131 2737 3227 2776 vos
3255 2723 3452 2782 frustra

1857 2777 2222 2854 detineamus,
2269 2804 2370 2846 nec
2411 2807 2721 2854 sermonum
2767 2801 3132 2874 labyrinthum
3175 2821 3448 2884 texamus,

1856 2866 1940 2925 his
1980 2873 2184 2941 missis,
2231 2877 2335 2935 hoc
2373 2881 2614 2943 dicemus
2654 2907 2668 2943 :
2709 2866 3011 2953 divinarum
3051 2866 3449 2973 Scripturarutn

1855 2958 2073 3018 lectioni
2104 2968 2508 3041 attendendum,
2542 2993 2717 3049 neque
2753 2985 2929 3042 verbis
2958 2993 3273 3050 certandum
3302 3013 3445 3068 esse,

1853 3053 2001 3109 nullo
2029 3056 2223 3117 fructu.
2254 3062 2406 3129 Quod
2435 3068 2599 3125 etiam
2634 3073 2832 3132 Paulus
2873 3078 3213 3140 Timotheum
3253 3053 3445 3157 docet

1853 3151 1953 3204 etsi
1984 3153 2144 3208 multa
2172 3155 2488 3215 instructum
2514 3164 2775 3233 sapientia
2799 3211 2814 3235 ,
2842 3181 2897 3226 et
2919 3174 3194 3245 signorum
3221 3183 3445 3251 gratiam

1854 3239 2140 3300 habentem
2171 3245 2246 3318 (2.
2281 3248 2413 3305 Tim.
2445 3252 2499 3307 2.
2532 3255 2642 3326 14).
2671 3256 2774 3330 lpsi
2804 3277 2934 3332 ergo
2969 3239 3443 3340 obtemperenms,

1851 3330 2182 3404 abiectisque
2231 3340 2420 3408 nugis,
2467 3346 2719 3413 operibus
2762 3330 2980 3410 marium
3021 3330 3442 3430 admoveamus,

1850 3420 2073 3477 fratrum
2097 3430 2267 3482 amori
2294 3428 2435 3496 dico.
2461 3432 2827 3507 hOSpitalitati,
2853 3455 2906 3499 et
2933 3462 3178 3518 magnam
3212 3453 3444 3510 eleemo-

1849 3528 1997 3586 synae
2024 3519 2284 3576 rationem
2313 3524 2605 3585 habeamus
2629 3548 2645 3598 ;
2675 3545 2732 3588 ut
2761 3540 3020 3606 promissa
3049 3558 3445 3618 consequamur

1849 3605 2023 3676 bona,
2051 3612 2220 3681 gratia
2250 3623 2306 3669 et
2339 3615 2668 3690 benignitate
2696 3605 2905 3685 Domini
2936 3635 3102 3688 nostri
3130 3605 3256 3693 test}
3284 3605 3437 3698 cura;

1847 3699 1938 3767 sti,
1967 3704 2050 3757 cui
2077 3705 2244 3775 gloria
2272 3707 2324 3761 in
2356 3713 2548 3768 saecula
2577 3719 2914 3776 saeculorum.
2945 3725 3141 3785 Amen.

1909 3832 1982 3932 (fi)
2014 3839 2230 3932 ³⁰Ξί⁵⁰⁰⁸
2250 3845 2423 3908 λωίπ
2445 3845 2496 3920 ῖη
2519 3853 2814 3932 "meti?"
2834 3855 2892 3904 ad
2917 3856 3132 3932 δτφοοει
3156 3864 3298 3932 ρξμιο
3330 3882 3440 3932 post

1909 3912 1911 3932 ι
1954 3909 2035 3932 ..τη
2103 3911 2133 3932 ι.
2154 3913 2319 3932 .........
2339 3918 2549 3932 -.........
2572 3925 2754 3932 --.ω
2786 3929 2802 3932 ,
2835 3929 2881 3932 __

1845 3892 2054 3957 ίηίίίίπθν
2067 3898 2134 3992 “.2
2154 3892 3439 3992 ξεῖτυω,οίυυίὖάιῐῦπῖἓίῖιῖῖ,ἕξοῐῦιῖῖῧιὶἶῖὕῒοιῗῑῖοῗ

1845 3967 1951 3992 l'nm
1990 3973 2078 3992 ann
2140 3975 2167 3992 η
2193 3975 2286 3992 ποι-ιη
2348 3977 2546 3992 ,ιη-ιιι..-
2593 3982 2649 3992 --ι
2663 3987 2752 3992 ..---
2780 3985 2814 3992 ..ς

1843 3967 1951 4005 rum
1989 3964 2287 4033 sententiam
2329 3964 3438 4053 loquitur,'aitque'i‘haletem—diceievaq'dani

1844 4027 1958 4053 pnus
1980 4032 2195 4053 mnnlllm
2218 4038 2384 4053 Ion-ann
2411 4043 2692 4053 -ι-.-.ιι.------.
2803 4052 2806 4053 ,
2938 4051 2943 4053 ,

1844 4023 2384 4115 sar-emittm,
2399 4023 2717 4115 ·ρ,ι;ε,ιεοίι›ίωίι,
2735 4023 3035 4115 asinina;

1861 4092 1958 4115 una
2133 4098 2189 4115 σιν
2215 4100 2409 4115 nonnon.
2477 4105 2488 4115 ι
2516 4107 2664 4115 an”---
2733 4111 2752 4115 Α
2772 4113 2784 4115 -

1842 4083 2424 4163 ἱκιὲῗξηλέμίιχῑῳθηθωξ
2435 4083 2667 4163 I_tiles_i_t_tm
2704 4083 2717 4095 ’
2730 4083 3038 4163 aere—tn:an

1890 4139 2321 4230 ,{ﬁmﬂiﬂwm
2339 4139 2757 4214 quidetiam...“
2765 4139 3080 4221 Εὲἷιὶαῢὲἱι
3099 4179 3268 4226 contra
3292 4175 3434 4230 cm.

1839 4207 2022 4254 stianos
2043 4207 2255 4258 sta-insit.

179 4279 3408 4391 \N\

1445 4404 1792 4473 HOMILIA
1833 4413 2090 4481 LXVII.

154 4507 274 4563 CAP.
307 4513 393 4568 12.
419 4531 470 4570 v.
498 4518 591 4574 25.
622 4522 724 4590 Qui
755 4538 892 4583 amat
915 4533 1138 4590 animam
1163 4554 1306 4594 suam
1326 4584 1340 4606 ,
1373 4544 1544 4613 perdet
1579 4566 1727 4612 eam;

219 4609 266 4653 et
302 4605 388 4672 qui
425 4608 533 4662 odit
569 4614 790 4670 animant
827 4633 975 4674 suam
1012 4624 1066 4678 in
1101 4626 1196 4682 hoc
1227 4634 1416 4688 mundo
1437 4677 1452 4698 ,
1483 4639 1538 4692 in
1574 4643 1728 4696 vitam

216 4874 267 4928 ί.
294 4876 531 4936 Praesens
553 4890 656 4942 vita
675 4906 775 4945 non
800 4895 963 4952 dulcis
981 4901 1194 4972 videtur,
1219 4909 1319 4964 nisi
1341 4912 1406 4964 de
1428 4914 1599 4982 futura
1624 4937 1725 4975 non

150 4965 491 5076 minantibus.
525 4977 788 5043 Quomodo
824 4988 912 5056 qui
949 5003 1084 5046 amat
1113 4999 1335 5054 animam
1366 4965 1511 5060 su'am
1546 5013 1725 5076 perdat

836 5046 847 5056 '
1117 5046 1333 5054 νγ---ν--ν-.-ν
1366 5046 1511 5060 vui-Il.
1546 5046 1716 5076 μνιιιιιι

149 5046 272 5107 eam.
300 5087 373 5100 —
402 5061 580 5120 Dulcis
608 5082 690 5123 est
719 5087 954 5142 priesens
981 5083 1082 5136 vita
1104 5127 1119 5150 ,
1148 5095 1202 5142 et
1231 5093 1410 5148 multa:
1441 5097 1594 5165 plena
1625 5117 1716 5156 vo-

149 5139 322 5165 In-.-“

149 5139 391 5254 lcuptatis;
417 5169 601 5210 verum
627 5175 733 5217 non
756 5170 1020 5236 omnibus,
1047 5177 1139 5231 sed
1168 5179 1230 5234 iis
1256 5185 1344 5253 qui
1370 5139 1474 5254 ipsi
1492 5183 1713 5247 haerent.

1009 5228 1020 5236 ν
1083 5228 1138 5231 ,_
1168 5228 1228 5234 η-
1259 5228 1344 5253 τ’-.
1370 5228 1465 5254 -Ιιιυι
1492 5228 1711 5247 -ηιαιυιιιο

147 5228 198 5284 Si
235 5239 348 5306 quis
388 5257 517 5299 vero
543 5250 728 5306 ciuium
770 5259 1053 5330 respiciat,
1087 5276 1140 5321 et
1169 5268 1305 5324 bona
1340 5273 1410 5328 ibi
1443 5281 1672 5347 reposita
1695 5326 1711 5350 ,

148 5322 399 5350 ll:..-:II-_.-
438 5333 459 5350 J
563 5339 573 5349 -
615 5340 626 5350 -

147 5322 246 5378 cito
267 5328 406 5386 illam
426 5333 702 5406 despiciet,
725 5353 778 5398 et
803 5322 898 5414 pro
919 5322 1086 5409 nihilo
1107 5355 1339 5416 habebit.
1367 5322 1580 5424 Namret
1599 5326 1717 5427 cor:

149 5425 323 5511 porum
355 5423 727 5498 pulchritudo,
758 5435 927 5493 donec
964 5443 1062 5497 alia
1098 5450 1393 5514 speciosior
1420 5423 1709 5529 appareat,

1130 5501 1143 5514 .
1174 5501 1186 5503 ~
1206 5501 1380 5507 νην-ν·
1420 5501 1671 5526 -ν-γ-ηνση
1691 5503 1709 5529 ι

148 5501 195 5554 iu
227 5507 571 5572 admiratione
619 5521 843 5583 habetur
871 5549 887 5586 :
916 5547 1036 5588 eum
1077 5554 1205 5594 vero
1242 5541 1526 5604 formosius
1555 5553 1712 5620 quid-

148 5594 272 5620 ..ζέω
326 5619 333 5620 κ
487 5609 497 5620 ·
537 5612 548 5620 ⁸

1245 5594 1525 5604 ,-_---__----
1555 5594 1710 5620 γης.-

147 5594 275 5661 piam
313 5609 668 5679 conspicitur,
711 5620 936 5684 primum
977 5634 1354 5691 contemnitur.
1397 5638 1453 5694 Si
1489 5642 1712 5700 velimus

147 5700 264 5790 ergo
289 5693 428 5752 illam
460 5702 650 5760 intueri
679 5711 1140 5785 pulchritudinem,
1165 5733 1218 5778 et
1246 5729 1394 5796 regni
1424 5693 1711 5804 illius-spe:

1128 5779 1138 5785 .
1284 5779 1394 5796 Ἢν--
1424 5779 1564 5787 η----
1590 5779 1706 5804 -..υ-

145 5779 268 5838 ciem
287 5826 302 5851 ,
329 5790 435 5844 cito
471 5801 753 5864 praesentia
781 5805 988 5862 vincula
1018 5811 1392 5873 dissolvemus.
1428 5821 1706 5881 Vinculum

147 5872 273 5930 enim
301 5889 381 5936 est
407 5897 583 5940 rerum
614 5896 954 5959 pnesentium
986 5913 1153 5958 amor.
1184 5905 1249 5960 Et
1278 5906 1377 5965 hoc
1407 5912 1560 5969 nobis
1586 5929 1705 5970 sua-

1834 4555 1971 4614 dens
2007 4562 2251 4625 Christus
2272 4610 2289 4637 ,
2330 4574 2453 4629 audi
2498 4579 2624 4648 quid
2667 4582 2811 4641 dicat
2840 4604 2856 4644 :
2891 4589 2992 4658 Qui
3026 4607 3167 4652 amat
3202 4604 3426 4661 animum

1833 4663 2010 4716 suam,
2053 4657 2228 4721 perdet
2267 4676 2417 4728 eam;
2452 4676 2502 4721 et
2540 4674 2628 4739 qui
2667 4676 2775 4731 odit
2811 4657 3034 4738 animam
3066 4703 3214 4744 suam
3248 4693 3301 4747 in
3331 4695 3429 4751 hoc

1832 4741 2043 4808 mundo,
2069 4746 2122 4801 in
2151 4749 2300 4804 vitam
2315 4763 2555 4813 (sternam
2575 4768 2818 4822 custodiet
2837 4787 2966 4828 eam.
2994 4775 3096 4845 Qui
3121 4783 3246 4839 mihi
3272 4789 3398 4843 mini

1829 4839 1958 4884 strat
1978 4875 1992 4896 ,
2025 4852 2104 4890 me
2140 4852 2379 4911 sequatur
2405 4860 2426 4900 .°
2451 4857 2499 4901 et
2532 4850 2619 4906 ubi
2645 4870 2736 4926 ego
2775 4876 2889 4916 sum
2910 4905 2926 4930 ,
2962 4839 3070 4922 iliic
3108 4881 3158 4927 et
3196 4877 3400 4935 miniata

1831 4937 1971 4978 meus
1994 4928 2106 4981 erit.
2138 4928 2266 4988 Ha-c
2301 4938 2568 5008 aenigmati
2607 4945 2799 5005 similia
2831 4953 3102 5025 videntur,
3139 4981 3313 5038 neque
3341 4980 3422 5024 ta-

1829 5026 1950 5066 men
1994 5026 2151 5086 sunt,
2182 5023 2273 5076 sed
2310 5029 2492 5084 multae
2532 5033 2688 5103 plena
2725 5041 3021 5110 sapientia.
3055 5023 3124 5105 Et
3150 5023 3422 5123 quomodo

2534 5101 2542 5103 ἡ
2789 5101 2804 5110 _
2984 5101 2989 5102 ,
3056 5101 3122 5105 __
3154 5101 3420 5123 -,-ν....,.,υ

1832 5101 1929 5168 Qui
1950 5119 2086 5162 amat
2112 5113 2334 5170 animam
2355 5135 2520 5188 suam,
2548 5129 2720 5195 perdet
2740 5150 2848 5187 eam
2864 5137 2892 5191 7
2914 5138 3013 5206 Qui
3038 5144 3284 5204 absurdis
3305 5153 3420 5222 ejus

1825 5199 2273 5265 concupiscentiis
2298 5208 2650 5284 obtemperat,
2679 5225 2767 5291 qui
2801 5226 2919 5295 plus
2948 5245 3106 5300 quam
3140 5253 3238 5307 par
3260 5199 3350 5298 est:
3367 5246 3416 5301 ei

1825 5283 2002 5307 ,_,__.~
2021 5300 2056 5307 ί,
2129 5292 2142 5307 .
2168 5294 2179 5307 .
2340 5299 2353 5307 .

1824 5283 2080 5357 indulget.
2126 5292 2249 5351 ldeo
2287 5283 2543 5361 admonet
2578 5283 2871 5384 quispiam,

1821 5378 2182 5445 cupiditatibus
2205 5389 2392 5446 anima:
2416 5403 2518 5449 tute
2545 5398 2564 5468 (
2579 5378 2734 5456 Eccli.
2769 5378 2869 5462 18..
2889 5410 3022 5486 50).
3345 5378 3412 5480 ii.-

1821 5465 1924 5521 lam
1950 5472 2143 5538 perdes
2168 5476 2322 5548 (nam
2354 5500 2382 5537 a
2411 5487 2493 5568 via
2520 5465 2586 5544 ad
2621 5493 2866 5554 virtutem
2893 5465 3086 5574 agente
3111 5512 3324 5568 abducit
3347 5518 3364 5585 )
3395 5536 3408 5571 :

2433 5562 2444 5568 η
2927 5562 2955 5574 ν
3064 5562 3080 5564 _
3116 5562 3124 5563 ὲ
3144 5562 3324 5568 w_w'--
3347 5562 3362 5585 1
3395 5562 3404 5571 ‘

1820 5566 1876 5610 ut
1901 5572 2115 5630 contra,
2145 5567 2246 5633 Qui
2273 5573 2377 5626 odit
2398 5567 2524 5631 'eam
2562 5581 2616 5635 in
2650 5584 2746 5639 hoc
2779 5594 2967 5647 mundo
2986 5639 3000 5660 ,
3030 5603 3242 5658 servabit
3269 5621 3404 5661 eam.

1815 5648 1951 5751 Quid
1975 5665 2078 5762 est,
2106 5657 2206 5724 Qui
2229 5663 2334 5762 odit
2363 5670 2517 5723 eam?
2537 5670 2636 5739 Qui
2667 5676 2743 5732 illi
2769 5648 3407 5762 periticiosaviubent‘iwre:

1815 5738 1974 5794 sistit.
2005 5743 2187 5816 Neque
2212 5750 2378 5817 dixit,
2408 5757 2506 5825 Qui
2541 5738 2646 5819 non
2675 5738 2846 5826 credit
2873 5777 2921 5830 ei
2946 5794 2960 5840 ;
3003 5738 3135 5848 seti,
3168 5784 3268 5851 Qui
3296 5791 3406 5844 odit

1813 5849 1942 5886 eum.
1973 5835 2434 5904 Quemadmodum
2463 5855 2607 5912 enim
2637 5860 2852 5922 odiosas
2889 5885 2988 5928 nec
3015 5876 3200 5934 audire
3228 5880 3400 5940 liben-

1814 5932 1925 5991 ter,
1961 5942 2057 5983 nec
2097 5931 2278 5991 videre
2320 5939 2530 6009 placide
2573 5964 2857 6019 possumus
2887 5979 2901 6018 :
2928 5965 3006 6022 sic
3036 5979 3086 6024 et
3126 5971 3357 6030 animam
3381 6019 3398 6044 ,
