4088 6556
675 496 683 504 ’
709 472 805 530 371

704 767 836 831 illis,
863 766 929 821 de
958 774 1129 819 morte
1156 763 1358 817 scilicet
1387 777 1501 824 sua,
1522 760 1880 831 prmvidetque
1912 757 2028 811 illos
2056 757 2106 808 in
2137 768 2270 808 mte-

700 857 896 912 stitiam
916 855 1232 925 delapsuros
1254 869 1396 919 esse,
1421 868 1532 907 rem
1553 850 1843 906 sublimiori
1867 848 2024 902 modo
2049 854 2266 901 tractat:

698 947 834 1015 Quid
859 947 1000 1012 dico,
1030 947 1072 1000 si
1101 953 1324 1001 mortem
1352 959 1523 1000 meam
1548 959 1654 997 non
1684 942 1890 996 fortiter
1917 939 2135 996 feratis?
2157 937 2266 992 Nisi

700 1053 795 1094 vos
839 1038 939 1110 ipsi
985 1037 1320 1102 moriamini,
1354 1035 1484 1090 nihil
1526 1033 1678 1089 vobis
1717 1033 1846 1086 lucri
1889 1030 2169 1099 supererit.
2202 1029 2269 1082 Et

701 1128 819 1186 vide
843 1129 1109 1200 quomodo
1136 1127 1554 1182 consolationem
1580 1124 1812 1179 sermoni
1841 1122 2113 1177 admiscet.
2143 1119 2268 1174 Val-

695 1220 766 1276 de
788 1219 976 1274 durum
1004 1228 1057 1272 et
1087 1217 1366 1272 molestum
1394 1224 1508 1270 erat
1535 1213 1738 1277 audire,
1779 1213 2044 1266 hominem
2075 1208 2264 1264 animae

696 1325 808 1365 sua:
833 1309 1252 1364 amantissimum
1283 1308 1417 1361 mori
1448 1317 1715 1374 Oportcre.
1747 1303 1950 1373 Ecquid
1975 1311 2148 1356 vetera
2180 1317 2265 1355 re-

694 1417 940 1458 censeam
959 1444 974 1467 ,
1005 1401 1218 1472 quando
1249 1414 1389 1454 nunc
1414 1399 1573 1454 etiam
1600 1397 1792 1451 multos
1821 1395 2148 1450 inveniemus
2171 1393 2262 1463 qui

695 1495 919 1550 libenter
945 1495 1124 1548 omnia
1153 1493 1400 1557 tolerent,
1428 1501 1484 1545 ut
1515 1491 1610 1544 hac
1636 1490 1739 1543 vita
1770 1488 2025 1551 fruantur,
2055 1485 2262 1540 etiamsi

694 1587 862 1642 futura
905 1585 1158 1642 credam?
1209 1586 1298 1655 qui
1339 1599 1462 1639 cum
1498 1583 1677 1636 vident
1722 1580 1976 1644 ardilicia,
2016 1577 2258 1647 opilicia,

694 1677 992 1743 machinas,
1023 1677 1372 1749 lacrymautes
1400 1675 1520 1728 talia
1561 1674 1743 1726 dicunt
1773 1691 1786 1726 :
1813 1673 2017 1737 Quanta
2052 1668 2258 1724 machi-

693 1783 850 1826 natnr
877 1771 1059 1835 homo,
1081 1779 1133 1825 et
1153 1769 1321 1839 pulvis
1342 1765 1598 1821 efficitur?
1623 1763 1693 1818 lta
1722 1778 1906 1833 magna
1933 1773 2015 1818 est
2040 1761 2258 1831 hujusce

691 1862 813 1917 vitae
833 1860 1277 1929 concupiscentia.
1305 1858 1425 1912 llaec
1446 1857 1620 1926 itaque
1641 1855 1847 1911 vincula
1873 1854 2083 1909 solvens
2101 1853 2257 1908 Chri-

687 1965 801 2011 stus
823 1955 897 2009 ait
924 1971 938 2007 :
970 1953 1070 2018 Qui
1101 1953 1207 2007 odit
1241 1952 1461 2005 animum
1486 1965 1627 2004 suam
1653 1949 1705 2001 in
1734 1948 1828 2000 hoc
1858 1946 2064 2008 mundo,
2096 1947 2150 2000 in
2177 1945 2256 1999 ni-

629 2031 633 2035 .
688 2058 792 2099 tam
816 2055 1056 2100 cateruam
1083 2044 1323 2098 custodiet
1360 2057 1489 2095 eam.
1517 2038 1667 2107 Quod
1706 2047 1880 2093 autem
1913 2047 1966 2092 ut
1991 2036 2110 2092 illos
2136 2051 2254 2090 mo-

689 2145 840 2192 neret
858 2177 873 2202 ,
901 2145 955 2191 et
983 2144 1179 2189 metum
1214 2148 1398 2188 eorum
1435 2132 1700 2195 solveret,
1729 2128 1843 2182 haec
1871 2128 2062 2182 dixerit
2084 2168 2100 2192 ,
2131 2126 2256 2181 andi

687 2245 751 2284 ex
782 2227 1123 2300 sequentibus
1148 2243 1163 2280 :
1193 2224 1283 2280 26.
1313 2225 1412 2292 Qui
1440 2223 1562 2276 mihi
1591 2223 1856 2285 ministrat,
1883 2235 1961 2273 me
1984 2230 2254 2288 sequatur;

685 2321 752 2375 de
776 2329 947 2376 morte
985 2319 1202 2388 loquens
1223 2357 1236 2379 ,
1267 2325 1324 2372 et
1353 2323 1411 2369 ut
1434 2329 1531 2386 per
1567 2328 1728 2383 opera
1757 2313 1930 2381 ipsum
1963 2318 2254 2380 sequantur

684 2412 918 2481 exigens.
949 2410 1185 2465 Minister
1208 2408 1352 2464 enim
1377 2421 1500 2462 eum
1536 2406 1620 2462 cui
1663 2405 1927 2458 ministrat
1955 2402 2103 2472 sequi
2131 2416 2248 2455 om-

683 2501 812 2556 nino
838 2499 1014 2556 debet.
1047 2499 1111 2554 Et
1139 2498 1414 2553 considera
1444 2495 1780 2567 quandonam
1818 2493 1931 2549 hare
1958 2493 2202 2562 loquatur
2233 2507 2247 2544 :

683 2608 788 2648 non
831 2608 954 2648 cum
996 2589 1462 2661 persequutionem
1505 2587 1864 2656 patiebantur,
1905 2583 1999 2640 sed
2037 2598 2156 2638 cum
2196 2583 2249 2637 in

683 2684 874 2739 tlducia
901 2682 1197 2753 degebant,
1226 2690 1279 2736 et
1307 2680 1362 2735 in
1399 2688 1511 2734 tuto
1535 2692 1654 2734 esse
1688 2664 1946 2748 putabant
1968 2717 1983 2741 ,
2012 2690 2041 2729 a
2068 2674 2250 2730 multis

680 2776 924 2830 honorati
951 2784 1003 2829 et
1027 2773 1182 2837 culti;
1211 2787 1334 2826 eum
1362 2785 1479 2826 sese
1503 2771 1710 2839 erigere
1751 2777 1994 2837 poterant
2017 2776 2071 2820 et
2093 2765 2248 2820 audi-

680 2883 738 2923 re
769 2885 781 2921 :
814 2867 877 2921 Et
906 2865 1049 2920 tollat
1075 2881 1272 2919 crucem
1301 2880 1465 2930 suam,
1487 2873 1533 2917 et
1555 2869 1790 2931 sequatur
1811 2877 1891 2914 me
1917 2858 2126 2929 (Matth.
2157 2857 2246 2915 l6.

674 2958 768 3030 ει)
793 2976 807 3012 :
837 2957 886 3011 id
913 2966 1016 3022 est,
1042 2956 1262 3010 Paratus
1282 2969 1495 3022 semper
1515 2961 1631 3007 esto
1649 2953 1714 3006 ad
1739 2950 1991 3020 pericula,
2015 2948 2080 3002 ad
2106 2963 2249 3002 mor-

676 3059 812 3114 tem,
841 3049 906 3103 ad
940 3047 1270 3118 migrandum
1301 3060 1363 3100 ex
1395 3048 1493 3099 hac
1526 3045 1654 3098 vita.
1692 3043 1894 3098 Deinde
1918 3056 2038 3096 cum
2067 3039 2245 3108 gravia

674 3151 728 3194 et
753 3140 974 3196 molesta
1006 3138 1246 3203 dixisset,
1279 3136 1554 3206 praemium
1578 3133 1743 3190 addit.
1773 3133 2055 3201 Quodnam
2085 3129 2246 3186 illud?

673 3231 824 3296 Quod
870 3230 1039 3298 ipsum
1085 3236 1360 3298 sequatur,
1391 3224 1531 3295 quod
1569 3225 1637 3278 sit
1671 3238 1777 3277 una
1808 3237 1988 3278 secum
2019 3238 2033 3279 :
2061 3229 2246 3275 osten-

670 3323 805 3376 dens
843 3321 954 3374 fore
991 3329 1047 3373 ut
1085 3318 1405 3374 resurrectio
1433 3325 1656 3370 mortem
1683 3323 1957 3383 sequatur.
1985 3312 2115 3367 Nam
2147 3311 2246 3366 Ubi

669 3426 780 3464 sum
805 3426 894 3480 ego
914 3450 930 3476 ,
959 3407 1290 3478 inquit,.illt'c
1316 3415 1364 3462 et
1391 3407 1616 3459 minister
1643 3421 1800 3458 utens.
1827 3403 1924 3459 Ubi
1966 3413 2048 3458 est
2083 3402 2240 3456 Chri-

669 3503 822 3557 stus?
848 3503 904 3557 ιιι
929 3501 1094 3556 cadis.
1125 3500 1272 3572 Ergo
1288 3499 1446 3554 etiam
1478 3507 1603 3553 ante
1640 3497 2080 3551 resurrectionem
2117 3495 2244 3549 illuc

669 3601 725 3648 et
740 3593 920 3647 anima
935 3602 988 3647 et
1013 3601 1188 3648 mente
1214 3587 1614 3644 transferamnr.
1636 3588 1696 3643 Si
1714 3589 1823 3658 quis
1843 3588 1967 3640 mihi
1988 3587 2243 3640 ministra-

667 3685 830 3748 verit,
866 3682 1038 3754 diliget
1079 3699 1195 3737 eum
1239 3679 1416 3737 Pater.
1442 3679 1551 3736 Cur
1585 3695 1691 3733 non
1725 3679 1885 3743 dixit,
1927 3677 2080 3747 Ego?
2107 3676 2239 3743 Quia

668 3773 902 3829 nondum
932 3784 1345 3830 consentaneam
1375 3771 1442 3828 de
1481 3773 1595 3841 ipso
1620 3771 1922 3840 opinionem
1951 3770 2237 3836 habebant,

666 3865 761 3920 sed
803 3864 1058 3934 majorem
1101 3865 1169 3919 de
1211 3864 1386 3938 Patre.
1419 3863 1517 3932 Qui
1547 3863 1686 3917 enim
1725 3863 1957 3917 nondum
1999 3863 2241 3918 sciebant

666 3956 838 4025 ipsum
871 3970 990 4011 esse
1018 3963 1461 4018 resurrecturum,
1494 3954 1763 4024 quomodo
1787 3969 2030 4024 magnam
2056 3953 2121 4008 de
2147 3954 2240 4008 ilio

664 4049 967 4118 opinionem
1008 4045 1411 4115 concepissent?
1448 4045 1800 4114 Quamobrem
1838 4045 1959 4099 filiis
1997 4044 2239 4099 Zebedmi

665 4140 740 4193 ait
764 4155 778 4190 :
805 4137 930 4192 Non
946 4146 1018 4191 est
1040 4153 1200 4190 meum
1221 4136 1371 4199 dare,
1397 4136 1485 4189 sed
1509 4135 1684 4204 quibus
1711 4145 1944 4205 paratum
1967 4144 2040 4188 est
2067 4151 2098 4188 a
2126 4134 2237 4189 Pa-

666 4241 741 4283 tre
764 4245 873 4283 meo
899 4228 1088 4301 (Marc.
1116 4227 1200 4283 l0.
1227 4225 1338 4300 40).
1363 4228 1518 4295 Atqui
1549 4227 1660 4297 ipse
1685 4236 1762 4282 εει
1788 4227 1875 4297 qui
1897 4227 2117 4296 iudicat.
2141 4225 2239 4283 Hic

665 4337 793 4376 vero
819 4336 882 4376 se
905 4322 1190 4390 genuinum
1221 4320 1412 4374 Filium
1438 4319 1698 4374 declarat.
1735 4319 1854 4373 Illos
1887 4320 2029 4373 enim
2060 4329 2116 4373 ut
2141 4334 2235 4388 ge-

665 4412 811 4466 nuini
837 4419 895 4466 et
918 4409 1026 4465 veri
1057 4409 1170 4464 Filii
1197 4409 1469 4462 ministros
1496 4408 1744 4475 excipiet.
1769 4408 1859 4460 27.
1893 4406 2042 4460 Nunc
2068 4407 2240 4461 animo

664 4519 774 4559 mea
805 4502 1003 4556 turbata
1031 4510 1123 4555 est.
1152 4499 1219 4555 Et
1249 4500 1368 4570 quid
1391 4499 1595 4552 dicam?
1624 4497 1794 4562 Pater,
1819 4497 2044 4566 silui/ica
2071 4515 2148 4553 me
2176 4514 2239 4553 ea:

665 4601 760 4648 hac
785 4595 928 4648 liora.
958 4592 1114 4663 Atqui
1146 4592 1259 4646 hac
1287 4607 1389 4644 non
1428 4597 1551 4642 sunt
1583 4599 1807 4643 mortem
1835 4587 1981 4643 adire
2005 4589 2234 4643 suaden-

664 4687 750 4749 tis,
780 4685 890 4740 imo
914 4683 1172 4739 hortantis
1196 4682 1396 4752 utique.
1429 4680 1503 4735 Ne
1537 4680 1780 4735 dicerent
1804 4679 1944 4734 enim
1970 4695 2110 4742 eum,
2139 4678 2236 4734 hu-

665 4776 838 4830 manis
862 4783 1129 4829 earentem
1161 4772 1458 4835 doloribus,
1492 4770 1643 4824 facile
1680 4766 1748 4826 de
1789 4778 1961 4824 morte
2000 4769 2233 4837 philoso-

665 4867 849 4937 phari,
881 4874 934 4922 et
959 4866 1076 4920 sine
1101 4879 1197 4919 suo
1227 4862 1465 4934 periculo
1490 4877 1587 4917 nos
1617 4861 1815 4917 hortari
1840 4876 1855 4926 ;
1887 4861 2118 4916 ostendit
2143 4874 2232 4925 se,

663 4963 788 5018 licet
813 4976 930 5016 eam
962 4957 1300 5022 formidaret,
1329 4958 1496 5026 ipsam
1525 4964 1710 5024 utpote
1737 4954 1918 5008 utilem
1950 4967 2054 5006 non
2081 4967 2234 5006 recu-

661 5070 802 5111 sare.
852 5053 974 5107 [lare
1023 5067 1183 5122 porro
1230 5051 1295 5104 ad
1344 5057 1666 5116 assumptam
1709 5061 1958 5108 carnem.
2011 5059 2117 5100 non
2167 5043 2231 5098 ad

662 5148 988 5202 divinitatem
1029 5144 1317 5215 pertinent.
1365 5140 1567 5195 Idcirco
1592 5138 1703 5193 ait:
1734 5137 1888 5191 Nunc
1926 5136 2096 5189 anima
2126 5151 2234 5187 mea

663 5241 860 5293 turbata
889 5247 959 5292 est
980 5253 999 5290 :
1021 5235 1144 5304 (nisi
1169 5236 1310 5290 enim
1343 5235 1443 5287 hoc
1468 5241 1610 5287 esset
1628 5272 1642 5294 ,
1670 5245 1773 5300 qua
1799 5231 1940 5285 serie
1966 5229 2080 5282 haec
2104 5243 2234 5282 cou-

662 5330 809 5400 sequi
841 5339 1077 5399 possent,
1103 5326 1280 5389 Pater,
1300 5324 1524 5393 salsi/ica
1549 5339 1626 5376 nte
1646 5338 1710 5376 ea:
1737 5322 1830 5374 hac
1856 5321 1978 5374 hora
2000 5320 2046 5389 .9)
2073 5330 2127 5376 et
2161 5320 2232 5374 ita

663 5422 1000 5492 perturbatus
1029 5426 1113 5472 est
1138 5425 1194 5471 ut
1222 5415 1431 5471 liberari
1463 5427 1524 5470 se
1563 5412 1890 5482 postularet,
1921 5412 1969 5465 si
2001 5409 2235 5483 effugere

665 5522 860 5584 posset.

730 5602 782 5656 2.
816 5601 938 5656 llaec
981 5601 1226 5656 humana:
1266 5607 1465 5653 naturae
1509 5596 1788 5651 infirmitas
1831 5602 1932 5650 est.
1963 5592 2068 5650 Sed
2106 5592 2225 5664 quid

664 5693 830 5748 dicam
863 5707 968 5746 non
997 5691 1167 5746 habeo
1187 5731 1202 5756 ,
1233 5705 1354 5746 cum
1392 5699 1617 5743 mortem
1647 5687 1923 5756 deprecer.
1957 5685 2233 5756 Propterea

665 5784 770 5836 ueni
791 5784 842 5837 in
864 5784 1037 5836 harant
1065 5783 1193 5836 hanc
1216 5797 1312 5836 :ac
1337 5781 1380 5835 si
1407 5780 1607 5835 diceret
1633 5795 1647 5831 :
1681 5777 1899 5832 Etiamsi
1938 5777 2230 5844 turbetnur,

665 5885 717 5928 et
740 5884 1162 5941 constct'nemur,
1192 5882 1415 5929 mortem
1447 5885 1512 5926 ne
1539 5869 1816 5940 fugiamus.
1845 5867 1977 5924 Nam
2004 5869 2070 5923 ita
2104 5881 2226 5939 per-

1339 469 1394 525 S.
1434 458 1710 525 JOANNlS
1747 461 2221 522 CllRYSOSTOMl
2260 459 2576 518 ARCHIEP.
2618 464 3148 526 CONSTANTINOP.

705 605 826 644 cum
847 584 1110 642 contraria
1135 583 1225 638 Dei
1249 581 1500 637 voluntati
1520 579 1756 672 praecipit
1771 578 2114 635 vehementer
2131 588 2276 629 aver-

704 679 808 733 sari
840 684 1066 744 oportet.
1092 672 1223 740 Quia
1248 673 1387 726 enim
1408 671 1515 742 jam
1540 671 1609 726 de
1648 669 1820 725 morte
1855 669 2167 737 loquuturus
2192 672 2275 719 est

3860 476 3953 533 373

2385 575 2624 630 turbatus
2650 592 2768 648 ego,
2799 593 2904 633 non
2934 579 3234 650 fugiendum
3261 580 3382 636 dico
3412 597 3427 637 :
3457 583 3737 640 ferendum
3765 587 3951 658 quippe

2381 662 2511 718 illud
2550 675 2632 720 est
2658 667 2798 736 quod
2829 669 3041 724 accidit.
3082 669 3198 724 Non
3229 671 3349 725 dico
3369 713 3385 734 ,
3407 665 3608 728 "Libera
3638 691 3728 731 me
3761 693 3827 731 ex
3861 679 3951 733 hac

2378 751 2505 808 hom
2532 770 2547 819 ;
2576 756 2666 810 sed
2691 795 2708 821 ,
2733 756 2822 812 28.
2859 758 3031 824 Pater,
3063 761 3289 830 clari/ica
3327 779 3507 818 nomen
3543 775 3703 819 tuum.
3740 768 3949 823 Etiamsi

2375 845 2702 910 perturbatio
2743 847 2809 902 ad
2842 847 2956 904 hmo
3000 850 3222 907 dicenda
3267 854 3591 924 compellat,
3627 860 3949 913 contrarium

2374 934 2530 999 dico,
2559 936 2794 1006 Clariﬁca
2831 956 3009 995 nomen
3039 952 3212 1007 tuum;
3243 943 3294 997 id
3324 955 3440 1013 est,
3475 946 3586 1000 Duc
3617 947 3667 1002 in
3689 963 3905 1005 crucem
3936 970 3945 1002 :

2373 1025 2511 1094 quod
2551 1025 2836 1082 humanum
2875 1029 3122 1086 amictum
3165 1033 3396 1101 indicat,
3432 1047 3783 1108 naturamque
3821 1042 3948 1095 rnori

2372 1116 2658 1182 nolentem,
2672 1119 2765 1174 sed
2784 1121 2941 1176 vitam
2967 1138 3180 1180 servare
3195 1127 3515 1194 cupientem;
3539 1131 3882 1199 ostenditque
3898 1149 3950 1186 se

2371 1221 2481 1261 non
2491 1219 2637 1264 extra
2662 1211 2921 1267 humanos
2931 1213 3149 1269 all'ectus
3165 1231 3302 1271 esse.
3318 1216 3466 1272 Sicut
3479 1219 3619 1273 enim
3639 1235 3815 1290 neque
3827 1238 3946 1276 esu.

2370 1297 2476 1352 rire
2498 1314 2669 1368 neque
2686 1300 2922 1358 dormire
2948 1305 3157 1359 crimini
3183 1307 3360 1370 datur,
3389 1312 3467 1363 sic
3505 1326 3678 1380 neque
3719 1328 3948 1381 praesen-

2370 1395 2475 1442 tem
2502 1390 2658 1444 vitam
2685 1404 2891 1464 Optare.
2913 1394 3155 1452 Christus
3182 1414 3307 1452 vero
3330 1414 3526 1469 corpus
3554 1403 3739 1457 habuit
3770 1423 3797 1455 a
3831 1421 3947 1474 pee-

2366 1480 2500 1535 catis
2545 1480 2805 1548 liberum,
2863 1501 2969 1540 non
3008 1501 3038 1540 a
3089 1489 3420 1545 naturalibus
3479 1495 3887 1549 necessitatibus
3929 1510 3942 1550 :

2365 1572 2592 1642 alioquin
2627 1590 2820 1646 corpus
2860 1593 2964 1631 non
2997 1578 3203 1636 fuisset.
3240 1582 3334 1636 llis
3367 1585 3526 1637 etiam
3558 1585 3699 1638 aliud
3743 1587 3943 1642 docuit.

2363 1664 2637 1732 Quodnam
2671 1667 2834 1722 illttd?
2857 1667 2926 1724 Ut
2968 1671 3012 1725 si
3056 1688 3302 1741 umquam
3337 1673 3386 1728 in
3417 1676 3666 1730 maestitia
3709 1688 3763 1731 et
3803 1688 3944 1732 metu

2362 1760 2550 1823 simus,
2585 1775 2652 1814 ne
2679 1761 2797 1816 ideo
2821 1778 2848 1814 a
2883 1766 3154 1832 proposito
3177 1766 3492 1822 resiliamus.
3527 1768 3696 1831 Pater,
3717 1771 3942 1838 clari/ica

2361 1863 2538 1902 nomen
2565 1858 2726 1904 tuum.
2748 1851 2990 1908 Ostendit
3017 1870 3074 1909 se
3105 1871 3199 1925 pro
3222 1857 3445 1912 veritate
3471 1860 3626 1925 mori,
3658 1875 3772 1914 rem
3801 1861 3940 1914 illam

2357 1937 2581 2007 gloriam
2615 1941 2704 1996 Dei
2727 1959 2943 1999 vocans.
2978 1945 3038 1999 Et
3069 1949 3170 2001 hoc
3190 1956 3310 2016 post
3330 1963 3542 2003 crucem
3565 1950 3809 2019 contigit.
3843 1952 3940 2005 Fu-

2361 2040 2533 2086 turum
2556 2043 2671 2088 erat
2698 2043 2757 2089 ut
2779 2037 2927 2093 orbis
2953 2050 3355 2095 converteretur
3373 2083 3389 2108 ,
3411 2057 3474 2096 ac
3496 2057 3690 2097 nomen
3725 2045 3816 2098 Dei
3847 2059 3938 2098 co-

2356 2134 2659 2191 gnosceret,
2689 2125 2894 2197 ipsique
2916 2131 3164 2193 serviret;
3191 2145 3295 2186 non
3328 2131 3499 2186 Patris
3527 2149 3720 2202 nempe
3743 2150 3938 2190 nomen

2356 2212 2650 2281 dumtaxat,
2679 2216 2773 2271 sed
2804 2219 2963 2272 etiam
2991 2220 3110 2274 Filii
3139 2238 3151 2272 :
3181 2231 3413 2276 attamen
3439 2223 3565 2277 illud
3597 2234 3758 2280 tacet.
3793 2224 3940 2279 Venit

2355 2319 2474 2374 ergo
2494 2321 2592 2360 vos
2618 2306 2682 2360 de
2705 2309 2844 2363 telis
2871 2325 2891 2364 :
2918 2308 2984 2364 Et
3009 2312 3285 2380 elariﬁcaui
3303 2354 3320 2379 ,
3349 2324 3395 2367 et
3420 2306 3601 2367 iterum
3625 2317 3936 2382 clari/Stabit.

2357 2392 2454 2449 Ubi
2493 2395 2842 2454 clarificavit?
2871 2400 2924 2455 ln
2958 2403 3396 2469 praecedentibus.
3426 2403 3494 2458 Et
3520 2407 3709 2460 iterum
3740 2407 3938 2462 eiarifi-

2353 2485 2486 2540 cabo
2508 2497 2628 2556 post
2642 2503 2875 2547 crucem.
2894 2492 3032 2566 Quid
3058 2509 3186 2565 ergo
3210 2493 3495 2551 Christus?
3545 2498 3632 2553 30.
3657 2497 3779 2553 Non
3819 2517 3937 2568 pro-

2355 2587 2464 2644 pter
2503 2595 2582 2632 nte
2607 2595 2704 2636 vos;
2728 2583 2835 2636 ἠως
2859 2586 3014 2657 facta
3042 2595 3136 2649 est,
3167 2589 3256 2640 sed
3281 2598 3490 2656 propter
3505 2605 3609 2643 uos.
3651 2589 3728 2643 Illi
3756 2601 3938 2645 autem

2355 2670 2642 2726 tonitruum
2672 2688 2792 2728 esse
2818 2683 3104 2745 putarunt,
3135 2677 3221 2732 vel
3249 2679 3494 2746 angelum
3527 2679 3622 2746 ipsi
3655 2680 3938 2750 loquntum

2353 2758 2534 2816 fuisse.
2584 2762 2650 2816 Et
2687 2764 2827 2820 unde
2871 2766 2970 2822 hoc
3001 2769 3284 2836 putarunt?
3323 2784 3499 2824 annon
3527 2772 3666 2826 clara
3703 2749 3759 2827 et
3803 2749 3936 2827 con-

2351 2849 2530 2918 spicua
2558 2865 2659 2906 vox
2692 2851 2836 2912 fuiti,
2857 2854 3051 2910 Verum
3079 2859 3186 2912 cito
3211 2857 3441 2913 avolavit
3476 2859 3544 2914 ab
3579 2860 3680 2916 illis
3701 2905 3720 2930 ,
3750 2873 3937 2932 utpote

2350 2942 3054 3012 crassioribus,carnalibus,
3086 2949 3361 3019 segnibus.
3383 2951 3483 3006 Alii
3507 2967 3693 3007 sonum
3725 2963 3936 3009 tantum

2349 3033 2713 3099 retinuerunt,
2743 3036 2831 3090 alii
2855 3040 3189 3094 articulatam
3219 3041 3384 3097 fuisse
3425 3058 3606 3098 vocem
3637 3058 3931 3108 noverant;

2348 3124 2474 3192 quid
2500 3140 2625 3180 vero
2651 3128 2990 3196 signiﬁcaret,
3021 3148 3124 3187 non
3155 3132 3300 3188 item.
3330 3134 3465 3201 Quid
3493 3152 3622 3206 ergo
3646 3136 3893 3193 Christus
3910 3139 3939 3193 ’ἒ

2349 3212 2404 3268 Ν
2408 3232 2471 3270 on
2497 3227 2704 3285 prapter
2731 3236 2810 3272 me
2824 3219 2931 3273 hac
2949 3237 3045 3275 uox
3068 3225 3217 3288 venit,
3235 3224 3326 3278 sed
3344 3235 3551 3295 propter
3567 3243 3670 3280 vos.
3697 3226 3808 3282 Cur
3831 3228 3936 3284 hoc

2347 3307 2517 3363 dixit?
2537 3309 2616 3364 Ad
2641 3310 2764 3365 illud
2788 3313 3080 3382 respiciens
3103 3314 3242 3383 quod
3265 3331 3478 3385 semper
3492 3317 3762 3385 dicebant,
3782 3319 3933 3373 illum

2346 3415 2410 3454 ex
2456 3401 2566 3456 Deo
2595 3419 2699 3457 non
2726 3419 2868 3458 esse.
2905 3405 3002 3473 Qui
3031 3407 3173 3461 enim
3200 3421 3230 3461 a
3260 3407 3370 3463 Deo
3393 3409 3744 3475 clarificatur,
3789 3427 3934 3482 quo-

2344 3492 2503 3548 modo
2532 3509 2636 3549 non
2665 3507 2746 3551 est
2783 3511 2846 3551 ex
2892 3498 3001 3552 Deo
3028 3540 3044 3562 ,
3071 3497 3222 3568 cujus
3253 3515 3448 3555 nomen
3495 3512 3709 3571 propter
3754 3503 3933 3572 ipsum

2344 3583 2688 3640 clarificatur?
2709 3585 2831 3641 Ideo
2851 3602 2949 3642 vox
2967 3588 3137 3642 delata
3164 3599 3266 3644 est.
3283 3590 3570 3660 Pr0pterea
3597 3592 3766 3663 inquit
3790 3594 3934 3663 ipse,

2345 3674 2465 3730 Non
2497 3688 2701 3748 propter
2720 3695 2799 3732 me
2818 3681 2926 3733 hau:
2945 3697 3042 3735 rex
3060 3681 3208 3744 venit,
3234 3682 3323 3736 sed
3342 3692 3548 3752 propter
3569 3699 3654 3739 vos
3679 3700 3700 3738 :
3728 3684 3843 3738 Neu
3872 3697 3935 3740 ut

2343 3769 2538 3839 aliquid
2564 3784 2592 3823 a
2622 3786 2706 3825 me
2729 3771 3027 3842 ignoratum
3053 3773 3121 3827 ab
3152 3773 3236 3827 illa
3266 3774 3478 3828 audiam
3522 3774 3741 3848 (omnia
3781 3778 3933 3832 enim

2343 3877 2460 3930 qme
2490 3861 2660 3917 Patris
2683 3873 2807 3918 sunt
2831 3863 3032 3937 novi),
3075 3865 3169 3920 sed
3213 3876 3432 3936 propter
3458 3881 3574 3920 vos.
3609 3869 3740 3934 Quia
3778 3870 3930 3924 enim

2344 3953 2593 4009 dicebant
2620 3957 2864 4026 angelum
2891 3957 3162 4026 loquutum
3186 3958 3260 4012 illi
3292 3974 3436 4025 esse,
3462 3959 3546 4015 vel
3574 3958 3770 4016 factum
3802 3976 3929 4016 esse

2345 4045 2632 4099 tonitruum
2657 4087 2674 4112 ,
2701 4056 2756 4101 et
2783 4062 2887 4101 non
2917 4046 3265 4103 advertebant
3293 4089 3310 4112 ,
3347 4049 3517 4117 inquit
3539 4091 3555 4114 ,
3588 4064 3805 4121 propter
3832 4068 3935 4106 vos

2343 4134 2570 4191 delatam
2604 4152 2723 4192 esse
2753 4152 2935 4192 vocem
2961 4178 2978 4204 ,
3006 4148 3062 4192 ut
3091 4138 3215 4194 hinc
3240 4140 3640 4195 concitaremiui
3663 4142 3728 4194 ad
3754 4142 3930 4195 inter-

2341 4229 2634 4297 rogandum
2678 4230 2804 4299 quid
2846 4229 3046 4285 dictum
3094 4231 3299 4286 fuisset.
3337 4232 3413 4286 Illi
3446 4247 3572 4285 vero
3602 4232 3884 4302 stupefacti
3912 4274 3930 4295 ,

2346 4333 2518 4388 neque
2543 4318 2621 4372 sic
2657 4319 3048 4391 interrogarunt
3069 4362 3085 4385 ,
3115 4336 3236 4374 cum
3263 4321 3512 4376 audirent
3540 4320 3591 4375 id
3617 4320 3682 4374 ad
3719 4336 3777 4376 se
3806 4337 3935 4391 per-

2345 4408 2535 4465 tinere.
2563 4408 2827 4465 Nescienti
2875 4413 3016 4466 enim
3059 4413 3213 4478 cuius
3249 4413 3420 4482 gratia
3468 4411 3772 4476 diceretur,
3805 4413 3934 4480 jure

2341 4515 2449 4555 non
2477 4500 2698 4569 insignis
2720 4516 2822 4556 vox
2850 4501 3126 4556 videbatur
3145 4517 3286 4558 esse.
3319 4501 3540 4572 Propter
3560 4519 3646 4557 vos
3671 4520 3766 4559 una
3781 4505 3935 4558 deta-

2341 4603 2393 4646 ta
2414 4602 2507 4647 est.
2528 4591 2712 4647 Viden‘
2735 4593 3003 4663 quomodo
3018 4609 3107 4650 res
3133 4594 3360 4650 humiles
3375 4611 3558 4651 eorum
3576 4597 3746 4666 gratia
3769 4598 3932 4664 liaut,

2340 4703 2447 4741 non
2477 4686 2630 4757 quasi
2660 4683 2824 4740 Filius
2847 4687 3046 4742 auxilio
3076 4687 3252 4758 egeat?
3274 4689 3360 4743 3t.
3395 4688 3549 4743 Nunc
3567 4691 3822 4760 judicium
3851 4704 3932 4746 est

2341 4777 2537 4843 mundi,
2561 4793 2694 4831 nunc
2724 4778 2955 4846 princeps
2981 4779 3134 4848 hujus
3162 4779 3336 4833 mundi
3365 4780 3504 4850 infra
3527 4781 3773 4852 ejicietur.
3811 4782 3933 4838 lloc

2340 4869 2606 4935 quomodo
2634 4876 2845 4936 aptatur
2864 4868 2963 4935 illi,
2992 4868 3302 4937 Clariﬁcaui,
3334 4881 3382 4923 et
3410 4871 3742 4939 εισι-ἰήσαόοῖ
3765 4873 3931 4940 Opti-

2341 4972 2426 5011 me
2451 4967 2505 5011 et
2535 4957 2821 5013 admodum
2847 4971 3231 5016 consentanee.
3261 4961 3394 5029 Quia
3425 4963 3568 5016 enim
3599 4963 3767 5027 dixit,
3806 4962 3934 5016 Cla-

2338 5047 2568 5117 riﬁcubo,
2590 5050 2804 5114 modum
2825 5051 3011 5120 gloriae
3029 5051 3282 5125 ostendit.
3305 5052 3436 5119 Quis
3453 5054 3541 5107 ille
3556 5053 3780 5108 modus?
3807 5054 3928 5115 Ille.

2343 5139 2530 5209 inquit,
2564 5138 2812 5208 Ejicietur
2837 5143 3000 5213 infra.
3028 5143 3162 5210 Quid
3189 5143 3292 5198 sibi
3317 5143 3430 5198 vult
3464 5144 3589 5199 illud
3618 5164 3631 5199 :
3660 5143 3933 5199 Iudicium

2340 5239 2411 5283 est
2432 5230 2606 5283 mundi
2629 5231 2781 5302 hujus
2798 5231 2823 5283 .’
2846 5235 2919 5286 Ac
2943 5233 2985 5286 si
3009 5233 3230 5297 diceret,
3259 5233 3525 5289 Judicium
3558 5236 3658 5289 erit
3684 5245 3739 5289 et
3767 5237 3927 5289 ultio.

2338 5321 2646 5388 Quomodo?
2677 5320 2883 5376 Occidit
2910 5325 3135 5392 primum
3166 5325 3433 5382 hominem
3459 5367 3477 5392 ,
3503 5341 3660 5396 quem
3702 5337 3934 5396 peccato

2337 5411 2622 5466 obnoxium
2672 5413 2874 5468 invenit
2906 5414 3044 5482 (Per
3083 5426 3341 5485 peccatum
3378 5419 3509 5470 enim
3543 5433 3678 5472 mors
3720 5420 3932 5472 intrarit

2335 5502 2512 5574 [Ηοηι.
2546 5504 2597 5558 5.
2632 5502 2744 5576 12])
2776 5522 2787 5556 :
2819 5505 2869 5559 in
2900 5521 2984 5560 me
3003 5506 3102 5560 hoc
3127 5523 3232 5561 non
3266 5507 3483 5562 invenit.
3510 5507 3618 5563 Cur
3637 5525 3763 5579 ergo
3789 5510 3932 5565 insi-

2334 5594 2436 5657 liit,
2467 5603 2522 5648 et
2549 5597 2706 5650 morti
2731 5597 2984 5651 tradidit?
3011 5613 3108 5652 cur
3138 5598 3189 5652 in
3217 5598 3367 5653 Judae
3393 5599 3624 5653 animam
3654 5600 3931 5670 ingressus

2337 5695 2438 5749 est,
2467 5693 2524 5740 ut
2550 5702 2635 5741 me
2664 5687 2971 5744 occideret?
2999 5689 3076 5744 Ne
3104 5688 3232 5743 mihi
3258 5690 3399 5744 enim
3435 5691 3546 5762 jam
3573 5690 3776 5748 dixeris
3799 5732 3817 5758 ,
3851 5692 3927 5747 ita

2338 5779 2500 5834 Deum
2532 5780 2928 5850 dispensavissc
2961 5800 2972 5835 :
3004 5781 3106 5838 hoc
3133 5784 3274 5838 enim
3305 5799 3410 5839 non
3445 5784 3646 5842 diaboli
3673 5795 3756 5843 est
3780 5829 3795 5852 ,
3828 5787 3928 5843 sed

2342 5872 2501 5940 ipsius
2530 5872 2824 5943 sapienti-.c.
2854 5873 3171 5944 Exploretur
3199 5875 3408 5931 interim
3435 5892 3586 5933 mens
3613 5879 3833 5949 τηειὶὶεηὶ
3863 5880 3927 5934 il-
