4088 6502
249 457 355 516 δη

249 587 390 625 γιον
415 566 671 640 φυλάξει
719 562 932 634 αὑτήν.
973 564 1093 614 Ὅτι
1142 560 1248 631 γὰρ
1286 560 1515 622 ἐκείνοις
1559 554 1841 640 παραινῶν

252 637 432 720 ἔλεγε,
465 652 557 704 καὶ
590 651 681 703 τὸν
709 648 872 716 φόϐον
909 645 1089 699 αὐτῶν
1127 642 1436 706 ύπεκλύων,
1467 641 1700 694 ἄκουσον
1732 637 1841 691 τῶν

253 733 388 803 ἑξῆς
408 751 421 764 υ
461 732 526 786 '0
554 731 683 801 ἐμοὶ
717 727 1031 789 διακονῶν,
1076 726 1206 791 ἐμοὶ
1235 725 1637 780 ἀκολουθείτω
1663 738 1676 750 ·
1711 720 1844 791 περὶ

251 817 353 870 τοῦ
380 818 612 872 θανάτου
645 815 840 883 λέγων,
886 812 979 866 καὶ
1010 811 1109 882 τὴν
1142 810 1231 864 διὰ
1269 810 1378 864 τῶν
1416 808 1592 880 ἔργων
1628 803 1850 860 ἀκολού-

256 901 418 971 θησιν
450 899 715 953 ἀπαιτῶν.
748 899 840 949 Δεῖ
862 896 972 967 γὰρ
1011 895 1229 957 πάντως
1276 893 1368 946 τὸν
1397 891 1747 945 διακονοῦντα
1772 887 1851 957 τῷ

253 982 659 1052 διακονουμένη)
686 978 934 1033 ἕπεσθαι.
964 977 1072 1030 Καὶ
1101 978 1294 1030 σκόπει
1314 976 1444 1028 πότε
1473 975 1656 1036 αὐτοῖς
1681 971 1852 1025 ταῦτα

256 1065 569 1133 διαλέγεται
589 1080 604 1094 ·
632 1065 729 1133 ούχ
761 1064 848 1115 ὅτε
881 1059 1164 1114 ἐδιώκοντο
1187 1100 1201 1123 ,
1241 1059 1358 1114 ἀλλ’
1386 1059 1474 1112 ὅτε
1511 1056 1848 1129 ἐθάρρησαν,

257 1150 354 1202 ὅτε
384 1148 641 1217 ἐνόμισαν
669 1149 726 1200 ἐν
755 1143 1027 1214 ἀσφαλείᾳ
1057 1139 1216 1203 εἶναι,
1252 1143 1342 1196 διά
1380 1142 1477 1211 τὴν
1496 1139 1605 1194 τῶν
1640 1137 1851 1192 πολλῶν

259 1229 428 1302 τιμὴν
455 1229 551 1283 καὶ
586 1227 886 1300 θεραπείαν
905 1243 920 1258 ο
948 1226 1038 1279 ὅτε
1065 1225 1161 1279 καὶ
1201 1225 1550 1295 διαναστῆναι
1592 1221 1853 1292 ἠδύναντο

261 1313 360 1366 καὶ
398 1311 629 1366 ἀκοῦσαι
652 1328 665 1342 ν
698 1310 810 1366 Καὶ
854 1309 1049 1379 ἀράτω
1087 1309 1194 1364 τὸν
1227 1307 1496 1376 σταυρὸν
1537 1305 1725 1360 αὐτοῦ
1752 1303 1854 1358 καί

259 1395 663 1450 ἀκολουθείτω
700 1412 802 1464 μοι
821 1412 834 1424 ·
872 1393 1153 1447 τουτέστιν
1175 1434 1190 1456 ,
1232 1392 1344 1444 Ἀεὶ
1368 1388 1854 1461 παρατεταγμένος

241 1479 378 1543 ἔσο,
410 1481 594 1550 φησιν,
633 1478 766 1548 πρὸς
789 1477 1088 1542 κινδύνους,
1119 1475 1255 1546 πρὸς
1282 1475 1531 1537 θάνατον,
1555 1472 1691 1543 πρὸς
1719 1473 1855 1525 ἀπο-

261 1563 467 1635 δημίαν
501 1563 598 1634 τὴν
628 1562 898 1616 ἐντεῦθεν.
950 1555 1083 1614 Εἶτα
1117 1558 1304 1629 ἐπειδὴ
1324 1558 1394 1612 τὰ
1435 1555 1669 1627 φορτικά
1707 1550 1850 1617 εἷπε,

263 1647 444 1700 καὶτὸ
489 1645 721 1700 ἔπαθλον
751 1644 956 1714 τίθησι.
987 1643 1144 1695 Ποῖον
1188 1641 1244 1694 δέ
1282 1640 1440 1693 τοῦτο
1472 1635 1573 1710 ῆν;
1604 1638 1677 1691 Τὸ
1705 1638 1853 1709 αὐτῷ

262 1729 598 1789 ἀκολουθεῖν,
627 1728 721 1782 καὶ
748 1723 887 1780 εἶναι
922 1725 1049 1780 ἔνθα
1081 1725 1197 1778 ἐστί
1217 1741 1230 1754 ·
1264 1724 1479 1786 δεικνὺς
1510 1724 1591 1776 ὅτι
1617 1724 1852 1776 ἀνάστα-

266 1829 355 1876 σις
391 1812 481 1866 τὸν
508 1811 736 1866 θάνατον
766 1809 1086 1875 διαδέξεται.
1119 1807 1306 1861 Ὅπου
1333 1806 1442 1878 γάρ
1477 1808 1624 1875 ειμι.
1662 1805 1849 1875 φησιν,

263 1895 403 1964 ἐγὼ,
429 1895 555 1951 ἐκεῖ
588 1895 684 1949 καί
710 1897 742 1948 ό
764 1892 1047 1958 διάκονος
1072 1894 1104 1946 ό
1123 1891 1285 1959 ἐμός.
1305 1888 1417 1943 Ποῦ
1446 1890 1503 1943 δέ
1527 1892 1555 1942 6
1580 1889 1848 1960 Χριστόςς

278 1979 371 2032 Ἑν
398 1979 664 2049 οὐρανοῖς.
706 1977 815 2029 Καὶ
856 1975 963 2045 πρὸ
1005 1977 1104 2043 τῆς
1138 1972 1484 2036 ἀναστάσεως
1514 1971 1693 2024 τοίνυν
1736 1971 1853 2024 ἐκεῖ

267 2061 627 2130 μεταστῶμεν
653 2063 719 2130 τῇ
748 2059 892 2128 ψυχῇ
923 2058 1017 2110 καὶ
1037 2056 1114 2126 τῷ
1146 2055 1242 2125 νῷ.
1285 2055 1422 2108 Ἐάν
1449 2072 1539 2120 τις
1566 2053 1695 2124 ἐμοὶ
1723 2053 1852 2107 δια-

269 2143 448 2213 κονῇ,
480 2142 781 2213 ἀγαπήσει
815 2140 1004 2194 αὐτὸν
1038 2141 1069 2192 ό
1095 2137 1319 2206 Πατήρ.
1348 2138 1501 2190 Διατί
1527 2139 1629 2190 ούκ
1658 2131 1812 2190 εἷπεν
1839 2176 1854 2199 ,

281 2227 455 2296 Ἐγώς
500 2225 719 2296 Ἐπειδὴ
749 2224 963 2278 οὐδέπω
987 2223 1088 2293 τὴν
1118 2225 1501 2293 προσήκουσαν
1527 2222 1657 2294 περὶ
1689 2219 1854 2274 αὑτοῦ

265 2314 426 2381 δόξαν
455 2309 598 2385 εἶχον
617 2355 631 2376 ,
658 2312 792 2366 ἀλλά
831 2311 1053 2383 μείζονα
1078 2313 1206 2380 περὶ
1237 2307 1333 2364 τοῦ
1367 2310 1602 2382 Πατρός.
1654 2311 1716 2363 Οί
1745 2308 1856 2379 γὰρ

271 2398 411 2470 μηδὲ
428 2398 509 2451 δτι
538 2396 836 2466 ἀναστῆναι
863 2395 1026 2448 αὑτὸν
1051 2394 1219 2465 ἐχρῆν
1251 2393 1473 2456 ειδότες,
1503 2392 1620 2455 πῶς
1647 2391 1858 2462 μεγάλα

267 2486 403 2553 περὶ
448 2483 612 2538 αὑτοῦ
640 2481 1053 2551 ἐφαντάσθησαν
1093 2479 1208 2553 [ἄν]
1229 2493 1287 2546 ας
1328 2481 1419 2534 Διὸ
1455 2481 1550 2533 καὶ
1580 2482 1693 2541 τοῖς
1724 2480 1858 2543 υίοῖς

267 2567 562 2622 Ζεϐεδαίου
590 2565 754 2636 φησίν
772 2581 786 2598 ο
819 2567 941 2619 Οὐκ
969 2564 1144 2618 ἔστιν
1163 2565 1310 2634 ἐμὸν
1338 2564 1570 2628 δοῦναι,
1604 2564 1742 2618 ἀλλ’
1768 2557 1858 2629 οῙς

266 2651 627 2718 ἡτοίμασται
648 2651 806 2716 παρὰ
835 2648 940 2703 τοῦ
979 2650 1210 2716 Πατρός
1234 2655 1374 2718 μον
1402 2649 1577 2701 καίτοι
1607 2665 1669 2716 γε
1694 2647 1858 2711 αὑτός

269 2736 423 2787 ἐστιν
451 2734 481 2786 6
508 2734 727 2804 κρίνων.
773 2731 1039 2786 Ἐνταῦθα
1062 2731 1117 2785 δὲ
1145 2733 1237 2784 καὶ
1257 2731 1317 2784 τὸ
1343 2731 1564 2802 γνήσιον
1589 2732 1859 2802 παρίστη-

271 2833 381 2869 σιν.
418 2817 507 2879 Ὤς
525 2817 636 2886 γὰρ
662 2815 888 2886 γνησίου
928 2815 1114 2877 παιδὸς
1143 2813 1449 2878 διακόνους,
1482 2812 1652 2878 οὕτως
1689 2815 1716 2865 ὁ
1742 2814 1857 2866 Πα-

268 2901 379 2971 τὴρ
409 2899 751 2964 ἀποδέξεται.
793 2899 918 2952 Νῦν
951 2900 988 2965 ἡ
1014 2898 1184 2966 ψυχή
1210 2916 1329 2966 μου
1357 2896 1726 2964 τετάρακται.
1746 2899 1857 2951 Καὶ

270 2985 337 3036 τι
374 2984 554 3046 almo;
589 2981 800 3050 Πάτερ.
830 2980 1041 3034 σῶσόν
1068 2998 1144 3049 με
1175 2981 1244 3033 ἐκ
1284 2979 1394 3047 τῆς
1434 2981 1588 3048 ὧρας
1614 2980 1854 3047 ταύτης.

270 3067 388 3119 Καὶ
423 3066 530 3136 μὴν
553 3063 712 3116 τοῦτο
733 3065 832 3116 οὐκ
859 3063 940 3115 ἔτι
963 3063 988 3103 δ
1023 3063 1464 3134 προτρεπομένου
1509 3064 1601 3116 ἐπὶ
1639 3064 1731 3117 τὸν
1765 3063 1860 3116 θά-

269 3165 433 3202 νατον
467 3148 658 3200 ἐλθεῖν.
696 3146 946 3200 Μάλιστα
983 3147 1081 3216 μὲν
1111 3141 1203 3198 οῦν
1242 3145 1705 3216 προτρεπομένου.
1740 3147 1859 3200 Ἵνα

271 3234 389 3302 γὰρ
419 3233 492 3304 μὴ
522 3231 774 3300 λέγωσιν,
806 3231 888 3282 ὅτι
922 3230 1094 3291 Λύτὺς
1123 3228 1228 3294 ἔξω
1252 3229 1358 3281 τῶν
1394 3228 1600 3282 ὠδίνων
1637 3228 1713 3282 ὢν
1749 3229 1860 3286 τῶν

270 3315 632 3386 ἀνθρωπίνων
653 3354 666 3376 ,
707 3313 945 3376 εὐκόλως
975 3313 1104 3381 περὶ
1145 3311 1376 3365 θανάτου
1410 3310 1728 3379 φιλοσοφεῖ,
1765 3313 1860 3366 καὶ

271 3402 412 3471 ⁴ἡμῖν
438 3396 498 3462 ἐξ
523 3397 804 3451 ἀκινδύνου
824 3397 1099 3471 παραινεῖ,
1128 3394 1399 3447 δείκνυσιν
1421 3395 1503 3447 ὅτι
1527 3393 1702 3447 καίτοι
1720 3397 1859 3464 ἀγω-

268 3465 406 3538 νιῶν
435 3481 630 3543 αὑτὸν,
663 3482 812 3551 ὅμως
859 3479 945 3532 διὰ
974 3477 1034 3531 τὸ
1079 3465 1350 3548 ᾑρήσιμον
1381 3479 1442 3530 06
1489 3482 1857 3548 παραιτεῖται.

270 3567 459 3621 Ταῦτα
491 3566 548 3619 δὲ
574 3565 674 3634 τῆς
703 3561 1009 3630 οἰκονομίας
1041 3562 1208 3623 ἐστὶν,
1232 3560 1292 3612 o6
1323 3559 1425 3630 τῆς
1459 3560 1732 3632 θεότητος.
1757 3563 1858 3615 Διά

269 3649 433 3702 τοῦτό
458 3664 629 3718 φησι·
663 3645 790 3699 Νῦν
812 3644 849 3709 ἠ
889 3641 1055 3714 τέθυχιὶ
1080 3659 1198 3711 μου
1230 3640 1599 3710 τετάρακται·
1627 3645 1770 3713 (ἐπεὶ
1809 3646 1857 3698 εί

276 3732 356 3804 μὴ
383 3731 540 3785 τοῦτό
567 3733 704 3791 ἐστι,
740 3729 896 3781 ποίαν
923 3725 1244 3779 ἀκολουθίαν
1275 3725 1388 3793 ἔχει
1416 3725 1476 3778 τὸ
1507 3725 1695 3796 λεχθὲν
1717 3767 1732 3792 ,
1764 3730 1859 3781 καὶ

271 3817 337 3869 τὸ
362 3817 565 3868 εἰπεῖν’
591 3812 804 3879 Πάτερ,
830 3809 1037 3863 σῶσόν
1054 3824 1130 3875 με
1159 3807 1228 3860 ἐκ
1259 3805 1368 3876 τῆς
1389 3806 1543 3877 ὧρας
1572 3811 1792 3878 ταύτης
1816 3814 1857 3880 ς)

269 3899 373 3952 καὶ
403 3896 544 3951 οὓτω
585 3897 942 3966 τετάρακται,
973 3892 1049 3954 ὡς
1079 3892 1172 3945 καὶ
1216 3891 1538 3963 ἀπαλλαγὴν
1571 3891 1774 3964 ζητεῖν,
1808 3893 1864 3947 εἴ

273 4001 341 4051 γε
369 3982 494 4051 ἐνῆν
526 3981 824 4048 διαφυγεῖν.

351 4065 416 4134 β’.
432 4063 616 4116 Ταῦτα
641 4063 737 4131 τῆς
762 4059 1107 4131 ἀνθρωπίνης
1137 4057 1351 4127 φύσεως
1379 4058 1447 4112 τά
1483 4059 1855 4130 ἀσθενήματα.

286 4146 430 4200 Ἀλλ’
467 4146 566 4198 οὐκ
608 4143 715 4213 ἔχω
745 4143 794 4195 τί
824 4144 980 4206 εἴπω,
1015 4143 1210 4211 φησὶν,
1241 4141 1561 4213 ἀπαλλαγὴν
1603 4143 1861 4214 αίτούμι-

275 4249 389 4292 νος.
418 4231 518 4284 Διά
543 4228 652 4298 γάρ
681 4227 856 4281 τοῦτο
902 4221 1094 4295 ἦλθον
1138 4228 1224 4291 εις
1268 4225 1383 4294 τὴν
1413 4226 1573 4294 ὤραν
1597 4227 1821 4294 ταύτην
1840 4243 1854 4258 ·

275 4314 480 4368 ὡσανεὶ
522 4311 674 4378 ἔλεγε
695 4327 708 4339 ·
741 4308 858 4363 Κᾶν
889 4307 1269 4380 θορυϐώμεθα,
1305 4308 1410 4361 κᾶν
1434 4308 1854 4379 ταραττώμεθα,

279 4397 358 4467 μὴ
387 4395 674 4463 φεύγωμεν
699 4392 927 4445 θάνατον
952 4407 964 4421 ο
986 4391 1109 4444 ἐπεὶ
1138 4390 1294 4458 κάγὼ
1316 4390 1410 4444 νῦν
1435 4393 1858 4462 ταραττόμενος,

273 4480 340 4532 06
369 4479 510 4547 λέγω
555 4475 696 4529 ὥστε
728 4476 950 4543 φυγεῖν
981 4473 1062 4526 δεῖ
1104 4473 1212 4544 γὰρ
1243 4472 1428 4544 φέρειν
1466 4474 1527 4527 τὸ
1561 4476 1733 4530 ἐπιόν.
1783 4476 1857 4528 U6

274 4562 440 4626 λέγω,
485 4556 814 4620 Ἀπάλλαξόν
846 4573 914 4626 με
939 4555 1003 4608 ἐκ
1031 4556 1128 4625 τῆς
1156 4555 1306 4626 ὠρας
1345 4557 1581 4628 ταύτης.
1611 4558 1746 4613 ἀλλὰ
1774 4561 1856 4623 τίς

274 4645 492 4713 Πάτερ,
514 4644 784 4708 δόξασόν
804 4659 920 4695 σου
947 4640 1014 4694 τὸ
1039 4639 1246 4710 ὄνομα.
1278 4641 1470 4694 Καίτοι
1495 4643 1593 4714 τῆς
1611 4644 1858 4714 ταραχῆς

275 4729 435 4784 τοῦτο
461 4726 872 4796 ἀναγκαζούσης
897 4725 1098 4792 λέγειν,
1126 4725 1187 4778 τὸ
1219 4725 1460 4780 ἐναντίον
1487 4726 1651 4795 λέγω,
1683 4727 1861 4792 Δόξα-

275 4815 397 4867 σόν
427 4829 542 4866 σου
567 4813 631 4863 τὸ
681 4810 904 4878 δνομα’
941 4809 1237 4872 τουτέστιν,
1277 4810 1486 4878 Ἀγαγε
1536 4810 1720 4864 λοιπὸν
1765 4814 1859 4866 ἐπὶ

272 4895 368 4948 τὸν
423 4894 680 4964 σταυρόν·
727 4891 756 4944 ὃ
790 4892 923 4945 πολὺ
953 4891 1014 4944 τὸ
1063 4890 1404 4962 ἀνθρώπινον
1455 4891 1857 4961 ἐπιδείκνυται,

275 4981 374 5034 καὶ
402 4981 499 5050 τὴν
525 4977 674 5052 [ιοε]
700 4977 862 5047 φύσιν
893 4978 966 5047 μὴ
1007 4977 1334 5048 βουλομένην
1369 4977 1660 5034 ἀποθανεῖν
1679 5019 1694 5044 ,
1720 4981 1858 5037 ἀλλά

273 5065 378 5133 τῆς
405 5061 684 5131 παρούσης
713 5060 1080 5130 ἀντεχομένην
1123 5060 1268 5129 ζωῆς
1291 5075 1306 5088 ·
1353 5060 1588 5126 δεικνὺς,
1628 5062 1710 5118 ὅτι
1759 5065 1859 5118 ούκ

276 5146 386 5211 ἔξω
406 5146 523 5198 τῶν
574 5145 929 5216 ἀνθρωπίνων
985 5142 1173 5197 παθῶν
1225 5140 1314 5214 ῆν.
1374 5145 1584 5215 ’Ὠσπερ
1633 5149 1741 5220 γάρ
1799 5150 1860 5202 τὸ

276 5231 472 5300 πεινῇν
504 5228 603 5281 οὐκ
625 5227 898 5298 ἔγκλημα.
933 5226 1052 5279 οὐδὲ
1079 5226 1141 5279 τὸ
1187 5226 1498 5281 καθεύδειν’
1531 5227 1704 5294 οὕτως
1736 5231 1858 5285 οὐδὲ

276 5313 340 5365 τὸ
365 5313 463 5383 τῆς
486 5311 765 5382 παρούσης
793 5311 936 5380 ζωῆς
963 5309 1226 5378 ἐφίεσθαι.
1273 5310 1330 5364 '0
1351 5311 1406 5364 δὲ
1435 5313 1666 5383 Χριστὸς
1699 5316 1860 5384 σῶμα

279 5397 522 5465 καθαρὸν
576 5395 988 5464 ἁμαρτημάτων
1036 5388 1200 5462 εἶχεν,
1228 5395 1347 5463 ούχὶ
1381 5396 1627 5464 φυσικῶν
1675 5398 1861 5466 ἀναγ-

279 5479 394 5532 κῶν
437 5476 883 5546 ἀπηλλαγμένον·
924 5476 1046 5528 ἐπεὶ
1079 5476 1184 5528 οὐδ’
1214 5476 1279 5530 ἂν
1315 5478 1472 5548 σῶμα
1507 5474 1594 5550 ἦν.
1649 5482 1751 5533 Διά
1794 5481 1859 5552 δὴ

276 5561 484 5614 τούτων
523 5560 618 5614 καὶ
674 5559 858 5629 ἐτερόν
909 5576 962 5613 τι
1007 5559 1314 5614 ἐπαίδευσε.
1372 5563 1530 5616 Ποῖον
1563 5563 1627 5632 δὴ
1664 5563 1857 5630 τοῦτο;

279 5643 421 5705 Ἵνα,
476 5642 529 5695 εί
577 5658 709 5695 ποτε
760 5643 818 5694 ἐν
872 5641 1043 5709 ἀγῶνι
1077 5643 1483 5713 κατασταίημεν
1527 5646 1620 5698 καὶ
1664 5645 1857 5718 δειλίᾳ,

281 5725 418 5797 μηδὲ
489 5723 664 5784 οὕτως
731 5724 1173 5796 ἀποπηδήσωμεν
1262 5726 1371 5780 τῶν
1456 5730 1855 5800 προκειμένων.

281 5809 500 5878 Πάτερ,
573 5807 845 5874 δόξασόν
922 5824 1037 5861 σου
1113 5808 1180 5863 τὸ
1259 5808 1466 5878 ὄνομα.
1539 5813 1860 5880 Δείκνυσιν,

340 6039 365 6068 ⁸
391 6036 487 6088 Am
513 6035 840 6099 ἐξαντάξοντον
911 6031 936 6070 δ
960 6033 1106 6082 δδκίιο
1149 6033 1237 6081 οὐκ
1262 6035 1380 6087 ἔστι.
1429 6033 1597 6086 Morel.
1626 6036 1710 6085 οὐκ
1733 6040 1816 6089 ἔτι.

1279 447 1342 502 ΙΝ
1379 445 1697 504 ΙΟΑΚΝΕΜ
1734 442 1964 499 ιιυιιιι..
2009 445 2212 499 LXVII.
2255 449 2324 502 al‘.
2356 446 2539 502 LXVI.

3433 438 3540 494 572

1950 557 2032 610 ὅτι
2099 559 2241 629 ὺπέρ
2315 559 2574 630 ἀληθείας
2641 554 3010 626 ἀποθνήσκει.
3091 550 3251 618 δόξαν
3313 549 3394 615 είς
3445 551 3540 604 τὸν

1949 641 2081 694 Θεὸν
2119 641 2180 695 τὸ
2221 642 2457 714 πρᾶγμα
2504 638 2708 695 καλῶν.
2749 638 2861 692 Καὶ
2909 634 3071 689 τοῦτο
3117 633 3401 687 συνέϐαινε
3441 650 3540 703 με-

1922 724 2016 778 τὰ
2047 725 2138 778 τὸν
2169 726 2422 796 σταυρόν.
2456 724 2725 795 Ἐμελλεν
2749 718 3105 791 ἐπιστρέφειν
3148 718 3182 788 ή
3217 718 3537 787 οἰκουμένη,

1949 809 2044 862 καὶ
2073 808 2361 879 γνωρίζειν
2382 807 2444 862 τὸ
2474 809 2646 878 δνομα
2669 804 2763 859 τοῦ
2801 802 2938 857 Θεοῦ
2963 802 3058 856 καὶ
3087 800 3414 874 θεραπεύειν
3440 801 3540 853 αύ-

1945 892 2035 944 τόν
2057 908 2070 920 ·
2104 892 2284 946 καίτοι
2312 893 2373 947 06
2400 892 2459 945 τὸ
2491 890 2586 945 τοῦ
2620 888 2834 960 Πατρδς
2865 886 3045 957 μόνον,
3075 884 3212 937 ἀλλά
3236 882 3332 936 καὶ
3359 883 3423 937 τὸ
3445 884 3540 937 τοῦ

1953 973 2084 1028 Υίοῦ
2106 991 2120 1004 ’
2151 975 2283 1034 ἀλλ’,
2302 976 2452 1046 ὅμως
2486 973 2647 1028 τοῦτο
2689 973 2838 1041 σιγᾷ.
2869 965 3092 1024 Ἦλθεν
3117 963 3233 1022 οὖν
3261 966 3431 1036 φωνὴ
3469 969 3539 1020 ἐκ

1948 1058 2067 1113 τῶν
2103 1059 2378 1127 οὐρανῶν
2400 1074 2415 1091 ·
2447 1059 2558 1114 Καὶ
2598 1057 2886 1119 ἐδόξασα,
2918 1053 3018 1106 καὶ
3047 1051 3237 1106 πάλιν
3268 1049 3534 1116 δοξάσω.

1949 1143 2059 1198 Ποῦ
2087 1142 2372 1209 ἐδόξασεν;
2410 1143 2498 1196 Ἐν
2534 1143 2649 1205 τοῖς
2679 1139 2790 1210 πρὸ
2821 1138 3030 1190 τούτων
3066 1135 3398 1204 γενομένοις.
3430 1136 3543 1188 Καὶ

1950 1227 2114 1281 πάλιν
2142 1226 2352 1291 δοξάσω
2387 1225 2526 1297 μετά
2556 1225 2650 1278 τὸν
2682 1222 2939 1291 σταυρόν.
2986 1221 3050 1273 Τί
3085 1217 3179 1274 οὖν
3209 1223 3237 1273 ό
3268 1219 3539 1289 Χριοτὸς;

1956 1313 2038 1366 06
2077 1311 2154 1364 δι’
2190 1310 2296 1379 ἐμὲ
2322 1311 2360 1377 ή
2390 1309 2560 1379 φωνὴ
2583 1309 2735 1376 αὕτη
2763 1306 3034 1377 γέγονεν,
3065 1305 3229 1359 ἀλλὰ
3257 1305 3332 1357 δι’
3360 1302 3538 1372 ὑμᾶς.

1963 1395 2191 1448 Ἐκεῖνοι
2220 1394 2277 1447 δὲ
2317 1393 2547 1465 βροντὴν
2573 1392 2836 1463 ἐνόμισαν
2863 1386 3026 1450 εἶναι.
3062 1389 3094 1459 ἢ
3122 1388 3355 1457 ἄγγελον
3390 1386 3543 1458 αύτῴ

1949 1476 2325 1548 λελαληκέναι.
2352 1476 2463 1530 Καὶ
2487 1475 2651 1530 πόθεν
2675 1474 2836 1528 τοῦτο
2865 1474 3123 1544 ἐνόμισαν
3145 1489 3158 1538 ;
3188 1474 3262 1543 μὴ
3290 1472 3400 1543 γὰρ
3419 1473 3542 1543 ούχὶ

1949 1560 2120 1632 τρανὴ
2144 1562 2240 1614 καὶ
2271 1559 2509 1628 εὔσημος
2539 1554 2605 1630 ἦν
2639 1561 2671 1630 ἡ
2709 1558 2899 1630 φωνή;
2935 1557 3096 1610 Ἀλλὰ
3121 1557 3331 1626 ταχέως
3363 1556 3544 1609 αὐτῶν

1949 1643 2207 1713 ἀπέπτη,
2261 1642 2358 1696 an
2400 1641 2722 1714 παχυτέρων
2761 1641 2933 1695 ὄντων
2981 1640 3072 1693 καὶ
3121 1640 3399 1710 σαρκικῶν
3447 1641 3543 1693 καὶ

1953 1725 2236 1798 ῥᾳθύμων.
2290 1726 2400 1778 Καὶ
2425 1727 2474 1778 οἱ
2503 1726 2601 1795 μὲν
2633 1726 2723 1778 τὸν
2752 1721 2885 1795 ἦχον
2931 1727 3180 1793 κατεῖχον
3202 1741 3216 1754 ο
3250 1725 3300 1776 οί
3334 1724 3422 1782 δέ.
3457 1724 3543 1777 ὃτι

1956 1809 2056 1880 μὲν
2081 1808 2344 1882 ἔναρθρος
2371 1804 2440 1880 ἦν
2471 1809 2503 1878 ὴ
2532 1807 2718 1878 φωνὴ,
2749 1808 2976 1879 ᾔδεσαν·
3025 1807 3076 1860 τί
3120 1808 3176 1860 δέ
3218 1809 3540 1882 ἐσήμαινεν,

1952 1893 2053 1946 ούκ
2086 1891 2186 1945 ἐτι.
2221 1892 2286 1946 Τί
2314 1887 2407 1946 οὗν
2441 1894 2469 1945 6
2499 1891 2735 1963 Χριστός
2757 1909 2771 1958 ;
2796 1895 2885 1951 ,οὐ
2907 1891 2981 1944 δι’
3001 1892 3106 1960 ἐμὲ
3136 1894 3172 1959 ἡ
3194 1891 3364 1959 φωνὴ
3389 1891 3541 1959 αὕτη

1953 1977 2220 2047 γέγονεν,
2261 1977 2422 2030 ἀλλὰ
2460 1976 2537 2030 δι’
2566 1975 2741 2045 ὑμᾶς.
2766 1975 2867 2029 Διά
2894 1977 2948 2029 τί
2989 1974 3148 2029 τοῦτο
3181 1971 3369 2040 εἷπεν;
3399 1976 3544 2046 Πρὸς

1953 2061 2131 2115 ἐκεῖνο
2164 2061 2512 2132 ἐνιστάμενος
2532 2072 2555 2100 ε
2590 2061 2619 2114 ὃ
2649 2059 2835 2129 ἔλεγον
2884 2061 2972 2113 ἀεὶ
2998 2100 3012 2122 ,
3047 2061 3128 2114 ὅτι
3159 2061 3259 2113 οὐκ
3288 2060 3433 2113 ἐστιν
3478 2063 3544 2114 ἐκ

1952 2145 2045 2198 τοῦ
2093 2143 2251 2198 Θεοῦ.
2292 2145 2351 2198 ’0
2382 2144 2493 2216 γὰρ
2539 2144 2644 2198 ὑπὸ
2687 2144 2780 2198 τοῦ
2819 2144 2956 2197 Θεοῦ
2987 2142 3369 2214 δοξαζόμενος,
3426 2144 3543 2207 πῶς

1952 2229 2053 2300 οὐκ
2081 2227 2228 2281 ἐστιν
2259 2230 2323 2280 ἐκ
2357 2227 2449 2281 τοῦ
2480 2228 2640 2292 Θεοῦ,
2688 2221 2748 2281 οὗ
2778 2227 2838 2281 τὸ
2881 2227 3052 2298 ὄνομα
3100 2229 3170 2281 δι’
3197 2229 3360 2282 αὐτὸν
3388 2228 3546 2291 δοξάσ-

1954 2309 2139 2376 ζεται;
2185 2311 2285 2364 Διά
2315 2311 2424 2382 γὰρ
2451 2311 2610 2365 τοῦτο
2647 2313 2743 2365 καὶ
2781 2313 2814 2383 ἡ
2865 2313 3018 2382 φωνὴ
3065 2311 3293 2383 ἠνέχθη.
3323 2313 3412 2366 Διὸ
3446 2313 3540 2366 καὶ

1953 2394 2114 2457 αύτός
2156 2411 2342 2463 φησιν,
2381 2397 2463 2448 Οὺ
2495 2394 2572 2447 δι’
2617 2393 2724 2463 ἐμὲ
2766 2395 2804 2461 ἡ
2849 2393 3020 2464 φωνὴ
3071 2396 3224 2464 αὕτη
3266 2397 3536 2472 γέγονεν,

1953 2477 2114 2532 ἀλλὰ
2151 2478 2227 2531 δι’
2261 2475 2456 2546 ὑμᾶς·
2496 2479 2595 2548 οὐχ
2626 2478 2712 2531 ῐνα
2743 2478 2855 2547 ἐγὼ
2892 2478 3051 2549 μάθω
3075 2497 3128 2532 τι
3163 2480 3372 2548 ἀγνοῶν
3411 2473 3541 2551 gap"

1955 2561 2124 2630 αὐτῆς
2174 2561 2394 2632 (πάντα
2430 2560 2540 2633 γὰρ
2584 2555 2702 2614 οἴδα
2734 2562 2803 2615 τά
2839 2560 2936 2614 τοῦ
2971 2562 3185 2634 [la-:96;
3211 2567 3227 2628 )
3253 2602 3267 2627 ,
3296 2563 3434 2617 ἀλλά
3475 2563 3544 2616 δι’

1956 2647 2120 2716 ὑμᾶς.
2178 2645 2397 2718 Ἐπειδὴ
2449 2645 2558 2718 γὰρ
2607 2644 2829 2714 ἔλεγον,
2873 2646 2955 2700 ὅτι
2998 2647 3231 2716 ἄγγελος
3278 2647 3544 2716 ἐλάλησεν

1955 2729 2123 2800 αὐτῷ,
2158 2730 2192 2800 ἢ
2231 2728 2430 2801 βροντὴ
2477 2729 2693 2799 γέγονε,
2749 2730 2844 2783 καὶ
2887 2732 2948 2783 06
2996 2735 3306 2802 προσεῖχον,
3342 2734 3539 2801 φησὶν,

1954 2815 2038 2867 δτι
2059 2813 2139 2867 Δι’
2155 2814 2302 2884 ὑμᾶς
2325 2815 2565 2882 ἐγένετο,
2594 2814 2681 2867 ἵνα
2703 2813 2805 2867 κᾶν
2831 2813 3004 2872 οὕτως
3027 2816 3295 2886 ἐνάγησθε
3328 2817 3464 2887 πρὸς
3484 2818 3546 2870 τὸ

1955 2897 2229 2970 ἐρωτῆσαι
2251 2899 2304 2951 τί
2329 2898 2390 2952 τὸ
2422 2897 2630 2968 λεχθέν.
2661 2900 2725 2951 UE
2759 2897 2815 2952 δέ
2847 2900 3193 2970 ἐπτοημένοι,
3221 2901 3343 2954 ούδέ
3371 2901 3544 2966 οὕτως

1956 2982 2240 3044 ἐπύθοντο,
2285 2981 2616 3045 ἀκούσαντες
2656 2983 2737 3035 ὃτι
2766 2982 2949 3046 αὐτοῖς
2981 2984 3174 3052 ἀνήκει
3200 2983 3260 3037 τὸ
3286 2985 3542 3055 πρᾶγμα.

1956 3067 2046 3136 Τῷ
2066 3065 2176 3137 γάρ
2197 3065 2300 3118 οὐκ
2326 3065 2487 3119 είδότι
2510 3065 2646 3137 πρὸς
2668 3065 2696 3118 ὃ
2721 3065 2959 3133 ἐλέγετο,
2987 3066 3214 3129 εἰκότως
3242 3067 3343 3120 οὐκ
3371 3067 3547 3120 ἐδόκει

1965 3148 2199 3219 ήῦσημος
2231 3144 2370 3200 εἶναι
2399 3149 2433 3218 ἡ
2478 3149 2654 3218 φωνή.
2690 3149 2767 3201 Δι’
2799 3142 2956 3217 ὑμᾶς
2987 3149 3027 3215 ἠ
3062 3147 3231 3218 φωνὴ
3272 3150 3543 3220 γέγονεν.

1973 3233 2134 3303 Ὀρᾷς
2168 3231 2252 3284 ὅτι
2280 3230 2351 3282 τά
2374 3230 2606 3284 ταπεινά
2638 3231 2705 3283 δι’
2737 3231 2934 3294 αὐτοὺς
2965 3233 3198 3299 γίνεται,
3230 3234 3328 3302 ούχ
3351 3233 3424 3296 ὠς
3449 3233 3545 3285 τοῦ

1965 3314 2088 3368 ι’ίοῦ
2143 3313 2398 3384 δεομένου
2462 3313 2750 3384 βοηθείαςς
2794 3315 2928 3368 Νῦν
2984 3316 3187 3383 κρίσις
3241 3315 3376 3369 ἐστὶ
3434 3317 3544 3371 τοῦ

1957 3401 2192 3468 κόσμου
2245 3397 2482 3452 τούτου.
2536 3396 2672 3451 Νῦν
2714 3397 2782 3450 δὲ
2841 3401 2873 3452 ό
2913 3398 3115 3468 ἄρχων
3156 3399 3262 3453 τοῦ
3313 3401 3548 3469 κόσμου

1956 3483 2173 3537 τούτου
2205 3481 2364 3537 κάτω
2391 3482 2796 3549 βληθήσεται.
2833 3481 3004 3536 Τοῦτο
3033 3483 3195 3536 ποίαν
3220 3482 3551 3538 ἀκολουθίαν

1957 3570 2070 3639 ἔχει
2098 3568 2232 3639 πρὸς
2273 3566 2355 3634 τὸ,
2394 3567 2708 3633 Ἑδόξασα,
2757 3568 2855 3620 καὶ
2897 3566 3174 3632 δοξάσω;
3209 3568 3420 3639 Πολλὴν
3453 3571 3549 3640 καὶ

1959 3652 2167 3725 σφόδρα
2212 3649 2560 3723 συνᾴδουσαν.
2625 3649 2842 3721 Ἐπειδὴ
2883 3650 2991 3720 γάρ
3038 3646 3199 3716 εἷπε,
3257 3651 3544 3716 Δοξάσω,

1957 3735 2196 3790 δείκνυσι
2233 3738 2327 3787 καὶ
2359 3734 2451 3787 τὸν
2479 3733 2680 3802 τρόπον
2717 3733 2820 3804 τῆς
2858 3733 3036 3805 δόξης.
3066 3735 3162 3797 Τίς
3196 3733 3252 3786 δὲ
3281 3737 3308 3788 6
3345 3735 3548 3806 τρόπος

1958 3819 2145 3884 ἐστίν;
2183 3817 2422 3881 Ἐκεῖνος
2446 3815 2826 3885 Βληθήσεται
2855 3816 3034 3880 κάτω,
3064 3818 3218 3886 φησί.
3246 3818 3310 3871 Τί
3332 3817 3388 3870 δέ
3406 3820 3546 3883 ἐστι,

1957 3902 2168 3970 Κρίσις
2214 3900 2346 3954 ἐστι
2391 3900 2499 3954 τοῦ
2546 3901 2778 3968 κόσμου
2817 3900 3035 3953 τούτου
3057 3916 3078 3965 ;
3111 3901 3326 3955 Ὠσανεὶ
3361 3902 3544 3971 ἔλεγε,

1957 3985 2321 4054 Δικαστήριον
2351 3981 2504 4036 ἕσται
2539 3982 2634 4035 καὶ
2663 3981 2964 4053 ἐκδίκησις.
2997 3982 3122 4045 Πῶς
3150 3984 3246 4036 καὶ
3282 3985 3388 4038 τίνι
3421 3987 3549 4057 1:96-

1961 4087 2045 4137 πῳ
2068 4086 2082 4132 ;
2110 4066 2312 4120 Ἀνεῖλε
2337 4066 2429 4119 τὸν
2452 4065 2667 4136 πρῶτον
2694 4065 3005 4136 ἄνθρωπον,
3034 4065 3336 4119 ὑπεύθυνον
3367 4067 3548 4123 λαϐὼν

1961 4154 2023 4221 τῇ
2061 4148 2306 4221 ἁμαρτίᾳ
2365 4149 2506 4216 (Διά
2552 4148 2662 4219 γὰρ
2696 4147 2808 4218 τῆς
2854 4150 3143 4218 ἁμαρτίας
3183 4149 3470 4218 εἰσῆλθεν
3515 4156 3548 4206 ό

1959 4233 2247 4301 θάνατος)
2269 4249 2282 4262 ·
2314 4233 2371 4285 ἐν
2404 4232 2527 4302 ἐμοὶ
2555 4231 2713 4284 τοίτο
2741 4233 2838 4302 οὐχ
2880 4227 3029 4302 εὗρε.
3058 4230 3216 4297 Τίνος
3247 4230 3339 4286 οὖν
3361 4234 3548 4286 ἕνεκεν

1958 4315 2280 4384 ἐνεπήδησε,
2315 4315 2410 4368 καὶ
2449 4314 2665 4384 θανάτῳ
2694 4314 3015 4385 παρέδωκε;
3063 4315 3209 4378 τίνος
3252 4316 3436 4370 ἕνεκεν
3466 4318 3548 4378 εἰς

1958 4397 2056 4466 τὴν
2095 4394 2267 4447 Ἰούδα
2297 4393 2476 4465 ψυχὴν
2519 4393 2776 4448 ἐνέϐαλεν
2809 4393 2952 4448 ὥστε
2993 4411 3061 4464 με
3093 4395 3341 4461 ἀνελεῖν;
3392 4395 3545 4469 [405]

1958 4476 2050 4546 Μὴ
2078 4476 2188 4545 γάρ
2224 4491 2314 4545 μοι
2345 4478 2505 4546 εἴπῃς
2530 4473 2644 4534 νῦν.
2682 4475 2762 4527 ὅτι
2788 4477 2817 4529 ό
2847 4474 2978 4539 Θεὸς
3004 4475 3326 4546 ᾠκονόμησε
3347 4493 3360 4507 ·
3387 4475 3549 4530 τοῦτο

1957 4561 2069 4630 γὰρ
2101 4559 2162 4611 ού
2195 4555 2293 4611 τοῦ
2326 4558 2599 4624 διαϐόλου,
2644 4557 2781 4611 ἀλλά
2808 4558 2906 4627 τῆς
2935 4557 3101 4611 αύτοῦ
3141 4560 3335 4628 σοφίας
3355 4576 3369 4591 ⁸
3409 4559 3549 4624 τέως

1958 4641 2175 4694 ἐκείνου
2209 4643 2242 4712 η
2284 4640 2480 4712 γνώμη
2512 4639 2854 4706 ἐξεταζέσθω
2880 4642 2976 4694 τοῦ
3001 4641 3273 4712 Πονηροῦ.
3303 4641 3427 4706 Πῶς
3452 4639 3550 4697 οὖν

1959 4726 2208 4796 κρίνεται
2231 4726 2270 4778 ό
2288 4724 2490 4794 κόσμος
2523 4726 2580 4800 ἐν
2605 4723 2760 4794 ἐμοί;
2802 4724 3018 4778 Ὠσανεὶ
3039 4725 3388 4798 δικαστηρίου
3410 4726 3547 4780 καθο

1958 4809 2217 4879 εξομένου
2238 4852 2253 4875 ,
2299 4807 2621 4879 λεχθήσεται
2667 4808 2805 4879 πρὸς
2846 4810 3011 4864 αὐτὸν
3032 4851 3048 4875 ,
3090 4811 3306 4874 Ἔστω,
3337 4813 3550 4875 πάντας

1958 4894 2187 4956 ἀνεῖλες,
2233 4891 2322 4945 διά
2353 4892 2412 4944 τὸ
2440 4890 2765 4962 ἁμαρτίαςά
2816 4892 3155 4958 ὑπευθύνους
3197 4896 3407 4965 εὑρεῖν·
3455 4896 3548 4948 τὸν

1958 4976 2194 5047 Χριστὸν
2211 4975 2352 5030 διατί
2377 4977 2625 5043 ἀνεῖλεςς
2657 4976 2759 5030 οὐκ
2787 4975 3010 5048 εὔδηλον
3034 4979 3116 5031 ὅτι
3145 4980 3346 5044 ἀδίκως
3368 4997 3382 5046 ;
3407 4982 3551 5034 Ούκ-

1959 5062 2053 5114 οῦν
2083 5061 2154 5115 δι’
2186 5061 2353 5116 αὑτοῦ
2384 5061 2806 5134 ἐκδικηθήσεται
2836 5064 2864 5115 6
2889 5062 3094 5132 κόσμος
3138 5065 3303 5128 ἄπας.
3338 5067 3456 5119 Ἰνα
3489 5066 3549 5120 δὲ

1961 5148 2054 5201 καὶ
2114 5146 2449 5218 σαφέστερον
2500 5141 2564 5219 ᾖ,
2619 5149 2712 5200 καὶ
2764 5148 2858 5201 ἐπὶ
2915 5149 3359 5220 παραδείγματος
3415 5153 3557 5207 αύτδ

1967 5231 2176 5300 ποιήσω
2205 5230 2462 5303 φανερόν⁸
2489 5232 2672 5283 Ἔστω
2698 5247 2780 5295 τις
2809 5232 2982 5302 βίαιος
3009 5232 3273 5304 τύραννος
3293 5275 3308 5298 ,
3341 5237 3556 5302 πάντας

1958 5314 2088 5376 τοὺς
2117 5312 2492 5382 ἐμπίπτοντας
2522 5313 2738 5384 μυρίοις
2767 5314 3112 5386 περιϐάλλων
3139 5322 3350 5382 κακοῖς.
3380 5315 3552 5383 Οὗτος

1959 5397 2057 5449 ἐὰν
2090 5395 2383 5466 συμϐαλὼν
2418 5394 2646 5466 βασιλεῖ,
2686 5397 2720 5468 ἢ
2748 5397 2850 5468 υίῷ
2874 5398 3161 5469 βασιλέως,
3195 5402 3362 5478 ἀνέλῃ
3387 5403 3550 5456 αὑτὸν

1960 5479 2230 5542 ἀδίκως,ό
2260 5480 2471 5532 ἐκείνου
2500 5481 2732 5544 θάνατος
2759 5483 2856 5534 καὶ
2884 5483 3012 5546 τοὺς
3042 5483 3239 5550 ἄλλους
3261 5487 3550 5556 ἐκδικῆσαι

1961 5564 2274 5634 δυνήσεται.
2315 5564 2500 5618 Ἔστω
2546 5583 2628 5629 τις
2669 5567 2957 5635 ὀφειλέτας
3002 5571 3272 5637 ἀπαιτῶν,
3317 5574 3411 5627 καὶ
3457 5591 3552 5628 τυ⁴

1964 5647 2166 5713 πτέτω,
2197 5648 2290 5700 καὶ
2325 5649 2406 5711 είς
2436 5647 2813 5721 δεσμωτήριον
2840 5652 3181 5721 ἐμϐαλλέτωο
3213 5651 3332 5709 εἶτα
3363 5658 3428 5709 ἐκ
3449 5660 3552 5730 τῆς

1963 5732 2135 5801 αὐτῆς
2170 5731 2431 5794 ἀπονοίας
2458 5735 2553 5785 καὶ
2585 5733 2676 5788 τὸν
2704 5734 2857 5788 ούδὲν
2884 5736 3168 5804 ὀφείλοντα
3195 5739 3301 5791 ὑπὸ
3321 5740 3422 5811 τὴν
3453 5742 3554 5794 a6-

1962 5816 2062 5886 την
2097 5814 2322 5886 εἱρκτὴν
2368 5816 2571 5884 ἀγέτω.
2618 5811 2787 5883 Οὗτος
2836 5822 2930 5873 καὶ
2956 5814 3031 5874 ὧν
3075 5824 3155 5886 εἰς
3192 5823 3320 5887 τοὺς
3358 5823 3554 5889 ἄλλους

2028 5980 2050 6007 ε
2105 5979 2200 6049 Αιῆὶ
2251 5979 2403 6054 έκεῖνο
2445 5981 2712 6054 ἱστάμενος.
2777 5980 2805 6022 ιι
2834 5983 3238 6054 Ρυιωιηεωιιιυε
3280 5989 3550 6054 legendum

1963 6041 2232 6103 ἁμαρτίαις.
2261 6042 2438 6104 ﬂecte,
2471 6045 2570 6092 scd
2595 6047 2862 6098 reclamant
2902 6047 3122 6101 codices.
