4064 6518
260 471 367 499 η’·ιξ

257 489 370 526 ἔιιύ

254 598 389 652 lius.
427 593 708 661 Quomodo
734 605 863 660 ergo
887 585 1114 644 mundus
1153 587 1207 643 in
1238 602 1325 642 me
1350 586 1651 655 judicatur‘t
1678 585 1841 652 Quasi

251 689 553 746 Constituto
577 684 778 754 judicio
796 725 812 749 ,
843 681 1048 737 dicetur
1075 679 1150 734 illi
1183 697 1196 733 :
1225 679 1386 744 Esto,
1414 693 1600 732 omnes
1627 678 1841 732 occide-

249 786 371 850 ris,
399 782 495 838 sed
529 780 650 848 quia
692 785 909 847 peccato
948 772 1208 828 obnoxios
1243 770 1524 839 reperisti:
1567 768 1838 823 Christum

249 891 390 932 vero
414 891 509 931 cur
532 871 809 930 occidisti?
836 882 1010 923 nonne
1032 866 1185 934 plane
1212 863 1427 933 injuste?
1453 863 1553 916 Pcr
1569 861 1840 915 Christum

248 985 390 1042 ergo
417 977 560 1024 totus
580 963 808 1020 mundus
834 958 1207 1014 vindicabitur.
1239 954 1391 1021 Quod
1420 963 1476 1007 ut
1498 952 1693 1006 clarius
1718 966 1841 1006 eva-

250 1041 354 1115 dat
371 1097 388 1124 ,
414 1055 661 1127 exemplo
696 1063 831 1107 utar.
856 1048 936 1106 Sit
963 1048 1227 1101 violentus
1254 1054 1512 1116 tyrannus
1537 1041 1799 1108 quispiam
1819 1078 1834 1104 ,

247 1154 348 1219 qui
387 1150 439 1204 in
469 1163 660 1203 manus
684 1159 806 1199 suas
844 1140 1137 1196 incidentes
1172 1149 1361 1191 omnes
1398 1131 1692 1187 innumeris
1718 1129 1839 1183 affi-

247 1244 364 1298 ciat
393 1238 568 1296 malis.
600 1238 697 1291 Hic
722 1235 764 1289 si
804 1248 923 1287 cum
953 1245 1079 1300 rege
1113 1227 1199 1282 vel
1229 1243 1349 1281 cum
1380 1224 1492 1278 lilio
1534 1223 1672 1292 regis
1707 1237 1835 1274 con-

245 1347 506 1406 gressus,
538 1328 748 1384 occidat
773 1325 918 1380 illum
952 1323 1144 1391 injuste
1164 1356 1180 1386 ,
1206 1320 1322 1386 ejus
1343 1332 1488 1371 mors
1517 1317 1676 1370 etiam
1707 1313 1839 1366 alios

249 1423 446 1479 ulcisci
486 1419 701 1491 poterit.
747 1415 829 1472 Sit
856 1415 1048 1484 aliquis
1082 1411 1170 1480 qui
1199 1426 1228 1463 a
1254 1407 1582 1464 debitoribus
1625 1405 1835 1473 exigat,

245 1516 537 1576 verberet,
569 1512 621 1565 in
647 1521 919 1563 carcerem
941 1503 1221 1572 conjiciat;
1245 1500 1438 1554 deinde
1476 1497 1662 1551 eadem
1683 1509 1835 1548 arro-

245 1607 432 1679 gantia
463 1604 590 1659 nihil
621 1603 902 1658 debentem
945 1595 1164 1667 perinde
1192 1605 1366 1664 cogat.
1400 1591 1595 1646 Eorum
1637 1605 1754 1659 qu:e
1783 1588 1835 1642 in

245 1701 390 1754 alios
415 1697 680 1767 commisit
704 1705 827 1748 tunc
854 1704 1042 1762 poenas
1065 1689 1214 1743 dabit
1245 1708 1259 1742 :
1292 1685 1382 1741 ille
1404 1698 1633 1754 namque
1664 1684 1834 1753 ipsum

244 1795 484 1850 occidet.

323 1889 384 1945 ὃ.
413 1883 499 1940 Sic
528 1891 584 1938 et
626 1881 678 1937 in
727 1879 864 1934 Filio
906 1877 1102 1932 factum
1144 1883 1248 1930 est.
1297 1872 1493 1928 Eorum
1541 1869 1682 1926 enim
1719 1884 1836 1939 qua:

242 1985 439 2031 contra
467 1988 560 2027 vos
587 1972 772 2026 fecerit
799 1969 1062 2033 diabolus,
1091 1981 1186 2036 per
1231 1980 1294 2020 ea
1325 1979 1443 2033 qua:
1470 1971 1656 2017 contra
1685 1959 1834 2015 Chri-

244 2078 396 2121 stum
422 2080 582 2120 ausus
622 2062 738 2125 fuit,
769 2060 915 2116 dabit
943 2073 1146 2128 pinnas.
1177 2054 1327 2122 Quod
1356 2064 1534 2109 autem
1565 2052 1616 2106 id
1647 2051 1834 2106 subin-

242 2157 477 2219 dicetur,
508 2153 631 2207 audi
661 2169 674 2206 :
708 2149 860 2205 Nunc
887 2150 1116 2218 princeps
1138 2146 1291 2216 hujus
1316 2144 1491 2217 mundi
1510 2143 1736 2213 ejicietur
1755 2143 1838 2195 in-

243 2246 355 2316 fra,
389 2263 483 2318 per
502 2254 727 2301 mortem
755 2257 949 2298 meam.
981 2239 1070 2297 32.
1100 2237 1166 2293 Et
1186 2255 1277 2308 ego
1303 2237 1348 2292 si
1375 2237 1625 2292 exaltatus
1649 2239 1794 2306 fuero
1815 2276 1832 2302 ,

242 2354 425 2393 orsines
453 2336 652 2392 traltam
694 2335 763 2388 ad
799 2333 1076 2402 meipsum;
1105 2332 1204 2383 hoc
1230 2339 1310 2384 est
1331 2369 1347 2395 ,
1386 2328 1547 2382 etiam
1584 2326 1831 2397 gentiles.

243 2431 317 2487 Et
339 2445 407 2484 ne
427 2430 546 2499 quis
567 2427 790 2488 diceret.
808 2416 1088 2491 Quomodo
1107 2419 1350 2491 ejicietur
1377 2418 1533 2482 infra,
1548 2418 1594 2472 si
1621 2426 1673 2472 te
1692 2418 1837 2472 vice-

242 2521 360 2576 rit?
399 2518 512 2574 Non
541 2517 758 2579 vincet,
787 2513 975 2584 inquit.
1016 2509 1295 2575 Quomodo
1331 2507 1474 2563 enim
1510 2507 1688 2562 vincet
1711 2520 1832 2562 eum

241 2611 506 2682 qui‘sllos
535 2608 695 2664 trahit
715 2609 740 2661 τ
765 2607 872 2661 Nec
899 2605 1133 2675 loquitur
1165 2603 1234 2658 de
1279 2600 1706 2663 resurrectione;
1739 2599 1830 2654 sed

243 2702 398 2774 quod
438 2700 826 2755 resurrectione
866 2696 1037 2765 majus
1065 2703 1175 2760 est,
1205 2693 1391 2747 Omnes
1416 2691 1614 2744 traham
1637 2690 1705 2747 ad
1732 2706 1834 2744 me-

241 2793 438 2864 ipsum.
453 2789 582 2846 Nam
599 2792 642 2846 si
657 2789 900 2856 dixisset,
917 2789 1230 2856 Resurgam,
1245 2786 1479 2839 nondum
1502 2784 1674 2856 palam
1691 2793 1833 2838 esset

243 2884 399 2954 ipsos
440 2897 560 2937 esse
602 2880 944 2936 credituros:
977 2893 1096 2933 eum
1138 2887 1316 2931 autem
1363 2876 1528 2941 dicit,
1560 2875 1791 2930 Credent
1815 2915 1829 2938 ,

242 2985 536 3044 utrumque
559 2973 815 3036 declarat,
838 2979 893 3025 et
918 2978 1344 3025 resurrecturum
1362 2983 1421 3022 se
1446 2968 1744 3022 confirmat.
1772 2965 1830 3020 Si

242 3066 392 3120 enim
423 3072 664 3118 mortuus
689 3062 992 3125 mansisset,
1019 3069 1072 3114 et
1103 3059 1263 3113 homo
1292 3073 1455 3128 purus
1481 3068 1643 3123 esset,
1675 3072 1833 3112 nemo

242 3155 584 3212 credidisset.
614 3152 802 3206 Omnes
824 3151 1023 3204 traham
1048 3149 1117 3203 ad
1133 3150 1396 3216 meipsum.
1424 3148 1530 3203 Cur
1554 3163 1682 3216 ergo
1706 3147 1834 3201 dicit

245 3245 462 3300 Patrem
496 3242 746 3297 trahere?
776 3240 906 3307 Quia
939 3241 1181 3294 trahente
1203 3239 1356 3304 Filio,
1391 3239 1551 3294 trahit
1580 3250 1633 3293 et
1655 3239 1830 3292 Pater.

245 3339 480 3392 'I'raham
501 3377 516 3401 ,
542 3335 712 3404 inquit
736 3376 752 3400 ,
784 3341 967 3403 utpote
990 3347 1019 3386 a
1052 3344 1277 3402 tyranno
1301 3330 1547 3386 detentus
1566 3372 1582 3396 ,
1610 3330 1697 3400 qui
1727 3346 1832 3384 non

246 3429 458 3501 possint
483 3443 577 3498 per
600 3441 659 3481 se
677 3427 952 3489 accedere,
975 3433 1029 3479 et
1043 3422 1473 3493 cjusobsistentis
1493 3439 1678 3478 manus
1697 3421 1834 3478 effu-

1221 471 1282 527 ΙΝ
1321 468 1633 531 JOANNESI
1673 474 1902 554 HOMID.
1932 475 2161 533 LXVIII.
2195 481 2264 534 al.
2299 477 2506 535 LXVII.

3433 486 3539 542 3η

1943 592 2235 662 gere.A|ibi
2247 600 2424 648 autem
2449 594 2574 647 illud
2590 593 2828 663 rapinam
2846 590 3193 651 vocat.Nemo
3208 602 3541 668 potestspolia

1947 686 2093 745 fortis
2113 701 2309 753 rapere,
2335 685 2435 738 nisi
2455 685 2596 753 prius
2622 689 2803 754 fortem
2842 685 3049 754 alliget,
3076 694 3120 739 et
3147 696 3265 740 tunc
3292 704 3414 741 vasa
3432 691 3542 756 eius

1945 777 2112 846 rapiat
2141 777 2350 848 (Matth.
2387 777 2473 830 12.
2655 777 2748 831 His
2769 779 2886 842 ejus
2915 778 3220 832 violentiam
3256 778 3539 849 signiﬁcat.

1943 866 2094 935 Quod
2131 883 2260 937 ergo
2305 868 2409 921 illic
2447 869 2723 936 rapinam,
2755 867 2842 922 hic
2885 869 3202 924 traetionem
3233 871 3538 939 appellarit.

1945 959 2072 1013 Hice
2098 974 2219 1013 cum
2247 959 2511 1022 sciamus,
2552 957 2879 1023 excitemur,
2926 959 3288 1029 glorificamus
3336 962 3498 1016 Deum
3523 1005 3537 1025 ,

1946 1067 2066 1121 non
2086 1067 2180 1119 per
2203 1051 2361 1106 ﬁdem
2391 1061 2618 1112 tantum.
2645 1051 2738 1104 sed
2763 1051 2923 1104 etiam
2955 1066 3050 1120 per
3079 1051 3273 1116 vitam;
3302 1053 3537 1123 alioquin

1946 1161 2052 1198 non
2083 1145 2250 1214 gloria
2276 1185 2290 1207 .
2323 1145 2416 1200 sed
2457 1144 2784 1212 blasphemia
2826 1145 2876 1197 in
2922 1143 3086 1197 Deum
3117 1156 3280 1199 esset.
3313 1145 3428 1199 Non
3469 1148 3537 1200 ita

1943 1234 2345 1302 blaSplicmatur
2371 1236 2510 1290 Deus
2538 1235 2604 1288 ab
2633 1235 2965 1290 exsecrando
2993 1237 3205 1301 gentili,
3242 1245 3296 1289 ut
3326 1252 3354 1288 a
3385 1235 3540 1291 Chri-

1943 1329 2120 1382 sliano
2147 1339 2418 1396 corrupto.
2452 1326 2654 1381 Idcirco
2677 1329 2875 1393 omnia,
2900 1328 3146 1392 obsecro,
3173 1328 3450 1395 faciamus,
3484 1340 3540 1384 ut

1945 1419 2086 1474 Deus
2130 1421 2296 1488 gloria
2340 1419 2625 1473 afliciatur.
2658 1418 2789 1473 Nam
2822 1418 2914 1482 ait.
2963 1417 3052 1473 Va:
3091 1435 3247 1474 servo
3292 1421 3366 1474 illi
3393 1463 3406 1485 ,
3441 1437 3539 1488 per

1941 1528 2100 1582 quem
2137 1529 2332 1567 nomen
2383 1512 2472 1565 Dei
2514 1512 2914 1581 blasphematur
2947 1512 3191 1581 (quando
3229 1523 3406 1567 autem
3444 1513 3534 1567 Vae

1941 1603 2159 1669 dicitur,
2185 1606 2358 1656 omnis
2387 1605 2654 1658 cruciatus
2676 1604 2918 1671 sequitur
2944 1614 3103 1672 atque
3134 1603 3474 1675 supplicium)
3511 1622 3525 1658 :

1941 1697 2129 1752 beatus
2155 1707 2332 1749 autem
2354 1696 2442 1750 ille
2471 1703 2573 1757 est,
2613 1710 2705 1761 per
2730 1710 2891 1763 quem
2921 1710 3114 1748 nomen
3161 1695 3278 1764 ejus
3307 1695 3538 1749 honora-

1943 1797 2049 1841 tur.
2077 1786 2154 1840 Ne
2176 1786 2352 1855 itaque
2373 1786 2539 1840 simus
2560 1784 2709 1855 quasi
2733 1785 2784 1838 in
2807 1785 3063 1847 tenebris,
3089 1786 3180 1838 sed
3208 1785 3384 1838 omnia
3415 1801 3535 1855 pec-

1940 1888 2056 1934 cata
2082 1879 2342 1947 fugiamus
2367 1918 2382 1942 ,
2415 1878 2644 1931 maxime
2671 1885 2847 1930 autem
2880 1875 2966 1929 illa
3008 1891 3127 1945 qua:
3175 1878 3225 1929 in
3267 1875 3531 1944 publicam

1942 1968 2230 2038 perniciem
2283 1976 2596 2022 transeunt:
2630 1967 2681 2020 in
2725 1966 2809 2020 his
2855 1965 2998 2019 enim
3050 1968 3345 2035 prmsertim
3393 1967 3534 2023 Deus

1943 2059 2362 2129 blasphematur.
2396 2059 2564 2126 Quam
2596 2058 2738 2111 enim
2767 2058 2976 2112 veniam
3031 2072 3455 2127 conSequemnr,
3476 2060 3531 2113 .si

1939 2154 2058 2207 aliis
2079 2153 2207 2207 dare
2232 2152 2389 2222 jussi,
2419 2151 2593 2204 aliena
2620 2150 2932 2219 rapiamus?
2961 2167 3080 2217 qua:
3109 2150 3262 2205 nobis
3288 2150 3390 2204 crit
3410 2165 3534 2221 spes

1940 2244 2128 2298 salutis
2154 2244 2177 2296 τ
2203 2242 2258 2299 Si
2284 2243 2611 2298 esurientem
2638 2257 2744 2295 non
2773 2241 2908 2308 alas,
2934 2241 3192 2311 punieris;
3215 2243 3259 2296 si
3291 2241 3530 2296 indutum

1940 2351 2104 2392 exuas
2129 2376 2145 2402 ,
2192 2349 2350 2406 quam
2383 2334 2730 2404 consequeris
2769 2333 3020 2388 veniam?
3064 2333 3187 2389 Haec
3230 2333 3535 2404 frequenter

1939 2430 2116 2484 dicere
2139 2444 2243 2481 non
2268 2426 2618 2482 cessabimus.
2652 2425 2814 2481 Forte
2841 2426 2930 2496 qui
2964 2425 3123 2480 hodie
3150 2443 3256 2481 non
3285 2427 3529 2492 audiam,

1939 2536 2058 2575 cras
2104 2518 2368 2574 audient:
2423 2518 2510 2587 qui
2562 2532 2683 2578 cras
2733 2533 2838 2571 non
2892 2517 3218 2584 attondent,
3279 2518 3534 2587 postridie

1939 2612 2177 2667 audient.
2228 2610 2380 2678 Quod
2408 2611 2454 2663 si
2484 2610 2574 2680 qui
2629 2607 2956 2680 immorigeri
3001 2609 3151 2675 sint,
3193 2623 3290 2663 nos
3339 2611 3528 2664 saltem

1941 2704 2142 2759 innoxii
2163 2702 2420 2772 judicium
2444 2717 2548 2755 non
2572 2699 2891 2760 Subibimus.
2930 2700 3018 2768 qui
3036 2715 3154 2769 quae
3172 2709 3351 2755 nostra
3380 2711 3535 2754 erant

1940 2796 2355 2867 impleverimus.
2376 2792 2589 2853 Utinam
2618 2807 2716 2847 uec
2743 2807 2840 2847 nos
2864 2792 3102 2847 dedictis
3131 2793 3530 2860 erubescamus,

1940 2905 2039 2946 nec
2082 2903 2177 2943 vos
2222 2889 2427 2958 pudore
2473 2884 2777 2940 afliciamini
2801 2923 2817 2948 ,
2849 2884 2944 2939 scd
2975 2899 3163 2939 omnes
3188 2901 3307 2939 cum
3342 2885 3532 2940 ﬁducia

1939 2992 2084 3038 stare
2110 2981 2374 3050 Possimus
2400 2989 2526 3031 ante
2556 2975 2785 3029 tribunal
2816 2976 3034 3042 Christi,
3070 2987 3128 3032 ut
3150 2987 3205 3032 et
3229 2993 3327 3032 nos
3358 2978 3529 3046 possi-

1939 3091 2059 3132 mus
2112 3077 2164 3131 in
2209 3074 2370 3130 vobis‘
2408 3070 2647 3142 gloriari,
2680 3070 2854 3140 deque
2877 3069 3031 3123 malis
3071 3069 3269 3124 nostris
3296 3068 3529 3139 aliquant

1939 3168 2359 3223 consolationem
2381 3166 2646 3237 aet-ipere;
2663 3173 2894 3230 vestram
2917 3175 3109 3228 nempe
3140 3160 3528 3229 probationem,

1941 3260 1994 3314 in
2033 3258 2245 3314 Christo
2260 3259 2394 3319 Jesu,
2414 3258 2639 3312 Domino
2668 3264 2875 3320 nostro,
2905 3252 3118 3321 quicum
3143 3252 3282 3306 Patri
3304 3251 3472 3321 gloria
3507 3291 3525 3317 ,

1940 3349 2203 3418 simulque
2229 3348 2448 3417 Spiritui
2474 3357 2659 3402 sancto
2687 3347 2741 3400 in
2771 3342 2988 3400 saecula.
3020 3344 3213 3398 Amen.

289 3567 3490 3592 Μ

1537 3659 1885 3722 HOMILIA
1925 3659 2206 3721 LXVIII.

246 3799 376 3856 Car.
411 3799 497 3854 η.
527 3815 582 3852 v.
617 3799 706 3854 54.
746 3797 1024 3868 Respondit
1050 3799 1093 3852 ei
1115 3798 1260 3851 turba
1282 3815 1301 3852 :
1329 3797 1442 3853 Nos
1465 3799 1748 3855 audivimus
1773 3817 1838 3855 ex
1931 3801 2214 3872 significat.
2248 3800 2443 3856 Verum
2475 3800 2529 3854 lii
2557 3807 2836 3872 sperantes
2883 3814 2944 3855 se
2973 3799 3048 3854 illi
3081 3799 3354 3854 silentium
3403 3797 3508 3852 im-

319 3891 445 3961 lege.
469 3891 602 3958 quod
627 3890 853 3944 Christus
881 3899 1044 3944 manet
1069 3889 1122 3943 in
1140 3898 1377 3944 mternum
1397 3905 1417 3943 :
1439 3900 1485 3943 et
1511 3891 1763 3959 quomodo
1784 3900 1838 3945 tu

318 3984 467 4050 dicis,
501 3983 708 4051 Oportet
732 3984 944 4036 exaltari
970 3981 1164 4038 Filium
1191 3983 1407 4038 hominis
1425 3984 1451 4037 .’
1483 3983 1607 4049 Quis
1631 3993 1701 4039 est
1745 3985 1838 4040 iste

321 4073 490 4128 Filius
517 4074 732 4127 hominis
748 4074 774 4128 .’

321 4167 377 4221 Ι.
418 4165 560 4221 Mors
605 4164 793 4221 Christi
841 4183 941 4221 non
989 4163 1150 4238 obfuit
1193 4167 1461 4238 quominus
1515 4179 1736 4223 utaneret
1782 4169 1834 4223 in

248 4269 512 4312 meritum.
539 4288 610 4298 —
631 4258 796 4312 Error
820 4258 1151 4327 deprehensa
1183 4259 1351 4313 facilis
1377 4269 1432 4313 et
1457 4259 1700 4315 infirmus
1727 4269 1830 4328 est,

247 4348 458 4402 etiamsi
480 4348 721 4403 exterius
743 4349 886 4402 mille
906 4349 1223 4420 depingatur
1246 4350 1531 4406 coloribus.
1558 4352 1627 4406 Et
1649 4368 1834 4421 quem-

247 4436 532 4492 admodum
560 4438 633 4502 ii,
664 4438 753 4507 qui
797 4440 962 4492 ruina!
994 4442 1261 4507 proximos
1293 4443 1520 4510 parietes
1547 4443 1831 4511 oblinunt,

249 4541 355 4583 non
393 4529 512 4583 illos
540 4537 716 4583 tamen
749 4530 908 4584 illitos
953 4532 1167 4585 ﬁrmant
1196 4549 1210 4586 :
1242 4533 1319 4586 sic
1347 4533 1436 4602 qui
1465 4535 1830 4601 mentiuntur,

249 4617 406 4672 facile
435 4617 819 4673 confutantur:
865 4619 916 4673 id
965 4620 1102 4689 quod
1152 4620 1237 4676 hic
1283 4623 1421 4690 passi
1473 4633 1599 4678 sunt
1636 4623 1827 4680 Judaei.

248 4706 381 4761 Nam
427 4708 645 4762 Christo
673 4711 799 4777 ipsis
838 4710 1081 4776 dicente,
1123 4713 1250 4766 Cum
1293 4709 1541 4768 excitatus
1587 4718 1769 4786 fuero,
1800 4732 1833 4769 a

247 4808 382 4851 terra
410 4815 580 4853 omnes
621 4800 820 4853 trahant
845 4801 913 4854 ad
952 4803 1227 4873 nieipsum;
1270 4804 1380 4859 Nos
1414 4807 1716 4870 audivimus.
1745 4808 1828 4862 in-

247 4894 469 4961 quiunt,
498 4907 530 4946 ιι
557 4892 663 4963 lege
685 4935 701 4957 ,
729 4895 848 4964 quia
878 4894 1107 4949 Christus
1131 4907 1292 4950 manet
1314 4898 1368 4950 in
1393 4909 1659 4953 teternum.
1693 4900 1831 4965 Quo-

250 4983 402 5036 modo
427 4993 481 5037 ω
504 4984 630 5036 dicis
649 5024 666 5048 ,
699 4982 908 5054 Oportet
940 4987 1156 5040 exaltari
1200 4986 1396 5042 Filium
1426 4991 1681 5045 hominis?
1704 4992 1831 5059 Quis
1870 5011 1872 5013 '

249 5082 321 5124 est
349 5072 442 5126 iste
472 5071 643 5127 Filius
673 5075 938 5128 hominis?
985 5076 1190 5131 Norant
1221 5079 1377 5146 igitur
1408 5080 1678 5135 Christum
1710 5097 1830 5138 esse

251 5159 606 5216 immortalem
632 5203 648 5228 ,
689 5177 742 5218 et
781 5167 941 5219 vitam
989 5166 1186 5222 habere
1231 5169 1345 5223 sine
1393 5173 1638 5227 termino.
1689 5172 1830 5244 Ergo

249 5251 375 5320 quid
417 5253 624 5308 diceret
652 5254 1035 5326 intelligebant.
1068 5258 1280 5315 Etenim
1314 5261 1364 5315 in
1390 5261 1681 5330 Scripturis
1711 5279 1830 5333 pas-

251 5343 351 5395 sim
375 5351 430 5395 et
471 5344 650 5412 passio
690 5353 744 5400 et
795 5349 1117 5403 resurrectio
1164 5362 1470 5407 occurrunt.
1503 5353 1632 5407 Nam
1667 5353 1828 5408 Isaias

253 5428 367 5485 hcc
393 5432 548 5485 simul
576 5436 762 5500 ponit:
790 5434 1065 5500 Tamquam
1094 5440 1197 5492 ovis
1227 5439 1294 5492 ad
1321 5443 1619 5496 occisionem
1647 5445 1828 5497 ductus

251 5530 322 5572 est
349 5519 503 5588 (lsai.
529 5524 620 5578 55.
652 5524 709 5590 7)
732 5566 744 5588 ,
773 5537 825 5579 et
851 5543 969 5592 quae
998 5539 1292 5598 sequuntur
1321 5534 1517 5587 omnia.
1552 5533 1620 5586 Et
1666 5535 1829 5588 David

253 5610 303 5663 in
336 5612 573 5666 secundo
603 5614 832 5680 Psalmo,
861 5626 913 5670 et
939 5617 1065 5672 alibi
1088 5634 1231 5688 saepe
1260 5621 1375 5676 hare
1402 5623 1559 5677 ambo
1587 5625 1824 5693 copulat.

256 5699 556 5755 Patriarcha
578 5719 789 5775 quoque
808 5721 928 5760 cum
951 5708 1100 5768 dicit.
1124 5709 1367 5765 Occidens
1387 5713 1619 5766 dormivit
1647 5725 1702 5767 ut
1723 5715 1825 5780 leo,

253 5789 592 5861 addiditque,
628 5792 692 5847 Et
735 5805 790 5848 ut
830 5795 1027 5850 catulus
1069 5798 1247 5866 leonis,
1278 5803 1390 5871 quis
1428 5803 1686 5858 suscitabit
1714 5821 1828 5859 eum

254 5875 406 5946 (lien.
445 5880 532 5936 49.
565 5882 654 5954 9)?
681 5885 942 5958 simulque
971 5889 1271 5959 passionem
1297 5900 1350 5947 et
1383 5896 1824 5950 resurrectionem

1943 3894 2213 3963 posituros
2242 3907 2305 3948 ac
2351 3893 2819 3948 demonstraturos
2869 3891 3044 3960 ipsum
3094 3906 3198 3945 non
3230 3904 3350 3944 esse
3373 3887 3527 3943 Chri-

1940 3993 2103 4048 stum,
2131 3983 2254 4038 hinc
2273 3982 2543 4038 Christum
2570 3983 2623 4037 in
2650 3992 2908 4037 aeternum
2941 3996 3158 4036 manere
3182 3981 3526 4036 confitentur.

1944 4075 2008 4128 Et
2034 4074 2154 4129 vide
2181 4089 2339 4145 quam
2371 4074 2619 4142 maligne.
2651 4073 2766 4127 Non
2795 4072 3045 4127 dixerunt
3074 4071 3216 4126 enim
3239 4111 3255 4136 ,
3280 4069 3389 4124 Nos
3428 4085 3526 4122 au-

1939 4165 2168 4219 divimus
2193 4165 2332 4234 quod
2357 4165 2606 4220 Christus
2627 4180 2732 4220 non
2757 4178 3034 4233 passurus,
3063 4178 3170 4216 non
3207 4161 3526 4230 crucifigen-

1939 4255 2163 4320 dnssit‘,
2211 4256 2340 4319 sed,
2377 4256 2526 4321 Quod
2569 4264 2734 4309 manet
2778 4255 2831 4309 in
2856 4265 3119 4309 aeternum.
3169 4254 3324 4323 Atqui
3354 4267 3527 4320 neque

1940 4336 2043 4404 hoc
2069 4348 2264 4403 dictum
2290 4349 2615 4403 contrarium
2647 4357 2781 4402 erat.
2824 4347 3008 4401 Passio
3041 4361 3269 4415 namque
3302 4346 3530 4398 immor.

1942 4440 2159 4494 talitatis
2208 4453 2313 4494 non
2363 4438 2461 4492 fuit
2508 4439 2964 4507 impedimentum.
3016 4437 3149 4491 Hinc
3190 4437 3372 4490 videre
3403 4435 3528 4490 licet

1940 4532 2101 4586 multa
2134 4547 2228 4586 eos
2253 4531 2474 4586 scivisse
2501 4547 2618 4600 qua:
2663 4535 2713 4584 in
2754 4530 2974 4585 dubium
3007 4529 3185 4583 vocari
3241 4539 3522 4598 pcterant,

1938 4633 2097 4694 atque
2125 4636 2317 4694 sponte
2346 4638 2439 4677 sua
2469 4624 2786 4693 malignatos
2811 4637 2950 4677 esse.
2977 4622 3109 4689 Quia
3134 4622 3276 4675 enim
3309 4631 3432 4673 autc
3457 4618 3525 4674 de

1936 4726 2111 4771 morte
2137 4716 2462 4770 disseruerat
2485 4755 2500 4778 ,
2531 4729 2652 4770 eum
2700 4714 2787 4769 hic
2828 4713 3074 4768 audirent
3103 4712 3251 4764 illum
3278 4711 3523 4764 exaltan-

1936 4807 2060 4861 dum
2089 4820 2239 4868 esse,
2287 4808 2388 4859 hoc
2426 4805 2677 4872 suspicati
2721 4814 2866 4860 sunt.
2918 4802 3118 4858 Deinde
3144 4801 3362 4866 dicunt,
3399 4800 3526 4865 Quis

1935 4908 2008 4952 est
2037 4899 2130 4951 iste
2157 4896 2324 4951 Filius
2369 4897 2634 4951 hominis?
2681 4897 2748 4951 Et
2793 4897 2894 4951 hoc
2944 4895 3192 4964 maligne.
3225 4893 3302 4948 Ne
3335 4905 3521 4962 putes,

1937 4988 2184 5057 lnquiunt
2208 5028 2222 5050 ,
2255 5002 2352 5041 nos
2377 4986 2446 5041 de
2477 4998 2526 5042 te
2559 4990 2658 5042 hoc
2697 4987 2874 5041 dicere
2897 5027 2913 5048 ,
2947 5002 3048 5040 neu
3080 4986 3249 5048 dicas,
3296 4998 3394 5038 nos
3424 4985 3522 5037 iiii-

1937 5081 2153 5134 miciliie
2201 5095 2361 5134 causa
2395 5081 2486 5132 tibi
2533 5078 2922 5134 Contradicere.
2976 5078 3114 5132 Ecce
3159 5077 3429 5131 nescimus
3456 5075 3524 5131 de

1935 5189 2043 5243 quo
2072 5174 2306 5242 loquaris
2327 5214 2342 5238 ,
2387 5183 2442 5227 et
2469 5181 2645 5226 tamen
2692 5158 2807 5225 bace
2856 5169 3194 5239 proferimus.
3225 5168 3363 5236 Quid
3396 5183 3524 5236 ergo

1937 5261 2224 5318 Christus?
2265 5261 2411 5330 Ipsos
2436 5260 2674 5316 confutat
2697 5303 2711 5326 ,
2745 5258 3084 5328 ostenditque
3112 5249 3412 5327 passionem
3445 5259 3522 5311 ni-

1937 5353 2010 5407 hil
2033 5353 2223 5407 obesse
2244 5353 2527 5422 quominus
2545 5353 2657 5419 ipse
2681 5360 2893 5405 maneat
2914 5351 2966 5403 in
2994 5363 3276 5403 :eternum.
3301 5347 3391 5402 35.
3418 5348 3523 5399 Ad-

1937 5445 2056 5509 huc,
2079 5443 2270 5513 inquit,
2291 5443 2541 5496 modicum
2558 5453 2752 5512 tempus
2775 5441 2941 5494 lumen
2959 5442 3012 5492 in
3039 5440 3172 5492 vobis
3193 5448 3300 5502 est;
3323 5437 3520 5507 signiﬁo

1935 5548 2064 5588 cans
2106 5543 2331 5588 mortem
2396 5547 2544 5588 suam
2593 5548 2711 5587 esse
2758 5532 3184 5586 translationem.
3237 5529 3369 5584 Nam
3429 5528 3518 5580 lux

1936 5625 2065 5678 solis
2095 5638 2197 5677 non
2228 5624 2618 5693 exstinguitur.
2644 5623 2738 5677 scd
2767 5638 2934 5692 parvo
2960 5633 3198 5690 tempore
3237 5618 3519 5679 secedens.

1936 5730 2145 5770 rursum
2175 5724 2417 5784 apparet.
2465 5713 2733 5774 Ambulare
2775 5713 2895 5766 dum
2925 5714 3086 5765 lucem
3120 5709 3329 5763 habetis.
3360 5707 3512 5773 Quod

1936 5806 2022 5860 hic
2051 5815 2258 5874 tempus
2303 5803 2538 5860 indicat?
2579 5820 2646 5858 an
2692 5814 2857 5865 totam
2890 5806 3023 5856 hanc
3051 5802 3252 5855 vitam?
3280 5816 3345 5853 an
3376 5811 3514 5853 tem-

1934 5912 2030 5966 pus
2057 5908 2180 5951 ante
2205 5899 2457 5954 crucem?
2482 5897 2774 5969 Utrumque
2799 5896 3045 5952 arbitror.
3068 5895 3150 5952 0b
3187 5891 3508 5951 ineffabilem
