4092 6514
685 422 748 476 75
1383 414 1439 471 ε.
1469 411 1744 470 JOANNlS
1781 409 2249 468 CllRYSOSTOMl
2288 409 2601 468 ARCHIEP.
2641 411 3169 469 CONSTANTINOP.

647 539 787 591 cnim
833 535 947 604 ejus
993 530 1403 603 benignitatem,
1457 529 1606 584 multi
1633 529 1794 584 etiam
1839 537 1956 598 post
1997 541 2207 581 crucem

646 629 1010 684 crediderunt.
1040 623 1163 678 ilice
1193 637 1351 693 porro
1380 621 1506 675 dicit
1548 631 1604 674 ut
1640 621 1758 674 illos
1780 618 1848 672 ad
1886 617 2205 673 credendum

645 719 896 779 concitet,
921 714 1156 768 utetiam
1173 713 1415 781 superius
1440 712 1564 766 fecit
1589 712 1658 764 ita
1679 710 1880 769 dicens.
1903 709 2080 762 Adhuc
2101 723 2208 760 nta-

646 808 816 861 dicum
848 815 1041 875 tempus
1060 803 1312 858 uobiscum
1344 819 1476 855 sum.
1512 801 1612 868 Qui
1637 799 1859 853 ambulat
1883 799 1936 852 in
1968 797 2206 861 tenebris,

645 899 798 951 nescit
815 913 912 966 quo
935 899 1083 950 cadat
1107 895 1280 965 (Joan.
1299 896 1351 950 7.
1376 895 1484 961 35).
1506 893 1708 961 Quanta
1731 907 1870 945 nunc
1886 891 2051 945 Judu'i
2072 893 2210 958 igno-

647 997 827 1042 rantes
859 986 1052 1040 f:ciunt
1073 1027 1087 1049 .
1114 1000 1176 1040 ac.
1204 987 1246 1039 si
1277 986 1328 1038 in
1360 984 1589 1039 tenebris
1613 982 1980 1037 ambularent!
2010 981 2207 1036 Viden-

649 1086 732 1129 tur
757 1075 857 1129 sibi
884 1084 1023 1130 recta
1046 1074 1287 1129 incedere
1309 1074 1388 1126 via
1407 1115 1421 1134 ,
1443 1073 1567 1126 dum
1596 1072 1858 1126 contraria
1893 1070 2206 1139 procedunt,

647 1165 919 1218 sabbatum
947 1175 1239 1228 servantes,
1259 1175 1306 1216 ct
1329 1165 1492 1232 legem
1511 1163 1853 1232 ciborumque
1873 1163 2204 1216 observatio-

651 1269 764 1316 nes;
781 1265 831 1306 et
852 1255 1087 1306 nesciunt
1107 1255 1190 1306 ubi
1209 1253 1497 1306 ambulent.
1519 1252 1638 1306 ideo
1659 1252 1896 1306 dicebat:
1921 1253 2006 1307 56.
2024 1251 2202 1304 Ambu-

649 1344 747 1395 late
761 1344 810 1396 in
841 1344 1055 1407 lace,ut
1093 1341 1340 1408 ﬁltilucis
1373 1344 1511 1407 sitis;
1546 1343 1594 1396 id
1623 1352 1724 1406 est,
1761 1343 1851 1395 lilii
1885 1342 2006 1396 mei.
2053 1342 2205 1408 Atqui

649 1436 699 1486 in
729 1434 981 1502 principio
1020 1435 1187 1502 inquit
1229 1435 1549 1502 evangelista
1581 1451 1592 1485 :
1629 1433 1746 1487 Non
1775 1450 1837 1487 er.
1860 1434 2204 1502 sanguinibus,

647 1540 800 1592 neque
824 1540 886 1577 ex
907 1525 1156 1576 balitntate
1178 1526 1362 1585 curuis,
1379 1525 1464 1577 sed
1493 1540 1555 1577 ea:
1571 1523 1675 1576 Deo
1705 1525 1806 1576 nati
1827 1533 1940 1576 sunt
1960 1521 2136 1592 (Joan.
2156 1524 2204 1576 l.

648 1615 773 1679 13);
800 1615 847 1667 id
884 1627 984 1675 est,
1005 1632 1066 1668 ex
1086 1615 1241 1669 Patre
1261 1631 1274 1666 :
1295 1615 1378 1669 hic
1395 1631 1518 1669 vero
1539 1619 1651 1681 ipse
1671 1616 1784 1668 illos
1825 1615 2040 1684 gignere
2073 1614 2204 1667 diei-

648 1715 750 1768 tur,
769 1715 821 1756 ut
839 1708 973 1758 scias
991 1721 1143 1757 unam
1161 1720 1278 1758 esse
1297 1707 1655 1771 operationem
1673 1705 1842 1759 Patris
1859 1714 1910 1759 et
1931 1704 2063 1758 Filii.
2084 1704 2206 1758 Hatc

646 1788 877 1861 loquutus
900 1793 936 1848 Ι
940 1811 1068 1856 esus,
1091 1796 1232 1858 abiit,
1253 1805 1300 1848 et
1320 1796 1576 1848 abscondit
1598 1812 1652 1849 se
1675 1795 1736 1848 ab
1759 1796 1846 1848 eis.
1866 1795 1973 1848 Cur
1992 1795 2208 1848 abscon-

642 1885 720 1936 dit
745 1899 801 1937 se
827 1885 1001 1937 nunc?
1023 1882 1201 1952 Neque
1216 1885 1355 1937 enim
1385 1884 1584 1954 lapides
1602 1894 1784 1937 contra
1807 1900 1923 1937 cum
1949 1885 2202 1949 tulerunt,

651 1991 824 2044 neque
861 1976 1311 2046 blasphemarunt,
1343 1985 1396 2029 ut
1419 1985 1538 2031 ante
1571 1976 1820 2031 fecerant.
1854 1976 1960 2030 Cur
1989 1991 2115 2046 ergo
2147 1989 2205 2029 se

640 2067 958 2120 abscondit?
985 2065 1118 2120 Cum
1153 2066 1203 2118 in
1235 2066 1390 2119 corda
1426 2074 1757 2133 penetraret.
1787 2065 1985 2118 sciebat
2015 2079 2200 2118 eorum

639 2157 848 2210 animos
871 2158 1169 2225 exasperari
1191 2194 1206 2221 ,
1239 2156 1445 2210 etiamsi
1489 2156 1620 2210 nihil
1647 2157 1991 2226 loquerentur
2020 2175 2035 2210 :
2063 2156 2202 2210 scie-

638 2249 728 2303 bat
757 2249 960 2304 fervere
1004 2249 1122 2302 illos
1151 2259 1203 2303 et
1227 2249 1426 2303 caedem
1453 2250 1685 2318 spirare;
1719 2263 1890 2318 neque
1919 2255 2197 2317 exspecta-

638 2340 711 2392 vit
743 2338 912 2393 donec
937 2340 986 2392 in
1015 2353 1150 2408 opus
1179 2339 1517 2408 procederent
1545 2378 1562 2403 ,
1595 2336 1686 2391 sed
1717 2337 1994 2391 abscondit
2023 2352 2108 2400 se,
2141 2347 2199 2391 ut

638 2431 844 2482 illorum
884 2429 1129 2482 invidiam
1165 2429 1390 2484 sedaret.
1420 2427 1554 2482 Vide
1582 2429 1846 2498 quomodo
1879 2427 1927 2481 id
1961 2428 2196 2482 subindi-

637 2530 720 2574 eet
761 2521 1114 2590 evangelista,
1156 2521 1242 2589 ιιιιί
1286 2520 1460 2573 statim
1502 2520 1646 2574 addit
1683 2537 1696 2572 :
1728 2521 1815 2574 37.
1864 2521 1988 2574 Cum
2034 2532 2198 2574 autent

636 2623 775 2665 tanta
803 2613 944 2678 signa
974 2613 1202 2682 fecisset,
1234 2629 1333 2664 non
1359 2612 1675 2665 crediderunt
1711 2613 1761 2665 in
1788 2629 1919 2666 eum.
1953 2613 2079 2680 Qua:
2111 2613 2197 2666 illa

643 2715 784 2757 tanta
829 2703 1014 2773 signa?
1057 2704 1129 2758 Ea
1157 2720 1273 2775 qua:
1314 2705 1648 2773 praetermisit
1677 2706 2017 2774 evangelista,
2048 2714 2103 2758 ut
2130 2720 2196 2760 ex

636 2795 975 2864 sequentibus
998 2796 1163 2863 palam
1191 2804 1287 2848 est.
1319 2795 1449 2848 Nam
1477 2811 1597 2848 cum
1625 2796 1950 2858 secessisset,
1972 2805 2023 2849 et
2053 2806 2198 2864 post-

646 2901 706 2936 ea
739 2898 982 2938 reversus
1008 2894 1179 2942 esset.
1202 2898 1386 2938 rursus
1414 2884 1617 2952 placide
1657 2885 1778 2940 illos
1801 2885 2085 2955 alloquitur
2113 2887 2194 2942 bis

635 2973 811 3027 verbis
836 2992 849 3027 :
876 2973 976 3038 Qui
1001 2975 1156 3028 credit
1176 2975 1228 3028 in
1254 2991 1348 3039 me,
1382 2992 1481 3028 non
1512 2976 1666 3028 credit
1690 2975 1742 3028 in
1772 2991 1868 3042 me,
1891 2977 1980 3030 sed
1999 2978 2050 3030 in
2080 2994 2194 3030 eum

633 3067 718 3132 qui
744 3065 876 3118 misit
901 3081 978 3118 me
1022 3063 1195 3136 (Ibid.
1242 3065 1326 3119 12.
1357 3066 1464 3133 44).
1498 3064 1629 3120 Vide
1653 3065 1775 3133 quid
1806 3065 1928 3120 facit
1960 3082 1974 3118 :
2005 3067 2072 3120 ab
2099 3065 2198 3119 htt-

636 3156 844 3209 milibus
889 3155 1106 3224 incipit,
1151 3165 1203 3209 et
1243 3154 1471 3223 confugit
1516 3155 1582 3208 ad
1613 3154 1860 3220 Patrem,
1901 3155 2196 3222 iterumque

634 3245 837 3299 extollit
861 3260 1179 3300 sermonem.
1226 3245 1294 3299 Et
1335 3261 1455 3298 cum
1497 3260 1588 3299 eos
1629 3244 1873 3298 efferatos
1917 3245 2191 3314 intelligit,

633 3337 849 3390 discedit
871 3377 885 3399 ,
912 3345 966 3390 et
989 3352 1173 3391 rursus
1201 3345 1499 3406 comparet.
1525 3345 1572 3390 et
1596 3337 1663 3390 ab
1689 3336 1974 3391 humilibus
2003 3337 2192 3392 iterum

633 3429 832 3495 incipit.
885 3428 947 3481 Et
988 3428 1200 3482 ubinam
1252 3429 1350 3481 hoc
1389 3427 1550 3480 fecit?
1595 3427 1705 3480 lmo
1741 3427 1827 3479 ubi
1879 3443 1982 3481 non
2034 3428 2193 3482 fecit?

632 3517 764 3572 Vide
790 3518 912 3588 quid
945 3519 1092 3572 initio
1139 3519 1318 3572 dicat:
1351 3517 1495 3572 Sicut
1537 3519 1723 3584 audio,
1758 3519 1936 3588 judico
1961 3518 2191 3581 :deinde

631 3610 905 3663 sublimius
927 3650 941 3670 ,
975 3609 1118 3664 Sicut
1148 3610 1276 3663 enim
1305 3608 1458 3662 Pater
1481 3610 1685 3663 suscitat
1710 3621 1930 3664 mortuos
1957 3621 2002 3663 et
2025 3611 2191 3678 uiui/i-

632 3710 730 3762 cat,
756 3700 828 3754 sic
847 3710 893 3753 et
921 3699 1084 3753 Filius
1107 3716 1229 3768 quos
1254 3699 1356 3753 vult
1401 3699 1617 3766 oiviﬁcat
1654 3699 1673 3769 (
1703 3699 1839 3755 Ibid.
1862 3701 1912 3756 5.
1947 3702 2034 3756 30.
2060 3702 2185 3769 2i);

632 3792 927 3858 iterumque
951 3831 966 3854 ,
1013 3790 1118 3858 Ego
1146 3807 1243 3843 non
1277 3791 1457 3858 judico
1481 3807 1566 3844 vos
1587 3831 1599 3852 ,
1635 3791 1769 3844 alius
1794 3803 1865 3846 est
1890 3793 1974 3861 qui
1989 3793 2189 3862 judicat

631 3883 648 3943 (
679 3879 812 3934 Ibid.
840 3881 892 3934 8.
919 3879 1029 3950 50).
1065 3881 1394 3950 Rursumque
1428 3882 1661 3937 secedit:
1694 3893 1979 3952 posteaque
2005 3884 2055 3935 in
2085 3881 2192 3938 Ga-

632 3970 767 4024 lilzea
814 3985 1155 4039 comparens.
1189 3970 1481 4040 Operamini
1501 4012 1515 4034 ,
1550 3972 1746 4042 inquit,
1784 3990 1881 4026 non
1918 3971 2079 4026 cibum
2103 3973 2191 4042 qui

631 4062 758 4128 perit
785 4059 942 4126 (Ibid.
966 4063 1016 4115 6.
1037 4061 1150 4129 27).
1178 4061 1240 4114 Et
1263 4077 1382 4116 cum
1405 4078 1591 4131 magna
1617 4062 1685 4118 de
1709 4077 1768 4134 se
1787 4063 2024 4128 dixisset,
2047 4063 2188 4133 quod

630 4166 694 4205 ex
722 4151 852 4204 cado
881 4147 1211 4205 descenderit
1235 4190 1250 4211 ,
1281 4152 1418 4220 quod
1454 4153 1611 4205 vitam
1641 4163 1890 4207 :eternam
1916 4153 2038 4218 det,
2067 4169 2186 4207 rur-

629 4256 744 4295 sum
780 4241 1032 4296 abscedit.
1066 4243 1127 4296 Et
1158 4243 1208 4296 in
1237 4241 1559 4314 Scenopcgia
1591 4261 1796 4299 rursum
1827 4245 2076 4311 adstans,
2109 4245 2178 4299 id-

629 4330 795 4398 ipsum
826 4333 964 4386 facit.
1259 4396 1276 4415 ο

697 4421 752 4474 ‘2.
800 4421 874 4475 Ac
899 4430 1150 4491 perpetuo
1176 4422 1356 4477 videas
1385 4423 1532 4476 illum
1578 4422 1869 4477 doctrinam
1917 4439 2064 4478 suam
2093 4439 2188 4478 va-

629 4511 850 4565 riantem
871 4552 886 4575 ,
913 4513 1188 4579 praesentia
1211 4554 1226 4578 ,
1257 4515 1515 4580 absentia,
1542 4513 1846 4580 humilibus,
1875 4516 2188 4571 sublimibus

629 4603 822 4656 verbis.
850 4603 998 4668 Quod
1029 4604 1186 4658 etiam
1235 4605 1320 4658 hic
1362 4606 1500 4658 fecit.
1532 4605 1656 4659 Cum
1695 4616 1858 4660 (tatem
1881 4617 2018 4660 tanta
2043 4609 2189 4676 signa

627 4693 838 4759 fecisset,
869 4709 968 4746 non
997 4693 1312 4747 crediderunt
1339 4694 1389 4745 in
1420 4711 1549 4754 eum,
1582 4695 1747 4763 inquit
1767 4735 1780 4757 ,
1809 4696 1897 4750 38.
1925 4704 1981 4748 ut
2003 4697 2185 4767 imple-

626 4797 758 4836 retur
783 4799 943 4835 sermo
967 4783 1122 4836 Isaiw
1143 4825 1156 4847 ,
1183 4800 1325 4852 quem
1351 4783 1478 4836 dixit
1504 4799 1522 4837 :
1553 4783 1765 4840 Domine
1790 4828 1802 4845 .
1832 4787 1943 4857 quis
1972 4789 2184 4841 credidit

625 4873 820 4925 anditui
850 4882 1018 4926 nostra
1035 4873 1060 4925 ?
1079 4883 1132 4928 et
1157 4873 1412 4926 brachium
1439 4872 1641 4927 Domini
1667 4877 1747 4928 cui
1773 4878 2041 4930 revelatum
2071 4887 2140 4931 est
2159 4878 2185 4931 ?

627 4965 690 5018 Et
731 4981 956 5030 rursum,
987 4965 1106 5019 Non
1136 4975 1416 5036 potuerunt,
1449 4968 1635 5036 inquit,
1667 4971 1882 5037 credere,
1909 4973 2028 5042 quia
2057 4974 2185 5026 dixit

629 5055 791 5110 Isaias
821 5056 1050 5110 :Auditu
1089 5057 1331 5118 audietis.
1361 5067 1407 5111 et
1448 5074 1546 5111 non
1594 5060 1897 5130 intelligetis.
1929 5063 2018 5116 si.
2061 5061 2185 5116 Haec

625 5157 791 5200 autem
817 5147 944 5200 dixit
969 5147 1167 5215 quando
1196 5147 1317 5198 vidit
1351 5147 1562 5217 gloriam
1601 5151 1710 5219 ejus
1729 5190 1745 5216 ,
1772 5162 1816 5202 et
1843 5153 2079 5219 loquutus
2105 5163 2178 5206 est

626 5238 686 5288 de
705 5253 783 5289 eo.
811 5235 947 5290 Ecce
975 5238 1162 5290 iterum
1188 5235 1307 5301 hoc,
1344 5237 1494 5303 Quia,
1526 5248 1599 5302 et,
1633 5239 1790 5304 Dixit,
1818 5256 1920 5294 non
1947 5244 2185 5298 causales

627 5336 745 5379 sunt
773 5339 963 5390 voces,
993 5325 1085 5380 Sed
1127 5335 1368 5380 eventum
1413 5329 1786 5398 signiﬁcantes.
1819 5331 2001 5401 Neque
2041 5335 2181 5388 enim

625 5419 742 5486 quia
787 5416 838 5470 id
865 5415 998 5470 dixit
1039 5415 1226 5480 Isaias,
1259 5417 1376 5474 ideo
1403 5437 1506 5476 non
1533 5422 1905 5488 crediderunt;
1936 5423 2028 5479 sed
2060 5428 2180 5494 quia

624 5508 874 5562 credituri
917 5523 1019 5562 non
1051 5519 1233 5571 erant,
1262 5509 1381 5564 ideo
1409 5510 1521 5566 haec
1559 5512 1692 5566 dixit
1715 5510 1894 5567 Isaias.
1927 5514 2034 5569 Cur
2055 5531 2182 5587 ergo

626 5614 726 5650 non
773 5599 842 5651 ita
889 5597 1118 5666 loquitur
1161 5601 1512 5667 evangelista,
1563 5602 1658 5657 sed
1702 5603 2118 5660 incredulitatem
2149 5623 2178 5662 a

628 5685 897 5754 prophetia
920 5727 934 5749 ,
977 5703 1079 5742 non
1120 5688 1444 5757 prophetiam
1475 5690 1542 5745 ab
1576 5691 1941 5748 incredulitate
1961 5707 2080 5749 esse
2099 5695 2180 5751 di-

633 5777 701 5830 cit
730 5793 742 5829 :
774 5777 878 5832 imo
906 5782 956 5834 in
986 5780 1328 5850 sequentibus
1357 5779 1482 5836 illud
1511 5783 1890 5853 significantius
1918 5785 2065 5856 ponit
2102 5787 2178 5843 sic

3788 416 3884 472 376

2319 523 2543 594 loquens
2565 566 2582 591 ,
2614 523 2887 595 Pr0pterea
2935 545 3034 582 non
3076 536 3303 597 poterant
3345 529 3579 598 credere,
3601 531 3722 601 quia
3761 535 3885 586 dixit

2313 616 2484 671 Isaias
2500 619 2526 672 .’
2553 618 2648 672 Hic
2687 618 2926 689 pluribus
2951 621 3060 674 vult
3088 619 3388 690 significare
3411 621 3703 689 Scriptura.-
3729 639 3878 679 vera.

2313 709 2558 774 citatam,
2589 718 2643 763 et
2670 709 2809 778 quod
2834 725 2954 779 qua:
2982 709 3068 764 illa
3109 711 3391 779 prtedixit,
3437 727 3542 766 non
3590 713 3700 766 alio
3727 729 3881 783 quam

2313 813 2420 869 quo
2443 800 2580 854 dixit
2605 799 2762 853 modo
2791 802 3087 855 evenerint.
3115 801 3192 856 Ne
3221 802 3339 870 quis
3368 803 3510 856 enim
3531 802 3754 867 diceret,
3781 804 3884 858 Cur

2313 890 2457 942 venit
2477 888 2749 943 Christus?
2775 905 2880 943 non
2909 890 3110 945 sciebat
3137 906 3240 944 non
3261 891 3556 954 credituros
3578 892 3738 948 illos?
3760 908 3880 962 ιιι-ο-

2313 980 2500 1049 pltetas
2527 978 2761 1046 inducit,
2787 981 2876 1049 qui
2919 981 3019 1034 hoc
3057 982 3454 1050 pnesciverunt.
3480 981 3637 1036 Venit
3664 992 3843 1037 autem
3865 1023 3880 1047 ,

2313 1084 2380 1123 ne
2404 1069 2630 1138 aliquam
2671 1070 2873 1139 peccati
2911 1071 2991 1125 sui
3022 1071 3418 1126 excusationem
3450 1072 3731 1127 baberent.
3757 1073 3883 1137 Quas

2312 1158 2450 1211 enim
2480 1158 2721 1225 praedixit
2753 1158 3006 1228 propheta
3027 1201 3044 1223 ,
3077 1170 3133 1213 ut
3155 1174 3371 1228 prorsus
3399 1161 3568 1213 futura
3600 1161 3840 1229 pmdixit
3866 1178 3881 1214 :

2313 1249 2410 1302 nisi
2445 1248 2586 1301 enim
2634 1250 2851 1304 omnino
2898 1249 3068 1303 futura
3116 1260 3331 1316 essent,
3381 1266 3486 1304 non
3528 1252 3878 1320 praedixisset.

2311 1339 2476 1394 Erant
2499 1347 2674 1394 autem
2707 1354 2924 1409 prorsus
2948 1339 3118 1394 futura
3140 1379 3156 1404 ,
3191 1356 3310 1394 cum
3352 1340 3423 1394 illi
3452 1341 3775 1396 incurabiles
3800 1355 3883 1396 es-

2310 1445 2402 1483 seu
2411 1439 2448 1484 ι.

2379 1518 2670 1584 ΡνορΙιειίω
2715 1518 2906 1572 nullam
2952 1520 3213 1589 imponunt
3252 1521 3612 1576 necessitatem.
3649 1551 3722 1561 —-
3750 1519 3882 1575 lllud

2309 1620 2505 1674 autem,
2541 1608 2656 1662 Non
2677 1619 2961 1676 potuerunt,
2991 1610 3038 1662 id
3063 1609 3490 1688 est,.Noluerunt.
3515 1610 3622 1666 Nec
3647 1612 3876 1665 mireris.

2307 1701 2437 1756 Nam
2484 1701 2607 1754 alibi
2657 1716 2864 1770 quoque
2909 1702 2984 1755 ait
3031 1719 3044 1755 :
3093 1700 3193 1766 Qui
3234 1711 3394 1772 potest
3437 1719 3652 1771 capere,
3707 1704 3880 1771 capiat

2310 1791 2518 1862 (Matth.
2563 1791 2647 1845 i9.
2697 1792 2816 1858 Η).
2859 1792 2947 1847 Sic
2973 1807 3114 1861 sarpe
3157 1793 3293 1847 solet
3322 1803 3634 1861 potestatem
3663 1811 3760 1863 pro
3780 1810 3878 1849 vo-

2308 1886 2507 1940 luutate
2533 1901 2749 1954 ponere.
2784 1885 3080 1955 lterumque
3104 1926 3119 1950 ,
3154 1885 3272 1940 Non
3315 1896 3475 1956 potest
3527 1888 3748 1941 mundus
3794 1904 3879 1941 vos

2307 1977 2422 2030 odio
2461 1976 2662 2039 habere;
2687 1993 2767 2030 me
2800 1987 2968 2030 autem
2993 1977 3109 2030 odio
3137 1979 3281 2030 habet
3320 1977 3498 2046 (Ioau.
3528 1979 3579 2032 7.
3615 1980 3692 2046 7).
3728 1979 3877 2046 Quod

2305 2067 2462 2121 etiam
2509 2066 2561 2120 in
2603 2068 2876 2121 communi
2923 2083 3021 2121 usu
3069 2068 3383 2122 observatur
3424 2088 3436 2123 :
3479 2077 3535 2122 ut
3582 2085 3704 2123 cum
3751 2069 3878 2123 dicit

2304 2159 2586 2227 quispiam,
2617 2173 2720 2210 non
2750 2172 2962 2226 possum
2989 2157 3135 2213 illum
3167 2161 3323 2214 talem
3359 2176 3560 2225 amare,
3589 2161 3876 2215 voluntatis
3912 2215 3919 2227 ,

2304 2247 2690 2302 vehementiam
2742 2257 3057 2316 potestatem
3097 2264 3296 2304 vocans
3327 2269 3340 2302 :
3375 2266 3439 2305 ac
3486 2267 3735 2316 rursum,
3785 2251 3879 2306 llle

2305 2336 2424 2390 talis
2455 2336 2565 2388 fieri
2598 2351 2699 2388 non
2733 2345 2906 2406 potest
2932 2336 3123 2392 bonus.
3147 2339 3214 2392 Et
3241 2339 3494 2410 propheta
3517 2341 3641 2409 quid
3670 2340 3786 2394 ait?
3814 2339 3877 2394 Si

2304 2429 2511 2481 mutabit
2537 2427 2781 2496 £thiops
2800 2428 2975 2498 pellem
2999 2445 3164 2494 suam,
3195 2441 3239 2483 et
3263 2429 3452 2500 pardus
3479 2430 3702 2484 maculas
3733 2447 3880 2494 suas;

2302 2531 2348 2574 et
2376 2522 2592 2591 populus
2637 2523 2716 2576 hic
2757 2523 2936 2588 poterit
2980 2521 3102 2576 bene
3140 2525 3342 2592 facere,
3387 2523 3474 2592 qui
3515 2522 3692 2575 didicit
3739 2524 3873 2575 mala

2305 2614 2444 2682 (Jer.
2474 2615 2560 2668 l3.
2590 2613 2707 2681 25).
2735 2613 2848 2668 Non
2879 2615 3000 2669 ideo
3028 2613 3141 2669 haec
3179 2613 3341 2679 dicit,
3367 2614 3510 2683 quod
3540 2629 3642 2666 non
3669 2613 3875 2682 possint

2303 2704 2376 2756 illi
2408 2703 2654 2757 virtutem
2678 2718 2968 2768 exercere;
2999 2703 3091 2758 sed
3137 2702 3276 2771 quod
3322 2702 3560 2766 nollent,
3603 2703 3723 2757 ideo
3765 2717 3873 2755 non

2303 2809 2478 2863 posse.
2511 2793 2620 2848 Hoc
2647 2802 2822 2847 autem
2853 2793 2938 2848 hic
2965 2793 3063 2847 sibi
3087 2795 3198 2847 vult
3216 2793 3560 2862 evangelista,
3584 2808 3688 2846 non
3714 2806 3872 2860 posse

2300 2887 2510 2940 mentiri
2543 2885 2887 2956 prophetam,
2935 2900 3105 2954 neque
3152 2893 3326 2938 tamen
3375 2883 3494 2938 ideo
3545 2884 3872 2950 impossibile

2299 2984 2416 3031 erat
2462 2976 2579 3030 illos
2609 2975 2846 3030 credere.
2896 2975 3112 3029 Poterat
3149 2975 3290 3029 enim
3338 2974 3450 3027 fieri
3494 2973 3734 3027 utetiam
3768 2972 3875 3026 illis

2299 3068 2635 3122 credentibus
2659 3083 2816 3122 verax
2863 3075 3002 3122 esset
3042 3066 3319 3136 propheta.
3359 3063 3540 3135 Neque
3565 3065 3708 3120 enim
3754 3065 3872 3118 lucc

2298 3158 2538 3222 dixisset,
2569 3159 2610 3212 si
2642 3159 2892 3213 credituri
2926 3157 3164 3212 fuissent.
3213 3154 3352 3216 Cur.
3387 3156 3628 3226 inquies.
3661 3171 3766 3211 non
3793 3155 3870 3209 ita

2297 3249 2466 3303 dixit?
2488 3249 2616 3316 Quia
2643 3251 2772 3303 tales
2791 3247 3042 3318 quasdam
3073 3249 3418 3316 proprietates
3437 3248 3602 3301 habet
3631 3246 3874 3316 Scriptu-

2297 3356 2387 3403 ra,
2421 3348 2473 3393 et
2500 3339 2549 3393 id
2581 3339 2695 3407 ejus
2739 3337 2941 3406 legibus
2977 3338 3396 3393 eoncedcndum.
3446 3337 3571 3392 Haec
3599 3354 3748 3406 porro
3787 3337 3871 3390 di-

2296 3430 2398 3490 :rit,
2426 3445 2538 3482 cum
2567 3429 2687 3481 vidit
2713 3427 2929 3498 gloriam
2965 3429 3092 3499 ejus.
3132 3427 3336 3496 Cujus?
3366 3429 3555 3482 Patris.
3602 3427 3708 3483 Cur
3738 3443 3869 3498 ergo

2297 3517 2529 3573 Joannes
2552 3519 2620 3572 de
2649 3518 2784 3573 Filio
2816 3519 3065 3589 loquitur,
3094 3529 3146 3573 et
3173 3520 3364 3573 Paulus
3386 3521 3454 3574 de
3481 3519 3680 3588 Spiritu
3701 3520 3728 3571 τ
3750 3518 3866 3574 Non

2296 3617 2353 3662 ut
2379 3607 2770 3662 confundentes
2803 3608 3114 3680 bypnstases
3135 3649 3148 3672 ,
3180 3610 3272 3662 sed
3306 3623 3461 3662 unam
3505 3609 3867 3678 significantes

2295 3701 2624 3768 dignitatem.
2650 3699 2778 3754 Nam
2807 3716 2925 3766 qua:
2951 3700 3119 3754 Patris
3147 3711 3266 3754 sunt
3291 3742 3305 3764 ,
3330 3699 3448 3754 Filii
3480 3709 3602 3754 sunt
3623 3741 3638 3765 ,
3671 3710 3724 3754 et
3745 3711 3868 3766 qua:

2296 3789 2454 3855 Filii,
2482 3791 2654 3844 Patris
2686 3791 2725 3844 ¹.
2756 3792 2912 3859 Λιιιυί
2943 3791 3104 3844 multa
3137 3805 3233 3853 per
3255 3791 3474 3860 angelos
3504 3791 3660 3856 dixit,
3691 3800 3748 3844 et
3774 3805 3867 3844 ue-

2296 3894 2384 3934 mo
2416 3889 2587 3934 tamen
2633 3879 2705 3933 ait
2727 3921 2742 3946 ,
2770 3880 2919 3935 Sicut
2943 3880 3076 3933 dixit
3118 3881 3364 3950 angelus;
3417 3880 3509 3934 sed
3538 3880 3699 3952 quid?
3728 3880 3870 3934 Deus

2294 3969 2445 4023 dixit.
2476 3969 2605 4037 Qute
2631 3971 2771 4024 enim
2820 3985 2848 4023 a
2900 3971 3010 4024 Deo
3053 3987 3149 4040 per
3173 3972 3390 4041 angelos
3414 3972 3550 4025 dicta
3576 3982 3735 4036 sunt,
3774 3972 3865 4026 Dei

2295 4071 2446 4125 sunt;
2480 4076 2584 4115 non
2624 4061 2749 4116 item
2776 4075 2894 4130 quze
2941 4061 3033 4115 Dei
3075 4071 3218 4123 sunt,
3254 4062 3560 4131 angelorum
3591 4071 3734 4117 sunt.
3772 4063 3867 4118 llic

2297 4165 2426 4205 vero
2454 4151 2529 4204 ait
2565 4151 2725 4205 verba
2765 4151 2992 4221 Spiritus
3025 4167 3165 4206 esse.
3197 4151 3261 4204 Et
3303 4153 3536 4221 loquutus
3579 4163 3652 4205 est
3692 4154 3759 4206 de
3784 4170 3864 4207 eo.

2293 4240 2427 4308 Quid
2458 4241 2705 4310 loquutus
2729 4241 2845 4296 est?
2877 4240 2993 4294 l’idi
3030 4241 3299 4294 Dominum
3325 4242 3576 4296 sedentem
3601 4259 3754 4310 super
3778 4259 3866 4297 so-

2296 4330 2417 4381 lium
2449 4331 2698 4383 excelsum
2724 4329 2870 4402 (Isai.
2900 4330 2953 4384 6.
2985 4332 3062 4401 l),
3091 4341 3193 4386 etc.
3236 4332 3470 4386 Gloriam
3509 4347 3636 4402 ergo
3667 4333 3755 4387 bic
3782 4335 3866 4389 di.-

2294 4420 2365 4474 eit
2399 4421 2652 4475 visionem
2680 4421 2844 4487 illam,
2867 4421 3087 4487 fumum,
3110 4437 3298 4476 arcana
3328 4422 3543 4478 audisse
3585 4425 3860 4494 mysteria;

2295 4511 2571 4580 Seraphim
2602 4511 2796 4566 vidisse
2815 4553 2830 4575 ,
2859 4513 3028 4581 fulgur
3055 4527 3083 4565 a
3112 4512 3306 4566 throno
3331 4513 3585 4568 exsitiens
3606 4553 3620 4574 .
3646 4514 3696 4566 in
3719 4514 3862 4582 quod

2291 4603 2556 4670 respicere
2597 4611 2883 4670 potestates
2930 4604 3032 4656 ill-.13
3077 4618 3180 4656 non
3208 4603 3473 4656 valebant.
3516 4601 3582 4656 Et
3628 4604 3866 4670 loquutus

2290 4703 2364 4746 est
2393 4692 2455 4745 de
2476 4708 2554 4746 ea.
2600 4693 2734 4758 Quid
2781 4694 3028 4763 loquutus
3073 4693 3187 4748 est?
3216 4695 3368 4759 Quod
3413 4695 3642 4749 audierit
3675 4710 3859 4749 vocem

2290 4781 2574 4843 dicentem,
2601 4782 2760 4848 Quem
2777 4783 2989 4846 mittam,
3017 4794 3063 4836 et
3082 4784 3192 4852 quis
3222 4785 3350 4838 ibit!
3373 4784 3436 4836 Et
3462 4785 3588 4850 dixi,
3614 4784 3745 4838 Ecce
3771 4800 3862 4854 ego

2289 4887 2421 4934 sum,
2457 4871 2598 4924 mitte
2623 4887 2721 4924 me.
2756 4871 2819 4924 Et
2846 4873 2993 4937 dixit,
3028 4872 3215 4925 Audita
3243 4874 3476 4937 audietis,
3499 4884 3546 4926 et
3576 4891 3677 4927 non
3711 4875 3860 4928 intel-

2291 4961 2481 5028 ligetis:
2502 4971 2548 5016 et
2571 4961 2790 5015 videntes
2805 4963 3046 5027 videbitis,
3069 4971 3115 5015 et
3142 4964 3384 5018 nescietis.
3415 4963 3699 5019 Exca'caoit
3726 4968 3858 5020 enim

2290 5053 2459 5106 oculos
2480 5069 2651 5106 eorum
2671 5095 2686 5118 ,
2710 5063 2753 5107 et
2779 5054 3033 5107 induravit
3071 5071 3158 5108 cor
3181 5071 3373 5116 eorum.
3407 5073 3469 5110 ne
3497 5063 3627 5127 forte
3658 5059 3855 5112 uideant

2289 5143 2447 5196 oculis
2469 5183 2485 5207 ,
2513 5153 2561 5196 et
2583 5143 2732 5196 corde
2757 5145 3036 5214 intelligant
3064 5144 3218 5213 (lsai.
3249 5147 3299 5199 6.
3333 5146 3466 5202 8-l0
3490 5147 3532 5217 ).
3564 5147 3642 5202 En
3670 5164 3853 5203 rursus

2288 5235 2442 5286 aliam
2469 5234 2815 5303 quzestionetn
2834 5275 2848 5293 .
2878 5251 2994 5302 quae
3018 5236 3156 5288 nulla
3180 5245 3355 5291 tamen
3383 5248 3496 5298 est,
3528 5240 3571 5291 si
3602 5249 3745 5293 recte
3773 5249 3854 5292 at-

2291 5324 2586 5377 tendamus.
2635 5323 3087 5389 Quemadmodum
3135 5327 3276 5380 enim
3322 5327 3401 5381 sol
3441 5328 3646 5385 debiles
3673 5331 3855 5382 oculos

2289 5412 2561 5481 percellit,
2597 5428 2700 5465 non
2750 5429 2843 5482 per
2892 5415 3156 5482 propriam
3203 5425 3445 5469 naturam
3478 5433 3492 5469 :
3522 5418 3601 5473 sic
3647 5432 3854 5488 quoque

2285 5502 2478 5557 accidit
2506 5503 2588 5568 iis,
2615 5506 2702 5573 qui
2735 5503 2824 5559 Dei
2853 5504 3024 5558 verbis
3063 5521 3166 5561 non
3197 5507 3497 5564 attendunt.
3530 5507 3604 5563 lta
3635 5521 3689 5565 et
3717 5511 3854 5565 Plia-

2287 5595 2465 5650 raonis
2491 5611 2584 5650 cor
2615 5596 2888 5651 indurasse
2911 5597 3131 5666 dicitur,
3161 5598 3302 5670 quod
3343 5601 3539 5657 accidit
3562 5603 3667 5658 illis
3696 5606 3853 5659 etiam

2285 5733 2539 5859 nu!“
2559 5733 2693 5797 legit,
2711 5739 2756 5784 ct
2778 5746 2886 5798 qua:
2904 5733 3031 5797 Filii,
3055 5735 3272 5801 Spiritus,
3299 5743 3351 5787 et
3365 5738 3434 5787 sic
3449 5750 3621 5790 omnes
3641 5723 3749 5790 fere
3767 5743 3850 5788 ttae

2501 5813 2536 5847 ι.
