4092 6494
302 458 414 512 δτι

299 569 400 634 qui
429 564 523 620 Dei
551 562 709 619 dictis
734 565 1051 630 repugnant.
1079 553 1384 622 Proprietas
1403 558 1583 605 autem
1608 549 1722 603 haec
1745 545 1894 602 Scri-

307 671 485 730 ptura
513 665 597 714 est
618 698 634 724 ,
663 665 722 711 ut
741 664 794 710 et
820 652 970 717 illud,
994 649 1232 705 Tradidit
1271 661 1355 701 eos
1389 646 1444 699 in
1487 642 1756 712 reprobum
1781 656 1899 694 seno

302 768 421 804 sum
441 747 617 820 (Rom.
643 749 697 804 I.
717 746 834 819 28):
863 755 913 798 et
938 741 1086 797 illud.
1108 738 1370 794 Distribuit
1394 735 1625 807 gentibus
1647 732 1821 805 (Deut.
1844 730 1900 786 4.

307 842 447 911 i9);
480 839 529 894 id
557 850 683 904 est,
713 834 1014 896 concessit,
1047 830 1269 887 dimisit.
1316 826 1432 882 Non
1460 826 1606 881 enim
1635 824 1782 878 illum
1817 822 1904 875 hic

304 941 624 1003 operantem
652 928 875 992 inducit,
903 925 998 981 sed
1026 940 1089 979 ex
1112 923 1339 976 aliorum
1367 918 1603 988 nequitia
1634 919 1748 970 haec
1769 915 1904 968 facta

306 1039 434 1079 esse
458 1021 737 1094 signiﬁcat.
756 1019 890 1074 Cum
912 1019 1054 1074 enim
1072 1013 1492 1084 derelinquimur
1507 1026 1550 1094 La
1581 1009 1714 1071 Deo,
1735 1006 1903 1061 tradi-

310 1130 434 1168 mur
453 1113 667 1169 diabolo
687 1130 700 1173 ;
720 1109 931 1166 diabolo
950 1107 1125 1163 traditi
1145 1146 1160 1170 ,
1184 1105 1478 1160 innumeris
1505 1101 1769 1156 aflicimur
1793 1114 1908 1168 nta-

311 1206 476 1260 lis.llt
495 1203 789 1259 auditorem
815 1215 942 1270 ergo
971 1199 1192 1262 terreat,
1219 1197 1313 1261 ait,
1337 1193 1622 1257 lnduravit,
1647 1203 1720 1255 et,
1754 1190 1908 1245 tradi-

311 1299 410 1350 dit.
441 1296 570 1351 Nam
597 1295 737 1365 quod
771 1294 859 1347 ille
889 1307 993 1346 non
1023 1289 1184 1344 modo
1209 1302 1313 1342 non
1338 1286 1530 1349 tradat,
1557 1283 1652 1340 sed
1683 1297 1783 1338 nec
1808 1296 1908 1337 nos

311 1388 565 1451 deserat,
594 1385 694 1440 nisi
724 1385 976 1448 nolimus,
1010 1381 1130 1436 audi
1161 1380 1284 1449 quid
1315 1379 1456 1432 dicat
1479 1377 1687 1431 :Nonne
1703 1383 1908 1444 peccata

312 1488 478 1532 uestra
505 1477 734 1530 dividunt
781 1490 860 1527 me
904 1490 937 1526 a
968 1471 1105 1526 vobis
1127 1469 1281 1543 (lsai.
1308 1467 1397 1524 59.
1427 1467 1526 1537 2)?
1554 1480 1617 1520 ac
1647 1479 1858 1519 rursum
1887 1477 1903 1516 :

318 1569 421 1636 Qui
447 1569 681 1638 elongant
704 1582 758 1620 se
780 1576 900 1630 ate,
931 1563 1161 1634 peribunt
1186 1559 1359 1631 (Psal.
1387 1558 1476 1613 72.
1505 1558 1622 1627 27).
1649 1554 1788 1610 Osee
1811 1570 1908 1608 au-

316 1671 424 1716 tetu
453 1660 617 1716 dicit:
648 1658 816 1712 Oblita
848 1673 901 1710 es
927 1655 1054 1726 legis
1091 1653 1188 1707 Dei
1212 1653 1314 1716 tui,
1337 1661 1384 1705 et
1413 1666 1504 1720 ego
1533 1648 1606 1701 tui
1634 1641 1909 1701 obliviscar

316 1753 473 1824 (Osee
499 1753 552 1807 ι.
577 1752 631 1821 6)
652 1766 668 1815 ;
691 1759 746 1804 et
774 1749 888 1818 ipse
915 1747 966 1800 in
999 1742 1303 1813 Evangeliis
1333 1757 1347 1795 :
1381 1741 1590 1808 Quoties
1619 1738 1758 1792 volui
1785 1751 1908 1790 con-

315 1860 529 1915 gregare
553 1843 686 1911 ﬁlios
712 1851 900 1895 uestros
917 1880 930 1902 ,
980 1847 1029 1891 et
1069 1835 1301 1890 noluistis
1329 1833 1346 1905 (
1373 1832 1502 1887 Luc.
1535 1830 1622 1886 i3.
1668 1831 1739 1885 54
1761 1829 1825 1898 )‘l
1854 1836 1910 1883 et

321 1937 490 2002 Isaias
532 1949 787 1990 rursum:
825 1930 986 1998 Veni,
1014 1939 1062 1985 et
1107 1945 1210 1983 non
1252 1935 1358 1980 erat
1403 1923 1819 1986 itomowocavi,
1861 1929 1910 1974 et

316 2047 423 2085 non
446 2038 553 2083 erat
579 2027 667 2099 qui
691 2025 891 2080 audiret
916 2023 1072 2095 (lsai.
1101 2021 1190 2078 50.
1222 2020 1304 2090 2).
1337 2018 1464 2073 Haec
1488 2025 1667 2071 autem
1692 2013 1821 2068 dicit
1848 2022 1910 2068 ut

315 2122 566 2178 ostendat
591 2136 688 2176 nos
713 2119 917 2189 priores
937 2117 992 2171 in
1017 2129 1176 2172 causa
1199 2125 1320 2168 esse
1335 2125 1432 2166 cur
1449 2107 1906 2176 dcrelinquamur,

313 2223 374 2281 et
417 2227 517 2267 cur
562 2224 862 2281 pereamus.
914 2207 1059 2262 Deus
1087 2204 1232 2260 enim
1275 2217 1382 2256 non
1415 2197 1576 2254 modo
1616 2210 1716 2251 nec
1741 2194 1909 2250 relin-

314 2280 509 2372 quere,
535 2280 636 2356 nec
660 2301 847 2370 punire
875 2312 974 2353 nos
1004 2295 1148 2359 vult;
1177 2291 1271 2348 sed
1302 2292 1463 2347 etiam
1489 2288 1700 2360 quando
1734 2285 1905 2355 punit,

316 2409 429 2450 non
458 2394 629 2449 libens
655 2392 758 2446 hoc
789 2389 934 2444 facit.
970 2386 1024 2442 Ν
1026 2387 1109 2441 oio
1137 2386 1304 2446 enim,
1328 2382 1530 2453 inquit,
1555 2390 1765 2434 mortem
1790 2393 1910 2448 pec-

1305 438 1372 495 IN
1407 433 1724 494 JOANNEM
1763 429 1997 496 ῐιοιιιι.
2041 429 2227 486 ωαχ.
2268 429 2340 484 al.
2382 428 2613 484 LXVIII.

2002 543 2208 607 caloris,
2241 542 2332 596 sed
2375 553 2428 596 ut
2475 550 2794 596 convertatur
2832 549 2881 594 et
2917 540 3050 592 vivat
3077 538 3095 610 (
3120 538 3310 593 Ezech.
3341 539 3430 593 18.
3460 540 3530 595 32
3560 544 3601 604 δ.

2008 633 2256 688 Christus
2282 643 2459 687 autem
2486 633 2552 687 de
2571 632 2780 689 excidio
2800 631 3152 703 Jerosolymte
3179 630 3505 705 lacrymatur
3537 633 3554 664 ⁸
3585 645 3600 681 :

2009 724 2148 794 quod
2182 739 2280 780 nos
2307 725 2468 778 etiam
2497 739 2621 794 erga
2653 724 2857 778 amicos
2890 720 3138 777 facimus.

2078 817 2132 872 3.
2173 815 2298 870 Ha-c
2326 831 2447 870 cum
2477 817 2726 880 sciamus,
2754 815 2885 869 nihil
2915 829 3020 869 non
3047 829 3267 885 agamus
3293 829 3361 868 ne
3387 827 3486 869 nos
3509 828 3601 870 se-

2010 921 2258 974 paremus
2287 923 2315 960 a
2363 908 2493 971 Ileo,
2543 907 2637 962 sed
2683 907 2877 960 animm
2907 915 3107 960 nostrae
3141 920 3286 959 etme
3325 906 3608 975 amorique

2005 997 2248 1054 fraterno
2290 1013 2506 1067 operam
2537 997 2732 1052 demus
2755 1037 2769 1062 ,
2819 1012 2994 1067 neque
3025 1004 3208 1051 nostra
3236 995 3607 1065 discerpemus

2009 1089 2248 1145 membra
2284 1088 2453 1159 (illud
2499 1090 2642 1143 enim
2694 1088 2986 1142 furentium
3018 1098 3074 1143 et
3111 1095 3294 1142 mente
3322 1096 3606 1154 captorum

2008 1193 2092 1236 est
2111 1179 2164 1252 );
2207 1182 2300 1236 sed
2332 1192 2532 1250 quanto
2561 1180 2712 1252 pejus
2736 1180 2961 1236 affectos
2992 1179 3265 1243 videmus,
3294 1187 3446 1233 tanto
3488 1192 3609 1232 ma-

2005 1269 2179 1340 jorem
2215 1269 2586 1338 impendamus
2612 1285 2820 1325 curam.
2844 1269 2978 1325 Nam
3007 1271 3207 1325 multos
3233 1284 3376 1339 stupe
3390 1269 3609 1338 conspi-

2011 1360 2180 1415 cimus
2231 1359 2535 1416 diflicilibus
2586 1359 3077 1430 insanabilibusque
3108 1360 3351 1428 corporis
3400 1358 3610 1413 morbis

2011 1449 2258 1505 laborare
2281 1490 2295 1514 ,
2329 1465 2427 1505 nec
2456 1451 2617 1506 ﬁnem
2661 1450 2886 1507 facimus
2941 1451 3247 1521 imponendi
3293 1450 3608 1521 pharmace.

2009 1541 2146 1609 Quid
2172 1541 2422 1610 podagra,
2453 1541 2580 1610 quid
2608 1542 2855 1613 chiragra
2889 1543 3086 1612 pejus?
3111 1559 3237 1597 num
3282 1543 3404 1596 ideo
3429 1556 3607 1596 mem-

2011 1632 2102 1686 bra
2132 1632 2537 1687 abscindimus?
2565 1633 2815 1699 Minime;
2855 1635 2949 1690 sed
2979 1635 3116 1690 nihil
3156 1650 3262 1690 non
3289 1635 3513 1690 facimus
3551 1641 3613 1687 ut

2012 1724 2203 1778 saltem
2258 1725 2556 1791 leniamus,
2608 1729 2652 1780 si
2683 1741 2878 1782 sanare
2909 1743 3015 1782 non
3062 1729 3349 1796 possimus.
3397 1726 3514 1783 Hoc
3555 1735 3612 1780 et

2011 1815 2153 1869 circa
2197 1814 2389 1893 fratres
2433 1825 2649 1871 nostros
2684 1816 2962 1874 faciamus.
3000 1819 3056 1876 Si
3088 1807 3369 1875 incurabili
3417 1819 3612 1874 morbo

2011 1904 2274 1968 laborent,
2301 1921 2490 1961 curare
2513 1922 2938 1977 perseveremus,
2959 1910 3293 1980 aliorumque
3312 1905 3476 1966 oitera
3494 1924 3614 1966 mu-

2013 2005 2105 2052 tuo
2135 1998 2392 2053 feramus.
2426 1998 2517 2054 Sic
2543 2000 2686 2054 enim
2714 2000 2911 2056 Christi
2938 2002 3107 2071 legem
3145 2000 3519 2072 implebimus,
3553 2010 3610 2055 et

2013 2088 2275 2158 promissa
2323 2104 2717 2160 consequemur
2764 2092 2924 2160 bona,
2971 2095 3138 2164 gratia
3186 2103 3243 2148 et
3282 2092 3614 2163 benignitate

2015 2180 2220 2262 Domini
2253 2182 2418 2234 nostri
2436 2179 2563 2236 Jesu
2580 2183 2802 2248 Christi,
2827 2186 3039 2255 quicum
3057 2185 3200 2240 Patri
3225 2185 3394 2256 gloria
3418 2184 3608 2240 simul-

2011 2284 2116 2340 que
2138 2269 2356 2339 Spiritui
2391 2280 2600 2340 saneto,
2631 2273 2682 2328 in
2709 2275 2904 2329 saecula
2932 2275 3276 2330 saeculorum.
3303 2271 3496 2331 Amen.

2012 2445 2226 2555 mutui
2249 2446 2435 2498 habent
2457 2461 2471 2498 :
2497 2446 2716 2502 Christus
2736 2451 3010 2504 Jerusalem
3028 2458 3240 2505 evertere
3261 2466 3440 2518 νατωιδ
3453 2453 3615 2516 πῖθ’

379 2655 3603 2696 ...Μ-Ἢ

1643 2717 1992 2783 HOMILIA
2033 2694 2262 2788 LXIX.

313 2886 450 2943 Car.
492 2883 580 2938 I2.
634 2897 689 2937 v.
738 2879 829 2936 42.
890 2876 1245 2932 Verumtamen
1282 2887 1348 2926 ex
1395 2866 1704 2938 principibus
1761 2860 1911 2916 multi

389 2974 709 3030 crediderunt
732 2973 787 3026 in
813 2985 966 3032 eum;
992 2967 1081 3021 sed
1102 2974 1306 3036 prapter
1329 2960 1623 3016 Pharisteos
1649 2971 1750 3009 non
1776 2969 1903 3007 con-

396 3068 689 3138 ﬁtebantur,
719 3073 777 3118 ut
806 3063 868 3116 de
890 3075 1149 3131 synagoga
1177 3073 1278 3110 non
1298 3055 1619 3124 ejicerentur.
1646 3047 1740 3104 45.
1767 3037 1912 3099 Dile-

390 3169 571 3218 mnt
610 3159 745 3216 enim
778 3155 997 3228 gloriam
1026 3151 1287 3207 hominum
1315 3145 1476 3214 magis
1511 3156 1666 3212 quam
1695 3138 1913 3211 gloriam

395 3253 724 3400 duritia
748 3335 1076 3410 grauissimus
1094 3330 1318 3387 morbus.
1343 3324 1644 3384 Substantia
1668 3319 1842 3377 Patris
1865 3327 1913 3374 et

323 3437 454 3494 Filii
477 3440 860 3507 ἀπαράλλακτος,
891 3429 1064 3485 eadem
1089 3419 1470 3497 ψεαρ-Ρηνί
1515 3429 1705 3472 omnes
1748 3412 1912 3468 animi

322 3529 546 3585 allectus
583 3525 802 3580 omnino
830 3517 1065 3591 fugiendi
1096 3515 1253 3572 nobis
1296 3520 1460 3574 sunt;
1489 3508 1584 3564 sed
1611 3509 1768 3576 longe
1797 3517 1914 3558 ms-

323 3621 409 3692 gis
433 3620 468 3674 ii
489 3618 574 3688 qui
601 3615 748 3687 plura
772 3614 982 3685 pariunt
1009 3617 1225 3680 peccata
1258 3625 1272 3662 :
1311 3602 1546 3671 exempli
1575 3613 1758 3662 causa,
1785 3610 1918 3692 ava-

324 3686 471 3772 ritia,
498 3686 617 3778 quae
641 3721 707 3760 ex
739 3720 798 3759 se
823 3703 999 3774 gravis
1024 3708 1107 3756 est
1133 3697 1372 3758 morbus,
1397 3692 1489 3748 sed
1521 3691 1676 3758 longe
1705 3686 1918 3757 gravior

330 3799 564 3856 efﬁcitur
583 3839 598 3864 ,
629 3797 751 3867 quia
776 3795 927 3850 radix
973 3802 1028 3848 et
1052 3798 1222 3846 mater
1248 3797 1330 3842 est
1361 3786 1598 3838 omnium
1630 3781 1911 3835 malorum.

331 3891 609 3963 Ejusmodi
637 3897 723 3945 est
752 3887 922 3942 inanis
946 3884 1134 3953 gloria.
1167 3880 1305 3935 Ecce
1331 3879 1381 3932 hi
1413 3877 1483 3931 ob
1502 3873 1688 3945 gloriae
1708 3871 1917 3940 cupidi-

327 4000 453 4040 nem
486 3998 516 4035 a
545 3981 648 4036 ﬁde
672 3989 797 4035 sunt
823 3977 1013 4032 avulsi.
1037 3974 1169 4030 Nam
1195 3971 1368 4035 Huiti,
1392 3969 1487 4032 ait,
1519 3983 1582 4021 ea:
1607 3963 1919 4037 principibus

327 4073 650 4129 crediderunt
675 4071 728 4124 in
769 4084 924 4130 eum;
969 4066 1059 4134 sed
1086 4072 1292 4135 propter
1325 4061 1536 4114 Judteos
1564 4073 1668 4110 non
1704 4056 1918 4122 confite-

329 4166 533 4227 bantur,
561 4171 614 4216 ut
655 4161 719 4215 de
751 4173 1010 4230 synagoga
1039 4171 1138 4210 non
1164 4154 1485 4224 ejicerentur.
1527 4147 1582 4202 Id
1628 4145 1770 4216 quod
1815 4145 1921 4198 illis

331 4269 494 4325 supra
527 4254 738 4308 dicebat
767 4267 783 4305 :
813 4247 1064 4320 quomodo
1092 4246 1297 4317 potestis
1335 4241 1540 4297 credere
1563 4282 1578 4305 ,
1611 4238 1831 4310 gloriam
1857 4235 1921 4290 ab

329 4346 544 4400 inuicem
563 4343 883 4411 accipientes,
913 4348 957 4393 et
980 4338 1218 4408 gloriam,
1245 4349 1357 4404 qua:
1383 4349 1413 4385 a
1434 4331 1543 4385 solo
1570 4328 1677 4383 Deo
1703 4337 1799 4392 est,
1822 4343 1924 4381 non

331 4448 611 4509 querentes
658 4435 836 4506 (Joan.
865 4433 920 4487 5.
951 4431 1041 4500 44)
1060 4429 1085 4481 1
1125 4428 1241 4482 Non
1286 4440 1417 4495 ergo
1448 4423 1717 4493 principes
1745 4428 1920 4486 erant,

334 4527 431 4581 sed
463 4524 624 4588 servi,
653 4533 891 4579 extrema
923 4520 1198 4575 servitute.
1227 4515 1496 4570 Caeterum
1528 4513 1616 4568 hic
1647 4519 1827 4581 postea
1855 4510 1924 4564 ti—

336 4632 457 4672 mor
497 4616 737 4670 sublatns
775 4620 879 4666 est.
911 4611 1180 4679 Nusquam
1223 4607 1365 4662 enim
1407 4605 1507 4660 sub
1533 4602 1793 4672 apostolis
1822 4599 1926 4656 hoc

337 4707 526 4763 morbo
555 4715 740 4774 captos
771 4703 1034 4758 videmus.
1056 4699 1187 4755 Nam
1218 4707 1345 4753 tunc
1375 4705 1431 4751 et
1459 4695 1724 4768 principes
1744 4702 1798 4748 et
1834 4708 1924 4746 sa-

335 4799 583 4853 cerdotes
613 4793 972 4850 crediderunt.
1003 4791 1182 4848 Gratia
1209 4791 1350 4844 enim
1396 4788 1629 4856 Spiritus
1665 4799 1924 4854 superve-

336 4888 493 4942 niens
534 4887 656 4940 illos
683 4899 870 4939 omnes
895 4884 1178 4938 adamante
1214 4881 1478 4934 ﬁrmiores
1516 4877 1767 4932 reddidit.
1793 4873 1924 4927 Cum

338 4979 500 5047 igitur
529 4976 630 5032 hoc
669 4989 736 5030 ne
763 4986 887 5028 tunc
906 4973 1188 5028 crederent
1214 4970 1514 5038 impediret,
1547 4967 1670 5020 audi
1693 4964 1817 5035 quid
1846 4963 1929 5016 di-

337 5076 428 5123 cat
457 5088 472 5122 :
500 5069 591 5123 ﬂ.
631 5066 731 5133 Qui
745 5065 904 5119 credit
925 5066 975 5116 in
997 5081 1096 5126 me,
1119 5079 1219 5117 non
1240 5066 1399 5115 credit
1425 5062 1476 5113 in
1504 5076 1602 5125 me,
1624 5059 1717 5113 sed
1739 5058 1793 5110 in
1814 5073 1926 5110 eum

337 5159 426 5229 qui
456 5159 589 5213 misit
613 5173 732 5220 me;
757 5171 822 5210 ac
847 5156 891 5209 si
933 5157 1156 5216 diceret,
1186 5153 1296 5208 Cur
1327 5152 1525 5206 timetis
1553 5151 1712 5204 inme
1737 5147 1928 5203 crede-

342 5249 446 5305 re?
468 5250 599 5304 ﬁdes
624 5265 719 5318 per
745 5262 833 5303 me
863 5247 1051 5300 transit
1077 5246 1130 5299 in
1163 5246 1327 5298 lteum
1348 5284 1363 5310 ,
1394 5253 1453 5296 ut
1482 5243 1643 5296 etiam
1679 5239 1928 5294 incredu-

341 5342 490 5396 litas.
511 5339 644 5395 Vide
667 5353 776 5410 quo
801 5347 954 5408 pacto
979 5351 1076 5407 per
1103 5338 1282 5389 omnia
1302 5331 1654 5387 substantiam
1685 5330 1928 5385 eamdem

345 5431 602 5485 declaret.
631 5429 748 5484 Non
770 5425 1043 5494 dixit,Qui
1065 5425 1239 5480 credit
1265 5423 1416 5484 mihi,
1450 5437 1519 5476 ne
1552 5421 1673 5491 quis
1703 5420 1928 5484 diceret,

344 5521 416 5576 de
444 5521 624 5576 verbis
662 5520 779 5590 ejus
822 5529 1024 5572 tantum
1057 5515 1160 5571 hoc
1187 5515 1314 5580 dici,
1343 5513 1486 5585 quod
1521 5512 1588 5567 de
1627 5511 1931 5564 hominibus

344 5627 558 5683 quoque
584 5610 689 5666 dici
720 5617 947 5681 poterat.
977 5608 1112 5664 Nam
1151 5607 1240 5677 qui
1270 5604 1530 5676 apostolis
1568 5603 1773 5666 credit,
1825 5616 1931 5655 non

347 5706 478 5774 ipsis
506 5705 699 5766 credit,
722 5703 815 5757 sed
839 5703 965 5757 Deo.
988 5700 1186 5756 Verum
1216 5710 1272 5753 ut
1292 5699 1468 5753 discas
1488 5697 1554 5751 de
1585 5695 1686 5749 ﬁde
1717 5695 1769 5747 in
1799 5693 1930 5748 sub-

348 5799 599 5852 stantiam
627 5811 781 5850 suam
815 5794 928 5848 haec
958 5793 1063 5862 agi,
1097 5805 1203 5846 non
1245 5790 1402 5854 dicit,
1432 5787 1532 5853 Qui
1560 5787 1732 5842 credit
1755 5784 1934 5838 verbis

354 5890 509 5954 meis,
542 5887 658 5952 sed,
693 5887 792 5947 Uni
817 5884 972 5939 credit
999 5884 1167 5936 inme.
1190 5880 1250 5935 Et
1273 5880 1642 5951 cur,‘inquics,
1675 5890 1932 5945 nusquam

2013 2867 2132 2923 vice
2161 2886 2315 2926 versa
2345 2869 2495 2939 dicit,
2548 2874 2646 2943 Qui
2671 2875 2846 2931 credit
2895 2877 2946 2930 in
2993 2875 3248 2942 Patrem,
3293 2891 3400 2931 non
3444 2875 3617 2932 credit

2017 2962 2069 3016 in
2099 2961 2332 3028 Patrem,
2365 2965 2458 3019 sed
2493 2966 2543 3019 in
2575 2968 2701 3021 me?
2727 2966 2859 3032 Quia
2891 2967 3154 3023 dixissent
3208 2967 3304 3030 illi,
3344 2967 3486 3022 Ecce
3513 2981 3615 3021 nos

2016 3052 2069 3108 in
2104 3053 2318 3109 Patrem
2342 3053 2634 3124 credimus,
2664 3057 2716 3110 in
2743 3067 2794 3110 te
2834 3073 2941 3110 non
2970 3057 3264 3112 credimus.
3296 3055 3428 3112 Nam
3461 3056 3618 3111 inﬁr-

2015 3147 2217 3202 miores
2243 3147 2418 3202 adhuc
2449 3158 2624 3204 erant.
2675 3149 2979 3219 Discipulos
3007 3150 3151 3205 enim
3202 3150 3485 3218 alloquens
3534 3150 3614 3204 sie

2016 3239 2248 3302 dicebat,
2278 3238 2493 3293 Creditis
2518 3241 2572 3293 in
2598 3237 2787 3305 Deum,
2819 3251 2866 3293 et
2892 3245 2944 3294 in
2986 3257 3066 3293 me
3101 3239 3499 3311 crediteran.
3525 3240 3614 3294 Η.

2018 3332 2043 3387 Ι
2075 3331 2114 3400 ).
2151 3330 2259 3387 Hos
2284 3339 2462 3385 autem
2493 3347 2616 3387 cum
2651 3332 2977 3387 inﬁrmiores
3002 3333 3066 3386 ad
3097 3334 3213 3386 luteo
3239 3331 3506 3387 audienda
3537 3331 3618 3386 vi-

2012 3413 2203 3488 deret,
2255 3422 2415 3478 aliter
2449 3423 2702 3478 instituit.
2754 3421 3002 3478 Ostendit
3047 3439 3177 3492 ergo
3211 3438 3316 3477 non
3350 3437 3512 3490 posse
3563 3423 3617 3478 in

2019 3511 2230 3568 Patrem
2257 3512 2480 3568 credere
2502 3528 2617 3574 cos,
2643 3513 2733 3582 qui
2765 3527 2870 3568 non
2902 3513 2954 3567 in
2981 3529 3041 3568 se
3069 3513 3311 3568 credant.
3339 3512 3406 3568 Et
3425 3529 3493 3568 ne
3519 3529 3619 3584 pu-

2020 3614 2101 3660 tes
2131 3605 2181 3659 id
2220 3606 2370 3672 qnasi
2412 3605 2480 3660 de
2510 3604 2726 3658 homine
2764 3603 2869 3658 dici
2898 3646 2914 3667 ,
2945 3604 3126 3659 subdit
3155 3621 3169 3658 :
3194 3603 3284 3660 45.
3344 3603 3447 3672 Qui
3484 3603 3619 3660 videt

2019 3699 2268 3763 me,tn‘det
2294 3715 2408 3752 eum
2439 3699 2526 3769 qui
2561 3698 2698 3752 misit
2722 3715 2821 3753 me.
2845 3697 2983 3764 Quid
3010 3698 3178 3769 ergo?
3213 3713 3279 3753 an
3303 3713 3499 3767 corpus
3531 3707 3620 3754 est

2024 3790 2188 3845 Deus?
2212 3789 2446 3846 Minime.
2468 3789 2740 3845 Visionem
2759 3792 2956 3860 quippe
2990 3790 3274 3846 mentaletn
3299 3790 3387 3847 hic
3410 3789 3620 3862 signiﬁ-

2021 3891 2147 3947 cat,
2207 3891 2262 3935 et
2307 3881 2430 3935 hinc
2474 3880 3080 3936 consubstantialitatem
3136 3880 3489 3937 demonstrat.
3556 3882 3624 3937 Et

2023 3972 2150 4042 quid
2182 3972 2281 4027 sibi
2308 3972 2422 4026 vult
2468 3972 2634 4036 illud,
2667 3972 2769 4040 Qui
2795 3971 2952 4026 credit
2980 3973 3032 4026 in
3053 3973 3172 4027 me?
3201 3972 3279 4026 Ac
3308 3972 3352 4026 si
3383 3971 3504 4040 quis
3533 3971 3622 4027 dl-

2023 4070 2191 4125 ceret,
2231 4061 2330 4129 Qui
2359 4078 2548 4133 aquam
2583 4061 2650 4116 de
2697 4063 2915 4117 ﬂumine
2945 4061 3119 4127 tollit,
3150 4076 3256 4117 non
3281 4059 3350 4116 de
3377 4060 3620 4124 ﬂumine.

2024 4155 2118 4211 sed
2146 4155 2211 4210 de
2243 4157 2393 4210 fonte
2412 4156 2622 4225 accipit.
2651 4155 2762 4210 lmo
2786 4155 3049 4210 infirmius
3076 4154 3180 4210 hoc
3206 4153 3509 4222 exemplum
3536 4163 3624 4211 est

2025 4247 2095 4301 ad
2121 4262 2232 4302 rem
2261 4247 2611 4316 propositam.
2637 4247 2728 4302 46.
2753 4245 2864 4318 Ego
2881 4245 2976 4301 tua:
2992 4248 3046 4300 in
3066 4246 3312 4300 mundum
3335 4245 3622 4301 veni.Cunt

2026 4341 2169 4396 enim
2193 4339 2352 4395 Pater
2380 4347 2434 4395 et
2454 4339 2504 4393 in
2523 4339 2691 4393 veteri
2710 4347 2764 4393 et
2794 4339 2847 4392 iu
2877 4352 3010 4391 nova
3042 4338 3161 4407 lege
3189 4337 3266 4392 sic
3295 4337 3620 4408 appelletur,

2029 4444 2083 4490 et
2107 4432 2211 4489 hoc
2240 4436 2354 4503 ipse
2382 4443 2559 4487 utatur
2593 4432 2843 4496 nomine;
2874 4430 2994 4485 ideo
3021 4431 3218 4485 Paulus
3250 4431 3373 4484 hinc
3399 4429 3628 4487 edoctus

2028 4524 2371 4595 splendorem
2403 4531 2558 4578 vocat
2589 4523 2737 4576 illum
2783 4518 2984 4591 (Hebr.
3019 4520 3072 4574 i.
3105 4519 3195 4590 3).
3230 4518 3450 4575 Multam
3478 4530 3628 4576 certe

2030 4631 2150 4670 cum
2184 4614 2340 4669 Patre
2367 4613 2679 4668 afﬁnitatem
2711 4612 2797 4666 hic
2822 4610 3073 4676 ostendit,
3107 4609 3216 4665 itno
3247 4611 3444 4666 nullam
3470 4609 3630 4667 dill'e-

2030 4705 2254 4760 rentiam
2281 4720 2295 4757 :
2326 4720 2448 4758 nam
2491 4703 2648 4758 ﬁdem
2697 4701 2750 4757 in
2773 4717 2853 4766 se,
2888 4701 3074 4756 nonin
3101 4716 3163 4757 se
3187 4742 3202 4766 ,
3234 4700 3332 4756 sed
3373 4702 3426 4756 in
3477 4702 3630 4758 illum

2031 4797 2258 4851 transire
2282 4795 2430 4850 dicit.
2472 4793 2670 4849 Lucem
2700 4808 2860 4863 porro
2886 4809 2947 4848 se
2991 4794 3220 4859 vocavit,
3254 4791 3398 4862 quod
3437 4792 3630 4848 aber-

2032 4903 2157 4942 rore
2193 4887 2411 4950 liberet,
2441 4895 2493 4940 et
2522 4885 2663 4956 quod
2693 4885 3001 4954 spiritnales
3031 4883 3205 4939 solvat
3232 4883 3501 4939 tenebras.
3537 4884 3629 4940 47.

2033 4976 2096 5035 Si
2120 4979 2233 5050 quis
2271 4996 2350 5032 me
2388 4995 2490 5032 non
2543 4977 2794 5045 audierit,
2824 4993 2917 5050 ego
2948 4993 3048 5051 non
3071 4977 3254 5046 judico
3282 4976 3450 5028 illum.
3502 4958 3630 5031 Non

2031 5074 2165 5125 enim
2193 5071 2301 5124 veni
2325 5080 2378 5123 ut
2400 5070 2626 5141 judicem
2665 5071 2933 5131 mundum,
2970 5067 3060 5121 sed
3091 5077 3143 5121 ut
3169 5067 3446 5134 salvi/iectu
3470 5082 3626 5122 mun-

2034 5163 2176 5216 dum.
2206 5162 2283 5216 Ne
2311 5170 2558 5231 putarent
2592 5161 2734 5215 enim
2758 5175 2818 5214 se
2849 5169 3066 5229 propter
3089 5159 3454 5212 inlirmitatem
3487 5173 3624 5211 con-

2035 5262 2327 5322 temptores
2355 5253 2645 5317 dimisisse,
2688 5252 2808 5306 ideo
2830 5250 2964 5305 dixit
2992 5267 3006 5306 :
3041 5250 3160 5304 Non
3190 5250 3299 5303 veni
3325 5258 3377 5302 ut
3404 5248 3634 5321 judicent

2034 5346 2296 5400 mundum.

2105 5439 2159 5494 2.
2187 5438 2391 5493 Deinde
2421 5452 2489 5492 ne
2520 5435 2646 5491 hinc
2672 5435 2949 5506 segniores
2969 5433 3117 5494 ﬁant.
3157 5433 3298 5504 quod
3347 5433 3636 5489 didicerint

2036 5547 2157 5587 eum
2175 5532 2264 5602 qui
2283 5530 2472 5596 credit,
2491 5530 2694 5584 salvum
2716 5529 2855 5590 fieri.
2876 5538 2930 5584 et
2949 5528 3036 5598 qui
3059 5544 3164 5582 non
3182 5528 3376 5594 credit,
3399 5525 3571 5598 puniri
3593 5527 3636 5592 ',

2037 5623 2159 5677 vide
2187 5637 2344 5692 quam
2375 5620 2782 5676 formidolosum
2813 5620 2917 5674 illis
2946 5619 3174 5673 tribunal
3213 5623 3467 5682 minetur,
3512 5632 3636 5672 cunt

2083 5758 2119 5788 ἰ
2156 5763 2325 5817 Putant
2353 5757 2535 5806 Boisius
2557 5763 2611 5806 et
2630 5754 2833 5806 Savilius
2863 5753 3129 5817 legendum
3154 5766 3267 5803 esse
3318 5765 3411 5802 non
3443 5749 3632 5812 partiri.

2038 5817 2272 5881 Certeita
2295 5816 2562 5879 legendum
2585 5820 2699 5868 mihi
2723 5816 2934 5881 quoque
2956 5816 3154 5865 videtur
3179 5829 3190 5864 :
3219 5817 3307 5865 sed
3332 5828 3505 5865 cautes
3528 5821 3634 5864 nisa.

2039 5878 2205 5944 puniri
2232 5878 2435 5928 habent.
