4092 6502
579 458 682 514 379

576 569 756 634 adjicit
786 583 800 622 :
830 567 919 622 48.
951 563 1048 631 Qui
1077 576 1154 615 me
1179 561 1386 629 spernit,
1414 567 1459 611 et
1485 573 1584 610 non
1610 555 1789 624 accipit
1819 552 1964 605 verba
2009 563 2140 610 mea,

575 664 720 715 habet
744 659 831 731 qui
846 657 1038 727 judicet
1066 669 1197 708 eum.
1220 651 1274 706 Si
1305 658 1452 720 pater
1482 648 1746 703 neminem
1763 643 1983 712 judicat,
2006 649 2058 693 et
2087 650 2139 693 tu

577 767 682 807 non
711 751 893 805 venisti
922 758 977 802 ut
1002 746 1207 815 judices
1233 741 1510 805 mundum,
1529 740 1645 809 quis
1680 739 1822 791 illum
1845 731 2139 805 judicabit?

575 845 752 897 Sermo
793 857 937 908 quem
974 841 1207 907 loquutus
1234 851 1366 900 sum,
1412 834 1517 899 ipse
1534 829 1786 900 judicabit
1814 828 1976 880 illum.
2006 825 2137 890 Quia

575 932 716 984 enim
745 929 993 984 dicebant
1031 928 1176 980 illum
1209 941 1312 980 non
1339 940 1401 979 ex
1447 924 1557 976 Deo
1583 935 1700 974 eSse
1721 959 1736 979 ,
1774 918 1850 972 sic
1894 917 2137 985 loquutus

571 1029 674 1083 est,
705 1021 1008 1076 utdeclaret
1036 1020 1174 1089 quod
1207 1028 1328 1070 tunc
1368 1031 1468 1069 non
1509 1021 1756 1084 poterunt
1781 1011 1894 1064 lta'c
1921 1008 2133 1070 dicere;

571 1115 688 1176 sed,
715 1112 886 1166 Verba
911 1127 1028 1180 qua!
1056 1125 1194 1164 nunc
1220 1109 1466 1176 loquutus
1497 1121 1613 1159 sum
1636 1145 1650 1168 ,
1699 1101 2024 1157 accusatoris
2060 1101 2141 1153 vi-

572 1218 687 1258 cem
719 1212 892 1273 agent,
918 1203 1003 1271 qui
1033 1203 1147 1254 illos
1173 1199 1473 1259 couviueet,
1503 1206 1556 1249 et
1582 1211 1793 1249 onmem
1817 1191 2138 1247 defensionis

575 1296 787 1349 modum
833 1294 1052 1347 aditnel.
1091 1291 1269 1346 Sermo
1297 1299 1438 1360 quem
1464 1289 1843 1357 loquutussum.
1870 1285 1998 1351 Quis
2019 1299 2136 1338 ser-

573 1387 704 1442 mo?
740 1385 828 1441 49.
872 1383 1019 1449 Quod
1045 1401 1076 1436 α
1101 1399 1177 1436 me
1201 1383 1310 1449 ipso
1342 1397 1438 1434 non
1466 1380 1699 1443 venerim,
1729 1379 1844 1448 quia
1883 1377 1968 1443 qui
2005 1375 2138 1427 misit

571 1495 650 1532 me
691 1477 869 1541 Pater,
899 1478 982 1530 ille
1033 1476 1166 1528 dedit
1203 1475 1326 1526 mihi
1356 1473 1643 1525 mandatum
1679 1469 1800 1538 quid
1838 1467 2001 1521 dicunt
2027 1510 2039 1532 ,
2089 1477 2136 1520 et

569 1570 692 1640 quid
716 1571 891 1636 loquar
913 1584 931 1621 :
957 1578 1005 1623 et
1032 1569 1132 1620 alia
1152 1565 1450 1631 hujusmodi
1483 1564 1679 1617 omnia.
1713 1563 1850 1629 Ergo
1875 1561 1985 1612 ha-c
2017 1559 2137 1614 ideo

571 1672 788 1731 propter
815 1661 932 1714 illos
959 1660 1094 1712 dicta
1122 1667 1263 1721 sunt,
1299 1666 1353 1710 ut
1380 1656 1575 1709 nullam
1601 1653 1850 1706 haberent
1872 1650 2138 1706 defensio-

573 1752 654 1805 nis
680 1766 881 1803 ansam.
915 1749 1042 1803 Nam
1069 1749 1165 1801 nisi
1191 1749 1258 1801 ita
1289 1763 1370 1798 res
1401 1760 1458 1797 se
1489 1743 1723 1805 haberet.
1753 1743 1874 1809 quid
1901 1743 2016 1811 plus
2039 1742 2130 1795 ha-

572 1842 715 1896 bebit
742 1857 894 1909 quam
927 1838 1122 1891 Isaias?
1153 1836 1281 1890 Nam
1305 1837 1390 1888 ille
1425 1834 1522 1887 hoc
1563 1833 1733 1902 ipsum
1763 1832 1927 1885 dicit:
1963 1830 2136 1884 Domi-

571 1948 663 1984 nus
691 1932 778 1982 dat
808 1930 929 1981 milii
953 1931 1174 1998 linguam
1193 1926 1504 1987 eruditionis,
1530 1935 1582 1976 ut
1607 1926 1761 1976 sciam
1798 1922 1999 1993 quando
2026 1939 2133 1975 ser-

569 2040 765 2077 monem
805 2024 969 2075 dicere
1002 2031 1227 2089 oporteat
1259 2019 1405 2091 (Isai.
1439 2018 1523 2073 50.
1559 2017 1644 2088 4).
1670 2018 1801 2084 Quid
1834 2017 1950 2083 plus
1977 2031 2133 2083 quam

569 2113 866 2169 Jcrcmias?
894 2113 1022 2167 Nam
1052 2124 1103 2166 et
1130 2112 1220 2165 ille
1250 2125 1366 2164 cum
1399 2109 1734 2169 mittebatur.
1762 2117 1885 2162 tunc
1913 2107 2136 2174 inspira-

570 2207 766 2258 tionem
799 2203 1044 2258 ltabebat.
1078 2202 1210 2269 Quid
1233 2203 1345 2269 plus
1367 2216 1521 2270 quam
1544 2199 1824 2253 Ezechiel?
1850 2198 1941 2251 llic
1967 2198 2131 2262 enim,

567 2293 819 2348 devorato
836 2293 1084 2362 capitulo,
1110 2294 1177 2346 ita
1207 2293 1450 2360 loquutus
1477 2300 1558 2344 est
1578 2288 1786 2359 (Ezeclt.
1807 2289 1858 2343 5.
1888 2287 1963 2358 1).
1989 2289 2134 2342 Alio.

567 2387 690 2456 quin
717 2396 893 2440 autem
927 2388 958 2439 ii
985 2387 1072 2454 qui
1099 2385 1236 2439 dicta
1263 2385 1377 2452 ejus
1404 2381 1630 2436 audituri
1649 2390 1819 2446 erant,
1844 2395 1998 2435 causa
2034 2381 2130 2448 ipsi

566 2480 880 2546 cognitionis
912 2478 1072 2531 fuisse
1101 2477 1477 2544 reperirentur.
1511 2473 1563 2528 Si
1607 2472 1746 2526 enim
1790 2487 1909 2524 cunt
1953 2473 2130 2526 mitte-

567 2569 739 2632 batur,
762 2573 1060 2636 mandatum
1089 2569 1292 2636 accepit
1319 2565 1441 2636 quid
1463 2563 1877 2628 essetdicturus,
1907 2562 2133 2617 subinde

569 2661 712 2713 dices
753 2660 920 2730 ipsum
946 2633 986 2722 ,⁸
1009 2671 1288 2727 antequant
1330 2657 1626 2708 mitteretur
1651 2694 1666 2717 ,
1696 2653 1825 2706 nihil
1867 2652 2086 2706 scivisse
2116 2669 2129 2705 :

567 2751 757 2818 quibus
786 2749 963 2802 verbis
989 2748 1108 2817 quid
1131 2749 1294 2816 magis
1315 2748 1528 2816 impium
1553 2744 1728 2808 fuerit,
1747 2745 1788 2797 si
1808 2744 1924 2811 quis
1947 2757 2133 2811 nempe

569 2838 684 2894 lucc
730 2841 797 2894 ila
837 2841 1086 2908 accipiat,
1122 2853 1218 2892 nec
1264 2854 1474 2892 causam
1519 2837 1826 2890 humilitatis
1852 2835 2130 2890 verborum

569 2929 1116 2999 hujusmodiediscat?
1156 2928 1350 2982 Verum
1383 2927 1574 2981 Paulus
1617 2927 1757 2995 ipsos
1787 2927 1945 2980 ctiam
1972 2925 2132 2980 disci-

567 3024 716 3092 pulos
752 3022 1045 3090 intelligere
1075 3021 1220 3086 dicit,
1245 3021 1368 3084 Qua:
1393 3020 1456 3072 sit
1483 3021 1711 3070 voluntas
1741 3017 1835 3070 Dei
1866 3019 2016 3082 bona,
2045 3018 2130 3070 be-

567 3113 812 3181 neplacita
841 3092 885 3165 et
914 3114 1130 3182 perfecta
1166 3111 1336 3178 (Rom.
1365 3111 1450 3163 12.
1481 3108 1571 3177 2);
1605 3119 1657 3164 et
1701 3108 1866 3162 Filius
1906 3108 2128 3162 nescivit

568 3204 735 3259 donec
781 3204 1081 3257 mandatum
1113 3201 1354 3269 accepit?
1384 3211 1438 3254 et
1469 3217 1569 3270 qua
1629 3201 1834 3253 ratione
1872 3198 1922 3253 id
1953 3199 2130 3252 consi-

567 3307 711 3351 stere
742 3296 934 3364 possit?
962 3293 1147 3347 Viden’
1185 3309 1303 3347 eum
1343 3293 1525 3346 istlnnc
1552 3292 1835 3344 admodum
1866 3290 2133 3343 humiliter

571 3386 939 3456 loqui,utillos
959 3384 1272 3449 atlrahat,et
1293 3383 1453 3453 iisqui
1481 3383 1635 3436 futuri
1653 3391 1822 3445 crant,
1861 3380 2130 3434 silentium

569 3477 840 3546 imponat?
871 3476 992 3531 ldeo
1023 3477 1178 3546 igitur
1210 3476 1432 3529 humana
1479 3474 1707 3543 loquitur
1736 3473 1894 3526 verba
1917 3512 1930 3535 .
1960 3480 2017 3526 ut
2049 3473 2132 3527 vel

567 3570 644 3622 sic
673 3568 788 3621 illos
833 3583 897 3620 eo
923 3566 1180 3635 adigeret,
1211 3575 1264 3619 ut
1295 3567 1544 3618 vilitatem
1569 3565 1848 3618 verborum
1871 3562 2128 3632 fugerent,

566 3660 714 3727 gnari
739 3674 838 3712 non
873 3673 938 3712 ex
985 3665 1192 3722 natura,
1231 3657 1322 3710 sed
1345 3642 1411 3709 es
1440 3655 1736 3708 auditorum
1769 3653 2132 3707 imbecillitate

569 3747 682 3802 hinc
711 3749 776 3800 ita
804 3748 928 3802 diei.
953 3747 1036 3802 50.
1067 3747 1184 3802 Scio
1216 3748 1332 3816 quia
1366 3746 1657 3799 mandatum
1686 3747 1794 3814 ejus
1823 3747 1920 3798 vita
1947 3756 2133 3799 (eterna

565 3849 660 3894 est.
690 3840 814 3903 Qua:
839 3855 954 3908 ergo
971 3841 1164 3908 loquor,
1187 3840 1316 3892 sicut
1337 3839 1461 3891 dixit
1486 3837 1607 3889 milii
1639 3835 1808 3901 Pater,
1835 3835 1906 3890 sic
1935 3837 2128 3904 loquor.

570 3928 754 3983 Viden'
784 3930 1061 3983 verborum
1104 3927 1494 3981 humilitatem?
1521 3926 1617 3994 Qui
1649 3927 1790 3980 cnim
1820 3926 2128 3980 mandatum

567 4023 778 4090 accipit,
815 4037 918 4075 non
950 4022 1029 4075 sui
1059 4022 1302 4074 dominus
1341 4030 1442 4075 est.
1473 4021 1628 4089 Atqui
1658 4021 1770 4089 ipse
1795 4019 1868 4072 ait
1899 4035 1913 4072 :
1949 4019 2134 4083 Quem-

567 4115 837 4166 admodum
861 4115 991 4167 enim
1032 4111 1186 4164 Pater
1211 4113 1414 4173 suscitat
1440 4121 1656 4164 mortuos
1685 4120 1730 4163 et
1769 4109 1983 4176 viviﬁcat
2012 4125 2030 4162 :
2063 4109 2133 4161 ita

567 4213 611 4257 et
639 4202 803 4257 Filius
831 4219 953 4271 quos
984 4202 1086 4255 vult
1116 4203 1346 4269 vivi/icat.
1381 4203 1459 4256 An
1511 4216 1637 4271 ergo
1677 4199 1961 4254 suscitandi
2001 4213 2132 4267 quos

571 4295 679 4346 vult
707 4305 1014 4362 potestatem
1049 4293 1226 4356 habet,
1260 4294 1468 4347 dicendi
1501 4291 1639 4362 quod
1668 4292 1776 4344 vult
1799 4307 1903 4344 tton
1937 4290 2131 4344 habet?

570 4383 679 4438 Hoc
699 4394 873 4437 autem
903 4383 1011 4436 vult
1041 4383 1121 4436 ltis
1147 4384 1321 4436 verbis
1347 4382 1638 4449 significare
1669 4399 1680 4432 :
1714 4381 1826 4434 Non
1845 4381 2132 4435 semiudum

573 4483 812 4527 naturam
854 4485 953 4536 est,
985 4484 1039 4526 ut
1069 4475 1156 4527 ille
1204 4474 1303 4526 alia
1339 4475 1614 4541 loquatur,
1642 4472 1741 4524 alia
1785 4486 1902 4540 ego.
1937 4469 2002 4522 Et
2032 4469 2134 4522 scio

569 4566 688 4634 quia
739 4565 1027 4616 mandatum
1071 4566 1176 4634 ejus
1225 4566 1324 4616 vita
1383 4574 1569 4616 aztema
1621 4573 1712 4615 est.
1768 4563 1888 4615 Illos
1957 4571 2134 4615 autem

573 4656 876 4726 alloquitur,
907 4655 994 4724 qui
1024 4655 1192 4724 ipsum
1215 4655 1570 4724 decrptorcm,
1593 4663 1750 4720 atque
1776 4655 1824 4706 in
1850 4652 2133 4722 perniciem

571 4749 777 4802 venisse
802 4748 1065 4802 dicebant.
1094 4746 1222 4801 Cum
1253 4758 1427 4801 autem
1456 4748 1616 4812 dicit,
1655 4746 1762 4817 Ego
1804 4763 1902 4799 non
1923 4747 2132 4817 judico,

573 4838 802 4892 ostendit
830 4853 886 4892 se
916 4837 1133 4892 istorum
1162 4838 1410 4906 perniciei
1453 4853 1556 4891 non
1599 4851 1714 4890 esse
1739 4852 1949 4890 causam
1977 4837 2015 4889 ¹.
2034 4835 2138 4890 Per

576 4927 688 4982 haec
709 4929 848 4982 enim
873 4944 1006 4997 pene
1027 4928 1354 4995 testiﬁcatur,
1373 4944 1491 4982 cum
1518 4928 1851 4982 discessurus
1869 4938 2030 4992 esset,
2045 4941 2138 4981 ne-

578 5033 681 5088 que
718 5017 852 5072 ultra
881 5033 998 5071 cum
1029 5019 1106 5071 eis
1141 5028 1462 5080 versaturus,
1497 5018 1628 5085 Quia
1652 5017 1778 5071 nihil
1814 5027 2076 5081 tamquam
2107 5031 2136 5070 a

575 5108 779 5175 meipso
805 5107 1050 5175 loquutus
1069 5122 1187 5161 sunt
1212 5108 1387 5171 vobis,
1417 5107 1506 5161 sed
1529 5108 1702 5161 omnia
1732 5107 1880 5176 quasi
1907 5123 1934 5159 a
1963 5107 2135 5161 Patre.

580 5198 809 5267 Ideoque
852 5199 902 5252 in
953 5198 1169 5252 humilia
1216 5198 1409 5258 desiuit
1437 5208 1489 5251 et
1515 5214 1812 5254 sermonem
1843 5199 2135 5264 concludit,

578 5297 636 5341 ttt
661 5288 889 5351 diceret,
935 5287 1081 5341 lianc
1113 5289 1263 5341 vobis
1295 5302 1458 5358 usque
1483 5289 1533 5341 in
1562 5288 1717 5342 finem
1752 5291 1904 5344 emisi
1935 5304 2137 5343 vocem.

576 5378 742 5446 Quam
769 5393 949 5432 vocem
969 5379 992 5430 ?
1015 5378 1159 5434 Sicut
1189 5379 1315 5433 dixit
1341 5379 1465 5430 mihi
1493 5377 1666 5444 Pater,
1690 5380 1758 5432 sic
1780 5381 1970 5447 loquor.
1993 5378 2141 5446 Quod

578 5471 622 5523 si
657 5470 764 5525 Deo
803 5473 1098 5526 contrarius
1124 5487 1316 5533 essem.
1351 5473 1671 5525 contrarium
1698 5481 1841 5525 certe
1867 5471 2138 5536 dixissem,

581 5577 668 5617 nte
697 5562 828 5617 nihil
852 5577 1034 5618 eorum
1061 5579 1178 5634 quae
1211 5566 1316 5620 Deo
1352 5566 1560 5634 placent
1585 5563 1761 5618 dicere
1782 5604 1795 5628 ,
1845 5572 1900 5616 ut
1922 5561 2141 5632 gloriam

647 5742 666 5774 ι
703 5739 796 5790 Alli
819 5742 990 5803 legunt
1017 5756 1029 5792 :
1053 5751 1168 5793 Cum
1193 5750 1348 5792 autent
1373 5741 1506 5797 dicit,
1527 5759 1549 5788 ι
1572 5753 1663 5803 non
1680 5741 1850 5798 judico
1870 5755 1916 5797 ν,
1943 5738 2030 5787 hoc
2053 5743 2138 5797 est,

593 5811 611 5843 ι
635 5813 728 5851 non
752 5816 855 5852 sum
880 5802 1069 5854 illorum
1093 5804 1321 5866 perniciei
1341 5817 1502 5861 causa,
1521 5803 1604 5853 sed
1629 5802 1718 5861 ipsi
1741 5816 1884 5852 causa
1907 5809 2013 5852 sunt
2053 5819 2072 5843 ι

1291 444 1347 502 S.
1387 441 1660 500 JOANNIS
1696 432 2159 495 CIIRYSOSTOMI
2198 431 2514 488 ARClllEP.
2554 432 3079 489 CONSTANTINOI‘.
3721 433 3812 489 330

2255 545 2320 599 ad
2339 560 2422 600 me
2449 545 2722 601 referrem.
2755 544 2902 599 Nunc
2930 555 3104 599 autem
3146 543 3279 600 adeo
3303 544 3480 599 omnia
3517 545 3568 599 in
3611 544 3813 602 Patrem

2247 637 2401 691 retuli
2428 679 2442 702 ,
2476 648 2532 692 ut
2563 637 2691 691 nihil
2723 652 2899 692 meum
2928 638 3131 701 loquar.
3159 637 3268 693 Cur
3292 654 3421 707 ergo
3463 653 3570 692 non
3601 641 3812 697 creditis

2247 727 2376 782 mihi
2406 727 2600 783 dicenti
2627 770 2642 794 ,
2675 744 2761 783 me
2791 729 3096 783 mandatum
3125 730 3400 798 accepisse
3420 773 3432 793 ,
3465 740 3519 784 et
3557 732 3626 783 ita
3657 731 3814 787 vehe-

2245 830 2452 873 menter
2490 823 2756 872 amoventi
2806 820 2997 872 malam
3043 820 3183 874 illam
3233 830 3461 874 vestram
3488 823 3814 890 opinionem,

2243 910 2382 978 quod
2413 909 2501 964 Dei
2534 911 2632 962 sim
2663 910 3042 964 adversarius?
3079 911 3224 966 Sicut
3253 914 3394 966 enim
3425 913 3537 966 ﬁeri
3561 913 3742 980 nequit
3766 925 3814 967 nt

2245 998 2298 1058 ii,
2319 1001 2405 1068 qui
2435 1000 2734 1053 mandatum
2761 1010 3102 1070 acceperunt,
3129 1003 3269 1056 aliud
3293 1003 3592 1056 faciautaut
3613 1003 3814 1068 dicant,

2243 1107 2398 1158 quam
2429 1105 2522 1159 pro
2553 1093 2811 1146 mittentis
2835 1093 3124 1156 voluntate,
3171 1093 3343 1149 donec
3381 1095 3691 1149 mandatum
3716 1110 3810 1150 ac-

2243 1194 2423 1238 curate
2453 1185 2829 1252 impleverint:
2865 1187 2933 1238 ita
2979 1201 3148 1253 neque
3191 1202 3289 1256 ego
3331 1186 3470 1240 aliud
3518 1185 3696 1242 facere
3725 1195 3814 1241 aut

2243 1276 2418 1331 dicere
2450 1291 2682 1343 possum,
2713 1293 2869 1345 quam
2911 1293 3030 1347 qua:
3059 1279 3215 1332 Pater
3243 1281 3486 1333 voluerit.
3529 1280 3656 1333 Nam
3690 1280 3815 1346 Qua:

2245 1384 2335 1437 cgo
2362 1367 2514 1436 facio,
2545 1366 2633 1421 ille
2659 1369 2778 1436 facit
2800 1408 2812 1430 ,
2845 1372 2962 1438 quia
2992 1387 3182 1424 mecum
3221 1380 3292 1424 est
3320 1373 3336 1438 (
3354 1370 3506 1424 Joan.
3529 1377 3582 1426 8.
3614 1371 3728 1433 29).
3759 1382 3813 1426 et

2242 1473 2344 1510 non
2372 1457 2570 1510 dimisit
2598 1475 2681 1512 me
2710 1461 2878 1513 solmu
2913 1461 3083 1513 Pater.
3123 1461 3304 1513 Viden‘
3350 1477 3455 1530 quo
3486 1474 3639 1528 pacto
3667 1477 3812 1516 sem-

2243 1563 2335 1617 per
2355 1549 2584 1602 declaret
2605 1565 2662 1603 se
2690 1549 2922 1605 Genitori
2950 1551 3066 1606 siue
3097 1551 3203 1605 ullo
3231 1553 3543 1606 intermedio
3565 1552 3808 1620 junctum

2239 1639 2543 1694 esseiNam
2570 1655 2690 1694 cum
2711 1642 2864 1706 dixit,
2894 1645 2930 1695 Α
2953 1645 3137 1713 utcipso
3173 1661 3270 1696 non
3297 1648 3424 1705 veni.
3455 1660 3557 1698 non
3590 1646 3689 1699 sibi
3717 1661 3811 1714 pn-

2241 1741 2483 1786 testatem
2531 1733 2749 1796 adimit,
2797 1733 2887 1788 sed
2938 1750 2995 1789 sc
3023 1750 3127 1788 non
3158 1734 3297 1788 Patri
3339 1737 3660 1790 contrarium
3691 1753 3811 1792 esse

2237 1823 2516 1893 signiﬁcat.
2555 1824 2685 1878 Nam
2717 1825 2759 1877 si
2810 1828 3048 1880 homines
3095 1827 3172 1879 sui
3204 1826 3402 1880 domini
3445 1838 3588 1890 sunt,
3643 1829 3811 1883 multo

2240 1918 2405 1985 magis
2434 1915 2616 1970 Filius.
2648 1917 2798 1983 Quod
2829 1927 3000 1971 autem
3029 1917 3130 1972 hoc
3157 1934 3337 1972 verum
3366 1921 3464 1984 sit,
3497 1921 3619 1974 audi
3669 1922 3809 1976 Pau-

2240 2008 2348 2061 lum
2373 2009 2654 2072 dicentem,
2689 2007 2978 2061 Exinanivit
3002 2011 3318 2080 semetipsum
3352 2011 3606 2082 (Philipp.
3630 2013 3683 2066 2.
3712 2015 3804 2080 7),

2239 2109 2284 2151 et
2316 2098 2520 2151 tradidit
2546 2117 2636 2168 pro
2661 2099 2799 2153 nobis
2831 2099 3040 2169 (Ep/tes.
3063 2100 3115 2154 5.
3143 2101 3221 2171 ἓ).
3250 2101 3375 2165 Sed,
3403 2111 3457 2156 ut
3481 2102 3611 2167 disi,
3630 2107 3806 2173 gravis

2240 2206 2325 2244 res
2344 2202 2422 2246 est
2451 2193 2618 2247 inanis
2644 2194 2829 2263 gloria,
2857 2196 3032 2264 gravis
3065 2197 3262 2266 utique.
3293 2195 3406 2266 Ipsa
3429 2199 3568 2252 enim
3595 2198 3644 2252 id
3676 2198 3806 2256 clie-

2237 2285 2329 2348 cit,
2377 2294 2433 2338 ut
2462 2286 2532 2338 illi
2565 2301 2666 2339 non
2697 2287 2996 2352 crederent,
3021 2299 3074 2342 et
3107 2289 3190 2340 alii
3227 2289 3363 2342 male
3409 2288 3714 2350 crederent.
3747 2299 3802 2343 et

2236 2391 2354 2443 qua:
2387 2376 2473 2429 ille
2504 2377 2841 2447 benignitatis
2862 2379 3026 2449 gratia
3059 2379 3265 2434 diccbat
3293 2381 3439 2450 ipsis,
3469 2381 3534 2434 ad
3565 2381 3804 2450 impietao

2238 2476 2341 2522 teut
2373 2478 2658 2524 verterent.

2306 2563 2359 2616 5.
2403 2560 2702 2617 Exhortatio
2751 2565 2958 2618 moralis
2986 2565 3047 2619 de
3076 2567 3198 2618 luxu
3247 2566 3466 2620 vitando.
3500 2565 3608 2620 Sub
3654 2567 3804 2635 ﬁnem

2237 2653 2388 2724 hujus
2432 2653 2645 2706 Numeri
2689 2654 3000 2726 clcemosyna
3026 2656 3506 2710 commendatur.—
3533 2657 3679 2712 Hanc
3708 2658 3808 2711 ita-

2237 2761 2341 2808 quc
2390 2743 2554 2798 feram
2599 2748 2816 2798 omnino
2863 2744 3162 2814 fugiamus;
3211 2747 3354 2799 varia
3404 2750 3598 2815 quippe
3640 2757 3723 2801 est
3751 2758 3807 2802 et

2237 2834 2573 2888 multiformis
2598 2875 2611 2898 ,
2645 2836 2892 2902 virusque
2939 2852 3093 2889 suum
3143 2837 3335 2906 ubique
3374 2837 3686 2892 disseminat
3709 2880 3724 2902 ,
3752 2851 3808 2893 et

2237 2923 2288 2978 iu
2323 2927 2559 2993 pecuniis
2579 2967 2593 2990 ,
2624 2935 2678 2980 et
2724 2926 2776 2979 in
2809 2927 3016 2982 deliciis
3047 2969 3061 2992 ,
3091 2939 3142 2982 et
3174 2929 3223 2982 in
3251 2945 3534 2998 Corporum
3565 2931 3804 3000 pulchri-

2237 3017 2434 3070 tudine.
2462 3017 2661 3071 Idcirco
2689 3019 2881 3086 ubique
2905 3021 3272 3074 necessitatem
3301 3022 3605 3076 excedimus
3637 3040 3648 3074 :
3681 3022 3807 3077 inde

2237 3109 2459 3162 vestium
2489 3108 2642 3161 luxus
2663 3150 2678 3173 ,
2709 3123 2982 3163 servorum
3013 3125 3218 3180 greges.
3251 3111 3374 3165 ldeo
3404 3112 3596 3182 ubique
3627 3127 3808 3166 neces-

2235 3198 2363 3253 sitas
2393 3200 2750 3253 contemnitur
2771 3239 2785 3264 ,
2818 3199 2868 3253 iu
2897 3199 3140 3254 domibus
3161 3241 3175 3264 ,
3206 3201 3256 3253 in
3283 3201 3538 3263 vestibus,
3571 3201 3621 3256 in
3653 3217 3804 3256 mett-

2236 3307 2292 3345 sa
2319 3309 2335 3358 ;
2363 3291 2622 3361 luxusque
2648 3292 2968 3346 dominatur.
3003 3292 3092 3346 Vis
3116 3293 3283 3362 gloria
3317 3293 3416 3347 l‘rui
3443 3293 3465 3346 ?
3498 3293 3806 3366 Eleemosy~

2238 3398 2358 3436 nam
2411 3398 2611 3452 eroga:
2661 3394 2786 3438 tunc
2827 3395 2878 3439 te
2926 3384 3213 3438 laudabunt
3256 3386 3460 3454 angeli;
3496 3398 3617 3440 tunc
3667 3387 3808 3440 Deus

2239 3473 2572 3542 approbabit.
2605 3473 2755 3529 Nunc
2798 3483 2973 3528 autem
3011 3476 3060 3528 in
3094 3476 3338 3530 aut-ilices
3369 3487 3570 3530 tantum
3601 3487 3656 3530 et
3688 3489 3804 3532 tex-

2240 3573 2380 3618 tores
2427 3563 2704 3618 admiratio
2749 3565 2998 3630 vertitur;
3031 3575 3084 3618 tu
3137 3581 3265 3619 vero
3287 3608 3302 3631 ,
3335 3582 3368 3620 o
3399 3568 3589 3620 mulier
3610 3609 3625 3631 ,
3657 3567 3806 3621 inco-

2237 3665 2420 3709 ronata
2446 3655 2670 3719 recedis,
2691 3664 2847 3724 teque
2863 3670 3005 3723 smpe
3034 3655 3178 3709 vides
3196 3656 3489 3710 maledictis
3507 3665 3804 3725 esceptam.

2237 3747 2290 3803 Si
2320 3761 2478 3817 porro
2523 3747 2638 3801 hinc
2687 3763 2789 3800 non
2835 3747 3043 3816 corpori
3079 3755 3166 3799 tuo
3209 3746 3640 3815 circuntponeres
3664 3789 3678 3811 ,
3711 3747 3805 3800 sed

2237 3840 2290 3894 in
2321 3853 2580 3909 pauperes
2608 3838 2907 3892 cll’underes
2931 3878 2944 3903 ,
2993 3840 3187 3905 uhique
3218 3837 3432 3906 plausus
3478 3838 3725 3900 adesset,
3755 3850 3808 3892 et

2237 3931 2352 3986 laus
2391 3945 2599 4000 magna.
2650 3929 2800 3984 Tunc
2843 3931 2927 3983 illa
2981 3929 3234 3993 habebis,
3264 3945 3384 3983 cum
3431 3929 3550 3983 aliis
3602 3929 3804 3992 dabis;

2236 4023 2407 4078 donec
2434 4039 2560 4078 vero
2605 4022 2718 4076 sola
2749 4023 3066 4084 rctinucris,
3105 4037 3208 4074 non
3256 4022 3438 4076 habes.
3475 4021 3625 4075 Domi
3658 4036 3809 4073 nant-

2238 4129 2340 4184 que
2367 4112 2646 4168 thesaurus
2679 4127 2782 4166 non
2825 4121 2965 4165 tutus
3010 4122 3088 4166 est
3115 4129 3130 4176 ;
3162 4123 3304 4166 tutus
3324 4127 3452 4166 vero
3482 4123 3562 4166 est
3586 4112 3644 4166 in
3675 4127 3807 4180 pau-

2239 4220 2420 4274 perum
2469 4203 2732 4259 manibus.
2787 4203 2895 4258 Cur
2936 4217 3128 4272 corpus
3177 4217 3376 4267 ornas,
3405 4202 3528 4256 dum
3573 4202 3806 4254 animant

2237 4299 2540 4368 impuritate
2583 4306 2880 4365 correptam
2923 4296 3185 4364 negligis?
3213 4309 3308 4349 cur
3334 4309 3438 4348 non
3471 4305 3666 4348 Ianum
3693 4296 3809 4348 ani-

2239 4405 2339 4443 mae
2366 4398 2614 4458 quantam
2638 4388 2847 4457 corpori
2873 4402 3053 4441 curam
3078 4387 3360 4454 impendis,
3391 4401 3510 4440 cum
3543 4386 3803 4454 majorem

2239 4481 2555 4549 Oporteret?
2584 4483 2828 4533 Attamen
2853 4489 3143 4548 oporteret,
3175 4478 3378 4543 dilecti,
3410 4494 3589 4548 parem
3618 4480 3805 4532 saltem

2239 4571 2512 4626 adhibere.
2562 4571 2689 4634 Dic,
2723 4585 2938 4639 qumso,
2968 4569 3011 4622 si
3064 4569 3182 4638 quis
3224 4579 3275 4620 te
3319 4569 3644 4637 interrrget,
3681 4568 3806 4637 quid

2240 4663 2524 4725 malueris,
2572 4677 2637 4714 an
2687 4677 2882 4726 corpus
2935 4671 3079 4713 tuum
3122 4671 3362 4729 vegetum
3414 4661 3808 4728 formosuntque

2239 4771 2358 4812 esse
2384 4771 2446 4811 ac
2475 4755 2664 4809 vilibus
2695 4755 2930 4807 indutum
2960 4751 3235 4814 vestibus;
3269 4767 3334 4805 an
3367 4751 3628 4815 mutilum,
3660 4766 3807 4805 mor-

2241 4851 2427 4902 bosum
2475 4858 2528 4900 et
2579 4863 2708 4900 auro
2755 4854 2999 4900 ornatum
3031 4861 3043 4897 :
3077 4859 3254 4897 annon
3305 4853 3521 4912 optares
3551 4843 3722 4910 potius
3755 4842 3808 4896 itt

2241 4950 2426 4992 natura
2480 4938 2718 5006 corporis
2767 4937 2983 5005 pulchra
3013 4935 3244 5006 gaudere
3301 4935 3510 5001 forma,
3543 4949 3697 5003 quam
3759 4935 3808 4986 in

2245 5030 2464 5084 vestiunt
2489 5029 2685 5081 ambitu
2703 5029 2817 5080 “tan
2849 5029 2899 5080 in
2929 5042 3155 5096 corpore
3181 5027 3257 5080 sic
3285 5037 3497 5096 optares
3515 5065 3529 5087 ,
3556 5025 3606 5077 itt
3633 5024 3810 5076 anima

2242 5119 2431 5173 secus?
2476 5133 2537 5172 ac
2563 5118 2687 5171 dum
2736 5118 2877 5171 illant
2928 5126 3169 5186 turpem,
3224 5116 3560 5180 deformem,
3609 5116 3810 5183 nigram

2245 5212 2438 5274 habes,
2473 5227 2541 5266 ex
2595 5213 2768 5266 aureis
2812 5211 3139 5265 ornamentis
3167 5220 3216 5264 te
3261 5213 3488 5263 fructum
3540 5209 3813 5278 percipere

2246 5304 2434 5374 putas?
2461 5304 2712 5371 Quaenam
2747 5304 2860 5358 huic
2891 5303 3163 5357 amentia?
3190 5304 3443 5356 Ornatum
3473 5301 3526 5355 in
3559 5299 3809 5356 interiora

2243 5407 2390 5452 verte
2410 5436 2425 5460 ,
2453 5405 2508 5450 et
2540 5397 2813 5465 torquibus
2839 5397 2942 5450 illis
2965 5396 3194 5450 animam
3222 5394 3511 5449 circumda.
3542 5392 3672 5446 Nam
3695 5405 3811 5460 qua:

2245 5493 2442 5542 circum
2468 5502 2660 5557 corpus
2689 5495 2954 5556 ponuntur
2973 5527 2987 5550 ,
3015 5501 3187 5556 neque
3217 5485 3281 5539 ad
3308 5483 3689 5546 valetudinem,
3717 5497 3815 5536 nec

2244 5597 2347 5652 quc
2383 5583 2446 5636 ad
2479 5583 2696 5636 formant
2720 5582 2908 5650 juvant
2936 5597 2949 5634 :
2983 5595 3088 5634 non
3127 5581 3329 5649 nigrum
3357 5578 3531 5632 album
3564 5573 3815 5638 reddunt,

2247 5689 2418 5743 neque
2437 5673 2576 5741 quod
2609 5683 2759 5742 turpe
2788 5681 2870 5728 cst
2891 5673 3180 5728 formosum
3209 5669 3462 5725 efficiunt.
3490 5667 3616 5722 llrec
3637 5673 3818 5718 autem

2246 5785 2288 5824 sn
2347 5769 2534 5824 anima:
2579 5769 2984 5838 circumpouas,
3017 5767 3123 5821 cito
3154 5765 3293 5820 illam
3325 5778 3420 5834 pro
3462 5762 3611 5831 nigra
3643 5758 3819 5813 albam
