4064 6540
184 448 275 503 38!

185 560 393 624 reddes,
422 573 518 629 pro
546 556 687 626 turpi
713 565 766 627 et
790 552 1037 619 deformi,
1067 551 1338 623 pulchram
1368 560 1422 605 et
1443 548 1756 604 formosam.

189 654 297 707 Non
328 664 479 707 meus
519 648 607 703 hic
653 660 833 703 sermo
857 654 975 711 est,
1004 642 1097 699 sed
1120 642 1330 698 Domini
1376 640 1603 696 dicentis
1650 654 1665 691 :
1697 637 1758 693 Si

188 745 371 815 fuerim
408 750 613 811 peccata
644 734 804 793 uestra
842 745 895 791 ut
920 736 1175 790 coccinum
1201 774 1216 799 ,
1237 742 1293 786 ut
1332 734 1492 792 nivem
1517 728 1759 785 dealbaho

188 835 338 903 (Isai.
365 835 419 889 1.
463 833 587 901 18);
620 842 674 887 ct
697 873 713 896 ,
745 830 874 884 Date
917 829 1282 898 eleemosynam
1306 865 1320 885 .
1350 835 1396 877 et
1419 824 1589 877 omnia
1625 820 1761 877 vobis

188 924 378 977 munda
412 932 560 976 erunt
587 920 734 988 (Luc.
767 920 851 974 Η.
878 918 994 989 ll).
1027 916 1081 974 Si
1110 918 1179 971 ita
1206 917 1281 970 sis
1312 914 1499 969 affecta
1526 952 1541 979 ,
1575 927 1680 967 non
1710 921 1763 966 te

190 1015 402 1081 solam,
430 1013 523 1069 sed
553 1014 726 1068 virum
757 1025 967 1081 quoque
1014 1017 1162 1063 tuum
1206 1007 1497 1061 formosmn
1544 1004 1760 1059 reddes.

189 1103 318 1159 Nam
364 1104 409 1160 si
440 1113 491 1160 te
538 1104 714 1157 lusum
738 1103 1100 1173 deponentem
1143 1099 1371 1165 viderit,
1421 1112 1526 1151 non
1558 1096 1765 1166 magnis

191 1209 326 1265 opus
349 1195 453 1250 erit
479 1193 776 1261 sumptibus
803 1208 817 1245 :
852 1191 977 1245 hinc
1004 1199 1204 1245 .autem
1240 1186 1464 1242 habendi
1497 1185 1762 1255 cupidita-

192 1292 299 1339 tem
326 1284 559 1353 deponet
579 1322 593 1344 ,
624 1292 677 1337 et
706 1280 923 1348 pronior
945 1281 1047 1335 erit
1072 1277 1137 1332 ad
1166 1279 1560 1347 elecmosynam
1582 1315 1597 1342 ,
1628 1284 1681 1329 et
1712 1283 1765 1329 tu

193 1374 418 1430 ﬁdenter
458 1372 656 1444 poteris
707 1372 781 1425 illi
813 1385 874 1427 ea
914 1386 1034 1441 qua:
1081 1369 1276 1426 decent
1321 1366 1568 1423 suadere.
1617 1364 1768 1419 Nunc

192 1475 369 1519 autem
396 1504 411 1525 ,
440 1474 474 1515 o
505 1478 598 1515 vos
632 1462 881 1517 mulieres
900 1503 916 1527 ,
948 1476 1053 1515 non
1082 1474 1261 1529 parem
1294 1458 1500 1513 habetis
1530 1463 1767 1527 potesta-

194 1562 321 1609 tem.
354 1552 474 1619 Quo
501 1568 617 1618 ore,
642 1567 740 1622 qua
768 1551 942 1607 fronte
983 1552 1238 1621 coniuges
1277 1549 1343 1604 ad
1372 1550 1767 1619 eleemosynam

196 1646 533 1703 hortabimini
559 1688 573 1711 ,
604 1662 724 1702 cum
756 1645 1043 1701 maximam
1066 1656 1225 1714 Opum
1254 1650 1460 1713 partem
1487 1640 1551 1694 ad
1578 1652 1768 1708 corpo-

1190 436 1254 493 IN
1289 434 1603 492 JOANNEM
1638 430 1870 488 llOMIL.
1915 430 2078 489 LXX.
2114 431 2187 484 al.
2231 430 2413 486 LXIX.

3353 432 3461 490 38‘!

1869 545 1943 600 ris
1963 532 2208 599 ornatum
2227 543 2540 599 iusumatis?
2561 543 2696 599 Tum
2720 544 2918 614 poteris
2932 559 3053 600 cum
3082 544 3272 601 fiducia
3292 546 3460 601 virum

1865 636 1933 693 de
1963 636 2303 709 eleemosyna
2357 636 2558 707 alloqui
2584 679 2600 703 ,
2632 651 2752 692 cum
2803 652 3029 692 aureum
3057 638 3258 692 cultum
3290 639 3461 709 depo-

1867 726 2059 783 sueris.
2096 727 2316 782 Etiamsi
2350 742 2478 783 vero
2511 726 2643 781 nihil
2678 727 2934 796 proficias
2956 772 2971 792 ,
3003 729 3144 797 quod
3174 736 3321 783 tuum
3349 740 3466 785 erat

1872 826 2039 874 totum
2068 818 2300 888 implesti
2329 836 2342 872 :
2376 819 2485 873 imo
2513 819 2626 874 fieri
2655 821 2838 889 nequit
2866 829 2923 873 ut
2944 821 3091 874 illum
3120 836 3227 875 non
3253 819 3461 887 ﬂectas,

1870 925 1991 965 cum
2021 925 2121 980 per
2147 926 2234 967 res
2265 911 2406 981 ipsas
2434 912 2690 982 loqueris.
2738 912 2873 977 Quid
2900 914 3033 967 enim
3076 913 3173 967 scis
3193 955 3209 980 ,
3237 914 3421 968 mulier
3446 954 3460 974 ,

1870 1019 1938 1056 an
1962 1003 2122 1057 virum
2148 1011 2286 1056 tuum
2329 1004 2522 1057 salvum
2552 1004 2750 1072 [actura
2777 1005 2846 1059 sis
2879 1004 2953 1076 (l.
2990 1003 3107 1058 Cor.
3133 1005 3187 1061 7.
3221 1004 3353 1070 l6)?
3397 1004 3466 1060 Ut

1873 1096 2015 1149 nunc
2039 1105 2095 1149 et
2136 1108 2231 1163 pro
2253 1102 2307 1147 te
2342 1103 2396 1147 et
2423 1109 2519 1164 pro
2548 1096 2639 1149 illo
2670 1096 2931 1149 rationem
2961 1094 3230 1150 redditura
3259 1109 3322 1150 es
3345 1111 3360 1147 :
3384 1094 3465 1149 sic

1874 1184 1919 1240 si
1948 1183 2127 1238 lusum
2152 1184 2456 1254 hujusmodi
2478 1184 2741 1253 deponas,
2761 1184 3027 1254 duplicem
3051 1198 3309 1241 coronam
3332 1196 3466 1238 cou-

1875 1274 2150 1344 sequeris,
2181 1290 2301 1329 cum
2335 1275 2448 1329 viro
2476 1285 2732 1330 coronata
2774 1285 2828 1331 et
2871 1276 3103 1346 gloriosa
3133 1290 3229 1345 per
3261 1273 3466 1329 infinita

1876 1364 1966 1419 illa
1994 1365 2185 1421 saecula
2210 1407 2224 1431 ,
2254 1374 2309 1420 et
2332 1367 2548 1422 aeternis
2580 1367 2759 1421 fruens
2806 1368 2997 1423 bonis:
3029 1383 3150 1437 qum
3198 1381 3300 1421 nos
3343 1380 3466 1420 om-

1878 1470 1975 1511 nes
2018 1456 2230 1526 assequi
2257 1459 2565 1527 contingat,
2595 1460 2761 1529 gratia
2791 1471 2844 1513 ct
2889 1458 3217 1530 benignitate
3256 1458 3468 1514 Domini

1880 1549 2047 1602 nostri
2078 1547 2201 1603 Jesu
2232 1547 2463 1615 Christi,
2495 1550 2584 1605 cui
2614 1551 2780 1622 gloria
2812 1554 2862 1605 in
2894 1552 3090 1606 szecula
3122 1551 3467 1606 surculorum.

1884 1638 2074 1692 Amen.

196 1774 3400 1800 Μ

1502 1835 1842 1899 HOMILIA
1886 1835 2085 1895 LXX.

195 1996 324 2048 CAP.
382 1991 465 2046 15.
538 1991 671 2043 v.1.
731 1988 857 2041 Ante
903 1986 1035 2039 diem
1101 1984 1279 2054 festum
1331 1982 1571 2045 Pascha,
1622 1978 1773 2033 Iesus

273 2086 438 2140 sciens
457 2084 573 2152 quia
599 2082 725 2135 venit
747 2080 872 2133 hora
896 2079 1026 2149 ejus,
1050 2086 1104 2130 ut
1130 2085 1347 2130 transeat
1377 2090 1440 2128 ex
1466 2074 1559 2127 hoc
1586 2071 1775 2125 mundo

268 2176 339 2228 ad
368 2172 593 2235 Patrem,
616 2188 728 2225 cum
749 2170 1003 2224 dilexisset
1028 2182 1165 2231 suos,
1200 2165 1284 2235 qui
1320 2173 1459 2218 erant
1484 2163 1538 2216 in
1564 2161 1772 2224 ntundo,

268 2267 321 2319 in
350 2266 500 2333 linem
536 2261 712 2317 dilexit
752 2276 855 2314 eos.

274 2354 326 2409 I.
372 2351 602 2409 Christus
646 2352 786 2405 nobis
832 2346 1107 2417 exemplar.
1164 2346 1339 2415 Ipsius
1381 2360 1503 2416 erga
1546 2342 1777 2396 inimicos

199 2430 882 2516 benignitas.-—'lmitatores
908 2440 1004 2491 mei
1033 2447 1204 2500 estote,
1239 2436 1408 2505 inquit
1436 2433 1651 2499 Paulus,
1680 2432 1777 2485 sic—

198 2547 253 2591 ut
280 2548 329 2591 et
362 2553 452 2608 ego
477 2534 661 2590 Christi
692 2533 782 2602 (l.
806 2531 923 2587 Cor.
957 2531 1045 2584 ll.
1076 2526 1164 2600 l).
1195 2528 1317 2583 Ideo
1346 2526 1487 2581 enim
1512 2540 1573 2580 ex
1606 2536 1777 2577 massa

205 2637 388 2684 nostra
433 2640 646 2681 carnem
692 2623 936 2692 accepit,
982 2629 1037 2674 ut
1072 2635 1168 2689 per
1218 2633 1334 2673 eam
1384 2631 1482 2671 nos
1528 2616 1776 2668 virtutem

196 2720 438 2774 doceret.
471 2714 538 2769 In
566 2713 978 2775 similitudinem,
1025 2710 1226 2779 inquit,
1254 2708 1421 2762 carnis
1460 2706 1693 2776 peccati,
1735 2715 1782 2757 et

198 2812 264 2863 de
311 2816 513 2876 peccato
541 2814 795 2875 peccatum
823 2805 877 2856 in
905 2818 1057 2857 carne
1085 2801 1340 2855 damnavit
1371 2799 1547 2868 (Rom.
1597 2798 1648 2852 8.
1684 2796 1738 2867 ὃ)
1767 2815 1779 2859 ;

201 2901 427 2971 ipseque
471 2895 713 2952 Christus
760 2898 833 2948 ait
870 2910 885 2949 :
933 2892 1118 2947 Discite
1151 2909 1182 2945 a
1210 2908 1321 2957 me,
1351 2892 1469 2959 quia
1496 2889 1631 2942 mitis
1671 2902 1778 2941 sum

200 3001 247 3045 et
278 2990 485 3044 humilis
521 2987 669 3042 corde
715 2985 926 3059 (Matth.
979 2985 1068 3039 ll.
1113 2983 1226 3053 29).
1274 2981 1399 3036 llaec
1446 2994 1549 3034 non
1605 2976 1780 3033 verbis

201 3090 412 3137 tantum
439 3120 452 3143 ,
487 3078 581 3132 sed
613 3089 665 3132 et
714 3077 872 3131 rebus
917 3073 1116 3130 docuit.
1145 3073 1277 3127 Nam
1304 3080 1358 3127 et
1385 3071 1777 3128 Samaritauum

201 3184 259 3229 et
307 3169 696 3225 darmoniacum
748 3167 919 3237 ipsum
964 3164 1223 3218 vocabant
1250 3203 1265 3228 ,
1295 3170 1350 3217 et
1396 3161 1730 3227 deceptorcm
1764 3201 1777 3225 ,

202 3261 518 3334 lapidesque
547 3261 600 3314 in
630 3260 799 3327 ipsum
824 3256 1092 3326 jatriebaut
1119 3272 1131 3308 :
1162 3264 1217 3311 et
1245 3266 1388 3309 nunc
1436 3252 1649 3322 quidem
1681 3252 1781 3305 mi—

204 3355 409 3409 nistros
450 3351 714 3405 miserunt
744 3345 994 3402 Pharismi
1021 3384 1037 3407 ,
1067 3355 1124 3399 ut
1152 3345 1298 3399 illum
1329 3352 1610 3411 caperent;
1642 3353 1784 3396 nunc

201 3446 343 3499 alios
392 3442 732 3510 subiecerunt
783 3440 1121 3497 insidiatores
1166 3456 1179 3489 :
1236 3436 1334 3505 ipsi
1384 3447 1593 3506 quoque
1640 3448 1784 3504 stupe

203 3534 562 3591 contumelias
591 3532 921 3593 inferebant,
952 3544 1072 3585 cum
1103 3538 1278 3583 tamen
1311 3527 1438 3581 nihil
1489 3528 1703 3582 adesset
1729 3524 1780 3579 in

203 3643 316 3697 quo
344 3633 659 3681 accusarent
687 3624 887 3692 ipsum,
920 3622 1014 3678 sed
1046 3621 1301 3677 beneﬁcia
1350 3621 1651 3688 frequenter
1691 3633 1782 3685 ac:

204 3719 471 3787 ciperent.
504 3715 879 3770 Verumtamen
927 3721 1045 3782 post
1088 3712 1201 3767 hinc
1244 3721 1423 3774 tanta,
1461 3727 1564 3766 non
1615 3717 1787 3766 cessat

204 3824 307 3865 eos
357 3817 412 3863 et
457 3807 637 3861 verbis
676 3814 731 3859 et
775 3805 1031 3874 operibus
1058 3804 1245 3872 iuvare
1276 3818 1290 3856 :
1318 3809 1375 3857 et
1403 3815 1519 3856 cum
1554 3816 1582 3854 a
1630 3814 1787 3855 servo

205 3900 440 3973 quodam
466 3898 783 3962 caederetur,
805 3897 877 3949 ait
905 3912 915 3947 :
952 3893 1011 3950 Si
1036 3896 1167 3949 male
1191 3895 1438 3964 loquutus
1469 3910 1578 3947 sum
1598 3932 1614 3958 ,
1647 3893 1786 3946 testi-

206 3996 439 4050 monium
462 3992 664 4062 perhibe
683 3993 744 4044 tle
774 3989 906 4043 malo
929 4006 946 4053 ;
976 3990 1019 4043 si
1047 3997 1215 4041 autem
1245 3988 1365 4041 bene
1386 4025 1402 4051 ,
1431 3987 1550 4053 quid
1581 4002 1657 4040 me
1686 4000 1786 4039 cte-

209 4088 296 4142 dis
324 4084 502 4158 (Joan.
534 4083 621 4139 18.
649 4081 788 4153 εδμ
819 4080 1010 4134 Verum
1038 4079 1153 4135 hzcc
1177 4080 1403 4159 inimicis
1431 4089 1484 4132 et
1510 4078 1788 4132 insidiato-

211 4178 367 4233 ribus
408 4174 558 4231 dixit.
593 4169 876 4227 Videamus
904 4180 1111 4235 autem,
1145 4169 1269 4240 quid
1297 4182 1435 4223 nunc
1479 4168 1785 4238 faciaterga

209 4264 527 4335 discipulos;
551 4267 657 4317 imo
673 4277 791 4330 qua:
814 4275 953 4315 nunc
973 4259 1225 4315 exhibeat
1244 4272 1366 4328 erga
1398 4257 1782 4313 insidiatorem.

210 4358 320 4425 Qui
351 4356 493 4411 enim
522 4352 759 4409 omnium
813 4352 1039 4407 maxime
1077 4350 1199 4406 odio
1230 4349 1422 4420 dignus
1463 4358 1614 4416 erat,
1666 4348 1787 4419 quia

212 4462 341 4504 cum
370 4444 663 4515 discipulus
692 4452 745 4497 et
774 4455 971 4497 mensae
1017 4454 1238 4496 consors
1267 4448 1409 4495 esset
1434 4480 1447 4502 ,
1475 4454 1595 4493 cum
1625 4439 1791 4492 mira-

210 4537 339 4594 cula
364 4535 624 4600 vidisset,
656 4541 707 4587 et
737 4541 814 4586 tot
860 4532 1108 4602 dignatus
1130 4540 1275 4585 esset
1305 4530 1618 4585 muneribus
1640 4571 1653 4594 ,
1691 4530 1790 4584 de-

213 4626 434 4684 terrima
463 4625 698 4679 omnium
727 4622 849 4677 fecit
876 4640 889 4675 :
919 4636 1023 4675 non
1051 4620 1312 4687 lapidibus
1331 4660 1347 4687 ,
1381 4636 1487 4674 non
1518 4629 1796 4675 contume-

212 4720 306 4773 liis
354 4716 612 4785 impetiit,
657 4714 750 4768 sed
782 4713 928 4767 illum
976 4712 1206 4781 prodidit
1251 4729 1263 4764 :
1318 4712 1457 4766 hunc
1502 4726 1626 4765 vero
1672 4710 1792 4765 vide

212 4823 383 4880 quam
424 4807 653 4876 benigne
693 4805 942 4874 excipiat.
996 4803 1146 4857 Lavit
1196 4803 1312 4872 ejus
1360 4801 1558 4871 pedes,
1607 4812 1665 4855 ut
1694 4801 1797 4855 hoc

214 4899 401 4957 ofﬁcio
433 4901 603 4966 ipsum
635 4896 911 4953 cohiberet
952 4911 981 4950 a
1010 4903 1151 4949 tanta
1184 4896 1440 4965 nequitia.
1488 4895 1645 4966 Atqui
1694 4911 1792 4965 po-

215 4997 366 5045 terat
391 4989 563 5057 ipsum
590 4988 725 5041 sicut
756 4986 910 5040 ficum
961 4985 1258 5050 arefacere,
1290 4988 1333 5039 si
1378 4985 1671 5053 voluisset,
1710 4985 1795 5041 vel

217 5077 528 5135 discindere
572 5075 710 5130 sicut
735 5085 912 5144 petras
937 5073 1183 5139 discidit,
1210 5084 1265 5129 et
1292 5076 1430 5129 sicut
1461 5074 1585 5129 item
1617 5076 1793 5133 velum

216 5168 407 5237 templi
452 5166 681 5222 discidit.
728 5165 923 5220 Verum
951 5166 1123 5220 noluit
1152 5167 1230 5231 vi,
1276 5166 1369 5221 sed
1401 5169 1671 5236 proposito
1700 5183 1795 5223 vo-

215 5258 443 5313 lnntatis
470 5270 497 5308 a
531 5255 825 5324 proditione
847 5254 1130 5310 abducere.
1164 5254 1287 5310 Ideo
1319 5256 1443 5310 lavit
1473 5258 1588 5324 ejus
1613 5257 1792 5327 pedes.

212 5350 408 5418 Neque
448 5347 550 5401 hac
572 5346 640 5401 de
684 5362 741 5399 re
768 5347 978 5401 erubuit
1002 5346 1184 5401 infelix
1230 5355 1285 5402 et
1315 5349 1477 5403 miser
1506 5350 1613 5404 ille.
1663 5354 1797 5405 Ante

211 5442 357 5496 diem
399 5441 580 5508 festum
621 5436 835 5491 l’aschte
862 5478 877 5501 ,
907 5437 1096 5505 inquit,
1124 5439 1284 5493 sciens
1317 5438 1468 5494 Iesus
1507 5443 1626 5509 quia
1668 5443 1795 5497 venit

214 5534 351 5589 liora
380 5532 511 5600 ejus.
555 5528 667 5584 Non
701 5540 827 5583 tunc
873 5530 1100 5598 primum
1140 5533 1324 5597 scivit,
1363 5534 1459 5588 sed
1507 5548 1627 5590 cum
1673 5535 1795 5591 fecit

217 5623 273 5679 id
309 5622 450 5693 quod
485 5621 608 5678 fecit
629 5662 642 5683 ,
669 5621 775 5689 jam
808 5621 933 5675 olim
966 5623 1186 5678 sciebat.
1214 5623 1282 5680 Ut
1309 5636 1551 5680 transeat.
1592 5626 1795 5699 Magni-

216 5715 326 5769 ficc
370 5712 691 5782 evangelista
736 5715 1015 5767 transitum
1044 5714 1158 5784 ejus
1187 5725 1411 5772 mortem
1445 5727 1618 5773 vocat.
1668 5719 1796 5775 Cum

213 5805 483 5859 dilexisset
522 5820 661 5865 suos,
690 5806 742 5856 in
778 5807 930 5871 ﬁnem
962 5806 1138 5860 dilexit
1162 5824 1265 5863 eos.
1300 5809 1487 5866 V'ideu'
1529 5814 1795 5881 quomodo

541 5902 810 5967 Parnm.
860 5908 974 5966 Gn.
1032 5910 1189 5970 LIX.

1889 1976 2177 2033 relicturus
2226 1992 2320 2033 eos
2373 1979 2829 2035 vehementiorem
2885 1996 3124 2036 amorem
3176 1982 3472 2037 cxhilmat?

1886 2066 2017 2124 lllud
2049 2070 2189 2124 enim
2209 2112 2222 2137 ,
2254 2069 2379 2125 Cum
2407 2071 2666 2127 dilexisset
2694 2089 2835 2137 suos,
2870 2073 2923 2127 in
2952 2074 3105 2142 ﬁnem
3136 2073 3315 2129 dilexit
3344 2090 3429 2128 eos
3454 2116 3469 2136 ,

1885 2159 1990 2216 hoc
2010 2162 2271 2233 significat
2303 2181 2315 2217 :
2350 2164 2479 2218 nihil
2504 2166 2846 2234 praetermisit
2875 2181 3062 2222 eorum
3084 2182 3202 2236 quae
3223 2167 3427 2222 ardenti
3448 2182 3476 2221 r

1883 2265 2151 2314 amantem
2182 2266 2396 2325 Oportet
2440 2255 2638 2313 facere.
2684 2258 2792 2313 Cur
2841 2275 2946 2313 non
2991 2273 3019 2311 a
3066 2259 3329 2329 principio
3374 2259 3476 2314 hoc

1887 2344 2012 2400 fecit
2038 2344 2060 2398 ?
2089 2345 2286 2416 Maiora
2317 2336 2370 2402 in
2407 2356 2660 2404 extremo
2687 2348 2833 2415 facit,
2865 2357 2923 2404 ut
2964 2362 3151 2404 eorum
3196 2350 3472 2403 caritatem

1886 2446 2097 2508 augeat,
2126 2449 2180 2493 et
2224 2453 2473 2510 magnum
2506 2439 2658 2495 indat
2711 2441 2949 2495 animum
2980 2439 3047 2495 ad
3094 2441 3264 2495 futura
3297 2438 3476 2509 perfe-

1888 2528 2049 2583 renda
2079 2529 2239 2583 mala.
2263 2528 2402 2585 Suos
2428 2539 2607 2586 autem
2635 2530 2765 2587 dicit
2785 2530 3079 2586 secundum
3104 2530 3477 2588 familiaritatis

1887 2618 2187 2686 rationem;
2241 2635 2360 2673 nam
2393 2629 2447 2675 et
2476 2620 2612 2676 alios
2641 2634 2770 2677 suos
2800 2628 2956 2676 vocat
2988 2621 3285 2677 secundum
3317 2636 3474 2676 crea-

1887 2709 2082 2771 tiﬂncm
2111 2727 2126 2773 ;
2156 2718 2211 2763 ut
2239 2725 2357 2764 cum
2392 2710 2542 2777 dicit,
2578 2710 2676 2766 Sui
2705 2715 2817 2765 eum
2844 2728 2946 2766 non
2969 2720 3265 2783 receperunt
3292 2710 3473 2782 (Joan.

1890 2799 2084 2868 1.“).
2138 2798 2274 2866 Quid
2320 2801 2419 2856 sibi
2472 2801 2585 2855 vult
2614 2800 2764 2866 illud,
2803 2800 2904 2868 Qui
2946 2813 3093 2855 erant
3138 2802 3191 2854 in
3234 2800 3478 2854 mundo?

1886 2889 2017 2957 Quia
2045 2892 2124 2946 sui
2158 2902 2312 2947 erant
2340 2893 2499 2949 etiam
2524 2894 2738 2960 mortui,
2772 2893 3066 2959 Abraham,
3094 2891 3261 2958 Isaac,
3284 2892 3474 2958 Jacob,

1889 2982 2126 3053 ipsiSque
2147 2984 2347 3041 similes
2375 3000 2388 3051 ;
2421 2984 2515 3039 sed
2548 2985 2598 3037 hi
2623 2998 2729 3039 non
2756 2985 2806 3038 in
2836 2984 3037 3040 mundo
3063 2993 3237 3039 erant.
3288 2982 3480 3039 Viden‘

1888 3087 2009 3128 eum
2037 3087 2155 3128 esse
2182 3073 2347 3133 Deum
2372 3086 2426 3128 ct
2457 3075 2652 3130 veteris
2681 3083 2735 3129 et
2762 3088 2916 3130 novae
2937 3072 3114 3145 legis?
3142 3072 3280 3139 Quid
3309 3073 3478 3145 signi-

1890 3164 2013 3218 ficat
2042 3162 2190 3231 illud,
2228 3162 2292 3217 In
2320 3165 2471 3233 [incm
2498 3164 2675 3218 dilexit
2702 3165 2829 3219 eos?
2878 3163 2932 3218 ld
2959 3173 3062 3231 est,
3092 3178 3273 3219 amare
3295 3179 3478 3235 perse-

1888 3254 2128 3322 veravit,
2163 3268 2227 3309 ac
2255 3254 2509 3310 ferventis
2558 3255 2758 3310 amoris
2788 3255 2998 3325 signum
3033 3256 3135 3310 hoc
3165 3269 3287 3310 esse
3326 3255 3475 3309 dicit.

1886 3343 2049 3412 Atqui
2096 3343 2236 3398 aliud
2287 3344 2410 3399 alibi
2438 3345 2685 3407 dixerat,
2718 3344 2949 3405 animam
2975 3359 3129 3400 suam
3175 3360 3234 3400 se
3279 3359 3479 3415 ponere

1890 3450 1989 3506 pro
2028 3436 2215 3491 amicis
2264 3437 2397 3492 suis.
2442 3436 2547 3494 Sed
2588 3438 2824 3493 nondum
2875 3437 2996 3493 hoc
3023 3437 3305 3494 acciderat.
3355 3436 3481 3493 -Cur

1891 3536 2070 3583 autem
2097 3526 2198 3582 hoc
2221 3544 2361 3585 nunc
2390 3529 2550 3585 fecit?
2579 3528 2710 3598 Quia
2736 3530 2788 3585 id
2812 3530 2970 3601 longe
2997 3529 3294 3585 mirabilius
3324 3541 3440 3585 erat
3460 3571 3475 3597 ,

1891 3618 2103 3689 quando
2134 3633 2238 3674 tam
2266 3612 2589 3691 conspicuus
2619 3621 2756 3691 apud
2790 3635 2983 3677 omnes
3003 3635 3124 3678 esse
3152 3621 3435 3678 videbatur
3461 3664 3477 3687 ,

1892 3724 1993 3765 nec
2015 3725 2228 3780 parvam
2256 3711 2680 3768 consolationem
2701 3704 3058 3769 abscessurus
3082 3712 3322 3784 reliquit.
3347 3712 3478 3780 Quia

1894 3802 2035 3855 enim
2068 3802 2120 3856 in
2149 3816 2381 3857 maerore
2414 3802 2718 3858 vehementi
2751 3802 2914 3859 futuri
2950 3811 3129 3871 erant,
3164 3819 3344 3874 parem
3380 3804 3482 3859 illis

1894 3893 2315 3949 consolationem
2349 3893 2571 3949 inducit.
2598 3894 2654 3948 ἓ.
2692 3892 2755 3948 Et
2782 3910 2923 3949 coma
2948 3899 3086 3965 facta
3109 3934 3125 3960 ,
3154 3911 3267 3949 cum
3307 3895 3484 3949 diabo-

1896 3980 1975 4036 lus
2012 3984 2126 4051 jam
2166 3984 2380 4039 misisset
2409 3984 2462 4038 in
2487 4000 2573 4038 cor
2602 4025 2617 4052 ,
2650 3993 2707 4037 ut
2736 3986 2954 4039 traderet
2993 4002 3105 4040 eum
3133 3983 3169 4039 J
3174 3986 3323 4040 udas.
3370 3985 3483 4041 Hoc

1895 4072 2028 4129 dicit
2058 4075 2333 4144 perculsus
2360 4076 2687 4146 evangelista
2714 4118 2729 4142 ,
2764 4090 2988 4132 narrans
3018 4091 3288 4147 quomooo
3318 4078 3486 4149 pedes

1897 4163 2033 4233 ejus,
2062 4164 2150 4236 qui
2184 4167 2357 4237 ipsum
2383 4168 2607 4237 prodere
2629 4168 2954 4231 instituerat,
2978 4168 3190 4225 laverit.
3214 4167 3484 4240 lugentem

1900 4271 2059 4325 porro
2084 4256 2201 4327 ejus
2228 4259 2521 4327 nequitiam
2550 4259 2808 4327 ostendit,
2838 4258 2980 4330 quod
3010 4274 3109 4316 nec
3136 4274 3336 4315 mensa:
3365 4274 3487 4315 con-

1899 4349 2121 4403 sortium
2171 4348 2344 4420 ipsum
2395 4348 2738 4417 cohibuerit,
2769 4365 2890 4421 qua:
2933 4365 3021 4406 res
3069 4351 3302 4406 maxime
3347 4352 3489 4406 solet

1902 4440 2154 4494 malitiam
2206 4441 2523 4507 continere,
2555 4456 2655 4497 nec
2700 4441 2931 4497 suaserit
2974 4442 3052 4496 illi
3104 4454 3163 4497 ut
3207 4458 3377 4514 usque
3419 4444 3487 4499 ad

1902 4530 2145 4585 ultimum
2176 4530 2319 4586 diem
2369 4546 2490 4586 cum
2534 4531 2788 4603 Magistro
2817 4546 2876 4589 sc
2905 4542 3193 4603 superante
3226 4544 3486 4591 maneret.

1899 4622 1951 4677 3.
1986 4622 2165 4677 Sciens
2193 4631 2361 4676 autem
2383 4622 2556 4691 Iesus,
2579 4624 2698 4694 quia
2727 4625 2898 4678 omnia
2938 4623 3152 4677 tradidit
3176 4625 3223 4678 ei
3252 4623 3407 4679 Pater
3434 4626 3489 4680 in

1898 4728 2112 4778 manus,
2146 4722 2194 4767 et
2221 4716 2343 4783 quia
2382 4730 2415 4768 a
2440 4713 2551 4769 Deo
2579 4716 2761 4782 exivit,
2788 4724 2835 4771 et
2861 4716 2931 4769 ad
2977 4704 3141 4770 Deum
3179 4718 3340 4772 radit.
3390 4717 3491 4774 Hic

1901 4803 2060 4858 etiam
2094 4802 2444 4859 mirabundus
2493 4803 2619 4860 dicit
2656 4822 2668 4855 :
2699 4804 2831 4859 Cum
2865 4814 3043 4860 tantus
3076 4816 3131 4862 et
3161 4806 3280 4862 talis
3306 4802 3486 4871 esset,

1900 4895 2044 4963 quia
2074 4894 2184 4949 Deo
2210 4895 2453 4961 exierat,
2483 4904 2537 4951 et
2580 4897 2645 4949 ad
2698 4896 2867 4951 Deum
2909 4897 3053 4959 ibat,
3102 4898 3192 4967 qui
3240 4899 3493 4952 omnibus

1901 4985 2227 5053 imperabat,
2258 4984 2359 5039 hoc
2385 4994 2560 5041 tamen
2588 4984 2731 5052 fecit,
2764 5001 2863 5042 nec
2886 4984 3203 5057 dedignatus
3241 4996 3324 5043 cst
3377 5004 3491 5044 rem

1904 5077 2061 5131 talem
2098 5076 2337 5148 aggredi.
2365 5076 2501 5132 Cum
2546 5078 2831 5134 tradidisse
2861 5080 2956 5147 ait,
2984 5091 3039 5133 ut
3070 5088 3219 5151 puto,
3252 5080 3491 5137 fldehum

1900 5169 2126 5224 salutem
2154 5169 2389 5238 respicit.
2420 5168 2553 5223 Nam
2594 5184 2715 5223 cum
2742 5170 2891 5235 dicit,
2925 5170 3114 5225 Omnia
3152 5172 3279 5225 mihi
3305 5172 3492 5225 tradita

1901 5272 2019 5316 sunt
2046 5279 2077 5315 a
2111 5260 2268 5315 Patre
2293 5278 2405 5315 meo
2452 5261 2666 5333 (Matth.
2714 5263 2802 5317 ll.
2851 5262 2967 5331 27),
3000 5266 3069 5318 de
3117 5261 3219 5318 hoc
3248 5263 3490 5318 tradendi

1899 5368 2097 5423 genere
2127 5354 2380 5423 loquitur,
2412 5364 2470 5408 ut
2510 5362 2564 5408 et
2606 5353 2734 5408 alibi
2765 5354 2839 5407 ait
2871 5372 2884 5407 :
2935 5352 3035 5408 Tui
3063 5364 3208 5410 erant
3235 5397 3250 5423 ,
3276 5367 3326 5412 et
3366 5355 3491 5408 mihi

1900 5463 1985 5502 eos
2012 5446 2191 5501 dedisti
2220 5446 2397 5519 (Joan.
2429 5447 2516 5501 l7.
2547 5444 2637 5520 6);
2669 5456 2723 5501 et
2750 5462 2988 5514 rursum,
3021 5446 3190 5502 Nemo
3216 5458 3378 5521 potest
3403 5462 3490 5503 ω-

1902 5539 2009 5592 nire
2036 5538 2105 5591 ad
2134 5555 2212 5593 me
2235 5580 2249 5599 ,
2279 5536 2568 5592 nisi'Paler
2594 5540 2804 5593 traxerit
2853 5557 3005 5605 etmt;
3034 5551 3121 5607 et,
3154 5540 3273 5596 Nisi
3314 5541 3489 5594 datum

1900 5632 1965 5683 sit
1994 5630 2039 5684 ei
2067 5632 2129 5684 de
2165 5630 2290 5684 calo
2330 5628 2494 5700 (Ibid.
2524 5629 2577 5685 6.
2610 5632 2699 5696 M;
2733 5644 2778 5685 et
2805 5633 2859 5689 3.
2892 5630 3007 5704 27).
3051 5632 3150 5688 Vel
3193 5634 3293 5688 hoc
3318 5632 3485 5693 dicit,

1902 5725 1983 5777 vel
2016 5738 2074 5778 se
2097 5723 2225 5777 nihil
2254 5738 2321 5778 ex
2356 5724 2459 5778 hoc
2484 5724 2833 5780 minuendum
2863 5739 3007 5793 esse,
3035 5727 3125 5797 qui
3152 5741 3181 5780 a
3209 5726 3317 5781 Deo
3336 5724 3489 5781 exie-

1901 5816 2011 5881 rit,
2039 5814 2106 5870 sd
2140 5814 2308 5870 Deum
2340 5814 2496 5870 vadat
2532 5825 2587 5871 et
2613 5816 2792 5871 omnia
2837 5816 3131 5873 contineat.
3180 5816 3314 5871 Cum
3355 5829 3483 5869 vero

3078 5918 3157 5978 24
