4092 6496
677 427 783 484 383

691 537 822 594 illud
851 537 1055 594 tradere
1093 535 1276 602 audis,
1309 534 1441 592 nihil
1467 536 1754 592 humanum
1792 535 2116 608 suspiceris:
2142 534 2240 589 lto-

681 643 865 684 norem
891 628 1030 683 enim
1052 626 1195 682 Patri
1221 624 1488 682 redditum
1514 635 1570 683 et
1587 626 1930 683 concordiam
1959 623 2235 695 signilicat.

675 719 825 774 Sicut
853 718 992 773 enim
1025 718 1182 772 Pater
1236 718 1335 788 ipsi
1383 717 1541 774 tradit
1571 759 1588 785 ,
1620 719 1697 772 sic
1737 718 1850 786 ipse
1874 715 2053 780 Patri;
2094 715 2239 786 quod

674 811 909 866 declarat
947 811 1147 866 Paulus
1170 810 1385 877 dicens,
1417 810 1544 866 Cum
1585 808 1846 862 tradiderit
1884 824 2094 879 regnum
2133 805 2240 862 Deo

669 911 719 958 et
749 903 892 956 Patri
933 903 1006 974 (ι.
1039 901 1157 957 Cor.
1193 903 1278 957 l5.
1306 899 1421 973 24).
1453 900 1550 956 Hic
1575 907 1753 954 autem
1778 898 2073 953 humaniori
2093 911 2240 954 more

669 991 906 1060 loquitur
928 1033 944 1057 ,
977 989 1293 1046 ineifabilem
1332 1005 1454 1062 erga
1496 989 1616 1044 illos
1640 988 1899 1044 exhibens
1922 989 2194 1044 caritatem
2221 1029 2235 1054 ,

671 1095 898 1149 quorum
923 1094 1104 1136 curam
1133 1087 1193 1134 ut
1216 1093 1432 1134 suorum
1458 1078 1710 1149 gerebat,
1741 1078 1942 1134 docens
1981 1078 2104 1133 illos
2133 1077 2237 1132 hu-

671 1172 949 1227 militatem
997 1179 1221 1227 matrem
1271 1171 1569 1237 bonorum,
1625 1185 1784 1242 quam
1831 1179 1888 1227 et
1934 1169 2140 1226 initium
2184 1177 2241 1225 et

665 1263 836 1318 ‘ilnem
884 1263 1096 1318 virtutis
1133 1277 1255 1318 esse
1284 1263 1430 1318 dicit.
1475 1262 1585 1318 Nec
1614 1271 1815 1319 temere
1840 1262 1982 1334 jacet
2015 1261 2163 1328 illud,
2191 1261 2237 1316 Δ

674 1353 778 1408 Deo
804 1355 982 1420 exivit,
1009 1363 1054 1408 et
1083 1354 1151 1407 ad
1177 1353 1336 1408 Deum
1365 1355 1538 1418 vadit;
1564 1354 1660 1409 sed
1687 1363 1745 1409 ut
1769 1339 2034 1410 discamus
2062 1352 2234 1422 ipsum

671 1443 828 1513 digna
876 1441 1066 1498 iecisse
1089 1442 1206 1514 ejus
1233 1443 1325 1514 qui
1356 1443 1500 1499 illinc
1526 1444 1744 1499 exiisset
1767 1450 1822 1499 et
1862 1443 1986 1498 illuc
2015 1441 2196 1497 ivisset
2214 1482 2232 1508 ,

664 1549 989 1605 omnemque
1015 1533 1204 1588 fastum
1231 1533 1646 1590 conculcavisse.
1673 1535 1725 1590 4.
1756 1534 1822 1588 Et
1846 1549 1961 1588 cum
1985 1533 2234 1588 sarracis-

671 1635 744 1678 set
769 1641 800 1676 a
825 1640 964 1678 rana
982 1665 997 1690 ,
1029 1624 1204 1692 positis
1230 1623 1460 1678 restibus.

729 1715 787 1768 2.
836 1712 962 1768 Vide
987 1711 1254 1782 quomodo
1293 1727 1396 1766 non
1432 1712 1654 1767 lavando
1680 1714 1890 1776 solum,
1931 1712 2023 1768 sed
2053 1721 2107 1767 et
2129 1713 2236 1768 alio

664 1817 874 1872 quoque
901 1801 1058 1858 modo
1087 1802 1440 1877 humilitatem
1467 1802 1733 1858 exhibeat.
1762 1801 1876 1858 Non
1899 1801 2042 1857 enim
2083 1811 2234 1856 ante-

663 1909 822 1963 quam
842 1894 1197 1956 recumberet.
1217 1893 1312 1950 sed
1328 1902 1815 1964 postquam-omnes
1843 1893 2233 1959 recubuissent,

666 1993 792 2038 tunc
833 1985 1087 2039 surrexit.
1115 1981 1319 2038 Deinde
1347 1998 1450 2036 non
1479 1983 1649 2036 solum
1677 1982 1815 2036 lavat
1844 2023 1859 2048 ,
1905 1981 1998 2037 sed
2052 1982 2233 2051 positis

665 2073 919 2128 vestibus.
947 2073 1129 2142 Neque
1173 2071 1256 2128 his
1291 2081 1568 2127 contentus
1592 2115 1606 2139 ,
1649 2073 1813 2128 linteo
1852 2087 1908 2127 se
1938 2072 2231 2142 praecinxit.

665 2163 844 2233 Neque
874 2163 924 2218 id
964 2165 1093 2219 satis
1119 2162 1330 2230 habuit,
1364 2162 1454 2217 sed
1485 2165 1595 2232 ipse
1623 2162 1814 2232 pelvim
1848 2163 2104 2233 implevit,
2135 2178 2229 2217 ne-

665 2269 764 2322 que
804 2253 952 2307 atteri
999 2253 1316 2322 implendam
1347 2253 1599 2317 tradidit,
1632 2253 1725 2308 sed
1753 2252 1867 2308 haec
1918 2254 2096 2308 omnia
2118 2253 2231 2322 ipse

660 2341 787 2396 facit
817 2359 830 2393 :
867 2341 952 2396 his
990 2342 1234 2396 omnibus
1263 2342 1548 2398 ostendens
1585 2342 1699 2398 haec
1738 2357 1841 2398 non
1875 2343 2232 2413 perfunctorie

664 2432 819 2487 nobis
845 2447 964 2488 esse
1007 2432 1241 2488 facienda
1271 2475 1285 2498 ,
1320 2448 1438 2487 cum
1476 2443 1619 2488 recte
1661 2433 1878 2490 facimus
1907 2474 1920 2498 ,
1975 2433 2066 2488 sed
2111 2449 2231 2488 cum

661 2523 806 2577 omni
835 2523 1100 2594 diligentia
1131 2533 1184 2578 et
1212 2525 1502 2582 alacritate.
1541 2524 1764 2580 Videtur
1808 2539 1968 2596 porro
2009 2525 2138 2580 mihi
2167 2527 2233 2582 il-

662 2615 770 2670 lum
803 2615 1089 2684 proditoris
1119 2617 1345 2686 primum
1370 2617 1563 2672 lavisse
1589 2617 1778 2686 pedes,
1816 2617 1955 2689 quod
1985 2618 2181 2673 dixerit
2219 2661 2231 2684 ,

663 2705 714 2758 5.
748 2703 906 2774 Coepit
946 2707 1115 2760 lauare
1141 2708 1289 2776 pedes
1317 2707 1681 2774 discipulorum
1707 2724 1725 2762 :
1753 2716 1806 2764 et
1843 2709 2107 2764 addiderit
2133 2752 2146 2774 ,
2178 2709 2231 2764 ϐ.

674 2793 816 2848 Venit
846 2795 914 2848 ad
936 2794 1194 2852 Simonem
1218 2795 1444 2862 Petrum,
1479 2799 1563 2869 qui
1591 2799 1711 2851 dicit
1731 2799 1776 2851 ei
1798 2816 1816 2854 .'
1841 2798 1920 2854 Tu
1954 2800 2076 2853 mihi
2099 2801 2232 2854 lavas

665 2884 812 2953 pedes
832 2885 858 2938 7
881 2883 975 2940 llis
1014 2887 1278 2951 manibus,
1310 2887 1496 2956 inquit,
1532 2887 1722 2956 quibus
1746 2888 1928 2944 oculos
1953 2889 2228 2959 aperuisti,

663 2976 906 3043 leprosos
935 2975 1199 3031 mundasti
1223 3017 1238 3043 ,
1270 2986 1504 3034 mortuos
1548 2979 1814 3034 suscitasti
1835 2979 1860 3030 ?
1891 2979 2011 3035 llaec
2038 2980 2232 3050 quippe

658 3078 906 3133 magnam
933 3064 1130 3120 habent
1169 3065 1462 3135 emphasim
1489 3083 1502 3120 :
1531 3081 1694 3135 quare
1723 3080 1826 3121 non
1848 3066 1950 3120 alio
1975 3081 2108 3138 opus
2139 3067 2234 3122 ha-

668 3153 818 3217 buit,
846 3167 1002 3222 quam
1030 3154 1118 3208 illa
1148 3169 1297 3221 voce,
1329 3154 1408 3210 Tu
1428 3196 1442 3223 ,
1474 3169 1592 3226 qua:
1620 3170 1715 3226 per
1741 3170 1799 3210 se
1827 3165 1992 3212 totum
2028 3157 2231 3227 signiﬁ-

657 3251 769 3298 cat.
818 3243 948 3300 lure
987 3255 1163 3299 autem
1211 3259 1460 3314 quaeras:
1501 3246 1610 3302 Cur
1657 3247 1834 3303 nullus
1880 3247 2018 3303 alius
2062 3248 2232 3318 ipsum

664 3333 916 3399 cohibuit,
951 3334 1049 3389 nisi
1090 3334 1280 3390 Petrus
1303 3376 1319 3402 ,
1351 3334 1489 3405 quod
1535 3350 1638 3391 non
1671 3337 1815 3406 parvi
1840 3340 2037 3393 amoris
2076 3351 2232 3393 reve-

663 3427 955 3497 rentitnque
977 3425 1187 3498 signum
1214 3425 1357 3482 fuit?
1387 3426 1499 3495 Qua
1530 3441 1656 3498 ergo
1684 3427 1750 3482 de
1777 3441 1936 3484 causa
1964 3428 1989 3482 τ
2015 3427 2234 3483 Videtur

663 3515 796 3571 mihi
844 3516 1016 3586 primo
1065 3515 1354 3587 proditoris
1407 3516 1571 3588 pedes
1616 3519 1884 3586 abluisse;
1932 3519 2127 3576 deinde
2163 3519 2228 3575 ad

661 3607 880 3665 Petrum
907 3608 1117 3666 venisse
1139 3649 1155 3674 ,
1183 3609 1420 3680 aliosque
1440 3610 1693 3680 deinceps
1721 3611 2018 3667 admonitos
2045 3611 2228 3669 fuisse.

661 3699 814 3767 Quod
845 3700 985 3757 enim
1014 3699 1175 3755 alium
1219 3699 1516 3771 quempiam
1567 3711 1689 3756 ante
1721 3702 1864 3756 illum
1888 3701 2113 3766 laverit,
2138 3717 2231 3772 pa-

657 3789 766 3844 lam
794 3797 876 3845 est
902 3803 968 3845 ex
996 3788 1082 3845 his
1125 3789 1302 3844 verbis
1325 3829 1342 3856 ,
1372 3791 1500 3844 Cum
1527 3801 1703 3852 autem
1732 3792 1875 3846 venit
1901 3790 1967 3846 ad
1992 3791 2227 3846 Petrum.

659 3877 769 3934 Sed
797 3893 904 3934 non
947 3887 1031 3935 est
1067 3878 1355 3935 vehemens
1399 3889 1678 3934 accusator
1707 3881 2048 3951 evangelista.
2099 3879 2230 3936 illud

654 3969 838 4036 enim,
888 3967 1046 4040 Carpit
1073 4011 1089 4037 ,
1133 3967 1235 4024 hoc
1271 3968 1588 4024 subiudicat.
1635 3969 1851 4024 Etiamsi
1885 3983 2015 4025 vero
2045 3969 2231 4025 Petrus

667 4063 869 4128 primus
896 4069 1037 4116 esset
1057 4100 1072 4122 ,
1115 4058 1400 4114 verisimile
1431 4070 1511 4114 est
1544 4059 1886 4130 proditorem,
1913 4069 2095 4129 utpote
2133 4075 2228 4130 pe-

654 4151 942 4212 tulantem,
964 4158 1088 4205 ante
1110 4150 1450 4220 coryplueum
1478 4150 1807 4205 accubuisse.
1836 4150 2064 4205 Aliunde
2085 4165 2230 4204 nam-

661 4257 766 4310 que
800 4242 916 4310 ejus
953 4241 1240 4312 petulantia
1277 4241 1684 4310 dignosccbatur
1707 4283 1722 4306 ,
1771 4240 1982 4310 quando
2018 4241 2229 4295 intinxit

659 4348 783 4386 cum
820 4333 1084 4404 Magistro,
1117 4341 1166 4388 et
1198 4335 1409 4402 quando
1437 4332 1789 4402 reprehensus
1829 4347 1932 4387 non
1973 4347 2228 4400 compun-

665 4430 780 4476 ctus
814 4431 912 4476 est.
963 4422 1150 4476 Petrus
1175 4431 1349 4477 autem
1387 4421 1494 4491 jam
1521 4421 1685 4476 semel
1716 4432 1867 4476 antea
1895 4423 2192 4490 increpatus
2216 4463 2230 4487 ,

669 4511 757 4578 qui
792 4509 878 4563 illa
909 4524 973 4564 ex
997 4509 1195 4565 amoris
1225 4509 1556 4566 vehementia
1586 4508 1827 4576 dixerat,
1860 4510 1930 4563 ita
1957 4523 2230 4580 repressus

668 4607 772 4664 est,
804 4607 859 4652 ut
884 4599 1071 4654 anxius
1107 4609 1160 4653 et
1187 4609 1416 4654 tremens
1457 4598 1625 4652 altero
1659 4613 1792 4668 opus
1819 4589 2036 4654 haberet
2059 4599 2123 4654 ad
2151 4600 2231 4654 in-

661 4687 1076 4757 terrogandum;
1107 4687 1194 4742 hic
1233 4701 1357 4742 vero
1391 4701 1532 4756 saepe
1572 4687 1928 4755 reprehensus
1957 4701 2023 4742 ne
2066 4689 2233 4742 sensit

664 4777 896 4845 quidem.
925 4776 1056 4830 Cum
1085 4791 1210 4845 ergo
1250 4777 1482 4831 venisset
1522 4775 1588 4832 ad
1620 4776 1832 4837 Petrum
1855 4817 1872 4844 ,
1904 4777 2038 4831 Dicit
2057 4779 2100 4832 ei
2131 4775 2230 4831 Pe-

661 4877 769 4918 trus
792 4881 810 4918 :
843 4864 1054 4919 Domine
1078 4905 1092 4929 ,
1126 4875 1176 4918 tu
1208 4865 1328 4919 mihi
1354 4867 1494 4920 lavas
1537 4868 1682 4936 pedes
1708 4865 1732 4919 .’
1762 4866 1816 4920 7.
1847 4867 2122 4937 Respondit
2150 4867 2230 4922 ei:

667 4954 817 5019 Quod
841 4970 929 5025 ego
959 4955 1092 5026 facio
1121 4963 1173 5006 tu
1202 4956 1360 5009 nescis
1384 4956 1530 5009 modo
1550 4995 1564 5020 ,
1589 4955 1708 5009 scies
1737 4965 1902 5010 autem
1932 4966 2104 5025 postea
2128 4971 2145 5009 :
2178 4957 2228 5010 id

663 5054 766 5110 est,
789 5055 1041 5115 quantum
1090 5045 1214 5099 hinc
1240 5045 1371 5099 lucri
1397 5085 1412 5110 ,
1442 5055 1687 5113 quantam
1735 5046 1990 5100 doctrina:
2029 5046 2226 5100 utilita-

664 5146 794 5198 tem,
824 5144 878 5188 et
901 5145 1150 5205 quantam
1177 5135 1277 5190 hoc
1304 5135 1370 5190 ad
1399 5135 1741 5189 humilitatem
1765 5152 1862 5191 nos
1888 5137 2083 5192 ducere
2104 5153 2229 5207 pos-

663 5227 754 5280 sit.
798 5226 932 5292 Quid
973 5239 1099 5296 ergo
1127 5227 1314 5282 Petrus
1340 5226 1364 5279 ?
1389 5225 1575 5280 Adhuc
1624 5227 1838 5283 cohibet
1875 5236 1929 5282 et
1971 5227 2136 5282 dicit:
2175 5229 2227 5284 8.

663 5313 784 5368 Non
805 5315 995 5369 locabis
1025 5316 1144 5368 mihi
1163 5316 1309 5385 pedes
1330 5317 1382 5370 in
1410 5326 1669 5370 cternnm.
1691 5317 1825 5383 Quid
1852 5317 2000 5383 facis,
2032 5318 2232 5373 Petre?

660 5419 766 5460 n'on
805 5404 1102 5461 recordaris
1141 5420 1322 5460 eorum
1368 5423 1486 5477 qum
1516 5407 1661 5476 prius
1687 5408 1822 5462 dicta
1849 5409 2015 5463 sunt?
2041 5412 2228 5463 Annon

662 5509 783 5548 cum
809 5494 1010 5559 dixisti,
1046 5492 1304 5563 PrOpitius
1331 5505 1436 5550 esto
1458 5496 1567 5558 tibi,
1600 5495 1815 5562 audisti,
1844 5495 1982 5551 Vade
2004 5505 2111 5565 post
2131 5513 2228 5565 me,

661 5584 884 5638 satana?
935 5598 1106 5653 neque
1150 5585 1416 5654 resipiscis
1439 5627 1454 5653 ,
1499 5585 1590 5639 sed
1622 5585 1795 5640 adhuc
1822 5586 2105 5641 vehemens
2131 5587 2231 5641 es?

669 5673 864 5740 Etiam,
896 5674 1102 5744 inquit:
1127 5688 1212 5729 res
1232 5677 1370 5730 enim
1392 5691 1581 5746 magna
1612 5686 1662 5731 et
1695 5687 1915 5746 stupore
1943 5677 2093 5747 plena
2122 5679 2230 5748 agi-

668 5775 771 5820 tur.
802 5765 930 5834 Quia
958 5767 1114 5837 igitur
1135 5767 1184 5821 id
1215 5781 1278 5822 ex
1305 5769 1353 5822 vi
1381 5769 1576 5822 amoris
1597 5766 1842 5837 faciebat,
1865 5767 1993 5822 hinc
2021 5782 2227 5840 quoque

1444 424 1506 483 S.
1548 423 1824 481 JOANNIS
1860 416 2325 479 CIIBYSOSTOMI
2366 421 2676 479 ARCHIEP.
2716 424 3246 482 CONSTANTINOP.

3820 432 3917 486 ωδ

2349 536 2556 606 capitur
2586 552 2615 590 a
2658 536 2890 592 Christo.
2925 537 2993 593 Ut
3035 553 3163 608 ergo
3198 547 3321 594 tunc
3361 537 3704 598 vehementer
3747 545 3913 599 inore-

2348 629 2492 695 pavit
2515 669 2528 690 ,
2560 627 2798 701 dixitque
2818 668 2833 692 ,
2868 624 3181 681 Scandalunt
3203 645 3257 682 es
3289 629 3410 682 nti/ti
3431 629 3645 700 (Matth.
3674 633 3740 685 l6
3790 634 3913 692 23):

2347 718 2423 771 sic
2448 727 2500 770 et
2525 717 2626 771 hoc
2651 718 2769 772 loco
2793 717 2955 782 dicit,
2998 716 3116 770 Nisi
3142 719 3308 772 luero
3336 729 3385 772 te
3408 759 3422 783 ,
3447 736 3546 773 non
3579 721 3782 776 habebis
3804 741 3916 792 por-

2346 817 2444 859 tem
2473 823 2682 860 mecum.
2713 807 2846 875 Quid
2878 823 3004 878 ergo
3034 807 3244 864 fervens
3275 808 3363 864 ille
3391 809 3691 880 ardensque
3719 813 3838 867 virl
3862 814 3912 868 9.

2346 897 2578 962 Domine,
2596 914 2696 951 non
2723 907 2918 951 tantum
2943 900 3094 968 pedes
3115 915 3269 964 meos,
3292 901 3380 952 sed
3403 909 3450 954 et
3473 917 3656 956 manus
3676 913 3725 957 et
3746 914 3912 973 caput.

2345 986 2659 1042 Recusando
2689 987 2995 1053 vehemens,
3027 989 3376 1045 concedendo
3404 989 3779 1048 vehementior
3799 994 3915 1050 efﬁ-

2342 1076 2500 1132 citur.
2540 1075 2834 1146 Utrumque
2861 1089 3036 1132 autem
3079 1094 3144 1134 ex
3179 1095 3363 1136 amore
3387 1081 3656 1151 prodibat.
3685 1083 3793 1140 Sed
3823 1101 3915 1140 cur

2343 1179 2448 1220 non
2475 1165 2610 1221 dixit
2633 1165 2786 1222 Iesus
2807 1208 2823 1233 ,
2852 1182 2954 1238 qua
2975 1167 3042 1224 de
3073 1184 3233 1225 causa
3256 1170 3306 1226 id
3343 1169 3543 1227 faceret
3571 1214 3588 1239 ,
3621 1174 3717 1230 sed
3745 1178 3915 1232 minas

2342 1255 2546 1312 addidit
2569 1256 2594 1310 l
2617 1256 2749 1325 Quia
2785 1257 2875 1313 ille
2923 1273 3028 1313 non
3053 1259 3159 1314 alio
3199 1260 3360 1314 modo
3387 1276 3591 1317 morem
3638 1263 3912 1334 gessisset.

2341 1347 2472 1402 Nam
2500 1347 2546 1402 si
2591 1347 2834 1405 Christus
2858 1349 3113 1415 dixisset,
3144 1351 3310 1416 Sine;
3343 1351 3444 1407 hoc
3465 1353 3606 1408 enim
3630 1354 3795 1410 modo
3822 1370 3914 1410 vos

2340 1435 2544 1490 docebo
2582 1435 2968 1492 humilitatem:
2999 1440 3187 1495 millies
3229 1455 3288 1495 se
3326 1441 3579 1498 humilem
3630 1443 3749 1500 fore
3791 1461 3912 1514 pro.

2341 1529 2590 1595 misisset,
2623 1545 2688 1585 ne
2719 1531 2973 1586 Dominus
3003 1533 3104 1587 hoc
3129 1532 3346 1588 faceret.
3380 1535 3449 1589 At
3475 1550 3617 1591 nunc
3641 1536 3766 1606 quid
3789 1537 3915 1594 dicit

2337 1618 2584 1674 Christus
2608 1620 2632 1674 τ
2659 1620 2810 1688 Quod
2840 1621 3029 1677 Petrus
3051 1623 3279 1678 maxime
3310 1624 3566 1692 timebat,
3598 1642 3661 1681 ne
3694 1640 3912 1696 separa-

2339 1721 2485 1764 retur
2517 1724 2545 1762 a
2572 1710 2815 1766 Domino.
2861 1710 2950 1765 llle
2988 1711 3126 1766 enim
3157 1721 3270 1766 erat
3297 1715 3386 1783 qui
3413 1712 3720 1786 frequenter
3749 1758 3767 1782 ,
3793 1733 3900 1784 quo

2341 1800 2458 1863 iret,
2489 1801 2870 1871 interrogabat.
2900 1801 3025 1857 Ideo
3049 1802 3286 1868 dicebat,
3315 1805 3550 1858 Animam
3574 1823 3735 1860 meam
3775 1809 3902 1861 dabo

2337 1906 2429 1961 pro
2451 1900 2514 1944 te.
2545 1889 2679 1946 Nam
2709 1892 2753 1946 si
2791 1907 2909 1946 cum
2948 1894 3171 1958 audivit,
3203 1893 3352 1960 Quod
3375 1910 3464 1965 ego
3485 1896 3618 1967 facio
3658 1906 3713 1950 tu
3755 1899 3910 1952 nescis

2340 1981 2510 2046 modo,
2539 1982 2666 2035 scies
2687 1992 2852 2036 autem
2878 1995 3066 2051 postea,
3100 1999 3164 2038 ne
3187 1984 3267 2039 sic
3285 1984 3495 2053 quidem
3517 1986 3744 2052 abstitit,
3777 1989 3911 2042 mul—

2340 2081 2394 2127 to
2421 2074 2593 2126 minus
2627 2073 2669 2126 si
2701 2075 2956 2128 scivisset.
2986 2073 3106 2129 ldeo
3132 2075 3264 2129 dixit
3289 2117 3301 2138 .
3336 2075 3479 2130 Scies
3507 2086 3671 2129 autem
3694 2087 3869 2144 postea
3893 2120 3906 2143 ,

2335 2176 2532 2232 gnarus
2557 2178 2699 2230 eum,
2724 2164 2768 2218 si
2788 2165 3050 2231 scivisset,
3078 2164 3251 2220 adhuc
3278 2177 3691 2237 repugnaturum
3727 2168 3907 2224 fuisse.

2335 2251 2517 2322 Neque
2537 2252 2670 2308 dixit
2704 2253 2928 2321 Petrus,
2965 2254 3103 2310 Doce
3133 2271 3274 2311 nunc
3307 2271 3393 2312 me
3419 2297 3434 2321 ,
3475 2267 3529 2311 ut
3564 2259 3737 2312 sinam
3770 2275 3784 2322 ;
3818 2259 3908 2314 sed

2335 2341 2474 2409 quod
2506 2343 2662 2412 longe
2690 2343 3054 2400 vehementius
3083 2355 3218 2411 erat,
3247 2361 3314 2402 ne
3336 2347 3475 2402 scire
3504 2350 3717 2417 quidem
3747 2351 3909 2404 susti-

2337 2431 2488 2496 nuit,
2520 2432 2615 2487 sed
2646 2433 2802 2487 instat
2837 2449 3018 2488 rursus
3045 2453 3057 2487 :
3094 2433 3210 2489 Non
3234 2437 3423 2491 [anubis
3455 2438 3577 2490 mihi
3604 2441 3756 2507 pedes
3812 2440 3907 2496 Ubi

2337 2530 2513 2574 autem
2554 2523 2908 2578 comminatus
2951 2533 3071 2589 est,
3119 2526 3293 2578 statim
3339 2527 3517 2580 cessit.
3550 2527 3685 2595 Quid
3734 2541 3906 2584 autem

2338 2611 2620 2679 significat,
2667 2612 2808 2667 Scies
2837 2622 3006 2682 postea
3028 2613 3052 2667 .’
3077 2614 3413 2683 quandouam
3436 2615 3459 2668 ἲ
3485 2616 3709 2683 Quando
3736 2618 3786 2669 in
3812 2633 3907 2671 uo.

2339 2703 2480 2757 mine
2511 2716 2629 2758 meo
2655 2703 2911 2758 damonia
2937 2704 3139 2772 ejicics,
3167 2719 3284 2759 cum
3315 2721 3400 2760 me
3423 2705 3620 2760 videris
3647 2707 3697 2761 in
3721 2707 3909 2762 caelum

2336 2792 2551 2857 assumi,
2580 2805 2697 2847 cum
2725 2806 2754 2845 a
2779 2791 2974 2862 Spiritu
3002 2794 3250 2849 didiceris
3291 2811 3376 2851 me
3401 2811 3431 2849 a
3455 2795 3658 2851 dextris
3685 2798 3908 2862 sedere,

2337 2889 2462 2936 tunc
2506 2895 2794 2950 cognosces
2839 2883 2964 2952 quid
3013 2899 3154 2938 nunc
3217 2885 3412 2938 factum
3467 2885 3558 2940 sit.
3602 2885 3742 2954 Quid
3781 2902 3908 2958 ergo

2334 2969 2624 3026 Christus?
2653 2971 2783 3038 Quia
2811 2971 3000 3027 Petrus
3043 2971 3288 3039 dixerat,
3329 2971 3452 3027 Non
3487 2982 3685 3028 tantum
3711 2976 3864 3046 pedes
3891 3016 3907 3039 ,

2335 3061 2424 3115 sed
2447 3071 2494 3116 et
2524 3077 2700 3116 manus
2722 3071 2768 3116 et
2792 3073 2942 3134 caput
2966 3104 2980 3129 ,
3024 3062 3110 3119 l0.
3143 3063 3241 3130 Qui
3267 3065 3400 3118 lotus
3423 3074 3536 3129 est,
3579 3066 3772 3137 inquit,
3811 3083 3909 3121 non

2336 3152 2523 3222 indiget
2546 3194 2560 3213 ,
2588 3153 2682 3208 nisi
2727 3163 2780 3206 ut
2811 3154 2959 3223 pedes
2988 3154 3115 3208 lavet
3140 3194 3155 3220 ,
3185 3155 3273 3208 sed
3296 3165 3371 3208 est
3409 3157 3627 3210 mundus
3659 3167 3813 3211 totus.
3849 3157 3910 3210 Et

2337 3263 2422 3302 vos
2458 3247 2633 3300 mundi
2687 3249 2801 3302 estis
2827 3248 2866 3314 ⁸,
2903 3248 2990 3303 sed
3031 3263 3131 3303 non
3182 3264 3371 3302 omnes.
3421 3240 3509 3304 ll.
3540 3247 3741 3304 Sciebat
3777 3251 3908 3304 enim

2337 3336 2448 3406 quis
2487 3337 2761 3391 traditurus
2788 3347 2909 3392 esset
2949 3353 3078 3392 eum.
3118 3337 3173 3394 Si
3209 3338 3390 3394 mundi
3425 3347 3591 3404 sunt,
3637 3355 3733 3396 cur
3763 3341 3908 3396 lavas

2337 3425 2499 3496 pedes
2528 3439 2710 3481 eorum
2727 3425 2750 3478 τ
2768 3424 3613 3484 Dtnosmodestiamdiscamus'.
3630 3427 3755 3485 Iden
3768 3430 3906 3499 quod

2337 3518 2648 3573 vilissimum
2688 3517 3045 3572 membrorum
3099 3517 3307 3573 videtur
3326 3530 3484 3585 esse,
3533 3518 3703 3573 solum
3760 3520 3906 3574 lavit.

2336 3609 2472 3676 Quid
2493 3608 2756 3678 siguilicat
2784 3608 2937 3672 illud,
2968 3609 3067 3675 Qui
3099 3608 3232 3664 lotus
3254 3618 3324 3664 est
3348 3608 3374 3663 .’
3398 3608 3454 3665 ld
3481 3617 3593 3675 est,
3626 3612 3712 3680 qui
3744 3625 3909 3681 purus

2336 3706 2437 3755 est.
2463 3697 2598 3754 Num
2621 3699 2695 3754 illi
2725 3698 2838 3769 puri
2866 3708 3041 3764 erant,
3068 3698 3157 3769 qui
3181 3699 3412 3754 nondum
3438 3713 3466 3752 a
3497 3700 3728 3770 peccatis
3757 3701 3907 3757 liberi

2336 3796 2520 3852 erant,
2549 3802 2646 3842 nec
2669 3788 2868 3858 Spiritu
2893 3788 3127 3858 dignati,
3153 3802 3275 3844 cum
3313 3789 3486 3844 adhuc
3511 3800 3787 3859 peccatum
3810 3790 3910 3845 do-

2338 3878 2633 3932 minaretur
2659 3919 2674 3944 ,
2706 3886 2759 3936 et
2784 3877 3171 3933 maledictionis
3199 3877 3609 3950 chirographum
3632 3891 3904 3947 maneret,

2340 3965 2563 4021 necdum
2591 3966 2802 4022 victima
2847 3976 2992 4023 esset
3033 3967 3248 4022 oblata?
3273 3967 3551 4036 Quomodo
3589 3969 3749 4039 igitur
3791 3971 3911 4026 illos

2337 4069 2458 4111 esse
2484 4069 2644 4125 puros
2675 4056 2848 4111 dicit?
2875 4056 3068 4113 Verum
3110 4071 3178 4112 ne
3223 4068 3375 4127 putes
3396 4098 3412 4124 ,
3451 4057 3572 4130 quia
3599 4074 3766 4130 puros
3793 4060 3912 4115 illos

2336 4146 2496 4212 dicit,
2523 4160 2644 4201 esse
2673 4160 2889 4215 prorsus
2915 4161 2944 4200 a
2971 4147 3200 4216 peccatis
3246 4147 3441 4202 liberos
3461 4188 3478 4216 ,
3520 4147 3724 4204 addidit
3749 4167 3764 4204 :
3788 4147 3910 4203 lam

2335 4251 2420 4290 vos
2445 4237 2620 4290 mundi
2663 4237 2778 4291 estis
2797 4277 2814 4304 ,
2857 4247 3060 4306 propter
3087 4251 3362 4290 sermonem
3383 4253 3528 4307 quem
3547 4239 3783 4309 loquutus
3799 4256 3910 4294 sum

2336 4325 2470 4380 vobis
2491 4342 2510 4391 ;
2533 4325 2633 4379 hoc
2653 4335 2771 4388 est,
2797 4325 2907 4380 Hac
2932 4334 3131 4380 tantum
3166 4327 3370 4380 ratione
3395 4326 3578 4382 mundi
3609 4328 3762 4382 estis.
3792 4327 3909 4384 iam

2337 4416 2507 4472 lucem
2545 4415 2820 4486 accepistis
2847 4457 2863 4482 ,
2913 4416 3022 4485 jam
3052 4430 3079 4468 a
3109 4415 3330 4472 Judaico
3355 4431 3540 4474 errore
3571 4417 3726 4475 liberi
3756 4421 3905 4476 estis.

2335 4507 2465 4562 Nam
2496 4507 2749 4578 propheta
2777 4508 2942 4564 dicit:
2973 4507 3255 4576 “contini,
3283 4509 3459 4564 mundi
3498 4519 3676 4576 estote,
3703 4510 3906 4582 abjicite

2336 4599 2581 4653 malitiam
2615 4597 2676 4652 ab
2714 4599 2975 4653 animabus
2997 4598 3173 4653 vestris
3197 4597 3248 4670 (1
3256 4599 3351 4653 soi.
3380 4598 3435 4654 ί.
3460 4596 3572 4671 i6).
3599 4597 3784 4670 Itaque
3819 4599 3909 4670 qui

2338 4689 2454 4742 talis
2478 4697 2578 4752 est,
2605 4689 2742 4743 lotus
2761 4696 2877 4755 est,
2903 4696 2957 4743 et
2979 4703 3163 4758 purus.
3189 4687 3325 4755 Quia
3356 4703 3486 4759 ergo
3507 4702 3722 4744 omnem
3752 4690 3911 4744 mali-

2339 4779 2461 4833 tiam
2507 4779 2576 4833 ab
2613 4780 2789 4833 anima
2835 4787 3187 4848 respuerant,
3215 4789 3270 4835 et
3293 4795 3425 4849 pura
3451 4789 3631 4836 mente
3659 4795 3783 4836 cum
3822 4782 3912 4834 illo

2338 4869 2713 4924 versabantur:
2747 4868 2865 4922 idco
2889 4869 3180 4923 secundum
3206 4868 3572 4938 propheticum
3603 4883 3908 4924 sermonem

2337 4959 2481 5024 dicit,
2509 4959 2607 5025 Qui
2637 4959 2777 5012 lotus
2820 4967 2930 5021 est,
2962 4958 3070 5027 jam
3111 4957 3338 5013 mundus
3359 4967 3460 5014 est.
3486 4957 3602 5013 Non
3631 4958 3907 5012 lavacrum

2338 5046 2462 5100 illud
2488 5063 2581 5116 per
2626 5061 2817 5118 aquam
2847 5055 2901 5103 et
2921 5045 3199 5102 Judaieum
3226 5047 3356 5102 dicit
3381 5087 3395 5112 ,
3444 5045 3537 5102 sed
3567 5049 3910 5103 conscientia:

2339 5138 2722 5206 purgationem.

2405 5231 2457 5284 3.
2498 5229 2775 5282 Viduorum
2823 5241 2867 5283 et
2894 5230 3201 5298 pupillorum
3230 5229 3456 5282 habenda
3479 5241 3718 5300 cura‘est.
3738 5260 3806 5271 —
3829 5231 3883 5285 Si

2337 5334 2452 5374 mus
2481 5335 2610 5390 ergo
2638 5329 2691 5373 et
2717 5333 2813 5373 nos
2839 5320 3019 5373 mundi
3044 5337 3058 5384 ;
3089 5319 3356 5374 discamus
3381 5320 3516 5375 bene
3546 5319 3744 5376 facere.
3773 5321 3907 5388 Quid

2335 5421 2416 5466 est
2464 5412 2600 5465 bene
2629 5410 2844 5465 facere?
2871 5409 3106 5463 Judicate
3132 5410 3348 5480 pupillo,
3374 5410 3624 5478 defendite
3660 5411 3864 5462 viduam
3892 5427 3910 5463 :

2335 5515 2379 5556 et
2403 5504 2579 5570 uenite,
2609 5503 2957 5572 disceptentus,
2983 5502 3105 5555 dicit
3133 5499 3384 5554 Dominus
3411 5498 3570 5571 (Ibid.
3601 5502 3651 5554 l.
3676 5499 3767 5554 i7.
3796 5498 3906 5567 18).

2398 5657 2413 5688 ¹
2437 5663 2543 5705 Post
2565 5655 2668 5704 hare
2689 5655 2879 5716 quidam
2901 5660 3006 5703 Mss.
3031 5653 3124 5702 alia
3149 5652 3342 5712 addunt,
3367 5663 3476 5716 qua
3499 5650 3746 5712 habentur
3769 5649 3910 5710 inﬂa,

2338 5715 2718 5781 etconsulmhie
2739 5717 3042 5763 omittuntur.
3139 5771 3170 5781 ﬂ
3267 5770 3294 5781 Α.

2399 5781 2418 5810 ³
2453 5778 2584 5826 Alias
2616 5778 2810 5837 legitur,
2835 5783 2882 5823 ut
2907 5790 3088 5826 vos"...
3115 5776 3331 5824 discetis.
