4092 6520
202 463 305 520 385

204 575 332 643 τέρα
354 575 459 629 τῶν
484 577 703 646 ἀγαθῶν
729 579 826 649 τὴν
847 580 1370 650 ταπεινοφροσύνην,
1395 579 1461 648 ἢν
1487 578 1580 630 καὶ
1602 577 1776 647 ἀρχὴν

205 657 294 708 καὶ
321 657 468 721 τέλος
519 659 720 729 ἔφησεν
753 658 892 715 εἶναι
924 666 1024 734 τῆς
1053 663 1270 732 ἀρετῆς.
1327 663 1439 730 Οὐχ
1484 658 1671 722 ἁπλῶς
1719 657 1776 708 δὲ

205 740 517 808 πρόσκειται
547 755 573 783 II
612 744 690 806 τὸ,
735 745 868 802 Ἀπὸ
906 746 1052 800 Θεοῦ
1092 743 1312 811 ἐξῆλθε
1345 743 1444 796 καὶ
1483 741 1634 808 πρὸς
1664 739 1772 792 τὸν

205 823 348 876 Θεὸν
371 825 612 896 ὑπάγει·
635 829 749 881 ἀλλ’
781 830 866 882 ἴνα
902 829 1164 898 μάθωμεν
1194 829 1276 880 ὅτι
1307 825 1434 892 ἄξια
1477 824 1648 878 ἐποίει
1678 819 1772 874 τοῦ

202 905 404 962 ἐκεῖθεν
429 908 673 974 ἐλθόντος
699 913 791 964 καὶ
824 912 941 964 ἐκεῖ
969 911 1245 976 ἀπιόντος,
1276 910 1490 964 ἅπαντα
1519 923 1771 961 καταπα-

201 987 306 1039 τῶν
324 990 510 1060 τῦφον.
539 993 647 1047 Kal
663 993 931 1060 ἀναστὰς
950 994 1071 1050 ἀπὸ
1096 993 1202 1048 τοῦ
1226 991 1497 1056 δείπνου,
1529 990 1626 1043 καί
1652 987 1775 1053 θεὶς

203 1069 270 1123 τὰ
289 1071 504 1138 ἱμάτια.

269 1151 335 1220 β’·
361 1153 501 1225 Ὅρα
530 1155 645 1219 πῶς
677 1157 738 1210 ού
760 1157 838 1228 τῷ
871 1158 1023 1228 νίψαι
1055 1157 1237 1229 μόνον,
1268 1157 1419 1224 ,ἀλλὰ
1446 1156 1540 1209 καὶ
1573 1153 1777 1224 ἑτέρως

200 1232 260 1286 τὸ
285 1238 538 1291 ταπεινὸν
568 1239 924 1294 ἐνδείκνυται.
952 1241 1028 1294 Οὐ
1067 1240 1177 1314 γάρ
1211 1240 1343 1312 πρὶν
1374 1239 1408 1309 ἢ
1446 1235 1778 1306 κατακλιθῆ-

201 1334 306 1380 ναι,
338 1319 474 1375 ἀλλὰ
514 1321 654 1391 μετὰ
681 1323 742 1375 τὺ
790 1317 1084 1378 ἀναπεσεῖν
1138 1325 1368 1389 πάντας,
1403 1323 1523 1376 τότε
1553 1319 1772 1390 ἀνέστη.

205 1399 429 1455 Ἔπειτα
458 1404 577 1458 οὐδὲ
610 1404 795 1468 ἁπλῶς
825 1408 1023 1470 νίπτει,
1056 1405 1195 1461 άλλά
1221 1406 1291 1459 τά
1317 1404 1508 1476 ίμάτια
1533 1400 1779 1456 ἀποτιθέ-

204 1497 378 1548 μενος.
405 1485 514 1538 Καὶ
538 1486 660 1540 οὐδὲ
698 1487 864 1558 μέχρι
876 1489 1083 1543 τούτων
1117 1489 1269 1558 ἔστη,
1290 1486 1426 1540 ἀλλὰ
1448 1486 1544 1540 καὶ
1572 1484 1776 1536 λέντιον

199 1563 509 1626 διεζώσατο.
547 1570 654 1622 Kal
679 1571 800 1623 οὐδὲ
831 1570 1005 1641 τούτῳ
1030 1569 1297 1641 ἠρκέσθη,
1332 1568 1468 1622 ἀλλὰ
1493 1571 1588 1621 καὶ
1617 1566 1778 1628 αὐτὸς

201 1646 440 1715 ἐγέμισε,
479 1652 572 1702 καὶ
600 1653 697 1721 οὐχ
727 1653 900 1724 ἑτέρῳ
930 1653 1213 1724 πληρῶσαι
1244 1653 1271 1693 δ
1296 1641 1604 1715 ἐκέλευσεν,
1640 1648 1778 1704 ἀλλὰ

201 1727 376 1781 πάντα
416 1732 577 1796 αὐτὸς
628 1733 918 1802 ἐργάζεται
964 1734 1158 1798 ταῦτα,
1188 1733 1278 1789 διὰ
1323 1737 1538 1789 πάντων
1566 1732 1779 1795 δεικνὺς

199 1809 278 1861 δτι
309 1810 408 1864 οὐκ
463 1814 888 1886 ἀφοσιουμένους
927 1815 1009 1868 δεῖ
1047 1819 1219 1869 ποιεῖν
1257 1817 1325 1870 τά
1371 1815 1615 1878 τοιαῦτα,
1651 1816 1778 1867 ὅταν

200 1888 257 1944 εὖ
285 1894 546 1964 ποιῶμεν,
577 1897 712 1951 άλλά
739 1898 876 1968 μετά
904 1899 1086 1970 πάσης
1136 1898 1465 1971 προθυμίας.
1515 1898 1671 1967 Ἐμοὶ
1722 1897 1779 1948 δὲ

198 1973 343 2026 δοκεῖ
365 1975 460 2028 τοῦ
482 1979 740 2048 προδότου
770 1978 986 2049 πρώτου
1021 1979 1172 2049 νίψαι
1216 1981 1342 2044 τοὺς
1381 1980 1568 2044 πόδας,
1597 1982 1661 2032 ἐκ
1684 1975 1777 2030 τοῦ

199 2061 389 2126 είπεῖν,
413 2063 673 2131 Ἤρξατο
695 2066 929 2118 νίπτειν
955 2065 1098 2131 τοὺς
1119 2064 1310 2132 πόδας
1331 2065 1451 2118 τῶν
1473 2061 1774 2133 μαθητῶν.

201 2139 291 2192 καὶ
316 2142 635 2211 ἐπαγαγεῖν,
674 2147 948 2215 Ἔρχεται
972 2147 1120 2214 πρὸς
1143 2147 1378 2215 Σίμωνα
1414 2147 1658 2214 Πέτρον,
1679 2141 1778 2196 καί

197 2223 354 2292 λέγει
388 2225 548 2291 αὐτῷ
573 2228 828 2294 ἐκεῖνος·
857 2231 939 2284 Σύ
961 2247 1080 2299 μου
1114 2230 1345 2294 νίπτεις
1372 2228 1514 2294 τοὺς
1543 2227 1774 2292 πόδας;

200 2306 329 2369 Ταῖς
356 2309 513 2378 χερσὶ
534 2309 776 2374 ταύταις,
810 2313 992 2382 φησὶν,
1041 2307 1128 2375 αἷς
1160 2311 1472 2382 ὀφθαλμοὺς
1511 2309 1772 2379 ἀνέῳξας,

199 2389 290 2440 καὶ
314 2389 548 2458 λεπροὺς
577 2392 873 2465 ἐκάθηρας,
902 2395 994 2448 καὶ
1015 2396 1240 2465 νεκροὺς
1268 2393 1602 2463 άνέστησας;
1643 2392 1778 2444 Πολ-

199 2473 291 2542 λὴν
312 2473 420 2544 γάρ
446 2474 681 2544 ἔμφασιν
708 2477 802 2528 καὶ
828 2476 989 2528 τοῦτο
1011 2478 1158 2546 ἔχει’
1189 2476 1378 2546 διόπερ
1407 2475 1528 2530 οὺδέ
1557 2474 1776 2543 ἐδέησεν

197 2555 346 2624 αὐτῷ
377 2573 430 2608 τι
467 2556 623 2609 πλέον
653 2558 847 2621 εἰπεῖν,
877 2559 909 2627 ἢ
943 2558 1000 2610 τὸ
1026 2561 1129 2612 Σύ.
1172 2560 1282 2612 Kal
1331 2560 1440 2629 γὰρ
1464 2557 1584 2612 καθ’
1615 2556 1776 2610 ἑαυτὸ

198 2638 384 2692 ίκανὸν
421 2635 489 2709 ἦν
541 2639 601 2692 τὸ
650 2642 758 2693 πᾶν
793 2641 1150 2706 ἐνδείξασθαι.
1183 2643 1446 2711 Ζητήσειε
1485 2639 1529 2692 δ’
1581 2640 1646 2694 ἄν
1691 2656 1777 2703 τις

197 2722 440 2788 εἰκότως,
468 2722 583 2786 πῶς
605 2723 779 2786 οὐδεὶς
803 2724 965 2776 αὑτὸν
994 2724 1101 2775 τῶν
1128 2723 1302 2777 ἄλλων
1328 2723 1619 2787 ἐκώλυσεν,
1642 2720 1779 2776 άλλά

197 2804 401 2872 Πέτρος
433 2803 613 2874 μόνος,
651 2803 805 2877 [415]
829 2807 964 2876 ὅπερ
990 2806 1050 2858 ού
1080 2806 1274 2875 μικροῦ
1310 2806 1535 2876 φίλτρου
1563 2807 1658 2858 καὶ
1692 2808 1775 2858 al-

194 2885 317 2948 δοῦς
352 2882 442 2956 ἦν.
477 2887 572 2950 Τίς
606 2883 698 2940 οὖν
738 2890 885 2941 ἐστιν
915 2890 947 2959 η
978 2889 1161 2953 αἰτία;
1208 2889 1361 2958 Ἐμοὶ
1394 2889 1541 2942 δοκεῖ
1587 2887 1780 2958 πρότε-

195 2984 287 3037 ρον
313 2968 402 3020 τὸν
436 2969 700 3039 προδότην
715 2970 888 3038 νίψαι,
911 2965 1030 3023 εἶτα
1057 2971 1192 3033 πρὸς
1221 2971 1311 3023 τὸν
1345 2970 1548 3042 Πέτρον
1579 2969 1774 3032 ἐλθεῖν,

196 3049 446 3114 καὶτοὺς
494 3049 686 3114 ἄλλους
738 3051 832 3104 ἀπ’
862 3053 1070 3105 ἐκείνου
1119 3063 1139 3091 ε
1173 3052 1526 3122 παιδευθῆναι
1570 3051 1774 3105 λοιπόν.

199 3130 318 3183 Ὀτι
353 3131 454 3199 μέν
506 3127 600 3185 οῦν
630 3131 790 3186 ἄλλον
818 3134 938 3187 τινὰ
968 3135 1071 3209 πρὸ
1122 3134 1287 3187 αὐτοῦ
1319 3135 1489 3203 ἐνιψε,
1535 3134 1690 3205 δῆλον
1714 3136 1772 3186 ἐκ

195 3214 288 3267 τοῦ
317 3215 515 3269 εἰπεῖν.
547 3216 678 3269 Ὀτε
709 3217 764 3269 δὲ
797 3213 927 3287 ἦλθε
958 3218 1092 3285 πρὸς
1108 3219 1331 3290 Πέτρον.
1365 3218 1503 3270 Ἀλλ’
1532 3219 1631 3272 οὐκ
1665 3217 1776 3271 ἐστι

199 3299 426 3369 σφοδρὸς
446 3301 750 3372 κατήγορος
770 3303 798 3354 6
813 3303 1221 3372 εὐαγγελιστήςο
1252 3303 1314 3355 τὸ
1341 3301 1472 3373 γὰρ,
1496 3302 1774 3369 Ἤρξατο,

195 3383 352 3435 τοῦτό
383 3384 534 3433 ἐστιν
553 3385 948 3454 αἰνιττομένου.
981 3386 1042 3437 El
1065 3385 1120 3436 δὲ
1153 3388 1244 3437 καὶ
1270 3386 1298 3436 6
1331 3385 1534 3455 Πέτρος
1563 3384 1777 3453 πρῶτος

195 3463 283 3537 ἦν,
311 3468 425 3520 ἀλλ’
454 3469 602 3531 είκδς
627 3469 717 3521 τὸν
743 3468 1006 3538 προδότην
1031 3468 1220 3538 ἰταμὸν
1246 3469 1392 3533 ὂντα,
1428 3470 1522 3520 καὶ
1556 3468 1661 3537 πρὸ
1684 3467 1776 3520 τοῦ

197 3553 497 3622 κορυφαίου
538 3551 950 3621 κατακλιθῆναι.
994 3552 1105 3604 Kal
1150 3551 1256 3621 γὰρ
1288 3553 1383 3604 καὶ
1416 3551 1680 3622 ἑτέρωθεν
1717 3551 1778 3604 τὸ

201 3636 392 3705 ίταμὸν
417 3634 585 3688 αὑτοῦ
617 3634 913 3700 δείκνυται,
934 3635 1063 3688 ὅταν
1104 3633 1284 3706 βάπτῃ
1322 3634 1459 3704 μετὰ
1496 3633 1590 3686 τοῦ
1625 3633 1775 3688 Διδαο

199 3718 420 3782 σκάλου,
480 3718 574 3769 καὶ
630 3719 758 3770 ὅταν
813 3717 1169 3786 ἐλεγχόμενος
1229 3716 1302 3787 μὴ
1351 3715 1775 3787 κατανύσσηται.

209 3798 346 3851 ’Δλλ’
380 3802 410 3853 6
438 3800 538 3868 μέν
568 3799 772 3872 Πέτρος
799 3799 944 3864 ἅπαξ
971 3798 1315 3868 ἐπιτιμηθεὶς
1349 3799 1408 3850 ἐν
1439 3802 1550 3861 τοῖς
1577 3798 1781 3868 έμπρο·

199 3880 342 3945 σθεν,
378 3882 474 3934 καὶ
500 3881 672 3933 ταῦτα
703 3881 812 3932 ἀπὸ
839 3880 1221 3951 φιλοστοργίας
1246 3882 1314 3934 τά
1341 3881 1556 3951 ῥήματα
1587 3881 1778 3945 εἰπὼν,

197 3964 336 4017 οὕτω
367 3964 691 4032 συνεστάλη,
724 3963 798 4026 ὡς
825 3963 917 4015 καὶ
943 3963 1191 4029 ἀγωνιῶν
1221 3965 1313 4016 καὶ⁵
1349 3963 1565 4033 τρέμων
1591 3964 1779 4035 ἐτέρου

195 4048 451 4120 δεηθῆναι
487 4047 623 4119 πρὸς
651 4045 749 4117 τὴν
778 4044 1043 4117 ἐρώτησιν
1065 4062 1077 4075 ·
1111 4041 1262 4108 οὗτος
1280 4047 1337 4100 δέ
1363 4047 1603 4118 συνεχῶς
1629 4048 1780 4114 ἐλεγ-

199 4131 426 4200 χόμενος
446 4129 549 4183 οὐκ
586 4129 868 4199 ᾐσθάνετο.
903 4129 1034 4182 Ὅτε
1065 4127 1195 4197 γοῦν
1216 4125 1348 4198 ἦλθε
1379 4131 1516 4200 πρὸς
1553 4129 1645 4182 τὸν
1678 4131 1780 4184 Πέ-

198 4230 344 4283 τρον,
375 4213 551 4280 Λέγει
581 4211 743 4277 αὑτῷ
774 4211 1031 4277 ἐκεῖνος·
1065 4213 1258 4281 Κύριε,
1289 4215 1372 4266 σύ
1405 4230 1523 4282 μου
1551 4213 1781 4278 νίπτεις

199 4297 337 4364 τοὺς
356 4298 552 4364 πόδας
573 4310 590 4362 ;
610 4297 772 4365 Λέγει
800 4295 948 4366 αὑτῷ
970 4315 983 4328 ο
1003 4297 1064 4348 Ὃ
1086 4295 1199 4365 ἐγὼ
1220 4297 1368 4350 ποιῶ
1388 4297 1469 4350 σὺ
1488 4299 1598 4350 οὐκ
1614 4293 1781 4362 οἶδας

197 4380 345 4448 ἄρτι,
382 4379 590 4449 γνώσῃ
619 4379 687 4432 δὲ
710 4378 860 4448 μετὰ
898 4377 1082 4432 ταῦτα
1106 4394 1120 4408 θ
1167 4379 1450 4445 τουτέστι,
1485 4379 1545 4430 τὸ
1592 4379 1780 4448 κέρδος

196 4461 317 4515 ὅσον
340 4462 402 4514 τὸ
435 4463 502 4515 ἐκ
529 4461 740 4522 τούτου,
762 4460 860 4531 τὴν
884 4460 1152 4529 ὠφέλειαν
1177 4462 1274 4529 τῆς
1303 4460 1669 4524 διδασκαλίας,
1687 4462 1780 4515 καὶ

196 4544 311 4607 πῶς
333 4544 520 4598 ίκανὸν
541 4545 620 4605 είς
642 4545 822 4597 πᾶσαν
841 4544 1070 4612 ἀγαγεῖν
1093 4543 1592 4615 ταπεινοφροσύνην
1612 4545 1778 4614 ἡμᾶς.

195 4626 260 4679 Τί
284 4623 379 4681 οὖν
406 4630 434 4681 6
467 4628 710 4694 Πέτρος;
747 4627 867 4680 Ἔτι
889 4627 1107 4690 κωλύει,
1133 4627 1226 4681 καὶ
1253 4625 1401 4695 λέγει
1420 4643 1433 4656 ο
1467 4629 1550 4680 Οὐ
1567 4626 1654 4696 μὴ
1689 4629 1780 4680 νί-

195 4712 318 4779 ψῃς
348 4709 492 4777 τοὺς
523 4709 716 4774 πόδας
745 4727 865 4778 μου
905 4714 993 4777 είς
1021 4711 1127 4764 τὸν
1167 4710 1372 4764 αἰῶνα.
1419 4709 1485 4764 Τί
1515 4713 1706 4777 ποιεῖς,
1735 4707 1781 4766 ὦ

196 4792 368 4863 Πέτρε
394 4810 409 4858 ;
437 4793 500 4846 οὐ
537 4791 812 4863 μέμνησαι
864 4792 973 4846 τῶν
1015 4792 1298 4864 προτέρων
1345 4793 1645 4864 ρημάτων;
1680 4795 1779 4846 οὐκ

195 4872 373 4941 εἴπας,
403 4874 620 4940 Ἵλεώς
639 4891 756 4939 σοι,
777 4876 868 4929 καὶ
893 4877 1150 4946 ηκουσας,
1175 4875 1393 4944 Ὕπαγε
1421 4877 1614 4930 ὀπίσω
1636 4895 1776 4945 μου,

193 4959 460 5017 σατανᾱ’
505 4959 602 5014 καὶ
627 4961 746 5014 οὐδὲ
779 4959 921 5013 οὕτω
949 4957 1277 5032 σωφρονίζῃ,
1301 4959 1413 5012 ἀλλ’
1445 4959 1523 5013 ἐτι
1552 4961 1780 5032 σφοδρὸς

193 5040 274 5110 εἷς
306 5044 436 5112 Ναὶ,
468 5043 640 5114 φησί’
675 5043 808 5094 πολὺ
826 5043 934 5113 γάρ
951 5041 1010 5095 τό
1039 5043 1322 5111 γινόμενον
1349 5043 1440 5096 καὶ
1463 5042 1780 5112 ἐκπλήξεως

192 5127 382 5196 γέμον.
437 5124 599 5179 Ἐπεὶ
630 5119 724 5177 οὖν
760 5126 868 5177 άπὸ
901 5124 1101 5192 πολλῆς
1133 5123 1354 5195 ἀγάπης
1385 5124 1544 5177 τοῦτο
1577 5124 1777 5194 ἐπρατ-

190 5227 280 5263 τεν
305 5212 565 5273 ἐκεῖνος,
622 5208 729 5260 άπὸ
759 5210 855 5277 τῆς
879 5209 1048 5278 αὐτῆς
1091 5207 1251 5260 αὑτὸν
1290 5207 1565 5278 χειροῦται
1618 5209 1778 5262 πάλιν

191 5295 282 5345 καὶ
304 5295 333 5346 6
358 5292 620 5358 Χριστὸς,
655 5291 843 5360 ὥσπερ
874 5287 966 5344 οὖν
995 5292 1089 5344 καὶ
1115 5292 1232 5344 ἐκεῖ
1261 5292 1505 5363 σφοδρῶς
1525 5294 1774 5362 ἐπιτιμή-

191 5391 287 5436 σας
315 5375 408 5427 καὶ
431 5373 628 5436 είπὼν,
653 5372 1006 5426 Σκάνδαλόν
1026 5391 1125 5442 μοι
1141 5371 1224 5428 εἶ’
1257 5374 1399 5427 οὓτω
1429 5377 1520 5427 καὶ
1543 5375 1767 5429 ἐνταῦθα

189 5456 378 5525 λέγων,
425 5457 568 5511 Ἐάν
606 5457 692 5525 μὴ
734 5459 891 5525 νίψω
941 5474 1035 5522 σε,
1090 5462 1200 5513 οὐκ
1229 5459 1388 5527 ἔχεις
1431 5459 1612 5529 μέρος
1645 5461 1774 5530 μετ’

187 5540 352 5608 ἐμοῦ.
382 5541 448 5592 Τί
478 5537 578 5593 οὖν
604 5541 632 5591 6
665 5539 864 5608 θερμὸς
892 5540 986 5592 καὶ
1014 5541 1273 5612 διακαής;
1306 5544 1500 5609 Κύριε,
1521 5543 1604 5612 μὴ
1636 5544 1776 5609 τοὺς

189 5623 376 5688 πόδας
395 5641 518 5691 μου
538 5623 751 5690 μόνον,
788 5622 948 5675 ἀλλὰ
992 5624 1089 5676 καὶ
1139 5624 1247 5690 τὰς
1276 5625 1480 5694 χεῖρας
1509 5627 1608 5680 καὶ
1663 5627 1776 5694 τὴν

189 5706 481 5773 κεφαλήν.
514 5705 629 5758 Kal
654 5706 711 5757 ἐν
740 5707 806 5774 τῇ
837 5707 1161 5776 παραιτήσει
1210 5708 1468 5779 σφοδρὸς,
1502 5710 1593 5761 καὶ
1619 5711 1675 5763 ἐν
1709 5713 1772 5782 τῇ

192 5790 536 5859 συγχωρήσει
561 5787 914 5855 σφοδρότερος
943 5789 1177 5855 γίνεταιο
1208 5791 1441 5861 ἑκάτερα
1463 5791 1518 5843 δὲ
1551 5792 1609 5856 ἐξ
1637 5793 1773 5860 ἀγά-

189 5886 316 5935 πης.
342 5870 498 5923 Διατί
528 5869 641 5940 γάρ
678 5870 778 5922 οὑκ
813 5865 955 5934 εἷπε,
988 5872 1130 5934 τίνος
1161 5872 1346 5926 ἕνεκεν
1377 5875 1549 5927 ἐποίει
1580 5875 1767 5928 τοῦτο’

251 5954 279 6018 ⁸.
305 5951 542 6018 Nonnulli
567 5955 750 6018 ἀρετῆς.
771 5952 827 6018 Ἰξὶ
850 5953 933 6018 οὖν
953 5954 1244 6018 πρόσκειται.
1271 5957 1422 6005 Paulo
1442 5965 1550 6018 post
1581 5958 1774 6018 quidam

191 6013 378 6122 ἓπάγει,
397 6013 645 6062 τουτέστιν
667 6013 774 6070 ἀξια
797 6014 961 6064 ἐποίει.
993 6013 1001 6016 “
1029 6015 1055 6052 ι·
1085 6018 1180 6067 Alii
1204 6013 1456 6079 ἐμπλῆσαῇ
1531 6024 1550 6050 ε
1581 6013 1674 6068 gilii
1695 6021 1774 6066 ὑπ’

219 6090 388 6122 ιιιινου.

1225 466 1287 520 IN
1331 462 1652 520 JOANNEM
1684 457 1920 517 Πυθίη.
1963 459 2123 516 LXX.
2151 463 2220 517 al.
2262 462 2443 517 LXIX.

3356 459 3463 516 εει

1883 573 2000 626 ἀλλ’
2030 573 2258 645 ἀπειλὴν
2307 573 2614 636 ἐνέθεικεν;
2674 574 2793 627 Ὅτι
2844 575 3051 634 ἐκεῖνος
3098 569 3197 641 μὲν
3246 568 3348 625 οὐκ
3397 573 3463 626 ἂν

1882 657 2130 727 ἐπείσθη.
2162 658 2222 710 El
2249 657 2358 728 γὰρ
2381 653 2552 721 εἶπεν,
2581 658 2802 719 'Eaaov,
2834 656 2922 709 διὰ
2945 655 3052 725 γὰρ
3072 652 3264 706 τούτου
3296 654 3467 707 πείθω

1884 740 2028 808 ὑμᾶς
2071 742 2544 810 ταπεινοφρονεῖν,
2581 740 2849 810 ὑπέσχετο
2875 737 2942 791 ἂν
2981 739 3244 809 μυριάκις
3284 737 3463 798 τοῦτο,

1884 821 2022 894 ὺπέρ
2055 823 2148 876 τοῦ
2182 824 2257 893 μὴ
2284 824 2373 876 τὸν
2402 823 2682 892 Δεσπότην
2710 820 2866 874 τοῦτο
2899 822 3145 890 ποιῆσαι.
3190 819 3303 874 Νῦν
3327 820 3384 872 δὲ
3415 821 3467 872 τί

1881 923 2082 976 φησιν;
2136 909 2200 960 ’0
2245 906 2481 976 μάλιστα
2530 905 2784 959 ἐδεδοίκει
2813 905 2906 959 καὶ
2924 905 3146 975 ἔτρεμε,
3173 903 3234 957 τὸ
3261 903 3470 972 διασχι-

1883 991 2074 1058 σθῆναι
2103 989 2286 1044 αὑτοῦ.
2314 989 2490 1054 Αὐτὸς
2518 988 2628 1060 γάρ
2656 989 2804 1042 ἐστιν
2848 988 2878 1040 6
2931 987 3170 1057 συνεχῶς
3202 987 3423 1059 ἐρωτῶν
3447 1025 3466 1053 ,

1876 1072 2004 1126 Ποῦ
2027 1071 2315 1142 ὑπάγεις;
2347 1073 2548 1144 Διόπερ
2576 1073 2670 1126 xal
2697 1072 2879 1141 ἔλεγεν
2896 1113 2910 1138 ,
2939 1073 3020 1126 ὅτι
3063 1070 3173 1125 Καὶ
3199 1071 3312 1138 τὴν
3346 1074 3466 1139 ψυ-

1878 1155 2021 1223 χὴν,
2066 1157 2238 1225 φησὶ,
2274 1155 2447 1210 δώσω
2469 1155 2496 1195 ἀ
2520 1157 2676 1224 ὑπὲρ
2703 1154 2840 1208 σοῦ.
2876 1155 2938 1207 El
2958 1153 3066 1224 γὰρ
3102 1152 3359 1218 ἀκούσας,
3384 1154 3467 1205 ὅτι

1881 1241 2003 1292 οὐκ
2035 1233 2203 1305 οἶδας
2225 1238 2256 1292 6
2283 1238 2430 1292 ποιῶ
2449 1237 2583 1307 ἐγὼ,
2608 1236 2814 1306 γνώσῃ
2846 1236 2916 1289 δὲ
2932 1236 3085 1305 μετὰ
3114 1236 3320 1298 ταῦτα,
3349 1234 3468 1288 οὐδὲ

1877 1320 2052 1386 οὓτως
2104 1320 2315 1391 ἀπέστη
2341 1363 2357 1386 ,
2398 1319 2578 1390 πολλῷ
2613 1318 2832 1390 μᾶλλον,
2886 1321 2934 1371 εἰ
2983 1318 3175 1389 ἔμαθε.
3207 1317 3306 1372 Διὰ
3357 1317 3468 1388 γὰρ

1879 1402 2038 1457 τοῦτο
2063 1400 2185 1457 εἶπε
2209 1444 2225 1469 ,
2253 1403 2471 1471 Γνὼσῃ
2503 1403 2572 1456 δὲ
2602 1401 2754 1471 μετὰ
2794 1400 2984 1454 ταῦτα
3004 1439 3020 1464 ,
3049 1399 3236 1465 εἰδὼς,
3265 1400 3348 1453 ὅτι
3372 1399 3469 1452 ἐὰν

1880 1486 1976 1540 νῦν
2018 1486 2188 1559 μάθῃ.
2224 1486 2593 1541 άντικείσεται
2626 1485 2729 1538 ἔτι.
2788 1485 2897 1537 Kal
2929 1485 3029 1536 οὐκ
3061 1479 3213 1548 εἶπε,
3250 1481 3470 1547 Δίδαξον

1878 1565 1972 1624 οὖν
2028 1587 2095 1640 με
2116 1610 2132 1634 ,
2167 1570 2256 1624 ῖνα
2289 1569 2446 1637 άφῶ³
2504 1568 2620 1622 ἀλλ’
2652 1568 2680 1620 6
2729 1565 2908 1637 πολλῷ
2966 1565 3323 1638 σφοδρότερον
3361 1562 3466 1636 ἦν,

1878 1652 2000 1706 οὐδὲ
2029 1652 2223 1722 μαθεῖν
2244 1653 2504 1722 ἠνέσχετο
2525 1691 2541 1718 ,
2573 1649 2687 1703 ἀλλ’
2719 1650 2993 1704 ἐνίσταται
3028 1647 3211 1708 πάλιν,
3243 1647 3421 1714 λέγων
3451 1661 3466 1676 ο

1874 1736 1958 1789 Οὐ
1989 1734 2076 1804 μὴ
2125 1735 2314 1803 νίψῃς
2348 1751 2469 1802 μου
2528 1733 2672 1798 τοὺς
2728 1731 2940 1798 πόδας.
2986 1729 3207 1799 Ἐπειδὴ
3230 1729 3285 1782 δὲ
3307 1729 3469 1799 ἠπεί-

1880 1818 2041 1887 λησεν
2072 1857 2087 1882 ,
2146 1816 2350 1879 εὐθέως
2417 1814 2648 1886 ἐχάλασε
2700 1814 2792 1866 τὸν
2851 1813 3025 1866 τόνον.
3080 1811 3147 1865 Τί
3203 1810 3356 1882 [416]
3413 1810 3469 1864 δέ

1881 1903 2030 1962 ἐστι,
2080 1900 2300 1967 Γνώσῃ
2353 1897 2505 1968 μετὰ
2555 1896 2742 1951 ταῦτα
2758 1912 2776 1958 ;
2825 1894 2978 1948 Μετὰ
3027 1892 3243 1961 ταῦτα,
3297 1895 3466 1959 πότε;

1882 1980 2050 2034 Ὅταν
2089 1979 2167 2050 τῷ
2217 1978 2338 2050 ἐμῷ
2382 1979 2606 2049 ὀνόματι
2639 1977 2892 2048 δαιμόνια
2938 1976 3212 2049 ἐκϐάλῃς,
3265 1976 3466 2046 φησίν·

1879 2063 2005 2116 ὅταν
2036 2062 2152 2136 ἴδῃς
2180 2064 2260 2124 είς
2291 2062 2418 2124 τοὺς
2446 2061 2708 2131 οὐρανοὺς
2731 2058 3251 2129 άναλαμϐανόμενον
3269 2075 3283 2088 ο
3338 2058 3468 2110 ὅταν

1881 2144 2031 2215 παρὰ
2077 2143 2168 2196 τοῦ
2217 2143 2531 2214 Πνεύματος
2569 2142 2783 2213 μάθῃς,
2825 2143 2908 2195 ὅτι
2963 2143 3027 2193 ἐκ
3071 2139 3262 2204 δεξιῶν
3299 2138 3472 2208 κάθη-

1883 2246 1980 2297 μαι
2005 2239 2027 2267 ο
2051 2269 2064 2294 ,
2090 2229 2211 2280 τότε
2239 2229 2358 2298 εἴσῃ
2387 2228 2447 2281 τὸ
2474 2228 2568 2280 νῦν
2594 2228 2897 2296 γινόμενον.
2921 2226 2987 2278 Τί
3015 2220 3108 2278 οὖν
3134 2227 3163 2278 6
3198 2223 3467 2294 Χριστόςς

1892 2311 2108 2382 Ἐπειδὴ
2131 2309 2282 2364 εἶπεν
2310 2313 2336 2364 6
2357 2311 2583 2381 Πέτρος,
2609 2310 2704 2377 Μὴ
2732 2310 2871 2375 τοὺς
2898 2307 3088 2374 πόδας
3110 2325 3229 2377 μου
3249 2308 3467 2375 μόνον,

1878 2395 2038 2450 ἀλλὰ
2068 2395 2295 2459 καὶτὰς
2328 2393 2532 2461 χεῖρας
2556 2393 2653 2446 καὶ
2691 2391 2806 2460 τὴν
2837 2390 3135 2459 κεφαλὴν,
3173 2390 3226 2442 '0
3259 2391 3471 2443 λελου-

1874 2477 2080 2548 μένος,
2127 2476 2314 2547 φησὶν,
2347 2477 2420 2529 οὐ
2472 2476 2680 2544 χρείαν
2715 2475 2840 2544 ἔχει
2881 2478 2933 2527 εί
2962 2472 3050 2543 μή
3093 2471 3237 2538 τοὺς
3276 2471 3469 2534 πόδας

1879 2561 2172 2630 νίψασθαι
2216 2559 2430 2627 μόνον,
2473 2559 2612 2613 ἀλλ’
2657 2559 2788 2612 ἐστι
2840 2557 3100 2625 καθαρὸς
3146 2556 3310 2621 ὅλος.
3359 2555 3469 2608 Καί

1879 2642 2044 2712 ὑμεῖς
2078 2644 2325 2710 καθαροί
2361 2642 2521 2706 ἐστε,
2548 2641 2688 2694 ἀλλ’
2715 2641 2852 2709 οὐχί
2887 2639 3129 2704 πάντες.
3159 2637 3325 2708 ’ῌδει
3358 2636 3470 2705 γὰρ

1878 2727 1987 2778 τὸν
2015 2724 2417 2792 παραδιδόντα
2445 2723 2650 2777 αὐτόν.
2678 2724 2788 2776 Kal
2814 2725 2862 2775 εί
2901 2720 3131 2791 καθαροί
3165 2723 3292 2786 είσι,
3323 2719 3470 2780 τίνος

1877 2809 2064 2861 ἕνεκεν
2101 2809 2310 2869 νίπτεις
2333 2808 2458 2870 τοὺς
2490 2807 2686 2872 πόδας;
2714 2807 2879 2858 Ὥστε
2913 2807 3060 2878 ἡμᾶς
3091 2803 3109 2842 ί
3153 2802 3470 2874 μετριάζειν

1881 2890 2094 2960 μαθεῖν.
2125 2889 2222 2942 Διὰ
2255 2889 2414 2942 τοῦτο
2453 2891 2554 2943 οὐκ
2587 2891 2670 2960 ἐφ’
2705 2890 2894 2961 ἕτερον
2928 2889 3092 2960 μέρος
3135 2883 3321 2958 ἦλθεν,
3351 2884 3468 2938 ἀλλ’

1876 2974 1905 3026 6
1937 2974 2044 3026 τῶν
2077 2973 2254 3028 ἄλλων
2295 2974 2618 3046 ἀτιμότερον
2651 2969 2790 3027 εἶναι
2823 2975 2986 3026 δοκεῖ.
3017 2971 3081 3025 Τί
3112 2971 3168 3024 δέ
3207 2973 3375 3033 ἐστιν,
3414 2970 3468 3021 '0

1876 3055 2273 3125 ,λελουμένου
2303 3058 2446 3108 Ἀντὶ
2471 3057 2588 3116 τοῦ.
2625 3057 2683 3110 ὐ
2726 3057 2987 3126 καθαρός.
3031 3050 3158 3122 'Ap‘
3194 3049 3287 3107 οῦν
3312 3053 3469 3105 αὐτοὶ

1879 3139 2108 3210 καθαροὶ
2129 3135 2271 3209 ἦσαν
2288 3156 2301 3204 ;
2320 3138 2374 3191 οἵ
2386 3156 2448 3206 γε
2478 3139 2691 3193 οὐδέπω
2714 3141 2738 3180 ³
2761 3139 2868 3210 τῶν
2890 3137 3303 3208 ἁμαρτημάτων
3327 3132 3468 3205 ἦσαν

1877 3221 2308 3292 ἀπηλλαγμένοι,
2352 3223 2470 3276 οὐδὲ
2520 3223 2836 3290 Πνεύματος
2873 3222 3188 3290 ἠξιωμένοι.
3221 3220 3316 3272 am
3365 3217 3467 3286 τῆς

1879 3305 2153 3376 ἁμαρτίας
2176 3305 2255 3358 ἐτι
2285 3305 2618 3376 κρατούσης,
2648 3307 2744 3375 τῆς
2772 3307 3018 3372 κατάρας
3048 3303 3143 3355 τοῦ
3175 3303 3468 3372 χειρογρά-

1880 3405 1981 3458 φου
2032 3388 2304 3458 μένοντος,
2351 3388 2445 3441 τοῦ
2483 3389 2682 3457 ἱερείου
2717 3385 2930 3438 οδζιδέπω
2977 3384 3465 3455 προσενεχθέντος-ς

1880 3472 1998 3534 πῶς
2032 3468 2126 3524 οὖν
2165 3471 2364 3532 αὐτοὺς
2408 3470 2677 3539 καθαροὺς
2717 3465 2857 3521 εἶναι
2891 3467 3071 3534 λέγεις
3106 3467 3245 3518 Ἀλλ’
3272 3466 3358 3518 ἵνα
3393 3465 3469 3535 μὴ

1878 3554 1967 3608 διὰ
1983 3553 2160 3608 ταῦτα
2184 3553 2412 3624 νομίσῃς
2439 3555 2634 3615 αὐτοὺς
2659 3551 2931 3622 καθαροὺς
2957 3551 3032 3613 ὡς
3055 3550 3468 3621 ἁμαρτημάτων

1879 3638 2365 3708 ἀπηλλαγμένους,
2426 3639 2742 3706 ἐπήγαγεν·
2790 3635 2934 3702 Ἤδη
2991 3633 3157 3701 ὑμεῖς
3221 3631 3470 3699 καθαροί

1878 3722 2019 3774 ἐστε
2057 3719 2155 3773 διὰ
2194 3720 2300 3773 τὸν
2336 3722 2523 3789 λόγον
2552 3720 2625 3771 ὃν
2661 3717 2939 3782 ἐλάλησα
2981 3714 3150 3785 ὑμῖν·
3185 3713 3465 3776 τουτέστι,

1881 3803 2065 3873 Ταύτῃ
2085 3802 2227 3865 τέως
2243 3803 2365 3855 ἐστέ
2396 3801 2644 3872 καθαροί.
2675 3801 2814 3872 Ἤδη
2844 3799 2904 3852 τὸ
2930 3797 3047 3866 φῶς
3068 3795 3342 3861 ἐδέξασθε,
3365 3796 3468 3866 ἤδη

1881 3886 1980 3956 τῆς
2020 3885 2226 3954 πλάνης
2271 3885 2621 3955 ἀπηλλάγητε
2654 3883 2752 3953 τῆς
2789 3881 3102 3951 Ἰουδαϊκῆς.
3139 3881 3249 3934 Kal
3283 3879 3392 3950 γὰρ
3440 3882 3469 3932 6

1881 3970 2166 4039 προφήτης
2212 3968 2374 4036 φησί’
2407 3969 2744 4029 Λούσασθε,
2781 3965 3026 4034 καθαροί
3057 3965 3318 4035 γίνεσθε,
3355 3965 3468 4033 ἀφ-

1880 4052 2044 4106 έλετε
2074 4052 2180 4116 τὰς
2207 4051 2501 4118 πονηρίας
2530 4047 2648 4103 ἀπὸ
2683 4047 2800 4101 τῶν
2838 4047 3056 4118 ψυχῶν
3081 4046 3266 4118 ὑμῶν.
3301 4048 3468 4100 Ὥστε

1879 4135 1909 4186 6
1940 4132 2176 4195 τοιοῦτος
2214 4131 2462 4186 λέλουται
2492 4132 2586 4185 καὶ
2615 4131 2855 4202 καθαρός
2885 4133 3021 4184 ἐστι.
3057 4131 3208 4184 Ἐπεὶ
3233 4127 3327 4182 οὖν
3363 4131 3468 4183 πᾶ-

1883 4232 1981 4270 σαν
2023 4215 2287 4286 πονηρίαν
2333 4214 2562 4287 ἔρριψαν
2609 4214 2717 4267 άπὸ
2765 4214 2865 4283 τῆς
2897 4214 3076 4285 ψυχῆς
3106 4216 3336 4279 ἐκεῖνοι,
3371 4213 3469 4266 καὶ

1883 4297 2021 4369 μετὰ
2055 4298 2383 4368 εἰλικρινοῦς
2420 4297 2659 4360 διανοίας
2692 4296 2932 4366 συνῆσαν
2979 4295 3150 4365 αὐτῷ,
3189 4297 3277 4350 διὰ
3308 4294 3468 4348 τοῦτό

1881 4397 2015 4450 φησι
2053 4381 2193 4434 κατά
2221 4381 2310 4433 τὸν
2343 4379 2681 4452 προφητικὸν
2712 4378 2892 4447 λόγον,
2929 4380 2988 4433 '0
3017 4379 3340 4449 λελουμένος
3365 4379 3465 4449 ἤδη

1882 4462 2118 4534 καθαρός
2146 4465 2278 4516 ἐστι.
2318 4465 2426 4516 Kal
2459 4462 2568 4531 γάρ
2599 4464 2716 4516 ἐκεῖ
2747 4461 2971 4534 λουτρὸν
3000 4464 3060 4516 ού
3095 4462 3155 4515 τὸ
3186 4463 3254 4514 δι’
3276 4461 3468 4524 ὕδατος

1881 4545 2026 4614 λέγει
2048 4545 2110 4598 1:6
2144 4545 2453 4610 Ἰουδαϊκὸν,
2480 4545 2614 4599 ἀλλὰ
2639 4546 2729 4600 τὸν
2757 4547 2856 4616 τῆς
2889 4545 3248 4616 συνειδήσεως
3273 4545 3297 4584 δ
3331 4545 3468 4599 καθ-

1881 4628 2076 4699 αρμόν.

1950 4710 2023 4778 γ’.
2048 4709 2340 4781 Γενώμεθα
2368 4712 2546 4765 τοίνυν
2577 4713 2672 4766 καὶ
2705 4715 2862 4785 ἡμεῖς
2895 4713 3122 4782 καθαροί
3149 4733 3160 4744 ·
3203 4710 3466 4783 μάθωμεν

1881 4792 2045 4848 καλὸν
2073 4797 2268 4849 ποιεῖν.
2296 4796 2360 4848 Τί
2388 4795 2441 4848 δέ
2473 4800 2590 4850 ἐστι
2623 4797 2684 4850 τὸ
2705 4798 2903 4861 καλόν;
2935 4799 3177 4865 Κρίνετε
3203 4796 3466 4865 ὀρφανῷ,

1881 4875 1980 4929 καί
2011 4876 2366 4932 δικαιώσατε
2394 4878 2617 4946 χήραν·
2651 4881 2748 4933 καὶ
2787 4880 2979 4940 δεῦτε.
3015 4879 3111 4932 καὶ
3139 4878 3470 4949 διαλεχθῶ·

1875 4974 2011 5026 μεν,
2061 4961 2222 5028 λέγει
2281 4961 2513 5028 Κύριος.
2562 4962 2736 5024 Πολὺς
2781 4956 2934 5026 οὗτος
2976 4965 3004 5015 ό
3049 4963 3203 5030 λόγος
3241 4963 3299 5015 ἐν
3346 4964 3470 5026 ταῖς

1881 5040 2124 5110 Γραφαῖς
2174 5046 2282 5096 τῶν
2323 5045 2508 5115 χηρῶν
2552 5047 2646 5098 καὶ
2692 5044 2801 5097 τῶν
2847 5043 3100 5115 ὀρφανῶν
3124 5060 3138 5073 ·
3172 5044 3290 5098 ἀλλ’
3336 5045 3470 5115 ἡμῖν

1880 5124 2054 5186 οὐδεὶς
2092 5126 2280 5178 τούτου
2320 5128 2495 5194 λόγος.
2531 5127 2722 5181 Καίτοι
2766 5127 2830 5194 γε
2876 5129 3129 5197 ἐννόησον
3177 5128 3366 5198 ἡλίκον
3404 5127 3468 5182 τὸ

1881 5207 2134 5261 ἔπαθλον.
2177 5210 2311 5262 Ἐὰν
2356 5206 2491 5272 ὦσι,
2527 5211 2711 5281 φησὶν,
2747 5213 2807 5264 al
2857 5211 3132 5280 ἁμαρτίαι
3177 5210 3346 5280 ὑμῶν
3386 5212 3468 5278 ὡς

1880 5291 2217 5356 φοινικοῦν,
2251 5294 2330 5358 ὠς
2377 5294 2554 5361 χιόνα
2597 5291 2906 5347 λευκανῶ·
2944 5293 3054 5347 ἐὰν
3083 5292 3152 5345 δὲ
3196 5287 3348 5346 ὦσιν
3387 5295 3468 5360 ὡς

1879 5375 2181 5440 κόκκινον,
2215 5378 2296 5443 ὼς
2335 5377 2500 5445 ἔριον
2541 5377 2838 5432 λευκανῶ.
2877 5377 2988 5429 Καὶ
3037 5376 3146 5448 γὰρ
3181 5377 3466 5446 ἀπροστά-

1878 5472 2063 5513 τευτον
2095 5463 2127 5532 ἡ
2161 5463 2305 5532 χήρα
2324 5479 2336 5492 ο
2368 5463 2459 5515 διὰ
2494 5462 2652 5516 τοῦτο
2683 5461 2885 5532 πολλὴν
2916 5459 3056 5532 ὑπὲρ
3091 5460 3264 5530 αὐτῆς
3295 5461 3468 5512 ποιεῖ-

1942 5630 1968 5671 ἆ
1993 5631 2090 5680 Alii
2109 5632 2271 5689 δώσω,
2302 5630 2385 5677 alii
2409 5629 2648 5676 ἐπιδώσω.
2720 5640 2743 5666 ο
2768 5627 2899 5675 Edlli
2922 5627 3141 5689 κάθηται,
3172 5640 3287 5675 mss.
3333 5639 3463 5688 pene

1877 5705 2052 5743 omnes
2074 5688 2300 5751 κάθημαι,
2325 5702 2437 5751 qua
2475 5689 2893 5751 veraeslleclio.
2932 5688 2991 5735 Et
3021 5691 3169 5751 paulo
3204 5697 3322 5751 σηιε
3340 5690 3462 5738 editi

1875 5756 1999 5817 παρὰ
2022 5751 2108 5800 τοῦ
2135 5747 2353 5817 Πατρός.”
2371 5747 3179 5817 Manuscriptifergqmngs’wapa
3203 5747 3288 5795 τοῦ
3313 5750 3463 5817 Πνεῦ-

1877 5810 2041 5877 ματος,
2068 5821 2122 5877 ει
2166 5810 2266 5877 limi:
2304 5818 2390 5877 esl_
2432 5823 2544 5858 vera
2584 5813 2746 5859 lectio.
2780 5810 2888 5877 Ubi_
2911 5810 3141 5877 τάχθητε
3178 5822 3322 5857 voces
3363 5811 3465 5858 Πα·

1875 5870 1983 5937 τρός
2005 5883 2054 5923 el
2081 5874 2350 5937 Ῐῐνεὺματος
2379 5875 2428 5920 in
2461 5885 2572 5919 mss.
2603 5885 2735 5932 sape
2771 5870 3022 5937 confuqdi,
3058 5871 3172 5931 quia
3203 5877 3462 5930 utramque

1876 5931 2047 5985 vbcem
2071 5939 2142 5982 sic
2180 5935 2396 5995 alterum
2428 5949 2513 5995 πρς
2538 5940 2589 5980 ει
2609 5931 2716 5992 πνς,
2745 5939 2921 5994 eslque
2943 5931 3109 5995 llzlel'p
3134 5940 3186 5995 ει
3209 5949 3235 5978 ν
3269 5945 3317 5979 ιιι
3343 5946 3462 5983 mss.

1875 5998 2096 6058 quandam
2120 5994 2406 6044 simililudo.
2469 5992 2488 6026 ἰ
2513 5995 2609 6058 Alli
2633 5995 2759 6043 ὥστε
2779 5992 2916 6055 ὑμῖις.
2984 5993 3010 6032 Β
3032 5992 3282 6052 ᾹῘιὶἧσαν,
3302 5997 3460 6045 καίτοι

1878 6055 2082 6107 οὐδέπω.
2152 6063 2178 6093 ’³
2204 6057 2300 6106 Alii
2328 6055 2646 6113 δημιουργίας.
