4044 6512
631 410 738 464 6.;3

627 529 731 568 non
758 511 974 570 invenit,
1007 509 1315 579 increpavit,
1348 507 1532 560 dicens
1566 523 1578 557 :
1610 505 1892 570 Numquam
1920 519 1979 556 ex
2008 512 2052 554 te
2081 504 2186 623 (rn-

627 595 738 623 τηις
782 590 1014 623 smn-nim-
1055 582 1108 623 in
1152 580 1508 623 xpiiinilermnn
1550 575 1760 623 tMnith.
1793 574 1883 623 21.
1913 572 2023 623 “ll.
2056 574 2081 623 (
2105 572 2186 623 lllll

627 595 738 636 rtus
782 590 1014 634 nascatur
1055 582 1108 632 in
1152 572 1508 649 sempiternum
1550 575 1760 649 (_Motth.
1793 574 1883 649 2|.
1913 572 2023 632 lSl).
2056 572 2189 649 Quid

648 652 860 707 iecravit
888 650 1054 703 llcus?
1099 665 1222 703 num
1258 643 1405 701 'cniiii
1434 645 1681 699 facultate
1726 645 1926 696 ratione
1975 643 2191 710 praedita

649 732 888 775 ructuuin
918 720 1208 773 ubertatem
1240 715 1418 771 habet?
1434 713 1860 783 annomqtianilo
1880 713 2008 783 vult,
2038 710 2193 783 Grca:

628 801 710 845 tor
751 790 814 843 ad
862 790 1123 843 fructuum
1172 788 1465 841 ubertatem
1512 779 1877 837 efficacitatcm
1933 779 2192 850 largitur?

628 860 824 913 Deinde
870 873 1041 925 neque
1082 868 1286 925 tempus
1316 855 1439 909 illud
1474 854 1568 907 fuit
1617 854 1808 906 ficuum
1844 870 1857 905 :
1892 852 1995 925 hoc
2045 852 2188 925 enim

628 920 968 998 Evangeliuni
996 920 1292 981 attestatur.
1320 926 1447 991 Quis
1486 935 1661 998 autem
1707 922 2063 998 communium
2093 920 2191 973 ltu-

625 991 846 1060 iiiiiiuin,
879 998 1067 1052 nedum
1109 999 1261 1056 Deus,
1298 1005 1535 1063 tempore
1565 994 1936 1066 intempestivo
1963 991 2187 1066 fructum

625 1068 881 1137 requirit?
910 1071 1081 1121 noniie
1110 1079 1184 1123 tu.
1217 1059 1508 1137 Conditor,
1552 1059 1786 1137 tempora
1835 1059 2191 1115 constituisti?

625 1133 799 1193 nonne
845 1148 897 1191 tu
949 1138 1012 1190 ad
1053 1137 1252 1190 fructus
1302 1134 1551 1189 ferendos
1587 1133 1708 1186 anni
1741 1139 2084 1201 tempestates
2128 1143 2191 1182 ac

626 1219 861 1277 tempora
886 1207 1075 1260 dedisti
1098 1206 1116 1259 ?
1142 1206 1275 1277 Quid
1306 1205 1462 1273 igitur
1486 1212 1677 1277 praeter
1696 1199 1899 1277 tempus
1929 1199 2085 1277 quod_
2103 1214 2190 1277 as-

624 1270 868 1347 signasti.
904 1278 1135 1344 reposcis
1150 1270 1183 1328 ‘2'
1202 1270 1495 1347 Enimvero
1517 1274 1563 1347 si
1595 1284 1803 1347 tempus
1840 1270 2029 1347 ﬁcuuin
2064 1270 2190 1322 litis-

620 1339 720 1407 sct,
743 1339 1163 1400 friictuin'auteui
1191 1345 1318 1398 licus
1343 1359 1445 1397 non
1476 1343 1697 1403 tulisset,
1723 1341 1907 1395 fuisset
1930 1339 2081 1407 culpa
2107 1354 2191 1391 na-

624 1417 795 1470 turm?
828 1433 948 1469 num
980 1416 1179 1484 profert
1206 1431 1324 1468 cum
1359 1413 1519 1484 libet?
1549 1428 1615 1466 an
1645 1426 1771 1484 vero
1797 1425 1916 1463 cum
1963 1410 2191 1484 impera-

623 1498 735 1549 tur,
768 1481 1149 1540 fructus—edit?
1188 1485 1477 1552 Quamnam
1510 1483 1666 1552 igitur
1694 1481 1762 1535 ob
1788 1494 2000 1533 causam
2032 1481 2188 1532 ficum

620 1555 892 1625 increpat?
917 1556 1172 1623 Quoniam
1202 1556 1498 1625 passionem
1522 1553 1787 1625 subiturus
1807 1559 1939 1625 erat,
1972 1565 2037 1625 ne
2066 1564 2187 1625 eum

622 1619 835 1695 propter
863 1619 1217 1679 infirmitatem
1255 1623 1359 1695 pati
1390 1622 1775 1685 existimarent,
1818 1620 1872 1695 iu_
1917 1634 1974 1672 re
2020 1619 2189 1695 inani-

622 1688 759 1749 inata
790 1696 1074 1765 potentiam
1105 1688 1377 1758 ostendit;
1401 1702 1457 1746 ut
1486 1707 1544 1746 se
1573 1705 1758 1765 omnes
1777 1690 1873 1765 _qui
1916 1688 2188 1765 contradi-

620 1758 829 1830 cebani,
859 1764 1125 1819 arefacere
1146 1764 1399 1832 potuisse,
1428 1776 1614 1815 omnes
1646 1762 1735 1815 Dei
1777 1759 1957 1832 hostes
1986 1758 2183 1822 delere,

619 1834 966 1889 demonstret.
996 1834 1097 1889 Sed
1126 1830 1372 1902 quoniam
1418 1848 1521 1886 non
1547 1832 1710 1902 venit,
1737 1840 1793 1883 ut
1812 1830 2015 1902 judicet
2038 1845 2190 1880 inun-

618 1903 764 1967 dum,
794 1905 886 1959 sed
916 1914 970 1957 iit
992 1900 1159 1959 salvet
1180 1903 1352 1971 (Joan.
1399 1902 1483 1956 12.
1515 1900 1626 1973 47),
1657 1912 1715 1956 ut
1748 1900 2069 1973 ipsepdixit,
2092 1912 2188 1973 po-

620 1975 835 2028 tentiam
856 1974 1065 2042 quidem
1089 1976 1139 2027 iii
1165 1968 1221 2027 re
1246 1974 1419 2026 anima
1441 1968 1665 2042 carente
1682 1968 1931 2042 ostendit,
1952 1968 2190 2038 benigni-

620 2054 778 2097 tatem
811 2041 985 2098 autem
1014 2044 1314 2097 hominibus
1356 2051 1607 2097 reservat.
1650 2041 1723 2095 lia
1753 2049 1807 2095 et
1853 2041 1936 2093 hic
1962 2054 2102 2093 caeco
2134 2049 2192 2092 ut

618 2123 926 2179 sequeretur
945 2114 1289 2175 concedebat,
1321 2122 1375 2165 iit
1409 2128 1592 2167 recens
1611 2111 1861 2166 memoria
1882 2108 2188 2164 scandalum

619 2182 845 2246 tolleret,
877 2193 933 2238 ut
962 2184 1267 2237 miraculum
1298 2197 1581 2237 coruscans
1608 2182 1885 2237 haberent.
1916 2179 2019 2235 Sed
2063 2193 2188 2231 suc-

616 2253 777 2307 cessit
803 2253 1111 2308 miraculum
1141 2255 1365 2308 alterum
1400 2270 1413 2303 :
1440 2268 1559 2306 nam
1589 2253 1675 2306 ubi
1704 2266 1876 2305 czccus
1907 2252 2075 2303 visum
2105 2264 2189 2302 re-

615 2324 776 2403 cepit,
825 2324 958 2377 alius
984 2325 1155 2403 anima
1201 2339 1371 2379 caecus
1400 2324 1571 2403 visum
1614 2322 1832 2403 recepit.
1881 2318 2189 2403 Quisnille‘.’

619 2388 871 2463 Princeps
920 2394 1349 2463 publicanorum,
1381 2394 1468 2463 qui
1521 2395 1571 2446 in
1604 2388 1841 2461 pecuniis
1878 2388 2190 2463 excutiebat

618 2461 764 2534 (Luc.
786 2460 872 2519 19.
891 2460 969 2534 2),
996 2465 1082 2534 qui
1106 2460 1422 2518 exomcatam
1445 2460 1659 2517 avaritia
1681 2460 2184 2534 aniniam_habebat.

617 2532 754 2586 Nihil
774 2534 912 2588 enim
927 2531 1248 2588 sicanimam
1271 2544 1502 2589 excmcat
1525 2544 1579 2586 ut
1608 2533 1863 2600 pecunias.
1904 2531 2187 2600 Propterea

620 2602 827 2673 Moyses
838 2605 924 2657 ait:
945 2604 1235 2673 Donarenim
1252 2615 1497 2660 exerceam
1508 2597 1675 2657 oculos
1684 2603 1967 2673 hominum.
1985 2597 2029 2673 et
2047 2597 2190 2673 verba

616 2670 751 2739 iusin
768 2685 1046 2740 pervertunt
1064 2672 1254 2743 (Exod.
1276 2674 1365 2728 25.
1385 2674 1437 2728 8.
1461 2673 1606 2726 Deut.
1634 2672 1717 2726 16.
1739 2673 1851 2741 19).
1877 2670 2029 2743 venit
2048 2670 2191 2738 prin-

615 2755 743 2811 ceps
759 2741 1175 2811 publicanorum,
1195 2754 1247 2797 et
1265 2745 1562 2811 pncteribat
1576 2743 1750 2803 Iesus,
1772 2743 1859 2809 qui
1881 2741 2016 2793 tollit
2032 2754 2191 2811 omne

617 2810 906 2893 peccatum,
925 2815 1009 2893 Qui
1025 2814 1206 2866 vitium
1220 2810 1377 2893 omne
1391 2813 1551 2893 delet,
1566 2815 1652 2881 qui
1673 2814 1938 2893 tenebras"
1929 2810 2191 2893 convertit

619 2880 671 2935 in
691 2883 881 2947 lucem,
896 2880 952 2937 et
966 2894 1196 2937 tortuosa
1210 2882 1275 2937 ad
1299 2880 1664 2938 rectitudiiicin
1681 2882 1885 2950 redigit.
1903 2880 2189 2934 Zacchteus

614 2950 795 3006 brevis
823 2962 935 3005 erat
963 2962 1162 3007 statura
1184 2994 1197 3014 ,
1228 2953 1492 3007 desiderio
1521 2962 1764 3007 extentus
1800 2966 1862 3004 ac
1901 2965 2187 3019 procerus;

618 3021 796 3093 brevis
821 3036 1063 3091 corpore,
1105 3037 1330 3093 magnus
1375 3022 1567 3076 affectu
1600 3040 1621 3093 :7
1645 3021 1917 3091 qiurrebat
1944 3021 2089 3074 enini
2115 3019 2191 3071 vi-

620 3092 748 3146 dere
770 3090 981 3157 Jesnm,
1028 3101 1082 3148 et
1126 3090 1227 3145 non
1262 3100 1466 3159 poterat
1504 3093 1573 3145 ob
1614 3092 1922 3145 brevitatem
1951 3098 2186 3153 statura),

622 3172 675 3213 et
699 3177 1075 3232 prteoccupaus
1103 3162 1341 3215 machina
1366 3162 1591 3232 quadam
1620 3162 1719 3215 sibi
1746 3171 2019 3228 comparat
2047 3159 2188 3232 quod

618 3240 833 3300 statura:
848 3230 1059 3288 deerat:
1086 3232 1137 3286 in
1160 3230 1401 3288 arborem
1421 3231 1561 3285 enim
1580 3246 1913 3302 sycomorum
1930 3230 2185 3293 ascendit,

620 3310 675 3355 et
703 3312 1109 3371 praitereuntem
1129 3303 1309 3357 Jesum
1332 3302 1564 3356 videbat.
1599 3312 1666 3355 At
1712 3304 1967 3355 Dominus
2012 3311 2192 3355 nOSIer

620 3371 775 3426 .lesus
802 3373 1061 3455 illiristus,
1092 3372 1159 3428 de
1202 3389 1307 3441 quo
1331 3373 1457 3455 dicit
1484 3372 1701 3453 Paulus,
1866 3373 2192 3455 iioviltlacere

621 3442 1081 3513 superabundanter
1099 3440 1247 3512 quam
1264 3444 1495 3511 petimus,
1518 3452 1604 3495 aut
1625 3444 1949 3513 intelligimus
1974 3440 2187 3513 (Ep/tes.

623 3512 674 3566 ὅ.
694 3510 808 3581 20),
850 3528 954 3567 non
985 3512 1054 3566 illi
1086 3510 1287 3567 tantum
1316 3513 1599 3577 concessit,
1628 3510 1882 3580 quantum
1920 3511 2189 3566 desidera.

624 3581 733 3665 bat,
879 3584 1174 3665 plusquam
1201 3584 1561 3665 exspectabat.
1584 3582 1672 3665 Ille
1693 3583 1835 3665 enim
1864 3582 2043 3665 videre
2072 3590 2189 3635 tan-

622 3661 733 3706 tum
778 3652 1132 3719 desiderabat,
1163 3653 1274 3723 ipse
1314 3668 1440 3707 vero
1477 3653 1719 3723 dignatus
1760 3662 1841 3707 est
1886 3652 2023 3720 apud
2068 3667 2188 3723 eum

621 3723 925 3793 divertere;
972 3724 1167 3793 quique
1186 3722 1426 3777 ’mentem
1452 3722 1568 3793 ejus
1598 3724 1814 3793 intuitus
1842 3734 1977 3786 erat,
2007 3722 2080 3775 ait
2122 3722 2187 3775 ad

624 3792 771 3846 illum
791 3792 810 3863 (
828 3796 971 3861 prius
996 3792 1135 3847 enim
1165 3808 1321 3863 quam
1346 3793 1399 3863 in
1424 3792 1575 3846 ticum
1602 3792 1930 3855 ascenderet,
1956 3793 2187 3845 animum

621 3863 736 3929 ejus
773 3862 1253 3933 animadverterat)
1286 3868 1303 3915 ε
1333 3862 1603 3920 Zacchaze.
1646 3868 1889 3933 festinans
1931 3863 2187 3933 descende.

625 3920 799 4005 [genus
824 3946 1016 4001 auceps
1035 3920 1294 4005 Salvator,
1322 3934 1415 4005 qui
1433 3920 1708 4005 aliarbo're
1729 3934 1957 4005 animam
1984 3920 2189 4005 dcjﬁit.

626 4001 898 4075 lucc/ure,
930 4005 1173 4075 festinans
1202 4001 1464 4056 descende.
1493 4001 1763 4075 Calauiuni
1805 4003 1875 4075 illi
1913 4001 2059 4055 verbi
2101 4017 2193 4075 ex-

626 4074 813 4135 tendit,
858 4073 1061 4127 viscum
1111 4083 1164 4127 et
1201 4074 1459 4143 glutinum
1510 4074 1743 4127 caritatis
1784 4073 2185 4139 circumposuit,

622 4144 763 4211 cepit
800 4159 921 4197 eum
972 4144 1156 4211 pennis
1185 4142 1501 4209 intellectus,
1533 4158 1760 4211 eumque
1789 4143 1838 4196 iu
1865 4152 2062 4196 emtum
2089 4143 2187 4197 Ec-

623 4213 796 4268 clesia:
826 4228 935 4268 suae
983 4213 1178 4268 intulit.
1211 4217 1287 4267 Ac
1317 4213 1437 4268 vide
1474 4212 1596 4281 quid
1652 4214 1825 4276 faciat.
1878 4212 1946 4268 Ut
1989 4213 2191 4268 scilicet

624 4299 729 4337 non
758 4284 1027 4338 existimes
1064 4284 1262 4337 dictum
1294 4282 1422 4336 illud
1447 4285 1495 4338 ei
1524 4284 1629 4337 vim
1660 4284 1932 4344 attulisse.
1975 4284 2067 4338 sed
2097 4284 2190 4338 Dei

625 4352 840 4407 verbum
871 4366 988 4406 esse
1017 4356 1071 4411 id
1095 4353 1234 4422 quod
1275 4361 1563 4418 aucupatur
1588 4362 1641 4407 et
1665 4354 1838 4421 capit,
1884 4353 1959 4406 ait
2006 4352 2191 4407 beatus

626 4423 907 4475 Zacharias
925 4422 1099 4475 (Amas
1117 4424 1169 4475 8.
1190 4423 1241 4475 1.
1269 4438 1365 4475 nou
1389 4420 1692 4475 Zacharias)
1719 4440 1732 4475 :
1755 4424 1818 4475 Et
1838 4421 2071 4475 ostendit
2090 4424 2191 4475 ini-

1719 4440 1732 4476 :
1755 4424 1818 4476 Et
1838 4424 2071 4476 ostendit
2090 4424 2192 4476 ini-

626 4423 907 4503 Zacharias
925 4422 1099 4493 (Amas
1114 4420 1169 4475 Β.
1190 4423 1241 4475 1.
1264 4438 1365 4503 non
1389 4420 1692 4543 Zacharias)
1712 4420 1818 4502 {Et
1838 4421 2071 4476 ostendit
2090 4424 2192 4505 ini-

629 4494 679 4546 lii
705 4493 956 4545 Dominus
978 4506 1069 4545 vas
1090 4505 1328 4560 aucupis.
1360 4492 1567 4545 etdixit
1598 4507 1665 4543 ini
1691 4483 1878 4552 ιι,Νι›ιι
1908 4495 2193 4560 praeteribo

629 4494 679 4546 lii
705 4492 956 4545 Dominus
978 4506 1069 4545 vas
1090 4492 1328 4560 aucupis.
1360 4500 1416 4545 et
1434 4492 1567 4545 dixit
1598 4494 1665 4543 ini

628 4563 874 4630 repulinn
904 4576 1099 4623 meum,
1131 4576 1422 4630 quousque,
1455 4563 1639 4631 inquit,
1672 4562 1814 4615 visco
1854 4576 1973 4613 eum
2002 4575 2212 4628 cepero.

625 4634 697 4687 Ita
723 4634 917 4687 veritas
941 4639 1231 4685 contestata
1260 4642 1340 4683 est
1377 4632 1593 4685 verbniii
1629 4632 1717 4685 Dei
1771 4646 1890 4685 esse
1943 4632 2142 4685 viscum
2175 4673 2191 4697 ,

623 4704 761 4773 quod
785 4713 1052 4771 tamquam
1080 4704 1223 4756 visco
1243 4702 1463 4773 caritate
1490 4703 1693 4754 animas
1721 4700 1955 4773 implicet
1983 4713 2037 4755 et
2065 4703 2194 4757 irre-

628 4771 739 4839 tiat;
761 4781 879 4829 etut
908 4773 1165 4841 glutinum
1198 4771 1322 4825 illud
1343 4788 1445 4824 non
1467 4780 1639 4839 potest
1667 4772 1915 4841 deinceps
1945 4774 2084 4842 quod
2118 4783 2195 4827 te-

628 4852 802 4905 netur,
832 4842 899 4894 ab
946 4856 1010 4896 eo
1055 4842 1491 4910 divellere__qnod
1549 4850 1723 4906 tenet;
1782 4844 1848 4895 ita
1898 4855 1950 4896 et
2005 4844 2194 4898 animae

625 4910 886 4965 Salvatori
917 4912 1075 4983 unita:
1101 4913 1248 4979 quasi
1279 4905 1478 4983 glutino
1511 4905 1735 4977 quodam
1764 4915 1983 4980 aucupis
2010 4915 2195 4983 agglu-

628 4985 878 5035 tinantur.
930 4976 1132 5051 Idcirco
1168 4976 1352 5050 captus
1386 4982 1474 5035 ille
1501 4976 1781 5050 pra'clarus
1815 4976 1987 5051 pullus
2034 4976 2193 5037 David

625 5052 834 5105 dicebat
875 5074 887 5107 :
911 5050 1427 5124 Aggluttnatauuimu
1456 5068 1563 5124 mea
1592 5062 1699 5121 post
1729 5063 1775 5106 te
1802 5050 1969 5124 (’Psal.
2003 5053 2090 5107 6‘2.
2115 5057 2191 5124 9);

626 5132 681 5185 et
696 5136 882 5196 rursus
897 5120 1213 5196 Apostolus,
1228 5120 1684 5196 Qtti_ttgglttliiitttu_s
1710 5134 1795 5196 cst
1812 5120 2050 5187 Domino,
2070 5120 2195 5196 unus

598 5194 833 5261 spiritus
880 5190 963 5245 αἱ
994 5196 1066 5257 (l.
1102 5193 1217 5247 (lor.
1242 5190 1294 5245 6.
1329 5192 1437 5259 17).
1467 5191 1617 5259 Capit
1647 5192 1981 5255 ZHCCllﬂ‘um,
2029 5202 2081 5247 et
2129 5194 2195 5247 ab

627 5263 818 5342 arbore
847 5263 1051 5331 dejicit,
1082 5277 1244 5342 seque
1288 5262 1338 5315 in
1371 5262 1765 5342 tabernaculum
1792 5264 1905 5342 ejus
1938 5263 2191 5342 immittit,

629 5331 769 5399 quod
799 5332 910 5399 ipse
936 5334 1194 5401 quondam
1244 5331 1471 5401 peccatis
1499 5332 1708 5399 quidem
1752 5337 1859 5387 suis
1891 5335 2194 5388 iiiobscura-

631 5412 733 5461 rat,
766 5401 920 5455 hodie
937 5418 1063 5455 vero
1092 5404 1297 5469 pietatis
1324 5402 1583 5456 luminare
1614 5403 1960 5456 collustravit.
1998 5403 2065 5459 Ut.
2097 5404 2193 5471 igi-

632 5480 716 5524 tur
745 5471 1008 5539 ingressus
1053 5482 1133 5525 est
1158 5470 1418 5539 Salvator,
1449 5472 1682 5541 gaudens
1709 5473 1849 5527 illum
1889 5470 2195 5538 publicanus

632 5545 857 5608 excepit.
906 5540 948 5594 Ο
977 5542 1219 5596 eximiam
1259 5545 1459 5596 Domini
1499 5544 1819 5598 bonitatem!
1852 5544 1950 5611 Qui
1979 5558 2197 5609 peccare

635 5628 738 5664 non
770 5621 957 5679 potest,
985 5615 1491 5684 cum_peccaloribus
1522 5624 1761 5670 versatur
1798 5632 1808 5666 :
1842 5618 1955 5669 fons
1978 5616 2195 5684 iustitia:

633 5696 751 5755 cum
781 5684 996 5735 materia
1023 5691 1074 5734 et
1100 5681 1282 5755 fomite
1310 5684 1609 5751 injustitia};
1641 5685 1805 5739 fomes
1834 5681 2025 5755 quippe
2056 5688 2194 5752 inju-

635 5752 790 5803 stitia:
819 5761 900 5822 est
943 5753 1180 5804 avaritia.
1218 5753 1482 5819 Ingressus
1508 5764 1589 5807 est
1635 5757 1683 5809 iu
1734 5752 1877 5810 mdes
1910 5752 2191 5822 ptiblirani,

641 5812 1084 5875 iionut'tencbi'is
1117 5812 1347 5877 avaritia:
1392 5823 1673 5877 Itcderetur
1726 5823 1817 5877 sed
1872 5812 1928 5877 ut
1975 5812 2192 5892 justitite

2102 386 2369 443 SPl'RIA.

3820 382 3917 440 5234

2303 500 2589 567 splendore
2614 500 2886 555 avaritiam
2917 499 3140 554 deleret.
3170 500 3249 553 Ac
3275 498 3406 552 vide
3439 513 3557 551 rem
3590 499 3913 553 mirabilem.

2300 570 2562 624 Continuo
2616 569 2898 624 Zaccliaius
2959 567 3106 623 stans
3156 579 3283 623 ante
3335 568 3680 622 vestibulum
3740 570 3911 622 dicit:

2298 640 2547 697 Domine.
2590 640 2854 693 dimidium
2897 639 3141 693 bonorum
3189 654 3423 693 meorum
3474 642 3544 691 do
3602 644 3913 707 pauperies:

2296 709 2448 779 (Luc.
2484 711 2570 765 19.
2602 709 2680 779 8).
2707 709 2948 763 Nondum
2975 710 3195 763 edoctus
3221 724 3303 774 es,
3324 718 3383 779 et
3406 708 3645 762 obedis?
3669 714 3912 763 nendum

2296 776 2549 844 didicisti,
2582 776 2934 833 et'custodisti
2954 779 2979 833 ?
3001 779 3139 833 Nihil
3167 779 3303 833 dixit
3329 776 3611 842 Salvator,
3644 780 3785 833 nihil
3814 784 3907 831 duo

2296 851 2407 903 cuit
2434 867 2447 900 :
2479 865 2581 902 non
2627 849 2693 903 de
2721 850 3057 923 elecmosyna
3087 857 3360 919 praecepta
3393 848 3628 901 dedeiat
3651 889 3667 911 ,
3700 851 3905 923 nonad

2300 934 2585 988 pauperum
2634 934 2869 973 amorem
2912 922 3224 975 cohortatus
3260 928 3381 972 crat
3425 928 3538 971 tuin
3596 922 3901 987 temporis;

2298 989 2391 1042 sed
2422 990 2648 1053 tacebat,
2674 1000 2727 1043 et
2753 994 2951 1044 sensim
2981 988 3296 1049 irradiabat;
3332 998 3384 1042 et
3414 989 3551 1042 solis
3582 992 3635 1041 in
3666 1005 3897 1051 morem,

2296 1060 2384 1128 qui
2427 1059 2631 1113 inlusus
2684 1076 2776 1128 per
2808 1060 2987 1113 radios
3017 1059 3256 1117 iii-miles.
3286 1072 3395 1113 non
3422 1059 3595 1112 verbo
3623 1059 3865 1112 illustrat
3886 1102 3901 1121 ,

2296 1128 2388 1183 sed
2433 1130 2544 1197 ipsa
2588 1145 2680 1183 sua
2721 1129 3038 1185 efﬁcacitate
3092 1128 3407 1183 illuminat:
3454 1129 3525 1181 ita
3557 1139 3615 1182 et
3644 1129 3904 1183 Salvator

2298 1200 2566 1265 ingressus
2590 1240 2604 1263 ,
2654 1200 2872 1267 iustitiae
2917 1200 3081 1254 radiis
3110 1199 3382 1266 injustitia:
3429 1213 3650 1253 cursum
3685 1200 3851 1267 ejecit
3884 1218 3893 1248 ;

2297 1267 2411 1321 Lua:
2430 1270 2570 1339 enim
2598 1270 2651 1321 in
2678 1269 2889 1323 tenebris
2909 1270 3058 1332 lucet,
3085 1278 3141 1323 ut
3164 1270 3331 1339 inquit
3352 1270 3687 1338 evangelista
3708 1267 3894 1338 (locis.

2297 1341 2347 1392 1.
2380 1340 2460 1406 5).
2502 1338 2736 1406 Domine,
2762 1339 3027 1392 dimidium
3075 1338 3318 1393 bonorum
3364 1356 3598 1391 meorum
3638 1340 3708 1391 do
3762 1358 3888 1406 pau-

2295 1410 2511 1477 peribus.
2543 1409 2706 1463 Recte
2752 1409 2937 1464 dividit
2980 1410 3251 1463 avaritiam
3274 1450 3288 1471 ,
3318 1409 3518 1463 scindit
3544 1410 3891 1476 iniustitiam.

2294 1476 2573 1532 Dimidium
2597 1481 2836 1533 bonorum
2858 1496 3099 1533 meorum.
3128 1478 3295 1539 Omne
3311 1480 3454 1546 quod
3483 1480 3758 1545 integrum
3788 1494 3889 1537 est,

2295 1551 2570 1604 robustum
2590 1560 2672 1603 est
2701 1559 2755 1604 et
2777 1558 2984 1618 potens,
3012 1546 3293 1603 discissum
3320 1558 3501 1602 autem
3528 1549 3888 1604 imbecillum.

2294 1618 2575 1673 Dimidium
2622 1619 2865 1673 bonorum
2915 1636 3157 1675 meorum.
3213 1618 3257 1674 0
3307 1634 3494 1673 vocem
3539 1621 3887 1687 praclarum,

2293 1703 2410 1756 quc
2440 1691 2599 1743 vincit
2630 1699 2894 1752 naturam,
2929 1691 3013 1744 vel
3046 1691 3251 1757 potius,
3283 1704 3403 1757 qua:
3430 1690 3886 1743 consuetudinem

2293 1761 2487 1825 vincit;
2520 1762 2683 1814 altera
2711 1760 2969 1827 siquidem
2998 1768 3184 1813 natura
3223 1760 3577 1813 consuetudo.
3633 1758 3883 1829 lnexple-

2293 1829 2451 1884 bilem
2488 1831 2831 1900 cupiditatem
2857 1831 3035 1897 ejecit,
3083 1831 3359 1883 veritatem
3406 1831 3625 1898 agnovit
3658 1845 3673 1880 :
3713 1829 3885 1880 Dimi-

2294 1899 2431 1952 dium
2475 1902 2717 1954 bonorum
2769 1916 2991 1953 mearum
3018 1900 3083 1953 do
3112 1900 3416 1969 pauperibus
3436 1916 3457 1952 :
3481 1910 3528 1951 et
3552 1901 3600 1953 si
3638 1900 3769 1969 quid
3788 1901 3886 1952 ali—

2292 1986 2436 2038 quem
2482 1971 2800 2039 defrauduvi,
2848 1972 2890 2023 si
2942 1970 3065 2038 quid
3114 1984 3209 2039 per
3254 1970 3578 2022 calumniam
3635 1972 3879 2027 extorsi.

2292 2041 2447 2094 reddo
2477 2038 2837 2108 quadruplum.
2894 2040 2989 2093 Hic
3017 2038 3296 2109 diligenter
3338 2040 3879 2109 animadvertendum

2294 2120 2497 2164 estnon
2528 2127 2593 2165 ex
2622 2110 2870 2179 injustitia
2898 2111 3091 2173 solum,
3120 2108 3214 2164 sed
3244 2124 3310 2163 ex
3338 2112 3576 2177 paternis
3596 2108 3881 2179 laeultaii.

2295 2180 2394 2234 bus
2441 2178 2681 2235 Zacchmi
2726 2195 2855 2247 opes
2884 2180 3187 2234 constitisse
3210 2219 3226 2244 ,
3261 2193 3325 2233 ac
3371 2189 3553 2248 partas
3584 2178 3759 2235 fuisse
3790 2200 3807 2237 :
3838 2184 3876 2231 si

2293 2252 2438 2304 enim
2469 2269 2531 2306 ex
2562 2251 2815 2319 injustitia
2848 2248 3105 2313 fuissent,
3134 2249 3403 2317 quomodo
3444 2249 3744 2319 quadrupla
3800 2267 3881 2303 rc-

2292 2321 2512 2377 stitucre
2553 2321 2815 2391 potuisset
2856 2336 2916 2391 ea
2948 2335 3066 2391 qua:
3094 2320 3349 2391 ceperat?
3377 2319 3485 2373 Cur
3510 2321 3656 2391 enim
3690 2321 3791 2384 ait,
3823 2322 3881 2375 Si

2292 2392 2413 2459 quid
2429 2389 2641 2461 aliquem
2666 2390 2984 2461 defrauduri,
3022 2389 3177 2443 reddo
3198 2389 3571 2461 quadruplum?
3594 2392 3704 2444 Etsi
3736 2394 3877 2444 enim

2293 2464 2346 2514 in
2395 2459 2656 2516 scelerum
2690 2459 3000 2529 impunitate
3027 2461 3186 2515 vitam
3229 2460 3559 2524 traduxerat,
3593 2470 3775 2514 tamen
3809 2461 3880 2514 le-

2293 2546 2411 2601 gem
2440 2541 2660 2586 noverat
2691 2549 2704 2584 :
2734 2531 2885 2601 jubet
2910 2530 3051 2584 enim
3080 2530 3163 2584 lex
3202 2530 3368 2584 furem
3414 2530 3465 2583 in
3515 2530 3874 2600 quadruplum

2297 2600 2489 2654 furtum
2517 2604 2817 2656 restituere.
2852 2600 2912 2654 Si
2935 2601 3065 2669 quis,
3098 2601 3284 2670 inquit,
3318 2602 3696 2670 [uratusfuerit
3716 2618 3873 2661 orent,

2295 2681 2348 2751 e_t
2369 2670 2674 2751 innotuerit,
2701 2670 2877 2751 reddat
2904 2682 3119 2751 quatuor
3151 2669 3263 2751 ores
3290 2669 3482 2751 (and.
3514 2669 3619 2751 22.
3641 2672 3716 2751 1).
3740 2671 3873 2751 Qua

2294 2742 2550 2809 druplicat
2576 2756 2781 2809 pinnam
2807 2741 2966 2800 Deus.
2984 2741 3063 2794 vel
3080 2740 3252 2807 potius
3272 2740 3546 2805 muletam,
3564 2740 3683 2794 utsi
3702 2746 3877 2795 minus

2294 2811 2378 2865 lex
2410 2814 2651 2866 timorem
2696 2812 2932 2875 incutiat,
2968 2811 3159 2864 inuicta
3196 2810 3397 2880 pudore
3436 2810 3637 2865 alliciat
3666 2829 3679 2861 :
3711 2828 3875 2880 saepe-

2295 2896 2520 2935 iiumero
2564 2895 2794 2950 namque
2841 2881 3011 2943 multi,
3059 2881 3147 2949 qui
3194 2879 3363 2949 legem
3396 2895 3502 2934 non
3534 2879 3867 2940 reverentur.

2292 2952 2541 3005 mulctain
2574 2960 2897 3006 reverentur.
2923 2951 3318 3021 Seipsumiergo
3344 2951 3691 3017 condemnat,
3712 2967 3876 3021 neipie

2294 3021 2608 3091 sententiain
2633 3022 2760 3091 legis
2776 3020 3067 3090 eXSpecta’t,
3096 3020 3188 3075 sed
3207 3022 3319 3091 ipse
3341 3023 3397 3074 lit
3417 3024 3502 3076 lex
3530 3024 3580 3075 in
3608 3024 3873 3090 seipsum:

2292 3090 2442 3145 Iusto
2469 3093 2603 3146 enim
2629 3090 2711 3145 (es
2739 3108 2838 3146 non
2877 3101 2947 3144 est
2976 3092 3139 3159 posita
3168 3091 3242 3162 (1.
3266 3090 3400 3162 Tini.
3430 3093 3479 3146 1.
3513 3091 3591 3161 9).
3639 3093 3876 3146 Salvator

2295 3164 2473 3232 itaque
2499 3162 2636 3216 hanc
2662 3177 2847 3232 vocem
2874 3160 3269 3232 excipiens,'ait
3294 3178 3309 3213 :
3344 3160 3513 3215 Hodie
3539 3160 3685 3216 salus
3705 3164 3874 3215 damni

2295 3233 2412 3285 huic
2442 3238 2577 3299 facta
2602 3242 2675 3285 est
2698 3232 2716 3301 (
2736 3231 2856 3285 Luc.
2896 3231 2976 3285 19.
2997 3232 3089 3301 9).
3132 3232 3245 3301 Ipse
3271 3232 3505 3301 si'ipsum
3541 3233 3869 3299 juSIil‘icaiit.

2296 3316 2399 3356 non
2430 3313 2707 3371 propterea
2750 3302 2889 3369 quod
2932 3302 3537 3371 Cliristumsiinpliciter
3563 3304 3734 3367 vidit,
3782 3304 3869 3357 sed

2294 3374 2416 3441 quia
2434 3370 2639 3427 Christi
2672 3372 2871 3441 legibus
2900 3373 3152 3427 ohedivit.
3200 3370 3367 3425 Hodie
3387 3374 3527 3425 salus
3563 3374 3743 3426 domui
3766 3376 3874 3426 huic

2295 3446 2430 3513 facta
2459 3454 2551 3508 est,
2579 3458 2637 3496 eo
2676 3442 2886 3513 quodet
2914 3444 3022 3511 ipse
3048 3442 3185 3509 ﬁlius
3213 3444 3276 3496 sit
3306 3442 3543 3513 Abrahae.
3577 3445 3871 3513 Antequam

2294 3512 2453 3577 opera
2496 3514 2652 3567 faciat
2682 3512 2927 3575 Abrahae,
2960 3529 3064 3566 non
3100 3513 3263 3565 lilium
3305 3512 3570 3577 Abrahae,
3610 3517 3705 3568 sed
3740 3512 3871 3568 Zac-

2294 3528 2453 3635 «Ἤδη
2496 3528 2652 3567 taeiat
2682 3528 2927 3575 anranae,
2960 3529 3064 3566 non
3100 3528 3263 3565 unum
3305 3528 3570 3577 annuae,
3610 3528 3705 3568 seu
3742 3528 3871 3568 Lac-

2292 3599 2322 3637 c
2363 3600 2497 3637 :eum
2530 3583 2753 3651 simplici
2798 3584 3012 3637 nomine
3038 3582 3267 3650 appellat
3299 3601 3313 3635 :
3347 3583 3436 3637 ubi
3476 3598 3607 3639 vero
3655 3586 3873 3651 patriar-

2293 3652 2410 3707 chm
2436 3669 2594 3722 opera
2619 3653 2873 3722 implevit,
2907 3652 3009 3707 fide
3022 3652 3143 3705 data
3175 3668 3233 3705 se
3264 3668 3555 3722 pauperum
3584 3664 3869 3709 amatorem

2296 3724 2428 3787 fore,
2478 3726 2729 3793 omnique
2763 3723 3026 3789 iniquitati
3058 3723 3300 3776 nuntium
3330 3726 3681 3778 remissurum
3702 3766 3719 3790 ,
3751 3735 3870 3779 tunc

2296 3795 2550 3863 temporis
2569 3795 2663 3857 ait,
2695 3793 2761 3846 Et
2792 3794 2890 3848 iste
2912 3793 3059 3863 ﬁlius
3088 3804 3169 3848 est
3196 3794 3442 3847 Abralue.

2364 3861 2421 3917 4.
2448 3865 2510 3917 Et
2541 3879 2637 3917 nos
2664 3864 2824 3933 igitur
2845 3904 2859 3925 ,
2900 3861 3093 3917 fratres
3114 3905 3130 3928 ,
3173 3864 3275 3917 etsi
3298 3864 3586 3919 Christiani
3613 3879 3797 3921 sumus
3818 3879 3868 3920 et

2294 3934 2523 3993 dicimur
2548 3975 2563 3999 ,
2614 3933 2741 3987 nihil
2768 3934 2838 4006 ita
2868 3949 2964 3987 nos
2991 3933 3323 3987 Christianos
3357 3935 3694 3990 demonstrat
3722 3946 3869 4006 atque

2294 4020 2453 4073 opera
2481 4006 2737 4059 veritatis.
2767 4002 2845 4059 Ne
2888 4019 3015 4073 ergo
3056 4005 3253 4059 nostris
3281 4005 3533 4073 operibus
3556 4021 3753 4060 nomen
3782 4002 3866 4059 im-

2293 4085 2461 4130 strum
2492 4074 2952 4145 ignominirenota
2985 4076 3287 4145 inurauius,
3318 4075 3411 4129 sed
3457 4077 3868 4132 condecoreinm

2292 4144 2542 4215 operibus
2584 4144 2762 4199 fidem.
2805 4144 2924 4198 Filii
2969 4144 3195 4199 Abraha:
3241 4156 3456 4215 propter
3496 4146 3659 4201 fidem
3708 4151 3864 4204 vocati

2293 4230 2505 4280 sumus;
2533 4230 2782 4269 vocemur
2809 4223 2863 4268 et
2891 4225 3107 4283 prepter
3144 4230 3304 4283 opera
3337 4218 3472 4268 bona
3501 4218 3596 4269 lilii
3625 4219 3863 4271 Ασὴηιιω.

2292 4286 2446 4353 Quod
2477 4287 2618 4340 enim
2646 4285 2825 4339 dicere
2850 4288 2958 4353 jam
2988 4300 3254 4355 coeperam
3278 4328 3291 4346 ,
3321 4301 3426 4338 non
3453 4288 3702 4355 corporis
3727 4289 3867 4341 nobi-

2296 4358 2415 4410 litas
2444 4356 2740 4426 rqumritur,
2788 4355 2881 4409 sed
2923 4369 3128 4426 morum
3171 4359 3538 4423 congruentia.
3588 4356 3865 4426 Prnpterci

2296 4425 2563 4480 Abraham
2593 4433 2648 4499 et
2689 4424 2833 4479 Isaac
2861 4436 2914 4479 et
2954 4424 3117 4499 Jacob
3142 4433 3197 4479 et
3225 4426 3539 4499 patriarcha:
3566 4424 3759 4483 omnes
3784 4443 3865 4499 sy-

2297 4510 2551 4565 nagogain
2578 4496 2924 4564 abiicgarunt,
2955 4497 3073 4564 quia
3101 4505 3306 4563 patrum
3338 4495 3727 4554 ﬁdei‘hmredes
3753 4495 3866 4553 suc-

2296 4581 2640 4636 cessoresqne
2683 4581 2786 4619 non
2829 4566 3037 4620 fuerant
3061 4583 3074 4617 :
3098 4566 3375 4635 abnegavit
3416 4582 3543 4621 suos
3574 4570 3863 4629 Abraham,

2295 4638 2542 4707 quoniam
2576 4636 2729 4707 fidem
2761 4636 2876 4705 ejus
2915 4637 3099 4690 sectati
3134 4652 3235 4707 non
3267 4647 3391 4691 sunt
3417 4654 3432 4693 ;
3462 4639 3747 4707 abnegavit
3782 4654 3865 4694 eos

2298 4705 2351 4760 et
2404 4706 2548 4761 Isaac
2587 4715 2642 4761 et
2685 4705 2848 4761 Jacob
2884 4714 2937 4759 et
2984 4706 3294 4775 patriarcha:
3341 4722 3528 4761 omnes
3560 4724 3574 4759 :
3602 4705 3709 4775 qui
3736 4710 3861 4764 enim

2300 4778 2464 4849 Deum
2503 4776 2827 4849 abnegavit,
2862 4790 2981 4849 eum
3025 4776 3266 4849 abnegat
3289 4790 3339 4849 et
3362 4787 3593 4849 natura.
3626 4776 3730 4834 Sed
3760 4783 3862 4849 quis

2299 4847 2508 4903 tandem
2538 4845 2685 4901 locus
2713 4848 3016 4901 testimonio
3039 4861 3136 4901 suo
3158 4845 3399 4914 probabit
3422 4847 3696 4902 Abraham
3718 4845 3861 4903 abne-

2298 4931 2450 4986 gasse
2472 4914 2719 4982 Judzeos,
2766 4932 2832 4971 ne
2858 4916 3131 4971 videamur
3169 4926 3435 4987 tamquam
3483 4918 3535 4970 in
3582 4920 3861 4973 hostessu-

2295 4988 2478 5041 dacter
2507 4988 2603 5039 ista
2642 4987 2877 5056 jactare,
2924 4987 3017 5041 sed
3048 4995 3313 5054 tamquam
3353 4989 3552 5054 peccati
3587 5003 3711 5042 reos
3743 5004 3858 5041 con-

2298 5057 2544 5111 vincere?
2566 5057 2759 5111 Bcatus
2786 5056 3048 5111 Jereinias
3074 5056 3226 5126 (lsai.
3248 5057 3333 5111 63.
3360 5059 3445 5111 16.
3478 5067 3523 5110 et
3550 5058 3643 5113 64.
3669 5060 3859 5115 tl.noa

2299 5126 2566 5197 lemnius)
2587 5143 2651 5181 ex
2676 5128 2852 5196 populi
2879 5142 3101 5195 persona
3124 5128 3201 5181 sic
3222 5128 3325 5197 ait;
3356 5127 3601 5192 Domine,
3626 5130 3862 5183 miserere

2300 5199 2463 5251 nostri
2486 5218 2498 5251 :
2526 5196 2677 5253 mons
2701 5210 2756 5253 et
2775 5199 2960 5251 civitas
2980 5213 3134 5264 quam
3163 5196 3546 5251 benedixcrunt
3582 5211 3759 5267 patres
3781 5215 3860 5252 no-

2297 5268 2391 5320 stri
2421 5308 2436 5331 ,
2479 5268 2611 5322 facta
2643 5277 2725 5323 est
2754 5269 2857 5337 igni
2889 5269 3200 5321 combusta:
3226 5278 3299 5328 tu,
3332 5268 3553 5322 Domine
3573 5309 3591 5330 ,
3624 5268 3859 5324 miserere

2300 5338 2486 5391 nostri.
2520 5338 2650 5401 Quia
2686 5340 2939 5393 Abraham
2962 5354 3062 5391 non
3089 5340 3317 5408 cognovit
3345 5354 3468 5402 nos,
3499 5349 3543 5391 et
3571 5337 3741 5392 Israel
3775 5357 3858 5393 non

2297 5409 2498 5479 agnovit
2527 5424 2650 5461 nos:
2675 5418 2727 5461 tu
2751 5451 2764 5471 ,
2808 5410 3030 5464 Domine
3052 5450 3065 5472 ,
3102 5422 3259 5478 parce
3286 5409 3460 5462 nobis.
3492 5410 3718 5474 Quando
3754 5411 3855 5479 qui-

2296 5478 2453 5543 dem,
2488 5478 2693 5546 inquit,
2740 5481 2771 5531 ii
2811 5481 2998 5548 quibus
3025 5480 3341 5548 gloriamur,
3390 5492 3420 5531 a
3468 5480 3625 5533 nobis
3664 5478 3853 5533 alienati

2300 5559 2444 5613 sunt,
2486 5559 2537 5601 et
2569 5560 2801 5601 nostrum
2838 5564 3001 5617 genus
3029 5550 3358 5617 abnegarunt
3384 5566 3396 5600 :
3422 5557 3475 5601 tn
3507 5550 3673 5608 nostri
3714 5550 3851 5602 mise~

2301 5633 2437 5679 rere,
2472 5618 2560 5686 qui
2590 5633 2775 5672 omnes
2803 5634 3021 5687 superas
3052 5618 3397 5687 benignitate.
3429 5618 3671 5673 Miserere
3694 5621 3845 5675 nostri.

2300 5692 2417 5755 quia
2444 5690 2700 5741 Abraham
2729 5706 2827 5741 non
2870 5691 3095 5759 cognovit
3130 5706 3240 5743 nos.
3278 5689 3333 5743 Si
3364 5690 3508 5743 enim
3547 5703 3636 5743 res
3660 5700 3846 5757 nostras

2302 5773 2424 5811 suas
2448 5759 2682 5819 duceret,
2718 5774 2892 5814 nonne
2921 5776 3012 5828 pro
3034 5759 3154 5812 ﬁliis
3173 5760 3283 5813 suis
3304 5759 3616 5828 deprecator
3634 5770 3683 5811 rt
3707 5762 3843 5814 inter-

2308 5842 2488 5882 cessor
2531 5830 2751 5885 fuisset?
2798 5831 2899 5885 Pro
2937 5829 3221 5884 Sodomitis
3252 5830 3563 5900 deprecatus
3593 5841 3841 5892 esus-tati-
