4024 6494
176 424 282 480 εοτ

162 540 301 605 ϐλοι,
334 538 422 606 αἷς
467 532 840 615 ἐγγέγραπται
882 540 951 595 τὰ
992 540 1193 610 φαῦλα,
1221 533 1309 604 αἷς
1347 540 1726 610 ἐγγέγραπται
1770 538 1838 592 τά

162 624 365 690 ἀγαθὰ,
400 625 457 676 ἐν
477 618 566 686 αἷς
584 621 1000 692 ἀναγέγραπται
1030 622 1058 673 6
1092 618 1325 674 ἑκάστου
1363 620 1497 691 βίος.
1528 619 1742 673 Βιϐλίον
1778 618 1838 672 δέ

159 703 342 765 καλεῖ,
368 704 467 755 οὐκ
495 702 682 770 ἐπειδὴ
704 702 877 771 δέρμα
903 702 1019 753 ἐστὶ
1045 700 1200 769 παρά
1223 698 1345 769 Θεῷ
1374 700 1467 752 καὶ
1498 698 1803 770 γράμματα
1822 712 1834 727 ’

162 780 281 835 ἀλλ’
310 782 493 851 ἐπειδὴ
531 783 682 850 παρὰ
714 782 795 833 σοὶ
822 780 882 832 τὸ
921 779 1125 849 βιϐλίον
1154 778 1377 848 μνήμης
1410 779 1558 831 ἐστὶν
1583 777 1834 848 ὄργανον,

160 860 265 931 τὴν
296 859 390 912 τοῦ
422 859 557 912 Θεοῦ
594 860 815 929 μνήμην
841 860 1049 927 ἱστορεῖ
1065 858 1141 920 ὡς
1166 859 1223 909 ἐν
1255 856 1473 927 βιϐλίῳ⁹
1500 854 1703 927 βιϐλίου
1733 857 1842 926 γάρ

162 938 299 1000 Θεὸς
315 938 376 990 οὐ
398 938 620 1010 χρῄζειο
660 936 839 1006 βίϐλος
870 936 975 1008 γάρ
1003 935 1122 1005 Θεῷ
1162 937 1195 1005 ὴ
1240 937 1452 1007 μνήμη.
1490 936 1624 995 Οὐκ,
1652 935 1842 1005 ἐπειδὴ

162 1017 323 1085 ἡμεῖς
351 1019 401 1071 οί
444 1018 722 1087 ἄνθρωποι
761 1013 1223 1081 ἀναγινώσκοντες
1260 1014 1566 1083 προφήτας,
1608 1012 1838 1067 ἀποστό-

163 1103 312 1171 λους,
344 1104 670 1172 Εὐαγγὲλια,
694 1104 753 1156 ἐν
778 1101 981 1173 καρδίᾳ
999 1102 1060 1154 οὐ
1094 1102 1464 1173 περιφέρομεν
1494 1102 1592 1171 τὴν
1618 1104 1841 1171 μνήμην

162 1181 295 1235 ἄνευ
327 1183 553 1253 βιϐλίου,
582 1185 610 1236 6
631 1182 763 1245 Θεὸς
790 1181 995 1251 βιϐλίου
1027 1180 1198 1235 δεῖται
1224 1199 1236 1212 ·
1277 1181 1483 1253 βιϐλίου
1520 1183 1580 1234 οὐ
1606 1182 1776 1235 δεῖται
1809 1184 1840 1251 ἡ

160 1264 317 1333 πηγὴ
355 1264 454 1332 τῆς
506 1264 745 1333 μνήμης.
794 1262 942 1314 Ἐκεῖ
979 1262 1252 1332 γράφεται
1302 1261 1371 1314 τὰ
1411 1262 1639 1332 ἐνάρετα
1682 1261 1837 1334 ἔργα,

160 1344 282 1395 ἐκεῖ
310 1342 667 1414 γράφεταιτά
693 1339 890 1408 φαῦλα.
910 1341 1000 1411 Μὴ
1033 1339 1278 1411 φοϐηθῇς
1298 1342 1360 1393 τὸ
1387 1342 1671 1411 πρόκριμα
1689 1357 1704 1372 °
1736 1342 1840 1395 κᾶν

158 1423 491 1491 καταγραφῇ
524 1437 615 1472 σου
643 1418 712 1472 τά
744 1419 880 1490 ἔργα
908 1419 976 1473 τά
1003 1419 1235 1488 πονηρὰ,
1263 1419 1487 1473 δύναται
1520 1418 1841 1491 ἐξαλειφθῆ-

156 1518 249 1553 ναι
273 1500 362 1553 διά
390 1502 498 1552 τῶν
529 1500 705 1570 ἔργων
736 1499 846 1551 τῶν
879 1498 1103 1567 ἀγαθῶν
1126 1517 1137 1530 ·
1165 1498 1355 1569 ὥσπερ
1393 1499 1557 1553 πάλιν
1583 1500 1675 1552 ἐάν
1702 1516 1839 1570 γραο

155 1582 236 1650 φῇ
260 1596 403 1642 τινος
429 1580 489 1632 τό
518 1579 687 1649 ὄνομα
723 1578 788 1631 δι’
814 1578 1122 1638 εὐσέϐειαν,
1147 1578 1453 1648 άρνήσηται
1486 1578 1542 1631 δὲ
1567 1582 1679 1642 τοῖς
1716 1576 1839 1648 τρό-

156 1676 303 1723 ποις,
328 1659 612 1730 πρόκριμα
642 1659 703 1712 οὐ
731 1660 876 1710 ποιεῖ
900 1659 961 1710 τὸ
980 1659 1257 1728 γραφῆναι
1282 1676 1293 1687 ·
1321 1657 1684 1727 άπαλείφεται
1704 1657 1833 1727 γάρ.

156 1740 281 1794 Ἵνα
308 1739 365 1793 δὲ
405 1738 602 1810 μάθῃς,
630 1740 713 1791 ὅτι
742 1738 1102 1805 ἀπαλείφεται
1130 1739 1157 1790 6
1188 1737 1255 1790 δι’
1276 1737 1561 1791 εὐσέϐειαν
1582 1737 1834 1807 γραφεὶς,

155 1820 258 1872 καὶ
279 1818 367 1872 διά
388 1817 659 1889 ρᾳθυμίαν
687 1816 993 1886 ἐκϐληθεὶς,
1018 1817 1169 1885 λέγει
1204 1817 1369 1869 Δαυίδ
1408 1820 1539 1888 περὶ
1568 1814 1835 1870 Ἰουδαίων

155 1899 270 1953 τῶν
302 1916 432 1951 ποτε
460 1898 801 1969 γραφέντων,
836 1898 932 1950 καὶ
961 1896 1187 1969 ὕστερον
1217 1895 1641 1966 ἐξαλειφθέντων
1660 1913 1674 1928 ⁸
1716 1896 1837 1961 ἐξ-

154 1979 619 2049 αλειφθήτωσιιν
645 1979 713 2032 ἐκ
749 1978 972 2041 ,ϐίϐλου
995 1978 1244 2043 ζώντων,
1281 1978 1380 2032 καί
1405 1978 1555 2047 μετὰ
1589 1977 1839 2032 δικαίων

154 2058 242 2127 μὴ
274 2057 695 2129 γραφήτωσαν.
715 2057 927 2127 Ὥσπερ
956 2055 1331 2126 ἐξαλείφονται
1352 2059 1404 2110 οί
1426 2058 1668 2113 ἄπιστοι.
1695 2055 1839 2110 οὓτω

154 2138 465 2209 γράφονται
498 2139 545 2190 οἱ
589 2136 793 2190 πιστοί.
838 2137 1039 2190 Ἄκουε
1074 2136 1288 2191 Παύλου
1318 2136 1604 2206 λέγοντος*
1638 2134 1839 2190 Ἀσπά-

156 2218 323 2280 ζεσθε
355 2220 479 2281 τοὺς
506 2216 899 2286 ήγαπημένους
929 2218 1061 2284 ἡμῖν
1107 2216 1389 2285 ἀδελφοὺς,
1422 2218 1517 2270 καὶ
1545 2217 1636 2271 τὸν
1675 2217 1838 2279 σύζυ-

153 2315 258 2369 γον
287 2297 449 2351 Μετὰ
480 2296 829 2366 Κλήμεντος
855 2297 952 2350 καί
981 2296 1101 2350 τῶν
1128 2298 1360 2351 λοιπῶν
1386 2299 1717 2368 συνεργῶν,
1749 2296 1837 2354 ὧν

153 2379 235 2433 τὰ
279 2379 538 2447 ὀνόματα
583 2377 653 2430 ἐν
688 2377 885 2441 ,βίϐλῳ
931 2376 1100 2446 ζωῆς.
1146 2378 1478 2449 Φοϐηθῶμεν
1506 2380 1604 2451 τὴν
1651 2379 1835 2449 βίϐλον

153 2458 379 2529 ἐκείνην
403 2473 416 2487 ·
446 2455 734 2526 φοϐήθητι,
767 2456 841 2527 μὴ
865 2460 1195 2528 καταγραφῇ
1226 2475 1320 2511 σου
1345 2459 1413 2512 τὰ
1432 2460 1802 2531 ἁμαρτήματα
1822 2479 1834 2491 ⁸

153 2537 353 2598 ἐννόει,
383 2535 500 2599 πῶς
538 2534 837 2588 διατίθεσαι
868 2536 959 2589 ἐπὶ
1003 2537 1215 2607 κριτοῦ,
1262 2536 1357 2590 ἐὰν
1404 2540 1651 2612 άνεῳχθῇ
1694 2541 1838 2595 κατὰ

155 2615 258 2670 σοῦ
292 2616 357 2669 τά
400 2616 772 2685 ὑπομνήματα
813 2615 906 2668 ἐπὶ
937 2615 1218 2687 ἄρχοντος,
1261 2618 1553 2688 ἐλέγχοντά
1602 2636 1699 2673 σου
1737 2620 1836 2694 τὴν

151 2695 395 2761 ἀδικίαν,
438 2694 818 2764 στηλιτεύοντά
858 2711 953 2748 σου
985 2696 1083 2766 τὴν
1126 2697 1360 2766 μανίαν·
1406 2699 1681 2769 ἐννόησον,
1711 2700 1833 2763 ὅσος

154 2775 347 2842 φόϐος,
374 2777 497 2838 ὅσος
526 2775 748 2846 τρόμος,
795 2774 913 2839 πῶς
946 2775 1211 2830 κλονεῖται
1244 2777 1311 2830 τά
1350 2776 1506 2847 μέλη,
1542 2777 1660 2841 πῶς
1701 2780 1837 2833 ἀνα-

152 2854 455 2925 ϐράσσεται
485 2853 661 2907 πάντα
697 2852 765 2906 τά
798 2852 967 2916 έντὸς,
1002 2854 1290 2925 ἀνθρώπου
1321 2855 1654 2920 δικάζοντος.
1691 2857 1752 2911 Et
1779 2858 1836 2911 δέ

152 2932 447 3003 ἀνθρώπου
478 2933 788 2996 δικάζοντος
815 2932 1068 2997 τοσοῦτος
1101 2934 1288 3004 φόϐος,
1314 2936 1399 2999 τίς
1430 2937 1719 2999 δυνήσεται
1745 2938 1837 2993 τὸν

155 3012 325 3083 φόϐον
375 3015 581 3065 ἐκεῖνον
626 3012 944 3083 ἱστορῆσαι,
978 3014 1102 3066 καθ’
1140 3015 1199 3067 ὃν
1226 3014 1429 3083 τμέλλει
1481 3016 1688 3087 κρίνειν
1737 3020 1836 3086 τήν

151 3093 484 3163 οἰκουμένην
523 3095 551 3145 6
602 3092 820 3146 πάντων
856 3093 1165 3163 Δεσπότηςς
1202 3094 1389 3148 Ταῦτα
1432 3095 1694 3166 λέγομεν,
1738 3100 1838 3167 οὐχ

155 3172 247 3226 ῖνα
272 3172 620 3243 φοϐήσωμεν,
644 3170 762 3224 ἀλλ’
790 3172 877 3224 ἵνα
900 3172 1345 3243 σωφρονίσωμεν.
1361 3174 1452 3245 Μὴ
1482 3177 1839 3247 προτιμάσθω

150 3252 253 3305 τοῦ
280 3252 515 3323 Χριστοῦ
544 3252 803 3322 χρήματα
822 3267 836 3281 '
872 3251 946 3321 μὴ
981 3253 1339 3323 προτιμᾶσθω
1368 3255 1462 3309 τοῦ
1495 3255 1629 3309 Θεοῦ
1656 3258 1839 3311 ἀδικία

151 3331 253 3385 καὶ
286 3331 589 3397 πλεονεξία.
620 3331 899 3393 Ἤκουσας
932 3330 1063 3395 ,τῶν
1099 3334 1537 3405 προειρημένων,
1563 3337 1646 3389 ὅτι
1676 3338 1838 3409 μέχρι

152 3410 253 3463 τοῦ
290 3410 464 3480 τάφου
503 3412 536 3482 ἡ
585 3410 899 3481 εὐπραγίας
940 3410 1125 3464 Ταῦτα
1163 3415 1297 3483 ήμῖν
1326 3413 1453 3483 χθὲς
1482 3416 1837 3485 ἐγυμνάζετο.

153 3492 225 3545 Τί
264 3489 556 3558 ἀναμένεις
602 3490 694 3543 τὸν
734 3492 902 3558 τάφον
942 3490 1092 3555 τέλος
1126 3492 1380 3559 γενέσθαι
1429 3511 1510 3547 σοι
1542 3495 1633 3548 τοῦ
1684 3495 1837 3565 βίους

165 3570 485 3641 ’Λνάμεινον
516 3569 609 3621 τὸν
634 3569 803 3639 τάφον
826 3567 979 3633 τέλος
1009 3570 1264 3635 γενέσθαι
1295 3586 1377 3624 σοι
1405 3573 1508 3641 τῆς
1546 3574 1714 3644 ζωῆς,
1753 3577 1841 3629 ἵνα

151 3648 243 3703 διὰ
292 3650 390 3719 τῆς
438 3646 721 3719 παρούσης
758 3650 837 3712 είς
869 3649 969 3719 τὴν
1017 3649 1317 3719 μέλλουσαν
1362 3652 1836 3725 διαπορθμευθῇςο

151 3730 444 3799 άγάπησον
476 3727 612 3799 ἔργα
650 3726 999 3797 δικαιοσύνης
1021 3744 1034 3758 ·
1075 3729 1245 3798 τάφος
1275 3730 1444 3794 ἐστὶν,
1478 3733 1535 3785 ἐν
1558 3725 1601 3801 ᾧ
1625 3733 1839 3788 διαλυόο

156 3810 322 3882 μιΘα,
356 3809 525 3877 τάφος
555 3810 613 3859 ἐν
639 3800 684 3875 ᾧ
713 3807 1037 3875 ἀφανίζεται
1072 3808 1131 3861 τὸ
1163 3811 1352 3880 γήϊνον
1389 3800 1604 3875 σκεῦος.
1644 3813 1837 3881 Φύγω-

157 3906 261 3961 μεν
290 3887 390 3957 τήν
425 3886 724 3956 μέλλουσαν
756 3886 957 3957 κρίσιν,
983 3886 1221 3955 ἀδελφοὶ,
1255 3889 1470 3958 δέομαι.
1512 3890 1699 3947 Ταῦτα
1728 3895 1837 3947 πάι

157 3984 388 4038 σχοντας
409 3978 435 4007 ι
462 3966 541 4019 δεῖ
572 3964 771 4033 λέγειν,
796 3965 891 4017 καὶ
928 3965 1239 4037 πάσχοντας
1274 3968 1524 4021 ἀκούειν’
1559 3971 1840 4026 ἀναλάϐω-

158 4064 261 4119 μεν
304 4045 465 4099 πόθον
510 4042 875 4115 δικαιοσύνης.
927 4044 1133 4103 Βλέπε.
1176 4045 1291 4108 πῶς
1323 4046 1469 4119 βοᾷό
1510 4052 1834 4121 προφήτηςο

157 4128 329 4196 Οιμοι
358 4126 472 4193 ἐγὼ
519 4126 607 4189 είς
639 4123 751 4187 τὴν
787 4124 1018 4191 ἡμέραν
1050 4123 1157 4178 τοῦ
1198 4128 1441 4191 Κυρίου,
1475 4126 1563 4180 ὅτι
1590 4128 1772 4198 ἐγγὺς
1799 4133 1836 4200 ἡ

152 4206 349 4274 ἡμέρα
380 4202 620 4270 Κυρίου.
652 4202 714 4254 Εἰ
756 4204 1042 4272 προφήτης
1096 4205 1445 4273 μεμνημένος
1485 4206 1587 4275 τῆς
1620 4209 1837 4279 ἡμέρας

152 4287 373 4356 τρέμει,
406 4285 566 4353 ἡμεῖς
596 4284 643 4334 οί
676 4280 961 4334 ὑπεύθυνοι
996 4282 1212 4351 μυρίοις
1258 4284 1672 4356 ἁμαρτήμασιν,
1708 4290 1834 4341 ἄνευ

155 4364 327 4436 φόϐου
371 4361 858 4434 μνημονεύσομεν;
903 4363 1326 4432 Δυσωπήσωμεν
1383 4363 1473 4415 τὸν
1513 4367 1709 4436 κριτὴν
1748 4367 1837 4422 διὰ

159 4442 469 4515 μετανοίας,
505 4438 879 4509 ἐξαλείψωμεν
917 4440 1073 4509 ἡμῶν
1107 4442 1173 4494 τά
1226 4443 1622 4513 ἁμαρτήματα,
1664 4446 1835 4517 φοδη-

153 4523 341 4593 Θῶμεν
366 4524 579 4591 ἐκείνην
606 4520 705 4591 τὴν
729 4520 965 4591 φοϐεράν
996 4521 1180 4592 φωνὴν
1202 4523 1301 4593 τὴν
1320 4524 1607 4593 λέγουσαν,
1636 4528 1740 4593 Ὃς
1759 4527 1838 4581 ἂν

152 4600 499 4671 ἀρνήσηταί
518 4616 594 4669 με
625 4600 966 4667 ἔμπροσθεν
995 4598 1115 4653 τῶν
1142 4601 1471 4667 ἀνθρώπων
1496 4604 1614 4675 (οὐχ
1643 4606 1671 4658 6
1695 4606 1835 4677 λόγῳ

151 4684 217 4740 δὲ
238 4680 587 4751 ἀρνούμενος,
610 4678 722 4731 ἀλλ’
745 4680 772 4732 6
792 4680 903 4755 τοῖς
921 4680 1144 4749 τρόποις
1166 4680 1521 4750 ἀρνούμενος,
1544 4685 1832 4755 ἀρνεῖται),

152 4761 495 4828 ἀρνήσομαι
523 4758 711 4810 αὐτὸν
737 4754 899 4826 κάγὼ
928 4756 1271 4825 ἔμπροσθεν
1298 4760 1407 4814 τοῦ
1434 4764 1667 4830 Πατρός
1690 4754 1833 4833 μου.

158 4839 272 4904 "Oc
300 4838 375 4892 ἂν
396 4833 893 4905 ὲξομολογήσειεν
918 4835 1042 4906 ἐμὲ,
1068 4838 1426 4909 ὁμολογήσω
1464 4842 1627 4913 κάγὼ
1647 4844 1835 4898 αὑτὸν

152 4918 505 4987 ἔμπροσθεν
548 4914 655 4968 τοῦ
692 4916 915 4983 Πατρός
947 4932 1088 4984 μου.
1127 4916 1189 4969 Εἰ
1215 4917 1285 4970 τά
1328 4919 1548 4989 ῥήματα
1584 4921 1833 4989 ἐξεταζόο

156 5013 323 5068 μενα,
354 4992 583 5065 φοϐερὰ,
612 4993 681 5047 τὰ
712 4994 1012 5065 πράγματα
1039 4992 1315 5064 ὁρώμενα,
1346 4998 1405 5050 οὐ
1443 5000 1642 5069 μᾶλλον
1676 5003 1836 5072 φοϐε-

155 5076 412 5150 ρώτερας
445 5073 749 5153 Ἐννόησον,
782 5071 999 5141 ἀδελφέ,
1037 5074 1129 5153 τόν
1157 5075 1351 5146 κριτὴν
1378 5076 1479 5147 τῆς
1510 5071 1832 5153 οίκουμένης

152 5156 499 5227 καθήμενον,
537 5151 803 5221 ἀγγέλους
827 5151 1223 5232 Δξιταριεσςτιῖῦτας,
1264 5155 1639 5227 άρχαγγέλους
1671 5151 1835 5232 δορυ.

154 5234 483 5306 φοροῦντας,
514 5232 581 5285 τά
630 5229 913 5300 Χερουϐὶμ
948 5229 1271 5311 δοξάζοντα,
1296 5233 1396 5298 τὰς
1434 5229 1836 5311 ὐπερκοσμίους

152 5312 419 5383 δυνάμεις
441 5351 456 5373 ,
486 5312 583 5372 τὰς
629 5310 1365 5383 ὐπερουρανίουςστρατιάς,
1410 5316 1504 5368 καὶ
1538 5318 1596 5370 ἐν
1624 5318 1835 5382 τούτοις

156 5380 311 5439 πασί
330 5383 694 5453 πατριάρχας,
720 5380 1025 5449 προφήτας,
1047 5380 1397 5449 ἀποστόλους,
1416 5380 1831 5456 εὐαγγελιστάς,

161 5463 472 5535 μάρτυρας,
526 5462 621 5514 καὶ
650 5461 775 5521 τούς
814 5462 872 5511 ἐν
902 5460 980 5529 τῷ
1023 5459 1214 5532 κόσμῳ
1245 5462 1511 5531 βασιλεῖς.
1543 5466 1832 5537 ἄρχοντας,

156 5539 378 5613 κριτὰς,
406 5540 696 5601 δυνάστας,
724 5537 1026 5602 πλουσίους,
1058 5538 1317 5608 πένητας,
1347 5542 1581 5609 ἰδιώτας,
1613 5548 1834 5615 σοφοὺς,

158 5621 373 5683 πάντας
403 5619 624 5698 τούτους
658 5618 765 5698 προ
811 5619 902 5670 τοῦ
951 5616 1191 5698 βήματος
1240 5621 1481 5687 ἑστῶτας
1502 5665 1517 5686 ,
1555 5627 1649 5679 καὶ
1683 5625 1834 5698 [129]

159 5701 257 5752 ἐπὶ
283 5697 548 5751 τοσούτων
579 5695 873 5766 μαρτύρων
898 5696 1162 5767 οὐρανίων
1193 5702 1286 5754 καὶ
1320 5702 1578 5771 ἐπιγείων
1611 5695 1837 5773 λέγοντα

227 5883 252 5912 ⁸
282 5881 394 5932 llaec
412 5882 583 5931 mutua
611 5886 658 5932 in
684 5878 831 5929 editis
854 5892 915 5928 ex
944 5879 1133 5932 duobus
1168 5899 1283 5934 mss.
1319 5889 1665 5940 restituuntur.
1712 5892 1838 5941 Sen-

160 5957 249 6015 τηε
268 5950 347 5991 est
368 5981 379 5991 .
403 5944 503 5994 Nan
528 5946 635 6015 sine
660 5946 831 6015 (Qa-lure
856 5950 905 5989 el
934 5943 1098 5995 labore
1130 5949 1193 6015 de
1231 5949 1394 6015 futuro
1421 5953 1598 6009 judicio
1624 5955 1754 6015 loqui
1786 5962 1838 6003 et

162 6006 428 6115 ιοηιιριηρε
453 6010 621 6055 ιιυιίιτρ
657 6005 913 6059 debemus,
950 6010 1182 6070 exemplo
1219 6005 1474 6073 prophesz
1500 6016 1584 6076 qui
1609 6005 1712 6064 ail':
1741 6015 1833 6066 Ηιιί

162 6080 279 6116 mm
320 6080 347 6114 ρ
373 6080 413 6114 c.

1429 417 1515 473 DE
1551 416 1752 474 CAELIO
1793 415 1878 473 ΕΤ
1921 415 2290 475 ΖΑΟΕΙΙᾹΣΟ.

3522 415 3627 471 ίῒθϐ

1948 539 2042 593 τὸν
2065 536 2277 612 κριτὴν,
2299 541 2395 596 καὶ
2423 538 2758 611 ἀρνούμενον
2779 538 2906 602 τοὺς
2936 536 3251 611 ἀλλοτρίους
3280 538 3372 591 ἐπὶ
3401 540 3494 593 τοῦ
3524 543 3628 595 Πα-

1945 620 2104 690 τρός·
2145 620 2498 690 Ὰρνήσομαι
2536 619 2646 689 γὰρ
2673 617 2883 683 αὑτὸν,
2922 618 3076 689 φησὶ,
3110 617 3217 673 τὸν
3254 618 3630 688 ἀρνούμενόν

1945 714 2041 768 με,
2068 697 2410 768 ἔμπροσθεν
2436 697 2545 753 τοῦ
2566 698 2799 766 Πατρός
2824 715 2966 767 μου.
3122 712 3127 717 ’

2023 784 2097 841 ς’.
2143 777 2426 850 Ἐννόησον
2471 777 2636 832 αὐτὸν
2674 775 2933 843 λέγοντα⁶
2962 775 3167 847 Πάτερ,
3212 771 3370 840 οῦτός
3400 794 3500 849 μου
3530 778 3629 847 τὴν

1950 855 2133 909 πίστιν
2154 855 2528 928 ὲξουθένησεν,
2551 850 2709 920 οὗτός
2735 872 2836 926 μου
2859 855 2983 928 τοὺς
3020 853 3184 918 ίδίους
3218 854 3454 920 ἐδίωξεν.
3476 852 3631 921 οὗτός

1950 952 2051 1005 μου
2080 935 2179 1005 τὴν
2207 926 2531 1007 Ἐκκλησίαν
2558 934 2800 1005 ὕϐρισεν,
2821 926 2976 997 οὗτός
3003 950 3105 1005 μου
3134 934 3260 997 τοὺς
3278 936 3448 1008 ίδίους
3470 939 3632 1008 ἐστη-

1946 1012 2209 1078 λίτευσεν,
2240 1012 2393 1079 οὗτός
2424 1033 2526 1087 μου
2570 1015 2662 1068 τὸν
2689 1014 2847 1084 λόγον
2872 1012 3183 1080 διέπτυσεν,
3227 1007 3383 1078 οὗτός
3417 1034 3521 1087 μου
3569 1007 3631 1071 τὸ

1946 1096 2205 1166 κήρυγμα
2258 1097 2625 1167 κατεπάτησε.
2658 1095 2819 1164 Λέγει
2857 1094 2916 1147 δὲ
2963 1094 3157 1160 ταῦτα,
3197 1096 3297 1148 οὐκ
3334 1096 3630 1163 ἀγνοοῦντα

1944 1174 2034 1226 τὸν
2070 1175 2287 1247 Πατέρα
2319 1176 2605 1241 διδάσκων,
2639 1175 2775 1230 ἀλλά
2805 1176 2873 1245 τῇ
2932 1174 3237 1246 κατηγορίᾳ
3287 1175 3377 1228 τὸν
3436 1176 3631 1248 ἐχθρὸν

1946 1254 2288 1324 στηλιτεύων.
2339 1258 2621 1325 Ἐννόησον
2641 1254 2871 1324 λέγοντα
2896 1254 2987 1308 τὸν
3016 1255 3229 1327 κριτὴν,
3266 1257 3393 1310 ὅταν
3426 1258 3633 1333 καλέσῃ

1942 1335 2068 1394 τοὺς
2087 1334 2331 1401 ἐνδόξους
2345 1337 2445 1407 τῆς
2461 1337 2563 1406 γῆς
2588 1334 2907 1406 δεδεμένους
2924 1336 3271 1405 χειροπέδαις
3288 1334 3426 1404 (Τοῦ
3447 1334 3632 1405 δῆσαι

1943 1412 2072 1483 γάρ,
2098 1415 2253 1484 φησὶ,
2282 1416 2425 1480 τοὺς
2458 1415 2757 1485 ἄρχοντας
2784 1412 2983 1468 αὐτῶν
3014 1415 3085 1467 ἐν
3106 1413 3338 1481 πέδαις,
3363 1415 3461 1469 καί
3488 1417 3633 1483 τοὺς

1940 1492 2233 1561 ἐνδόξους
2271 1496 2472 1549 αὐτῶν
2494 1497 2564 1550 ὲν
2590 1492 2967 1565 χειροπέδαις
2990 1492 3312 1563 σιδηραῖς),
3348 1496 3634 1565 παρεστῶ-

1940 1588 2040 1636 τας
2078 1574 2217 1643 μετά
2246 1574 2412 1644 φόϐου
2448 1577 2572 1639 τοὺς
2607 1573 2985 1644 κρινομένους,
3021 1573 3151 1637 τοὺς
3202 1572 3490 1637 δυνάστας.
3537 1578 3631 1629 καὶ

1941 1653 2031 1705 τὸν
2058 1654 2287 1724 Σωτῆρα
2316 1654 2543 1722 λέγοντα
2564 1669 2576 1683 ·
2611 1648 2770 1707 Οὗτοί
2804 1670 2907 1724 μου
2934 1652 3027 1705 τὸν
3053 1652 3212 1722 λόγον
3239 1652 3338 1723 τῆς
3368 1652 3631 1725 ἀληθείας

1938 1730 2251 1795 διέπτυσαν,
2309 1728 2453 1786 οῦτοί
2491 1749 2594 1803 μου
2634 1732 2727 1807 τὸν
2765 1732 2930 1803 νόμον
2965 1732 3414 1807 παρεγράψαντο,
3481 1728 3629 1789 οὗτοί

1943 1827 2044 1880 μου
2062 1812 2121 1863 τὺ
2143 1812 2649 1883 δόγμαήκύρωσαν,
2673 1805 2816 1866 οὗτοι
2840 1811 2965 1874 τοὺς
2989 1805 3323 1875 ἀποστόλους
3339 1812 3624 1878 ἐκόλασαν,

1938 1884 2084 1943 οὗτοι
2113 1891 2239 1954 τοὺς
2270 1892 2554 1962 μάρτυρας
2576 1889 2923 1947 ἐϐασάνισαν.
2943 1890 3130 1944 Ταῦτα
3150 1890 3298 1960 λέγει
3318 1892 3416 1945 καὶ
3443 1893 3628 1964 ἐννόη-

1938 1989 2053 2034 σον,
2082 1971 2352 2034 Βασιλέως
2378 1970 2775 2042 φθεγγομένου,
2803 1970 2921 2035 πῶς
2947 1973 2995 2025 οἱ
3027 1972 3382 2043 παρεστῶτες
3401 1972 3625 2043 ἄγγελοι

1914 2054 2154 2106 ,νεύουσι
2182 2053 2433 2123 φοϐερὸν,
2469 2051 2751 2105 ἀπειλοῦσι
2782 2053 3039 2124 φρικτὸν,
3068 2053 3147 2124 τῷ
3198 2052 3472 2125 βλέμματι
3521 2058 3622 2127 ήδη

1936 2133 2028 2185 τὸν
2080 2132 2405 2201 ἁμαρτωλὸν
2437 2133 2846 2195 ἀναλίσκοντεςυ
2894 2132 3150 2202 ἐννόησον
3198 2133 3325 2197 τοὺς
3359 2135 3625 2203 ἀγγέλους

1937 2212 2404 2280 ἀγανακτοῦντας,
2421 2212 2798 2284 ἀρχαγγέλους
2819 2212 3193 2283 κινουμένους,
3233 2212 3332 2277 τάς
3362 2214 3623 2285 δυνάμεις

1940 2291 2327 2362 σαλευομένας,
2355 2292 2448 2346 τὸν
2494 2292 2715 2362 Πατέρα
2745 2287 3183 2360 ἀγανακτοῦντα,
3204 2293 3267 2345 τὸ
3312 2293 3537 2365 Πνεῦμα
3564 2296 3626 2349 τὸ

1938 2369 2092 2439 άγιον
2146 2370 2502 2443 ὀργιζόμενον
2532 2412 2549 2439 ,
2603 2372 2810 2426 ἐκεῖνον
2878 2371 3016 2442 μετά
3067 2371 3313 2443 μεγάλης
3359 2374 3623 2444 αἰσχύνης

1937 2449 2354 2521 ἐκϐαλλόμενον,
2389 2450 2786 2521 ἐκϐαλλόμενον
2823 2449 2882 2503 δέ
2914 2450 2974 2503 οὐ
3005 2450 3103 2523 τῆς
3144 2451 3418 2522 σωτηρίας
3437 2452 3620 2523 μόνον,

1936 2531 2074 2585 ἀλλά
2120 2532 2215 2585 καί
2267 2533 2347 2595 είς
2407 2530 2734 2601 κατάκρισιν
2771 2528 3173 2602 ἐξοριζόμενον.
3228 2530 3390 2585 Ἀλλά
3421 2532 3529 2604 γάρ
3556 2533 3620 2585 οὐ

1896 2656 1903 2663 .
1936 2612 2169 2683 φοϐερὸν
2216 2612 2277 2666 τὸ
2337 2611 2412 2684 μὴ
2448 2612 2684 2682 σωθῆναι
2735 2612 2915 2683 μόνον,
2952 2610 3086 2680 μηδέ
3115 2610 3459 2680 βασιλεῦσαι,
3483 2612 3622 2667 άλλά

1939 2694 2035 2746 καὶ
2064 2691 2142 2762 τῷ
2170 2693 2301 2763 πυρὶ
2329 2691 2721 2766 παραδοθῆναι.
2769 2692 2867 2756 Ὃς
2893 2690 2944 2743 δ’
2979 2688 3059 2744 ἂν
3100 2691 3526 2763 ἐξομολογήσῃ
3550 2693 3621 2747 ἐν

1934 2774 2087 2843 ἐμοὶ,
2118 2772 2478 2843 ὁμολογήσω
2496 2770 2763 2837 ἐναῠτῷ.
2791 2771 3092 2841 Ἐννόησον,
3118 2774 3258 2843 πόση
3281 2772 3428 2840 δόξα,
3455 2775 3622 2827 πόσον

1938 2854 2219 2925 καύχημα,
2257 2852 2423 2917 πόσος
2452 2855 2737 2923 στέφανος,
2766 2854 2894 2907 ὅταν
2937 2854 3069 2926 εῑπῃ
3124 2854 3153 2907 6
3183 2856 3377 2926 κριτής
3397 2874 3410 2886 ⁸
3452 2851 3624 2921 Οὗτός

1942 2952 2044 3008 μου
2070 2932 2334 3001 τὸνλόγον
2364 2935 2653 3004 ἐτήρησεν,
2676 2926 2830 2997 οῦτός
2857 2950 2959 3004 μου
2990 2932 3089 3005 τὴν
3121 2935 3304 2988 πίστιν
3331 2936 3621 3008 ἐκήρυξεν,

1938 3007 2095 3076 οὗτός
2137 3031 2238 3084 μου
2271 3012 2362 3067 τὸν
2384 3012 2541 3088 λόγον
2575 3012 2927 3071 ἐϐεϐαίωσεν.
2956 3010 3110 3078 οὗτός
3150 3031 3253 3085 μου
3286 3015 3376 3069 τὸν
3408 3007 3623 3088 πτωχὸν

1939 3096 2000 3148 οὐ
2041 3093 2314 3164 παρεῖδεν,
2363 3086 2516 3155 οὗτος
2563 3094 2661 3164 τὴν
2717 3093 3031 3160 πλεονεξίαν
3088 3095 3353 3166 ἐπάτησε,
3382 3099 3475 3151 καὶ
3526 3086 3625 3168 τήν

1939 3172 2284 3241 δικαιοσύνην
2311 3173 2701 3245 προετίμησεν,
2730 3168 2884 3237 οὗτος
2912 3176 3243 3242 κατεγέλασε
3282 3177 3376 3229 τοῦ
3419 3178 3625 3247 κόσμου

1939 3254 2013 3318 ὡς
2047 3254 2119 3325 μὴ
2149 3254 2321 3317 ὄντος,
2352 3256 2446 3307 καὶ
2474 3254 2731 3323 ἠγάπησε
2764 3254 2856 3307 τὸν
2886 3254 3149 3325 μέλλοντα
3188 3257 3393 3327 κόσμον
3412 3298 3427 3321 ,
3470 3254 3623 3322 οὗτός

1943 3352 2045 3405 μου
2080 3334 2178 3405 τὴν
2210 3333 2488 3404 βασιλείαν
2533 3333 2985 3404 διεπόρθμευσεψ
3018 3328 3174 3399 οὗτός
3222 3354 3323 3407 μου
3350 3338 3440 3390 τὸν
3468 3339 3629 3406 λόγον

1941 3414 2188 3485 ἐτίμησε·
2222 3413 2453 3483 τίμησον
2480 3413 2667 3478 αὐτὸν,
2698 3413 2900 3485 Πάτερ.
2934 3414 3104 3469 Ὅταν
3147 3415 3203 3469 δέ
3246 3417 3419 3470 ταῦτα
3455 3419 3626 3487 λέγι.)-

1944 3511 2045 3564 μεν
2076 3492 2477 3563 ήθοποιοῦντες,
2502 3494 2565 3546 οὐ
2598 3493 2895 3565 μερίζομεν
2926 3493 3026 3564 τὴν
3054 3496 3233 3560 ἀξίαν,
3257 3498 3380 3549 οὗτε
3429 3498 3629 3569 λύομεν

1938 3575 2037 3645 τὴν
2078 3573 2347 3638 ἐξουσίαν,
2387 3572 2525 3626 άλλά
2545 3574 2624 3644 τῷ
2661 3578 2900 3646 σχήματι
2923 3576 3024 3645 τῆς
3060 3579 3395 3649 κατηγορίας
3420 3579 3629 3632 δείκνυ-

1938 3669 2029 3705 ται
2058 3651 2091 3722 ή
2117 3653 2491 3719 ἀγανάκτησις
2527 3652 2622 3706 τοῦ
2655 3652 2881 3723 Κριτοῦ·
2905 3656 2997 3708 καὶ
3018 3654 3419 3724 γίνεταιταῦτα
3449 3657 3631 3713 πάντα

1939 3734 2021 3793 είς
2045 3730 2320 3802 σωτηρίαν
2347 3730 2446 3801 μὲν
2474 3730 3040 3803 τῶνηόμολογούντων,
3082 3737 3162 3797 είς
3216 3738 3542 3808 κατάκρισιν
3571 3739 3630 3791 δέ

1940 3811 2049 3865 τῶν
2099 3809 2494 3865 ἀπιστούντων.
2544 3811 2617 3865 Τὸ
2666 3812 2721 3866 δὲ
2776 3814 2996 3867 πάντων
3052 3814 3448 3886 φοϐερώτερον,
3499 3816 3628 3869 ὅταν

1941 3891 2204 3964 ἐννοήσῃς
2233 3890 2443 3944 ἑστῶτα
2465 3892 2562 3961 μὲν
2578 3891 2669 3944 τὸν
2693 3893 2913 3964 Μιχαὴλ
2930 3894 3026 3948 καὶ
3043 3893 3307 3966 Γαϐριὴλ,
3334 3895 3426 3948 καὶ
3449 3896 3629 3957 πάσας

1937 3969 2037 4032 τὰς
2088 3966 2388 4037 ἀγγελικάς
2432 3967 2711 4037 στρατιάς,
2772 3969 3175 4040 καθεζομένους
3219 3970 3275 4023 δὲ
3307 3973 3433 4035 τοὺς
3472 3972 3623 4034 υἱοὺς

1940 4048 2248 4113 Ζεϐεδαίου,
2316 4046 2683 4121 διαδεξόμενον
2738 4050 2949 4103 Παῦλον
3006 4051 3100 4102 καὶ
3149 4050 3373 4121 Πέτρον,
3400 4053 3526 4116 τοὺς
3570 4053 3631 4115 ἐξ

1942 4129 2265 4201 ἀνθρώπων,
2301 4129 2567 4198 ἀγγέλους
2600 4131 2656 4183 δέ
2709 4130 2858 4201 φόϐῳ
2890 4130 3268 4202 παρεστῶτας,
3301 4126 3395 4185 καὶ
3425 4132 3632 4203 ἀνθρὼ-

1939 4228 2074 4274 πους
2131 4210 2413 4281 παρρησία
2448 4209 2868 4281 καθεζομένους.
2925 4211 3207 4281 Ἐννόησον
3266 4212 3625 4283 παρεστῶτας

1939 4289 2202 4358 ἀγγέλους
2230 4290 2323 4343 καὶ
2338 4291 2465 4353 τοὺς
2488 4289 2657 4353 ἁλιεῖς
2681 4290 2776 4343 καὶ
2797 4291 2921 4354 τοὺς
2947 4290 3184 4354 τελώνας
3200 4291 3620 4362 καθεζομένους,

1940 4373 2033 4424 καὶ
2072 4372 2316 4441 εἴπωμεν
2353 4372 2447 4425 καὶ
2480 4373 2644 4442 ήμεῖς
2678 4372 2796 4442 μετ’
2830 4371 3031 4426 αὐτῶν.
3077 4374 3173 4440 Ὠς
3192 4374 3352 4428 πολὺ
3376 4375 3437 4429 τὸ
3467 4374 3624 4445 πλῆ-

1941 4455 2046 4515 θος
2066 4449 2177 4518 τῆς
2207 4452 2619 4520 γρηστότητός
2638 4467 2777 4513 σου,
2799 4446 2985 4519 ’Κύριε
3005 4453 3025 4505 .'
3052 4453 3302 4523 Κάθηται
3328 4457 3623 4525 Ζακχαῖος,

1941 4530 2174 4601 κάθηται
2199 4531 2411 4593 Παῦλος
2438 4532 2531 4584 καὶ
2562 4532 2787 4603 Πέτρος,
2821 4533 2916 4586 καὶ
2953 4534 3299 4605 παρέστηκεν
3325 4538 3354 4588 ό
3383 4536 3436 4589 Μ
3446 4536 3621 4607 ιχαήλ.

1938 4613 2052 4665 Οὐκ
2103 4612 2347 4681 ὀνόματα
2384 4611 2510 4675 ξένα
2557 4611 2810 4681 λέγομεν,
2861 4613 2999 4667 ἀλλά
3045 4618 3161 4679 τοῖς
3212 4617 3628 4687 γεγραμμένοις

1937 4690 2286 4762 στοιχοῦμενο
2350 4693 2411 4744 οὐ
2461 4690 2570 4762 γὰρ
2607 4691 2857 4759 ἀγγέλων
2901 4694 3142 4764 ὀνόματα
3199 4696 3622 4767 μεμαθήκαμεν,

1936 4773 2073 4827 ἀλλὰ
2104 4775 2217 4835 τοῖς
2249 4772 2659 4842 γεγραμμένοις
2700 4772 3129 4844 ἀκολουθοῦμέν.
3173 4775 3362 4838 Οὐδεὶς
3403 4775 3619 4845 φθόνοςν

1937 4852 2111 4917 οὐδεὶς
2138 4851 2316 4921 ζῆλος·
2337 4852 2399 4904 οὐ
2423 4850 2533 4920 γάρ
2561 4852 2676 4904 ἐστι
2701 4855 2865 4922 γήϊνα
2886 4857 3209 4923 πράγματα·
3246 4854 3306 4907 οὐ
3328 4854 3626 4908 λυποῦνται

1939 4931 2159 5000 ἄγγελοι
2194 4930 2326 4984 διότι
2364 4930 2461 4999 μὲν
2511 4930 2666 4983 αὐτοὶ
2704 4931 3020 5003 ἑστήκασιν,
3054 4932 3333 5005 ἄνθρωποι
3375 4934 3433 4987 δὲ
3486 4935 3625 4988 καθ-

1937 5012 2172 5075 έζονται·
2204 5011 2452 5063 κοινωνοὶ
2478 5011 2587 5079 γάρ
2620 5010 2853 5081 είσιοτῆς
2887 5011 3047 5083 δόξης
3072 5013 3181 5066 τῶν
3202 5013 3392 5082 άγίων.
3426 5015 3623 5068 Ἄκουε

1936 5090 2029 5144 τοῦ
2062 5090 2267 5160 Κυρίου
2293 5090 2561 5159 λέγοντος
2595 5090 2773 5160 Ἀμὴν
2799 5091 2955 5160 λέγω
2977 5092 3138 5162 ὑμῖν,
3164 5093 3252 5147 ὅτι
3278 5093 3433 5161 χαρά
3456 5096 3626 5148 ἐστιν

1936 5172 2195 5227 ἐνώπιον
2229 5172 2474 5226 πάντων
2530 5170 2650 5226 τῶν
2701 5172 2977 5243 ἀγγέλων
3010 5174 3103 5244 ἐφ’
3148 5175 3242 5228 ἐνί
3296 5173 3624 5245 ἁμαρτωλῷ

1932 5250 2349 5321 μετανοοῦντι.
2385 5252 2789 5323 Ἀγαπήσωμεν
2817 5248 2911 5306 οῦν
2937 5254 3035 5325 τὴν
3060 5253 3221 5321 δόξαν
3246 5256 3340 5308 τοῦ
3362 5255 3621 5323 Χριστοῦ,

1939 5329 2037 5402 τὴν
2063 5331 2120 5385 δὲ
2154 5330 2314 5397 δόξαν
2347 5330 2448 5403 τήν
2480 5333 2901 5404 παρερχομένην
2928 5333 3004 5397 ὡς
3055 5333 3191 5406 δναρ
3214 5335 3621 5403 διαπτύσωμεν.

1940 5411 2169 5481 Εἴρηται
2196 5411 2305 5485 γὰρ
2332 5413 2427 5465 καὶ
2448 5412 2573 5483 χθὲς
2616 5413 2763 5483 ύμῖν,
2793 5413 2911 5477 πῶς
2942 5416 2971 5468 6
3000 5416 3285 5486 προφήτης
3322 5414 3420 5487 τὴν
3467 5413 3625 5479 δόξαν

1937 5491 2031 5544 τοῦ
2065 5491 2274 5560 κόσμου
2323 5490 2576 5545 ἐνύπνιον
2630 5492 2908 5547 ἐκάλεσεν.
2955 5496 3165 5551 Ἔσται
3196 5496 3327 5568 γὰρ.
3372 5495 3559 5565 φησὶν,
3592 5495 3625 5545 ὁ

1939 5573 2202 5637 πλοῦτος
2230 5571 2348 5628 τῶν
2370 5573 2607 5653 ἀσεϐῶν
2632 5577 2713 5641 ὡς
2734 5576 3044 5632 ἐνύπνιον.
3062 5579 3229 5633 οὐδὲν
3257 5580 3363 5651 γάρ
3381 5580 3627 5653 διαφέρει

1943 5657 2346 5728 φαντασμάτων
2430 5658 2684 5728 παροῦσα
2710 5661 3064 5724 κατάστασις.
3108 5663 3165 5714 '0
3203 5650 3412 5734 χθέςέν
3443 5650 3626 5735 ὑγεία,

1944 5745 2183 5815 σήμερον
2209 5744 2267 5796 ἐν
2298 5743 2471 5814 νόσῳ·
2501 5746 2529 5797 ό
2560 5744 2686 5814 χθὲς
2714 5748 2771 5798 ὲν
2800 5745 3041 5817 ἐξουσίᾳ,
3080 5748 3320 5818 σήμερον
3350 5749 3407 5800 ἐν
3433 5766 3630 5803 ταπειο

1941 5822 2132 5876 νὼσει·
2166 5825 2194 5876 6
2218 5824 2346 5893 χθὲς
2366 5825 2426 5877 ἐν
2461 5825 2699 5895 πλούτῳ.
2743 5827 2983 5897 σήμερον
3033 5830 3091 5879 ἐν
3133 5827 3291 5895 πενία
3313 5845 3324 5856 ·
3352 5830 3380 5880 6
3414 5828 3542 5899 χθὲς
3572 5833 3630 5881 ὲν

1944 5907 2313 5978 ὑπερηφανίᾳ,
2347 5910 2587 5979 σήμερον
2636 5911 2693 5961 ὲν
2724 5909 3093 5975 ἐξουθενώσει.
3130 5909 3282 5983 [150]
3324 5913 3510 5967 Πάντα
3537 5930 3610 5965 σαι

1942 5990 2177 6050 λεύεται,
2198 5994 2375 6045 πάντα
2398 5991 2813 6062 μεταϐάλλεταιι
2842 5997 2934 6048 καὶ
2955 5996 3014 6047 οὐ
3040 5994 3182 6061 λέγω
3216 5997 3283 6047 τά
3313 5996 3629 6068 ἀνθρώπινα

1950 6073 2131 6143 μόνον,
2161 6071 2297 6125 ἀλλά
2338 6076 2431 6127 καὶ
2467 6074 2528 6126 Ὀ
2550 6076 2827 6142 θίγω-ὸς.
2851 6076 3004 6146 φησὶν,
3043 6076 3137 6129 καὶ
3175 6077 3203 6143 ἡ
3238 6075 3306 6146 πῆ
3338 6079 3629 6148 παρελεύ-
