4044 6492
127 471 233 528 609

127 586 361 644 humiles
389 595 535 641 sunt.
566 584 796 640 Humilis
836 583 976 638 fuisti
1019 586 1071 638 iu
1122 584 1424 654 dignitate?
1452 583 1592 638 Nihil
1628 583 1720 637 tibi

123 657 303 711 damni
339 656 497 711 infert
525 657 797 711 humilitas
825 674 838 708 :
871 657 1027 709 talem
1051 656 1191 709 enim
1222 665 1274 710 te
1298 655 1518 723 reperit,
1545 655 1722 724 qualis

123 743 245 784 esse
270 727 459 782 debes.
491 728 546 782 Si
571 737 932 790 antevertens,
966 727 1192 794 teipsum
1238 735 1362 780 ante
1391 725 1720 780 humiliatio-

125 813 247 853 nem
300 799 688 859 humiliaveris,
742 797 873 850 nihil
921 797 1154 852 inusitati
1202 811 1266 850 ac
1317 797 1440 850 novi
1484 795 1722 864 perficiet

121 870 414 922 adversum
445 878 496 922 te
526 867 846 932 humiliatio,
870 868 968 922 sed
990 877 1166 921 mente
1189 879 1430 936 paratum
1477 866 1542 920 ad
1585 882 1720 935 pra:-

124 939 252 992 lium
285 937 556 1006 disponet.
586 938 751 992 Recte
794 938 954 1005 igitur
1001 938 1207 992 dicebat
1255 938 1416 991 David
1451 955 1463 990 :
1497 936 1720 991 Paratus

119 1025 257 1071 sitm,
281 1019 326 1061 et
349 1025 453 1062 non
479 1026 590 1062 sum
613 1009 844 1062 turbatus
871 1007 890 1076 (
916 1007 1062 1062 Psal.
1091 1009 1212 1063 118.
1241 1008 1367 1078 60).
1433 1007 1719 1078 Fugiamus

120 1079 302 1148 itaque
327 1080 712 1147 arrogantiam,
744 1078 1006 1146 fugiamus
1037 1080 1249 1132 inanem
1278 1079 1506 1148 gloriam
1547 1095 1560 1132 :
1594 1079 1716 1132 dili-

119 1163 308 1213 gantus
354 1149 650 1212 Christum,
695 1159 750 1204 et
803 1165 1063 1217 paupercs
1091 1160 1309 1218 propter
1333 1148 1626 1213 Christum,
1656 1157 1715 1203 ut

119 1233 312 1290 guines
333 1221 424 1290 qui
448 1221 596 1282 ditat,
623 1221 712 1288 qui
733 1221 970 1276 omnium
995 1221 1298 1281 miseretur,
1323 1220 1713 1273 multitudinem

120 1287 380 1346 Ecclesia:
430 1287 704 1361 largiatur,
754 1300 812 1345 ut
854 1291 1089 1345 abundet
1131 1291 1350 1360 pietate,
1403 1299 1458 1343 ut
1493 1289 1715 1358 justitim

1165 467 1253 522 DE
1291 469 1344 523 S.
1387 465 1645 522 JOANNE
1684 462 2038 520 APOSTOLO
2077 462 2328 518 SERMO.

3317 466 3427 523 tuo

1829 578 2088 636 cultorem
2110 581 2368 652 obtineat,
2387 583 2476 650 qui
2501 580 2758 636 hesterno
2781 580 2868 636 die
2893 581 3313 652 dispensationis
3341 587 3422 640 al-

1830 658 1994 707 terius
2011 667 2172 725 causa
2199 651 2369 725 abfuit
2396 667 2426 706 a
2457 652 2634 725 nobis,
2677 653 2956 725 nobiscum
2984 651 3162 708 autem
3187 665 3267 708 cst
3297 671 3425 725 pro-

1828 733 1948 806 pter
1986 722 2419 806 sollicitudinem
2444 723 2800 806 spiritualem.
2832 723 2948 778 Non
2981 724 3124 806 enim
3155 722 3423 806 _Juda—icus

1828 738 1948 806 pter
1986 738 2402 778 somcuuamem
2444 738 2800 848 sfuruuatem.
2832 738 2948 778 non
2981 739 3124 778 enim
3166 738 3420 780 Jtutaicus

1828 796 1917 848 ille
1943 805 2058 850 erat
2088 795 2337 866 populus.
2368 803 2426 848 ut
2494 809 2629 848 Icam
2675 792 3119 866 fuisse_populum
3149 804 3420 866 tamquam

1826 881 1956 920 oves
1981 881 2086 938 non
2121 865 2377 920 habentes
2399 874 2668 938 pastorem
2697 865 2790 932 (2.
2830 864 3015 938 Paral.
3051 866 3138 920 18.
3160 864 3297 938 l6),
3327 868 3424 922 sed

1827 937 2169 1008 apostolicus
2181 945 2316 1000 erat.
2365 936 2728 1008 evangelicum
2762 937 2964 992 habens
3008 936 3274 1006 pastorem
3327 939 3418 1008 qui

1826 1006 2041 1062 dicebat
2073 1024 2086 1060 :
2123 1006 2238 1061 Etsi
2257 1023 2468 1077 corpore
2486 1007 2665 1061 absens
2694 1023 2824 1070 sum,
2853 1011 2941 1061 sed
2957 1009 3141 1077 spiritu
3169 1006 3423 1062 vobiscum

1825 1095 1957 1148 sum.
2002 1081 2247 1148 gaudens,
2309 1088 2354 1132 et
2403 1078 2576 1132 uidens
2613 1079 2988 1148 ﬁrmamentum
3025 1079 3156 1147 ejus,
3208 1095 3321 1148 qua
3369 1082 3423 1132 in

1827 1147 2027 1202 Christo
2073 1159 2166 1214 est,
2211 1148 2331 1216 ﬁdei
2385 1158 2560 1202 vestrm
2607 1147 2754 1219 (Col.
2781 1148 2835 1202 2.
2867 1149 2968 1219 5);
3020 1149 3104 1204 cui
3147 1149 3318 1218 gloria
3367 1160 3422 1206 et

1827 1227 2084 1288 potestas,
2128 1233 2272 1274 nunc
2297 1228 2352 1274 et
2398 1234 2632 1291 semper,
2676 1229 2731 1274 et
2774 1219 2828 1274 in
2858 1220 3054 1277 secula
3081 1220 3417 1277 steculorunt.

1825 1294 2021 1345 Amen.

1207 1764 1290 1826 IN
1335 1763 1775 1825 SERMONEM
1828 1761 2334 1837 SEQUENTEM.

137 1918 351 1974 edimus
383 1918 725 1974 desideratur
754 1937 768 1974 :
815 1919 920 1974 hoc
945 1920 1146 1990 quippe
1180 1922 1481 1990 pnemisso,
1528 1923 1812 1991 sequentia
1840 1921 2217 1987 qnadrabuut;
2255 1921 2362 1976 hoc
2388 1919 2594 1984 demto,
2629 1935 2882 1975 mancum
2921 1929 3006 1974 est
3047 1918 3282 1974 initium.
3316 1917 3423 1972 Sed

138 2013 256 2066 sine
282 2013 611 2068 auctoritate
638 2013 726 2068 illa
753 2014 954 2069 addere
983 2031 1088 2068 non
1123 2016 1238 2071 ausi
1267 2032 1476 2070 sumus.
1506 2015 1636 2072 Jure
1661 2033 1827 2086 porro
1858 2018 1999 2072 hanc
2031 2017 2338 2071 orationem
2370 2013 2723 2086 praetermisit
2755 2012 3016 2079 Savilius,
3064 2021 3252 2083 utpote
3280 2012 3424 2067 indi-

135 2117 296 2173 gnam
326 2118 450 2172 qnze
480 2103 719 2173 legatur;
753 2120 876 2158 nam
908 2113 991 2160 est
1015 2105 1174 2160 otiosi
1204 2106 1485 2175 cujusdam
1518 2104 1770 2173 GrtecuIi,
1803 2117 1862 2164 ut
1893 2124 2055 2165 nemo
2085 2124 2195 2163 non
2230 2108 2398 2165 videt.

207 2193 596 2266 lnterpretatio
627 2196 818 2253 Latina
853 2208 936 2252 est
970 2196 1264 2254 Frontonis
1292 2198 1495 2256 Ducaai.

145 2415 3387 2441 ._________________________—____________________

957 2549 1242 2591 EIUSDEM
1287 2547 1498 2591 SERMO
1543 2546 1624 2587 DE
1668 2540 1900 2587 SANCTC
1949 2539 2192 2582 JOANNE
2235 2539 2596 2583 THEOLOGO.

1563 2655 2004 2707 «θοιοιοοκδ.

199 2765 252 2818 l.
286 2763 523 2817 Joannes
566 2761 619 2814 in
669 2761 809 2814 Asiae
862 2759 995 2813 urbe
1045 2758 1276 2826 Epheso.
1310 2756 1546 2826 Joannes
1583 2753 1725 2807 Asite

127 2836 312 2898 decus,
346 2834 428 2888 vel
473 2833 647 2900 potius
691 2831 836 2885 orbis
885 2825 1146 2883 terrarum
1189 2829 1462 2900 columna,
1490 2825 1726 2900 Joauues

127 2894 354 2960 dilectus
379 2894 573 2957 Christi
617 2902 930 2970 discipulus,
963 2910 1017 2954 et
1050 2900 1138 2953 l)ei
1174 2898 1345 2970 rVerhi
1375 2898 1521 2970 tuba,
1547 2894 1728 2962 Ephe-

127 2977 332 3028 siorum
375 2973 564 3044 gloria.
596 2983 650 3027 et
687 2969 1058 3044 extremorum
1105 2969 1252 3044 orbis
1297 2969 1479 3044 finium
1525 2981 1722 3044 prs-co,

131 3035 413 3115 theologiia
435 3035 662 3115 cithara,
682 3042 990 3115 Theologus
1031 3042 1220 3115 merito
1242 3038 1565 3115 appellatus:
1587 3035 1728 3115 Cbe-_

130 3105 371 3170 rubicuin
396 3128 478 3179 os,
493 3123 546 3168 et
563 3105 917 3182 Serapbicuni
935 3105 1620 3182 mysteriorumoraculum,
1639 3105 1725 3182 vel

130 3188 288 3241 etiam
338 3184 422 3239 his
464 3177 634 3252 majus
673 3177 852 3238 dicere
906 3177 1010 3236 non
1055 3181 1329 3252 dubitabo.
1352 3179 1531 3252 Quem
1572 3177 1724 3252 enim

131 3271 380 3325 superna:
401 3246 707 3325 angelorum
732 3255 954 3325 virtutes
976 3261 1208 3325 tremore
1229 3246 1550 3325 glorificant,
1564 3246 1727 3325 Joan-

139 3317 235 3381 ne's
263 3340 454 3398 magna
472 3317 610 3398 voce
629 3340 759 3398 cum,
783 3324 976 3398 fiducia
1009 3317 1316 3398 praedicavit
1333 3338 1352 3398 _:
1387 3318 1450 3372 lu
1464 3317 1726 3398 principio

131 3408 237 3453 erat
268 3388 505 3469 Verbum
527 3394 705 3465 (Joan.
739 3397 793 3469 ι.
822 3394 896 3464 ί).
943 3388 1105 3469 Beata
1135 3407 1214 3454 es,
1247 3391 1435 3469 civitas
1463 3388 1724 3469 Ephesio-.-

133 3483 271 3542 rnm,
303 3465 446 3542 quod
494 3458 544 3520 iu
591 3474 665 3542 te_
691 3458 918 3542 primum
948 3478 980 3518 a
1022 3463 1441 3542 Deerit-ulmum
1459 3458 1725 3542 ejusmodi

135 3532 336 3593 tonitru
390 3532 749 3591 insonuerit:
790 3532 943 3590 beata
1000 3550 1058 3589 cs
1107 3534 1296 3587 civitas
1347 3532 1722 3600 Ephesiorum,

134 3609 270 3678 quod
305 3609 357 3661 in
392 3616 444 3661 te
471 3608 576 3661 tale
604 3607 856 3678 v_olumen
907 3604 1374 3678 sit‘compositum
1407 3618 1419 3654 :
1453 3602 1608 3678 beata
1639 3615 1721 3678 es,

134 3671 271 3748 quod
304 3678 434 3748 talis
463 3678 513 3731 iu
542 3687 596 3732 te
624 3675 855 3732 Joannes
895 3676 963 3730 sit
990 3671 1256 3730 inventus.
1286 3675 1462 3748 Atque
1481 3671 1577 3748 alii
1607 3672 1726 3740 qui-

139 3743 259 3804 dem
293 3747 531 3802 Joannes
562 3748 616 3800 in
645 3756 755 3801 tato
776 3748 906 3802 orbe
934 3756 1215 3809 terrarnm,
1239 3755 1294 3798 et
1323 3746 1373 3798 iu
1404 3753 1454 3796 te
1476 3743 1722 3804 fuerunt;

137 3820 228 3893 sed
271 3818 450 3873 nullus
479 3818 596 3871 talis
621 3817 877 3893 Joannes.
911 3831 1087 3893 neque
1119 3816 1272 3893 ill-le,
1300 3828 1473 3893 neque
1519 3813 1589 3893 iu_
1612 3819 1725 3864 toto

137 3889 265 3946 orbe
297 3898 584 3943 terrarum.
611 3888 970 3956 Quamobrem
1000 3883 1068 3954 is,
1102 3885 1186 3940 cui
1216 3895 1424 3939 mentes
1447 3883 1723 3956 hominum

137 3970 260 4013 sunt
289 3970 608 4027 perspecta,
634 3953 731 4026 qui
752 3953 931 4012 cordis
961 3958 1111 4012 novit
1134 3957 1363 4019 occulta,
1396 3969 1518 4010 cum
1563 3955 1724 4027 talem

135 4045 255 4082 cum
291 4025 667 4094 'oﬂ‘endisset,’
698 4040 940 4083 sanctum
993 4038 1048 4082 et
1096 4028 1464 4094 impollutum,
1517 4025 1725 4078 ratione

138 4111 256 4154 vum
301 4099 609 4163 sublimem,
649 4100 810 4153 corde
857 4115 1065 4167 purum,
1098 4098 1342 4152 castitate
1385 4095 1720 4157 decoratum,

142 4170 191 4223 in
228 4171 454 4224 caritate
504 4171 825 4238 perfectum,
868 4169 993 4223 huic
1041 4180 1306 4238 tamquam
1357 4167 1496 4238 inter
1536 4179 1723 4238 omnes

141 4241 279 4295 lidcli
316 4236 546 4295 credidit
589 4250 813 4292 matrem
845 4254 1018 4304 suam,
1051 4237 1376 4308 tradiditque
1414 4236 1720 4308 columbam

139 4310 552 4375 immaculatam,
594 4324 783 4379 agnam
815 4310 1175 4378 impollutam,
1207 4307 1438 4379 vitulam
1469 4307 1723 4379 incorruo

139 4391 310 4448 ptum,
339 4395 458 4434 eam
486 4394 604 4448 quae
634 4377 791 4434 inter
840 4377 1087 4434 hemines
1117 4377 1572 4447 incomparabilis,
1600 4390 1723 4448 quae

138 4447 387 4505 erunibus
417 4447 794 4504 est’excelsior
821 4450 914 4505 Dei
942 4451 1203 4506 creaturis
1235 4467 1248 4502 :
1277 4449 1418 4518 quod
1458 4449 1547 4518 alii
1589 4447 1721 4501 nulli

139 4529 444 4576 sanctorum
472 4529 556 4574 est
582 4519 867 4575 creditum.
906 4520 1066 4575 Beata
1113 4535 1194 4585 es,
1226 4517 1412 4573 civitas
1455 4517 1721 4588 Ephesio-

141 4607 279 4657 rum,
311 4601 470 4660 quam
516 4592 637 4644 talis
666 4591 764 4644 viri
817 4591 980 4659 pedes
1021 4591 1315 4656 calcarunt,
1343 4588 1496 4657 cujus
1535 4603 1721 4656 puram

139 4663 595 4717 conversationem
632 4675 696 4731 ac
717 4662 936 4731 vestigia
983 4662 1082 4731 ipsi
1127 4661 1301 4730 angeli
1332 4668 1716 4731 suspexerunt:

138 4731 289 4788 beata
311 4747 392 4796 es,
419 4733 607 4786 civitas
635 4729 1016 4799 Ephesiorum,
1045 4747 1163 4801 qua:
1200 4729 1418 4800 propter
1456 4729 1719 4784 Joannem

137 4802 388 4856 dilectum
439 4803 606 4871 pritna
635 4803 826 4872 quavis
874 4803 1004 4857 urbe
1051 4803 1328 4856 sublimior
1373 4815 1435 4872 es
1477 4801 1715 4855 reddita:

141 4873 291 4927 beata
317 4888 394 4938 es,
427 4874 568 4942 quod
597 4871 788 4926 omnes
820 4873 968 4927 orbis
1013 4883 1273 4927 terrarum
1316 4871 1571 4926 Ecclesia:
1616 4882 1720 4925 tuze

140 4945 245 5014 siut
283 4943 583 5014 discipulae,
621 4952 803 5012 utpote
844 4959 963 5014 qua:
1009 4943 1329 5010 theologiam
1376 4943 1528 4996 istam
1561 4957 1625 4996 ex
1669 4952 1720 5014 te

141 5013 444 5079 didicerint,
495 5013 562 5066 In
605 5013 998 5083 principio’erat
1030 5015 1263 5068 Verbum.
1299 5014 1429 5068 Nam
1459 5013 1717 5082 quemad-

141 5084 376 5150 modum,
403 5087 451 5139 si
483 5087 731 5154 quopiam
763 5086 814 5138 in
848 5085 965 5140 loco
995 5085 1210 5140 lucerna
1259 5084 1438 5147 fuerit,
1467 5094 1626 5152 atque
1651 5083 1718 5136 ad

140 5171 254 5226 eam
281 5170 466 5209 omnes
500 5164 802 5215 accurrant.
832 5155 956 5209 inde
981 5159 1208 5226 quisque
1237 5171 1331 5210 sua
1360 5155 1476 5226 face
1490 5169 1716 5226 accensa

141 5223 362 5279 discedit
390 5240 632 5289 securus,
667 5240 730 5279 ac
759 5223 1012 5296 deinceps
1057 5223 1259 5296 absque
1285 5227 1394 5280 ulla
1421 5225 1717 5280 offensione

144 5297 220 5370 vel
259 5309 461 5370 errore
487 5296 683 5370 incedit
711 5313 722 5347 :
753 5297 831 5352 sic
876 5296 1149 5370 etEphesi
1192 5297 1406 5352 accidit.
1442 5297 1616 5370 Prima
1662 5305 1717 5349 tu

143 5367 405 5420 lucernam
428 5366 708 5434 theologia:
732 5366 1038 5434 accendisti,
1057 5378 1164 5423 tum
1187 5383 1374 5422 omnes
1391 5368 1534 5421 orbis
1559 5376 1716 5419 terra:

145 5435 321 5508 tinium
347 5437 598 5491 Ecclesia:
621 5453 743 5508 cum
767 5438 832 5490 ad
860 5448 910 5492 te
925 5441 1297 5504 accurrissent,
1318 5439 1540 5508 singula:
1565 5451 1714 5490 suam

145 5505 418 5577 theologia
447 5507 746 5577 lampadem
785 5510 1174 5572 accenderunt,
1206 5521 1261 5564 et
1299 5505 1592 5577 gaudentes
1629 5522 1716 5561 re-

146 5591 306 5631 versa:
333 5576 476 5632 sunt.
508 5576 574 5630 1η
605 5579 852 5647 principio
877 5590 984 5633 erat
1027 5580 1258 5634 Verbum.
1293 5576 1360 5634 Et
1390 5579 1606 5648 Epheso
1632 5589 1714 5630 ta-

149 5662 262 5700 men
291 5649 561 5716 pmprium
593 5649 871 5716 theologia».
903 5651 1078 5705 lumen
1106 5652 1440 5704 imminutum
1473 5665 1577 5703 non
1609 5657 1709 5712 est,

148 5725 199 5790 et
222 5719 366 5790 urbis
392 5721 903 5790 terrarumarqualia
933 5723 1170 5775 retinens
1198 5722 1394 5774 lumina
1424 5719 1709 5790 przedicat:

150 5785 211 5838 In
235 5789 478 5855 principio
504 5801 610 5842 erat
639 5785 872 5843 Verbum.
895 5791 1062 5846 Porro
1088 5793 1229 5846 illius
1253 5785 1712 5846 etiam'certamen

150 5868 200 5908 et
228 5859 429 5914 labores
454 5873 632 5929 Operae
673 5862 901 5929 pretium
941 5859 1100 5916 fuerit
1138 5863 1188 5917 in
1220 5863 1452 5916 medium
1497 5861 1710 5925 afferre,

151 5937 395 5994 quantum
447 5931 500 5986 in
549 5930 702 5986 nobis
743 5932 902 5987 situm
944 5933 1121 6003 fuerit,
1170 5949 1334 6002 pauca
1382 5933 1449 5988 dc
1496 5932 1710 5989 multis:

1833 2764 1957 2802 nam
2001 2749 2067 2802 ad
2096 2749 2276 2804 omnia
2303 2751 2420 2818 ejus
2450 2760 2598 2807 recte
2623 2750 2764 2810 facta
2796 2754 3268 2811 commemoranda
3313 2758 3432 2810 nul-

1836 2821 1944 2895 lum
1992 2819 2148 2895 nobis
2178 2820 2709 2895 tempussufticeret.
2738 2824 3069 2895 Acgplurima
3110 2825 3324 2895 quidem
3363 2843 3432 2883 ex

1833 2889 1969 2944 libro
1999 2891 2255 2963 Actorum
2286 2889 2609 2963 audivimus,
2639 2909 2758 2963 quze
2804 2889 2931 2948 dum
2963 2889 3269 2950 versaretur
3307 2913 3428 2951 cum

1834 2961 2114 3033 apostolis,
2164 2963 2418 3030 praeclare
2442 2961 2730 3033 decertans
2759 2966 3042 3033 praestitit;
3075 2965 3271 3027 deinde
3301 2984 3431 3023 vero

1831 3046 1866 3106 ξιΔ
1895 3031 2195 3106 Domitiano
2229 3033 2592 3106 Romanorum
2625 3031 2953 3106 luiperatore
2986 3037 3167 3106 pulsus
3203 3039 3254 3092 in
3285 3041 3430 3092 exsi-

1832 3100 1999 3167 lium,
2047 3102 2099 3155 in
2147 3103 2599 3177 insulam,iquam
2643 3100 2868 3160 Patmon
2921 3100 3228 3177 appellant,
3287 3111 3434 3167 venit

1831 3181 2052 3250 propter
2079 3173 2301 3228 verbum
2337 3173 2465 3250 Dei,’
2493 3185 2548 3231 et
2590 3173 3293 3250 praedicationempietatis,
3327 3182 3430 3236 lic-

1830 3242 2160 3316 clesiamque
2201 3245 2524 3308 conscribit,
2564 3242 2724 3316 quam
2752 3249 2990 3302 ostendit-
3036 3242 3115 3302 illi
3167 3242 3330 3316 Deus,
3377 3264 3432 3306 ct

1830 3313 2189 3390 Apocalypsin
2211 3330 2530 3370 arcanorum
2569 3313 2992 3390 terribiliumque
3007 3313 3428 3390 luysteriorum,

1832 3397 1897 3456 ac
1921 3382 2119 3456 deinde
2149 3392 2261 3456 tres
2289 3394 2502 3440 sanctas
2530 3401 2657 3441 suas
2689 3382 2975 3456 Epistolas.
3005 3382 3097 3444 Tu'
3126 3404 3256 3444 vero
3300 3382 3431 3446 mihi

1831 3452 2154 3509 ineﬂabilem
2187 3455 2280 3529 _l_)ei
2308 3456 2600 3529 bonitatem
2644 3452 2937 3529 perpende,
2968 3460 3059 3529 qui
3087 3459 3282 3529 ubique
3325 3472 3433 3516 ter-

1830 3537 2011 3604 rarum
2040 3539 2160 3578 cum
2185 3525 2385 3614 iis._.qui
2416 3527 2588 3596 ipsum
2620 3525 2866 3610 diligunt,
2891 3525 3287 3614 peregrinatur,
3316 3532 3430 3588 sive

1830 3595 1884 3674 in
1930 3595 2556 3674 carcere_detitieantttr,
2597 3595 2819 3674 sivejin
2871 3595 3077 3674 exsiliis
3123 3595 3427 3674 versentur,

1829 3664 1943 3717 sive
1975 3666 2025 3718 iu
2061 3664 2326 3734 profundo
2353 3669 2536 3729 maris.
2570 3669 2685 3724 sive
2713 3669 2764 3722 in
2789 3671 2907 3724 lacu
2929 3672 3038 3724 sint
3065 3670 3276 3737 inclusi,
3311 3664 3427 3729 sive

1829 3748 2222 3811 quemcumque
2251 3737 2359 3792 sint
2386 3739 2438 3792 in
2471 3739 2647 3793 locum
2683 3739 2909 3806 detrusi,
2938 3742 3177 3811 separari
3207 3743 3276 3796 ab
3321 3743 3428 3800 illis

1831 3805 2039 3882 nequit,
2069 3807 2164 3882 sed
2201 3807 2253 3882 iu
2303 3821 2474 3882 pugna
2519 3811 2806 3876 succurrit,
2838 3805 3039 3882 eusque
3083 3812 3423 3880 corroborat,

1828 3889 1892 3930 ac
1923 3877 2197 3933 laboribus
2224 3877 2395 3934 levati
2429 3879 2623 3951 Postea
2661 3897 2790 3936 vero
2819 3877 2979 3951 quam
3010 3881 3078 3938 ab
3115 3884 3310 3938 exsilio
3339 3877 3428 3940 re;

1829 3961 2015 4023 versus
2053 3959 2172 4023 est,
2206 3951 2466 4023 pervenit
2501 3949 2798 4020 Ephesum,
2838 3949 3034 4023 ibique
3080 3967 3425 4011 commorans

1829 4015 2180 4091 Evangelium
2206 4015 2518 4088 conscribit,
2546 4015 2666 4076 cum
2703 4015 2846 4078 esset
2893 4015 3156 4078 annorum
3184 4037 3423 4091 centum,

1827 4096 2071 4167 et'usque
2093 4089 2158 4143 ad
2190 4099 2328 4145 totos
2347 4103 2561 4167 cetuum
2585 4094 2771 4167 viginti
2794 4095 2956 4148 vitam
2987 4089 3420 4167 propagavithr).

1830 4155 1904 4238 lbi
1933 4155 2052 4238 cum
2081 4171 2409 4238 versaretur,
2430 4155 3112 4238 Theologiamconscr'ibit',
3132 4155 3214 4221 v3!
3244 4155 3421 4236 poiius

1828 4229 1880 4281 in
1909 4229 2055 4304 caelis
2083 4231 2225 4304 unde
2255 4229 2399 4304 illam
2427 4229 2673 4304 accepit}
2703 4237 2885 4290 talium
2910 4237 3056 4291 enim
3086 4229 3426 4294 conversatio

1827 4309 1913 4352 est
1938 4300 1990 4353 in
2013 4302 2178 4378 caelis.
2201 4302 2334 4378 Dum
2358 4300 2822 4378 Ephesiidegeret.
2845 4307 2895 4360 in
2924 4322 3108 4374 carne,
3137 4307 3422 4378 theologia:

1826 4374 2185 4449 sagenamjn
2239 4374 2454 4449 ultimas
2495 4374 2674 4449 orbis:
2699 4387 2962 4449 terrarum
3004 4394 3127 4433 oras
3171 4374 3428 4449 expandit

1825 4437 2010 4522 dicens
2038 4459 2052 4495 :
2086 4440 2154 4496 lu
2181 4445 2434 4514 principio
2461 4456 2572 4499 erat
2599 4445 2848 4522 Verbum.
2886 4448 3023 4504 Vere
3055 4437 3278 4522 Magnus
3302 4449 3414 4506 Do-

1825 4518 1994 4564 minus
2040 4523 2226 4576 uoster,
2260 4527 2305 4568 et
2331 4532 2518 4590 magne
2562 4518 2721 4590 uirtus
2755 4520 2893 4590 ejus,
2925 4529 2973 4572 et
3002 4518 3267 4590 sapientia
3309 4523 3419 4590 ejus

1825 4595 1927 4660 uou
1965 4591 2054 4660 est.
2082 4599 2321 4660 munem
2356 4585 2527 4657 (l’sal.
2556 4587 2678 4660 146.
2711 4585 2802 4658 5)Ξ
2824 4591 2925 4660 _qui
2966 4585 3102 4660 dixit
3137 4585 3418 4660 apostolis,

1825 4648 2261 4742 Ego‘uubusobis
2292 4648 2428 4742 os:et
2448 4648 2763 4742 fapientiaui'
2788 4648 2938 4742 (Luc.
2971 4659 3057 4716 21.
3093 4648 3205 4742 t_5)'.
3247 4648 3420 4742 Quam

1824 4723 1977 4776 multi
2004 4738 2179 4792 reges,
2210 4736 2264 4780 et
2293 4723 2583 4796 principes,
2611 4739 2664 4784 et
2694 4723 2963 4796 sapientes
2988 4723 3422 4788 vociferatiVsunt

1823 4805 2196 4860 smpeuumero
2226 4811 2414 4866 magna
2461 4802 2677 4863 virtute,
2711 4801 2805 4854 sed
2852 4817 3039 4856 eorum
3085 4818 3189 4857 vox
3236 4819 3303 4858 ne
3351 4806 3420 4858 ad

1823 4866 2047 4942 muenia
2074 4867 2291 4942 quidem
2338 4869 2499 4942 urbis
2538 4872 2820 4938 pervenit?
2859 4873 2929 4926 At
2979 4889 3180 4942 pauper
3233 4884 3288 4929 et
3339 4877 3421 4942 pi-

1824 4943 2004 5013 scator
2033 4935 2120 4990 hic
2161 4936 2359 5006 Ephesi
2391 4935 2754 5013 proloquutus
2777 4952 2879 5009 est,
2915 4935 2994 4996 lu'
3022 4935 3272 5013 principio
3311 4935 3421 4999 erat

1837 5003 2073 5073 Verbum,
2105 5015 2160 5084 e_t
2186 5003 2348 5084 totam
2375 5003 2587 5084 terram",
2612 5027 2712 5084 vox
2745 5012 2843 5066 ista
2866 5003 3102 5084 'operuit.
3138 5003 3326 5070 Vidisti
3354 5031 3418 5072 os

1821 5089 1954 5157 voce
1971 5078 2173 5157 quavis
2199 5080 2520 5157 sublimius?
2542 5082 2718 5137 vidisti
2741 5078 2973 5157 linguam
2992 5087 3182 5154 quovis
3208 5086 3420 5157 fulgure

1821 5146 2174 5227 celeriorem?
2210 5149 2385 5227 vidisti
2429 5166 2612 5227 vocem
2639 5146 2845 5222 quovis'
2860 5146 3058 5227 tonitru
3091 5146 3417 5214 clariorEm?

1821 5217 1997 5298 vidisti
2027 5219 2188 5273 talem
2217 5221 2505 5298 virtutem?
2533 5217 2808 5298 doctorem
2834 5227 2932 5298 qui
2955 5227 3023 5282 ab
3046 5226 3263 5298 Epheso
3284 5245 3417 5298 gen-

1823 5295 2120 5370 tes‘ornnes
2148 5291 2344 5370 erudit,
2378 5292 2785 5370 etAtheologiant
2813 5291 2970 5370 docet
3002 5314 3014 5351 :
3048 5291 3116 5351 lu
3162 5291 3417 5370 prquipio

1820 5366 1928 5440 erat
1966 5357 2204 5414 Verbum.
2233 5362 2361 5416 llaec
2395 5357 2780 5420 nimirnm'vox
2808 5368 3009 5440 orbem,
3035 5357 3299 5440 terrarum
3330 5357 3413 5440 pi-

1820 5437 2116 5503 scatagcst,
2145 5447 2376 5503 eumque
2418 5449 2736 5490 concussum
2783 5438 3039 5497 stabilivit
3079 5457 3093 5492 :
3143 5438 3260 5494 hare
3311 5437 3413 5496 vox

1823 5499 2080 5553 mundum
2127 5499 2467 5567 illuminavit,
2500 5517 2554 5560 et
2582 5517 2770 5561 contra
2813 5509 3180 5564 adversarium
3223 5527 3412 5566 corru-

1822 5568 2027 5651 boravit
2053 5589 2068 5625 ε
2103 5572 2217 5651 hinc
2247 5589 2349 5651 vox
2372 5587 2454 5629 est
2484 5577 2860 5651 plerorumqne
2891 5581 3215 5636 resurrectio
3238 5591 3293 5637 et
3319 5597 3411 5636 sa-

1819 5639 1945 5695 lutis
1970 5644 2324 5709 conciliatrix,
2355 5639 2706 5716 quorumdam
2757 5639 2886 5703 vero
2926 5651 3077 5707 ruina
3119 5663 3175 5709 et
3200 5655 3413 5710 eversio

1883 5819 1961 5892 (a)_
1979 5824 2259 5892 Nonagint:
2279 5831 2486 5892 quatuor
2527 5827 2686 5875 etatis
2722 5839 2876 5892 annos
2900 5827 3074 5879 Joanni
3101 5828 3269 5882 tribuit
3291 5830 3412 5892 Epi-

1819 5883 2044 5952 phanius,
2071 5884 2103 5932 Ι.
2120 5883 2178 5952 1.
2205 5887 2279 5934 12.
2297 5883 2527 5952 Quivero
2550 5896 2744 5936 centum
2779 5891 2950 5952 viginti
2980 5907 3132 5943 annos
3155 5883 3415 5949 ctttcttsuttt

1818 5945 2021 6006 dixerit,
2048 5948 2296 5998 neminem
2321 5948 2416 6000 vidi
2439 5953 2619 6012 ιιι-κείω·
2642 5952 2768 6003 hunc
2789 5945 3094 6015 aﬁonyntum.
