4044 6524
162 575 492 644 καθαίρεσις
539 573 628 626 διὰ
685 571 746 625 :6
798 569 1213 638 ἀντιλεγόμενον
1269 569 1525 638 σημεῐοψ
1579 567 1691 620 τῶν
1748 565 1848 637 μὲν

164 657 563 722 πιστευόντων,
590 657 670 708 ὃτι
691 655 748 706 ἐν
769 654 909 724 ἀρχῇ
943 647 1030 723 ἦν,
1061 652 1356 714 ἀνάστασις
1375 667 1389 681 ο
1422 649 1530 702 τῶν
1575 649 1633 702 δὲ
1665 649 1848 718 λεγόνο

161 758 305 803 των,
323 742 404 795 δτι
433 741 492 807 ἐξ
519 740 617 793 οὐκ
644 737 810 790 ὄντων
851 733 1086 804 ἐγένετο,
1111 735 1314 796 πτῶσις
1329 732 1426 785 καὶ
1453 733 1658 807 σιωπή,
1704 730 1848 784 Πολὺ

169 827 290 898 γὰρ
322 806 522 896 πλῆθος
547 821 656 876 τῶν
688 818 977 891 αίρετικῶν
1007 818 1129 871 τότε
1163 815 1564 879 ἐπαναστάντες
1593 806 1850 898 ἐσάλευον

170 896 275 979 τῆν
317 905 666 975 Ἐκκλησίαν,
705 901 919 956 ἀδικίαν
956 903 1038 964 είς
1089 899 1152 953 :6
1214 899 1348 969 ὕψος
1393 898 1703 962 λαλοῦντες,
1755 896 1852 950 καλ⁴

168 992 449 1061 λέγοντες,
487 988 570 1041 ὃτι
619 982 687 1058 ἦν
728 1001 880 1047 ποτε,
909 985 998 1036 ὅτε
1027 983 1128 1036 οὐκ
1153 979 1244 1053 ἦν,
1291 983 1387 1061 καὶ
1437 985 1568 1054 πρὶν
1598 979 1851 1061 γενέσθαι

168 1059 509 1146 οῦκνῆν,λκαὶ
537 1073 620 1124 ὅτι
640 1071 699 1134 ἐξ
728 1069 828 1123 οῦκ
857 1067 1022 1120 ὄντων
1040 1067 1272 1146 ἐγένετο.
1290 1060 1362 1117 Ὠ
1389 1065 1632 1146 στόματα
1657 1059 1850 1134 μιαρὰ,

170 1162 275 1211 καὶ
303 1144 544 1224 γλῶσσαι
575 1150 986 1220 ἐϐδελυγμέναι,
1017 1149 1111 1201 καὶ
1155 1145 1308 1219 χείλη
1355 1145 1435 1201 ίοῦ
1464 1144 1706 1199 ἀσπίδων
1755 1159 1852 1195 πε-

169 1237 514 1310 πληρωμένα
536 1239 548 1291 ί
574 1237 640 1289 Τί
665 1234 868 1303 ταύτης
899 1232 995 1302 τῆς
1023 1230 1369 1310 βλασφημίας
1396 1232 1609 1300 χεῖρονς
1641 1227 1693 1280 τί
1726 1243 1856 1278 ταυ-

167 1308 410 1393 τηςήτῆς
439 1319 625 1382 ἀθεῖας
655 1317 1005 1387 ἀτιμότερον;
1029 1308 1192 1367 Ὅθεν
1220 1317 1248 1368 6
1279 1312 1575 1376 ἀπόστολος
1603 1310 1854 1377 Ἰωάννης

182 1404 387 1476 μηκέτι
418 1405 596 1473 φέρων
620 1401 839 1455 ἀκούειν
867 1400 965 1463 τάς
1001 1397 1206 1452 τούτοιν
1229 1398 1436 1469 ’μιαράς
1480 1395 1684 1466 φωνὰς,
1727 1411 1854 1447 συν-

175 1489 364 1544 τάττει
381 1487 441 1540 :6
468 1481 1240 1555 Εὐαγγέλιον,γπαρακαταθεὶς
1261 1483 1329 1552 τῇ
1359 1479 1653 1552 Ἐκκλησία
1683 1478 1854 1550 μέγαν

177 1569 478 1642 θησαυρὸν,
514 1567 610 1621 τὸν.
631 1568 889 1637 τέταρτον
923 1563 1295 1636 ποταμὸν,τδν
1316 1562 1613 1634 πολύτιμον
1642 1578 1856 1632 μαργα-
1919 1583 1922 1586 ’

175 1653 357 1724 ρίτην.
402 1647 743 1703 Ἐπανελθὼν
786 1648 915 1721 γάρ,
961 1649 1037 1712 ὡς
1089 1646 1442 1718 προείρηται,
1495 1646 1604 1699 ἀπὸ
1633 1645 1731 1715 τῆς
1769 1643 1857 1709 ἐξ·

174 1735 338 1806 αρίας
370 1735 450 1807 εἰς
483 1733 735 1801 Ἔφεσον,
764 1733 859 1786 καὶ
881 1733 1222 1801 κατανοήσας
1244 1731 1452 1797 λοιπὸν,
1490 1731 1571 1784 ὃτι
1606 1729 1716 1782 τῶν
1745 1728 1856 1781 λοι-

174 1820 298 1872 πῶν
342 1815 741 1886 εὐαγγελιστῶν
779 1818 834 1869 αἱ
879 1813 1539 1885 βίϐλοικατηρτίσθησαν,
1567 1815 1661 1866 καὶ
1703 1814 1856 1867 πᾶσα

178 1902 371 1972 σχεδὸν
400 1901 754 1962 θεόπνευστος
783 1898 974 1970 Γραφὴ
1002 1897 1136 1968 πρὸς
1162 1896 1451 1968 οίκοδομὴν
1480 1896 1578 1966 τῆς
1623 1895 1854 1966 Ἐκκλη-

178 1987 324 2048 σίας,
348 1985 520 2038 λείπει
551 1985 607 2038 δὲ
645 1987 675 2038 6
700 1983 958 2054 τέταρτος
988 1982 1086 2052 τῆς
1113 1980 1440 2053 οἰκουμένης
1469 1978 1737 2050 θεμέλιος,
1762 1979 1857 2033 καὶ

175 2073 260 2124 ὅτι
282 2069 474 2123 τούτου
506 2069 660 2132 ἐκτὸς
693 2067 793 2138 τὴν
829 2065 1153 2136 οἰκουμένην
1195 2063 1457 2135 σταθῆναι
1481 2064 1582 2116 οὐκ
1610 2063 1688 2116 ἐνι
1743 2062 1856 2116 ἐλο-

175 2151 364 2220 γίζετο
399 2152 458 2203 ιν
515 2149 694 2220 ἐαυτῷ
758 2149 950 2217 λέγων.
982 2148 1047 2201 Τί
1092 2145 1498 2216 ἀναϐάλλομαις
1552 2145 1637 2209 τί,
1689 2146 1848 2216 φησὶ,

181 2230 524 2302 μακροθυμῶ
552 2229 826 2296 ετωιυι
863 2229 1158 2301 προσφέρω
1189 2230 1268 2292 είς
1307 2227 1472 2299 μέσον
1506 2229 1568 2281 :6
1606 2228 1708 2281 ἀπὲ
1747 2226 1856 2280 τῶν

181 2313 395 2368 αἰώνων
424 2314 805 2385 κεκρυμμένον
851 2313 1182 2384 μυστήριον,
1224 2310 1277 2365 τί
1325 2311 1626 2382 ἀποκρύϐω
1677 2311 1857 2382 ἐαυτῷ

179 2398 282 2470 τὴν
311 2397 419 2451 ἀπὸ
445 2397 554 2450 τῶν
584 2396 795 2451 αἰώνων
825 2396 1038 2464 σοφίαν,
1065 2400 1132 2465 ἣν
1163 2396 1227 2448 ἐκ
1251 2393 1353 2464 τῆς
1382 2394 1650 2450 ἀθανάτου
1674 2395 1858 2464 πηγῆς

177 2481 458 2535 ἐπιπεσὼν
477 2480 702 2534 εῐλκυσα
719 2497 734 2546 ;
749 2479 802 2532 τί
822 2480 883 2532 οὐ
903 2478 967 2551 δη
977 2477 1234 2550 μοσιεύω,
1250 2477 1308 2532 δν
1325 2477 1546 2548 ἄγγελοι
1575 2477 1854 2546 ἀγνοοῦσι;

175 2567 233 2620 τί
256 2567 360 2619 οὐκ
381 2563 750 2618 ἀποκαλύπτω
771 2567 884 2628 τοῖς
916 2564 1166 2634 πέρασιν.
1196 2562 1256 2616 δν
1274 2562 1448 2624 οὐδεὶς
1478 2559 1854 2631 ἐπιγινώσκει,

171 2652 226 2702 εἰ
261 2651 335 2720 μὴ
370 2651 398 2702 6
427 2649 640 2720 Πατήρς
673 2649 726 2701 τί
748 2648 807 2701 ού
838 2648 1054 2722 γράφω,
1090 2648 1229 2716 ὅπερ
1253 2645 1533 2710 Ματθαίος
1570 2646 1665 2700 καὶ
1699 2645 1858 2718 Μάρ-

173 2749 274 2795 κος
323 2732 417 2784 καὶ
451 2731 662 2794 Λουκᾶς
695 2731 760 2784 δι’
810 2730 1210 2801 ἐπαινουμένην
1256 2729 1460 2785 δειλίαν
1495 2732 1858 2801 παρασιωπή-

175 2831 372 2878 σαντες
403 2814 786 2886 παρέδραμον,
816 2815 1135 2878 τελέσαντες
1166 2815 1235 2868 τά
1263 2815 1718 2886 προστεταγμένα
1754 2816 1856 2869 αύ-

170 2902 325 2964 τοῑς,;
359 2899 521 2954 Ὅθεν
543 2897 760 2970 λαλήσω
786 2897 939 2968 κάγὼ
965 2899 1106 2952 κατά
1135 2899 1237 2970 τὴν
1263 2897 1510 2953 δοθεῖσάν
1536 2916 1626 2970 μοι
1645 2899 1855 2971 δωρεάν

173 2983 406 3039 ἀνωθεν.
440 2985 716 3046 Ματοαίος
771 2984 869 3054 μὲν
903 2985 1028 3037 ὅσον
1073 2981 1291 3053 ἐχώρει,
1337 2981 1542 3053 ἔγραψε
1577 2982 1720 3036 κατά
1755 2982 1855 3054 τὴν

178 3065 320 3118 ἰδίαν
355 3064 602 3134 δύναμιν,
639 3065 865 3136 Μάρκος
897 3064 954 3118 δὲ
978 3065 1073 3119 καὶ
1109 3066 1325 3128 Λουκᾶς
1349 3065 1554 3135 ὁμοίως
1581 3065 1726 3118 κατὰ
1753 3066 1854 3136 τὴν

171 3147 273 3202 τοῦ
307 3148 461 3218 ἀγίου
487 3148 801 3218 Πνεύματος
828 3147 1090 3220 χορηγίαν
1129 3147 1228 3212 τὰς
1252 3147 1463 3200 ἑαυτῶν
1489 3148 1709 3218 βίϐλους
1737 3149 1857 3203 θεο-

175 3233 408 3304 πρεπῶς
427 3232 808 3302 ἐδογμάτισαν.
838 3231 877 3284 Γ
883 3231 1039 3303 ράψω
1067 3230 1224 3300 κάγὼ
1256 3232 1351 3285 καὶ
1399 3230 1700 3304 προσθήσω
1741 3235 1854 3298 τοῖς

175 3314 494 3386 ἔμπροσθεν,
519 3315 617 3386 τὴν
653 3315 922 3386 τετάρτην
950 3315 1132 3385 πηγὴν
1167 3315 1265 3386 τῆς
1314 3315 1479 3384 ζωῆς.
1506 3315 1696 3369 Λείπει
1744 3316 1855 3388 γάρ

173 3399 259 3462 είς
309 3397 666 3452 θεοσύστατον
715 3397 899 3470 φωνὴν
945 3399 974 3450 6
1026 3397 1158 3469 περὶ
1209 3397 1487 3466 θεολογίας
1542 3398 1720 3468 λόγος,
1757 3401 1854 3454 καὶ

173 3482 476 3538 κινδυνεύει
504 3486 534 3539 6
558 3484 763 3556 κόσμος
801 3485 859 3536 ἐν
899 3480 978 3553 τῷ
1011 3481 1166 3554 μέρει
1187 3480 1384 3552 τούτῳ.
1407 3481 1610 3552 Γράφω
1645 3482 1851 3553 βίϐλον,

173 3566 242 3620 δι’
269 3562 337 3639 ἦς
376 3569 634 3640 ἐμφραγῇ
683 3569 790 3622 πᾶν
820 3559 1004 3638 στόμα⁶
1024 3563 1218 3619 λαλοῦν
1266 3564 1407 3618 κατά
1431 3565 1566 3619 Θεοῦ
1603 3566 1814 3622 ἀδικίαν
1833 3584 1848 3599 ⁸

174 3649 372 3721 γράψω
393 3651 576 3722 βίϐλον
595 3651 692 3723 τὴν
721 3651 1103 3705 καλύπτουσαν
1128 3650 1308 3703 πᾶσαν
1329 3651 1388 3704 ἐν
1419 3651 1610 3722 κόσμῳ
1635 3651 1849 3722 σοφίαν·

174 3731 374 3803 γράψω
399 3731 600 3804 βίϐλον,
641 3734 702 3788 οὐ
733 3733 862 3804 περὶ
885 3729 1174 3803 ἀνθρώπου
1205 3732 1583 3802 διηγουμένην,
1629 3734 1704 3786 Οὐ
1742 3736 1853 3807 γὰρ

172 3813 352 3868 λείπει
400 3817 466 3888 τῇ
509 3814 824 3886 Ἐκκλησία,
879 3813 916 3868 ἀ
951 3815 1080 3885 περὶ
1125 3812 1331 3867 τούτων
1374 3815 1580 3884 ἔγραψε
1610 3815 1851 3884 Μωῦσῆς

174 3899 312 3968 περὶ.
336 3897 565 3970 ούρανοῦ
589 3915 648 3951 τε
684 3899 778 3951 καὶ
807 3898 911 3967 γῆς
949 3897 1044 3950 καὶ
1076 3895 1357 3949 θαλασσῶν
1396 3899 1490 3950 καὶ
1522 3896 1720 3972 ίχθύων
1759 3897 1852 3952 καὶ

176 3980 439 4034 πετεινῶν
473 3982 565 4034 καὶ
591 3980 954 4050 τετραπόδων,
1003 3979 1095 4033 καὶ
1127 3977 1375 4050 ἑρπετῶν
1403 3979 1499 4032 καὶ
1547 3980 1729 4048 φυτῶν
1757 3983 1850 4033 καὶ

176 4063 511 4135 σπερμάτων
553 4065 648 4118 καὶ
691 4065 994 4135 φωστηρων
1049 4063 1142 4115 καὶ
1191 4061 1496 4132 βρωμάτων
1533 4063 1625 4114 καὶ
1659 4063 1852 4133 λοιπῆς

174 4145 440 4209 κτίσεως·
479 4144 590 4213 ἐγὼ
639 4145 693 4199 δὲ
734 4147 912 4199 πάντα
961 4144 1030 4198 τὰ
1061 4144 1169 4198 ἀπὸ
1199 4145 1389 4215 χρόνου
1432 4146 1526 4198 καὶ
1574 4147 1634 4198 ἐν
1675 4147 1852 4218 χρόνῳ

174 4227 436 4298 γινόμενα
486 4227 817 4298 καταλείψας
840 4271 855 4292 ,
898 4227 1118 4297 λαλήσω
1165 4229 1293 4298 περὶ
1334 4227 1428 4280 τοῦ
1485 4228 1716 4299 ἀχρόνου
1755 4229 1851 4281 καὶ

174 4311 434 4365 ἀκτίστου
481 4311 576 4366 τοῦ
620 4313 728 4382 πρὸ
775 4314 994 4366 πάντων
1035 4311 1142 4365 τῶν
1184 4311 1395 4365 αἰώνων
1431 4312 1494 4364 ἐκ
1520 4311 1612 4364 τοῦ
1639 4312 1851 4385 Πατρὸς

175 4394 430 4465 ἀρρήτως
457 4393 806 4465 γεννηθέντος
836 4393 970 4447 Θεοῦ
1007 4393 1199 4462 Λόγου,
1232 4394 1360 4464 περὶ
1391 4385 1451 4446 οὗ
1494 4396 1730 4467 Μωῦσῆς
1763 4392 1852 4450 ού-

173 4493 268 4540 τος
306 4477 479 4531 είπείν
523 4478 624 4532 οὒκ
671 4477 920 4548 ίσχυσενο
957 4475 1068 4545 ἐγὼ
1102 4476 1159 4528 δὲ
1202 4475 1404 4530 Πάντα
1446 4478 1645 4546 ἰσχύω
1672 4480 1742 4533 ἐν
1772 4481 1850 4547 τῷ

171 4557 612 4628 ἐνδυναμοῦντί
631 4575 708 4627 με
732 4557 982 4626 Χριστῷ.
998 4557 1183 4611 Ταῦτα
1201 4560 1259 4610 ἐν
1279 4557 1456 4630 ἐαυτῷ
1482 4561 1849 4632 σκεπτόμενος

172 4643 206 4694 6
227 4641 520 4706 ἀπόστολος
561 4642 834 4712 Ἰωάννης,
865 4646 957 4696 κο.)⁸
984 4643 1075 4696 τὸν
1108 4642 1376 4712 γραφικὸν
1416 4643 1660 4714 κάλαμον
1686 4649 1743 4698 ἐν
1781 4649 1846 4718 τῇ

172 4723 318 4794 χειρὶ
337 4723 603 4794 κατέχων,
638 4725 731 4778 καὶ
758 4725 955 4779 ἐννοῶν
1004 4725 1123 4789 πῶς
1151 4725 1248 4794 τῆς
1285 4725 1563 4795 θεολογίας
1591 4726 1845 4798 ἄρξηται,

175 4807 380 4878 χαίρων
409 4809 507 4875 μὲν
531 4810 597 4878 τῇ
630 4808 795 4880 ψυχῇ,
823 4808 1041 4880 τρέμων
1072 4808 1128 4862 δέ
1159 4812 1224 4880 τῇ
1261 4811 1403 4880 χειρὶ
1429 4812 1718 4883 μετάρσιος
1765 4813 1849 4880 γί-

176 4907 346 4956 νεται,
396 4893 489 4946 καὶ
517 4895 595 4962 τῷ
621 4892 834 4963 σώματι
885 4894 944 4946 ἐν
988 4892 1200 4963 Ἐφέσῳ
1233 4893 1308 4946 ὢν
1349 4897 1418 4965 τῇ
1471 4896 1690 4967 καθαρᾷ
1715 4915 1848 4967 καρ·

175 4973 266 5044 δία
310 4973 388 5044 τῷ
433 4974 703 5044 πνεύματι
759 4975 1031 5048 μετέωρος
1086 4977 1320 5048 ὑπῆρχε.
1374 4979 1718 5046 Καταλείψας
1755 4978 1848 5034 οὖν

177 5059 355 5111 πᾶσαν
383 5059 477 5130 τήν
498 5060 623 5130 γῆν,
653 5061 944 5132 διεπέρασε
980 5060 1069 5113 τὸν
1103 5063 1169 5114 ἐν’
1197 5062 1346 5132 μέσῳ
1365 5063 1663 5131 κεχυμένον
1685 5064 1843 5135 ἀέρα,

175 5141 493 5215 παρέδραμε
527 5144 625 5207 τὰς
641 5145 750 5196 τῶν
772 5143 1016 5216 ἀστέρων
1035 5143 1442 5214 διακοσμήγσεις.
1475 5145 1718 5216 παρῆλθε
1746 5146 1846 5210 τὰς

172 5227 430 5297 στρατιάς
471 5224 580 5280 τῶν
611 5227 880 5297 ἀγγέλων,
911 5227 1010 5289 τὰς
1040 5227 1148 5280 τῶν
1189 5229 1543 5299 ἀρχαγγέλων
1581 5247 1814 5299 χοροστα

171 5310 315 5373 σίας,
349 5311 444 5364 καὶ
491 5311 670 5376 πάσας
728 5311 825 5374 τὰς
873 5311 1065 5382 νοεράς
1114 5312 1394 5381 δυνάμεις,
1440 5312 1717 5382 Χερουϐὶμ
1751 5313 1845 5366 κα)⁸

169 5395 419 5466 Σεραφὶμ
437 5394 714 5465 τάγματα,
733 5396 825 5448 καὶ
843 5395 1039 5459 πάντα,
1055 5396 1154 5448 ὅσα
1171 5395 1227 5462 ἐξ
1251 5397 1350 5448 οὑκ
1373 5395 1539 5448 όντων
1564 5396 1838 5467 παρήχθη,

169 5476 450 5542 κατέλιπε,
478 5477 574 5531 καὶ
618 5477 860 5548 ὑπερέϐη
903 5479 1110 5541 πάντας
1139 5480 1264 5540 τοὺς
1310 5477 1592 5548 οὐρανοὺς,
1619 5479 1711 5530 καὶ
1741 5479 1844 5533 ὅσα

167 5561 270 5614 ούκ
299 5555 366 5628 ἦν
418 5560 764 5632 παρέδραμε.
815 5562 1162 5631 Προσήγγισε
1191 5559 1342 5631 H55]
1381 5563 1506 5623 τοὺς
1535 5563 1691 5632 ὄρους
1733 5563 1842 5614 τῶν

166 5643 491 5712 ἀνεφίκτων,
521 5645 614 5697 καὶ
635 5643 810 5707 οὐδεὶς
828 5647 857 5699 ό
885 5644 1161 5714 κωλύωνῆ
1188 5646 1492 5712 ἐμποδίζων
1525 5646 1621 5716 τὴν
1648 5645 1840 5699 τούτου

166 5726 368 5781 ἄνοδον.
401 5728 516 5790 Πᾶς
561 5726 670 5797 γὰρ
725 5727 950 5789 ἀσπιλος
982 5726 1059 5798 τῷ
1105 5727 1339 5797 σώματι.
1397 5729 1636 5800 καθαρὸς
1675 5730 1730 5782 δὲ
1772 5737 1838 5802 τῇ

168 5811 380 5883 καρδία,
427 5812 522 5866 καί⁵
554 5811 651 5880 τὴν
675 5810 854 5881 ψυχὴν
886 5811 1111 5874 ἄκακος,
1157 5813 1250 5864 καὶ
1286 5813 1540 5876 ταπεινὸς
1562 5813 1642 5881 τῷ
1673 5815 1839 5866 πνεύο

169 5911 315 5964 ματι,
344 5893 466 5947 οὔτε
495 5895 602 5947 ὑπὸ
641 5894 748 5946 τῶν
792 5895 1032 5964 ἀερικῶν
1083 5895 1409 5964 πνευμάτων
1459 5897 1834 5964 ἐμποδίζεται,

164 5979 282 6034 οὕτε
306 5979 410 6031 ὑπὸ
445 5977 554 6032 τῶν
585 5979 853 6048 οὐρανίων
881 5979 1161 6048 δυνάμεων
1198 5977 1463 6032 κωλύεται
1494 5981 1734 6034 ἀνελθεῖν
1758 5985 1837 6045 εἰς

166 6063 261 6132 τὴν
305 6063 418 6116 ἄνω
459 6063 852 6134 Ἰερουσαλήμ,
893 6062 1020 6118 ἔνθα
1066 6062 1264 6124 πάντες
1309 6064 1357 6114 οί
1409 6065 1667 6134 μακάριοι
1712 6082 1835 6117 συν-

175 6148 402 6206 ὶηννται,
436 6146 624 6208 ὥσπερ
668 6139 822 6209 οὗτος
854 6149 882 6197 6
928 6145 1196 6214 μακάριος
1238 6145 1534 6208 ἀπόστολος
1569 6149 1596 6199 ό
1641 6149 1830 6214 μικρός

1281 448 1372 503 DE
1413 447 1473 504 S.
1509 447 1778 504 JOANNE
1815 444 2185 502 APOSTULO
2226 443 2484 501 $88310.

1953 581 2112 636 τερος
2140 563 2416 632 Ἰωάννης,
2447 560 2542 614 καὶ
2567 559 2770 631 μείζων
2796 557 2889 612 τοῦ
2915 557 3154 629 μεγάλου
3177 559 3332 628 άγίου
3348 557 3630 615 Ἰωάννου.

1955 650 2055 702 Διὰ
2080 648 2308 703 πάντων
2327 642 2421 699 οὖν
2442 642 2716 715 παρῆλθε,
2757 643 2851 695 καὶ
2877 641 3054 700 οὐδεὶς
3083 644 3112 693 6
3136 641 3482 696 ἀντιϐαίνων.
3509 644 3642 709 ’Λγ-

1957 732 2107 801 γελοι
2139 731 2246 801 γὰρ
2277 727 2513 801 ὁρῶντες
2543 725 2667 780 ἀπδι
2694 725 2798 795 γῆς
2829 723 3118 795 ἄνθρωπον
3154 725 3402 794 ἀγγέλων
3435 724 3647 788 ἐνδοξό-

1956 831 2138 888 τερον,
2171 812 2339 884 μηδὲν
2372 811 2592 882 ἔχοντες
2618 809 2814 870 είπεϊν,
2850 807 3105 861 ἐσιώπων
3125 823 3138 838 ·
3177 810 3226 860 οἱ
3252 809 3362 862 τῶν
3396 809 3646 879 ἀγγέλων

1956 904 2016 958 δὲ
2043 904 2196 976 χοροὶ⁸
2237 900 2405 956 ἀλλον
2431 897 2540 953 ἀπὸ
2565 897 2671 968 γῆς
2711 895 2946 965 ἄγγελον
2971 895 3226 967 λαμπρὸν
3255 899 3320 968 τῇ
3353 898 3644 969 παρθενίᾳ,

1961 991 2144 1062 πλήρη
2175 987 2473 1059 ἀγιασμοῦ,
2526 985 2768 1056 καθαρὸν
2813 987 2880 1055 τῇ
2915 984 3134 1055 καρδίᾳ,
3187 985 3649 1056 ἐμπεπλησμένον

1959 1078 2187 1142 εὐωδίας
2215 1077 2509 1146 κατασχεῖν
2540 1075 2639 1128 οὐκ
2663 1072 2992 1144 ἐτόλμησαν.
3023 1073 3092 1126 Δί
3122 1071 3286 1125 πύλαι
3325 1071 3436 1124 τῶν
3481 1075 3652 1146 οὐρα·-

1961 1185 2069 1222 νων
2102 1166 2266 1222 πάλιν
2297 1165 2505 1220 ἰδοῦσαι
2535 1163 2686 1229 ξένον
2730 1160 3022 1232 πρόσωπον
3053 1160 3468 1232 δεδοξασμένον,
3510 1160 3652 1232 ὑπὲρ

1959 1255 2051 1309 τδν
2080 1255 2232 1325 ἥλιον
2281 1253 2435 1314 θείας
2475 1252 2702 1313 ἀκτῖνας
2742 1247 3157 1312 ἀποστίλϐοντα,
3186 1248 3280 1301 καὶ
3322 1246 3654 1304 ὑπονοοῦσαι

1958 1343 2150 1399 τοῦτον
2181 1338 2341 1407 εἶναι,
2367 1340 2425 1393 δν
2443 1339 2634 1411 ήγάπα
2652 1339 2681 1390 6
2710 1335 2940 1408 Ἰησοῦς,
2963 1338 3056 1389 τδν
3079 1338 3138 1390 ἐν
3161 1335 3240 1407 τῷ
3271 1336 3461 1408 στήθει
3486 1337 3652 1393 αὑτοῦ

1961 1433 2019 1484 ἐν
2042 1429 2209 1501 πολλῇ
2226 1427 2564 1500 καθαρόθητι
2591 1426 2958 1492 ἀναπεσόντα,
2989 1424 3112 1478 ὅθεν
3138 1425 3232 1478 καὶ
3252 1425 3286 1495 ή
3306 1426 3530 1498 τοιαύτη
3559 1426 3658 1479 αὺ-

1960 1519 2040 1591 τῷ
2065 1518 2192 1583 δόξα
2223 1515 2600 1589 περικέχυται,
2647 1513 2954 1578 σπουδαίως
2995 1512 3357 1584 ἀνεῳχθείσαι
3388 1515 3490 1584 τὴν
3537 1517 3655 1568 εἰσ-

1961 1609 2080 1662 οδον
2109 1604 2488 1677 παρεχώρουν.
2510 1598 2646 1655 Εἶτα
2674 1601 2976 1670 ἐπλησίασε
2997 1599 3200 1654 λείπων
3223 1601 3293 1654 τά
3315 1600 3650 1654 ἀνεπίϐατον

1963 1690 2200 1761 ἔφθασεν
2229 1691 2310 1751 είς
2332 1688 2427 1740 τὸν
2455 1686 2568 1741 ἄνω
2601 1684 2783 1756 βυθόν.
2814 1685 2879 1738 Τί
2901 1679 2995 1738 οῦν
3034 1683 3270 1755 ἐροῦμεν
3293 1683 3432 1756 πρὸς
3457 1683 3651 1748 ταῦτα;

1973 1777 2204 1850 ’Δληθὴς
2237 1775 2412 1847 ήθεία
2446 1773 2598 1844 φωνή
2629 1773 2717 1826 διὰ
2753 1772 2847 1826 τοῦ
2881 1773 3164 1843 προφήτου
3197 1771 3452 1838 λέγουσα,
3499 1773 3653 1836 Ἀλλ’

1961 1868 2002 1937 ἢ
2036 1867 2179 1933 τοὺς
2220 1861 2583 1929 δοξάζοντάς
2614 1878 2693 1930 με
2738 1859 2979 1925 δοξάσω
3005 1877 3019 1889 ’
3070 1849 3264 1924 καθὼς
3300 1855 3429 1931 περὶ
3456 1859 3652 1914 τούτου

1963 1957 2058 2011 καὶ
2087 1957 2115 2011 6
2167 1953 2454 2022 θεοπάτωρ
2505 1948 2668 2003 Δαυτδ
2723 1948 3174 2019 προεφήτευσαν
3204 1947 3288 2001 ὅτι
3352 1946 3465 2003 Τοῦ
3502 1946 3654 2002 Θεοῦ

1963 2050 2017 2102 οί
2065 2041 2332 2114 κραταιοῐ
2379 2039 2482 2109 τῆς
2545 2037 2658 2109 τῆς
2695 2038 2936 2107 σφόδρα
2979 2035 3370 2105 ἐπήρθησαν-ο
3405 2037 3501 2089 καὶ
3542 2038 3652 2090 πά-

1963 2135 2068 2200 λιν,
2110 2132 2237 2200 Τοῖς
2281 2131 2472 2200 ιὶγίοις
2505 2128 2631 2192 τοῖς
2687 2127 2757 2182 ἐν
2797 2125 2870 2195 τῇ
2927 2123 3008 2196 γῇ
3035 2122 3226 2179 αὑτοῦ
3263 2121 3652 2194 ἐθαυμάστω-

1963 2241 2079 2280 σεν
2139 2225 2172 2276 ό
2249 2219 2468 2286 Κύριος
2538 2216 2736 2269 πάντα
2803 2215 2876 2268 τίι
2938 2213 3245 2282 θελήματα
3315 2211 3507 2267 αὐτοῦ
3584 2213 3657 2266 ἐν

1963 2310 2188 2376 αὐτοῖς.
2246 2308 2312 2360 Τί
2365 2305 2474 2375 γὰρ
2535 2305 2721 2375 μεῖζον
2788 2301 2980 2354 τούτου
3030 2301 3123 2355 τοῦ
3200 2299 3481 2372 θαύματος
3507 2342 3522 2365 ,
3574 2302 3652 2366 εἰς

1963 2394 2216 2450 τοσοῦτον
2247 2389 2382 2460 ὕψος
2430 2388 2726 2457 ἀφικέσθαι
2761 2387 3046 2457 ἄνθρωπον
3081 2385 3300 2456 χοῖκόν;
3346 2385 3435 2438 Ἐν
3483 2384 3653 2457 πολλῇ

1965 2476 2284 2549 παρρησίᾳ,
2330 2476 2425 2527 καὶ
2474 2475 2574 2526 ὅσα
2621 2470 2845 2522 δυνατόν
2880 2472 2996 2522 ἐστι
3035 2468 3318 2540 θεαθῆναι,
3363 2469 3653 2535 ἐθεάσατο,

1965 2562 2060 2614 καὶ
2086 2560 2166 2622 είς
2204 2557 2271 2610 τὰ
2318 2555 2575 2608 ἐπέκεινα
2606 2553 2769 2606 αὑτὸν
2804 2551 3132 2621 φιλονεικεῖν
3167 2551 3514 2628 βουλόμενον,
3550 2554 3652 2606 ’ον

1963 2641 2126 2699 εἶδεν
2161 2639 2363 2704 οὐδεὶς
2400 2635 2746 2706 ἀνθρώπων,
2774 2633 2919 2689 οὐδὲ
2966 2634 3116 2690 ἰδεῖν
3161 2633 3435 2705 δύναται,
3469 2633 3657 2707 καθὼς

1963 2729 2166 2799 γράφει
2209 2722 2420 2785 Παῦλος
2444 2722 2472 2774 6
2494 2719 2824 2788 ἀπόστολος·
2855 2721 3039 2786 καθὼς
3082 2724 3177 2778 καὶ
3203 2724 3366 2789 αὐτὸς
3399 2725 3658 2798 Ἰωάννης

1962 2814 2032 2868 τά
2059 2814 2240 2884 ὅμοια,
2267 2812 2351 2864 ὃτι
2383 2809 2525 2865 Θεὸν
2548 2812 2724 2874 οὐδεὶς
2752 2810 2963 2882 ἑώρακε
2999 2811 3240 2865 πώποτε.
3273 2813 3339 2866 Τί
3372 2808 3466 2868 οὖν
3497 2815 3656 2886 ἐροῦ-

1967 2914 2066 2969 μεν
2097 2893 2234 2969 πρὸς
2259 2895 2432 2951 ταῦτα
2457 2896 2612 2965 ς”Οτι
2645 2894 2855 2958 Παῦλος
2883 2895 2983 2966 μὲν
3007 2893 3188 2958 καλῶς
3208 2894 3416 2966 ἔγραψε
3439 2897 3618 2967 λέγων
3635 2916 3650 2930 ο

1969 2981 2070 3034 Ὃν
2120 2977 2283 3035 εἶδεν
2329 2979 2526 3044 οὐδεὶς
2580 2976 2937 3044 ἀνθρώπων,
2976 2977 3122 3032 οὐδὲ
3183 2978 3332 3034 ίδεῖν
3375 2981 3652 3038 δύναται.

1976 3062 2240 3117 Ἐνταῦθα
2266 3064 2377 3133 γὰρ
2411 3063 2513 3115 οὑκ
2557 3061 2702 3123 ἐστι,
2750 3063 2820 3115 τά
2852 3062 2992 3115 κατά
3035 3062 3390 3134 ἀνθρώπους,
3423 3065 3548 3120 οὔτε
3587 3069 3657 3121 τά

1962 3148 2104 3201 κατά
2153 3145 2338 3214 φύσιν,
2381 3144 2519 3198 ἀλλά
2549 3143 2616 3197 τὰ
2651 3144 2794 3215 ὑπὲρ
2835 3144 3030 3212 φύσιν·
3069 3144 3196 3200 ούτε
3235 3147 3338 3218 τῆς
3371 3149 3652 3217 δουλείας,

1962 3231 2097 3285 ἀλλά
2123 3233 2223 3301 τῆς
2263 3228 2539 3293 υἱοθεσίας
2583 3229 2680 3282 καὶ
2708 3227 2889 3296 φιλίας
2937 3228 3158 3298 (Ὑμεῖς
3199 3229 3310 3299 γάρ
3340 3234 3510 3302 φίλοι
3531 3254 3655 3303 μου

1960 3314 2130 3377 ἐστὲ,
2152 3313 2351 3368 οὐκέτι
2372 3309 2797 3380 καλέσωιῠμᾶς
2819 3310 3103 3382 δούλους)
3121 3327 3136 3342 ⁶
3158 3312 3284 3368 οὔτε
3314 3317 3388 3387 μή
3411 3317 3654 3391 καθαρά,

1961 3397 2098 3451 ἀλλά
2127 3394 2347 3467 καθαρά
2375 3397 2468 3448 καὶ
2498 3393 2826 3463 λαλούμενα,
2858 3393 3042 3456 καθὼς
3080 3395 3218 3467 πρὸς
3244 3399 3443 3463 αὐτοὺς
3466 3403 3501 3472 ἡ
3534 3402 3658 3458 θεία

1962 3481 2116 3553 φωνὴ
2165 3481 2353 3544 λέγει,
2390 3480 2472 3533 ὅτι
2519 3477 2707 3547 Ὑμεῖς
2745 3479 2993 3547 καθαροί
3024 3479 3194 3534 ἐστεο
3225 3483 3276 3535 οί
3322 3483 3381 3536 δέ
3423 3485 3657 3558 καθαροὶ

1958 3571 2026 3638 τῇ
2059 3565 2258 3638 καρδίᾳ
2285 3564 2377 3618 τὸν
2409 3563 2542 3617 Θεὸν
2579 3563 2824 3631 ὕψονται.
2869 3561 3057 3616 Ταῦτα
3096 3565 3277 3618 τοίνυν
3313 3566 3383 3621 τά
3419 3568 3655 3638 μέγιστα

1960 3652 2055 3704 καὶ
2095 3649 2214 3704 θεία
2251 3648 2567 3719 χαρίσματα
2601 3644 3003 3716 ἐπιφερόμενος
3042 3649 3072 3700 ό
3105 3647 3398 3720 Ἰωάννης,
3433 3653 3530 3706 καὶ
3561 3671 3655 3707 τεο

1959 3732 2255 3807 θαρῤηκὼς
2281 3733 2374 3785 ἐπὶ
2401 3731 2470 3784 τὰ
2497 3729 2678 3800 ὑψηλὰ
2714 3729 3194 3797 ἐπιϐἀςιξφθασεν
3209 3733 3290 3796 είς
3321 3733 3384 3785 :6
3409 3734 3654 3806 ἀπέραν-

1959 3835 2050 3872 τον
2101 3815 2367 3884 πέλαγος,
2423 3813 2518 3867 καὶ
2561 3816 2672 3876 τοῖς
2723 3813 3010 3882 ἀμιάντοις
3057 3813 3224 3866 αὐτοῦ
3268 3814 3368 3884 τῆς
3421 3819 3653 3889 καρδίας

1959 3902 2257 3974 ὀφθαλμοῖς
2287 3899 2624 3970 θεασάμενος
2647 3901 2704 3952 ἐν
2735 3900 2848 3961 τοῖς
2876 3897 3099 3962 κόλποις
3131 3899 3226 3953 τοῦ
3268 3900 3510 3974 ἀνάρχου
3540 3908 3654 3961 Πα.

1959 3982 2090 4052 τρὺς
2114 3981 2206 4035 τὸν
2239 3979 2575 4050 συνάναρχον
2601 3979 2794 4045 Λόγον,
2823 3977 2923 4031 τὸν
2947 3977 3057 4049 πρὸ
3097 3977 3316 4033 πάντων
3348 3983 3562 4038 αίώνων
3588 3988 3655 4042 ἐκ

1959 4063 2052 4116 τοῦ
2070 4063 2286 4132 Πατρὸς
2301 4063 2556 4133 ἀρρήτως
2578 4059 2934 4132 γεννηθέντα,
2954 4062 3052 4116 καὶ
3075 4063 3274 4132 μηκέτι
3293 4066 3393 4136 τὴν
3412 4067 3651 4124 ἀνεκλά-

1958 4147 2120 4218 λητον
2164 4148 2381 4217 ἐκείνην
2425 4146 2604 4216 χαρὰν
2651 4147 2708 4198 ἐν
2744 4143 2922 4216 ἐαυτῷ
2975 4146 3230 4216 κατέχειν
3278 4151 3545 4221 ἐνισχύων
3587 4155 3650 4208 :6

1959 4232 2115 4298 ἅγιον
2141 4231 2237 4284 καὶ
2264 4231 2562 4302 σεραφικὺν
2593 4226 2759 4282 αὐτοῦ
2795 4229 2991 4311 στόμα,
3020 4231 3116 4284 καὶ
3148 4231 3360 4305 μεγάλῃ
3397 4239 3464 4307 τῇ
3494 4243 3647 4311 φωνῇ

1958 4313 2226 4384 ἀνέκραξε
2274 4312 2479 4380 λέγων·
2531 4312 2628 4365 Ἐν
2676 4309 2835 4380 ἀρχῇ
2887 4307 2970 4382 ’ἦν
3013 4315 3048 4366 ό
3083 4316 3295 4384 Λόγος.
3333 4318 3507 4373 Βλέπε
3558 4307 3650 4392 μοι

1961 4397 2175 4451 σύνεσιν
2225 4397 2452 4461 ἁλιέως,
2504 4396 2776 4466 σκόπησον
2831 4396 3024 4464 σοφίαν
3059 4397 3252 4469 ἀνδρὸς
3285 4401 3648 4475 ἀγραμματί-

1961 4497 2111 4535 στου.
2144 4475 2298 4542 Είδές
2342 4495 2432 4549 μοι
2467 4477 2600 4548 ὕψος
2638 4477 2962 4531 διδασκάλου
2996 4479 3310 4552 ἀδιήγητον,
3342 4486 3402 4538 ἐν
3435 4486 3649 4560 Ἐφέσῳ

1957 4561 2342 4632 καθεζόμενον,
2387 4563 2482 4614 καὶ
2521 4561 2592 4614 τὰ
2626 4561 2886 4631 ὑπεράνω
2917 4561 3026 4615 τῶν
3055 4565 3303 4635 οὐρανῶν
3332 4566 3644 4640 θεώμενον;

1957 4648 2048 4719 Τῷ
2081 4645 2353 4718 πνεύματι
2381 4648 2462 4708 εἰς
2488 4645 2581 4698 τὸν
2614 4646 2728 4699 ἀνω
2772 4645 2932 4716 βυθὸν
2961 4647 3306 4719 ἀπεδήμησε,
3336 4653 3431 4705 καὶ
3459 4655 3524 4707 ἐκ
3549 4656 3645 4710 τοῦ

1957 4734 2223 4806 πατρικοῦ
2273 4733 2477 4788 κόλπου
2530 4733 2630 4803 τήν
2676 4732 2957 4800 θεολογίαν
3006 4733 3266 4800 ἀλιεύσας
3314 4736 3392 4808 τῷ
3428 4737 3646 4810 σώματι

1957 4819 2108 4873 κάτω
2151 4819 2421 4888 ἔγραφεν·
2470 4819 2565 4870 Ἐν
2610 4815 2769 4885 ἀρχῇ
2803 4813 2886 4886 ἦν
2914 4819 2947 4869 ὀ
2987 4819 3199 4887 Λόγος.
3240 4821 3557 4886 Ἀκούσατε,
3596 4829 3645 4880 οί

1957 4903 2158 4965 πιστοὶ,
2197 4902 2292 4954 καὶ
2329 4901 2682 4971 στηρίχθητε,
2715 4901 2811 4952 Ἑν
2843 4897 3003 4970 ἀρχῇ
3032 4897 3111 4971 ἦν
3146 4905 3180 4956 ό
3219 4905 3447 4972 Λόγος·
3477 4908 3645 4960 ἀκού-

1957 5001 2108 5047 σατε,
2139 4984 2187 5035 οί
2212 4983 3012 5055 γλωσαλγοῦντεςάντίλογοι,
3035 4983 3130 5038 καὶ
3159 4987 3505 5060 αἰσχύνθητε,
3551 4991 3647 5045 Ἐν

1954 5066 2112 5134 ἀρχῇ
2151 5063 2228 5137 ἦν
2261 5070 2292 5120 d
2323 5069 2534 5136 Λόγος.
2569 5067 2783 5132 Μηκέτι
2811 5071 3262 5140 παῤῥησιάζεσθε
3304 5071 3641 5146 βλάσφημοι.

1957 5151 2156 5219 μηκέτι
2189 5149 2475 5220 πολεμεῖτε
2519 5151 2620 5220 τὴν
2658 5150 2986 5222 Ἐκκλησίαν
3031 5152 3404 5225 ἀντίχριστοισ
3441 5158 3642 5227 μηκέτι

1953 5235 2342 5303 παρανομείτε,
2390 5233 2588 5300 μηκέτι
2622 5233 2822 5301 ὑψοῦτε
2871 5235 3065 5307 κέρας,
3110 5236 3209 5304 Μὴ
3249 5237 3524 5308 ἐπαίρετε
3554 5243 3642 5307 είς

1951 5316 2113 5384 ὕψος
2161 5317 2225 5370 τὸ
2281 5317 2464 5384 κέρας
2514 5316 2705 5386 ὑμῶν,
2758 5319 2858 5372 καὶ
2905 5319 2993 5388 μὴ
3045 5320 3290 5376 λαλεῖτε
3338 5324 3489 5378 κατὰ
3534 5325 3640 5378 τοῦ

1953 5399 2102 5453 Θεοῦ
2130 5399 2398 5465 ἀδικίαν,
2429 5400 2696 5469 λέγοντες,
2730 5403 2813 5456 ὅτι
2838 5399 2947 5456 Ἦν
2985 5405 3138 5469 πότε,
3167 5405 3255 5459 ὅτε
3289 5406 3392 5460 οὐκ
3423 5402 3510 5478 ἦν,
3545 5411 3640 5462 καὶ

1951 5485 2082 5550 πρὶν
2116 5484 2369 5550 γενέσθαι
2411 5487 2510 5538 οὑκ
2549 5481 2639 5557 ἦν,
2687 5488 2782 5540 καὶ
2821 5488 2903 5541 ὅτι
2947 5489 3004 5554 ἐξ
3051 5489 3151 5543 οῦκ
3181 5489 3351 5543 ὄντων
3395 5491 3636 5557 ἐγένετο.

1949 5567 2199 5622 Παῦσον
2246 5567 2362 5636 τὴν
2405 5568 2698 5638 γλῶσσάν
2739 5585 2856 5626 σοι)
2899 5572 3021 5625 ἀπὸ
3071 5573 3282 5632 κακοῦ.
3323 5574 3421 5626 καὶ
3461 5576 3636 5644 χείλη

1948 5667 2066 5705 σου
2096 5651 2200 5704 τοῦ
2225 5652 2609 5721 μὴιλαλῆσαι
2645 5653 2855 5709 δόλον.
2885 5655 3059 5720 Αὐτός
3089 5656 3198 5728 γὰρ
3221 5653 3290 5729 ἦν
3314 5658 3407 5710 καὶ
3435 5658 3636 5726 προῆν,

1949 5735 2043 5787 καὶ
2075 5735 2162 5786 ἀεὶ
2202 5730 2288 5803 ἦν,
2317 5735 2440 5788 οὔτε
2486 5736 2816 5807 ἀρξάμενος,
2862 5738 2986 5792 οὔτε
3027 5741 3378 5810 παυσάμενος
3421 5743 3515 5795 τοῦ
3559 5739 3638 5795 εἷο

1945 5835 2057 5880 ναι,
2084 5816 2209 5871 οῦτε
2239 5819 2296 5870 ἐν
2324 5819 2504 5890 χρόνῳ
2535 5821 2564 5872 6
2599 5820 2850 5893 ἀχρονος,
2880 5821 3004 5876 οὔτε
3045 5824 3272 5894 κτίσμα.
3315 5824 3346 5894 ἢ
3385 5826 3597 5896 ποίημα
3618 5844 3632 5858 ·

1945 5901 2109 5964 αὐτὸς
2134 5901 2245 5972 γὰρ
2268 5903 2498 5975 ποιητὴς
2521 5905 2614 5958 καὶ
2639 5905 2970 5978 δημιουργὸς
2994 5907 3103 5960 τῶν
3125 5909 3400 5968 ἁπάντων,
3423 5909 3641 5979 ὁρατῶν

1945 5999 2002 6035 τε
2041 5984 2136 6038 καὶ
2167 5984 2316 6057 1154]
2351 5987 2623 6056 ἀοράτων.
2668 5989 2870 6043 Πάντα
2904 5992 3014 6060 γὰρ
3045 5991 3120 6045 δι’
3155 5990 3342 6045 αὐτοῦ
3372 5991 3632 6063 ἐγένετο.

1958 6067 2200 6149 ’Λληθώς
2237 6070 2347 6149 ’καὶ
2382 6069 2474 6122 νῦν
2526 6073 2702 6126 εἰπεῖν
2738 6075 2929 6146 καιρὸς
2977 6077 3154 6129 ἐκεῖνο
3199 6077 3263 6130 :6
3295 6080 3636 6149 προφητικὸν

1947 6148 2144 6211 λάῗίθνο
2179 6146 2368 6215 ¹¹ῗ’τί⁷ς
2393 6155 2425 6203 ό
2458 6154 2601 6220 θειὲς
2641 6155 2840 6220 ἡμῶν·
2873 6160 2945 6212 οὐ
2976 6146 3633 6232 λογισθήσεταιἔτερος
