4044 6506
137 436 269 492 617

144 552 366 605 monia
389 551 765 608 commendato
786 552 999 606 beatum
1031 565 1116 606 me
1139 545 1460 617 pradicasti,
1487 562 1549 602 ac
1572 558 1774 617 petram

146 621 445 677 Ecclesia:
495 624 807 692 nuncupasti
853 623 1038 675 dicens
1066 639 1080 675 :
1114 617 1188 674 Tu
1219 635 1268 672 es
1299 617 1485 672 Petrus
1508 661 1524 685 ,
1554 630 1598 671 et
1626 637 1779 688 super

145 692 309 745 hanc
341 702 539 760 petram
561 693 824 760 wdi/icabo
848 693 1136 761 Ecclesium
1154 706 1348 761 meam,
1371 699 1416 761 et
1442 692 1774 761 portwiinferi

144 777 272 815 non
305 757 914 832 pravalebunt'adversus
942 780 1053 816 eam
1085 757 1306 833 (Matth.
1332 759 1416 814 lli.
1444 761 1559 833 l8).
1595 757 1776 829 Egone

146 831 340 902 igitur
373 844 426 889 te
454 835 681 902 negabo,
713 837 959 903 princeps
985 831 1365 901 apoStolorum,
1400 831 1645 903 columna
1675 833 1777 903 lge-

141 900 399 957 c'lcsiaa?
447 900 804 971 Quamobrem
836 900 1049 958 etniilii
1104 903 1270 957 fidens
1324 900 1588 955 vociferor
1618 920 1629 954 :
1664 901 1775 955 Etsi

145 990 352 1045 omnes
381 976 709 1045 scandalizati
732 976 944 1045 fuerint,
961 991 1050 1043 ego
1077 990 1179 1027 non
1218 972 1650 1045 s_candalizabor(
1680 972 1769 1026 Id.

147 1043 432 1114 26.733),
465 1046 599 1099 Tum
626 1045 692 1098 ad
724 1042 867 1098 illum
916 1042 1196 1100 Christus:
1221 1042 1358 1110 Quid
1401 1043 1534 1097 dicis
1564 1055 1616 1098 et
1642 1042 1775 1098 eon-

152 1113 422 1178 tradicis,
451 1113 644 1169 Petre?
671 1116 847 1171 verbis
876 1116 983 1170 Deo
1011 1115 1254 1171 resistis?
1279 1113 1660 1168 mentlacemue
1688 1130 1774 1170 me

147 1183 627 1253 deprehendisti?
665 1201 770 1240 non
819 1187 1093 1251 obsecras,
1140 1193 1196 1239 ut
1245 1187 1618 1248 conlirmeris;
1676 1185 1772 1240 sed

149 1256 447 1324 promittis
467 1254 598 1320 fore,
625 1267 682 1310 ut
709 1271 814 1310 non
837 1257 1192 1311 concutiaris?
1219 1269 1394 1309 nonne
1417 1255 1501 1308 hic
1527 1255 1640 1324 ipse
1668 1255 1772 1310 l‘er-

146 1339 267 1379 vor
303 1335 429 1380 tuus
458 1328 622 1381 multo
649 1338 700 1382 te
729 1326 1052 1382 deteriorem
1083 1326 1297 1381 effecit?
1324 1337 1466 1378 tuam
1504 1325 1657 1379 istam
1688 1335 1771 1380 te-

150 1396 481 1451 meritatem
512 1398 564 1452 in
595 1397 726 1451 mari
767 1398 928 1452 etiam
979 1396 1232 1452 incedens
1284 1396 1632 1461 ostendisses,
1667 1397 1768 1451 nisi

143 1480 270 1537 ego
295 1481 516 1521 manum
542 1467 699 1523 citius
725 1467 1107 1524 extendissem.
1135 1467 1322 1521 Nonne
1353 1469 1402 1520 in
1432 1477 1611 1520 monte
1638 1483 1772 1537 quo-

141 1551 277 1606 que
329 1538 817 1608 transligurationis
866 1542 918 1593 in
973 1554 1058 1593 me
1089 1539 1352 1608 peccasti,
1385 1553 1504 1592 cum
1535 1539 1632 1592 tria
1663 1539 1770 1593 vel-

150 1608 244 1661 les
269 1608 615 1663 tabernacula
643 1610 910 1675 fabricari,
933 1620 988 1664 et
1008 1611 1058 1663 in
1083 1610 1270 1664 eodem
1296 1609 1484 1663 ordine
1504 1623 1623 1662 cum
1647 1611 1774 1663 ami-

140 1678 245 1751 cis
280 1680 300 1711 ί
336 1694 422 1733 me
453 1680 733 1734 Dominum
763 1681 1057 1735 collocares
1085 1679 1204 1750 (Id.
1241 1681 1327 1735 Π.
1360 1679 1460 1751 4)⁶ἶ
1497 1695 1685 1751 nonne
1715 1690 1772 1734 ut

147 1745 560 1820 Jerosolymam
593 1768 696 1806 non
728 1745 1334 1811 ascenderem'orabas,
1368 1745 1508 1819 quod
1555 1750 1769 1804 Judmo-

148 1835 288 1892 rum
331 1821 507 1874 minas
539 1836 650 1893 non
691 1825 858 1876 ferres
887 1820 1011 1893 (Id.
1036 1823 1122 1877 16.
1145 1821 1289 1893 22)?
1319 1822 1573 1889 Equidem
1599 1821 1771 1890 publi-

149 1905 294 1945 care
329 1901 380 1945 te
413 1892 694 1958 nolebam,
738 1892 926 1960 Petre,
961 1902 1016 1946 at
1054 1901 1106 1947 tu
1143 1892 1422 1961 prrscium
1476 1893 1769 1946 divinitatis

155 1977 322 2034 ineas
355 1965 570 2016 oculum
621 1965 874 2032 rejecisti.
927 1965 1069 2019 Ecce
1098 1979 1217 2034 qna:
1259 1973 1660 2033 perpetraturus
1686 1977 1765 2028 es,

156 2032 260 2085 tibi
293 2032 440 2096 dico,
479 2043 535 2086 ut
568 2033 658 2103 qui
683 2035 774 2098 sis,
806 2050 870 2089 ex
903 2037 1064 2089 rebus
1093 2032 1194 2089 tuis
1217 2032 1531 2105 cegnoscas.
1585 2034 1765 2105 Amen,

155 2119 316 2176 nmen
344 2105 458 2176 dico
484 2105 572 2176 tibi
592 2146 604 2166 ,
631 2115 898 2175 antequam
921 2105 1091 2176 gallus
1119 2104 1321 2169 cantet,
1353 2115 1427 2158 ter
1452 2121 1532 2176 me
1558 2104 1769 2174 negabis

147 2177 177 2243 ·(
225 2172 313 2247 Id.
343 2174 434 2228 26.
469 2175 538 2230 55
571 2176 613 2244 ).
644 2172 831 2247 l’etrns
859 2172 1035 2230 autem
1064 2192 1247 2230 rursus
1276 2187 1457 2230 mente
1485 2172 1766 2247 deceptus,

147 2255 220 2296 γει
245 2245 495 2317 humana:
533 2245 856 2301 condition-is
904 2247 1311 2301 mutabilitatem
1354 2245 1636 2317 ignorans,
1661 2246 1768 2299 Do-

151 2317 318 2369 mino
349 2316 401 2368 in
431 2315 546 2371 haec
575 2317 736 2372 verba
782 2318 1056 2384 respondit
1086 2335 1098 2370 :
1141 2317 1277 2385 Quid
1307 2315 1391 2372 me
1420 2318 1624 2372 terres?
1654 2317 1769 2372 scio

153 2397 404 2442 mortem
456 2397 828 2452 contemnere,
877 2403 1053 2458 neque
1084 2397 1135 2442 te
1165 2389 1461 2458 abnegabo.
1514 2389 1768 2458 Dominus

157 2471 351 2510 anilem
375 2458 438 2511 ad
469 2458 683 2512 Petrum
711 2460 908 2514 :ltecte
935 2457 991 2513 tu
1017 2459 1232 2529 quidem
1279 2457 1421 2529 apud
1451 2466 1503 2514 te
1528 2457 1771 2514 decrevi-

161 2530 238 2581 sti
267 2547 279 2580 :
306 2544 488 2583 verum
518 2529 656 2583 haud
688 2531 853 2584 multo
878 2541 995 2599 post
1019 2545 1310 2599 cognosces
1343 2549 1354 2584 :
1387 2540 1596 2598 tempus
1618 2531 1762 2584 enim

156 2609 254 2652 est
286 2599 338 2652 in
366 2600 563 2667 januis,
597 2611 653 2655 ut
671 2600 1052 2671 rmanil'esteiur
1076 2612 1131 2656 et
1159 2609 1306 2654 tuum
1333 2602 1687 2671 propositmn,
1714 2609 1768 2656 ct

161 2685 294 2725 mea
327 2673 608 2738 praenotio.
659 2670 767 2727 Sed
793 2672 911 2741 quis
958 2672 1170 2726 tandem
1201 2671 1321 2725 linis
1339 2670 1644 2727 Sermonis?
1669 2672 1769 2726 im-

163 2742 342 2813 i_ninet
386 2742 583 2813 quippe
625 2741 737 2812 jam
782 2757 1029 2812 veSpera.
1087 2741 1492 2811 Comprehenso
1538 2757 1768 2811 namque

165 2810 443 2878 Iloinino,
475 2810 640 2882 atque
665 2814 716 2868 in
746 2810 940 2868 atrium
973 2810 1236 2883 principis
1278 2814 1615 2867 sacerdotum
1667 2810 1767 2868 de-

163 2883 370 2954 ducto,
400 2885 754 2954 clunibusque
782 2885 1040 2954 dispersis
1069 2884 1376 2952 discipulis.
1406 2885 1553 2938 solus
1578 2883 1768 2940 Petrus

163 2953 500 3024 sequebatur
522 2955 572 3008 in
605 2953 797 3010 atrium
830 2955 1086 3024 principis
1129 2956 1464 3009 sacerdotum
1494 2966 1550 3008 ut
1572 2970 1636 3008 ea
1682 2956 1766 3009 ni-

165 3023 366 3077 mirum
392 3035 778 3095 exsequuturus
807 3023 927 3095 qua:
967 3027 1181 3080 decreta
1212 3033 1390 3080 erant.
1419 3027 1548 3080 Cum
1580 3035 1759 3080 autem

162 3095 416 3148 Christus
466 3095 691 3151 interius
741 3095 949 3150 vinctus
979 3105 1272 3162 teneretur,
1304 3096 1493 3150 Petrus
1522 3097 1574 3150 in
1603 3108 1764 3150 exte-

169 3165 302 3220 riori
333 3165 471 3236 atrio
492 3166 718 3221 ﬁdenter
730 3166 951 3221 sedebat
973 3167 1243 3230 inunotus,
1265 3176 1322 3220 ut
1344 3168 1432 3236 qui
1448 3167 1556 3236 jam
1577 3183 1769 3236 nempe

172 3235 448 3307 victoriam
512 3236 798 3294 retulisset.
854 3236 993 3303 Quid
1041 3238 1230 3307 igitur?
1285 3235 1419 3292 Cum
1459 3235 1766 3307 aliquandiu:

168 3305 510 3379 consedisset
530 3308 636 3374 ille,
661 3323 833 3378 neque
854 3305 1087 3378 gladium
1124 3308 1332 3363 videret
1355 3305 1565 3370 exacui,
1593 3324 1767 3379 neque

178 3378 478 3448 prepositas
522 3387 691 3446 cotes,
724 3395 828 3432 non
884 3381 1324 3449 proscriptionem
1374 3379 1764 3447 denuntiatum,

179 3462 286 3502 non
332 3450 576 3504 exsilium
628 3449 954 3520 irrogatam;
989 3451 1084 3503 sed
1110 3451 1303 3519 exigua
1357 3451 1549 3520 ancilla
1595 3452 1767 3520 pretio

169 3527 376 3587 empta,
421 3520 573 3591 vilis,
604 3519 868 3576 accedens
898 3520 1059 3591 Petro
1089 3521 1260 3589 inquit
1292 3538 1303 3575 :
1338 3519 1473 3588 Quid
1507 3519 1605 3575 hic
1625 3525 1759 3591 agis,

174 3604 212 3644 o
239 3590 439 3645 homo?
468 3592 557 3647 ubi
595 3602 678 3647 est
716 3593 882 3646 virtus
924 3590 1156 3662 magistri
1188 3591 1299 3645 tui?
1326 3607 1453 3646 ecce
1482 3590 1767 3649 conclusiis

171 3671 260 3731 est
281 3663 420 3715 intus
453 3678 466 3714 :
495 3676 623 3717 ecce
643 3662 818 3716 crucis
843 3663 1105 3731 supplicio
1135 3677 1258 3717 mox
1291 3663 1589 3717 addicetur.
1625 3663 1759 3718 Tum

179 3729 372 3787 Petrus
411 3747 535 3786 cum
580 3747 793 3787 omnem
820 3729 1199 3787 conlidentiam
1224 3748 1287 3786 ac
1306 3733 1518 3787 dicendi
1547 3735 1766 3788 liberta-

176 3809 286 3873 tem
312 3817 373 3856 ex
405 3804 662 3858 memoria
685 3803 953 3872 eiecisset,
974 3803 1310 3873 respondens
1333 3805 1410 3857 ait
1436 3821 1448 3855 :
1472 3805 1608 3870 Quid
1636 3805 1767 3858 mihi

175 3870 463 3944 obstrepis,
498 3874 672 3944 puella
697 3870 728 3929 ἵ
769 3891 873 3929 non
907 3875 1026 3928 novi
1058 3870 1349 3928 hominem.
1384 3873 1430 3928 Ο
1461 3890 1574 3930 rem
1607 3879 1769 3928 mira-

177 3944 336 4016 bilem
361 3945 374 3998 ι
408 3944 506 4013 Qui
537 3946 770 4016 dicebat,
798 3945 1011 4000 Etiamsi
1040 3947 1320 4016 Oportuerit
1346 3962 1425 4000 me
1449 3948 1578 4000 mori
1601 3956 1766 4000 tecum

205 4012 338 4068 Ibid.
370 4012 522 4088 p.755
550 4014 605 4088 ),
644 4017 753 4085 jam
804 4026 980 4087 negat.
1027 4012 1316 4087 Postquam
1364 4017 1524 4086 igitur
1573 4018 1768 4072 aecidit

201 4102 295 4139 iasc
321 4087 489 4158 prima
514 4087 745 4158 negatio,
768 4089 1110 4157 perturbatus
1134 4089 1343 4150 Petrus,
1373 4089 1441 4144 ab
1464 4089 1603 4143 atrio
1633 4099 1769 4142 tam-

179 4172 333 4229 quam
353 4157 421 4210 ab
443 4159 562 4228 igne
592 4157 818 4229 prosiliit
843 4170 1000 4213 extra
1020 4159 1342 4214 vestibulum
1366 4175 1609 4214 currens.
1629 4160 1768 4226 Quid

179 4228 401 4282 deinde?
423 4229 627 4285 Rursus
649 4231 813 4285 altera
831 4231 1026 4285 ancilla
1051 4232 1285 4286 occurrit
1305 4231 1399 4284 illi.
1419 4231 1463 4285 0
1491 4245 1579 4285 res
1607 4234 1770 4285 mira-

182 4297 339 4371 biles!
369 4298 637 4371 Nusquam
681 4302 870 4363 miles,
909 4316 1170 4369 nusquam
1226 4302 1434 4371 gladius
1457 4343 1471 4367 ,
1504 4303 1597 4356 sed
1647 4303 1767 4356 vilis

182 4369 352 4443 puella
375 4369 534 4426 Petro
550 4373 802 4426 occurrit.
819 4372 971 4443 illum
989 4387 1206 4443 agressa
1219 4369 1393 4427 estsic
1409 4373 1614 4428 dicens:
1628 4374 1768 4440 Quid

185 4441 589 4502 tumultuaris,o
635 4441 835 4497 homo?
873 4459 979 4512 quo
1011 4441 1303 4513 properas?
1349 4444 1477 4512 quid
1533 4445 1768 4498 testuas?

184 4526 356 4567 nonne
384 4520 434 4568 te
463 4528 676 4582 semper
702 4529 823 4568 cum
850 4513 1074 4568 Galilmo
1113 4514 1449 4569 incedentem
1486 4515 1768 4568 videbam?

183 4585 445 4665 quomodo
499 4585 658 4665 igitur
707 4598 956 4665 egressus
1001 4587 1268 4665 vestibulo
1317 4587 1523 4665 curris?
1580 4586 1770 4665 Petrus

183 4661 352 4706 autem
381 4669 486 4727 non
521 4657 991 4727 jam__simpliciter
1020 4659 1328 4726 respondit,
1355 4657 1450 4711 sed
1477 4672 1597 4711 cum
1622 4658 1771 4727 jura-

185 4733 359 4798 mento
395 4725 602 4798 inquit,
634 4723 754 4798 Non
794 4727 910 4780 novi
953 4728 1087 4780 hunc
1115 4723 1766 4798 nominem(lbid.v.'7‘2).

187 4792 371 4868 Vidisti
395 4792 490 4850 Dei
515 4795 938 4866 praedictionem,
963 4809 1018 4853 et
1039 4799 1266 4853 hominis
1293 4792 1538 4868 lapsum?
1570 4792 1770 4854 Deinde

184 4866 407 4939 s_ecunda
437 4868 718 4939 negatione
773 4871 1064 4939 completa,
1098 4871 1252 4924 tertia
1286 4866 1501 4939 negatio
1531 4871 1767 4924 advenit.

189 4934 309 5010 Post
370 4934 614 5010 pusillum
659 4954 775 4992 cum
804 4934 1126 4994 accessissent
1151 4981 1167 5006 ,
1200 4941 1286 5010 qui
1315 4934 1549 4994 astabant
1573 4982 1587 5006 ,
1618 4939 1770 4995 Petro

189 5007 405 5082 dicebant
433 5023 452 5062 :
489 5007 612 5062 Vere
640 5019 687 5063 et
731 5020 784 5062 tu
817 5025 889 5082 ea:
913 5011 1017 5064 illis
1059 5028 1112 5065 es
1140 5007 1297 5066 :nam
1340 5021 1387 5065 et
1436 5013 1635 5082 loquela
1683 5024 1772 5066 tua

189 5078 500 5150 manifestum
549 5088 597 5133 te
629 5081 772 5150 facit.
822 5079 1009 5135 Petrus
1054 5093 1224 5136 autem
1255 5085 1401 5150 catpit
1431 5078 1773 5136 analhemuti-

190 5165 297 5223 sare
319 5151 573 5223 etjurare,
598 5152 720 5223 quia
743 5169 845 5206 non
867 5153 980 5206 novi
1004 5153 1254 5207 hominem
1278 5153 1440 5223 (Ibid.
1464 5170 1512 5206 υ.
1541 5155 1627 5208 75.
1653 5155 1768 5223 74).

193 5219 284 5296 ρὺὶ
314 5219 587 5296 providum
612 5221 1187 5296 _P_etri_promissum?
1217 5219 1310 5296 qui
1357 5235 1513 5280 antea
1564 5219 1770 5292 dixisti,

190 5288 265 5344 Tu
287 5288 334 5346 es
360 5290 566 5346 Cleritus
597 5291 645 5346 F
646 5293 764 5348 ilius
788 5288 886 5348 Dei
918 5296 1046 5358 vivi,
1080 5297 1167 5350 hic
1192 5288 1328 5351 dicis
1348 5337 1361 5356 ,
1396 5296 1516 5350 Non
1543 5298 1658 5349 novi
1681 5288 1774 5349 Ito;

191 5363 364 5416 minem
391 5363 585 5436 istum?
615 5363 868 5420 Fortasse
901 5367 1088 5422 Petrus
1120 5368 1451 5436 imprudens,
1475 5367 1602 5421 dum
1637 5368 1774 5422 hanc

193 5435 633 5509 \‘0ceiitprotulit,
662 5435 952 5509 evigilavit,
987 5454 1084 5492 nec
1109 5435 1342 5493 absurde
1367 5441 1618 5509 loquutus
1646 5451 1727 5493 est
1755 5456 1769 5492 :

192 5521 292 5558 non
336 5504 486 5569 dixit,
521 5505 636 5559 Non
673 5508 794 5561 novi
830 5509 993 5562 Deum
1037 5509 1292 5575 Verbum,
1316 5511 1408 5565 sed
1438 5504 1601 5574 'dixit,
1650 5510 1774 5564 Non

195 5576 301 5629 novi
321 5579 572 5650 licinium
593 5578 789 5650 istum,
811 5579 1042 5634 Ulieiidit
1073 5582 1123 5634 in
1153 5596 1218 5636 co
1241 5583 1382 5650 quod
1431 5585 1770 5647 cernebatur,

196 5661 293 5725 non
321 5647 369 5725 in
388 5649 638 5725 ecquod
648 5649 1080 5725 intelligebatur.
1133 5647 1471 5725 Quapropter
1499 5664 1553 5707 et
1584 5654 1775 5722 praevi-

198 5719 318 5772 dens
332 5718 589 5775 Dominus
606 5718 1178 5792 dicebat,'Quicumque
1203 5718 1389 5779 diaerit
1407 5718 1773 5794 blasphemiam

261 5905 288 5972 '_
315 5902 402 5974 llic
433 5903 716 5974 legendum
759 5910 955 5974 putaui,
1000 5905 1155 5956 servis
1191 5908 1459 5974 (aculam);
1511 5909 1600 5961 sed
1646 5923 1760 5972 vox,

203 5966 352 6015 criticis
375 5966 587 6030 (suam),
617 5966 767 6015 etiam
792 5967 1033 6027 quadrare
1069 5966 1251 6031 poteSt.

1431 433 1520 489 DE
1550 432 1945 492 NEGATIONE
1984 436 2208 494 PETRI.

3383 447 3490 509 618

1889 553 1942 634 in
1974 552 2171 634 Filium
2190 555 2442 634 nominis.
2466 629 2477 634 _
2498 557 2782 612 remittetur
2809 562 2855 614 ei
2873 603 2893 634 ,Α
2918 561 3054 628 Quid
3096 579 3228 634 ergo
3259 563 3490 624 Petrus?

1889 621 2017 703 gon
2043 629 2157 703 novi
2179 628 2434 703 hominem
2461 629 2612 682 istum
2643 645 2662 683 :
2689 642 2734 682 et
2760 621 3000 687 continuo
3029 621 3200 703 galla}
3223 621 3443 693 cantavit

1885 694 1976 775 ille
2003 697 2234 775 invictus
2265 697 2408 752 Petri
2450 710 2751 765 accusator,
2803 694 3050 772 praevius'
3071 709 3354 763 sententiae
3384 710 3488 763 υθ-

1884 769 2106 846 minicze
2135 783 2311 846 praeco
2334 785 2404 846 ac
2443 779 2720 846 patronus,
2751 769 3051 846 negationis
3100 779 3484 846 proclamator.

1886 839 2232 918 pricnotionis
2258 839 2437 904 index,
2466 856 2530 896 ac
2555 839 2886 911 paenitentiae
2913 839 3272 918 lacryniarum
3299 850 3486 907 admo-

1881 917 2046 962 nllttr,

1962 979 2015 1032 5.
2050 981 2226 1049 Atque
2249 979 2388 1053 rluec
2429 982 2642 1053 quidem
2686 983 2948 1042 hactenus
2984 986 3125 1043 dicta
3167 989 3435 1046 sulllciant
3468 1011 3480 1048 :

1877 1054 1988 1123 jam
2045 1067 2196 1120 vero;
2228 1052 2295 1106 de
2338 1052 2684 1129 elecmosyna
2748 1070 3053 1129 sermonem
3107 1060 3481 1129 instituamus,

1880 1135 1938 1180 ut
1987 1133 2220 1196 vestram
2267 1124 2614 1181 cohortentur
2668 1127 2970 1194 caritatem,
3003 1131 3146 1196 quod
3198 1133 3250 1186 in
3302 1124 3484 1188 EvanL

1883 1196 2023 1266 gelio
2064 1193 2264 1266 dictum
2293 1204 2377 1249 est
2408 1207 2765 1266 usurpantes:
2799 1193 2980 1254 Facite
3024 1193 3160 1255 nobis
3188 1203 3381 1258 amicos
3421 1210 3486 1259 de

1879 1265 2117 1342 fnamona
2165 1265 2449 1342 iniquitatis
2491 1283 2514 1342 :_
2542 1265 2605 1321 ut
2631 1285 2745 1342 cum
2774 1269 3085 1342 defeceritis,
3118 1274 3367 1342 recipiant
3396 1291 3486 1331 vos

1878 1339 1955 1414 ἕνε-
1975 1336 2568 1414 mterna__tabernacula_
2594 1342 2623 1414 _(
2648 1339 2775 1394 Luc.
2814 1336 2902 1414 l6.
2944 1339 3039 1414 9).
3071 1336 3254 1400 'Rect'e
3302 1345 3438 1400 dixit
3463 1389 3478 1411 ,

1879 1407 2123 1482 rEterna.
2173 1406 2438 1482 Nam_hic
2478 1410 2697 1480 quidem
2738 1413 2838 1466 etsi
2883 1406 3220 1482 splendidam
3259 1406 3479 1472 domum

1877 1477 2412 1554 possideas,omnino
2436 1477 2689 1550 temporis
2712 1477 2995 1538 intervallo
3015 1496 3267 1552 corrupta
3293 1489 3479 1554 periit:

1880 1551 1988 1605 imo
2016 1566 2144 1626 vero
2170 1559 2469 1626 antequam,
2500 1555 2660 1626 etiam
2701 1556 2957 1626 temporis
2990 1551 3242 1610 success"
3273 1551 3478 1626 pereat,

1877 1637 2026 1676 mors
2055 1622 2304 1688 ingruens
2331 1637 2396 1675 ex
2422 1622 2505 1675 bis
2546 1623 2844 1692 splendidis
2883 1627 3088 1682 aedibus
3118 1637 3170 1683 te
3191 1622 3439 1686 exturbat
3463 1622 3474 1685 ἐ

1877 1707 2023 1770 Saepe
2052 1707 2182 1746 vero
2209 1702 2262 1745 et
2282 1702 2416 1770 ante
2439 1704 2668 1770 mortem
2700 1711 2882 1770 rerum
2906 1702 3300 1770 quarumpiam
3334 1704 3475 1757 dilli-

1876 1767 2102 1842 cultates
2132 1771 2184 1816 et
2215 1763 2668 1842 calumniatorum
2705 1767 3054 1842 incursiones
3080 1763 3240 1842 atque
3273 1775 3480 1829 insidia:

1875 1835 2144 1896 efﬁcient,
2178 1845 2235 1887 ut
2265 1836 2369 1888 illis
2396 1834 2636 1889 excidas.
2690 1840 2757 1890 At
2786 1836 2894 1894 illic
2925 1843 3053 1896 nihil
3085 1834 3272 1896 horum
3305 1845 3481 1900 refor-

1877 1907 2084 1982 nudare
2114 1906 2240 1960 licet
2267 1923 2280 1958 :
2314 1920 2418 1982 non
2448 1908 2852 1982 corruptionem
2877 1953 2892 1977 ,
2927 1929 3032 1966 non
3069 1925 3299 1969 mortem
3323 1957 3338 1982 ,
3369 1935 3476 1972 non

1876 1977 2120 2050 lapsum,
2169 1976 2773 2050 non_calumniat0rum
2833 1976 3122 2050 insultum,
3171 2003 3275 2040 non
3326 1976 3474 2042 aliud

1875 2047 2185 2172 quidquam;
2210 2047 2303 2102 sed
2331 2048 2605 2104 immobile
2625 2062 2709 2106 est
2733 2047 3474 2115 etimmortalevdomiciliqu.

1927 2129 2174 2172 romerea
2203 2130 2404 2172 aeterna
2439 2120 2524 2172 illa
2557 2128 2901 2172 Imncunavit-
2954 2124 3130 2172 Ραεὶιρ
3169 2127 3304 2172 natm
3344 2133 3474 2172 nini-

1927 2129 2174 2193 ropterea
2203 2130 2404 2174 aeterna
2439 2120 2524 2193 illa
2557 2128 2902 2193 nuncupavit.
2951 2124 3130 2180 Facite
3169 2127 3304 2182 vobis
3344 2133 3474 2184 ami-

1874 2206 1960 2243 cos
2002 2191 2066 2243 de
2119 2207 2359 2269 mamona
2397 2192 2699 2269 iniquitatis
2731 2191 2916 2269 r_(ALuc.
2950 2198 3056 2269 16.7
3088 2198 3158 2254 l9
3180 2198 3222 2268 ).
3272 2199 3431 2256 Vides
3459 2246 3474 2269 ,

1873 2271 2070 2340 quanta
2098 2262 2500 2340 sit‘liumanitas
2532 2262 2797 2340 Doininil
2818 2278 3015 2340 quanta
3047 2262 3349 2340 benignitas
3369 2313 3383 2334 ,
3417 2262 3472 2328 et

1874 2333 2205 2386 clementia?
2233 2332 2349 2387 Non
2381 2335 2523 2388 enim
2555 2346 2758 2393 temere
2788 2332 2891 2395 hoc
2921 2332 3346 2396 additamentum
3372 2332 3475 2397 Vad-

1867 2402 2116 2484 junctum
2161 2413 2283 2484 est;
2325 2405 2427 2484 sed
2459 2409 2715 2475 quoniam
2750 2412 3039 2484 multorum
3085 2411 3313 2484 divitum
3343 2428 3476 2484 apes

1873 2488 1937 2549 ex
1967 2475 2152 2549 rapina
2180 2484 2236 2549 et
2265 2476 2465 2543 injusto
2491 2489 2697 2546 qumstu
2728 2482 2972 2537 collectae
3003 2494 3159 2549 sunt,
3213 2483 3365 2539 Malis
3383 2475 3477 2540 'ar-

1873 2543 2016 2626 tibus
2040 2587 2055 2611 ,
2087 2547 2297 2626 inquit,
2339 2543 2757 2626 nonoportebat
2785 2555 2852 2626 ita
2884 2543 3423 2626 pecunias'colligere
3453 2575 3466 2622 ;

1874 2617 1973 2670 sed
1999 2618 2215 2687 quando
2231 2618 2343 2687 jam
2369 2617 2630 2696 collegisti
2650 2662 2665 2683 .
2698 2617 2901 2696 desiste
2922 2640 2950 2678 a
2976 2627 3164 2694 rapina
3187 2636 3243 2681 et
3271 2617 3470 2696 injusto

1874 2697 2084 2765 quaestu
2111 2728 2127 2754 ,
2158 2697 2319 2759 atque
2346 2690 2496 2765 adid
2521 2732 2536 2756 ,
2569 2693 2709 2760 quod
2739 2705 2950 2764 oportet
2976 2739 2990 2761 ,
3023 2690 3264 2765 pecuniis
3294 2690 3469 2754 utere.

1872 2757 2138 2838 Non_dico
2161 2801 2175 2823 ,
2227 2757 2543 2838 ut_rap_iens
2572 2757 2998 2823 misericorditer
3024 2757 3287 2838 'largiaris
3313 2808 3330 2833 ,
3380 2772 3475 2824 scd

1874 2837 1933 2882 ut
1959 2831 2239 2907 abstinens
2264 2831 2333 2907 ab
2363 2833 2568 2907 injusto
2607 2847 2814 2907 qmcstu
2840 2847 2895 2891 et
2924 2837 3107 2907 rapina
3128 2831 3204 2892 'ad
3235 2831 3473 2894 eiet-mo-

1874 2915 2062 2980 synam
2091 2911 2145 2955 et
2174 2901 2561 2973 benignitatem
2586 2901 2791 2980 divitiis
2817 2901 3001 2962 utaris:
3032 2909 3088 2964 Si
3120 2911 3263 2963 enim
3291 2914 3410 2980 quis
3436 2927 3468 2966 a

1872 2973 2059 3049 rapina
2089 2988 2192 3026 non
2220 2981 2431 3038 cesset,
2488 2991 2588 3049 nec
2613 2977 3012 3049 eleemosynam
3045 2979 3269 3049 largitur
3300 2973 3320 3032 ε’
3347 2983 3477 3049 quin

1873 3041 1999 3122 licet
2024 3043 2716 3122 innumerasnpecuniasrin
2751 3041 3043 3119 pauperum
3082 3041 3271 3104 manus
3316 3041 3478 3122 proji-

1872 3113 1979 3189 ciat
1998 3153 2015 3175 ,
2043 3114 2169 3168 dum
2195 3131 2288 3189 res
2304 3113 2507 3189 alienas
2538 3121 2711 3189 rapit,
2740 3113 2794 3174 et
2822 3113 2974 3175 nialis
3002 3122 3210 3176 artibus
3236 3113 3433 3176 ditatur
3459 3165 3471 3182 .

1874 3185 2064 3262 eodem
2089 3225 2103 3248 ,
2136 3201 2244 3262 q’uo
2275 3186 2560 3262 homicidze
2587 3185 2772 3262 {apud
2804 3192 2969 3246 Deum
3005 3208 3230 3246 numero
3252 3194 3478 3262 locoque

1872 3255 2512 3332 ducetur._Quamobrem
2544 3270 2600 3312 ut
2636 3255 2705 3316 ab
2737 3261 2951 3330 injustis
2978 3265 3274 3332 quaestibus
3310 3274 3364 3318 et
3390 3255 3480 3318 ra-

1875 3327 2012 3394 pinis
2065 3328 2212 3396 prius
2264 3330 2632 3384 abstineamus
2680 3327 2927 3399 Oportet,
2976 3327 3138 3403 atque
3185 3335 3380 3388 deinde
3423 3337 3474 3390 in
3553 3357 3559 3364 ·

1872 3412 2074 3474 egenos
2098 3403 2495 3474 eleemosynatn
2527 3415 2833 3470 erogemus.
2865 3403 3052 3474 Magna
3081 3405 3279 3474 quippe
3307 3407 3480 3461 vii-lus

1872 3480 1954 3541 est
1981 3470 2363 3541 eleemosynaa.
2417 3470 2607 3524 Verum
2642 3488 2800 3527 nemo
2829 3470 3474 3530 assiduitatem—admoni-

1874 3539 2036 3616 tionis
2068 3539 2264 3616 nostra:
2293 3543 2692 3616 accusationem
2734 3544 3038 3598 auditorum
3071 3547 3476 3616 interpretetur.

1871 3608 2004 3665 Nam
2031 3621 2085 3666 et
2106 3613 2156 3665 in
2189 3613 2568 3685 certaminibus
2594 3630 2687 3668 eos
2718 3630 2969 3670 cursores
2997 3608 3232 3671 excitaui
3260 3630 3477 3685 Specta-

1873 3689 2017 3736 tores
2037 3724 2051 3744 ,
2075 3697 2208 3750 quos
2231 3684 2308 3757 ad
2329 3686 2608 3757 peculium
2636 3687 2869 3742 viderint
2916 3693 3159 3757 proxime
3194 3692 3476 3753 accedere,

1873 3767 2227 3823 magnamque
2263 3755 2502 3831 victorize
2545 3772 2695 3831 spem
2739 3755 2955 3831 habere.
3004 3764 3093 3831 Sic
3137 3775 3237 3829 ego
3263 3777 3478 3831 quoque

1871 3838 2063 3893 magna
2086 3840 2181 3878 vos
2197 3839 2317 3904 cum
2341 3827 2504 3880 animi
2529 3829 2804 3904 alacritate
2827 3830 3034 3904 habitos
3051 3830 3117 3886 de
3134 3827 3476 3904 eleemosjna

1873 3908 2152 3972 sermones
2204 3898 2461 3972 excipere
2499 3899 2684 3972 videns
2710 3942 2724 3966 ,
2769 3908 2824 3955 et
2866 3902 2978 3969 ipse
3008 3899 3339 3972 frequentius
3374 3898 3471 3957 'ni-

1875 3965 2167 4021 hilominus
2220 3965 2369 4022 hisce
2431 3968 2499 4023 de
2548 3971 2707 4024 rebus
2754 3965 2976 4028 instituo
3029 3965 3475 4030 conor-tationem.

1872 4037 2060 4114 Medici
2104 4048 2228 4092 sunt
2266 4040 2569 4114 animarum
2617 4051 2922 4098 nostrarum
2965 4059 3227 4114 pauperes
3253 4086 3266 4110 ,
3310 4049 3476 4102 bene-

1872 4111 2104 4164 factores
2129 4124 2193 4165 ac
2223 4112 2431 4179 patroni
2467 4130 2481 4166 :
2510 4129 2615 4166 non
2647 4115 2791 4169 enim
2826 4111 3029 4168 tantum
3054 4111 3150 4170 das
3171 4157 3186 4180 ,
3217 4128 3477 4182 quantum

1873 4181 2095 4249 accipis.
2132 4182 2234 4236 Das
2266 4182 2545 4257 pecuniam
2569 4196 2667 4257 ,Aet
2691 4187 2895 4256 accipis
2923 4202 3146 4257 regnum
3178 4189 3430 4242 melinum
3461 4209 3474 4242 :

1909 4260 2242 4331 aupertatem
2259 4253 2502 4320 discutis,
2524 4265 2575 4308 et
2598 4253 2878 4331 Dominum
2905 4253 3222 4313 reconcilias
3242 4259 3334 4314 tibi
3358 4260 3478 4331 ipsi.

1903 4322 2038 4377 iides
2067 4324 2335 4392 disparem
2365 4339 2488 4380 esse
2517 4328 3044 4383 remunerationem!
3083 4331 3205 4384 llarc
3239 4332 3289 4384 in
3322 4322 3418 4385 te}.
3438 4350 3481 4383 is

1873 4405 2047 4470 suut,_
2075 4396 2162 4448 illa
2207 4396 2258 4448 in
2290 4398 2479 4470 caelis:
2515 4396 2630 4451 lucc
2675 4409 2938 4468 pereunt,
2986 4401 3076 4455 illa
3123 4413 3480 4470 prrmanent,

1876 4465 1991 4540 lucc
2036 4465 2339 4531 intereunt,
2392 4467 2480 4520 illa
2533 4465 2692 4523 omni
2728 4479 2857 4524 sunt
2904 4465 3135 4527 interitu
3178 4465 3478 4540 superiora.

1875 4535 2164 4612 Propterea
2194 4552 2406 4607 quoque
2435 4540 2667 4608 majores
2701 4543 2866 4594 nostri
2901 4558 2996 4612 pro
3043 4535 3360 4612 templorum
3395 4549 3477 4599 l'o-

1876 4607 2026 4661 ribus
2076 4623 2338 4684 pauperes
2392 4607 2749 4684 statuerunt,
2801 4622 2859 4666 ut
2902 4607 3000 4668 'vel
3057 4607 3480 4684 stupidissimnm

1875 4682 2117 4756 quemvis
2147 4689 2200 4732 et
2229 4681 2672 4756 immanissimum
2702 4683 2790 4738 hic
2818 4699 3112 4756 pauperum
3141 4681 3393 4756 aspectus
3414 4691 3482 4741 ad

1876 4751 2192 4823 memoriam
2207 4751 2936 4823 exciteteleemosynaaﬁum
2953 4759 3096 4809 enim
3113 4751 3318 4811 steterit
3333 4761 3484 4813 turba

1876 4835 2063 4898 senum
2089 4822 2434 4898 incurvat-um
2456 4865 2470 4888 ,
2501 4822 2689 4893 pannis
2713 4827 3033 4880 alniCIOI‘lllll
3055 4869 3068 4888 .
3103 4832 3484 4898 squalentium,

1877 4893 2272 4970 sordidatorum
2298 4935 2313 4960 ,
2345 4895 2616 4963 scipiones
2647 4898 2940 4970 tenentium
2966 4914 2981 4960 ;
3014 4893 3211 4968 quique
3243 4902 3326 4954 vix
3361 4893 3487 4970 pos?

1878 4964 1986 5017 sint
2004 4965 2322 5029 consistere;
2351 4979 2496 5034 saepe
2519 4981 2646 5021 vero
2668 4967 2880 5022 elfosms
2903 4964 3065 5023 etiam
3095 4964 3266 5026 oculis
3293 4985 3343 5026 et
3362 4964 3488 5026 cor-

1878 5049 2010 5112 pore
2055 5037 2172 5106 ipso
2210 5037 2518 5112 mutilorum
2541 5079 2556 5104 ,
2601 5042 2722 5107 quis
2756 5041 2892 5112 adeo
2921 5055 3115 5095 saxeus
3138 5081 3154 5108 ,
3198 5059 3316 5112 quis
3350 5044 3488 5098 adeo

1880 5107 2133 5170 adamas,
2165 5108 2410 5180 quicum
2441 5109 2591 5162 illum
2619 5117 2751 5163 ictas
2771 5153 2783 5172 ,
2819 5111 3103 5165 inﬁrmitas
3127 5152 3145 5180 ,
3177 5107 3444 5168 mutilatio
3471 5157 3485 5177 ,

1880 5188 2168 5251 paupertas
2189 5219 2203 5242 ,
2238 5178 2414 5231 vilitas
2436 5221 2450 5240 ,
2483 5182 2664 5235 omnia
2694 5182 2929 5251 denique
2956 5185 3021 5236 ad
3051 5178 3486 5239 connniseratio-

1881 5264 2002 5302 nem
2029 5248 2334 5314 inllectant,
2365 5251 2620 5316 resistat,
2648 5269 2711 5306 ac
2733 5248 2900 5306 nilnlo
2917 5255 3168 5308 omnibus
3200 5257 3314 5309 istis
3337 5273 3489 5312 com-

1882 5328 2059 5396 motus
2108 5321 2419 5396 rigidusque
2472 5326 2826 5390 permaneat?
2874 5323 3096 5396 idcirco
3145 5343 3237 5396 pro
3284 5327 3490 5383 foribus

1880 5393 2080 5468 nostris
2110 5399 2259 5468 stant
2277 5433 2292 5453 ,
2324 5402 2378 5446 et
2408 5393 2525 5461 ipso
2555 5404 2774 5468 aspectu
2801 5393 3177 5452 vehementius
3197 5413 3355 5468 quam
3383 5403 3489 5455 ulla

1880 5413 2080 5445 nouns
2110 5413 2254 5445 alant
2277 5433 2292 5453 ,
2324 5413 2378 5446 et
2408 5413 2525 5461 Ipso
2555 5413 2613 5450 as
2653 5413 2774 5450 eetu
2801 5413 3177 5452 venementius
3197 5413 3355 5468 quam
3383 5413 3489 5455 ulla

1880 5463 2125 5534 oratione
2147 5463 2261 5534 lieri
2285 5473 2500 5534 posset,
2529 5467 2595 5520 ad
2620 5413 3006 5523 iiunmuitalem
3031 5469 3368 5527 introeuntes
3393 5473 3490 5525 im-

1882 5533 2108 5604 pellunt.
2142 5532 2762 5661 Namquemadmodum
2791 5541 2842 5594 in
2871 5555 3022 5596 more
3042 5544 3275 5611 positum
3300 5555 3403 5608 est,
3436 5553 3488 5597 nt

1883 5605 1934 5658 in
1982 5605 2132 5658 atriis
2180 5615 2324 5661 temo
2348 5622 2500 5661 orum
2545 5611 2654 5661 sint
2698 5612 2872 5661 fontes
2906 5629 2919 5661 :
2951 5620 3009 5661 ut
3051 5615 3142 5661 alii
3191 5629 3377 5661 οτηερς
3421 5615 3486 5661 ml

1883 5605 1934 5682 in
1982 5605 2132 5682 atriis
2180 5605 2500 5682 templorum
2545 5611 2654 5682 sint
2698 5612 2872 5666 l'outes
2906 5629 2919 5666 :
2951 5620 3009 5666 ut
3043 5605 3142 5682 qui
3191 5605 3486 5682 preces'ad

1886 5675 2053 5752 Deum
2098 5677 2267 5752 fusuri
2294 5675 2430 5752 sunt
2445 5719 2460 5741 ,
2512 5680 2600 5735 ubi
2645 5683 2794 5752 prius
2831 5699 3023 5739 manus
3059 5675 3363 5752 abluerint,
3411 5687 3490 5741 sic

1881 5747 2078 5827 deinde
2101 5749 2168 5803 ad
2198 5765 2385 5818 preces
2402 5751 2523 5827 illas
2542 5747 2834 5827 extendant
2857 5773 2870 5808 :
2895 5757 2964 5809 ita
2985 5764 3037 5811 et
3068 5772 3332 5827 pauperes
3350 5747 3487 5811 lon-

1885 5819 2015 5872 tium
2036 5835 2098 5872 ac
2129 5831 2409 5895 puteorum
2431 5823 2569 5887 loco,
2603 5840 2702 5895 pro
2731 5825 2932 5882 toribus
2954 5819 3132 5894 patres
3152 5819 3489 5885 statuerunt:

1883 5899 1942 5966 ut
1968 5892 2422 5966 quemadmodum
2450 5910 2588 5966 aqua
2605 5892 2806 5951 manus
2836 5892 3102 5955 ablu‘imus
3124 5942 3140 5966 ,
3187 5902 3265 5956 sic
3296 5901 3486 5956 huma-

1887 5959 2051 6017 nitate
2081 5964 2226 6032 prius
2277 5965 2483 6023 animas
2503 5959 2933 6042 'abstergentes,
2957 5959 3152 6028 deinde
3183 5987 3489 6044 precemur.
