4050 6496
633 401 739 459 619

633 513 747 569 Non
774 513 912 569 enim
939 510 1010 565 ita
1053 508 1198 582 labes
1221 507 1462 579 corporis
1478 506 2056 582 Διιιιιιιὶιβιιιιιτιχιικιειξιιιξ
2148 508 2203 551 ut

633 586 823 639 anima:
849 583 1037 652 sordes
1060 570 1414 652 elecmosjnze
1441 579 1606 632 virtus
1624 570 1903 652 'ahst'ei-git.
1949 570 2017 652 iit
2046 571 2202 652 igitur

634 655 793 709 illotis
824 651 1065 705 manibus
1092 641 1359 718 ingressus
1378 690 1391 710 .
1422 665 1527 703 non
1554 647 1717 702 audes
1742 656 1927 718 preces
1956 641 2197 718 fundere.

634 725 755 777 licet
786 723 959 775 minus
988 720 1111 774 illud
1140 713 1207 774 sit
1233 722 1433 775 crimen
1468 736 1480 770 :
1514 719 1591 772 sic
1619 731 1715 769 nec
1743 713 1942 782 absque
1965 713 2201 766 eleemo-

633 807 762 863 syna
792 792 883 845 tibi
908 807 1138 861 unquam
1167 789 1232 844 ad
1263 792 1559 843 orationem
1587 784 2061 863 accedenduniest.
2094 782 2201 863 'l:a-

630 857 782 917 nietsi
816 876 975 930 puras
1002 857 1365 930 smpeuumero
1390 874 1576 914 manus
1607 857 1892 917 habentes,
1927 857 2033 930 nisi
2059 857 2201 920 prius

632 934 750 987 illas
775 923 1131 992 abluerimus.
1175 930 1239 985 ad
1284 933 1578 985 oralionem
1606 941 1698 981 eas
1726 940 1829 979 non
1868 923 2199 977 attollimus:

630 1012 833 1057 tantum
864 1003 998 1056 valet
1020 1000 1366 1057 consuetudo.
1392 1000 1501 1054 Hoc
1525 1001 1681 1068 igitur
1710 1008 1761 1051 et
1790 995 2200 1068 inrcleeinosyna

630 1071 884 1128 faciamus
917 1090 929 1125 :
963 1073 1168 1126 tametsi
1214 1071 1407 1123 nullius
1448 1065 1620 1139 magni
1655 1067 1853 1134 peccati
1886 1065 2039 1139 nobis
2068 1081 2197 1139 cou-

630 1144 726 1216 scii
759 1144 922 1197 simus
944 1182 961 1207 ,
1012 1151 1184 1216 tamen
1212 1135 1778 1216 elocutosyiia_colliita
1819 1135 2199 1216 conscientiam

628 1205 1010 1280 abstergamns.
1048 1211 1205 1265 Multa
1232 1227 1294 1265 ex
1328 1205 1609 1265 foro'mala
1638 1205 1951 1264 contraxisti
1980 1223 1993 1258 :
2025 1205 2203 1260 inimi.

629 1298 723 1335 cus
750 1282 1014 1345 irritavit,
1041 1282 1201 1352 judex
1230 1296 1386 1351 agere
1410 1280 1670 1352 quispiam
1699 1293 1882 1352 eorum
1908 1319 1923 1343 ,
1952 1291 2072 1352 qua:
2091 1290 2199 1352 non

628 1346 1446 1421 conveniebantfcoegit(verba
1472 1346 1562 1404 tibi
1585 1350 1812 1403 absurda
1838 1347 2031 1416 saepius
2056 1346 2204 1401 exci-

630 1422 821 1477 derunt
844 1463 857 1485 ,
888 1422 1092 1476 amicus
1119 1430 1175 1475 ut
1199 1422 1392 1491 aliquid
1429 1430 1666 1489 patrarcs
1684 1435 1803 1474 cum
1833 1427 2048 1487 peccato
2073 1432 2199 1491 con-

626 1496 878 1566 junctnmi
909 1493 1109 1566 suasit;
1135 1492 1250 1566 alia
1290 1487 1391 1566 tibi
1431 1487 1604 1566 multa
1635 1492 1973 1566 adhmscruiit
2023 1487 2199 1555 qualia

627 1560 915 1616 i-erisimile
945 1571 1027 1616 est
1057 1563 1147 1616 tibi
1173 1604 1187 1627 ,
1219 1577 1338 1615 cum
1368 1562 1528 1618 homo
1554 1562 1628 1616 sis
1649 1603 1663 1624 ,
1695 1561 1819 1614 dum
1851 1561 1901 1610 in
1934 1560 2049 1611 foro
2077 1574 2199 1611 ver-

630 1632 798 1694 saris,
844 1632 1131 1686 adhwrere.
1169 1650 1181 1686 :
1224 1633 1346 1686 dum
1396 1632 1745 1685 tribunalibus
1788 1629 2025 1689 assides.
2073 1628 2198 1682 dum

628 1704 833 1771 negotia
865 1703 1007 1756 urbis
1030 1702 1247 1755 conﬁcis
1265 1743 1281 1764 ,
1314 1718 1409 1772 pro
1432 1703 1513 1756 his
1533 1702 1779 1756 omnibus
1807 1702 2013 1772 veniam
2036 1713 2063 1772 a
2094 1700 2201 1772 Deo

625 1769 986 1897 aniulaltlrus
1030 1787 1093 1827 ac
1133 1769 1496 1827 defensionem
1551 1773 1825 1826 oblaturus
1882 1769 2197 1839 ingrederis.

672 1858 832 1897 ronce
868 1844 1042 1897 itaque
1069 1844 1321 1897 pecunias
1351 1843 1402 1897 in
1434 1856 1725 1897 pauperum
1753 1855 1967 1897 manus.
2000 1850 2055 1894 et
2084 1855 2197 1893 ma-

672 1842 849 1913 rojice
868 1844 1042 1913 itaque
1069 1844 1321 1913 pecunias
1351 1843 1402 1897 in
1434 1856 1725 1912 pauperum
1753 1855 1967 1906 manus,
2000 1850 2055 1894 et
2084 1855 2199 1893 ma-

625 1912 774 1966 culas
802 1912 919 1968 illas
948 1912 1191 1981 absterge
1210 1954 1225 1979 ,
1254 1920 1311 1968 ut
1339 1913 1409 1967 ita
1438 1928 1559 1968 cum
1592 1913 1779 1967 fiducia
1806 1927 1925 1965 eum
1959 1913 2197 1973 invoces,

625 1983 712 2050 qui
742 1982 854 2054 h:t_-c
875 1982 965 2054 tibi
990 1991 1203 2051 peccata
1226 1992 1399 2054 potest
1416 1984 1704 2054 dimittere.
1731 1981 1880 2048 Quod
1903 1982 1944 2035 si
1976 1981 2200 2054 teipsum

625 2052 1283 2121 assuefecerismumqna'm
1302 2068 1452 2109 sacra
1470 2052 1584 2107 haec
1597 2054 1854 2109 vestibula
1872 2053 2073 2121 ingredi
2088 2052 2203 2105 abs~

624 2138 728 2246 aue
749 2124 1104 2194 cleemosyna,
1120 2123 1263 2178 nullo
1282 2134 1524 2193 tempore
1538 2139 1635 2178 nec
1649 2125 1879 2193 prudens
1898 2138 1995 2177 nec
2008 2122 2202 2189 impru-

662 2208 755 2246 ens
772 2206 801 2246 a
826 2194 964 2246 bono
978 2206 1141 2246 onere
1172 2194 1273 2246 isto
1292 2195 1557 2246 cessabis:
1592 2208 1653 2246 ea
1684 2196 1825 2246 enim
1850 2203 1933 2246 est
1961 2194 2040 2246 vis
2067 2207 2199 2246 con—

662 2208 755 2246 ens
772 2206 801 2246 a
826 2194 964 2247 bono
978 2206 1141 2262 opere
1172 2194 1273 2248 isto
1292 2195 1557 2250 cessabis:
1592 2208 1653 2249 ea
1684 2196 1825 2249 enim
1850 2203 1933 2249 est
1961 2194 2040 2246 vis
2067 2207 2199 2246 con-

623 2264 937 2336 suetudinis.
958 2262 1025 2317 Et
1046 2264 1515 2336 quemadmodum.
1531 2264 1786 2336 quidquid
1818 2265 2028 2336 tandem
2058 2264 2200 2336 acci-

622 2333 923 2407 datLillotis
952 2334 1196 2407 manibus
1216 2350 1375 2392 orare
1393 2351 1497 2389 non
1518 2333 1703 2401 audes,
1728 2336 1939 2407 quando
1954 2334 2006 2389 id
2028 2335 2197 2391 semel

624 2403 718 2476 tibi
750 2402 800 2457 in
827 2402 1263 2476 consuetudinem
1293 2408 1454 2461 vertit
1479 2421 1493 2458 :
1523 2408 1603 2463 sic
1641 2416 1697 2463 et
1738 2402 1789 2462 i'u
1818 2407 2156 2476 eleemosyna
2178 2447 2195 2473 ,

623 2474 665 2526 si
699 2473 834 2557 hanc
862 2474 953 2556 tibi
984 2474 1153 2557 legem
1186 2476 1503 2557 impostieris
1523 2518 1537 2543 ,
1585 2492 1707 2557 cuin
1728 2478 1910 2557 _sciens
1938 2473 2199 2546 prudens-

622 2557 725 2613 qne
752 2552 860 2597 tum
904 2543 1213 2615 imprudens
1237 2543 1463 2625 singulis
1488 2562 1606 2603 eam
1635 2549 1825 2603 diebus
1848 2563 1878 2602 a
1905 2543 2197 2602 consuetu-

2107 382 2376 441 SPURlA.

2269 478 2275 491 ’
2311 494 2435 549 dine
2462 492 2721 566 impulsus
2743 490 3078 566 observabis.
3112 490 3249 566 Ignis
3275 502 3359 548 est
3389 491 3564 566 oratio
3583 534 3597 554 .
3628 496 3899 566 prmcipue

3800 384 3899 449 620

2310 581 2430 619 cum
2460 582 2488 615 a
2520 563 2753 630 vigilanti
2798 572 3104 632 attentaque
3141 562 3316 617 anima
3360 562 3585 618 oﬂ‘ertur
3614 582 3629 616 :
3670 576 3727 617 at
3755 562 3895 621 enim

2310 637 2430 689 oleo
2458 635 2543 689 eti:
2572 650 2617 687 .n
2649 634 2851 704 indiget
2878 634 3013 702 ignis
3038 634 3138 687 iste
3166 675 3181 701 ,
3209 645 3267 687 ut
3292 633 3359 688 ad
3389 636 3635 690 caelestes
3663 634 3897 691 fornices

2308 706 2456 775 ipsos
2479 705 2754 774 perveniat
2783 723 2797 759 :
2826 705 3001 758 oleum
3029 714 3205 775 autem
3235 705 3371 775 ignis
3401 705 3559 774 hujus
3588 706 3725 759 nihil
3755 707 3897 760 aliud

2309 774 2390 829 est
2411 817 2426 837 .
2477 790 2632 845 quam
2675 775 3037 845 eleemosyna.
3072 774 3389 830 Liberaliter
3417 777 3578 844 igitur
3605 777 3789 830 oleum
3822 778 3899 829 in-

2314 847 2472 900 funde
2503 886 2516 908 ,
2550 855 2605 898 ut
2632 846 2865 899 laititiam
2892 861 2955 900 ex
2987 855 3131 899 recte
3161 846 3300 899 facto
3329 847 3632 914 percipiens
3656 890 3673 911 ,
3706 848 3895 914 majori

2308 932 2428 970 cum
2456 915 2642 969 ﬁducia
2667 925 2720 970 et
2744 915 3031 971 ardentiori
3055 916 3215 969 animi
3238 916 3415 970 studio
3438 932 3627 986 preces
3649 933 3893 986 peragas.

2306 986 2435 1042 Nam
2464 986 2908 1054 quemadmodum
2951 986 3038 1054 qui
3080 986 3273 1041 nullius
3303 988 3425 1040 boui
3469 989 3568 1041 sibi
3604 998 3736 1041 sunt
3770 1005 3898 1041 coo-

2307 1058 2433 1118 scii,
2466 1072 2532 1111 ne
2563 1070 2747 1125 preces
2771 1057 2984 1124 quidem
3015 1056 3235 1127 fundere
3262 1072 3382 1112 cum
3414 1056 3603 1112 ﬁducia
3629 1068 3894 1127 possunt:

2310 1128 2379 1196 ita
2406 1128 2493 1195 qui
2530 1130 2840 1193 prmclarum
2869 1128 3081 1195 aliquod
3125 1126 3329 1182 facinus
3355 1126 3662 1193 ediderint,
3694 1138 3749 1183 et
3782 1140 3897 1196 post

2300 1195 2560 1268 justitiam
2589 1196 2735 1251 illam
2768 1197 2831 1251 ad
2859 1199 3155 1251 orationem
3202 1212 3261 1251 se
3300 1199 3713 1264 converterint,
3753 1195 3894 1268 pra:-

2306 1268 2434 1322 clari
2477 1266 2728 1320 facinoris
2781 1268 3151 1323 recordatione
3178 1268 3455 1323 exhilarati
3494 1270 3693 1337 majori
3732 1266 3895 1323 animi

2305 1337 2484 1393 studio
2518 1352 2700 1405 preces
2723 1338 2970 1392 offerunt.
3015 1337 3082 1394 Ut
3114 1339 3273 1407 igitur
3299 1338 3399 1394 hac
3423 1342 3636 1395 ratione
3669 1342 3896 1395 validior

2308 1409 2479 1480 oratio
2520 1417 2699 1461 nostra
2743 1410 3017 1474 reddatur,
3064 1412 3289 1463 excitata
3330 1419 3386 1464 et
3420 1410 3799 1480 expergefacta
3845 1413 3895 1465 in

2306 1479 2782 1547 supplicationibus
2823 1494 2887 1534 ex
2938 1482 3195 1533 bonorum
3243 1495 3465 1546 alterum
3517 1479 3897 1536 recordatione

2306 1559 2483 1603 mente
2512 1558 2712 1611 nostra,
2736 1566 2856 1604 cum
2884 1552 3223 1621 eleemosyna
3248 1550 3313 1604 ad
3340 1566 3527 1619 preces
3549 1552 3893 1617 accedamus.

2305 1630 2359 1691 et
2386 1620 2621 1673 omnium
2650 1636 2833 1674 eorum
2864 1636 2980 1689 quae
3019 1620 3159 1674 dicta
3179 1631 3313 1675 sunt
3338 1661 3354 1684 ,
3395 1621 3689 1691 diligenter
3720 1638 3897 1677 recor-

2305 1689 2493 1744 demur
2524 1708 2537 1744 :
2568 1704 2631 1744 ac
2656 1707 2769 1759 prie
2802 1693 3011 1746 cancris
3036 1690 3253 1757 quidem
3291 1689 3541 1747 omnibus
3585 1692 3895 1747 similitudi-

2305 1776 2424 1833 nem
2455 1762 2602 1833 illuni
2624 1774 2873 1833 perpetua
2900 1763 3155 1817 memoria
3175 1762 3469 1828 custodite,
3497 1780 3602 1832 qua
3628 1779 3894 1833 pauperes

2304 1830 2414 1885 dixi
2447 1846 2545 1899 pro
2580 1830 2784 1895 foribus
2815 1833 3134 1901 templorum
3164 1841 3372 1887 stantes
3396 1874 3412 1899 ,
3459 1830 3582 1888 eum
3632 1830 3798 1888 nobis
3830 1836 3895 1888 ad

2304 1903 2496 1973 anima:
2519 1902 2740 1973 cultum,
2769 1919 2926 1973 quem
2952 1902 3071 1957 fons
3090 1902 3154 1957 ad
3177 1904 3418 1971 corporis
3444 1920 3598 1959 usum
3620 1905 3891 1973 prirbere.

2302 1971 2356 2043 S_i
2388 1972 2528 2025 enim
2562 1971 2718 2039 hujus
2748 1971 2822 2029 rei
2866 1989 3131 2027 memores
3158 1984 3415 2043 perpetuo
3440 1971 3734 2040 fuerimus,
3765 1977 3896 2031 assi-

2304 2040 2409 2097 due
2450 2053 2948 2115 nientemrnostram
2988 2040 3304 2111 abluentcs,
3345 2060 3465 2099 cum
3509 2061 3677 2115 puras
3702 2046 3895 2101 oﬁ'erre

2308 2127 2493 2186 preces
2541 2114 2863 2181 poterimus,
2917 2126 3027 2169 tum
3069 2130 3313 2185 magnam
3360 2114 3699 2186 apud’Deum
3740 2119 3893 2171 nobis

2307 2182 2557 2256 ﬁduciam
2587 2193 2641 2237 et
2666 2185 2889 2253 gratiam
2920 2182 3241 2253 conciliare,
3290 2200 3354 2240 ac
3381 2182 3606 2256 regnum
3633 2186 3890 2241 caelorum

2305 2253 2565 2326 adipisci.
2614 2257 2782 2323 gratia
2825 2266 2881 2310 et
2918 2256 3245 2326 benignitate
3290 2253 3497 2311 Domini
3549 2259 3721 2312 nostri
3766 2258 3893 2313 Iesu

2303 2322 2501 2378 Christi
2528 2322 2669 2398 ,_per_
2694 2341 2850 2398 quem
2879 2335 2932 2382 et
2957 2322 3078 2382 cum
3109 2342 3215 2395 quo
3246 2327 3385 2382 Patri
3414 2329 3585 2398 gloria
3613 2370 3629 2391 .
3680 2344 3888 2398 unaque

2304 2401 2492 2448 sancto
2536 2393 2783 2463 Spiritui,
2811 2411 2956 2453 nunc
2980 2408 3035 2453 et
3062 2393 3295 2468 semper,
3323 2406 3379 2453 et
3406 2393 3461 2454 in
3509 2400 3695 2455 secula
3719 2393 3891 2455 secu-

2302 2463 2500 2519 lorum.
2540 2470 2733 2519 Amen.

2320 2479 2500 2520 orum.
2540 2479 2733 2521 nmen.

653 2719 3841 2763 ww

2050 2950 2425 3021 Ml)NlTU.\I

705 3152 877 3225 Bttij
902 3150 1137 3209 homilite
1158 3150 1305 3206 varia
1329 3148 1574 3204 feruntur
1602 3147 1751 3203 initia
1782 3147 1838 3200 in
1866 3144 2156 3200 Codicibus
2174 3160 2196 3197 r

2300 3140 2433 3195 .Alii
2456 3139 2601 3195 enim
2634 3140 2711 3195 sic
2736 3126 3057 3195 ordiuntur:
3085 3135 3310 3205 Μεγάλα
3341 3136 3463 3203 τινὰ
3490 3137 3587 3191 και
3617 3136 3871 3209 ὑπερφνῆ

631 3249 699 3318 τῇ
732 3246 1003 3317 προτέρᾳ,
1038 3241 1126 3298 alii
1168 3257 1396 3297 numero
1430 3240 1608 3310 plures
1636 3240 1715 3293 sic
1752 3238 1954 3292 habent
1999 3255 2013 3291 :
2057 3236 2196 3305 Ἐνὸι

2300 3251 2336 3285 ιν
2373 3231 2582 3304 μεγάλα
2613 3232 2733 3283 τινὰ
2769 3232 2865 3286 καὶ
2906 3234 3155 3302 ὑπερφυῆ
3202 3235 3267 3303 τῇ
3298 3230 3563 3304 προτᾶρᾳ.
3604 3231 3780 3294 Unus,
3818 3240 3877 3285 ut

633 3354 758 3394 mox
784 3336 1051 3393 videbitur
1086 3353 1101 3389 :
1148 3334 1373 3403 Νομίζω
1398 3332 1626 3401 μεγάλα.
1670 3331 1798 3385 Eam
1826 3346 1925 3396 pro
1953 3342 2211 3400 germano
2240 3324 2607 3396 Chrysostomi
2641 3324 2754 3378 fetu
2805 3324 3039 3394 primum
3080 3325 3345 3380 habuerat
3393 3324 3597 3380 Fronto
3631 3325 3874 3392 Dums,

632 3433 728 3488 sed
759 3438 944 3502 postea
977 3438 1263 3485 centonem
1294 3443 1413 3481 esse
1440 3426 1837 3487 animadvertit,
1872 3440 1975 3493 qua
2005 3424 2071 3478 de
2100 3437 2157 3477 re
2182 3420 2479 3476 audiendus
2508 3419 2643 3490 ipse.

699 3527 817 3581 Non
846 3524 1119 3582 Codicibus
1150 3533 1352 3578 tantum
1381 3539 1503 3577 mss.
1556 3522 1748 3592 Regiis.
1779 3520 2043 3581 Mediceis,
2071 3517 2385 3571 credidimus
2413 3518 2549 3570 hunc
2578 3524 2865 3568 tractatum
2901 3514 3270 3585 Chrysostomo
3298 3516 3671 3577 asserentibus,
3712 3516 3801 3570 sed
3830 3527 3876 3569 et

631 3621 937 3693 quibusdam
961 3620 1181 3681 Italicis,
1209 3619 1299 3689 qui
1324 3628 1520 3673 tomum
1548 3616 1959 3687 complectuntur
1987 3612 2141 3667 titulo
2174 3613 2196 3664 'l

2316 3611 2496 3681 βίϐλου
2526 3610 2634 3663 τῶν
2665 3610 3022 3681 μαργαριτῶν
3050 3612 3398 3681 insignitum;
3438 3627 3563 3665 nam
3592 3610 3730 3664 inter
3754 3610 3876 3662 illas

634 3712 875 3767 homilias
899 3712 1299 3783 quadragesima
1325 3720 1515 3780 quarta
1545 3718 1872 3773 numeratur,
1916 3709 2011 3770 Εἰς
2034 3707 2115 3767 τὸ,
2148 3708 2192 3760 Π

2300 3724 2355 3769 ες
2396 3705 2860 3777 παραστησόμεθα
2884 3704 2964 3775 τῷ
2995 3706 3199 3776 βήματι
3232 3705 3329 3759 τοῦ
3367 3705 3603 3777 Χριστοῦ
3640 3720 3657 3737 ⁶
3689 3708 3831 3777 ἀρχή
3858 3721 3871 3735 ·

632 3804 856 3876 Νομίζω
886 3804 1116 3876 μεγάλα.
1139 3790 1504 3858 Verumtamen
1530 3818 1715 3857 excuso
1734 3802 1852 3870 jam
1882 3808 2134 3861 tractatu,
2167 3800 2291 3853 dum
2318 3799 2411 3853 has
2441 3808 2591 3852 notas
2620 3801 2956 3865 portavimus,
2994 3799 3170 3869 fucum
3198 3797 3342 3852 nobis
3366 3800 3566 3869 factum
3594 3818 3626 3853 α
3659 3800 3873 3855 librario

634 3898 1080 3965 deprehendimus,
1117 3897 1241 3949 dum
1274 3896 1542 3949 exordium
1574 3910 1763 3948 novum
1790 3893 1957 3947 assuit
1988 3890 2177 3945 morali
2205 3890 2552 3944 exhortationi
2585 3888 2830 3944 Homilite
2861 3890 3118 3945 vicesima:
3148 3891 3345 3961 quinte
3381 3892 3438 3945 in
3464 3892 3636 3961 Epist.
3667 3894 3737 3946 ad
3768 3893 3873 3947 Ro-

635 4009 835 4057 manos,
865 4003 913 4045 et
940 3991 1209 4045 tricesima!
1237 3991 1440 4059 primat,
1483 3999 1734 4059 tanquam
1763 3989 1854 4041 uni
1898 3988 2060 4055 capiti
2106 3986 2304 4039 duobus
2330 3985 2619 4054 subj‘unctis
2646 3986 2946 4054 corporibus
2974 4001 2995 4040 :
3025 3986 3163 4051 quod
3198 3986 3371 4055 ipsum
3402 3988 3583 4041 multis
3605 3990 3868 4059 imposuit.

634 4086 725 4157 qui
754 4085 1027 4156 plerasque
1043 4086 1122 4138 ad
1143 4082 1390 4153 populum
1420 4082 1790 4137 Antiochenam
1833 4081 2077 4135 homilias
2123 4081 2411 4157 sepqratim
2458 4080 2665 4133 habitas
2710 4089 2920 4149 putant,
2969 4095 3061 4134 nec
3088 4080 3515 4137 animaduertunt
3555 4084 3687 4139 nihil
3728 4086 3871 4138 aliud

570 4194 577 4201 '
633 4197 794 4253 quam
822 4190 1057 4236 centones
1084 4195 1172 4233 eas
1200 4193 1325 4245 esse,
1368 4176 1627 4233 consultos
1657 4191 1722 4231 ea:
1754 4175 2041 4231 moralibus
2086 4172 2527 4231 exhortationibus
2552 4172 2781 4228 aliorum
2810 4171 3121 4230 Semnonum
3160 4174 3244 4231 vel
3276 4174 3785 4235 Commentariorum
3816 4182 3871 4235 in

613 4882 661 4921 IN
718 4876 1056 4925 εεευπυωί
1098 4877 1445 4921 Δυνεκτοκ
1485 4877 1716 4947 ροιιικι
1760 4876 1906 4921 JESU
1948 4878 2196 4921 CHRISTI

2300 4878 2339 4920 Τ
2380 4876 2445 4919 IN
2488 4875 2702 4929 ιιιῠι),
2739 4873 2947 4942 ΟΜΝΕβ
2992 4874 3303 4918 δτηωυε
3355 4875 3516 4918 ANTE
3559 4870 3868 4925 TRIWNAI.

889 4977 1163 5034 cunis'n,
1207 4980 1289 5021 ar
1332 4977 1760 5031 unusqmsqun
1805 4978 1925 5022 pao
1969 4979 2041 5023 SE
2084 4977 2411 5023 amonem
2455 4976 2709 5019 unum
2738 4976 2863 5018 nso
2896 4957 3097 5039 (Rom:
3146 4956 3246 5018 iis.
3280 4959 3379 5019 10.
3412 4959 3511 5039 12)
3561 4961 3675 5039 (a).

2028 5098 2393 5155 eam»
3078 5028 3163 5083 \i

682 5231 733 5283 l.
780 5230 925 5284 Ratio
952 5230 1209 5283 reddenda
1240 5229 1440 5283 Christo
1510 5230 1574 5283 ab
1603 5246 1903 5297 unoquoque
1932 5239 2174 5284 nostrum.

2285 5227 2464 5309 hodie,
2511 5226 2685 5309 multo.
2724 5226 2830 5309 illis
2872 5227 3230 5309 splendidiora
3270 5239 3397 5309 sunt
3437 5232 3572 5285 visa.
3615 5232 3869 5309 Qngnam

613 5299 688 5353 De
720 5300 982 5354 scandala.
1015 5329 1087 5341 -—
1122 5300 1303 5370 Magna
1334 5299 1575 5371 qtimdam
1600 5310 1653 5355 et
1680 5303 1899 5356 miriﬁca
1933 5302 2185 5356 hesterno

2284 5314 2413 5353 vero
2451 5299 2584 5353 lecta
2626 5307 2753 5352 sunt
2790 5297 2948 5353 hodie
2967 5297 3207 5353 ?.0mnes
3234 5301 3479 5356 stabimus
3506 5312 3623 5356 aute
3642 5297 3869 5360 tribunal

611 5371 697 5425 die
724 5371 921 5424 dixisse
949 5386 1033 5425 me
1046 5371 1196 5424 vobis
1220 5372 1517 5444 arbitrabar
1548 5390 1561 5426 :
1589 5376 1783 5427 etenim
1814 5388 2002 5444 magna
2032 5382 2186 5427 erant

612 5449 797 5495 natura
825 5456 942 5507 sua,
972 5455 1294 5512 omnemque
1319 5441 1627 5497 facultatem
1658 5441 1922 5498 orationis
1954 5444 2183 5497 excede-

612 5512 774 5564 bant:
809 5521 1174 5567 verumtamen
1200 5529 1318 5583 qua:
1345 5514 1478 5567 lecta
1508 5524 1633 5567 sunt
1661 5513 1837 5580 hodie,
1863 5524 2067 5568 tantum
2098 5513 2184 5568 illa

612 5592 881 5655 Superatit,
930 5592 1184 5655 quantum
1215 5585 1280 5639 ab
1306 5584 1411 5639 illis
1430 5595 1623 5655 nostra
1651 5594 1991 5655 superantur.
2022 5584 2181 5639 Tam-

613 5654 709 5705 etsi
763 5667 866 5704 non
910 5653 1280 5707 existimabam
1321 5654 1605 5727 quidquam
1654 5653 1783 5727 ipSis
1826 5658 2180 5722 antecellere,

614 5730 971 5775 verumtamen
1014 5737 1136 5777 cum
1188 5725 1537 5780 accessissent
1582 5725 1688 5795 ea,’
1717 5742 1837 5799 qua:
1877 5729 2015 5785 lecta
2060 5736 2186 5783 sunt

682 5851 753 5915 (α)
784 5854 961 5910 Collsta
983 5872 1089 5911 cum
1114 5862 1270 5915 tribus
1288 5870 1393 5915 Mss.
1423 5866 1599 5927 Regiis.

2287 5368 2475 5442 Christi
2504 5386 2521 5422 :
2552 5371 2809 5442 scriptum
2836 5379 2920 5424 est
2944 5370 3111 5435 enim,
3153 5368 3273 5424 Vivo
3307 5388 3420 5442 ego,
3450 5373 3571 5426 dicit
3596 5372 3869 5438 Dentium.

2285 5439 2524 5516 quoniam
2546 5439 2927 5516 mihiﬂectetur
2951 5456 3099 5516 omne
3119 5456 3272 5516 genu,
3303 5439 3352 5494 ei
3375 5445 3539 5497 omnis
3560 5444 3735 5516 lingua
3754 5462 3872 5500 eoa-

2287 5508 3078 5584 ]itebitur_l)eo_(hui-$5.2“.
3122 5508 3314 5584 Itaque
3362 5508 3727 5584 unusqttisq«e
3774 5535 3870 5571 nuo

2287 5588 2455 5634 strum
2487 5581 2554 5634 de
2577 5580 2757 5650 seipso
2788 5580 3047 5636 rationem
3073 5580 3261 5636 reddet
3291 5584 3420 5638 Deo.
3458 5580 3588 5638 Vide
3607 5625 3621 5647 ,
3640 5580 3756 5641 'non
3789 5588 3868 5641 di-

2287 5652 2364 5725 xit
2393 5652 2727 5725 simpliciter,
2759 5652 3015 5725 Adorabit
3045 5653 3428 5722 unusquisque,
3456 5655 3631 5710 sedet
3654 5655 3867 5725 Conﬁte—

2289 5722 2420 5775 bitur
2448 5723 2828 5793 unusquisque,
2862 5724 2961 5777 hoc.
2984 5732 3086 5786 est,
3110 5737 3299 5778 eorum
3319 5741 3438 5793 quae
3460 5726 3605 5788 fecit,
3639 5722 3870 5781 rationes

2289 5805 2616 5863 rcposcetur.
2659 5794 2884 5863 Semper
2914 5794 3073 5861 igitur
3098 5795 3361 5849 sollicitus
3384 5804 3532 5857 esto.
3586 5798 3656 5851 uti
3687 5796 3861 5853 homo.

2289 5878 2386 5932 pro
2432 5865 2673 5920 tribunali
2724 5865 3001 5924 sedentem
3039 5880 3381 5922 communem
3410 5868 3697 5922 Dominum
3743 5883 3863 5925 ρει·-
