4050 6522
684 480 792 532 ΙῖῧἯ

690 604 904 662 propter
948 591 1063 645 iure
1107 591 1282 660 inepta
1316 591 1488 645 vestra
1520 587 1701 662 verba
1726 585 1922 639 multos
1962 584 2249 662 b_ic_etiaut

689 655 831 731 punit
861 662 1013 721 Deus,
1048 670 1102 714 nt
1125 655 1241 714 cum
1266 662 1529 715 minarum
1560 658 1733 731 verbis
1756 672 1858 709 non
1881 655 2131 731 credatis,
2155 656 2257 709 sal-

689 727 791 786 ioin
821 732 971 785 rebus
1005 733 1131 802 ipsis
1163 747 1436 799 poenarum
1482 728 1711 802 credatis
1749 745 1761 781 :
1790 736 1841 779 et
1863 727 2118 802 quoniam
2153 743 2257 779 non

687 804 756 857 ita
805 802 951 855 vobis
992 796 1201 871 antiqua
1237 804 1480 855 timorem
1529 801 1808 871 incutiunt,
1863 796 1925 850 iis
1979 812 2098 871 qua:
2152 802 2259 871 sin-

686 873 823 939 gulis
878 866 1309 937 generationilnts
1374 871 1657 933 accidunt,
1726 870 1840 922 illos
1906 866 1995 935 qui
2066 866 2256 939 iisdem

687 937 1013 1008 temporibus
1057 943 1255 1007 vivunt,
1295 942 1527 1011 segniter
1570 955 1629 995 se
1668 946 1947 1010 gerentes,
1989 937 2257 1007 corrigere

683 1014 833 1067 Solet.

755 1086 806 1138 5.
849 1084 947 1137 Cur
980 1082 1110 1137 Deus
1151 1099 1249 1136 non
1287 1083 1367 1135 hic
1406 1097 1576 1135 omnes
1612 1080 1901 1149 puniat.i—
1930 1077 2103 1142 Quare
2130 1093 2257 1131 vero

685 1171 788 1207 non
818 1170 1000 1208 omnes
1029 1154 1117 1207 hic
1156 1153 1323 1223 punit,
1352 1152 1490 1207 dicet
1520 1147 1748 1223 aliquis?
1781 1147 1854 1205 Ut
1880 1150 1997 1203 aliis
2024 1149 2253 1223 spatium

685 1225 772 1278 det
802 1219 1285 1288 pmnitcntiaﬁCur
1312 1232 1484 1277 autem
1514 1219 1619 1277 non
1650 1222 1756 1274 illic
1784 1234 1967 1273 omnes
1997 1219 2254 1287 castigat?

684 1296 760 1349 Ne
782 1296 926 1348 multi
954 1296 1069 1361 ejus
1090 1294 1478 1363 providentiam
1513 1307 1616 1346 non
1648 1290 1884 1363 credant.
1914 1290 2079 1356 Quam
2103 1289 2253 1363 nmlii

685 1365 936 1426 latrones,
970 1356 1054 1418 alii
1088 1356 1298 1434 quidem
1330 1364 1562 1417 damnati
1600 1356 2017 1434 sunt,aliivero
2039 1374 2141 1434 non
2171 1359 2252 1411 af-

685 1436 805 1517 i‘ecti
851 1430 1117 1517 supplicio
1155 1435 1434 1517 abierunt?
1481 1434 1571 1515 ubi
1594 1449 1718 1502 ergo
1742 1433 1836 1517 poi
1879 1430 2173 1517 benignitas
2201 1439 2254 1517 et

688 1506 876 1574 iustum
915 1502 1218 1574 judicium?
1262 1520 1435 1560 meum
1490 1505 1629 1559 enini
1680 1512 1762 1557 est
1804 1510 1853 1556 te
1899 1502 2250 1574 interrogare.

706 1522 876 1559 usuum
915 1522 1217 1574 judicium!
1262 1522 1435 1560 meum
1490 1522 1629 1559 enim
1680 1522 1762 1557 ρει
1804 1522 1853 1556 te
1899 1522 2250 1569 interrogare.

688 1522 813 1632 L’am
846 1577 888 1629 si
919 1577 1093 1631 nullus
1120 1590 1336 1646 prorsus
1360 1576 1648 1644 puniretur,
1682 1580 1895 1646 possent
1919 1573 1983 1624 ad
2015 1571 2116 1646 hoc_
2136 1573 2254 1640 qui-

688 1649 804 1700 dem
836 1642 1167 1716 confugere:
1200 1662 1318 1700 cum
1349 1642 1473 1699 vero
1502 1646 1590 1699 alii
1611 1715 1614 1716 ν
1635 1642 1847 1713 quidem
1879 1658 2060 1711 prunas
2087 1642 2213 1716 dent
2234 1685 2249 1708 ,

688 1718 770 1771 alii
800 1732 924 1772 vero
955 1714 1056 1771 non
1089 1717 1214 1772 dent
1235 1757 1247 1777 .
1297 1718 1507 1770 tametsi
1537 1715 1715 1785 pejora
1753 1724 1962 1783 pcccata
2001 1714 2249 1785 commit-

688 1798 813 1852 tant,
857 1787 1122 1857 quomodo
1149 1789 1347 1857 justum
1379 1784 1549 1852 esset,
1571 1794 1627 1839 ut
1653 1800 1773 1857 cum
1817 1800 1920 1838 non
1952 1784 2135 1857 eadem
2164 1798 2251 1838 es-

688 1868 803 1911 sent
842 1856 1054 1924 delicta,
1102 1856 1271 1928 paena:
1301 1867 1475 1911 tamen
1508 1857 1706 1928 cuidem
1737 1856 2044 1928 lucrentur?
2075 1870 2253 1928 nonne

687 1929 786 1983 illis
814 1928 999 1997 injuria
1027 1924 1136 1984 lieri
1162 1928 1443 1989 videretur,
1471 1928 1557 1997 qui
1583 1926 1929 1997 punirentur?
1949 1924 2249 1995 Curigitur,

684 1995 1082 2070 inquiﬂomnes
1110 2000 1193 2055 hic
1223 1995 1559 2070 plectuntur?
1590 1995 2036 2070 Attdi_Domintttn
2080 1998 2251 2065 ipsum

684 2069 783 2123 bac
813 2069 879 2124 de
908 2086 964 2124 re
993 2073 1069 2125 sic
1107 2071 1199 2125 tibi
1225 2067 1675 2125 satisfacientem.
1712 2067 1840 2121 Nam
1880 2070 2000 2136 quia
2025 2076 2249 2123 mortem

683 2139 925 2193 obierant
947 2140 1072 2195 turri
1102 2140 1324 2195 cadente
1348 2139 1580 2210 quidam,
1609 2138 1729 2210 illis,
1754 2138 1841 2207 qui
1868 2154 2026 2207 super
2053 2138 2132 2191 his
2158 2139 2256 2194 du-

684 2210 992 2265 bitationem
1038 2208 1380 2276 offerebant,‘
1400 2210 1609 2264 dicebat
1638 2226 1652 2262 :
1684 2208 1904 2270 Putatis.
1935 2210 2051 2277 quia
2083 2209 2135 2262 lii
2158 2211 2253 2263 soli

684 2291 971 2348 peccatores
999 2292 1178 2352 praeter
1204 2298 1374 2336 omnes
1400 2280 1537 2333 sint?
1568 2278 1709 2342 Non,
1741 2280 1853 2352 dico
1883 2279 2056 2352 vobis;
2092 2282 2182 2352 sed
2210 2280 2254 2335 si

684 2349 1022 2424 pinnitentiant
1052 2368 1151 2406 non
1177 2354 1394 2424 egeritis,
1425 2366 1594 2424 onines
1630 2358 1683 2403 ut
1712 2351 1809 2421 ipsi
1833 2350 2054 2424 peribitis
2080 2351 2096 2419 (
2124 2349 2249 2424 Luc.

688 2422 771 2475 t5.
796 2422 852 2491 5)
878 2438 891 2475 :
920 2420 1221 2478 admonens
1252 2437 1349 2478 nos
1378 2437 1439 2476 ac
1471 2420 1691 2487 docens,
1734 2436 1801 2475 ne
1830 2420 2051 2476 nimium
2081 2420 2251 2477 conli-

684 2491 891 2557 damus,
920 2508 1060 2555 cum,
1102 2493 1221 2549 aliis
1249 2493 1494 2549 dantibus
1526 2506 1728 2561 pronas,
1773 2493 1870 2561 ipsi
1898 2492 2076 2547 multis
2102 2506 2253 2547 com-

684 2564 863 2617 missis
906 2563 1114 2620 delictis
1157 2581 1260 2618 non
1298 2564 1527 2618 damus:
1558 2563 1657 2616 nisi
1701 2562 1842 2617 enim
1889 2563 2252 2632 pmnitentiam

686 2646 925 2702 agamus,
956 2635 1173 2690 omnino
1204 2635 1465 2690 dabimus.
1496 2631 1688 2687 Verum
1715 2634 1802 2701 qui
1832 2631 1907 2698 lit,
1938 2644 1994 2687 ut
2015 2633 2066 2687 in
2094 2642 2253 2689 mter-

685 2718 813 2757 num
841 2706 1141 2773 puniamur,
1169 2706 1309 2761 dicet
1343 2705 1552 2774 aliquis,
1581 2717 1701 2756 cum
1731 2703 1814 2757 hic
1839 2705 1983 2758 brevi
2015 2712 2255 2774 tempore

684 2774 1109 2842 peccaverimns?
1134 2774 1199 2832 Ut
1231 2777 1476 2830 nimirum
1502 2774 1587 2827 hic
1606 2774 1763 2828 etiam
1787 2775 1865 2827 vir
1893 2775 2082 2843 aliquis
2107 2776 2253 2830 brevi

685 2854 955 2930 titoinento
996 2848 1389 2930 temporisuoa
1434 2843 1580 2930 cazde
1621 2844 2256 2930 patrataadhpcrpetuas

686 2915 1020 2986 metallorum
1054 2915 1291 2972 miserias
1324 2915 1626 2971 damnatur.
1672 2915 1901 2970 Atenim
1924 2916 1991 2970 ita
2015 2932 2120 2970 non
2149 2918 2257 2986 agit

688 2984 849 3058 Deus,
880 2985 1066 3058 inquit.
1095 2987 1369 3053 Quomodo
1400 2987 1558 3058 igitur
1581 2999 1749 3058 annos
1771 2987 1979 3058 tgiginta
2008 2995 2128 3041 octo
2158 2984 2253 3055 pa-

689 3055 967 3127 ralyticuni
1000 3058 1050 3111 in
1083 3058 1169 3113 tali
1198 3057 1457 3127 supplicio
1486 3055 1750 3111 detinuit?
1793 3056 2003 3111 Etenim
2033 3059 2101 3112 ob
2128 3072 2253 3127 pec-

686 3135 802 3180 cata
832 3128 1067 3195 punitum
1096 3129 1245 3183 illum
1282 3129 1349 3183 ab
1375 3143 1441 3182 eo
1471 3127 1631 3180 fuisse
1672 3134 1727 3179 ut
1768 3128 2089 3193 noverimus,
2132 3129 2255 3183 audi

686 3197 809 3271 quid
834 3198 1029 3271 dicat”;
1044 3195 1175 3271 Ecce
1198 3215 1349 3254 sanus
1378 3202 1537 3271 factus
1566 3212 1655 3271 es:
1669 3197 1781 3266 jam
1799 3198 1915 3271 noli
1943 3214 2166 3271 peccare,
2197 3216 2258 3254 ne

689 3266 917 3339 deterius
943 3268 1029 3321 tibi
1072 3270 1263 3339 aliquid
1297 3266 1552 3339 contingat
1586 3268 1761 3339 (Joan.
1796 3268 1848 3323 5.
1885 3269 1993 3339 14).
2029 3268 2256 3323 Verum-

684 3347 868 3411 iamen
895 3338 1306 3411 ﬁnem_accepit,
1348 3338 1535 3411 inquit.
1583 3338 1651 3391 At
1677 3353 1779 3391 non
1812 3339 1933 3411 talia
1955 3338 2097 3401 Sunt.
2138 3356 2258 3411 qua:

692 3406 799 3461 illic
840 3408 991 3463 ﬁunt.
1030 3407 1097 3464 Ut
1124 3406 1264 3465 enim
1296 3406 1435 3465 scias
1460 3408 1547 3462 illa
1576 3423 1861 3478 numquam
1906 3408 2066 3463 linem
2108 3406 2260 3466 acce-

683 3487 866 3547 ptura,
898 3480 1067 3549 ipsum
1093 3481 1357 3535 dicentem
1387 3478 1507 3534 audi
1540 3497 1551 3533 :
1595 3477 1790 3533 Verniis
1817 3494 1985 3534 eorum
2013 3496 2114 3533 non
2150 3498 2259 3535 mo-

688 3549 863 3621 rietur,
895 3561 939 3604 et
978 3551 1109 3621 ignis
1152 3568 1321 3605 eorum
1346 3566 1447 3605 non
1475 3549 1991 3621 mtingueturUsai.
2022 3551 2108 3606 66.
2132 3550 2255 3621 24);

682 3628 765 3685 et,
792 3618 948 3675 Ibunt
988 3618 1051 3693 lii
1086 3622 1138 3677 in
1180 3624 1335 3693 vitam
1373 3618 1723 3693 ceternam,'_et
1750 3621 1833 3693 illi
1861 3622 1917 3693 in
1954 3618 2260 3693 supplicium

689 3700 933 3745 teternum
975 3692 1166 3759 (Marc.
1196 3692 1249 3749 9.
1279 3693 1366 3748 M.
1393 3690 1582 3745 Matth.
1613 3690 1703 3746 25.
1733 3691 1851 3763 46).
1892 3690 2115 3763 Siergo
2153 3694 2257 3749 vita

690 3768 1009 3834 estaitcrna,
1032 3773 1084 3818 et
1106 3763 1418 3834 supplicium
1446 3770 1725 3818 aeternum.
1744 3761 1859 3817 Non
1890 3762 2039 3818 vides
2055 3761 2258 3832 quanta

691 3830 887 3886 Judaeis
913 3833 1141 3887 minatus
1168 3830 1275 3889 sit?
1305 3832 1438 3907 rium
1474 3848 1570 3899 ea,
1615 3847 1733 3907 qua:
1772 3835 2004 3907 minatus
2055 3830 2255 3907 fuerat.

691 3912 1012 3973 evenerunt,
1046 3917 1114 3957 an
1144 3919 1269 3959 vero
1301 3902 1511 3960 fuérunt
1550 3902 1711 3958 verba
1746 3919 1863 3973 qua:
1904 3902 2155 3959 dixerat?
2199 3906 2262 3959 Et

693 3986 875 4044 rursus
914 3990 928 4027 :
960 3970 1080 4044 Non
1108 3976 1378 4030 remanebit
1404 3974 1536 4044 lapis
1554 3990 1707 4043 super
1728 3970 1968 4043 lapidem.
2010 3974 2142 4027 Nunt
2173 3991 2260 4029 re-

683 4043 924 4099 mansit?
949 4042 1087 4110 Quid
1116 4060 1261 4116 vero,
1289 4044 1432 4115 quod
1459 4042 1646 4116 ρἰἰι..⁸
1663 4044 1769 4116 Erit
1786 4042 2069 4116 tribulatio,
2096 4045 2261 4116 qualis

692 4130 967 4184 numquam
996 4116 1095 4185 fuit
1144 4114 1417 4186 (lbidﬁiti.
1448 4114 1592 4186 2._et
1621 4114 1757 4186 2i)?
1801 4114 2065 4185 Numquid
2103 4114 2262 4186 igitur

680 4199 811 4257 non
826 4186 962 4240 fuit?
998 4184 1161 4257 Lege
1189 4185 1462 4257 historiam
1508 4184 1745 4257 Joseplti,
1794 4194 1847 4257 et
1890 4184 1965 4241 ne
1994 4184 2259 4257 respirare

691 4254 904 4325 quidem
970 4254 1189 4325 petaris,
1237 4255 1366 4311 dum
1401 4265 1596 4326 quanta
1635 4254 1707 4310 illi
1750 4256 1924 4324 reipsa
1965 4254 2105 4325 passi
2141 4257 2258 4312 fue-

693 4328 818 4390 rint,
850 4326 1051 4382 audies.
1079 4327 1165 4381 Ait
1193 4328 1335 4382 enim
1360 4326 1585 4397 tragicos
1614 4341 1801 4397 omnes
1821 4341 1980 4381 casus
2006 4326 2092 4381 illa
2122 4329 2258 4383 mala

692 4412 993 4465 superasse,
1043 4411 1141 4451 nec
1166 4399 1332 4453 ullum
1362 4396 1611 4465 umquam
1641 4396 1743 4450 tale
1770 4397 1964 4451 bellum
1991 4396 2260 4453 nationem

692 4468 851 4523 ullam
883 4466 1136 4538 invasisse
1165 4467 1260 4538 (a).
1290 4466 1415 4521 Haec
1443 4482 1472 4519 a
1503 4480 1588 4521 me
1613 4466 1879 4538 dicuntur.
1903 4480 2009 4521 non
2038 4475 2094 4522 ut
2114 4467 2264 4523 dolo-

692 4552 804 4593 rem
832 4537 983 4591 vobis
1011 4536 1235 4604 inuram,
1264 4538 1357 4593 sed
1385 4546 1441 4591 ut
1468 4545 1609 4591 tutos
1634 4550 1731 4591 vos
1761 4536 1977 4591 reddam
2000 4578 2014 4601 ,
2056 4546 2111 4592 et
2154 4553 2260 4593 non

689 4606 955 4679 superﬂue
986 4606 1259 4663 blandiens
1286 4606 1536 4679 efﬁciam,
1560 4616 1617 4663 ut
1643 4608 1811 4664 multo
1829 4609 2070 4679 graviora
2096 4609 2263 4677 patia-

690 4676 837 4732 mini.
879 4676 985 4731 Cur
1011 4678 1171 4745 enim,
1199 4694 1399 4749 qumso,
1430 4678 1644 4749 dignum
1667 4695 1784 4736 esse
1815 4676 1917 4734 non
1943 4676 2149 4748 judicas
2180 4690 2259 4745 ut,

691 4764 807 4803 cum
836 4763 1045 4820 pecces,
1096 4750 1373 4819 puniaris?
1422 4764 1597 4805 nonne
1628 4750 1721 4804 tibi
1751 4762 1941 4804 cuncta
1970 4749 2260 4820 praedixit?

692 4834 868 4873 nonne
897 4818 1129 4873 minatus
1153 4820 1277 4876 est?
1312 4834 1487 4875 nonne
1510 4820 1808 4875 exterruit?
1843 4818 2017 4875 nonne
2043 4830 2146 4875 ture
2172 4834 2261 4875 sa-

691 4890 815 4942 lutis
833 4888 1289 4961 causaiinnumera
1316 4890 1600 4961 praestitit?
1624 4904 1799 4945 nonne
1827 4891 2091 4945 lavacrum
2113 4905 2263 4961 rege-

690 4959 979 5014 nerationis
1005 4958 1221 5029 largitus
1240 4958 1340 5023 est,
1359 4972 1410 5017 et
1432 4961 1607 5015 omnia
1629 4962 1803 5030 priora
1819 4962 2059 5015 dimisit?
2083 4958 2261 5017 nonne

692 5039 808 5099 post
850 5030 987 5084 hanc
1027 5031 1415 5096 remissionem,
1458 5042 1510 5086 et
1535 5032 1802 5086 lavacrum
1828 5042 1882 5087 et
1908 5032 2161 5085 auxilium
2193 5048 2258 5087 ex

688 5100 998 5170 penitentia
1026 5115 1210 5155 rursus
1238 5103 1474 5170 peccanti
1502 5102 1809 5156 concessit?
1848 5117 2025 5157 nonne
2043 5101 2258 5157 facilem

688 5173 844 5226 etiam
877 5181 1059 5239 postea
1091 5171 1318 5226 reddidit
1343 5171 1480 5225 viam
1509 5172 1841 5237 remissionis
1871 5174 2260 5241 peccatorum?

690 5242 824 5295 Audi
851 5256 977 5310 ergo
1004 5243 1178 5312 qualia
1208 5243 1365 5297 etiam
1399 5245 1729 5311 praceperit.
1753 5242 1809 5299 Si
1830 5242 2099 5298 dimiseris
2134 5257 2261 5312 pro-

689 5312 853 5377 ximo,
887 5312 979 5365 tibi
1008 5327 1106 5383 ego
1134 5326 1343 5383 quoque
1370 5312 1579 5368 dimitto
1599 5312 1812 5383 (Matth.
1842 5313 1894 5369 6.
1929 5314 2039 5384 li),
2068 5313 2258 5385 inquit.

752 5466 825 5534 (ᾳ)
849 5471 986 5534 nutat
1019 5462 1201 5534 fronte
1235 5464 1585 5534 Dircaeusuhagc
1617 5467 1837 5534 alludere
1869 5468 1928 5534 ad
1956 5468 2036 5519 illa
2058 5468 2259 5534 Iosephi

686 5524 1000 5599 verbajnitio
1022 5524 1114 5599 lib.
1133 5528 1271 5599 primi
1293 5531 1356 5577 de
1379 5530 1512 5579 bello
1534 5528 1738 5599 Judaieo
1765 5543 1782 5599 :_
1805 5530 1988 5580 Bellum
2001 5524 2259 5599 .acerbiisi-

688 5602 819 5658 "tum
841 5588 965 5658 inter
976 5588 1288 5658 pandarqu
1309 5603 1417 5658 quae
1445 5591 1686 5658 exarsisse
1708 5591 1919 5658 sciamus
1932 5632 1945 5650 ,
1968 5590 2066 5642 sive
2087 5594 2259 5658 nostris

689 5651 784 5720 sive
806 5648 1014 5720 antiquis
1037 5648 1341 5720 temporibus,
1367 5652 1491 5703 inter
1523 5652 1741 5720 civitates
1769 5648 2010 5720 autinter
2024 5660 2185 5720 gentes
2196 5656 2259 5720 in

690 5689 959 5782 ξῖξηιτερρῖη
1762 5689 2261 5782 assistam:

687 5775 898 5834 fortunia
919 5775 1128 5846 muniunt
1150 5775 1321 5846 intota
1343 5782 1471 5846 retro
1492 5777 1773 5846 antiquitate
1792 5777 2097 5846 popularius,
2115 5779 2258 5846 mini-

691 5831 977 5908 ,,W
993 5835 1059 5908 ad
1070 5831 1361 5908 futurorum
1384 5831 1643 5908 infortunia
1657 5831 1981 5908 conferantur.
2006 5831 2259 5908 Caiamita-

691 5897 767 5961 te;
790 5897 1260 5971 ξιῐιῖᾶῑξιειετερτιιεη
1282 5897 1614 5971 natussi“.
1634 5897 1856 5971 υυιίιῑιδω
1875 5901 2051 5953 ³¹¹⁴¹³ί²
2076 5900 2255 5955 τυθτίηί

687 5957 779 6035 ὺξὶ
790 5957 947 6032 ῖξίςδς
970 5957 1190 6051 (ςΡῖΝε
1214 5957 1563 6011 bello'Judaico
1586 5957 1943 6014 describuntur.
2100 6011 2103 6014 .

2146 468 2419 524 ΔΞῘἮΠΙᾹ.
3881 465 3963 521 σε.

2368 586 2535 647 Quam
2568 581 2721 636 habet
2759 580 3289 637 bocdifticultatem?
3317 580 3579 637 Iudicat:
3599 581 3887 652 pupillum.
3928 596 3965 633 ετ

2359 654 2638 724 jnstiﬁcate
2695 654 2936 713 uiduam;
2986 654 3182 716 venite,
3232 663 3279 708 et
3327 654 3708 720 disputemus,
3760 654 3959 722 inquit.

2368 735 2413 777 et
2439 726 2482 775 si
2512 724 2695 793 fuerint
2726 734 2927 793 peccuta
2955 734 3115 776 vestra
3143 725 3289 791 quasi
3327 724 3686 793 phoenica-tm,
3720 725 3859 775 sicut
3898 724 3959 771 si-

2356 811 2471 848 ‘t'em
2512 792 2750 863 dralbttbo
2800 792 2971 858 (Isai.
3000 795 3049 848 1.
3086 794 3172 848 17.
3204 795 3271 848 18
3291 792 3333 863 ).
3362 794 3505 862 Quid
3540 794 3597 847 in
3631 793 3741 846 hoc
3779 803 3863 846 cst
3896 793 3959 844 ta-

2322 899 2332 909 ι
2369 863 2551 917 boris?
2578 861 2674 916 Dic
2696 873 2767 928 tu,
2794 864 2981 931 inquit,
3016 873 3218 933 peccata
3248 861 3337 917 tua
3366 861 3592 933 primus,
3624 873 3685 915 ut
3709 863 3960 933 justi/icto

2366 937 2435 987 ris
2473 933 2581 1004 (Iit.
2607 935 2692 987 45.
2719 933 2831 1002 26).
2864 936 2998 1001 Quid
3017 931 3072 989 in
3100 933 3200 989 hoc
3226 944 3307 989 est
3333 931 3720 1004 difﬁcultatis?
3746 931 3959 985 Ρετεειω

2365 1015 2451 1057 tua
2481 1002 2803 1073 cfemnosynis
2834 1006 3022 1059 redime
3060 1004 3219 1073 (Dan.
3243 1004 3296 1059 4.
3321 1004 3437 1073 24).
3480 1004 3621 1071 Quis
3664 1002 3775 1057 hoc
3804 1017 3957 1072 grate

2363 1074 2620 1128 eooseat?
2651 1074 2969 1129 Publicanus
2999 1075 3152 1140 dixit,
3179 1074 3443 1143 Propitius
3470 1084 3587 1127 esto
3616 1074 3752 1126 mihi
3785 1090 3959 1142 pem»

2364 1146 2459 1198 tori
2490 1144 2877 1214 (an.18.15),
2908 1155 2963 1199 et
2983 1145 3255 1201 descendit
3278 1145 3631 1215 justitlcaIus.
3652 1144 3796 1213 Quis
3818 1146 3959 1198 labor

2364 1216 2699 1282 publicanum
2729 1216 2965 1269 imitari?
2993 1220 3061 1270 At
3085 1231 3254 1285 neque
3283 1225 3404 1285 post
3434 1223 3515 1269 ιοι
3541 1223 3845 1284 tantasque
3868 1216 3955 1265 ili-.-

2361 1287 2795 1355 monstrationes,
2841 1287 3159 1353 supplicium
3198 1296 3254 1341 et
3297 1300 3511 1355 poenam
3543 1300 3674 1340 esse
3710 1286 3825 1355 risi
3841 1300 3951 1338 crc-

2360 1354 2521 1410 dere?
2551 1356 2659 1410 Nec
2681 1356 2835 1425 igitur
2859 1356 3125 1412 diabolum
3149 1353 3321 1425 puniri
3348 1356 3534 1411 dicere
3558 1366 3746 1426 potes.
3790 1353 3957 1407 bist."

2359 1426 2463 1478 dite
2491 1442 2735 1498 utrmque.
2775 1427 2964 1498 inquit,
3000 1429 3061 1498 in
3097 1429 3263 1498 ignem
3287 1437 3557 1498 internum,
3602 1427 3697 1498 qui
3739 1438 3951 1492 parath

2358 1506 2433 1568 est
2454 1495 2655 1551 diabolo
2676 1508 2722 1549 et
2748 1497 2942 1566 angelis
2959 1497 3069 1566 ejus
3097 1495 3307 1568 (Matth.
3332 1497 3421 1552 9.5.
3450 1498 3567 1566 41).
3595 1497 3656 1568 Si
3691 1497 3845 1550 enim
3875 1512 3957 1565 gr-

2361 1566 2534 1621 henna
2566 1583 2669 1621 non
2695 1576 2798 1631 est,
2829 1583 2927 1623 nec
2952 1570 3041 1623 ille
3069 1566 3282 1637 punitur
3314 1585 3329 1622 :
3358 1568 3402 1622 si
3434 1581 3563 1621 vero
3592 1566 3690 1619 ille
3712 1568 3951 1635 punitur.

2359 1651 2458 1691 nos
2487 1653 2696 1707 quoque
2722 1639 2895 1706 puniri
2927 1640 3110 1707 liquet,
3140 1641 3227 1708 qui
3256 1638 3564 1706 pcrllcimus
3594 1651 3771 1708 opera
3797 1638 3951 1705 ejus:

2359 1723 2481 1761 nam
2508 1719 2561 1763 et
2588 1724 2682 1762 nos
2703 1710 2921 1764 minime
2946 1707 3445 1777 obtemperavimus,
3470 1707 3693 1762 tametsi
3720 1723 3835 1760 non

2358 1779 2478 1833 dem
2512 1780 2562 1832 in
2601 1778 2773 1834 factis.
2802 1780 2901 1847 Qui
2929 1779 2986 1833 iit
3011 1791 3185 1835 autem
3217 1789 3276 1834 ut
3302 1794 3405 1833 non
3448 1780 3664 1842 timeas,
3700 1794 3736 1831 ο
3768 1777 3951 1839 homo,

2356 1848 2481 1902 dum
2508 1850 2585 1903 sic
2606 1850 2857 1905 audacter
2884 1852 3137 1920 loqueris,
3179 1865 3299 1904 cum
3325 1848 3503 1920 dicis:
3536 1849 3827 1918 Benignus
3854 1862 3952 1905 est.

2358 1929 2542 1974 etnon
2587 1922 2766 1989 punit?
2791 1919 3010 1989 Quodsi
3043 1922 3245 1991 puniat,
3279 1919 3572 1991 sectandum
3607 1930 3664 1991 te
3703 1934 3818 1973 non
3847 1920 3951 1988 jam

2358 1991 2583 2059 amplius
2619 1991 2876 2061 benignus
2905 2007 3024 2047 esse
3044 1989 3331 2061 reperitur.
3381 1989 3542 2045 Vides
3580 1990 3651 2043 ad
3697 2006 3949 2061 qua-natu

2359 2062 2519 2133 verba
2550 2061 2792 2116 diabolus
2816 2078 2913 2117 vos
2940 2063 3214 2133 impellat?

2428 2130 2799 2186 Monachorum
2823 2150 3003 2203 aspera
3020 2130 3147 2188 Vvita.
3163 2132 3388 2200 —-Quid
3409 2147 3535 2188 vero
3567 2130 3832 2185 monachi
3858 2132 3951 2187 illi.

2358 2204 2445 2274 qui
2481 2210 2689 2257 montes
2718 2215 3068 2272 occuparunt,
3100 2205 3187 2274 qui
3221 2204 3415 2259 millies
3442 2217 3501 2258 se
3525 2203 3807 2272 religiosa:
3838 2205 3953 2274 vine

2360 2272 2633 2328 laboribus
2659 2284 3013 2329 exercuerunt
3047 2277 3098 2329 in
3120 2272 3412 2329 montibus
3434 2314 3450 2340 ,
3498 2274 3549 2328 in
3593 2273 3883 2341 speluncis
3909 2286 3951 2327 (ιι

2356 2346 2599 2398 cavernis
2632 2355 2805 2411 terrm,
2833 2362 2957 2399 num
2978 2361 3173 2401 corona
3196 2360 3302 2400 non
3318 2344 3501 2400 donati
3522 2343 3801 2398 abibunt?
3824 2343 3950 2397 Nam

2357 2413 2407 2486 si
2434 2416 2557 2468 tnali
2587 2429 2690 2469 non
2722 2418 3030 2485 puniuntur,
3057 2432 3227 2486 neque
3248 2418 3323 2470 rei
3348 2416 3506 2471 ullius
3530 2424 3613 2469 est
3636 2414 3950 2486 retributio,

2357 2484 2499 2539 dicet
2528 2501 2711 2539 rursus
2726 2484 2929 2556 aliquis
2949 2529 2963 2553 ,
2992 2484 3166 2556 neque
3196 2487 3323 2541 boni
3348 2496 3703 2542 coronantur.
3738 2484 3951 2555 Nequa-

2358 2569 2517 2624 quam
2541 2598 2555 2620 ,
2586 2558 2756 2625 inquit
2786 2574 2799 2611 :
2831 2557 2925 2613 sed
2959 2558 3059 2613 hoc
3087 2556 3195 2612 Deo
3223 2558 3557 2612 conveniens
3583 2566 3692 2620 est,
3724 2566 3784 2608 ut
3813 2556 3951 2625 apud

2358 2639 2478 2699 eum
2511 2630 2577 2680 sit
2602 2642 2821 2697 regnum
2851 2628 3020 2683 solum
3046 2670 3060 2694 ,
3092 2639 3145 2684 et
3172 2643 3278 2683 non
3308 2627 3573 2699 gehenna.
3608 2625 3805 2696 Itaque
3848 2631 3951 2681 lor-

2361 2696 2565 2769 nieator
2593 2706 2647 2752 et
2674 2696 2896 2753 adulter
2925 2707 2979 2754 et
3015 2700 3104 2769 qui
3148 2696 3399 2754 sexcenta
3437 2699 3642 2753 scelera
3696 2701 3947 2767 patravit,

2361 2766 2548 2841 iisdem
2580 2769 2739 2824 rebus
2770 2766 3069 2838 perfruetur
3093 2780 3250 2841 atque
3280 2771 3327 2825 is
3358 2770 3447 2838 qui
3491 2766 3912 2841 temperantiam
3935 2810 3949 2831 ,

2359 2840 2716 2905 sanctitatem,
2745 2841 3148 2904 continentiam,
3170 2840 3233 2895 et
3251 2856 3463 2895 omnem
3490 2840 3795 2908 angelicam
3822 2856 3950 2896 eou-

2361 2909 2717 2964 versationem
2744 2912 3022 2965 exhibuit?
3050 2912 3201 2979 Quod
3236 2912 3280 2967 si
3311 2926 3418 2966 non
3443 2911 3513 2965 sit
3540 2909 3800 2981 gebenna
3823 2952 3837 2971 .
3870 2927 3951 2965 nco

2360 2982 2623 3033 sut'reetio
2652 2996 2777 3035 vero
2823 2982 2980 3051 plane
3007 2981 3183 3037 futura
3227 2992 3345 3046 est;
3380 2981 3503 3036 mali
3593 2995 3775 3051 uoque
3819 2982 3950 3035 bona

2360 3048 2547 3103 eadem
2569 3065 2685 3106 una:
2709 3053 2830 3106 iusti
2856 3064 3270 3106 consequentur.
3288 3052 3415 3106 (luis
3434 3054 3535 3106 hoc
3553 2997 3742 3106 dicere
3764 3053 3950 3106 audeat

2360 3048 2547 3123 eadem
2569 3065 2685 3119 qua:
2703 3048 2840 3121 justi
2856 3064 3270 3123 consequentur.
3288 3052 3415 3119 Quis
3434 3054 3535 3106 hoc
3553 3048 3742 3123 dicere
3764 3053 3954 3107 audeat

2362 3120 2449 3192 vel
2477 3123 2636 3174 ctiatn
2659 3120 2725 3175 ex
2758 3124 2843 3187 iis,
2872 3120 3063 3192 quibus
3094 3139 3247 3178 mens
3273 3132 3353 3178 est
3381 3124 3595 3192 penitus
3623 3122 3695 3176 de
3724 3124 3953 3179 sanitate

2359 3189 2672 3265 deturbata?
2694 3196 2800 3265 imo
2818 3189 2942 3265 vero
2964 3196 3081 3262 quis
3098 3209 3345 3265 umquam
3367 3189 3583 3248 dannon
3606 3194 3953 3265 hoc_dixerit?

2360 3260 2515 3335 Certe
2536 3260 2633 3335 ipsi
2654 3264 2814 3335 eiiam
2830 3260 3098 3335 daemones
3114 3260 3413 3335 geliennam
3445 3278 3565 3319 esse
3592 3263 3951 3329 conﬁtentur;

2358 3330 2485 3386 ideo
2514 3333 2857 3406 clamabant_.
2884 3330 3173 3406 dicentes}
3219 3334 3410 3389 Venisti
3447 3336 3546 3406 huc
3593 3344 3717 3406 ante
3760 3345 3953 3406 tempus

2361 3409 2591 3477 torquere
2634 3420 2726 3457 nos
2762 3405 2779 3477 (
2810 3402 3049 3477 lbid.'r8.
3094 3405 3163 3461 29
3188 3405 3248 3477 )?
3295 3404 3576 3475 Quomodo
3608 3405 3797 3477 igitur
3852 3402 3951 3459 non

2361 3474 2563 3528 vereris
2586 3482 2640 3529 et
2669 3474 3051 3544 perhorrescis,
3077 3491 3109 3531 0
3132 3474 3557 3546 homo,negare.
3590 3474 3723 3530 dum
3751 3476 3951 3531 dmino-

2368 3559 2463 3599 nes
2493 3546 2857 3601 confitentur?
2884 3547 3153 3618 quo_modo
3194 3562 3476 3618 pravorum
3521 3546 3834 3618 hujusinodi
3863 3547 3951 3602 do-

2368 3563 2463 3599 nes
2493 3563 2814 3601 oonntcntur
2838 3563 2857 3599 Ι
2884 3563 3153 3620 quoinooo
3194 3563 3476 3618 pravorum
3521 3563 3834 3670 tnqusmout
3863 3563 3949 3602 ao-

2364 3624 2599 3684 gmatum
2650 3618 2960 3686 magistrum
3008 3633 3114 3672 non
3180 3616 3563 3673 animadvertis
3659 3616 3769 3685 Qui
3814 3620 3949 3673 enim

2363 3686 2654 3755 principem
2679 3689 2897 3760 generis
2925 3688 3093 3743 nostri
3123 3687 3392 3760 hominem
3421 3688 3659 3757 decepit,
3689 3697 3748 3744 et
3770 3690 3948 3760 majori

2362 3770 2455 3828 spe
2478 3758 2746 3827 preposita
2771 3758 2925 3813 bonis
2945 3773 3065 3814 eum
3090 3758 3268 3828 ejecit,
3291 3774 3411 3827 qua:
3432 3761 3483 3813 in
3509 3760 3761 3814 manibus
3783 3758 3947 3821 erant,

2363 3826 2460 3901 hic
2478 3826 2693 3901 est,qni
2724 3844 2865 3884 nunc
2892 3832 2991 3884 ista
3012 3826 3248 3901 suggerit
3274 3829 3500 3885 dicenda
3529 3829 3617 3901 vel
3644 3832 3945 3901 cogitanda;

2364 3907 2419 3952 et
2448 3898 2646 3952 idcirco
2676 3900 2974 3967 persuadet,
3006 3908 3064 3955 ut
3082 3898 3431 3969 suspicentur
3457 3899 3677 3969 quidam
3703 3898 3813 3956 non
3842 3917 3948 3956 esse

2363 3969 2681 4043 gehennam,
2711 3979 2769 4023 ut
2790 3970 2987 4040 injiciat
3007 3970 3059 4025 in
3083 3972 3404 4043 gehennam.
3434 3970 3578 4027 Deus
3599 3973 3750 4028 enim
3774 3987 3843 4028 ex
3869 3974 3948 4025 ad-

2364 4038 2519 4096 verso
2550 4038 2855 4114 gehennam
2894 4038 3121 4098 minatur
3145 4082 3160 4107 ,
3190 4053 3246 4098 et
3270 4041 3572 4114 gehennam
3606 4046 3860 4113 pararit,
3903 4054 3947 4095 ut

2364 4125 2485 4164 cum
2516 4124 2614 4165 nos
2644 4109 2691 4164 id
2721 4113 3025 4168 noverimus
3046 4154 3061 4179 ,
3094 4116 3163 4168 ita
3185 4109 3562 4184 pie‘vivamus,
3593 4109 3652 4167 ut
3680 4114 3733 4167 in
3761 4118 3947 4184 εειιειιη

2365 4199 2488 4239 nam
2521 4198 2625 4237 non
2653 4183 2968 4239 incidamus.
3000 4183 3330 4254 Quamquam
3356 4185 3399 4238 si
3425 4198 3549 4239 cum
3575 4187 3651 4239 sit
3668 4183 3908 4254 gcb’cnna
3931 4226 3944 4248 ,

2366 4254 2753 4337 hancndiabolus
2782 4255 2874 4337 tibi
2903 4255 3503 4337 persuadenquomodo
3528 4255 3811 4337 diemones
3838 4270 3942 4335 eam

2364 4323 2595 4382 confessi
2625 4335 2804 4380 essent
2830 4366 2843 4387 ,
2878 4323 2922 4378 si
2951 4341 3054 4379 non
3086 4323 3265 4390 esset,
3298 4326 3493 4394 quibus
3531 4326 3583 4381 id
3612 4335 3696 4380 est
3725 4330 3943 4380 maxime

2368 4410 2511 4451 cura:
2537 4436 2551 4459 ,
2584 4404 2641 4448 ut
2667 4411 2764 4451 nos
2792 4395 2924 4449 nihil
2973 4396 3077 4450 tale
3119 4398 3487 4466 suSpicemur.
3515 4412 3625 4466 quo
3666 4398 3943 4451 securitate

2368 4466 2779 4537 negligentiorcs
2807 4466 2981 4522 eli‘ecti
3010 4482 3128 4522 cum
3161 4467 3290 4537 ipsis
3319 4467 3370 4520 in
3402 4467 3576 4535 ignem
3622 4467 3778 4521 illum
3823 4468 3940 4521 inci-

2366 4535 2595 4605 damus?
2620 4536 2718 4603 Qui
2747 4538 2940 4593 factum
2968 4548 3050 4593 est
3074 4535 3281 4603 autem,
3310 4537 3452 4592 dicet
3492 4539 3693 4608 aliquis
3714 4580 3729 4603 ,
3763 4550 3823 4593 ut.
3847 4549 3938 4591 tum

2366 4608 2634 4663 dannones
2652 4610 2973 4665 faterentur?
2994 4609 3197 4678 Quippe
3217 4609 3305 4679 qui
3324 4612 3700 4665 necessitatem
3728 4612 3857 4679 ipsis
3874 4611 3941 4661 in-

2367 4681 2700 4736 cumbentcm
2718 4680 2936 4735 minime
2952 4679 3174 4736 ferrent.
3192 4680 3321 4749 Qua:
3338 4682 3552 4750 quidem
3574 4680 3760 4736 omnia
3781 4692 3941 4735 metue

2366 4761 2641 4823 versantes
2670 4753 2917 4807 desinant
2946 4761 3000 4806 et
3024 4752 3231 4823 seipsos
3251 4760 3306 4823 et
3328 4752 3463 4805 alios
3488 4750 3696 4818 fallere,
3724 4753 3817 4823 qui
3843 4752 3941 4805 hac

2366 4820 2569 4894 dicunt.
2597 4823 2736 4878 Deus
2762 4825 2927 4887 enini,
2959 4821 3449 4894 inquitpropbeta,
3482 4820 3757 4894 manifesti
3774 4826 3939 4887 mist,

2366 4892 2504 4947 Deus
2529 4905 2714 4960 noster,
2744 4904 2790 4947 et
2820 4910 2920 4947 non
2940 4891 3101 4947 silebit
3130 4891 3314 4962 (Psal.
3342 4892 3433 4948 ιθ.
3460 4894 3495 4949 5
3518 4895 3559 4963 ).
3583 4891 3734 4964 Ignis
3754 4895 3809 4947 in
3836 4910 3941 4946 cou-

2366 4974 2539 5031 spectu
2582 4967 2691 5037 ejus
2738 4964 3067 5037 exardescet:
3094 4974 3139 5017 et
3184 4965 3236 5017 in
3280 4964 3495 5037 circuitu
3520 4965 3634 5037 ejus
3684 4973 3939 5037 tempesta:

2366 5037 2555 5088 valida.
2588 5035 2732 5106 Ignis
2774 5046 2891 5089 ante
2924 5035 3375 5106 ipsunimmccdet
3395 5076 3410 5100 ,
3440 5044 3487 5089 et
3521 5035 3859 5106 inﬂammarit
3899 5037 3939 5087 ia

2364 5107 2573 5159 circuitu
2618 5103 2847 5160 inimicos
2872 5107 2980 5177 ejus
3013 5103 3201 5177 (Ibid.
3252 5104 3343 5160 96.
3383 5106 3418 5160 5
3444 5106 3487 5175 ).
3523 5103 3759 5177 Quinam
3797 5122 3938 5176 porro

2365 5186 2489 5231 sunt
2519 5178 2715 5233 inimici
2747 5179 2861 5244 Dei,
2893 5175 2994 5232 nisi
3028 5176 3394 5241 fornicatores,
3414 5175 3665 5239 adulteri,
3686 5175 3937 5232 masculo-

2367 5264 2483 5302 rum
2512 5249 2907 5315 concubitores,
2931 5247 3141 5311 molles,
3175 5247 3494 5310 idololatraa,
3516 5249 3689 5313 avari,
3712 5247 3932 5303 ebriosi.

2365 5319 2564 5388 perjuri
2590 5359 2604 5383 ,
2634 5329 3082 5380 murmuratores,
3114 5317 3393 5383 iracundi,
3432 5332 3703 5373 memores
3729 5318 3934 5388 injuria-

2368 5404 2481 5442 rum
2506 5430 2520 5450 .
2551 5391 2801 5458 superbi,
2833 5388 2977 5453 elati,
3014 5390 3321 5458 parentibus
3349 5404 3457 5442 non
3482 5388 3823 5453 obedientes,
3850 5391 3934 5443 imo

2365 5459 2787 5515 misericordes?
2818 5460 2912 5515 His
2950 5459 3200 5513 omnibus
3242 5460 3295 5513 in
3325 5459 3599 5514 tremenda
3651 5463 3935 5515 communis

2364 5532 2771 5585 resurrectionis
2808 5531 2898 5586 die
2938 5528 3106 5585 Judex
3136 5530 3401 5599 imperat,
3430 5529 3616 5584 dicens
3651 5546 3666 5585 :
3700 5528 3933 5585 Discedite

2364 5616 2396 5652 α
2417 5600 2855 5665 mc,ntaledicti,in
2875 5602 3042 5671 ignem
3063 5602 3327 5671 tetanum,
3354 5602 3441 5670 qui
3479 5610 3693 5671 paratus
3727 5612 3801 5655 est
3840 5602 3931 5654 dia-

2366 5671 2479 5726 bolo
2507 5682 2555 5725 et
2579 5672 2771 5741 angelis
2799 5670 2911 5726 suis
2930 5672 2948 5741 (
2970 5670 3157 5727 Matth.
3186 5670 3278 5726 25.
3309 5672 3372 5727 Η
3402 5672 3446 5741 ).

2435 5744 2487 5796 4.
2531 5743 2681 5809 Quod
2712 5744 2754 5795 si
2786 5752 3004 5812 propter
3028 5757 3089 5796 ea
3122 5757 3238 5810 quze
3264 5741 3403 5796 dicta
3435 5750 3560 5796 sunt
3581 5774 3598 5807 ,
3630 5757 3820 5811 pmnas
3848 5744 3927 5797 da-
4018 5768 4019 5812 ξ

2365 5814 2539 5869 bimus
2564 5855 2577 5877 ,
2610 5813 2775 5866 multo
2802 5814 2967 5883 magis
3006 5812 3077 5866 ob
3102 5814 3199 5866 ista
3228 5814 3389 5867 verba
3425 5827 3604 5866 coram
3638 5813 3735 5869 illo
3766 5816 3925 5869 formi-

2365 5883 2527 5938 dabili
2547 5883 2790 5938 tribunali
2816 5883 3127 5956 plectantur,
3148 5883 3235 5951 qui
3253 5884 3527 5956 tremenda
3544 5885 3924 5956 venerandaque

2369 5956 2567 6011 Christi
2608 5956 2854 6015 mandata
2881 5953 3124 6012 derident
3145 5997 3161 6025 ,
3204 5968 3269 6012 ac
3298 5954 3590 6012 multorum
3617 5953 3922 6013 studium‘ct
