4050 6562
685 429 782 486 δὲῚ

680 564 835 603 causa
867 547 951 605 ille
984 545 1193 617 quidem
1241 546 1459 617 punitus
1490 547 1576 602 hic
1604 555 1685 602 est
1711 589 1724 610 ,
1767 548 1856 602 ille
1879 563 2001 601 vero
2032 564 2135 601 nott
2167 559 2244 603 cst

680 619 926 687 punitus,
955 619 1079 672 licet
1115 618 1301 673 eadem
1336 628 1547 685 peccata
1573 618 1653 673 vel
1700 623 1857 672 etiam
1904 646 1938 673 υ
1964 619 2073 672 ulto
2122 635 2245 687 gra-

679 691 819 742 viora
863 690 1237 743 commisiSset.
1285 688 1413 743 Nam
1458 691 1503 743 si
1548 699 1764 743 nonest
1792 699 2029 757 geticnna
2058 732 2075 753 ,
2118 690 2245 743 nihil

676 759 997 814 defensionis
1028 758 1217 813 aﬂ'erre
1246 760 1440 829 poterit
1465 760 1601 825 apud
1648 775 1739 811 cos
1770 760 1856 825 qui
1900 760 2244 814 accusabunt.

674 830 1027 894 Quamobrem
1079 846 1265 883 omttcs
1306 847 1398 882 vos
1428 833 1628 894 hortor,
1682 829 1828 881 utab
1879 830 1978 885 hoc
2009 832 2247 884 satauieo

674 901 780 952 risu
835 901 1192 966 abstinentes,
1219 917 1401 955 eorum
1426 900 1683 953 obturetis
1709 915 1823 965 ora,
1852 900 1941 968 qui
1967 902 2103 955 circa
2134 901 2246 955 haec

670 970 819 1023 vobis
874 972 1260 1025 contradicunt.
1331 971 1458 1023 Nam
1514 981 1566 1024 et
1614 985 1798 1024 eorum
1859 986 1977 1040 quae
2029 973 2243 1025 minima

669 1049 813 1104 sunt,
846 1056 963 1095 cum
1000 1043 1048 1096 in
1082 1041 1329 1108 peccatis,
1364 1050 1470 1093 tmn
1500 1042 1550 1093 itt
1579 1052 1724 1095 recte
1752 1041 1902 1095 factis
1930 1052 2112 1096 exacta
2144 1044 2246 1098 erit

667 1110 967 1182 disquisitio
999 1130 1012 1163 :
1046 1111 1305 1182 siquidem
1340 1120 1391 1164 et
1420 1110 1735 1165 lascivormn
1765 1112 2039 1165 oculorum
2085 1116 2245 1165 ratio-

668 1197 787 1233 nctn
831 1181 1147 1246 reddemus,
1175 1191 1228 1235 et
1260 1182 1402 1234 verbi
1427 1182 1603 1245 otiosi,
1634 1191 1687 1236 et
1717 1183 1856 1237 risus
1884 1183 2240 1247 immoderati,

663 1260 718 1304 et
748 1253 1042 1322 temerarize
1069 1252 1426 1316 eontuntelim,
1476 1265 1530 1305 et
1575 1268 1748 1321 prava:
1774 1253 2107 1322 cogitationis
2133 1296 2146 1318 ,
2190 1265 2244 1308 et

664 1320 933 1373 ebrietatis
958 1336 985 1373 a
1028 1322 1179 1375 nobis
1206 1323 1436 1375 rationes
1468 1320 1812 1389 reposcemur
1831 1320 1859 1385 ;⁷
1879 1333 1934 1376 ut
1963 1340 2142 1377 rursus
2189 1325 2239 1377 in

665 1390 813 1443 bonis
841 1400 893 1463 et
918 1391 1100 1445 calicis
1133 1393 1303 1461 frigidi
1332 1395 1633 1447 mercedem
1660 1396 1997 1463 recipiemus,
2031 1405 2084 1448 et
2117 1395 2239 1449 boni

661 1462 923 1533 sermonis
943 1502 959 1527 ,
991 1472 1042 1516 ct
1065 1464 1230 1516 solius
1259 1464 1504 1533 gemitus.
1534 1465 1612 1517 Da
1633 1462 1797 1529 enim,
1830 1465 2015 1531 inquit.
2041 1466 2240 1533 signum

660 1532 711 1582 in
754 1533 932 1600 faciem
963 1532 1338 1602 gementinntet
1368 1536 1639 1588 dolentium
1670 1534 1878 1603 (Ezech.
1910 1536 1960 1589 9.
1986 1536 2061 1600 ὧ).
2092 1532 2232 1602 Quo-

662 1603 817 1655 modo
846 1618 973 1673 ergo
996 1602 1175 1658 dicere
1204 1603 1395 1669 audes,
1431 1606 1591 1659 Deum
1636 1615 1776 1659 tanta
1816 1622 1933 1660 cum
1966 1606 2238 1675 diligentia

689 1720 1809 1733 r_—__.—_—_.-_-———._______.WH.___.M
1830 1728 1844 1731 .-
1860 1726 2167 1733 ρο-ρ-σ-ή-

1088 1722 1269 1729 ᾗ.

689 1721 835 1727 ν--.
848 1722 1075 1728 —_—_.-_
1088 1722 1390 1729 HW

673 1761 860 1773 _—_.

1828 1843 2690 1958 MONITUM

2191 432 2461 489 SPCRIA.
3866 438 3942 493 6'33

2356 552 2405 603 in
2458 564 2543 603 res
2583 559 2792 603 nostras
2830 549 3220 616 inquirentem.
3270 558 3483 605 temere
3537 561 3597 603 ct
3660 549 3943 606 inconsolt:

2352 621 2648 683 gehennam
2693 621 2947 673 minatum
2974 622 3138 675 esse?
3178 620 3255 676 Ne
3275 662 3292 685 ,
3322 637 3422 676 oro
3454 622 3828 688 obtestorque
3856 640 3941 681 res.

2356 707 2419 743 ne
2448 706 2579 743 vana
2608 691 2866 755 ejusmodi
2898 706 2991 759 Spe
3014 691 3267 759 deceptos
3294 709 3392 746 vos
3419 707 3657 761 eosque.
3684 694 3785 761 qui
3824 695 3943 748 vol-.4;

2351 761 2605 823 credunt,
2630 762 2889 826 perditum
2919 763 3074 816 eatis.
3099 762 3152 816 Si
3178 763 3319 816 enim
3353 763 3539 818 verbis
3566 766 3781 817 nostris
3812 766 3943 818 ﬁdem

2353 848 2457 885 non
2492 831 2717 893 habetis,
2750 832 3071 900 interrogate
3101 832 3335 898 .ludzeos,
3365 835 3603 899 gentiles
3625 877 3640 897 ,
3676 835 3944 889 bri-etim

2350 916 2572 966 omnes,
2597 910 2649 955 et
2685 916 2872 956 omnes
2914 913 3179 972 tamquam
3221 920 3326 957 uno
3376 920 3472 959 ore
3522 905 3942 973 respondebunt.

2345 973 2600 1042 judicium
2633 986 2752 1025 esse
2783 974 3010 1026 futurum
3041 989 3112 1026 ac-
3128 975 3562 1029 retributionem.
3595 978 3666 1029 At
3707 992 3823 1029 non
3854 980 3943 1029 sul-

2350 1044 2532 1099 liciunt
2574 1043 2851 1096 homines?
2877 1045 2954 1097 Ex
2985 1044 3317 1098 dir-monibus
3349 1046 3477 1111 ipsis
3508 1061 3705 1113 quaere
3730 1088 3746 1111 ,
3786 1062 3850 1100 ac
3879 1047 3945 1101 di~

2348 1123 2537 1184 centes
2549 1128 2641 1166 eos
2665 1113 2870 1171 audies.
2895 1114 2999 1167 Cur
3024 1116 3200 1168 veniin
3226 1118 3325 1168 huc
3346 1126 3464 1169 ante
3484 1127 3696 1181 tempus
3727 1127 3945 1184 torquere

2347 1202 2439 1237 nos
2464 1183 2672 1256 (Matth.
2704 1184 2756 1256 8t
2793 1184 2923 1253 9.9)?
2951 1185 3013 1237 lit
3040 1186 3288 1239 omnibus
3316 1186 3464 1239 hisce
3504 1188 3765 1241 collectis
3787 1229 3804 1251 ,
3828 1183 3942 1256 ρετ-

2347 1255 2564 1327 suadete
2594 1253 2893 1327 vobisipsis,
2926 1265 2982 1308 ut
3010 1270 3114 1309 non
3145 1266 3347 1310 temere
3370 1258 3673 1326 loquamini
3701 1300 3718 1319 .
3766 1253 3943 1327 nege—

2349 1325 2573 1396 bennam
2607 1326 2972 1392 experimento
3004 1328 3235 1381 noscatis
3259 1367 3272 1390 ,
3302 1327 3395 1381 sed
3428 1327 3556 1381 hinc
3584 1325 3945 1396 sapientiores

2346 1395 2516 1449 ell'ecti
2544 1404 2805 1467 tormenta
2855 1397 2937 1449 illa
2971 1397 3186 1465 possitis
3214 1396 3470 1465 cil‘ugere.
3500 1399 3786 1467 bonisque
3817 1400 3943 1451 futu-

2345 1466 2419 1519 ris
2462 1465 2651 1533 potiri,
2682 1466 2849 1535 gratia
2896 1475 2949 1521 ct
2990 1467 3310 1536 benignitate
3352 1468 3565 1521 Domini
3622 1465 3806 1522 nostri
3834 1470 3944 1523 Jesn

2345 1536 2563 1598 Christi,
2595 1536 2678 1609 cui
2708 1535 2875 1609 gloria
2903 1547 2956 1590 et
2984 1535 3283 1605 imperium,
3314 1554 3434 1592 cum
3460 1540 3625 1594 Patre
3648 1549 3709 1593 et
3746 1540 3939 1609 Spiritu

2344 1616 2528 1661 saneto
2548 1647 2563 1670 ,
2595 1608 2650 1660 in
2678 1608 2868 1661 sarcul.
2898 1609 3234 1661 smculorum.
3269 1611 3462 1663 Amen.

804 1726 2167 1733 7,‘v.____ﬁ___—___.HH.___.M.-’-_._.-__
2211 1726 3087 1736 w--.—u_--_—-—_.n
3122 1732 3177 1735 7—.1
3204 1731 3457 1737 ν-α-.-ν-ι.
3494 1732 3763 1739 -—.~--.._
3790 1732 3926 1741 -..α

1720 2040 1798 2100 ΙΝ
1843 2040 2319 2115 SEQUEN'I‘EM
2363 2040 2825 2101 SERMONEM.

729 2180 964 2247 ineptum
994 2181 1304 2252 opusculum
1349 2192 1465 2249 post
1494 2180 1751 2236 Savilitttn
1782 2184 1968 2237 damus
1989 2226 2002 2248 ,
2032 2185 2119 2252 qui
2166 2185 2229 2238 il-

654 2250 742 2303 lud
774 2268 835 2305 ex
866 2251 961 2305 Ms.
989 2252 1213 2321 quodam
1263 2250 1507 2306 Czcsarco
1547 2255 1870 2323 desuntq‘sit;
1900 2270 1962 2308 ac
1993 2250 2235 2309 consulto

2337 2184 2552 2239 fecisset
2572 2226 2585 2248 ,
2631 2183 2674 2236 si
2707 2182 2835 2237 illud
2866 2197 2987 2236 eum
3015 2182 3133 2236 aliis
3179 2181 3361 2237 multis
3392 2181 3637 2251 ejusdem
3671 2183 3864 2240 farinae
3888 2185 3935 2239 is

2344 2255 2578 2309 tenebris
2608 2253 2772 2309 latere
2801 2255 3030 2309 sivisset.

1212 2476 1715 2519 INTERPRETATIO
1758 2476 2114 2530 ORATIOXIS,
2162 2477 2365 2520 PATER
2394 2476 2628 2522 noema
2675 2455 2931 2537 (Matth.
2977 2456 3037 2517 6.
3083 2458 3141 2518 et
3173 2454 3359 2536 sqq.).

2054 2606 2474 2662 Qigtctfﬁifb

727 2735 876 2788 Patrr
902 2744 1068 2787 uoster
1086 2732 1168 2801 qui
1206 2748 1256 2786 es
1283 2734 1333 2786 in
1358 2733 1511 2786 cretis.
1544 2732 1843 2792 Patrctnne,
1871 2746 1901 2781 o
1929 2732 2107 2794 homo,
2137 2729 2221 2784 di-

648 2809 724 2860 cis
756 2805 956 2859 Deum?
1002 2805 1162 2858 Recte
1203 2802 1355 2856 dicis.
1398 2804 1483 2857 Est
1514 2804 1709 2871 quippe
1756 2802 1989 2853 omnium
2043 2802 2217 2854 Pater.

646 2878 747 2931 Sed
778 2877 840 2928 ad
887 2890 1045 2945 opera
1087 2874 1225 2928 Patri
1268 2883 1359 2926 ttto
1401 2874 1587 2945 placita
1619 2884 1670 2926 te
1713 2873 1915 2945 eoufer.
1948 2873 2037 2925 Sin
2084 2872 2220 2924 mala

646 2950 760 3003 edis
780 2943 963 3015 opera,
994 2945 1167 3013 palam
1197 2954 1278 2998 est
1307 2954 1356 2998 te
1383 2944 1649 2998 diabolum
1679 2943 1937 3015 advocare
1969 2953 2169 3015 patrem
2203 2958 2217 2994 :

648 3021 740 3073 ille
767 3011 965 3087 quippe
999 3011 1275 3087 inspector
1301 3015 1557 3068 malorum
1598 3026 1696 3066 est.
1744 3013 1865 3087 Ideo
1910 3015 2047 3065 lttmc
2087 3011 2221 3087 cliu-

644 3082 805 3157 gere'.
853 3082 910 3140 et
954 3082 1103 3138 bono
1139 3084 1278 3138 Patri
1329 3087 1552 3157 creatori
1602 3093 1690 3136 tuo
1730 3086 1940 3151 placere
1985 3082 2218 3137 studeas.

646 3156 1007 3224 Sancti/iretur
1026 3172 1203 3208 nomen
1233 3165 1393 3207 tuum.
1415 3156 1548 3220 Quid
1572 3170 1697 3221 ergo
1719 3158 1741 3206 ἲ
1764 3170 1867 3207 non
1898 3164 1980 3208 est
2005 3161 2220 3207 sanctus

648 3230 826 3283 heus?
856 3227 1045 3295 Utique
1071 3234 1323 3285 sanctus;
1355 3226 1446 3277 sed
1482 3225 1578 3278 hoc
1603 3225 1734 3278 dicis
1765 3246 1776 3278 :
1812 3225 1865 3278 in
1901 3240 1987 3278 me
2026 3224 2221 3277 sancti-

645 3300 831 3353 licctur
858 3313 1048 3352 nomen
1081 3306 1225 3350 tutnn
1249 3337 1263 3359 ,
1298 3306 1355 3346 ut
1394 3296 1604 3349 videant
1637 3295 1879 3349 homines
1906 3310 2064 3362 opera
2098 3310 2216 3348 mea

643 3371 800 3429 bona.
832 3378 884 3421 et
914 3368 1208 3436 gloriﬁcent
1246 3365 1453 3436 Patrem
1486 3378 1537 3418 et
1582 3365 1858 3419 Factoretn
1888 3381 2081 3418 meum.
2113 3366 2219 3417 Ad-

641 3442 804 3493 seniat
825 3435 1033 3517 regnum
1058 3447 1197 3517 luunt
1228 3435 1439 3517 (Matth.
1470 3437 1522 3491 5.
1555 3436 1663 3517 liti).
1692 3436 1827 3501 Quid
1855 3435 2021 3517 (πεζοὶ)
2042 3452 2217 3517 annon

640 3527 734 3565 rex
759 3520 838 3564 est
867 3506 1005 3563 Deus
1029 3550 1042 3571 ,
1068 3519 1121 3561 ut
1151 3506 1249 3575 ipsi
1278 3520 1498 3575 regnum
1526 3507 1875 3560 adventorum
1902 3506 2014 3560 sit?
2047 3507 2214 3560 Etiam

641 3598 731 3635 rex
761 3590 842 3636 est
871 3579 1106 3631 omnium
1137 3595 1150 3629 :
1183 3576 1275 3632 sed
1304 3577 1748 3644 quemadmodum
1779 3578 1903 3631 urbs
1931 3578 1997 3630 ab
2047 3576 2215 3630 hosti-

642 3654 737 3705 bus
766 3654 981 3705 obsessa
1032 3649 1161 3717 petit
1202 3647 1342 3717 regis
1375 3656 1686 3715 potestatem
1732 3648 1986 3702 accedere
2011 3688 2023 3706 .
2066 3657 2126 3701 ut
2156 3662 2215 3701 se

638 3723 859 3777 liberet:
889 3720 964 3773 sic
986 3729 1039 3773 et
1066 3735 1165 3773 nos
1185 3718 1252 3771 ab
1272 3717 1583 3772 adversariis
1608 3719 1954 3786 potestatibus
1983 3719 2208 3783 obsessi,

640 3808 844 3846 necnon
885 3806 915 3844 a
945 3792 1175 3860 peccatis
1221 3797 1273 3841 et
1305 3790 1478 3860 pravis
1519 3788 1925 3858 cogitationibus
1978 3790 2170 3842 nostris
2195 3830 2209 3852 ,

640 3866 867 3931 petimus
897 3859 1148 3914 advenire
1178 3874 1396 3928 regnum
1428 3859 1518 3912 Dei
1539 3900 1579 3931 ._
1605 3860 1693 3927 qui
1736 3874 1833 3931 nos
1874 3869 2045 3914 cruat.
2094 3861 2213 3912 Alio

635 3928 844 4004 quoque
889 3932 1071 3993 modo,
1133 3932 1396 4004 quoniam
1436 3928 1689 3997 propheta
1738 3930 1864 4004 dicit
1908 3948 1921 3983 τ
1971 3931 2213 3998 Regnavit

636 3999 776 4057 Deus
800 4019 952 4072 super
977 4010 1159 4070 gentes,
1189 3999 1457 4068 praeterito
1479 4010 1717 4067 tempore
1747 4009 1802 4053 ut
1831 4000 2002 4055 futuro
2034 4009 2208 4072 utens,

635 4070 926 4127 clamamus
962 4091 974 4124 ε
1006 4071 1249 4125 Adreniat
1272 4086 1481 4139 regnum
1526 4082 1701 4137 tuum,
1737 4072 1957 4125 Domine
1980 4112 1992 4133 ,
2026 4070 2073 4123 id
2105 4081 2205 4133 est,

637 4144 863 4198 Veniant
909 4156 1195 4211 supernos
1236 4142 1614 4195 misericordia!
1642 4152 1765 4196 tute.
1811 4140 1928 4193 Fiat
1978 4141 2207 4194 voluntas

633 4226 720 4266 tua
740 4217 864 4267 sicut
891 4215 943 4266 in
966 4213 1121 4276 cwlo,
1153 4220 1196 4264 et
1219 4213 1269 4264 in
1308 4221 1459 4265 terra.
1490 4212 1576 4267 Sic
1604 4213 1742 4266 enim
1773 4211 2005 4281 loquitur
2046 4232 2058 4265 :
2102 4211 2209 4265 Do-

634 4289 794 4346 mine,
828 4285 965 4339 sicut
996 4282 1236 4337 voluntas
1264 4291 1351 4335 tua
1384 4286 1433 4335 in
1466 4285 1596 4336 caelo
1626 4284 1758 4336 facta
1788 4294 1884 4347 est,
1916 4297 2207 4349 omnesque

630 4352 799 4424 angeli
853 4355 907 4407 iu
936 4368 1063 4422 pace
1103 4353 1335 4421 degunt,
1372 4368 1467 4407 nec
1498 4362 1578 4406 est
1612 4354 1749 4421 apud
1783 4353 1900 4406 illos
1929 4354 2018 4421 qui
2048 4353 2207 4420 pellat

630 4427 714 4480 vel
744 4424 987 4493 pellatur,
1017 4425 1105 4491 qui
1138 4426 1397 4493 percutiat
1422 4425 1504 4477 vel
1529 4424 1871 4492 percutiatur,
1900 4424 1992 4477 sed
2020 4437 2206 4478 omnes

631 4496 681 4548 in
708 4498 815 4550 alta
845 4510 971 4563 pace
1001 4494 1197 4563 degunt
1230 4511 1242 4545 :
1276 4495 1352 4548 sic
1382 4504 1435 4547 et
1461 4494 1511 4546 in
1541 4494 1694 4546 nobis
1725 4493 1948 4547 terrenis
1976 4494 2204 4546 homini-

626 4566 725 4619 hus
757 4568 846 4618 liat
878 4565 1121 4619 voluntas
1150 4574 1232 4618 tua
1256 4607 1268 4628 ,
1302 4574 1358 4617 ut
1378 4579 1561 4617 otnnes
1591 4573 1772 4633 gentes
1801 4579 1906 4617 uno
1933 4580 2025 4617 ore
2050 4605 2065 4627 ,
2098 4578 2203 4618 uno

626 4636 789 4690 corde
814 4636 1034 4705 gloriam
1059 4634 1351 4689 referamus
1370 4634 1602 4688 Creatori
1626 4645 1678 4688 et
1705 4634 1973 4689 Servatori
1996 4645 2199 4689 nostro.

2330 2725 2526 2784 Panem
2551 2737 2779 2784 nostrum
2800 2727 3330 2799 supersubstantialem
3356 2727 3423 2781 da
3446 2728 3591 2782 nobis
3613 2728 3793 2784 hodie.
3827 2729 3931 2785 Su-

2336 2800 2830 2869 persubstantialem
2860 2814 3049 2868 panem
3082 2800 3325 2867 accipere
3373 2799 3735 2866 postulamus.
3772 2800 3931 2854 Panis

2333 2880 2509 2925 autem
2533 2872 2723 2941 anima:
2748 2878 2829 2941 est
2846 2869 3066 2924 verbum
3087 2870 3199 2935 Dei,
3222 2879 3281 2941 ut
3296 2870 3425 2941 dixit
3444 2880 3763 2941 sanctorum
3787 2874 3933 2941 quis-

2334 2942 2472 3007 piam
2506 2958 2521 2998 :
2551 2940 2723 3009 Aperi,
2756 2940 2868 3005 fili,
2902 2957 2956 2994 os
2999 2948 3149 3011 tuum,
3179 2939 3326 3011 verita
3370 2939 3460 3011 Dei
3489 2938 3676 3008 (Prov.
3714 2938 3823 2996 5ιῖ
3850 2942 3927 3011 9).

2330 3011 2556 3080 Ideoque
2580 3012 2777 3065 bonum
2800 3020 2941 3067 esset
2965 3010 3234 3067 recordari
3261 3010 3349 3065 Dei
3384 3010 3742 3079 frequentius,
3768 3028 3931 3081 quam

2328 3084 2612 3151 respirare.
2646 3081 2713 3135 Et
2754 3082 2950 3135 dimitte
2973 3082 3116 3136 nobis
3139 3082 3305 3135 debita
3332 3092 3505 3133 nostra
3528 3123 3547 3148 ,
3574 3082 3713 3135 sicut
3742 3093 3791 3134 et
3840 3100 3933 3136 nos

2326 3153 2623 3205 dimittimus
2657 3152 2961 3207 debitoribus
3003 3154 3207 3206 nostris.
3239 3152 3313 3205 lta
3363 3152 3641 3221 loquitur:
3699 3152 3929 3207 Dimitte

2323 3222 2479 3277 nobis
2508 3222 2684 3277 debita
2707 3233 2908 3281 nostra.
2941 3222 2991 3277 id
3023 3233 3123 3287 est,
3157 3231 3370 3291 peccata
3391 3230 3445 3277 et
3471 3221 3665 3277 delicta
3694 3234 3931 3287 nostra;

2323 3294 2461 3349 sicut
2502 3303 2556 3349 et
2584 3308 2680 3348 nos
2707 3293 3024 3347 dimittimus
3054 3292 3301 3348 fratribus
3330 3293 3525 3347 nostris
3548 3333 3562 3354 .
3606 3294 3702 3363 qui
3735 3305 3929 3349 contra

2322 3379 2422 3418 nos
2446 3364 2579 3433 lapsi
2605 3373 2731 3418 sunt
2753 3374 2809 3419 et
2841 3373 3189 3433 peccaverunt
3213 3405 3228 3429 ,
3256 3372 3363 3417 tttm
3392 3362 3573 3419 liberis
3592 3404 3608 3427 ,
3628 3362 3633 3363 ⁷
3654 3374 3776 3418 tum
3807 3379 3928 3418 ser-

2324 3435 2407 3489 vis
2429 3477 2443 3499 ,
2492 3435 2843 3504 omnibusque
2872 3435 3098 3489 subditis
3123 3435 3337 3489 nostris.
3370 3433 3492 3488 llam
3520 3448 3642 3487 cum
3673 3434 3822 3488 dicis
3849 3478 3863 3499 ,
3896 3456 3931 3488 υ

2323 3504 2506 3570 homo,
2540 3506 2743 3559 uisi‘ita
2786 3506 2948 3560 facias
2973 3547 2988 3571 ,
3025 3506 3194 3575 cogita
3219 3520 3376 3574 quam
3407 3504 3640 3559 terribile
3665 3506 3742 3558 sit
3792 3507 3927 3559 inci~

2320 3576 2448 3630 dere
2470 3577 2519 3629 itt
2554 3590 2741 3631 manus
2769 3577 2862 3630 Dei
2886 3576 3133 3640 viventis,
3160 3586 3214 3631 et
3243 3575 3561 3642 resipiscens
3592 3586 3923 3629 convertcn:

2320 3646 2385 3700 ad
2435 3645 2741 3701 Creatorem
2773 3656 2826 3701 et
2855 3646 3159 3701 Dominum.
3204 3646 3311 3702 Sed
3360 3646 3515 3698 libera
3560 3662 3653 3699 nos
3702 3664 3737 3698 a
3784 3652 3926 3699 meto

2320 3716 2469 3787 (an.
2510 3717 2599 3771 9.9...
2634 3717 2747 3785 3|).
2776 3717 2831 3772 Si
2875 3726 3076 3787 qumrat
3118 3726 3330 3772 satanas
3371 3731 3467 3770 nos
3494 3716 3743 3770 cribrare
3782 3720 3924 3770 sicut

2320 3786 2550 3841 triticum
2575 3830 2589 3853 ,
2619 3797 2677 3841 ut
2705 3796 2761 3841 et
2781 3788 3052 3853 apostolos
3081 3805 3094 3841 :
3123 3802 3185 3843 ac
3213 3804 3269 3841 re
3298 3786 3519 3850 infecta,
3556 3796 3616 3840 ut
3642 3801 3750 3856 par
3778 3800 3921 3850 exat.

2318 3858 2480 3919 abiit;
2512 3873 2695 3912 verum
2726 3874 2794 3911 ne
2832 3859 2926 3912 des
2963 3860 3037 3913 illi
3067 3867 3384 3928 potestatem
3425 3858 3717 3911 adversum
3778 3873 3879 3912 nos
3900 3899 3914 3919 ,

2320 3938 2375 3981 ut
2406 3944 2577 3997 neque
2619 3928 2742 3983 olim
2775 3940 2961 3982 contra
2993 3928 3183 3983 Jobum
3210 3928 3401 3985 dedisti
3428 3946 3442 3990 ;
3483 3928 3594 3981 imo
3623 3929 3670 3982 si
3707 3930 3919 3993 impr".

2321 3998 2417 4053 bus
2441 3998 2600 4053 homo
2619 4014 2713 4053 nos
2743 4009 2949 4053 tentare
2970 4001 3050 4054 vel
3076 4000 3275 4055 laedere
3299 4000 3424 4053 velit
3449 4040 3463 4060 ,
3494 4013 3562 4054 ne
3596 4013 3698 4051 nos
3733 3999 3917 4053 tradas

2318 4070 2433 4137 ejus
2479 4070 2769 4134 voluntati,
2802 4070 2895 4123 sed
2924 4071 3021 4125 sub
3069 4071 3257 4125 umbra
3282 4070 3485 4123 alarum
3531 4079 3752 4122 tuarum
3791 4086 3915 4137 pro-

2318 4148 2434 4211 tege
2464 4155 2580 4193 nos.
2612 4140 2746 4206 Quia
2772 4150 2910 4193 tuum
2937 4152 3008 4196 est
3036 4158 3245 4211 regnum
3276 4152 3321 4194 et
3351 4142 3595 4209 potentia.
3632 4139 3907 4211 Domine,

2314 4210 2434 4278 quia
2473 4221 2617 4264 tuum
2646 4220 2728 4265 est
2758 4225 3015 4280 regnum,
3056 4210 3123 4266 ne
3161 4212 3304 4265 siuas
3353 4226 3451 4265 nos
3499 4210 3640 4264 aliud
3680 4226 3913 4279 regnum

2316 4282 2524 4347 timere,
2556 4296 2725 4349 neque
2744 4282 2903 4334 aliam
2931 4282 3378 4344 dominationem;
3412 4282 3622 4335 etiamsi
3650 4282 3727 4334 ob
3780 4297 3907 4348 pee—

2314 4360 2430 4405 cata
2476 4360 2654 4405 nostra
2685 4353 2946 4419 supplicio
2978 4352 3117 4422 digiti
3145 4354 3331 4406 simus.
3363 4352 3442 4405 Tn
3490 4366 3589 4405 nos
3628 4352 3905 4418 quomodo

2314 4421 2546 4493 volueris
2568 4422 2817 4493 castiges,
2846 4437 2945 4476 nec
2968 4423 3141 4493 tradas
3160 4436 3258 4476 nos
3285 4424 3335 4475 in
3362 4437 3549 4475 manus
3579 4421 3862 4493 hominum
3888 4442 3899 4475 :

2312 4492 2407 4546 sed
2434 4493 2484 4546 in
2516 4491 2839 4547 manus‘tnas
2866 4491 3180 4559 incidamus,
3212 4495 3334 4561 quia
3374 4508 3468 4561 par
3488 4492 3909 4562 magniﬁcentia:

2316 4573 2417 4685 tit-.le
2442 4574 2522 4685 cit
2548 4562 2910 4618 misericordia
2943 4572 3028 4618 tua
3054 4604 3069 4630 ,
3105 4563 3263 4617 Pater
3284 4566 3622 4633 omnipotens
3643 4604 3659 4630 ,
3698 4564 3752 4618 in
3796 4579 3911 4617 5;:-

2316 4648 2376 4685 cu
2400 4647 2449 4685 ει.
2528 4649 2670 4685 men.

2311 4635 2449 4693 cuia.
2478 4635 2670 4688 Amen.

625 4769 3893 4810 Μ

1844 4895 2705 5008 MONITUM

1570 5071 1677 5131 AD
1718 5068 2129 5130 HOMILIAM
2170 5070 2276 5129 DE
2317 5067 2534 5130 FILIO
2576 5067 2939 5130 PRODIGO.

694 5198 839 5252 Hanc
864 5196 932 5251 de
963 5195 1069 5249 lilio
1098 5194 1322 5264 prodigo
1356 5193 1623 5249 homiliam
1669 5209 1827 5249 nemo
1872 5209 1977 5248 non
2018 5194 2195 5249 statim

621 5268 861 5323 advertat
882 5267 1037 5337 longe
1063 5282 1185 5322 esse
1208 5266 1575 5337 Chrysostomi
1598 5266 1804 5319 dicendi
1834 5279 2037 5337 genere
2067 5266 2197 5337 alie-

622 5354 761 5391 nam.
794 5334 1395 5404 Series'perturbata'et
1426 5336 1692 5389 incondita
1720 5345 1819 5390 est.
1852 5334 2066 5389 Transit
2113 5336 2196 5387 hic

619 5411 846 5476 scriptor
860 5408 927 5460 ab
942 5408 1049 5459 alio
1065 5406 1127 5458 ad
1145 5407 1286 5459 aliud
1301 5414 1666 5475 argumentum
1685 5408 1833 5474 quasi
1852 5420 1920 5460 ex
1944 5407 2189 5476 abrupto.

620 5474 889 5532 Interdum
919 5477 1184 5546 loquacitat
1207 5516 1223 5541 ,
1252 5474 1537 5546 aliquando
1578 5477 1795 5529 meliora
1830 5476 2071 5545 qtttedam
2097 5474 2194 5529 ad-

2306 5195 2512 5275 miscet.
2562 5193 2744 5275 Siylus
2769 5201 2920 5275 certe
2940 5201 3022 5247 est
3061 5200 3203 5275 to'tus
3232 5193 3475 5275 ferretts._
3498 5195 3686 5275 Oratio
3731 5199 3891 5265 plcm

2302 5265 2523 5319 salebris
2550 5305 2564 5330 ,
2597 5263 2822 5325 inculta,
2849 5263 3053 5335 jejuna.
3084 5263 3182 5317 llic
3225 5266 3514 5335 aliquando
3542 5263 3889 5323 erittfutiintur

2302 5335 2599 5402 Manichaa,
2632 5336 2721 5405 qui
2750 5350 2841 5404 per
2866 5334 3062 5389 saecula
3107 5336 3272 5389 multa
3316 5334 3368 5389 in
3412 5338 3635 5393 Oriente
3662 5339 3888 5409 grassati

2300 5416 2443 5460 ευηι.

735 5662 799 5706 ιη
841 5661 1066 5706 Ειιιωι
1108 5660 1455 5720 ηοωρυκ,
1500 5662 1577 5707 AC
1620 5662 1703 5703 DE
1747 5660 2183 5711 POENITENTIA,
2229 5659 2309 5701 ET
2351 5660 2415 5702 IN
2459 5658 2701 5703 ιιαΝυιι
2743 5656 3045 5700 ΞΟΙΕΝἸἹΒ
3087 5657 3238 5701 BONI
3282 5658 3366 5701 IT
3408 5659 3597 5716 ιλιι,
3639 5661 3720 5703 εἰ·

2114 5740 2180 5781 IN
2228 5738 2586 5782 ιΑΤιιοΝΕΜ.

687 5847 736 5898 l.
767 5846 944 5916 Nuper
972 5846 1123 5902 nobis
1150 5862 1371 5915 magnus
1409 5857 1462 5903 et
1500 5848 1612 5903 Deo
1650 5848 1840 5917 dignus
1882 5845 2183 5901 Servatoris

617 5914 904 5984 adtentus,
951 5918 1088 5973 lauta
1140 5914 1379 5989 appOsita
1428 5933 1645 5987 mensa,
1679 5914 1733 5974 ct
1772 5919 1942 5976 infuso
1970 5927 2175 5974 cratere

2290 5846 2481 5900 divitue
2512 5844 2859 5915 philosophi-.e
2882 5886 2896 5906 .
2930 5853 3097 5899 totum
3125 5846 3384 5917 populum
3410 5888 3425 5908 .
3457 5848 3569 5902 imo
3596 5857 3763 5918 potius
3785 5856 3879 5902 ω-

2288 5930 2393 5971 ιιιιιι
2415 5958 2435 5985 ,
2466 5931 2520 5971 ut
2570 5918 2637 5969 ita
2667 5918 2871 5984 dicam,
2901 5917 3084 5973 orbem
3128 5918 3412 5973 iuebriavit
3439 5935 3457 5986 ;
3487 5917 3616 5974 naut
3645 5918 3710 5975 lu
3735 5918 3879 5969 brie-
