  <div class='ocr_page' id='page_1' title='image "/cluster/home/n/w/nwhite01/storage/ocr_20150623/59/uva.x004914832/631.png"; bbox 0 0 4050 6520; ppageno 0'>
   <div class='ocr_carea' id='block_1_1' title="bbox 614 420 707 475">
    <p class='ocr_par' dir='ltr' id='par_1_1' title="bbox 614 420 707 475">
     <span class='ocr_line' id='line_1_1' title="bbox 614 420 707 475; baseline -0.011 -1"><span class='ocrx_word' id='word_1_1' title='bbox 614 420 707 475; x_wconf 74' lang='grc'><strong>651</strong></span> 
     </span>
    </p>
   </div>
   <div class='ocr_carea' id='block_1_2' title="bbox 616 509 2173 584">
    <p class='ocr_par' dir='ltr' id='par_1_2' title="bbox 616 509 2173 584">
     <span class='ocr_line' id='line_1_2' title="bbox 616 509 2173 584; baseline -0.015 1"><span class='ocrx_word' id='word_1_2' title='bbox 616 530 809 584; x_wconf 71' lang='lat' dir='ltr'><strong>laetitiae</strong></span> <span class='ocrx_word' id='word_1_3' title='bbox 834 524 1038 580; x_wconf 85' lang='lat' dir='ltr'><strong>addicta</strong></span> <span class='ocrx_word' id='word_1_4' title='bbox 1072 528 1172 575; x_wconf 89' lang='lat' dir='ltr'><strong>est.</strong></span> <span class='ocrx_word' id='word_1_5' title='bbox 1207 516 1323 571; x_wconf 80' lang='lat' dir='ltr'><strong>Dies</strong></span> <span class='ocrx_word' id='word_1_6' title='bbox 1355 515 1495 569; x_wconf 88' lang='lat' dir='ltr'><strong>enim</strong></span> <span class='ocrx_word' id='word_1_7' title='bbox 1523 528 1769 567; x_wconf 88' lang='lat' dir='ltr'><strong>annorum</strong></span> <span class='ocrx_word' id='word_1_8' title='bbox 1816 509 2173 584; x_wconf 80' lang='lat' dir='ltr'><strong>nostrorumin</strong></span> 
     </span>
    </p>
   </div>
   <div class='ocr_carea' id='block_1_3' title="bbox 613 580 2174 668">
    <p class='ocr_par' dir='ltr' id='par_1_3' title="bbox 613 580 2174 668">
     <span class='ocr_line' id='line_1_3' title="bbox 613 580 2174 668; baseline -0.015 -14"><span class='ocrx_word' id='word_1_9' title='bbox 786 580 1095 668; x_wconf 76' lang='lat' dir='ltr'><strong>septuaginta</strong></span> <span class='ocrx_word' id='word_1_10' title='bbox 1122 588 1260 668; x_wconf 65' lang='lat' dir='ltr'><strong>anui,</strong></span> <span class='ocrx_word' id='word_1_11' title='bbox 1292 596 1337 639; x_wconf 85' lang='lat' dir='ltr'><strong>et</strong></span> <span class='ocrx_word' id='word_1_12' title='bbox 1358 585 1572 654; x_wconf 83' lang='lat' dir='ltr'><strong>amplius</strong></span> <span class='ocrx_word' id='word_1_13' title='bbox 1593 600 1783 666; x_wconf 75' lang='lat' dir='ltr'><strong>eorum,</strong></span> <span class='ocrx_word' id='word_1_14' title='bbox 1812 582 1951 635; x_wconf 88' lang='lat' dir='ltr'><strong>labor</strong></span> <span class='ocrx_word' id='word_1_15' title='bbox 1969 580 2174 668; x_wconf 41' lang='lat' dir='ltr'><strong>etjdol‘or</strong></span> 
     </span>
    </p>
   </div>
   <div class='ocr_carea' id='block_1_4' title="bbox 617 650 2169 739">
    <p class='ocr_par' dir='ltr' id='par_1_4' title="bbox 617 650 2169 739">
     <span class='ocr_line' id='line_1_4' title="bbox 617 650 2169 739; baseline -0.014 -17"><span class='ocrx_word' id='word_1_16' title='bbox 617 650 800 739; x_wconf 62' lang='lat' dir='ltr'><strong>(biit.</strong></span> <span class='ocrx_word' id='word_1_17' title='bbox 840 650 926 739; x_wconf 58' lang='lat'><strong>&#39;89.</strong></span> <span class='ocrx_word' id='word_1_18' title='bbox 959 650 1104 729; x_wconf 44' lang='lat'><strong>&quot;10).</strong></span> <span class='ocrx_word' id='word_1_19' title='bbox 1154 659 1370 739; x_wconf 85' lang='lat' dir='ltr'><strong>Demum</strong></span> <span class='ocrx_word' id='word_1_20' title='bbox 1421 650 1637 739; x_wconf 52' lang='lat' dir='ltr'><strong>licn‘l&#39;ll&#39;iii</strong></span> <span class='ocrx_word' id='word_1_21' title='bbox 1686 650 2169 739; x_wconf 25' lang='lat' dir='ltr'><strong>Esum‘esudij‘i‘t‘,</strong></span> 
     </span>
    </p>
   </div>
   <div class='ocr_carea' id='block_1_5' title="bbox 614 719 2164 800">
    <p class='ocr_par' dir='ltr' id='par_1_5' title="bbox 614 719 2164 800">
     <span class='ocr_line' id='line_1_5' title="bbox 614 719 2164 800; baseline -0.014 -10"><span class='ocrx_word' id='word_1_22' title='bbox 614 719 861 791; x_wconf 50' lang='lat' dir='ltr'><strong>utrumme</strong></span> <span class='ocrx_word' id='word_1_23' title='bbox 889 719 1477 800; x_wconf 48' lang='lat' dir='ltr'><strong>ipsum&#39;converterutit.</strong></span> <span class='ocrx_word' id='word_1_24' title='bbox 1505 722 1638 800; x_wconf 69' lang='lat' dir='ltr'><strong>Nam</strong></span> <span class='ocrx_word' id='word_1_25' title='bbox 1682 719 1898 800; x_wconf 36' lang='lat' dir='ltr'><strong>Er’udielt‘</strong></span> <span class='ocrx_word' id='word_1_26' title='bbox 1919 727 1985 800; x_wconf 46' lang='lat' dir='ltr'><strong>‘te</strong></span> <span class='ocrx_word' id='word_1_27' title='bbox 2003 720 2164 800; x_wconf 51' lang='grc' dir='ltr'><strong>,ἀείδ-</strong></span> 
     </span>
    </p>
   </div>
   <div class='ocr_carea' id='block_1_6' title="bbox 614 786 2175 868">
    <p class='ocr_par' dir='ltr' id='par_1_6' title="bbox 614 786 2175 868">
     <span class='ocr_line' id='line_1_6' title="bbox 614 786 2175 868; baseline -0.007 -8"><span class='ocrx_word' id='word_1_28' title='bbox 614 786 851 867; x_wconf 51' lang='lat' dir='ltr'><strong>Etiam,</strong></span> <span class='ocrx_word' id='word_1_29' title='bbox 870 786 920 855; x_wconf 78' lang='grc' dir='ltr'><strong>εί</strong></span> <span class='ocrx_word' id='word_1_30' title='bbox 942 799 1158 868; x_wconf 72' lang='lat' dir='ltr'><strong>nequitia</strong></span> <span class='ocrx_word' id='word_1_31' title='bbox 1187 790 1716 868; x_wconf 48' lang='lat' dir='ltr'><strong>tua_arguet__te_(_,fer_.</strong></span> <span class='ocrx_word' id='word_1_32' title='bbox 1745 787 1964 868; x_wconf 29' lang='lat'><strong>2.319):</strong></span> <span class='ocrx_word' id='word_1_33' title='bbox 1974 786 2055 868; x_wconf 41' lang='grc' dir='ltr'><strong>,Ιξξ</strong></span> <span class='ocrx_word' id='word_1_34' title='bbox 2094 786 2175 841; x_wconf 62' lang='lat'><strong>32-</strong></span> 
     </span>
    </p>
   </div>
   <div class='ocr_carea' id='block_1_7' title="bbox 615 859 2170 942">
    <p class='ocr_par' dir='ltr' id='par_1_7' title="bbox 615 859 2170 942">
     <span class='ocr_line' id='line_1_7' title="bbox 615 859 2170 942; baseline -0.012 -15"><span class='ocrx_word' id='word_1_35' title='bbox 615 859 780 942; x_wconf 72' lang='lat' dir='ltr'><strong>ipsiitrt</strong></span> <span class='ocrx_word' id='word_1_36' title='bbox 807 859 1220 942; x_wconf 50' lang='lat' dir='ltr'><strong>autentr&#39;erersus</strong></span> <span class='ocrx_word' id='word_1_37' title='bbox 1251 859 1399 935; x_wconf 71' lang='lat' dir='ltr'><strong>(Luc.</strong></span> <span class='ocrx_word' id='word_1_38' title='bbox 1432 863 1515 916; x_wconf 83' lang='grc'><strong>15.</strong></span> <span class='ocrx_word' id='word_1_39' title='bbox 1539 861 1649 929; x_wconf 85' lang='grc'><strong>17).</strong></span> <span class='ocrx_word' id='word_1_40' title='bbox 1684 860 1907 942; x_wconf 78' lang='lat' dir='ltr'><strong>Pulchre</strong></span> <span class='ocrx_word' id='word_1_41' title='bbox 1934 859 2124 911; x_wconf 90' lang='lat' dir='ltr'><strong>dicitur</strong></span> <span class='ocrx_word' id='word_1_42' title='bbox 2153 896 2170 922; x_wconf 93' lang='lat'><strong>,</strong></span> 
     </span>
    </p>
   </div>
   <div class='ocr_carea' id='block_1_8' title="bbox 616 940 2170 1010">
    <p class='ocr_par' dir='ltr' id='par_1_8' title="bbox 616 940 2170 1010">
     <span class='ocr_line' id='line_1_8' title="bbox 616 940 2170 1010; baseline -0.014 -11"><span class='ocrx_word' id='word_1_43' title='bbox 616 940 681 999; x_wconf 82' lang='lat' dir='ltr'><strong>In</strong></span> <span class='ocrx_word' id='word_1_44' title='bbox 702 944 941 1010; x_wconf 84' lang='lat' dir='ltr'><strong>seipsum.</strong></span> <span class='ocrx_word' id='word_1_45' title='bbox 966 940 1094 995; x_wconf 85' lang='lat' dir='ltr'><strong>Nam</strong></span> <span class='ocrx_word' id='word_1_46' title='bbox 1121 952 1239 991; x_wconf 91' lang='lat' dir='ltr'><strong>cum</strong></span> <span class='ocrx_word' id='word_1_47' title='bbox 1270 945 1545 1010; x_wconf 79' lang='lat' dir='ltr'><strong>peccamus</strong></span> <span class='ocrx_word' id='word_1_48' title='bbox 1561 972 1587 1010; x_wconf 82' lang='lat'><strong>_.</strong></span> <span class='ocrx_word' id='word_1_49' title='bbox 1616 941 1762 1009; x_wconf 59' lang='lat' dir='ltr'><strong>estra</strong></span> <span class='ocrx_word' id='word_1_50' title='bbox 1806 943 1903 1010; x_wconf 75' lang='lat' dir='ltr'><strong>nos</strong></span> <span class='ocrx_word' id='word_1_51' title='bbox 1924 942 2122 1010; x_wconf 37' lang='lat' dir='ltr'><strong>nsumus</strong></span> <span class='ocrx_word' id='word_1_52' title='bbox 2154 966 2170 991; x_wconf 90' lang='lat'><strong>,</strong></span> 
     </span>
    </p>
   </div>
   <div class='ocr_carea' id='block_1_9' title="bbox 614 997 2169 1074">
    <p class='ocr_par' dir='ltr' id='par_1_9' title="bbox 614 997 2169 1074">
     <span class='ocr_line' id='line_1_9' title="bbox 614 997 2169 1074; baseline -0.014 -5"><span class='ocrx_word' id='word_1_53' title='bbox 614 997 947 1074; x_wconf 73' lang='lat' dir='ltr'><strong>insanimus,</strong></span> <span class='ocrx_word' id='word_1_54' title='bbox 984 1018 1127 1063; x_wconf 72' lang='lat' dir='ltr'><strong>extra</strong></span> <span class='ocrx_word' id='word_1_55' title='bbox 1178 997 1419 1074; x_wconf 78' lang='lat' dir='ltr'><strong>proprias</strong></span> <span class='ocrx_word' id='word_1_56' title='bbox 1458 1000 1804 1074; x_wconf 77' lang='lat' dir='ltr'><strong>cogitationes</strong></span> <span class='ocrx_word' id='word_1_57' title='bbox 1850 997 2169 1074; x_wconf 79' lang='lat' dir='ltr'><strong>deferimur:</strong></span> 
     </span>
    </p>
   </div>
   <div class='ocr_carea' id='block_1_10' title="bbox 612 1068 2171 1149">
    <p class='ocr_par' dir='ltr' id='par_1_10' title="bbox 612 1068 2171 1149">
     <span class='ocr_line' id='line_1_10' title="bbox 612 1068 2171 1149; baseline -0.013 -11"><span class='ocrx_word' id='word_1_58' title='bbox 612 1068 732 1138; x_wconf 89' lang='lat' dir='ltr'><strong>cum</strong></span> <span class='ocrx_word' id='word_1_59' title='bbox 754 1068 888 1136; x_wconf 76' lang='lat' dir='ltr'><strong>vero</strong></span> <span class='ocrx_word' id='word_1_60' title='bbox 908 1068 1050 1149; x_wconf 77' lang='lat' dir='ltr'><strong>justo</strong></span> <span class='ocrx_word' id='word_1_61' title='bbox 1080 1068 1508 1149; x_wconf 71' lang='lat' dir='ltr'><strong>procedimus.__in</strong></span> <span class='ocrx_word' id='word_1_62' title='bbox 1536 1068 1637 1149; x_wconf 79' lang='lat' dir='ltr'><strong>nos</strong></span> <span class='ocrx_word' id='word_1_63' title='bbox 1668 1070 1811 1149; x_wconf 51' lang='lat' dir='ltr'><strong>ipsos</strong></span> <span class='ocrx_word' id='word_1_64' title='bbox 1836 1068 2171 1149; x_wconf 61' lang='lat' dir='ltr'><strong>revertimur:</strong></span> 
     </span>
    </p>
   </div>
   <div class='ocr_carea' id='block_1_11' title="bbox 617 1134 2169 1215">
    <p class='ocr_par' dir='ltr' id='par_1_11' title="bbox 617 1134 2169 1215">
     <span class='ocr_line' id='line_1_11' title="bbox 617 1134 2169 1215; baseline 0.021 -10"><span class='ocrx_word' id='word_1_65' title='bbox 617 1134 928 1215; x_wconf 57' lang='lat' dir='ltr'><strong>Iustiniani</strong></span> <span class='ocrx_word' id='word_1_66' title='bbox 944 1134 1182 1209; x_wconf 67' lang='lat' dir='ltr'><strong>reversus.</strong></span> <span class='ocrx_word' id='word_1_67' title='bbox 1217 1144 1370 1215; x_wconf 50' lang='lat' dir='ltr'><strong>dixit</strong></span> <span class='ocrx_word' id='word_1_68' title='bbox 1402 1141 1497 1197; x_wconf 61' lang='lat' dir='ltr'><strong>Hic</strong></span> <span class='ocrx_word' id='word_1_69' title='bbox 1523 1134 1903 1215; x_wconf 42' lang='lat' dir='ltr'><strong>“E&#39;Imd‘lvgr‘e’</strong></span> <span class='ocrx_word' id='word_1_70' title='bbox 1931 1152 2087 1206; x_wconf 65' lang='lat' dir='ltr'><strong>quam</strong></span> <span class='ocrx_word' id='word_1_71' title='bbox 2121 1134 2169 1215; x_wconf 46' lang='lat' dir='ltr'><strong>id</strong></span> 
     </span>
    </p>
   </div>
   <div class='ocr_carea' id='block_1_12' title="bbox 612 1170 2171 1275">
    <p class='ocr_par' dir='ltr' id='par_1_12' title="bbox 612 1170 2171 1275">
     <span class='ocr_line' id='line_1_12' title="bbox 617 1170 2169 1209; baseline -0.012 -2"><span class='ocrx_word' id='word_1_72' title='bbox 617 1170 681 1206; x_wconf 83' lang='grc' dir='ltr'><strong>ιη</strong></span> <span class='ocrx_word' id='word_1_73' title='bbox 709 1170 775 1205; x_wconf 64' lang='grc'><strong>881</strong></span> <span class='ocrx_word' id='word_1_74' title='bbox 816 1170 924 1204; x_wconf 74' lang='lat' dir='ltr'><strong>sum</strong></span> <span class='ocrx_word' id='word_1_75' title='bbox 944 1170 1182 1209; x_wconf 72' lang='lat' dir='ltr'><strong>reversus,</strong></span> <span class='ocrx_word' id='word_1_76' title='bbox 1217 1170 1370 1197; x_wconf 75' lang='grc' dir='ltr'><strong>υιιιι-</strong></span> <span class='ocrx_word' id='word_1_77' title='bbox 1402 1170 1497 1197; x_wconf 67' lang='lat' dir='ltr'><strong>ut!)</strong></span> <span class='ocrx_word' id='word_1_78' title='bbox 1523 1170 1815 1193; x_wconf 72' lang='lat' dir='ltr'><strong>IUHIIIdU‘UI</strong></span> <span class='ocrx_word' id='word_1_79' title='bbox 1834 1170 1903 1203; x_wconf 73' lang='lat' dir='ltr'><strong>tu,</strong></span> <span class='ocrx_word' id='word_1_80' title='bbox 1931 1170 2087 1206; x_wconf 64' lang='lat' dir='ltr'><strong>quium</strong></span> <span class='ocrx_word' id='word_1_81' title='bbox 2121 1170 2169 1188; x_wconf 85' lang='lat' dir='ltr'><strong>lu</strong></span> 
     </span>
     <span class='ocr_line' id='line_1_13' title="bbox 612 1170 2171 1275; baseline -0.012 1"><span class='ocrx_word' id='word_1_82' title='bbox 612 1237 740 1275; x_wconf 87' lang='lat' dir='ltr'><strong>vere</strong></span> <span class='ocrx_word' id='word_1_83' title='bbox 765 1170 985 1274; x_wconf 61' lang='lat' dir='ltr'><strong>dicatur.</strong></span> <span class='ocrx_word' id='word_1_84' title='bbox 1015 1214 1199 1270; x_wconf 81' lang='lat' dir='ltr'><strong>Medici</strong></span> <span class='ocrx_word' id='word_1_85' title='bbox 1225 1213 1366 1268; x_wconf 90' lang='lat' dir='ltr'><strong>enim</strong></span> <span class='ocrx_word' id='word_1_86' title='bbox 1394 1209 1629 1265; x_wconf 86' lang='lat' dir='ltr'><strong>remedia</strong></span> <span class='ocrx_word' id='word_1_87' title='bbox 1660 1208 1911 1263; x_wconf 89' lang='lat' dir='ltr'><strong>adhibent</strong></span> <span class='ocrx_word' id='word_1_88' title='bbox 1935 1206 2171 1274; x_wconf 87' lang='lat' dir='ltr'><strong>pcregri-</strong></span> 
     </span>
    </p>
   </div>
   <div class='ocr_carea' id='block_1_13' title="bbox 613 1275 2173 1355">
    <p class='ocr_par' dir='ltr' id='par_1_13' title="bbox 613 1275 2173 1355">
     <span class='ocr_line' id='line_1_14' title="bbox 613 1275 2173 1355; baseline -0.012 -10"><span class='ocrx_word' id='word_1_89' title='bbox 613 1308 678 1345; x_wconf 88' lang='lat' dir='ltr'><strong>na</strong></span> <span class='ocrx_word' id='word_1_90' title='bbox 707 1290 946 1344; x_wconf 88' lang='lat' dir='ltr'><strong>etaliena</strong></span> <span class='ocrx_word' id='word_1_91' title='bbox 974 1328 987 1350; x_wconf 91' lang='lat'><strong>,</strong></span> <span class='ocrx_word' id='word_1_92' title='bbox 1018 1287 1299 1355; x_wconf 75' lang='lat' dir='ltr'><strong>pharmaca</strong></span> <span class='ocrx_word' id='word_1_93' title='bbox 1346 1289 1521 1334; x_wconf 89' lang='lat' dir='ltr'><strong>autem</strong></span> <span class='ocrx_word' id='word_1_94' title='bbox 1552 1281 1671 1355; x_wconf 65' lang='lat' dir='ltr'><strong>vita:</strong></span> <span class='ocrx_word' id='word_1_95' title='bbox 1702 1288 1895 1355; x_wconf 66' lang='lat' dir='ltr'><strong>uestra:</strong></span> <span class='ocrx_word' id='word_1_96' title='bbox 1926 1293 1989 1331; x_wconf 84' lang='lat' dir='ltr'><strong>ex</strong></span> <span class='ocrx_word' id='word_1_97' title='bbox 2020 1275 2173 1355; x_wconf 88' lang='lat' dir='ltr'><strong>nobis</strong></span> 
     </span>
    </p>
   </div>
   <div class='ocr_carea' id='block_1_14' title="bbox 616 1348 2172 1429">
    <p class='ocr_par' dir='ltr' id='par_1_14' title="bbox 616 1348 2172 1429">
     <span class='ocr_line' id='line_1_15' title="bbox 616 1348 2172 1429; baseline -0.01 -16"><span class='ocrx_word' id='word_1_98' title='bbox 616 1361 743 1429; x_wconf 89' lang='lat' dir='ltr'><strong>ipsis</strong></span> <span class='ocrx_word' id='word_1_99' title='bbox 770 1348 1041 1429; x_wconf 49' lang='lat' dir='ltr'><strong>habemus}</strong></span> <span class='ocrx_word' id='word_1_100' title='bbox 1087 1353 1154 1407; x_wconf 90' lang='lat' dir='ltr'><strong>In</strong></span> <span class='ocrx_word' id='word_1_101' title='bbox 1188 1370 1241 1407; x_wconf 85' lang='lat' dir='ltr'><strong>se</strong></span> <span class='ocrx_word' id='word_1_102' title='bbox 1270 1367 1513 1406; x_wconf 78' lang='lat' dir='ltr'><strong>reversus.</strong></span> <span class='ocrx_word' id='word_1_103' title='bbox 1562 1349 1678 1403; x_wconf 86' lang='lat' dir='ltr'><strong>Nun</strong></span> <span class='ocrx_word' id='word_1_104' title='bbox 1715 1348 1888 1402; x_wconf 84' lang='lat' dir='ltr'><strong>alieno</strong></span> <span class='ocrx_word' id='word_1_105' title='bbox 1933 1360 2061 1429; x_wconf 61' lang='lat' dir='ltr'><strong>psus</strong></span> <span class='ocrx_word' id='word_1_106' title='bbox 2090 1353 2172 1429; x_wconf 88' lang='lat' dir='ltr'><strong>est</strong></span> 
     </span>
    </p>
   </div>
   <div class='ocr_carea' id='block_1_15' title="bbox 613 1416 2174 1499">
    <p class='ocr_par' dir='ltr' id='par_1_15' title="bbox 613 1416 2174 1499">
     <span class='ocr_line' id='line_1_16' title="bbox 613 1416 2174 1499; baseline -0.008 -18"><span class='ocrx_word' id='word_1_107' title='bbox 613 1416 917 1499; x_wconf 73' lang='lat' dir='ltr'><strong>pharmace,</strong></span> <span class='ocrx_word' id='word_1_108' title='bbox 945 1425 1037 1480; x_wconf 88' lang='lat' dir='ltr'><strong>sed</strong></span> <span class='ocrx_word' id='word_1_109' title='bbox 1058 1438 1175 1489; x_wconf 87' lang='lat' dir='ltr'><strong>suo,</strong></span> <span class='ocrx_word' id='word_1_110' title='bbox 1192 1435 1396 1499; x_wconf 69' lang='lat' dir='ltr'><strong>nempe</strong></span> <span class='ocrx_word' id='word_1_111' title='bbox 1420 1436 1485 1474; x_wconf 82' lang='lat' dir='ltr'><strong>ex</strong></span> <span class='ocrx_word' id='word_1_112' title='bbox 1513 1429 1906 1499; x_wconf 37' lang='lat' dir='ltr'><strong>uaturaapeuu‘;</strong></span> <span class='ocrx_word' id='word_1_113' title='bbox 1933 1416 2020 1469; x_wconf 93' lang='lat' dir='ltr'><strong>illo</strong></span> <span class='ocrx_word' id='word_1_114' title='bbox 2049 1428 2174 1499; x_wconf 80' lang='lat' dir='ltr'><strong>usus</strong></span> 
     </span>
    </p>
   </div>
   <div class='ocr_carea' id='block_1_16' title="bbox 612 1489 2174 1561">
    <p class='ocr_par' dir='ltr' id='par_1_16' title="bbox 612 1489 2174 1561">
     <span class='ocr_line' id='line_1_17' title="bbox 612 1489 2174 1561; baseline -0.01 -9"><span class='ocrx_word' id='word_1_115' title='bbox 612 1489 693 1552; x_wconf 69' lang='lat' dir='ltr'><strong>cst</strong></span> <span class='ocrx_word' id='word_1_116' title='bbox 720 1497 783 1551; x_wconf 85' lang='lat' dir='ltr'><strong>ad</strong></span> <span class='ocrx_word' id='word_1_117' title='bbox 816 1489 1059 1561; x_wconf 83' lang='lat' dir='ltr'><strong>salutem,</strong></span> <span class='ocrx_word' id='word_1_118' title='bbox 1078 1502 1132 1548; x_wconf 85' lang='lat' dir='ltr'><strong>et</strong></span> <span class='ocrx_word' id='word_1_119' title='bbox 1158 1494 1229 1547; x_wconf 83' lang='lat' dir='ltr'><strong>ait</strong></span> <span class='ocrx_word' id='word_1_120' title='bbox 1256 1510 1269 1545; x_wconf 89' lang='lat'><strong>:</strong></span> <span class='ocrx_word' id='word_1_121' title='bbox 1306 1492 1437 1555; x_wconf 86' lang='lat' dir='ltr'><strong>Quot</strong></span> <span class='ocrx_word' id='word_1_122' title='bbox 1464 1490 1755 1542; x_wconf 77' lang='lat' dir='ltr'><strong>mercenarii</strong></span> <span class='ocrx_word' id='word_1_123' title='bbox 1775 1489 1825 1540; x_wconf 87' lang='lat' dir='ltr'><strong>in</strong></span> <span class='ocrx_word' id='word_1_124' title='bbox 1846 1490 1993 1561; x_wconf 71' lang='lat' dir='ltr'><strong>deme</strong></span> <span class='ocrx_word' id='word_1_125' title='bbox 2016 1489 2174 1561; x_wconf 67' lang='lat' dir='ltr'><strong>putris</strong></span> 
     </span>
    </p>
   </div>
   <div class='ocr_carea' id='block_1_17' title="bbox 612 1555 2174 1635">
    <p class='ocr_par' dir='ltr' id='par_1_17' title="bbox 612 1555 2174 1635">
     <span class='ocr_line' id='line_1_18' title="bbox 612 1555 2174 1635; baseline -0.009 -15"><span class='ocrx_word' id='word_1_126' title='bbox 612 1570 707 1621; x_wconf 85' lang='lat' dir='ltr'><strong>mei</strong></span> <span class='ocrx_word' id='word_1_127' title='bbox 736 1566 992 1621; x_wconf 87' lang='lat' dir='ltr'><strong>abundant</strong></span> <span class='ocrx_word' id='word_1_128' title='bbox 1024 1555 1233 1635; x_wconf 74' lang='lat' dir='ltr'><strong>panibus</strong></span> <span class='ocrx_word' id='word_1_129' title='bbox 1261 1603 1275 1627; x_wconf 91' lang='lat'><strong>,</strong></span> <span class='ocrx_word' id='word_1_130' title='bbox 1308 1577 1398 1630; x_wconf 89' lang='lat' dir='ltr'><strong>ego</strong></span> <span class='ocrx_word' id='word_1_131' title='bbox 1424 1570 1589 1635; x_wconf 82' lang='lat' dir='ltr'><strong>autem</strong></span> <span class='ocrx_word' id='word_1_132' title='bbox 1619 1562 1752 1627; x_wconf 77' lang='lat' dir='ltr'><strong>fame</strong></span> <span class='ocrx_word' id='word_1_133' title='bbox 1788 1572 1932 1635; x_wconf 78' lang='lat' dir='ltr'><strong>pereo</strong></span> <span class='ocrx_word' id='word_1_134' title='bbox 1958 1555 2174 1635; x_wconf 37' lang='lat' dir='ltr'><strong>?.lf‘ilios</strong></span> 
     </span>
    </p>
   </div>
   <div class='ocr_carea' id='block_1_18' title="bbox 614 1583 2175 1701">
    <p class='ocr_par' dir='ltr' id='par_1_18' title="bbox 614 1583 2175 1701">
     <span class='ocr_line' id='line_1_19' title="bbox 614 1583 2174 1630; baseline -0.007 -10"><span class='ocrx_word' id='word_1_135' title='bbox 614 1586 707 1621; x_wconf 80' lang='lat' dir='ltr'><strong>mes</strong></span> <span class='ocrx_word' id='word_1_136' title='bbox 736 1583 992 1621; x_wconf 80' lang='lat' dir='ltr'><strong>aaunaant</strong></span> <span class='ocrx_word' id='word_1_137' title='bbox 1059 1583 1233 1617; x_wconf 80' lang='lat' dir='ltr'><strong>ameus</strong></span> <span class='ocrx_word' id='word_1_138' title='bbox 1261 1603 1275 1627; x_wconf 88' lang='lat'><strong>,</strong></span> <span class='ocrx_word' id='word_1_139' title='bbox 1308 1583 1398 1630; x_wconf 78' lang='lat' dir='ltr'><strong>ego</strong></span> <span class='ocrx_word' id='word_1_140' title='bbox 1424 1583 1589 1612; x_wconf 84' lang='lat' dir='ltr'><strong>autem</strong></span> <span class='ocrx_word' id='word_1_141' title='bbox 1619 1583 1752 1627; x_wconf 65' lang='lat' dir='ltr'><strong>[tunc</strong></span> <span class='ocrx_word' id='word_1_142' title='bbox 1788 1583 1932 1626; x_wconf 75' lang='lat' dir='ltr'><strong>percu</strong></span> <span class='ocrx_word' id='word_1_143' title='bbox 1958 1583 1975 1609; x_wconf 72' lang='lat'><strong>.&#39;</strong></span> <span class='ocrx_word' id='word_1_144' title='bbox 2012 1583 2174 1609; x_wconf 68' lang='grc' dir='ltr'><strong>ιιιιιυδ</strong></span> 
     </span>
     <span class='ocr_line' id='line_1_20' title="bbox 614 1583 2175 1701; baseline -0.008 -11"><span class='ocrx_word' id='word_1_145' title='bbox 614 1647 765 1692; x_wconf 87' lang='lat' dir='ltr'><strong>vocat</strong></span> <span class='ocrx_word' id='word_1_146' title='bbox 809 1637 982 1689; x_wconf 86' lang='lat' dir='ltr'><strong>divina</strong></span> <span class='ocrx_word' id='word_1_147' title='bbox 1023 1583 1291 1701; x_wconf 62' lang='lat' dir='ltr'><strong>geriptnra</strong></span> <span class='ocrx_word' id='word_1_148' title='bbox 1328 1644 1419 1684; x_wconf 89' lang='lat' dir='ltr'><strong>eos</strong></span> <span class='ocrx_word' id='word_1_149' title='bbox 1445 1670 1459 1694; x_wconf 95' lang='lat'><strong>,</strong></span> <span class='ocrx_word' id='word_1_150' title='bbox 1484 1629 1587 1701; x_wconf 85' lang='lat' dir='ltr'><strong>qui</strong></span> <span class='ocrx_word' id='word_1_151' title='bbox 1637 1642 1849 1696; x_wconf 91' lang='lat' dir='ltr'><strong>prorsus</strong></span> <span class='ocrx_word' id='word_1_152' title='bbox 1872 1625 2090 1701; x_wconf 79' lang='lat' dir='ltr'><strong>justitia:</strong></span> <span class='ocrx_word' id='word_1_153' title='bbox 2122 1632 2175 1677; x_wconf 89' lang='lat' dir='ltr'><strong>et</strong></span> 
     </span>
    </p>
   </div>
   <div class='ocr_carea' id='block_1_19' title="bbox 614 1696 2171 1777">
    <p class='ocr_par' dir='ltr' id='par_1_19' title="bbox 614 1696 2171 1777">
     <span class='ocr_line' id='line_1_21' title="bbox 614 1696 2171 1777; baseline -0.009 -16"><span class='ocrx_word' id='word_1_154' title='bbox 614 1708 791 1777; x_wconf 93' lang='lat' dir='ltr'><strong>pietati</strong></span> <span class='ocrx_word' id='word_1_155' title='bbox 820 1706 981 1777; x_wconf 88' lang='lat' dir='ltr'><strong>dediti</strong></span> <span class='ocrx_word' id='word_1_156' title='bbox 1007 1696 1172 1777; x_wconf 51' lang='lat' dir='ltr'><strong>sunt}</strong></span> <span class='ocrx_word' id='word_1_157' title='bbox 1204 1696 1557 1777; x_wconf 71' lang='lat' dir='ltr'><strong>mercenaries</strong></span> <span class='ocrx_word' id='word_1_158' title='bbox 1583 1707 1758 1777; x_wconf 70' lang='lat' dir='ltr'><strong>autem</strong></span> <span class='ocrx_word' id='word_1_159' title='bbox 1783 1711 1875 1752; x_wconf 91' lang='lat' dir='ltr'><strong>eos</strong></span> <span class='ocrx_word' id='word_1_160' title='bbox 1898 1736 1912 1760; x_wconf 91' lang='lat'><strong>,</strong></span> <span class='ocrx_word' id='word_1_161' title='bbox 1948 1696 2032 1764; x_wconf 87' lang='lat' dir='ltr'><strong>qui</strong></span> <span class='ocrx_word' id='word_1_162' title='bbox 2068 1710 2171 1775; x_wconf 71' lang='lat' dir='ltr'><strong>nqn</strong></span> 
     </span>
    </p>
   </div>
   <div class='ocr_carea' id='block_1_20' title="bbox 613 1764 2172 1840">
    <p class='ocr_par' dir='ltr' id='par_1_20' title="bbox 613 1764 2172 1840">
     <span class='ocr_line' id='line_1_22' title="bbox 613 1764 2172 1840; baseline -0.009 -9"><span class='ocrx_word' id='word_1_163' title='bbox 613 1764 973 1831; x_wconf 65' lang='lat' dir='ltr'><strong>bmnimodum</strong></span> <span class='ocrx_word' id='word_1_164' title='bbox 1013 1764 1257 1827; x_wconf 72' lang='lat' dir='ltr'><strong>affectum</strong></span> <span class='ocrx_word' id='word_1_165' title='bbox 1301 1784 1425 1840; x_wconf 84' lang='lat' dir='ltr'><strong>erga</strong></span> <span class='ocrx_word' id='word_1_166' title='bbox 1469 1768 1622 1840; x_wconf 79' lang='lat' dir='ltr'><strong>illam</strong></span> <span class='ocrx_word' id='word_1_167' title='bbox 1640 1767 1833 1821; x_wconf 87' lang='lat' dir='ltr'><strong>habent</strong></span> <span class='ocrx_word' id='word_1_168' title='bbox 1864 1807 1879 1831; x_wconf 96' lang='lat'><strong>,</strong></span> <span class='ocrx_word' id='word_1_169' title='bbox 1912 1780 2081 1832; x_wconf 90' lang='lat' dir='ltr'><strong>neque</strong></span> <span class='ocrx_word' id='word_1_170' title='bbox 2122 1764 2172 1840; x_wconf 81' lang='lat' dir='ltr'><strong>in</strong></span> 
     </span>
    </p>
   </div>
   <div class='ocr_carea' id='block_1_21' title="bbox 612 1834 2174 1912">
    <p class='ocr_par' dir='ltr' id='par_1_21' title="bbox 612 1834 2174 1912">
     <span class='ocr_line' id='line_1_23' title="bbox 612 1834 2174 1912; baseline -0.008 -13"><span class='ocrx_word' id='word_1_171' title='bbox 612 1847 875 1900; x_wconf 78' lang='lat' dir='ltr'><strong>exercitiis</strong></span> <span class='ocrx_word' id='word_1_172' title='bbox 897 1844 1017 1898; x_wconf 62' lang='lat' dir='ltr'><strong>vitae</strong></span> <span class='ocrx_word' id='word_1_173' title='bbox 1045 1842 1273 1912; x_wconf 82' lang='lat' dir='ltr'><strong>penitus,</strong></span> <span class='ocrx_word' id='word_1_174' title='bbox 1299 1834 1505 1909; x_wconf 52' lang='lat' dir='ltr'><strong>ea&#39;quze</strong></span> <span class='ocrx_word' id='word_1_175' title='bbox 1536 1837 1625 1912; x_wconf 85' lang='lat' dir='ltr'><strong>Dei</strong></span> <span class='ocrx_word' id='word_1_176' title='bbox 1653 1847 1795 1902; x_wconf 91' lang='lat' dir='ltr'><strong>sunt,</strong></span> <span class='ocrx_word' id='word_1_177' title='bbox 1821 1844 2006 1890; x_wconf 88' lang='lat' dir='ltr'><strong>curant</strong></span> <span class='ocrx_word' id='word_1_178' title='bbox 2035 1853 2048 1895; x_wconf 85' lang='lat'><strong>;</strong></span> <span class='ocrx_word' id='word_1_179' title='bbox 2081 1834 2174 1888; x_wconf 89' lang='lat' dir='ltr'><strong>sed</strong></span> 
     </span>
    </p>
   </div>
   <div class='ocr_carea' id='block_1_22' title="bbox 614 1908 2178 1985">
    <p class='ocr_par' dir='ltr' id='par_1_22' title="bbox 614 1908 2178 1985">
     <span class='ocr_line' id='line_1_24' title="bbox 614 1908 2178 1985; baseline -0.008 -15"><span class='ocrx_word' id='word_1_180' title='bbox 614 1916 808 1970; x_wconf 91' lang='lat' dir='ltr'><strong>bonum</strong></span> <span class='ocrx_word' id='word_1_181' title='bbox 840 1908 1060 1985; x_wconf 76' lang='lat' dir='ltr'><strong>quidem</strong></span> <span class='ocrx_word' id='word_1_182' title='bbox 1078 1908 1418 1985; x_wconf 55' lang='lat' dir='ltr'><strong>intelligunt,</strong></span> <span class='ocrx_word' id='word_1_183' title='bbox 1439 1919 1492 1963; x_wconf 88' lang='lat' dir='ltr'><strong>et</strong></span> <span class='ocrx_word' id='word_1_184' title='bbox 1520 1908 1940 1985; x_wconf 35' lang='lat' dir='ltr'><strong>verbum-amant</strong></span> <span class='ocrx_word' id='word_1_185' title='bbox 1969 1947 1981 1969; x_wconf 91' lang='lat'><strong>,</strong></span> <span class='ocrx_word' id='word_1_186' title='bbox 2013 1914 2067 1959; x_wconf 88' lang='lat' dir='ltr'><strong>at</strong></span> <span class='ocrx_word' id='word_1_187' title='bbox 2100 1914 2178 1985; x_wconf 52' lang='lat' dir='ltr'><strong>tu:-</strong></span> 
     </span>
    </p>
   </div>
   <div class='ocr_carea' id='block_1_23' title="bbox 614 1977 2175 2051">
    <p class='ocr_par' dir='ltr' id='par_1_23' title="bbox 614 1977 2175 2051">
     <span class='ocr_line' id='line_1_25' title="bbox 614 1977 2175 2051; baseline -0.008 -12"><span class='ocrx_word' id='word_1_188' title='bbox 614 1995 723 2039; x_wconf 89' lang='lat' dir='ltr'><strong>tum</strong></span> <span class='ocrx_word' id='word_1_189' title='bbox 752 1977 985 2038; x_wconf 85' lang='lat' dir='ltr'><strong>animum</strong></span> <span class='ocrx_word' id='word_1_190' title='bbox 1019 1983 1115 2051; x_wconf 86' lang='lat' dir='ltr'><strong>ipsi</strong></span> <span class='ocrx_word' id='word_1_191' title='bbox 1150 1977 1567 2050; x_wconf 27' lang='lat' dir='ltr'><strong>non‘applicant.</strong></span> <span class='ocrx_word' id='word_1_192' title='bbox 1601 1979 1663 2051; x_wconf 76' lang='lat' dir='ltr'><strong>Et</strong></span> <span class='ocrx_word' id='word_1_193' title='bbox 1697 1978 1777 2031; x_wconf 87' lang='lat' dir='ltr'><strong>his</strong></span> <span class='ocrx_word' id='word_1_194' title='bbox 1798 1977 2014 2051; x_wconf 81' lang='lat' dir='ltr'><strong>quidem</strong></span> <span class='ocrx_word' id='word_1_195' title='bbox 2045 2017 2058 2039; x_wconf 89' lang='lat'><strong>,</strong></span> <span class='ocrx_word' id='word_1_196' title='bbox 2087 1977 2175 2041; x_wconf 92' lang='lat' dir='ltr'><strong>qui</strong></span> 
     </span>
    </p>
   </div>
   <div class='ocr_carea' id='block_1_24' title="bbox 613 2048 2170 2119">
    <p class='ocr_par' dir='ltr' id='par_1_24' title="bbox 613 2048 2170 2119">
     <span class='ocr_line' id='line_1_26' title="bbox 613 2048 2170 2119; baseline -0.005 -15"><span class='ocrx_word' id='word_1_197' title='bbox 613 2056 831 2108; x_wconf 79' lang='lat' dir='ltr'><strong>omnino</strong></span> <span class='ocrx_word' id='word_1_198' title='bbox 861 2048 1068 2107; x_wconf 73' lang='lat' dir='ltr'><strong>fervent</strong></span> <span class='ocrx_word' id='word_1_199' title='bbox 1090 2066 1271 2105; x_wconf 87' lang='lat' dir='ltr'><strong>amore</strong></span> <span class='ocrx_word' id='word_1_200' title='bbox 1304 2048 1543 2119; x_wconf 58' lang='lat' dir='ltr'><strong>{quique</strong></span> <span class='ocrx_word' id='word_1_201' title='bbox 1574 2048 1767 2118; x_wconf 75' lang='lat' dir='ltr'><strong>pietate</strong></span> <span class='ocrx_word' id='word_1_202' title='bbox 1797 2048 1979 2119; x_wconf 87' lang='lat' dir='ltr'><strong>imbuti</strong></span> <span class='ocrx_word' id='word_1_203' title='bbox 2008 2055 2130 2119; x_wconf 82' lang='lat' dir='ltr'><strong>sunt</strong></span> <span class='ocrx_word' id='word_1_204' title='bbox 2156 2086 2170 2109; x_wconf 91' lang='lat'><strong>,</strong></span> 
     </span>
    </p>
   </div>
   <div class='ocr_carea' id='block_1_25' title="bbox 612 2116 2173 2191">
    <p class='ocr_par' dir='ltr' id='par_1_25' title="bbox 612 2116 2173 2191">
     <span class='ocr_line' id='line_1_27' title="bbox 612 2116 2173 2191; baseline -0.006 -15"><span class='ocrx_word' id='word_1_205' title='bbox 612 2124 899 2178; x_wconf 87' lang='lat' dir='ltr'><strong>secundum</strong></span> <span class='ocrx_word' id='word_1_206' title='bbox 931 2122 1184 2191; x_wconf 86' lang='lat' dir='ltr'><strong>propositi</strong></span> <span class='ocrx_word' id='word_1_207' title='bbox 1214 2116 1468 2191; x_wconf 75' lang='lat' dir='ltr'><strong>rationem</strong></span> <span class='ocrx_word' id='word_1_208' title='bbox 1491 2116 1626 2173; x_wconf 83' lang='lat' dir='ltr'><strong>Deus</strong></span> <span class='ocrx_word' id='word_1_209' title='bbox 1653 2117 1952 2191; x_wconf 85' lang='lat' dir='ltr'><strong>mercedem</strong></span> <span class='ocrx_word' id='word_1_210' title='bbox 1976 2116 2173 2191; x_wconf 77' lang='lat' dir='ltr'><strong>tribuit.</strong></span> 
     </span>
    </p>
   </div>
   <div class='ocr_carea' id='block_1_26' title="bbox 622 2185 2179 2261">
    <p class='ocr_par' dir='ltr' id='par_1_26' title="bbox 622 2185 2179 2261">
     <span class='ocr_line' id='line_1_28' title="bbox 622 2185 2179 2261; baseline -0.006 -15"><span class='ocrx_word' id='word_1_211' title='bbox 622 2194 647 2246; x_wconf 63' lang='grc' dir='ltr'><strong><em>Δ</em></strong></span> <span class='ocrx_word' id='word_1_212' title='bbox 660 2208 751 2248; x_wconf 89' lang='lat' dir='ltr'><strong>ure</strong></span> <span class='ocrx_word' id='word_1_213' title='bbox 794 2185 946 2261; x_wconf 54' lang='lat' dir='ltr'><strong>ergo&#39;</strong></span> <span class='ocrx_word' id='word_1_214' title='bbox 968 2185 1179 2245; x_wconf 79' lang='lat' dir='ltr'><strong>dicebat</strong></span> <span class='ocrx_word' id='word_1_215' title='bbox 1218 2190 1306 2245; x_wconf 88' lang='lat' dir='ltr'><strong>ille</strong></span> <span class='ocrx_word' id='word_1_216' title='bbox 1338 2208 1349 2242; x_wconf 92' lang='lat'><strong>:</strong></span> <span class='ocrx_word' id='word_1_217' title='bbox 1384 2189 1516 2253; x_wconf 86' lang='lat' dir='ltr'><strong>Quot</strong></span> <span class='ocrx_word' id='word_1_218' title='bbox 1560 2189 1855 2240; x_wconf 84' lang='lat' dir='ltr'><strong>mercenarii</strong></span> <span class='ocrx_word' id='word_1_219' title='bbox 1898 2186 2055 2261; x_wconf 86' lang='lat' dir='ltr'><strong>p_atris</strong></span> <span class='ocrx_word' id='word_1_220' title='bbox 2084 2185 2179 2238; x_wconf 88' lang='lat' dir='ltr'><strong>mei</strong></span> 
     </span>
    </p>
   </div>
   <div class='ocr_carea' id='block_1_27' title="bbox 613 2256 2175 2331">
    <p class='ocr_par' dir='ltr' id='par_1_27' title="bbox 613 2256 2175 2331">
     <span class='ocr_line' id='line_1_29' title="bbox 613 2256 2175 2331; baseline -0.005 -16"><span class='ocrx_word' id='word_1_221' title='bbox 613 2256 879 2315; x_wconf 52' lang='lat' dir='ltr'><strong>(bundant&#39;</strong></span> <span class='ocrx_word' id='word_1_222' title='bbox 901 2262 1113 2331; x_wconf 85' lang='lat' dir='ltr'><strong>panibus</strong></span> <span class='ocrx_word' id='word_1_223' title='bbox 1141 2265 1163 2316; x_wconf 82' lang='lat'><strong>.’</strong></span> <span class='ocrx_word' id='word_1_224' title='bbox 1189 2276 1279 2330; x_wconf 87' lang='lat' dir='ltr'><strong>ego</strong></span> <span class='ocrx_word' id='word_1_225' title='bbox 1304 2269 1469 2312; x_wconf 88' lang='lat' dir='ltr'><strong>autem</strong></span> <span class='ocrx_word' id='word_1_226' title='bbox 1505 2262 1640 2331; x_wconf 82' lang='lat' dir='ltr'><strong>[ante</strong></span> <span class='ocrx_word' id='word_1_227' title='bbox 1674 2273 1866 2331; x_wconf 54' lang='lat' dir='ltr'><strong>pereo.</strong></span> <span class='ocrx_word' id='word_1_228' title='bbox 1916 2256 2175 2331; x_wconf 64' lang='lat' dir='ltr'><strong>Revertar</strong></span> 
     </span>
    </p>
   </div>
   <div class='ocr_carea' id='block_1_28' title="bbox 611 2324 2179 2400">
    <p class='ocr_par' dir='ltr' id='par_1_28' title="bbox 611 2324 2179 2400">
     <span class='ocr_line' id='line_1_30' title="bbox 611 2324 2179 2400; baseline -0.002 -19"><span class='ocrx_word' id='word_1_229' title='bbox 611 2334 674 2384; x_wconf 84' lang='lat' dir='ltr'><strong>:ul</strong></span> <span class='ocrx_word' id='word_1_230' title='bbox 706 2324 910 2400; x_wconf 77' lang='lat' dir='ltr'><strong>patrem</strong></span> <span class='ocrx_word' id='word_1_231' title='bbox 934 2344 1145 2385; x_wconf 88' lang='lat' dir='ltr'><strong>meum:</strong></span> <span class='ocrx_word' id='word_1_232' title='bbox 1178 2324 1445 2400; x_wconf 71' lang='lat' dir='ltr'><strong>revertar,</strong></span> <span class='ocrx_word' id='word_1_233' title='bbox 1478 2324 1621 2400; x_wconf 80' lang='lat' dir='ltr'><strong>sicut</strong></span> <span class='ocrx_word' id='word_1_234' title='bbox 1656 2327 1788 2400; x_wconf 72' lang='lat' dir='ltr'><strong>dixit</strong></span> <span class='ocrx_word' id='word_1_235' title='bbox 1814 2327 1935 2400; x_wconf 76' lang='lat' dir='ltr'><strong>ille:</strong></span> <span class='ocrx_word' id='word_1_236' title='bbox 1960 2324 2179 2400; x_wconf 45' lang='lat' dir='ltr'><strong>(genver-</strong></span> 
     </span>
    </p>
   </div>
   <div class='ocr_carea' id='block_1_29' title="bbox 612 2393 2179 2481">
    <p class='ocr_par' dir='ltr' id='par_1_29' title="bbox 612 2393 2179 2481">
     <span class='ocr_line' id='line_1_31' title="bbox 612 2393 2179 2481; baseline -0.003 -30"><span class='ocrx_word' id='word_1_237' title='bbox 612 2393 728 2481; x_wconf 55' lang='lat' dir='ltr'><strong>tere,</strong></span> <span class='ocrx_word' id='word_1_238' title='bbox 764 2402 935 2481; x_wconf 64' lang='lat' dir='ltr'><strong>anima</strong></span> <span class='ocrx_word' id='word_1_239' title='bbox 963 2416 1093 2465; x_wconf 91' lang='lat' dir='ltr'><strong>mea,</strong></span> <span class='ocrx_word' id='word_1_240' title='bbox 1120 2400 1173 2451; x_wconf 85' lang='lat' dir='ltr'><strong>in</strong></span> <span class='ocrx_word' id='word_1_241' title='bbox 1198 2399 1414 2481; x_wconf 74' lang='lat' dir='ltr'><strong>requiem</strong></span> <span class='ocrx_word' id='word_1_242' title='bbox 1437 2406 1573 2481; x_wconf 67' lang='lat' dir='ltr'><strong>tuam</strong></span> <span class='ocrx_word' id='word_1_243' title='bbox 1602 2397 1621 2467; x_wconf 95' lang='lat'>(</span> <span class='ocrx_word' id='word_1_244' title='bbox 1653 2395 1797 2450; x_wconf 83' lang='lat' dir='ltr'><strong>Psal.</strong></span> <span class='ocrx_word' id='word_1_245' title='bbox 1824 2396 2007 2481; x_wconf 35' lang='lat'><strong>11.41.]</strong></span> <span class='ocrx_word' id='word_1_246' title='bbox 2039 2393 2179 2481; x_wconf 63' lang='lat' dir='ltr'><strong>)._l_s‘t</strong></span> 
     </span>
    </p>
   </div>
   <div class='ocr_carea' id='block_1_30' title="bbox 615 2464 2173 2538">
    <p class='ocr_par' dir='ltr' id='par_1_30' title="bbox 615 2464 2173 2538">
     <span class='ocr_line' id='line_1_32' title="bbox 615 2464 2173 2538; baseline -0.003 -18"><span class='ocrx_word' id='word_1_247' title='bbox 615 2472 815 2535; x_wconf 80' lang='lat' dir='ltr'><strong>dicam,</strong></span> <span class='ocrx_word' id='word_1_248' title='bbox 850 2469 1007 2523; x_wconf 86' lang='lat' dir='ltr'><strong>Pater</strong></span> <span class='ocrx_word' id='word_1_249' title='bbox 1029 2509 1044 2533; x_wconf 89' lang='lat'><strong>,</strong></span> <span class='ocrx_word' id='word_1_250' title='bbox 1073 2464 1272 2538; x_wconf 72' lang='lat' dir='ltr'><strong>peccavi</strong></span> <span class='ocrx_word' id='word_1_251' title='bbox 1296 2469 1347 2521; x_wconf 89' lang='lat' dir='ltr'><strong>in</strong></span> <span class='ocrx_word' id='word_1_252' title='bbox 1376 2468 1552 2520; x_wconf 67' lang='lat' dir='ltr'><strong>caelum</strong></span> <span class='ocrx_word' id='word_1_253' title='bbox 1574 2464 1621 2520; x_wconf 82' lang='lat' dir='ltr'><strong>et</strong></span> <span class='ocrx_word' id='word_1_254' title='bbox 1645 2482 1814 2520; x_wconf 90' lang='lat' dir='ltr'><strong>coram</strong></span> <span class='ocrx_word' id='word_1_255' title='bbox 1836 2476 1882 2520; x_wconf 90' lang='lat' dir='ltr'><strong>te</strong></span> <span class='ocrx_word' id='word_1_256' title='bbox 1910 2464 2059 2533; x_wconf 86' lang='lat' dir='ltr'><strong>(Luc.</strong></span> <span class='ocrx_word' id='word_1_257' title='bbox 2088 2466 2173 2519; x_wconf 75' lang='grc'><strong>15.</strong></span> 
     </span>
    </p>
   </div>
   <div class='ocr_carea' id='block_1_31' title="bbox 615 2538 2180 2608">
    <p class='ocr_par' dir='ltr' id='par_1_31' title="bbox 615 2538 2180 2608">
     <span class='ocr_line' id='line_1_33' title="bbox 615 2538 2180 2608; baseline -0.005 -13"><span class='ocrx_word' id='word_1_258' title='bbox 615 2540 701 2595; x_wconf 87' lang='grc'><strong>18.</strong></span> <span class='ocrx_word' id='word_1_259' title='bbox 734 2541 843 2608; x_wconf 86' lang='grc'><strong>19),</strong></span> <span class='ocrx_word' id='word_1_260' title='bbox 875 2548 921 2592; x_wconf 88' lang='lat' dir='ltr'><strong>et</strong></span> <span class='ocrx_word' id='word_1_261' title='bbox 935 2540 1047 2608; x_wconf 89' lang='lat' dir='ltr'><strong>jam</strong></span> <span class='ocrx_word' id='word_1_262' title='bbox 1075 2554 1176 2591; x_wconf 89' lang='lat' dir='ltr'><strong>non</strong></span> <span class='ocrx_word' id='word_1_263' title='bbox 1202 2554 1312 2591; x_wconf 87' lang='lat' dir='ltr'><strong>sum</strong></span> <span class='ocrx_word' id='word_1_264' title='bbox 1332 2538 1514 2605; x_wconf 86' lang='lat' dir='ltr'><strong>dignus</strong></span> <span class='ocrx_word' id='word_1_265' title='bbox 1540 2539 1704 2608; x_wconf 82' lang='lat' dir='ltr'><strong>vocari</strong></span> <span class='ocrx_word' id='word_1_266' title='bbox 1730 2538 1866 2604; x_wconf 83' lang='lat' dir='ltr'><strong>ﬁlius</strong></span> <span class='ocrx_word' id='word_1_267' title='bbox 1897 2546 2009 2608; x_wconf 81' lang='lat' dir='ltr'><strong>tuus</strong></span> <span class='ocrx_word' id='word_1_268' title='bbox 2050 2551 2066 2589; x_wconf 92' lang='lat'><strong><em>:</em></strong></span> <span class='ocrx_word' id='word_1_269' title='bbox 2099 2539 2180 2608; x_wconf 73' lang='lat' dir='ltr'><strong>[ac</strong></span> 
     </span>
    </p>
   </div>
   <div class='ocr_carea' id='block_1_32' title="bbox 615 2606 2183 2675">
    <p class='ocr_par' dir='ltr' id='par_1_32' title="bbox 615 2606 2183 2675">
     <span class='ocr_line' id='line_1_34' title="bbox 615 2606 2183 2675; baseline -0.002 -13"><span class='ocrx_word' id='word_1_270' title='bbox 615 2626 693 2662; x_wconf 88' lang='lat' dir='ltr'><strong>me</strong></span> <span class='ocrx_word' id='word_1_271' title='bbox 706 2606 828 2663; x_wconf 89' lang='lat' dir='ltr'><strong>sicut</strong></span> <span class='ocrx_word' id='word_1_272' title='bbox 845 2606 997 2662; x_wconf 81' lang='lat' dir='ltr'><strong>unum</strong></span> <span class='ocrx_word' id='word_1_273' title='bbox 1014 2624 1075 2662; x_wconf 79' lang='lat' dir='ltr'><strong>ea:</strong></span> <span class='ocrx_word' id='word_1_274' title='bbox 1094 2608 1411 2663; x_wconf 76' lang='lat' dir='ltr'><strong>mercenariis</strong></span> <span class='ocrx_word' id='word_1_275' title='bbox 1430 2608 1545 2660; x_wconf 90' lang='lat' dir='ltr'><strong>tuis.</strong></span> <span class='ocrx_word' id='word_1_276' title='bbox 1566 2606 1679 2660; x_wconf 85' lang='lat' dir='ltr'><strong>Alia</strong></span> <span class='ocrx_word' id='word_1_277' title='bbox 1697 2616 1820 2661; x_wconf 91' lang='lat' dir='ltr'><strong>sunt</strong></span> <span class='ocrx_word' id='word_1_278' title='bbox 1836 2606 1991 2660; x_wconf 86' lang='lat' dir='ltr'><strong>verba</strong></span> <span class='ocrx_word' id='word_1_279' title='bbox 2015 2607 2183 2675; x_wconf 74' lang='lat' dir='ltr'><strong>pteni-</strong></span> 
     </span>
    </p>
   </div>
   <div class='ocr_carea' id='block_1_33' title="bbox 618 2676 2183 2746">
    <p class='ocr_par' dir='ltr' id='par_1_33' title="bbox 618 2676 2183 2746">
     <span class='ocr_line' id='line_1_35' title="bbox 618 2676 2183 2746; baseline -0.003 -14"><span class='ocrx_word' id='word_1_280' title='bbox 618 2681 795 2743; x_wconf 89' lang='lat' dir='ltr'><strong>tentis,</strong></span> <span class='ocrx_word' id='word_1_281' title='bbox 818 2679 983 2732; x_wconf 88' lang='lat' dir='ltr'><strong>etalia</strong></span> <span class='ocrx_word' id='word_1_282' title='bbox 1002 2678 1136 2732; x_wconf 92' lang='lat' dir='ltr'><strong>dona</strong></span> <span class='ocrx_word' id='word_1_283' title='bbox 1159 2677 1517 2746; x_wconf 74' lang='lat' dir='ltr'><strong>pmnitentiam</strong></span> <span class='ocrx_word' id='word_1_284' title='bbox 1540 2677 1859 2746; x_wconf 85' lang='lat' dir='ltr'><strong>recipientis.</strong></span> <span class='ocrx_word' id='word_1_285' title='bbox 1878 2676 1976 2742; x_wconf 87' lang='lat' dir='ltr'><strong>Qui</strong></span> <span class='ocrx_word' id='word_1_286' title='bbox 1998 2690 2183 2743; x_wconf 88' lang='lat' dir='ltr'><strong>pecca-</strong></span> 
     </span>
    </p>
   </div>
   <div class='ocr_carea' id='block_1_34' title="bbox 618 2746 2182 2816">
    <p class='ocr_par' dir='ltr' id='par_1_34' title="bbox 618 2746 2182 2816">
     <span class='ocr_line' id='line_1_36' title="bbox 618 2746 2182 2816; baseline -0.002 -15"><span class='ocrx_word' id='word_1_287' title='bbox 618 2759 701 2803; x_wconf 92' lang='lat' dir='ltr'><strong>tor</strong></span> <span class='ocrx_word' id='word_1_288' title='bbox 714 2749 779 2802; x_wconf 89' lang='lat' dir='ltr'><strong>ad</strong></span> <span class='ocrx_word' id='word_1_289' title='bbox 799 2748 1162 2816; x_wconf 70' lang='lat' dir='ltr'><strong>paenitentiam</strong></span> <span class='ocrx_word' id='word_1_290' title='bbox 1178 2748 1338 2810; x_wconf 85' lang='lat' dir='ltr'><strong>venit,</strong></span> <span class='ocrx_word' id='word_1_291' title='bbox 1362 2762 1464 2800; x_wconf 89' lang='lat' dir='ltr'><strong>non</strong></span> <span class='ocrx_word' id='word_1_292' title='bbox 1486 2762 1704 2815; x_wconf 85' lang='lat' dir='ltr'><strong>regnum</strong></span> <span class='ocrx_word' id='word_1_293' title='bbox 1723 2746 1972 2816; x_wconf 71' lang='lat' dir='ltr'><strong>czelorum</strong></span> <span class='ocrx_word' id='word_1_294' title='bbox 1987 2746 2046 2816; x_wconf 86' lang='lat' dir='ltr'><strong>in</strong></span> <span class='ocrx_word' id='word_1_295' title='bbox 2060 2746 2182 2798; x_wconf 88' lang='lat' dir='ltr'><strong>ima-</strong></span> 
     </span>
    </p>
   </div>
   <div class='ocr_carea' id='block_1_35' title="bbox 615 2815 2178 2887">
    <p class='ocr_par' dir='ltr' id='par_1_35' title="bbox 615 2815 2178 2887">
     <span class='ocr_line' id='line_1_37' title="bbox 615 2815 2178 2887; baseline -0.003 -14"><span class='ocrx_word' id='word_1_296' title='bbox 615 2815 882 2887; x_wconf 85' lang='lat' dir='ltr'><strong>ginatione</strong></span> <span class='ocrx_word' id='word_1_297' title='bbox 924 2827 1118 2881; x_wconf 85' lang='lat' dir='ltr'><strong>versat,</strong></span> <span class='ocrx_word' id='word_1_298' title='bbox 1139 2831 1241 2871; x_wconf 92' lang='lat' dir='ltr'><strong>non</strong></span> <span class='ocrx_word' id='word_1_299' title='bbox 1266 2817 1369 2869; x_wconf 91' lang='lat' dir='ltr'><strong>vita</strong></span> <span class='ocrx_word' id='word_1_300' title='bbox 1392 2826 1697 2887; x_wconf 12' lang='lat' dir='ltr'><strong>rmternasc</strong></span> <span class='ocrx_word' id='word_1_301' title='bbox 1716 2815 2178 2887; x_wconf 80' lang='lat' dir='ltr'><strong>dignumjudicat,</strong></span> 
     </span>
    </p>
   </div>
   <div class='ocr_carea' id='block_1_36' title="bbox 616 2885 2181 2955">
    <p class='ocr_par' dir='ltr' id='par_1_36' title="bbox 616 2885 2181 2955">
     <span class='ocr_line' id='line_1_38' title="bbox 616 2885 2181 2955; baseline -0.003 -13"><span class='ocrx_word' id='word_1_302' title='bbox 616 2885 707 2942; x_wconf 73' lang='lat' dir='ltr'><strong>sed</strong></span> <span class='ocrx_word' id='word_1_303' title='bbox 734 2888 901 2943; x_wconf 85' lang='lat' dir='ltr'><strong>solum</strong></span> <span class='ocrx_word' id='word_1_304' title='bbox 934 2897 1177 2955; x_wconf 92' lang='lat' dir='ltr'><strong>precatur</strong></span> <span class='ocrx_word' id='word_1_305' title='bbox 1201 2927 1214 2949; x_wconf 85' lang='lat'><strong>,</strong></span> <span class='ocrx_word' id='word_1_306' title='bbox 1251 2894 1306 2939; x_wconf 88' lang='lat' dir='ltr'><strong>ut</strong></span> <span class='ocrx_word' id='word_1_307' title='bbox 1322 2886 1560 2955; x_wconf 86' lang='lat' dir='ltr'><strong>gehenna</strong></span> <span class='ocrx_word' id='word_1_308' title='bbox 1580 2886 1851 2940; x_wconf 83' lang='lat' dir='ltr'><strong>liberetur.</strong></span> <span class='ocrx_word' id='word_1_309' title='bbox 1894 2885 1993 2955; x_wconf 88' lang='lat' dir='ltr'><strong>Ille</strong></span> <span class='ocrx_word' id='word_1_310' title='bbox 2022 2885 2181 2955; x_wconf 79' lang='lat' dir='ltr'><strong>igitur</strong></span> 
     </span>
    </p>
   </div>
   <div class='ocr_carea' id='block_1_37' title="bbox 618 2954 2184 3025">
    <p class='ocr_par' dir='ltr' id='par_1_37' title="bbox 618 2954 2184 3025">
     <span class='ocr_line' id='line_1_39' title="bbox 618 2954 2184 3025; baseline -0.001 -15"><span class='ocrx_word' id='word_1_311' title='bbox 618 2958 820 3011; x_wconf 83' lang='lat' dir='ltr'><strong>modica</strong></span> <span class='ocrx_word' id='word_1_312' title='bbox 846 2954 1134 3025; x_wconf 83' lang='lat' dir='ltr'><strong>exspectat,</strong></span> <span class='ocrx_word' id='word_1_313' title='bbox 1164 2956 1301 3010; x_wconf 87' lang='lat' dir='ltr'><strong>Deus</strong></span> <span class='ocrx_word' id='word_1_314' title='bbox 1317 2954 1443 3009; x_wconf 90' lang='lat' dir='ltr'><strong>vero</strong></span> <span class='ocrx_word' id='word_1_315' title='bbox 1457 2970 1642 3025; x_wconf 85' lang='lat' dir='ltr'><strong>magna</strong></span> <span class='ocrx_word' id='word_1_316' title='bbox 1665 2955 1962 3009; x_wconf 83' lang='lat' dir='ltr'><strong>divitiarum</strong></span> <span class='ocrx_word' id='word_1_317' title='bbox 1986 2954 2184 3008; x_wconf 74' lang='lat' dir='ltr'><strong>benefi-</strong></span> 
     </span>
    </p>
   </div>
   <div class='ocr_carea' id='block_1_38' title="bbox 617 3025 2182 3096">
    <p class='ocr_par' dir='ltr' id='par_1_38' title="bbox 617 3025 2182 3096">
     <span class='ocr_line' id='line_1_40' title="bbox 617 3025 2182 3096; baseline -0.002 -15"><span class='ocrx_word' id='word_1_318' title='bbox 617 3029 694 3082; x_wconf 76' lang='lat' dir='ltr'><strong>cia</strong></span> <span class='ocrx_word' id='word_1_319' title='bbox 711 3028 806 3096; x_wconf 89' lang='lat' dir='ltr'><strong>ipsi</strong></span> <span class='ocrx_word' id='word_1_320' title='bbox 827 3027 1063 3095; x_wconf 78' lang='lat' dir='ltr'><strong>largitur.</strong></span> <span class='ocrx_word' id='word_1_321' title='bbox 1085 3025 1209 3088; x_wconf 83' lang='lat' dir='ltr'><strong>Sed,</strong></span> <span class='ocrx_word' id='word_1_322' title='bbox 1231 3041 1263 3079; x_wconf 89' lang='grc' dir='ltr'>ο</span> <span class='ocrx_word' id='word_1_323' title='bbox 1280 3025 1610 3096; x_wconf 73' lang='lat' dir='ltr'><strong>miraCuluml</strong></span> <span class='ocrx_word' id='word_1_324' title='bbox 1636 3025 1723 3096; x_wconf 86' lang='lat' dir='ltr'><strong>ille</strong></span> <span class='ocrx_word' id='word_1_325' title='bbox 1735 3025 1905 3079; x_wconf 90' lang='lat' dir='ltr'><strong>solum</strong></span> <span class='ocrx_word' id='word_1_326' title='bbox 1924 3026 2182 3092; x_wconf 87' lang='lat' dir='ltr'><strong>poeniten-</strong></span> 
     </span>
    </p>
   </div>
   <div class='ocr_carea' id='block_1_39' title="bbox 618 3094 2184 3165">
    <p class='ocr_par' dir='ltr' id='par_1_39' title="bbox 618 3094 2184 3165">
     <span class='ocr_line' id='line_1_41' title="bbox 618 3094 2184 3165; baseline -0.001 -16"><span class='ocrx_word' id='word_1_327' title='bbox 618 3094 743 3150; x_wconf 81' lang='lat' dir='ltr'><strong>tiani</strong></span> <span class='ocrx_word' id='word_1_328' title='bbox 760 3094 1039 3165; x_wconf 81' lang='lat' dir='ltr'><strong>cogitabat;</strong></span> <span class='ocrx_word' id='word_1_329' title='bbox 1054 3105 1106 3149; x_wconf 92' lang='lat' dir='ltr'><strong>et</strong></span> <span class='ocrx_word' id='word_1_330' title='bbox 1130 3104 1277 3163; x_wconf 90' lang='lat' dir='ltr'><strong>pater</strong></span> <span class='ocrx_word' id='word_1_331' title='bbox 1292 3094 1469 3165; x_wconf 87' lang='lat' dir='ltr'><strong>statim</strong></span> <span class='ocrx_word' id='word_1_332' title='bbox 1486 3094 1805 3165; x_wconf 84' lang='lat' dir='ltr'><strong>benignitate</strong></span> <span class='ocrx_word' id='word_1_333' title='bbox 1821 3108 1914 3149; x_wconf 87' lang='lat' dir='ltr'><strong>sua</strong></span> <span class='ocrx_word' id='word_1_334' title='bbox 1930 3096 2184 3165; x_wconf 71' lang='lat' dir='ltr'><strong>prtevenit</strong></span> 
     </span>
    </p>
   </div>
   <div class='ocr_carea' id='block_1_40' title="bbox 619 3162 2184 3233">
    <p class='ocr_par' dir='ltr' id='par_1_40' title="bbox 619 3162 2184 3233">
     <span class='ocr_line' id='line_1_42' title="bbox 619 3162 2184 3233; baseline -0.002 -14"><span class='ocrx_word' id='word_1_335' title='bbox 619 3182 740 3219; x_wconf 89' lang='lat' dir='ltr'><strong>cum</strong></span> <span class='ocrx_word' id='word_1_336' title='bbox 768 3182 781 3218; x_wconf 74' lang='grc' dir='ltr'><strong>ι</strong></span> <span class='ocrx_word' id='word_1_337' title='bbox 815 3162 919 3220; x_wconf 72' lang='lat' dir='ltr'><strong>non</strong></span> <span class='ocrx_word' id='word_1_338' title='bbox 946 3162 1268 3233; x_wconf 84' lang='lat' dir='ltr'><strong>exspectavit</strong></span> <span class='ocrx_word' id='word_1_339' title='bbox 1287 3164 1457 3217; x_wconf 87' lang='lat' dir='ltr'><strong>donec</strong></span> <span class='ocrx_word' id='word_1_340' title='bbox 1484 3162 2013 3233; x_wconf 12' lang='lat' dir='ltr'><strong>confessionisiverba</strong></span> <span class='ocrx_word' id='word_1_341' title='bbox 2041 3166 2184 3218; x_wconf 80' lang='lat' dir='ltr'><strong>exci-</strong></span> 
     </span>
    </p>
   </div>
   <div class='ocr_carea' id='block_1_41' title="bbox 621 3232 2180 3303">
    <p class='ocr_par' dir='ltr' id='par_1_41' title="bbox 621 3232 2180 3303">
     <span class='ocr_line' id='line_1_43' title="bbox 621 3232 2180 3303; baseline -0.001 -17"><span class='ocrx_word' id='word_1_342' title='bbox 621 3245 770 3302; x_wconf 86' lang='lat' dir='ltr'><strong>peret</strong></span> <span class='ocrx_word' id='word_1_343' title='bbox 800 3252 813 3297; x_wconf 92' lang='lat'><strong>;</strong></span> <span class='ocrx_word' id='word_1_344' title='bbox 843 3235 937 3289; x_wconf 91' lang='lat' dir='ltr'><strong>sed</strong></span> <span class='ocrx_word' id='word_1_345' title='bbox 967 3234 1271 3303; x_wconf 86' lang='lat' dir='ltr'><strong>petitionem</strong></span> <span class='ocrx_word' id='word_1_346' title='bbox 1314 3234 1621 3301; x_wconf 80' lang='lat' dir='ltr'><strong>praevertit,</strong></span> <span class='ocrx_word' id='word_1_347' title='bbox 1654 3232 2180 3303; x_wconf 45' lang='lat' dir='ltr'><strong>secundunndictum</strong></span> 
     </span>
    </p>
   </div>
   <div class='ocr_carea' id='block_1_42' title="bbox 620 3301 2183 3371">
    <p class='ocr_par' dir='ltr' id='par_1_42' title="bbox 620 3301 2183 3371">
     <span class='ocr_line' id='line_1_44' title="bbox 620 3301 2183 3371; baseline -0.001 -15"><span class='ocrx_word' id='word_1_348' title='bbox 620 3306 744 3360; x_wconf 91' lang='lat' dir='ltr'><strong>illud</strong></span> <span class='ocrx_word' id='word_1_349' title='bbox 775 3324 787 3355; x_wconf 90' lang='lat'><strong>:</strong></span> <span class='ocrx_word' id='word_1_350' title='bbox 821 3301 1127 3371; x_wconf 86' lang='lat' dir='ltr'><strong>Priusquam</strong></span> <span class='ocrx_word' id='word_1_351' title='bbox 1156 3303 1484 3356; x_wconf 88' lang='lat' dir='ltr'><strong>invocaveris</strong></span> <span class='ocrx_word' id='word_1_352' title='bbox 1514 3318 1603 3371; x_wconf 87' lang='lat' dir='ltr'><strong>me</strong></span> <span class='ocrx_word' id='word_1_353' title='bbox 1630 3343 1645 3367; x_wconf 93' lang='lat'><strong>,</strong></span> <span class='ocrx_word' id='word_1_354' title='bbox 1668 3302 1839 3356; x_wconf 87' lang='lat' dir='ltr'><strong>dicam</strong></span> <span class='ocrx_word' id='word_1_355' title='bbox 1870 3342 1885 3367; x_wconf 88' lang='lat'><strong>,</strong></span> <span class='ocrx_word' id='word_1_356' title='bbox 1931 3301 2063 3357; x_wconf 86' lang='lat' dir='ltr'><strong>Ecce</strong></span> <span class='ocrx_word' id='word_1_357' title='bbox 2086 3304 2183 3355; x_wconf 84' lang='lat' dir='ltr'><strong>ad-</strong></span> 
     </span>
    </p>
   </div>
   <div class='ocr_carea' id='block_1_43' title="bbox 526 3370 2181 3443">
    <p class='ocr_par' dir='ltr' id='par_1_43' title="bbox 526 3370 2181 3443">
     <span class='ocr_line' id='line_1_45' title="bbox 526 3370 2181 3443; baseline -0.001 -16"><span class='ocrx_word' id='word_1_358' title='bbox 526 3431 530 3435; x_wconf 10' lang='lat'><strong>,</strong></span> <span class='ocrx_word' id='word_1_359' title='bbox 620 3392 730 3427; x_wconf 86' lang='lat' dir='ltr'><strong>sum</strong></span> <span class='ocrx_word' id='word_1_360' title='bbox 759 3372 906 3443; x_wconf 84' lang='lat' dir='ltr'><strong>(Isai.</strong></span> <span class='ocrx_word' id='word_1_361' title='bbox 932 3370 1209 3443; x_wconf 17' lang='lat' dir='ltr'><strong>58).AVidit</strong></span> <span class='ocrx_word' id='word_1_362' title='bbox 1238 3373 1411 3443; x_wconf 83' lang='lat' dir='ltr'><strong>lilium</strong></span> <span class='ocrx_word' id='word_1_363' title='bbox 1432 3370 1612 3443; x_wconf 84' lang='lat' dir='ltr'><strong>procul</strong></span> <span class='ocrx_word' id='word_1_364' title='bbox 1640 3372 1981 3443; x_wconf 82' lang='lat' dir='ltr'><strong>venientem,</strong></span> <span class='ocrx_word' id='word_1_365' title='bbox 2010 3380 2064 3425; x_wconf 89' lang='lat' dir='ltr'><strong>et</strong></span> <span class='ocrx_word' id='word_1_366' title='bbox 2089 3388 2181 3426; x_wconf 83' lang='lat' dir='ltr'><strong>nc-</strong></span> 
     </span>
    </p>
   </div>
   <div class='ocr_carea' id='block_1_44' title="bbox 620 3440 2181 3511">
    <p class='ocr_par' dir='ltr' id='par_1_44' title="bbox 620 3440 2181 3511">
     <span class='ocr_line' id='line_1_46' title="bbox 620 3440 2181 3511; baseline -0.001 -13"><span class='ocrx_word' id='word_1_367' title='bbox 620 3440 788 3499; x_wconf 77' lang='lat' dir='ltr'><strong>currit</strong></span> <span class='ocrx_word' id='word_1_368' title='bbox 815 3444 935 3511; x_wconf 85' lang='lat' dir='ltr'><strong>ipsi.</strong></span> <span class='ocrx_word' id='word_1_369' title='bbox 970 3440 1155 3511; x_wconf 74' lang='lat' dir='ltr'><strong>Yiden’</strong></span> <span class='ocrx_word' id='word_1_370' title='bbox 1185 3440 1451 3511; x_wconf 83' lang='lat' dir='ltr'><strong>quomodo</strong></span> <span class='ocrx_word' id='word_1_371' title='bbox 1496 3441 1776 3511; x_wconf 87' lang='lat' dir='ltr'><strong>clementia</strong></span> <span class='ocrx_word' id='word_1_372' title='bbox 1820 3442 2181 3507; x_wconf 77' lang='lat' dir='ltr'><strong>paenitentiam</strong></span> 
     </span>
    </p>
   </div>
   <div class='ocr_carea' id='block_1_45' title="bbox 622 3505 2187 3583">
    <p class='ocr_par' dir='ltr' id='par_1_45' title="bbox 622 3505 2187 3583">
     <span class='ocr_line' id='line_1_47' title="bbox 622 3505 2187 3583; baseline -0.001 -17"><span class='ocrx_word' id='word_1_373' title='bbox 622 3505 906 3583; x_wconf 75' lang='lat' dir='ltr'><strong>praeveniat</strong></span> <span class='ocrx_word' id='word_1_374' title='bbox 932 3511 954 3564; x_wconf 93' lang='lat'><strong>?</strong></span> <span class='ocrx_word' id='word_1_375' title='bbox 980 3510 1101 3566; x_wconf 88' lang='lat' dir='ltr'><strong>ideo</strong></span> <span class='ocrx_word' id='word_1_376' title='bbox 1131 3505 1457 3583; x_wconf 72' lang='lat' dir='ltr'><strong>Davidcum</strong></span> <span class='ocrx_word' id='word_1_377' title='bbox 1500 3510 1744 3583; x_wconf 85' lang='lat' dir='ltr'><strong>morbum</strong></span> <span class='ocrx_word' id='word_1_378' title='bbox 1785 3505 1986 3583; x_wconf 73' lang='lat' dir='ltr'><strong>peccati</strong></span> <span class='ocrx_word' id='word_1_379' title='bbox 2019 3513 2187 3579; x_wconf 83' lang='lat' dir='ltr'><strong>poeni-</strong></span> 
     </span>
    </p>
   </div>
   <div class='ocr_carea' id='block_1_46' title="bbox 624 3580 2183 3651">
    <p class='ocr_par' dir='ltr' id='par_1_46' title="bbox 624 3580 2183 3651">
     <span class='ocr_line' id='line_1_48' title="bbox 624 3580 2183 3651; baseline -0.001 -15"><span class='ocrx_word' id='word_1_380' title='bbox 624 3580 803 3637; x_wconf 69' lang='lat' dir='ltr'><strong>ientize</strong></span> <span class='ocrx_word' id='word_1_381' title='bbox 832 3584 1116 3651; x_wconf 82' lang='lat' dir='ltr'><strong>pharmace</strong></span> <span class='ocrx_word' id='word_1_382' title='bbox 1144 3581 1435 3650; x_wconf 86' lang='lat' dir='ltr'><strong>depulisset</strong></span> <span class='ocrx_word' id='word_1_383' title='bbox 1462 3620 1477 3645; x_wconf 90' lang='lat'><strong>,</strong></span> <span class='ocrx_word' id='word_1_384' title='bbox 1522 3580 1695 3651; x_wconf 87' lang='lat' dir='ltr'><strong>sciens</strong></span> <span class='ocrx_word' id='word_1_385' title='bbox 1726 3580 1863 3648; x_wconf 90' lang='lat' dir='ltr'><strong>quod</strong></span> <span class='ocrx_word' id='word_1_386' title='bbox 1899 3582 2038 3651; x_wconf 73' lang='lat' dir='ltr'><strong>Deus</strong></span> <span class='ocrx_word' id='word_1_387' title='bbox 2061 3596 2183 3649; x_wconf 82' lang='lat' dir='ltr'><strong>pec-</strong></span> 
     </span>
    </p>
   </div>
   <div class='ocr_carea' id='block_1_47' title="bbox 622 3649 2184 3721">
    <p class='ocr_par' dir='ltr' id='par_1_47' title="bbox 622 3649 2184 3721">
     <span class='ocr_line' id='line_1_49' title="bbox 622 3649 2184 3721; baseline -0.001 -14"><span class='ocrx_word' id='word_1_388' title='bbox 622 3649 851 3707; x_wconf 76' lang='lat' dir='ltr'><strong>calorem</strong></span> <span class='ocrx_word' id='word_1_389' title='bbox 882 3653 1166 3721; x_wconf 79' lang='lat' dir='ltr'><strong>praeveniat</strong></span> <span class='ocrx_word' id='word_1_390' title='bbox 1191 3649 1422 3721; x_wconf 52' lang='lat' dir='ltr'><strong>{ipsum</strong></span> <span class='ocrx_word' id='word_1_391' title='bbox 1439 3659 1607 3721; x_wconf 77' lang='lat' dir='ltr'><strong>rogat,</strong></span> <span class='ocrx_word' id='word_1_392' title='bbox 1632 3650 1811 3721; x_wconf 84' lang='lat' dir='ltr'><strong>dicens</strong></span> <span class='ocrx_word' id='word_1_393' title='bbox 1842 3668 1854 3703; x_wconf 91' lang='lat'><strong>:</strong></span> <span class='ocrx_word' id='word_1_394' title='bbox 1883 3649 2114 3721; x_wconf 75' lang='lat' dir='ltr'><strong>Exsurge</strong></span> <span class='ocrx_word' id='word_1_395' title='bbox 2136 3653 2184 3705; x_wconf 86' lang='lat' dir='ltr'><strong>in</strong></span> 
     </span>
    </p>
   </div>
   <div class='ocr_carea' id='block_1_48' title="bbox 622 3718 2187 3790">
    <p class='ocr_par' dir='ltr' id='par_1_48' title="bbox 622 3718 2187 3790">
     <span class='ocr_line' id='line_1_50' title="bbox 622 3718 2187 3790; baseline 0.001 -16"><span class='ocrx_word' id='word_1_396' title='bbox 622 3718 1070 3776; x_wconf 48' lang='lat' dir='ltr'><strong>occursum—meum</strong></span> <span class='ocrx_word' id='word_1_397' title='bbox 1095 3761 1110 3785; x_wconf 88' lang='lat'><strong>,</strong></span> <span class='ocrx_word' id='word_1_398' title='bbox 1138 3731 1184 3774; x_wconf 90' lang='lat' dir='ltr'><strong>et</strong></span> <span class='ocrx_word' id='word_1_399' title='bbox 1213 3718 1322 3774; x_wconf 84' lang='lat' dir='ltr'><strong>vide</strong></span> <span class='ocrx_word' id='word_1_400' title='bbox 1343 3718 1521 3790; x_wconf 67' lang='lat' dir='ltr'><strong>(Psat.</strong></span> <span class='ocrx_word' id='word_1_401' title='bbox 1534 3720 1621 3775; x_wconf 83' lang='lat'><strong>58.</strong></span> <span class='ocrx_word' id='word_1_402' title='bbox 1676 3720 1731 3789; x_wconf 87' lang='grc'>6)</span> <span class='ocrx_word' id='word_1_403' title='bbox 1763 3760 1777 3783; x_wconf 93' lang='lat'><strong>,</strong></span> <span class='ocrx_word' id='word_1_404' title='bbox 1807 3720 1945 3789; x_wconf 90' lang='lat' dir='ltr'><strong>quod</strong></span> <span class='ocrx_word' id='word_1_405' title='bbox 1973 3718 2187 3776; x_wconf 76' lang='lat' dir='ltr'><strong>sincere</strong></span> 
     </span>
    </p>
   </div>
   <div class='ocr_carea' id='block_1_49' title="bbox 622 3790 2188 3860">
    <p class='ocr_par' dir='ltr' id='par_1_49' title="bbox 622 3790 2188 3860">
     <span class='ocr_line' id='line_1_51' title="bbox 622 3790 2188 3860; baseline 0.001 -15"><span class='ocrx_word' id='word_1_406' title='bbox 622 3794 685 3845; x_wconf 90' lang='lat' dir='ltr'><strong>ad</strong></span> <span class='ocrx_word' id='word_1_407' title='bbox 712 3802 761 3847; x_wconf 91' lang='lat' dir='ltr'><strong>te</strong></span> <span class='ocrx_word' id='word_1_408' title='bbox 792 3792 995 3845; x_wconf 86' lang='lat' dir='ltr'><strong>veniam</strong></span> <span class='ocrx_word' id='word_1_409' title='bbox 1022 3830 1037 3857; x_wconf 92' lang='lat'><strong>,</strong></span> <span class='ocrx_word' id='word_1_410' title='bbox 1065 3806 1191 3846; x_wconf 85' lang='lat' dir='ltr'><strong>vere</strong></span> <span class='ocrx_word' id='word_1_411' title='bbox 1221 3790 1585 3860; x_wconf 70' lang='lat' dir='ltr'><strong>paenitentiam</strong></span> <span class='ocrx_word' id='word_1_412' title='bbox 1612 3790 1921 3859; x_wconf 80' lang='lat' dir='ltr'><strong>amplecmr.</strong></span> <span class='ocrx_word' id='word_1_413' title='bbox 1966 3790 2188 3858; x_wconf 80' lang='lat' dir='ltr'><strong>Excepit</strong></span> 
     </span>
    </p>
   </div>
   <div class='ocr_carea' id='block_1_50' title="bbox 631 3860 2187 3929">
    <p class='ocr_par' dir='ltr' id='par_1_50' title="bbox 631 3860 2187 3929">
     <span class='ocr_line' id='line_1_52' title="bbox 631 3860 2187 3929; baseline 0.002 -18"><span class='ocrx_word' id='word_1_414' title='bbox 631 3874 779 3929; x_wconf 85' lang='lat' dir='ltr'><strong>pater</strong></span> <span class='ocrx_word' id='word_1_415' title='bbox 808 3861 973 3916; x_wconf 84' lang='lat' dir='ltr'><strong>[ilium</strong></span> <span class='ocrx_word' id='word_1_416' title='bbox 1008 3880 1019 3914; x_wconf 92' lang='lat'>:</span> <span class='ocrx_word' id='word_1_417' title='bbox 1055 3862 1142 3916; x_wconf 90' lang='lat' dir='ltr'><strong>ille</strong></span> <span class='ocrx_word' id='word_1_418' title='bbox 1175 3877 1300 3915; x_wconf 85' lang='lat' dir='ltr'><strong>vero</strong></span> <span class='ocrx_word' id='word_1_419' title='bbox 1328 3861 1460 3929; x_wconf 88' lang='lat' dir='ltr'><strong>patri</strong></span> <span class='ocrx_word' id='word_1_420' title='bbox 1488 3860 1621 3915; x_wconf 82' lang='lat' dir='ltr'><strong>dixit</strong></span> <span class='ocrx_word' id='word_1_421' title='bbox 1652 3876 1665 3913; x_wconf 89' lang='lat'><strong>:</strong></span> <span class='ocrx_word' id='word_1_422' title='bbox 1702 3860 1944 3923; x_wconf 83' lang='lat' dir='ltr'><strong>Peccavi;</strong></span> <span class='ocrx_word' id='word_1_423' title='bbox 1965 3862 2187 3927; x_wconf 81' lang='lat' dir='ltr'><strong>iamnon</strong></span> 
     </span>
    </p>
   </div>
   <div class='ocr_carea' id='block_1_51' title="bbox 622 3930 2190 4002">
    <p class='ocr_par' dir='ltr' id='par_1_51' title="bbox 622 3930 2190 4002">
     <span class='ocr_line' id='line_1_53' title="bbox 622 3930 2190 4002; baseline 0 -17"><span class='ocrx_word' id='word_1_424' title='bbox 622 3948 735 3985; x_wconf 80' lang='lat' dir='ltr'><strong>sum</strong></span> <span class='ocrx_word' id='word_1_425' title='bbox 776 3931 958 4002; x_wconf 84' lang='lat' dir='ltr'><strong>dignus</strong></span> <span class='ocrx_word' id='word_1_426' title='bbox 993 3932 1157 4002; x_wconf 78' lang='lat' dir='ltr'><strong>vocari</strong></span> <span class='ocrx_word' id='word_1_427' title='bbox 1188 3932 1325 4002; x_wconf 84' lang='lat' dir='ltr'><strong>ﬁlius</strong></span> <span class='ocrx_word' id='word_1_428' title='bbox 1355 3942 1471 3984; x_wconf 88' lang='lat' dir='ltr'><strong>tuus</strong></span> <span class='ocrx_word' id='word_1_429' title='bbox 1503 3947 1521 3983; x_wconf 89' lang='lat'><strong><em>:</em></strong></span> <span class='ocrx_word' id='word_1_430' title='bbox 1542 3934 1627 3999; x_wconf 73' lang='lat' dir='ltr'><strong>[ac</strong></span> <span class='ocrx_word' id='word_1_431' title='bbox 1656 3946 1734 3983; x_wconf 89' lang='lat' dir='ltr'><strong>me</strong></span> <span class='ocrx_word' id='word_1_432' title='bbox 1756 3930 1908 4002; x_wconf 7' lang='lat' dir='ltr'><strong>sicut,</strong></span> <span class='ocrx_word' id='word_1_433' title='bbox 1932 3947 2087 3984; x_wconf 87' lang='lat' dir='ltr'><strong>unum</strong></span> <span class='ocrx_word' id='word_1_434' title='bbox 2129 3948 2190 3985; x_wconf 72' lang='lat' dir='ltr'><strong>ea:</strong></span> 
     </span>
    </p>
   </div>
   <div class='ocr_carea' id='block_1_52' title="bbox 624 3999 2189 4068">
    <p class='ocr_par' dir='ltr' id='par_1_52' title="bbox 624 3999 2189 4068">
     <span class='ocr_line' id='line_1_54' title="bbox 624 3999 2189 4068; baseline 0.003 -17"><span class='ocrx_word' id='word_1_435' title='bbox 624 3999 940 4056; x_wconf 70' lang='lat' dir='ltr'><strong>mercenariis</strong></span> <span class='ocrx_word' id='word_1_436' title='bbox 969 4004 1084 4056; x_wconf 83' lang='lat' dir='ltr'><strong>tuis.</strong></span> <span class='ocrx_word' id='word_1_437' title='bbox 1119 4001 1214 4055; x_wconf 83' lang='lat' dir='ltr'><strong>Hic</strong></span> <span class='ocrx_word' id='word_1_438' title='bbox 1242 4001 1387 4055; x_wconf 89' lang='lat' dir='ltr'><strong>illum</strong></span> <span class='ocrx_word' id='word_1_439' title='bbox 1414 4011 1562 4067; x_wconf 87' lang='lat' dir='ltr'><strong>pater</strong></span> <span class='ocrx_word' id='word_1_440' title='bbox 1585 4016 1687 4053; x_wconf 90' lang='lat' dir='ltr'><strong>non</strong></span> <span class='ocrx_word' id='word_1_441' title='bbox 1719 3999 2003 4068; x_wconf 83' lang='lat' dir='ltr'><strong>alloquitur</strong></span> <span class='ocrx_word' id='word_1_442' title='bbox 2032 4042 2045 4063; x_wconf 84' lang='lat'><strong>,</strong></span> <span class='ocrx_word' id='word_1_443' title='bbox 2093 4016 2189 4055; x_wconf 90' lang='lat' dir='ltr'><strong>nec</strong></span> 
     </span>
    </p>
   </div>
   <div class='ocr_carea' id='block_1_53' title="bbox 626 4068 2190 4139">
    <p class='ocr_par' dir='ltr' id='par_1_53' title="bbox 626 4068 2190 4139">
     <span class='ocr_line' id='line_1_55' title="bbox 626 4068 2190 4139; baseline 0 -15"><span class='ocrx_word' id='word_1_444' title='bbox 626 4072 909 4137; x_wconf 71' lang='lat' dir='ltr'><strong>respondet</strong></span> <span class='ocrx_word' id='word_1_445' title='bbox 948 4071 1087 4139; x_wconf 91' lang='lat' dir='ltr'><strong>ipsi,</strong></span> <span class='ocrx_word' id='word_1_446' title='bbox 1120 4071 1213 4124; x_wconf 91' lang='lat' dir='ltr'><strong>sed</strong></span> <span class='ocrx_word' id='word_1_447' title='bbox 1255 4070 1425 4126; x_wconf 81' lang='lat' dir='ltr'><strong>servis</strong></span> <span class='ocrx_word' id='word_1_448' title='bbox 1464 4071 1583 4139; x_wconf 86' lang='lat' dir='ltr'><strong>suis</strong></span> <span class='ocrx_word' id='word_1_449' title='bbox 1607 4070 1734 4123; x_wconf 90' lang='lat' dir='ltr'><strong>dicit</strong></span> <span class='ocrx_word' id='word_1_450' title='bbox 1766 4085 1779 4121; x_wconf 90' lang='lat'><strong><em>:</em></strong></span> <span class='ocrx_word' id='word_1_451' title='bbox 1816 4068 2048 4138; x_wconf 73' lang='lat' dir='ltr'><strong>Proferte</strong></span> <span class='ocrx_word' id='word_1_452' title='bbox 2092 4072 2190 4139; x_wconf 88' lang='lat' dir='ltr'><strong>ipsi</strong></span> 
     </span>
    </p>
   </div>
   <div class='ocr_carea' id='block_1_54' title="bbox 624 4138 2187 4212">
    <p class='ocr_par' dir='ltr' id='par_1_54' title="bbox 624 4138 2187 4212">
     <span class='ocr_line' id='line_1_56' title="bbox 624 4138 2187 4212; baseline 0.001 -19"><span class='ocrx_word' id='word_1_453' title='bbox 624 4142 805 4193; x_wconf 82' lang='lat' dir='ltr'><strong>stolam</strong></span> <span class='ocrx_word' id='word_1_454' title='bbox 835 4138 1047 4212; x_wconf 71' lang='lat' dir='ltr'><strong>primum</strong></span> <span class='ocrx_word' id='word_1_455' title='bbox 1090 4142 1108 4212; x_wconf 92' lang='lat'>(</span> <span class='ocrx_word' id='word_1_456' title='bbox 1140 4140 1265 4193; x_wconf 88' lang='lat' dir='ltr'><strong>Luc.</strong></span> <span class='ocrx_word' id='word_1_457' title='bbox 1296 4142 1382 4195; x_wconf 86' lang='grc'><strong>17.</strong></span> <span class='ocrx_word' id='word_1_458' title='bbox 1414 4138 1484 4193; x_wconf 68' lang='grc'>22</span> <span class='ocrx_word' id='word_1_459' title='bbox 1514 4141 1571 4212; x_wconf 76' lang='lat'><strong>)._</strong></span> <span class='ocrx_word' id='word_1_460' title='bbox 1590 4140 1723 4205; x_wconf 86' lang='lat' dir='ltr'><strong>Quid</strong></span> <span class='ocrx_word' id='word_1_461' title='bbox 1771 4140 1869 4193; x_wconf 86' lang='lat' dir='ltr'><strong>sibi</strong></span> <span class='ocrx_word' id='word_1_462' title='bbox 1917 4141 2027 4193; x_wconf 88' lang='lat' dir='ltr'><strong>vult</strong></span> <span class='ocrx_word' id='word_1_463' title='bbox 2059 4138 2187 4195; x_wconf 90' lang='lat' dir='ltr'><strong>illud</strong></span> 
     </span>
    </p>
   </div>
   <div class='ocr_carea' id='block_1_55' title="bbox 626 4210 2188 4279">
    <p class='ocr_par' dir='ltr' id='par_1_55' title="bbox 626 4210 2188 4279">
     <span class='ocr_line' id='line_1_57' title="bbox 626 4210 2188 4279; baseline 0.001 -16"><span class='ocrx_word' id='word_1_464' title='bbox 626 4212 845 4279; x_wconf 75' lang='lat' dir='ltr'><strong>:nnigma</strong></span> <span class='ocrx_word' id='word_1_465' title='bbox 877 4210 899 4262; x_wconf 83' lang='lat'><strong>?</strong></span> <span class='ocrx_word' id='word_1_466' title='bbox 938 4210 1113 4266; x_wconf 82' lang='lat' dir='ltr'><strong>Multis</strong></span> <span class='ocrx_word' id='word_1_467' title='bbox 1141 4220 1385 4279; x_wconf 84' lang='lat' dir='ltr'><strong>precatur</strong></span> <span class='ocrx_word' id='word_1_468' title='bbox 1434 4210 1697 4278; x_wconf 71' lang='lat' dir='ltr'><strong>ptenitcns</strong></span> <span class='ocrx_word' id='word_1_469' title='bbox 1724 4252 1737 4275; x_wconf 96' lang='lat'><strong>,</strong></span> <span class='ocrx_word' id='word_1_470' title='bbox 1788 4212 2188 4278; x_wconf 82' lang='lat' dir='ltr'><strong>reSponsioucm</strong></span> 
     </span>
    </p>
   </div>
   <div class='ocr_carea' id='block_1_56' title="bbox 628 4280 2190 4350">
    <p class='ocr_par' dir='ltr' id='par_1_56' title="bbox 628 4280 2190 4350">
     <span class='ocr_line' id='line_1_58' title="bbox 628 4280 2190 4350; baseline 0.001 -17"><span class='ocrx_word' id='word_1_471' title='bbox 628 4296 733 4334; x_wconf 79' lang='lat' dir='ltr'><strong>nun</strong></span> <span class='ocrx_word' id='word_1_472' title='bbox 764 4282 966 4335; x_wconf 89' lang='lat' dir='ltr'><strong>obtinet</strong></span> <span class='ocrx_word' id='word_1_473' title='bbox 990 4323 1003 4345; x_wconf 85' lang='lat'><strong>.</strong></span> <span class='ocrx_word' id='word_1_474' title='bbox 1034 4281 1127 4336; x_wconf 90' lang='lat' dir='ltr'><strong>sed</strong></span> <span class='ocrx_word' id='word_1_475' title='bbox 1159 4296 1319 4349; x_wconf 90' lang='lat' dir='ltr'><strong>opere</strong></span> <span class='ocrx_word' id='word_1_476' title='bbox 1345 4280 1681 4335; x_wconf 89' lang='lat' dir='ltr'><strong>clementiam</strong></span> <span class='ocrx_word' id='word_1_477' title='bbox 1713 4280 1873 4333; x_wconf 85' lang='lat' dir='ltr'><strong>videt.</strong></span> <span class='ocrx_word' id='word_1_478' title='bbox 1906 4281 2037 4335; x_wconf 83' lang='lat' dir='ltr'><strong>Hinc</strong></span> <span class='ocrx_word' id='word_1_479' title='bbox 2068 4298 2190 4350; x_wconf 87' lang='lat' dir='ltr'><strong>pcr-</strong></span> 
     </span>
    </p>
   </div>
   <div class='ocr_carea' id='block_1_57' title="bbox 625 4350 2189 4419">
    <p class='ocr_par' dir='ltr' id='par_1_57' title="bbox 625 4350 2189 4419">
     <span class='ocr_line' id='line_1_59' title="bbox 625 4350 2189 4419; baseline 0.003 -18"><span class='ocrx_word' id='word_1_480' title='bbox 625 4352 897 4418; x_wconf 70' lang='lat' dir='ltr'><strong>spieimus,</strong></span> <span class='ocrx_word' id='word_1_481' title='bbox 932 4353 1295 4419; x_wconf 74' lang='lat' dir='ltr'><strong>paenitentiam</strong></span> <span class='ocrx_word' id='word_1_482' title='bbox 1328 4360 1563 4404; x_wconf 87' lang='lat' dir='ltr'><strong>nostram</strong></span> <span class='ocrx_word' id='word_1_483' title='bbox 1598 4352 1788 4412; x_wconf 81' lang='lat' dir='ltr'><strong>verbis,</strong></span> <span class='ocrx_word' id='word_1_484' title='bbox 1822 4351 1913 4403; x_wconf 88' lang='lat' dir='ltr'><strong>Dei</strong></span> <span class='ocrx_word' id='word_1_485' title='bbox 1946 4350 2189 4419; x_wconf 85' lang='lat' dir='ltr'><strong>benigni-</strong></span> 
     </span>
    </p>
   </div>
   <div class='ocr_carea' id='block_1_58' title="bbox 628 4419 2187 4490">
    <p class='ocr_par' dir='ltr' id='par_1_58' title="bbox 628 4419 2187 4490">
     <span class='ocr_line' id='line_1_60' title="bbox 628 4419 2187 4490; baseline -0.001 -17"><span class='ocrx_word' id='word_1_486' title='bbox 628 4432 789 4475; x_wconf 81' lang='lat' dir='ltr'><strong>tatem</strong></span> <span class='ocrx_word' id='word_1_487' title='bbox 818 4422 1064 4490; x_wconf 86' lang='lat' dir='ltr'><strong>operibus</strong></span> <span class='ocrx_word' id='word_1_488' title='bbox 1085 4421 1330 4488; x_wconf 85' lang='lat' dir='ltr'><strong>exprimi.</strong></span> <span class='ocrx_word' id='word_1_489' title='bbox 1364 4419 1597 4473; x_wconf 79' lang='lat' dir='ltr'><strong>Proferte</strong></span> <span class='ocrx_word' id='word_1_490' title='bbox 1621 4420 1695 4472; x_wconf 82' lang='lat' dir='ltr'><strong>illi</strong></span> <span class='ocrx_word' id='word_1_491' title='bbox 1727 4419 1909 4490; x_wconf 77' lang='lat' dir='ltr'><strong>stolam</strong></span> <span class='ocrx_word' id='word_1_492' title='bbox 1933 4422 2146 4489; x_wconf 76' lang='lat' dir='ltr'><strong>primani</strong></span> <span class='ocrx_word' id='word_1_493' title='bbox 2173 4462 2187 4485; x_wconf 87' lang='lat'><strong>,</strong></span> 
     </span>
    </p>
   </div>
   <div class='ocr_carea' id='block_1_59' title="bbox 626 4488 2193 4559">
    <p class='ocr_par' dir='ltr' id='par_1_59' title="bbox 626 4488 2193 4559">
     <span class='ocr_line' id='line_1_61' title="bbox 626 4488 2193 4559; baseline 0.003 -18"><span class='ocrx_word' id='word_1_494' title='bbox 626 4506 782 4559; x_wconf 78' lang='lat' dir='ltr'><strong>quam</strong></span> <span class='ocrx_word' id='word_1_495' title='bbox 838 4488 928 4559; x_wconf 81' lang='lat' dir='ltr'><strong>per</strong></span> <span class='ocrx_word' id='word_1_496' title='bbox 976 4490 1451 4559; x_wconf 79' lang='lat' dir='ltr'><strong>transgressionem</strong></span> <span class='ocrx_word' id='word_1_497' title='bbox 1504 4490 1731 4557; x_wconf 88' lang='lat' dir='ltr'><strong>perdidit</strong></span> <span class='ocrx_word' id='word_1_498' title='bbox 1779 4507 1791 4541; x_wconf 92' lang='lat'><strong>:</strong></span> <span class='ocrx_word' id='word_1_499' title='bbox 1832 4488 1963 4541; x_wconf 83' lang='lat' dir='ltr'><strong>Date</strong></span> <span class='ocrx_word' id='word_1_500' title='bbox 1999 4506 2193 4558; x_wconf 85' lang='lat' dir='ltr'><strong>quoque</strong></span> 
     </span>
    </p>
   </div>
   <div class='ocr_carea' id='block_1_60' title="bbox 628 4560 2190 4631">
    <p class='ocr_par' dir='ltr' id='par_1_60' title="bbox 628 4560 2190 4631">
     <span class='ocr_line' id='line_1_62' title="bbox 628 4560 2190 4631; baseline 0.001 -18"><span class='ocrx_word' id='word_1_501' title='bbox 628 4562 724 4629; x_wconf 87' lang='lat' dir='ltr'><strong>ipsi</strong></span> <span class='ocrx_word' id='word_1_502' title='bbox 748 4562 1101 4615; x_wconf 86' lang='lat' dir='ltr'><strong>calceamenta.</strong></span> <span class='ocrx_word' id='word_1_503' title='bbox 1134 4560 1351 4631; x_wconf 84' lang='lat' dir='ltr'><strong>Quare?</strong></span> <span class='ocrx_word' id='word_1_504' title='bbox 1381 4560 1512 4631; x_wconf 84' lang='lat' dir='ltr'><strong>Quia</strong></span> <span class='ocrx_word' id='word_1_505' title='bbox 1542 4573 1761 4631; x_wconf 81' lang='lat' dir='ltr'><strong>serpens</strong></span> <span class='ocrx_word' id='word_1_506' title='bbox 1791 4569 2067 4626; x_wconf 81' lang='lat' dir='ltr'><strong>peccantes</strong></span> <span class='ocrx_word' id='word_1_507' title='bbox 2098 4577 2190 4631; x_wconf 84' lang='lat' dir='ltr'><strong>op-</strong></span> 
     </span>
    </p>
   </div>
   <div class='ocr_carea' id='block_1_61' title="bbox 629 4628 2188 4700">
    <p class='ocr_par' dir='ltr' id='par_1_61' title="bbox 629 4628 2188 4700">
     <span class='ocr_line' id='line_1_63' title="bbox 629 4628 2188 4700; baseline 0 -17"><span class='ocrx_word' id='word_1_508' title='bbox 629 4641 841 4700; x_wconf 79' lang='lat' dir='ltr'><strong>pugnat,</strong></span> <span class='ocrx_word' id='word_1_509' title='bbox 870 4631 1157 4687; x_wconf 86' lang='lat' dir='ltr'><strong>secundum</strong></span> <span class='ocrx_word' id='word_1_510' title='bbox 1191 4630 1316 4683; x_wconf 90' lang='lat' dir='ltr'><strong>illud</strong></span> <span class='ocrx_word' id='word_1_511' title='bbox 1352 4646 1365 4682; x_wconf 89' lang='lat'><strong>:</strong></span> <span class='ocrx_word' id='word_1_512' title='bbox 1394 4628 1515 4699; x_wconf 85' lang='lat' dir='ltr'><strong>Ipse</strong></span> <span class='ocrx_word' id='word_1_513' title='bbox 1535 4628 1809 4700; x_wconf 68' lang='lat' dir='ltr'><strong>observabit</strong></span> <span class='ocrx_word' id='word_1_514' title='bbox 1835 4640 1984 4697; x_wconf 85' lang='lat' dir='ltr'><strong>caput</strong></span> <span class='ocrx_word' id='word_1_515' title='bbox 2006 4628 2188 4697; x_wconf 86' lang='lat' dir='ltr'><strong>meum,</strong></span> 
     </span>
    </p>
   </div>
   <div class='ocr_carea' id='block_1_62' title="bbox 627 4698 2188 4770">
    <p class='ocr_par' dir='ltr' id='par_1_62' title="bbox 627 4698 2188 4770">
     <span class='ocr_line' id='line_1_64' title="bbox 627 4698 2188 4770; baseline 0.001 -18"><span class='ocrx_word' id='word_1_516' title='bbox 627 4698 673 4753; x_wconf 77' lang='lat' dir='ltr'><strong>et</strong></span> <span class='ocrx_word' id='word_1_517' title='bbox 702 4698 754 4754; x_wconf 78' lang='lat' dir='ltr'><strong>tu</strong></span> <span class='ocrx_word' id='word_1_518' title='bbox 780 4702 1090 4755; x_wconf 83' lang='lat' dir='ltr'><strong>insidiaberis</strong></span> <span class='ocrx_word' id='word_1_519' title='bbox 1133 4702 1369 4753; x_wconf 86' lang='lat' dir='ltr'><strong>calcaneo</strong></span> <span class='ocrx_word' id='word_1_520' title='bbox 1409 4702 1516 4769; x_wconf 88' lang='lat' dir='ltr'><strong>ejus</strong></span> <span class='ocrx_word' id='word_1_521' title='bbox 1551 4698 1698 4770; x_wconf 83' lang='lat' dir='ltr'><strong>(Gen.</strong></span> <span class='ocrx_word' id='word_1_522' title='bbox 1731 4700 1929 4770; x_wconf 55' lang='lat'><strong>3.15).</strong></span> <span class='ocrx_word' id='word_1_523' title='bbox 1958 4700 2035 4755; x_wconf 88' lang='lat' dir='ltr'><strong>Ne</strong></span> <span class='ocrx_word' id='word_1_524' title='bbox 2067 4716 2188 4768; x_wconf 85' lang='lat' dir='ltr'><strong>per-</strong></span> 
     </span>
    </p>
   </div>
   <div class='ocr_carea' id='block_1_63' title="bbox 630 4768 2193 4841">
    <p class='ocr_par' dir='ltr' id='par_1_63' title="bbox 630 4768 2193 4841">
     <span class='ocr_line' id='line_1_65' title="bbox 630 4768 2193 4841; baseline 0.001 -18"><span class='ocrx_word' id='word_1_525' title='bbox 630 4772 859 4825; x_wconf 88' lang='lat' dir='ltr'><strong>niciosus</strong></span> <span class='ocrx_word' id='word_1_526' title='bbox 888 4786 1107 4841; x_wconf 85' lang='lat' dir='ltr'><strong>serpens</strong></span> <span class='ocrx_word' id='word_1_527' title='bbox 1123 4771 1189 4825; x_wconf 89' lang='lat' dir='ltr'><strong>ad</strong></span> <span class='ocrx_word' id='word_1_528' title='bbox 1213 4771 1409 4841; x_wconf 87' lang='lat' dir='ltr'><strong>nudum</strong></span> <span class='ocrx_word' id='word_1_529' title='bbox 1429 4768 1625 4840; x_wconf 86' lang='lat' dir='ltr'><strong>pedem</strong></span> <span class='ocrx_word' id='word_1_530' title='bbox 1648 4768 1893 4833; x_wconf 72' lang='lat' dir='ltr'><strong>accedat,</strong></span> <span class='ocrx_word' id='word_1_531' title='bbox 1920 4785 2050 4824; x_wconf 88' lang='lat' dir='ltr'><strong>neve</strong></span> <span class='ocrx_word' id='word_1_532' title='bbox 2076 4786 2193 4824; x_wconf 90' lang='lat' dir='ltr'><strong>rur-</strong></span> 
     </span>
    </p>
   </div>
   <div class='ocr_carea' id='block_1_64' title="bbox 630 4840 2193 4909">
    <p class='ocr_par' dir='ltr' id='par_1_64' title="bbox 630 4840 2193 4909">
     <span class='ocr_line' id='line_1_66' title="bbox 630 4840 2193 4909; baseline 0 -14"><span class='ocrx_word' id='word_1_533' title='bbox 630 4856 747 4895; x_wconf 89' lang='lat' dir='ltr'><strong>sum</strong></span> <span class='ocrx_word' id='word_1_534' title='bbox 776 4857 1034 4895; x_wconf 86' lang='lat' dir='ltr'><strong>vcnenum</strong></span> <span class='ocrx_word' id='word_1_535' title='bbox 1069 4843 1267 4909; x_wconf 85' lang='lat' dir='ltr'><strong>peccati</strong></span> <span class='ocrx_word' id='word_1_536' title='bbox 1298 4840 1531 4895; x_wconf 77' lang='lat' dir='ltr'><strong>effundat</strong></span> <span class='ocrx_word' id='word_1_537' title='bbox 1576 4842 1829 4894; x_wconf 86' lang='lat' dir='ltr'><strong>adversus</strong></span> <span class='ocrx_word' id='word_1_538' title='bbox 1859 4854 1979 4893; x_wconf 88' lang='lat' dir='ltr'><strong>eum</strong></span> <span class='ocrx_word' id='word_1_539' title='bbox 2004 4882 2018 4905; x_wconf 93' lang='lat'><strong>,</strong></span> <span class='ocrx_word' id='word_1_540' title='bbox 2048 4843 2133 4909; x_wconf 91' lang='lat' dir='ltr'><strong>qui</strong></span> <span class='ocrx_word' id='word_1_541' title='bbox 2163 4859 2193 4895; x_wconf 91' lang='lat' dir='ltr'><strong>a</strong></span> 
     </span>
    </p>
   </div>
   <div class='ocr_carea' id='block_1_65' title="bbox 632 4910 2195 4979">
    <p class='ocr_par' dir='ltr' id='par_1_65' title="bbox 632 4910 2195 4979">
     <span class='ocr_line' id='line_1_67' title="bbox 632 4910 2195 4979; baseline -0.001 -13"><span class='ocrx_word' id='word_1_542' title='bbox 632 4921 846 4979; x_wconf 88' lang='lat' dir='ltr'><strong>peccato</strong></span> <span class='ocrx_word' id='word_1_543' title='bbox 875 4912 1124 4965; x_wconf 87' lang='lat' dir='ltr'><strong>liberatus</strong></span> <span class='ocrx_word' id='word_1_544' title='bbox 1149 4920 1250 4975; x_wconf 87' lang='lat' dir='ltr'><strong>est,</strong></span> <span class='ocrx_word' id='word_1_545' title='bbox 1274 4911 1627 4965; x_wconf 85' lang='lat' dir='ltr'><strong>calceamenta</strong></span> <span class='ocrx_word' id='word_1_546' title='bbox 1654 4911 1749 4979; x_wconf 88' lang='lat' dir='ltr'><strong>ipsi</strong></span> <span class='ocrx_word' id='word_1_547' title='bbox 1772 4910 1990 4979; x_wconf 86' lang='lat' dir='ltr'><strong>apponit</strong></span> <span class='ocrx_word' id='word_1_548' title='bbox 2017 4910 2079 4963; x_wconf 89' lang='lat' dir='ltr'><strong>ad</strong></span> <span class='ocrx_word' id='word_1_549' title='bbox 2114 4920 2195 4964; x_wconf 85' lang='lat' dir='ltr'><strong>tu-</strong></span> 
     </span>
    </p>
   </div>
   <div class='ocr_carea' id='block_1_66' title="bbox 632 4980 2198 5049">
    <p class='ocr_par' dir='ltr' id='par_1_66' title="bbox 632 4980 2198 5049">
     <span class='ocr_line' id='line_1_68' title="bbox 632 4980 2198 5049; baseline 0.001 -14"><span class='ocrx_word' id='word_1_550' title='bbox 632 4982 810 5036; x_wconf 73' lang='lat' dir='ltr'><strong>telam.</strong></span> <span class='ocrx_word' id='word_1_551' title='bbox 842 4982 952 5036; x_wconf 87' lang='lat' dir='ltr'><strong>Nisi</strong></span> <span class='ocrx_word' id='word_1_552' title='bbox 982 4981 1124 5036; x_wconf 90' lang='lat' dir='ltr'><strong>enim</strong></span> <span class='ocrx_word' id='word_1_553' title='bbox 1154 4982 1507 5035; x_wconf 88' lang='lat' dir='ltr'><strong>calceamenta</strong></span> <span class='ocrx_word' id='word_1_554' title='bbox 1531 4980 1795 5049; x_wconf 89' lang='lat' dir='ltr'><strong>acceperit</strong></span> <span class='ocrx_word' id='word_1_555' title='bbox 1827 5021 1841 5044; x_wconf 95' lang='lat'><strong>,</strong></span> <span class='ocrx_word' id='word_1_556' title='bbox 1888 4996 1994 5033; x_wconf 92' lang='lat' dir='ltr'><strong>non</strong></span> <span class='ocrx_word' id='word_1_557' title='bbox 2024 4989 2198 5049; x_wconf 87' lang='lat' dir='ltr'><strong>potest</strong></span> 
     </span>
    </p>
   </div>
   <div class='ocr_carea' id='block_1_67' title="bbox 631 5051 2198 5120">
    <p class='ocr_par' dir='ltr' id='par_1_67' title="bbox 631 5051 2198 5120">
     <span class='ocr_line' id='line_1_69' title="bbox 631 5051 2198 5120; baseline -0.001 -16"><span class='ocrx_word' id='word_1_558' title='bbox 631 5053 835 5106; x_wconf 86' lang='lat' dir='ltr'><strong>calcare</strong></span> <span class='ocrx_word' id='word_1_559' title='bbox 865 5068 1021 5119; x_wconf 81' lang='lat' dir='ltr'><strong>supra</strong></span> <span class='ocrx_word' id='word_1_560' title='bbox 1068 5059 1341 5120; x_wconf 81' lang='lat' dir='ltr'><strong>serpentes</strong></span> <span class='ocrx_word' id='word_1_561' title='bbox 1368 5059 1420 5104; x_wconf 90' lang='lat' dir='ltr'><strong>et</strong></span> <span class='ocrx_word' id='word_1_562' title='bbox 1446 5051 1752 5119; x_wconf 88' lang='lat' dir='ltr'><strong>scorpiones</strong></span> <span class='ocrx_word' id='word_1_563' title='bbox 1772 5094 1786 5113; x_wconf 90' lang='lat'><strong>,</strong></span> <span class='ocrx_word' id='word_1_564' title='bbox 1817 5058 1870 5105; x_wconf 91' lang='lat' dir='ltr'><strong>et</strong></span> <span class='ocrx_word' id='word_1_565' title='bbox 1895 5066 2051 5119; x_wconf 84' lang='lat' dir='ltr'><strong>supra</strong></span> <span class='ocrx_word' id='word_1_566' title='bbox 2083 5066 2198 5105; x_wconf 90' lang='lat' dir='ltr'><strong>om-</strong></span> 
     </span>
    </p>
   </div>
   <div class='ocr_carea' id='block_1_68' title="bbox 637 5119 2195 5188">
    <p class='ocr_par' dir='ltr' id='par_1_68' title="bbox 637 5119 2195 5188">
     <span class='ocr_line' id='line_1_70' title="bbox 637 5119 2195 5188; baseline 0.003 -15"><span class='ocrx_word' id='word_1_567' title='bbox 637 5137 755 5175; x_wconf 86' lang='lat' dir='ltr'><strong>nem</strong></span> <span class='ocrx_word' id='word_1_568' title='bbox 789 5124 1033 5177; x_wconf 76' lang='lat' dir='ltr'><strong>virtutem</strong></span> <span class='ocrx_word' id='word_1_569' title='bbox 1067 5122 1263 5175; x_wconf 82' lang='lat' dir='ltr'><strong>iniiuici</strong></span> <span class='ocrx_word' id='word_1_570' title='bbox 1290 5122 1307 5186; x_wconf 86' lang='lat'>(</span> <span class='ocrx_word' id='word_1_571' title='bbox 1334 5119 1460 5172; x_wconf 86' lang='lat' dir='ltr'><strong>Luc.</strong></span> <span class='ocrx_word' id='word_1_572' title='bbox 1493 5121 1577 5175; x_wconf 86' lang='grc'><strong>10.</strong></span> <span class='ocrx_word' id='word_1_573' title='bbox 1612 5121 1675 5176; x_wconf 89' lang='grc'><strong>19</strong></span> <span class='ocrx_word' id='word_1_574' title='bbox 1706 5121 1743 5188; x_wconf 94' lang='grc'><strong>).</strong></span> <span class='ocrx_word' id='word_1_575' title='bbox 1769 5122 1891 5174; x_wconf 79' lang='lat' dir='ltr'><strong>Ideo</strong></span> <span class='ocrx_word' id='word_1_576' title='bbox 1940 5120 2195 5177; x_wconf 85' lang='lat' dir='ltr'><strong>adversus</strong></span> 
     </span>
    </p>
   </div>
   <div class='ocr_carea' id='block_1_69' title="bbox 633 5191 2192 5261">
    <p class='ocr_par' dir='ltr' id='par_1_69' title="bbox 633 5191 2192 5261">
     <span class='ocr_line' id='line_1_71' title="bbox 633 5191 2192 5261; baseline 0.001 -18"><span class='ocrx_word' id='word_1_577' title='bbox 633 5193 898 5261; x_wconf 85' lang='lat' dir='ltr'><strong>serpentis</strong></span> <span class='ocrx_word' id='word_1_578' title='bbox 924 5208 1131 5246; x_wconf 89' lang='lat' dir='ltr'><strong>morsus</strong></span> <span class='ocrx_word' id='word_1_579' title='bbox 1158 5192 1403 5245; x_wconf 89' lang='lat' dir='ltr'><strong>muniens</strong></span> <span class='ocrx_word' id='word_1_580' title='bbox 1433 5191 1626 5245; x_wconf 84' lang='lat' dir='ltr'><strong>Paulus</strong></span> <span class='ocrx_word' id='word_1_581' title='bbox 1658 5232 1671 5256; x_wconf 90' lang='lat'><strong>,</strong></span> <span class='ocrx_word' id='word_1_582' title='bbox 1706 5192 1860 5244; x_wconf 90' lang='lat' dir='ltr'><strong>modo</strong></span> <span class='ocrx_word' id='word_1_583' title='bbox 1886 5192 2147 5245; x_wconf 84' lang='lat' dir='ltr'><strong>clamabat</strong></span> <span class='ocrx_word' id='word_1_584' title='bbox 2178 5207 2192 5245; x_wconf 87' lang='lat'><strong>:</strong></span> 
     </span>
    </p>
   </div>
   <div class='ocr_carea' id='block_1_70' title="bbox 636 5260 2189 5331">
    <p class='ocr_par' dir='ltr' id='par_1_70' title="bbox 636 5260 2189 5331">
     <span class='ocr_line' id='line_1_72' title="bbox 636 5260 2189 5331; baseline 0.001 -19"><span class='ocrx_word' id='word_1_585' title='bbox 636 5260 807 5313; x_wconf 81' lang='lat' dir='ltr'><strong>Timeo</strong></span> <span class='ocrx_word' id='word_1_586' title='bbox 832 5278 911 5324; x_wconf 86' lang='lat' dir='ltr'><strong>ne,</strong></span> <span class='ocrx_word' id='word_1_587' title='bbox 942 5263 1066 5316; x_wconf 86' lang='lat' dir='ltr'><strong>sicut</strong></span> <span class='ocrx_word' id='word_1_588' title='bbox 1090 5278 1292 5331; x_wconf 83' lang='lat' dir='ltr'><strong>serpens</strong></span> <span class='ocrx_word' id='word_1_589' title='bbox 1323 5261 1478 5314; x_wconf 86' lang='lat' dir='ltr'><strong>Evam</strong></span> <span class='ocrx_word' id='word_1_590' title='bbox 1508 5261 1703 5314; x_wconf 70' lang='lat' dir='ltr'><strong>seduxit</strong></span> <span class='ocrx_word' id='word_1_591' title='bbox 1728 5302 1743 5324; x_wconf 97' lang='lat'><strong>,</strong></span> <span class='ocrx_word' id='word_1_592' title='bbox 1766 5262 1835 5313; x_wconf 88' lang='lat' dir='ltr'><strong>ita</strong></span> <span class='ocrx_word' id='word_1_593' title='bbox 1862 5277 2189 5323; x_wconf 80' lang='lat' dir='ltr'><strong>corrumpan-</strong></span> 
     </span>
    </p>
   </div>
   <div class='ocr_carea' id='block_1_71' title="bbox 636 5330 2197 5402">
    <p class='ocr_par' dir='ltr' id='par_1_71' title="bbox 636 5330 2197 5402">
     <span class='ocr_line' id='line_1_73' title="bbox 636 5330 2197 5402; baseline 0.004 -21"><span class='ocrx_word' id='word_1_594' title='bbox 636 5342 717 5402; x_wconf 75' lang='lat' dir='ltr'><strong>tur</strong></span> <span class='ocrx_word' id='word_1_595' title='bbox 753 5334 1097 5402; x_wconf 84' lang='lat' dir='ltr'><strong>sensusvestri</strong></span> <span class='ocrx_word' id='word_1_596' title='bbox 1124 5349 1155 5383; x_wconf 90' lang='lat' dir='ltr'><strong>a</strong></span> <span class='ocrx_word' id='word_1_597' title='bbox 1175 5330 1493 5399; x_wconf 83' lang='lat' dir='ltr'><strong>simplicitate</strong></span> <span class='ocrx_word' id='word_1_598' title='bbox 1521 5373 1533 5393; x_wconf 84' lang='lat'><strong>,</strong></span> <span class='ocrx_word' id='word_1_599' title='bbox 1575 5346 1687 5400; x_wconf 70' lang='lat' dir='ltr'><strong>qua</strong></span> <span class='ocrx_word' id='word_1_600' title='bbox 1712 5340 1781 5383; x_wconf 88' lang='lat' dir='ltr'><strong>est</strong></span> <span class='ocrx_word' id='word_1_601' title='bbox 1804 5332 1855 5384; x_wconf 90' lang='lat' dir='ltr'><strong>in</strong></span> <span class='ocrx_word' id='word_1_602' title='bbox 1882 5330 2112 5402; x_wconf 85' lang='lat' dir='ltr'><strong>CItristo(</strong></span> <span class='ocrx_word' id='word_1_603' title='bbox 2138 5331 2197 5387; x_wconf 72' lang='grc'><strong>2.</strong></span> 
     </span>
    </p>
   </div>
   <div class='ocr_carea' id='block_1_72' title="bbox 634 5398 2193 5471">
    <p class='ocr_par' dir='ltr' id='par_1_72' title="bbox 634 5398 2193 5471">
     <span class='ocr_line' id='line_1_74' title="bbox 634 5398 2193 5471; baseline 0.004 -18"><span class='ocrx_word' id='word_1_604' title='bbox 634 5398 755 5455; x_wconf 85' lang='lat' dir='ltr'><strong>Cur.</strong></span> <span class='ocrx_word' id='word_1_605' title='bbox 787 5402 873 5455; x_wconf 88' lang='grc'><strong>11.</strong></span> <span class='ocrx_word' id='word_1_606' title='bbox 900 5400 975 5471; x_wconf 84' lang='grc'><strong>5).</strong></span> <span class='ocrx_word' id='word_1_607' title='bbox 1001 5402 1193 5456; x_wconf 82' lang='lat' dir='ltr'><strong>Verum</strong></span> <span class='ocrx_word' id='word_1_608' title='bbox 1223 5398 1308 5454; x_wconf 86' lang='lat' dir='ltr'><strong>hic</strong></span> <span class='ocrx_word' id='word_1_609' title='bbox 1335 5404 1569 5470; x_wconf 81' lang='lat' dir='ltr'><strong>exsurgit</strong></span> <span class='ocrx_word' id='word_1_610' title='bbox 1588 5398 1690 5455; x_wconf 84' lang='lat' dir='ltr'><strong>ceu</strong></span> <span class='ocrx_word' id='word_1_611' title='bbox 1714 5416 1905 5455; x_wconf 86' lang='lat' dir='ltr'><strong>novum</strong></span> <span class='ocrx_word' id='word_1_612' title='bbox 1931 5398 2193 5471; x_wconf 85' lang='lat' dir='ltr'><strong>quoddam</strong></span> 
     </span>
    </p>
   </div>
   <div class='ocr_carea' id='block_1_73' title="bbox 638 5471 2198 5542">
    <p class='ocr_par' dir='ltr' id='par_1_73' title="bbox 638 5471 2198 5542">
     <span class='ocr_line' id='line_1_75' title="bbox 638 5471 2198 5542; baseline 0.003 -21"><span class='ocrx_word' id='word_1_613' title='bbox 638 5471 995 5537; x_wconf 81' lang='lat' dir='ltr'><strong>spectaculum</strong></span> <span class='ocrx_word' id='word_1_614' title='bbox 1028 5512 1043 5537; x_wconf 94' lang='lat'><strong>,</strong></span> <span class='ocrx_word' id='word_1_615' title='bbox 1076 5471 1299 5542; x_wconf 67' lang='lat' dir='ltr'><strong>quaestio</strong></span> <span class='ocrx_word' id='word_1_616' title='bbox 1354 5487 1557 5542; x_wconf 71' lang='lat' dir='ltr'><strong>nempe</strong></span> <span class='ocrx_word' id='word_1_617' title='bbox 1608 5471 1695 5525; x_wconf 89' lang='lat' dir='ltr'><strong>illa</strong></span> <span class='ocrx_word' id='word_1_618' title='bbox 1750 5473 1974 5527; x_wconf 88' lang='lat' dir='ltr'><strong>celebris</strong></span> <span class='ocrx_word' id='word_1_619' title='bbox 2006 5492 2017 5525; x_wconf 89' lang='lat'><strong>:</strong></span> <span class='ocrx_word' id='word_1_620' title='bbox 2048 5474 2198 5526; x_wconf 90' lang='lat' dir='ltr'><strong>multi</strong></span> 
     </span>
    </p>
   </div>
   <div class='ocr_carea' id='block_1_74' title="bbox 636 5540 2197 5612">
    <p class='ocr_par' dir='ltr' id='par_1_74' title="bbox 636 5540 2197 5612">
     <span class='ocr_line' id='line_1_76' title="bbox 636 5540 2197 5612; baseline 0.003 -19"><span class='ocrx_word' id='word_1_621' title='bbox 636 5544 777 5612; x_wconf 68' lang='lat' dir='ltr'><strong>enim</strong></span> <span class='ocrx_word' id='word_1_622' title='bbox 809 5540 1127 5612; x_wconf 86' lang='lat' dir='ltr'><strong>creationem</strong></span> <span class='ocrx_word' id='word_1_623' title='bbox 1160 5542 1502 5612; x_wconf 89' lang='lat' dir='ltr'><strong>redarguunt.</strong></span> <span class='ocrx_word' id='word_1_624' title='bbox 1530 5540 1656 5605; x_wconf 89' lang='lat' dir='ltr'><strong>Cur,</strong></span> <span class='ocrx_word' id='word_1_625' title='bbox 1682 5542 1943 5612; x_wconf 88' lang='lat' dir='ltr'><strong>inquiunt,</strong></span> <span class='ocrx_word' id='word_1_626' title='bbox 1977 5557 2197 5611; x_wconf 90' lang='lat' dir='ltr'><strong>serpens</strong></span> 
     </span>
    </p>
   </div>
   <div class='ocr_carea' id='block_1_75' title="bbox 641 5610 2197 5680">
    <p class='ocr_par' dir='ltr' id='par_1_75' title="bbox 641 5610 2197 5680">
     <span class='ocr_line' id='line_1_77' title="bbox 641 5610 2197 5680; baseline 0.004 -19"><span class='ocrx_word' id='word_1_627' title='bbox 641 5610 691 5661; x_wconf 91' lang='lat' dir='ltr'><strong>iu</strong></span> <span class='ocrx_word' id='word_1_628' title='bbox 726 5611 967 5677; x_wconf 88' lang='lat' dir='ltr'><strong>paradiso</strong></span> <span class='ocrx_word' id='word_1_629' title='bbox 998 5611 1020 5664; x_wconf 88' lang='lat'><strong>?</strong></span> <span class='ocrx_word' id='word_1_630' title='bbox 1049 5626 1142 5665; x_wconf 90' lang='lat' dir='ltr'><strong>cur</strong></span> <span class='ocrx_word' id='word_1_631' title='bbox 1168 5610 1367 5680; x_wconf 85' lang='lat' dir='ltr'><strong>lignum</strong></span> <span class='ocrx_word' id='word_1_632' title='bbox 1400 5621 1596 5666; x_wconf 86' lang='lat' dir='ltr'><strong>tantam</strong></span> <span class='ocrx_word' id='word_1_633' title='bbox 1634 5611 1891 5666; x_wconf 85' lang='lat' dir='ltr'><strong>malorum</strong></span> <span class='ocrx_word' id='word_1_634' title='bbox 1923 5610 2197 5667; x_wconf 77' lang='lat' dir='ltr'><strong>materiam</strong></span> 
     </span>
    </p>
   </div>
   <div class='ocr_carea' id='block_1_76' title="bbox 642 5681 2198 5752">
    <p class='ocr_par' dir='ltr' id='par_1_76' title="bbox 642 5681 2198 5752">
     <span class='ocr_line' id='line_1_78' title="bbox 642 5681 2198 5752; baseline 0.005 -22"><span class='ocrx_word' id='word_1_635' title='bbox 642 5681 760 5731; x_wconf 83' lang='lat' dir='ltr'><strong>tulit</strong></span> <span class='ocrx_word' id='word_1_636' title='bbox 785 5682 927 5752; x_wconf 70' lang='lat' dir='ltr'><strong>tcur</strong></span> <span class='ocrx_word' id='word_1_637' title='bbox 969 5681 1188 5736; x_wconf 86' lang='lat' dir='ltr'><strong>Creator</strong></span> <span class='ocrx_word' id='word_1_638' title='bbox 1228 5684 1424 5751; x_wconf 81' lang='lat' dir='ltr'><strong>lignum</strong></span> <span class='ocrx_word' id='word_1_639' title='bbox 1459 5682 1563 5737; x_wconf 86' lang='lat' dir='ltr'><strong>tale</strong></span> <span class='ocrx_word' id='word_1_640' title='bbox 1608 5683 1896 5750; x_wconf 86' lang='lat' dir='ltr'><strong>plantavit?</strong></span> <span class='ocrx_word' id='word_1_641' title='bbox 1931 5684 2198 5752; x_wconf 86' lang='lat' dir='ltr'><strong>quomodo</strong></span> 
     </span>
    </p>
   </div>
   <div class='ocr_carea' id='block_1_77' title="bbox 643 5749 2201 5819">
    <p class='ocr_par' dir='ltr' id='par_1_77' title="bbox 643 5749 2201 5819">
     <span class='ocr_line' id='line_1_79' title="bbox 643 5749 2201 5819; baseline 0.005 -19"><span class='ocrx_word' id='word_1_642' title='bbox 643 5764 746 5800; x_wconf 87' lang='lat' dir='ltr'><strong>nou</strong></span> <span class='ocrx_word' id='word_1_643' title='bbox 777 5749 1060 5819; x_wconf 85' lang='lat' dir='ltr'><strong>absurdum</strong></span> <span class='ocrx_word' id='word_1_644' title='bbox 1093 5752 1247 5806; x_wconf 85' lang='lat' dir='ltr'><strong>fuerit</strong></span> <span class='ocrx_word' id='word_1_645' title='bbox 1272 5749 1287 5813; x_wconf 69' lang='grc' dir='ltr'><em>ξ</em></span> <span class='ocrx_word' id='word_1_646' title='bbox 1312 5768 1431 5806; x_wconf 91' lang='lat' dir='ltr'><strong>cum</strong></span> <span class='ocrx_word' id='word_1_647' title='bbox 1482 5749 1797 5806; x_wconf 85' lang='lat' dir='ltr'><strong>hortulanus</strong></span> <span class='ocrx_word' id='word_1_648' title='bbox 1844 5749 2001 5807; x_wconf 81' lang='lat' dir='ltr'><strong>homo</strong></span> <span class='ocrx_word' id='word_1_649' title='bbox 2049 5763 2201 5808; x_wconf 89' lang='lat' dir='ltr'><strong>curet</strong></span> 
     </span>
    </p>
   </div>
   <div class='ocr_carea' id='block_1_78' title="bbox 641 5820 2193 5893">
    <p class='ocr_par' dir='ltr' id='par_1_78' title="bbox 641 5820 2193 5893">
     <span class='ocr_line' id='line_1_80' title="bbox 641 5820 2193 5893; baseline 0.005 -20"><span class='ocrx_word' id='word_1_650' title='bbox 641 5820 903 5875; x_wconf 79' lang='lat' dir='ltr'><strong>contraria</strong></span> <span class='ocrx_word' id='word_1_651' title='bbox 927 5824 1129 5879; x_wconf 86' lang='lat' dir='ltr'><strong>semina</strong></span> <span class='ocrx_word' id='word_1_652' title='bbox 1158 5832 1210 5879; x_wconf 87' lang='lat' dir='ltr'><strong>et</strong></span> <span class='ocrx_word' id='word_1_653' title='bbox 1233 5822 1429 5880; x_wconf 81' lang='lat' dir='ltr'><strong>alienas</strong></span> <span class='ocrx_word' id='word_1_654' title='bbox 1457 5822 1645 5880; x_wconf 86' lang='lat' dir='ltr'><strong>herbas</strong></span> <span class='ocrx_word' id='word_1_655' title='bbox 1666 5837 1694 5876; x_wconf 89' lang='lat' dir='ltr'><strong>a</strong></span> <span class='ocrx_word' id='word_1_656' title='bbox 1721 5824 1945 5893; x_wconf 73' lang='lat' dir='ltr'><strong>propriis</strong></span> <span class='ocrx_word' id='word_1_657' title='bbox 1976 5823 2193 5880; x_wconf 82' lang='lat' dir='ltr'><strong>semini-</strong></span> 
     </span>
    </p>
   </div>
   <div class='ocr_carea' id='block_1_79' title="bbox 1952 5976 1973 6033">
    <p class='ocr_par' dir='ltr' id='par_1_79' title="bbox 1952 5976 1973 6033">
     <span class='ocr_line' id='line_1_81' title="bbox 1952 5976 1973 6033; baseline 0 0"><span class='ocrx_word' id='word_1_658' title='bbox 1952 5976 1973 6033; x_wconf 64' lang='grc' dir='ltr'><em>ί</em></span> 
     </span>
    </p>
   </div>
   <div class='ocr_carea' id='block_1_80' title="bbox 1240 6044 1259 6081">
    <p class='ocr_par' dir='ltr' id='par_1_80' title="bbox 1240 6044 1259 6081">
     <span class='ocr_line' id='line_1_82' title="bbox 1240 6044 1259 6081; baseline 0 0"><span class='ocrx_word' id='word_1_659' title='bbox 1240 6044 1259 6081; x_wconf 89' lang='lat'>\</span> 
     </span>
    </p>
   </div>
   <div class='ocr_carea' id='block_1_81' title="bbox 2044 392 2308 451">
    <p class='ocr_par' dir='ltr' id='par_1_81' title="bbox 2044 392 2308 451">
     <span class='ocr_line' id='line_1_83' title="bbox 2044 392 2308 451; baseline -0.015 0"><span class='ocrx_word' id='word_1_660' title='bbox 2044 392 2308 451; x_wconf 74' lang='lat' dir='ltr'><strong>SPl&#39;llM.</strong></span> 
     </span>
    </p>
   </div>
   <div class='ocr_carea' id='block_1_82' title="bbox 3780 373 3905 427">
    <p class='ocr_par' dir='ltr' id='par_1_82' title="bbox 3780 373 3905 427">
     <span class='ocr_line' id='line_1_84' title="bbox 3780 373 3905 427; baseline 0 0"><span class='ocrx_word' id='word_1_661' title='bbox 3780 373 3905 427; x_wconf 68' lang='lat'><strong>63!</strong></span> 
     </span>
    </p>
   </div>
   <div class='ocr_carea' id='block_1_83' title="bbox 2283 491 3899 573">
    <p class='ocr_par' dir='ltr' id='par_1_83' title="bbox 2283 491 3899 573">
     <span class='ocr_line' id='line_1_85' title="bbox 2283 491 3899 573; baseline -0.007 -14"><span class='ocrx_word' id='word_1_662' title='bbox 2283 505 2382 559; x_wconf 88' lang='lat' dir='ltr'><strong>bus</strong></span> <span class='ocrx_word' id='word_1_663' title='bbox 2409 502 2687 560; x_wconf 86' lang='lat' dir='ltr'><strong>elimiuare</strong></span> <span class='ocrx_word' id='word_1_664' title='bbox 2716 540 2729 566; x_wconf 89' lang='lat'><strong>,</strong></span> <span class='ocrx_word' id='word_1_665' title='bbox 2761 509 2811 556; x_wconf 81' lang='lat' dir='ltr'><strong>et</strong></span> <span class='ocrx_word' id='word_1_666' title='bbox 2841 514 2869 553; x_wconf 87' lang='lat' dir='ltr'><strong>a</strong></span> <span class='ocrx_word' id='word_1_667' title='bbox 2898 497 3069 554; x_wconf 80' lang='lat' dir='ltr'><strong>noxiis</strong></span> <span class='ocrx_word' id='word_1_668' title='bbox 3122 506 3499 573; x_wconf 64' lang='lat' dir='ltr'><strong>terramttuam</strong></span> <span class='ocrx_word' id='word_1_669' title='bbox 3547 491 3841 573; x_wconf 62' lang='lat' dir='ltr'><strong>cumodxrc</strong></span> <span class='ocrx_word' id='word_1_670' title='bbox 3882 508 3899 547; x_wconf 85' lang='grc'>;</span> 
     </span>
    </p>
   </div>
   <div class='ocr_carea' id='block_1_84' title="bbox 2284 563 3901 641">
    <p class='ocr_par' dir='ltr' id='par_1_84' title="bbox 2284 563 3901 641">
     <span class='ocr_line' id='line_1_86' title="bbox 2284 563 3901 641; baseline -0.01 -13"><span class='ocrx_word' id='word_1_671' title='bbox 2284 575 2447 628; x_wconf 89' lang='lat' dir='ltr'><strong>Deum</strong></span> <span class='ocrx_word' id='word_1_672' title='bbox 2474 572 2561 641; x_wconf 92' lang='lat' dir='ltr'><strong>qui</strong></span> <span class='ocrx_word' id='word_1_673' title='bbox 2593 563 2749 627; x_wconf 86' lang='lat' dir='ltr'><strong>talem</strong></span> <span class='ocrx_word' id='word_1_674' title='bbox 2780 579 2835 625; x_wconf 91' lang='lat' dir='ltr'><strong>et</strong></span> <span class='ocrx_word' id='word_1_675' title='bbox 2858 578 3059 641; x_wconf 86' lang='lat' dir='ltr'><strong>tantum</strong></span> <span class='ocrx_word' id='word_1_676' title='bbox 3090 566 3371 641; x_wconf 78' lang='lat' dir='ltr'><strong>constituit</strong></span> <span class='ocrx_word' id='word_1_677' title='bbox 3400 563 3719 641; x_wconf 70' lang='lat' dir='ltr'><strong>paradisum</strong></span> <span class='ocrx_word' id='word_1_678' title='bbox 3742 602 3759 627; x_wconf 83' lang='lat'><strong>,</strong></span> <span class='ocrx_word' id='word_1_679' title='bbox 3791 575 3901 613; x_wconf 62' lang='lat' dir='ltr'><strong>ar-</strong></span> 
     </span>
    </p>
   </div>
   <div class='ocr_carea' id='block_1_85' title="bbox 2280 634 3897 713">
    <p class='ocr_par' dir='ltr' id='par_1_85' title="bbox 2280 634 3897 713">
     <span class='ocr_line' id='line_1_87' title="bbox 2280 634 3897 713; baseline -0.007 -15"><span class='ocrx_word' id='word_1_680' title='bbox 2280 644 2464 698; x_wconf 77' lang='lat' dir='ltr'><strong>berem</strong></span> <span class='ocrx_word' id='word_1_681' title='bbox 2491 634 2775 713; x_wconf 78' lang='lat' dir='ltr'><strong>paravisse</strong></span> <span class='ocrx_word' id='word_1_682' title='bbox 2800 640 2941 713; x_wconf 80' lang='lat' dir='ltr'><strong>unde</strong></span> <span class='ocrx_word' id='word_1_683' title='bbox 2970 647 3113 694; x_wconf 85' lang='lat' dir='ltr'><strong>tanta</strong></span> <span class='ocrx_word' id='word_1_684' title='bbox 3155 637 3425 693; x_wconf 88' lang='lat' dir='ltr'><strong>malorum</strong></span> <span class='ocrx_word' id='word_1_685' title='bbox 3457 634 3897 713; x_wconf 52' lang='lat' dir='ltr'><strong>materiaemao</strong></span> 
     </span>
    </p>
   </div>
   <div class='ocr_carea' id='block_1_86' title="bbox 2281 703 3897 777">
    <p class='ocr_par' dir='ltr' id='par_1_86' title="bbox 2281 703 3897 777">
     <span class='ocr_line' id='line_1_88' title="bbox 2281 703 3897 777; baseline -0.006 -11"><span class='ocrx_word' id='word_1_686' title='bbox 2281 723 2464 767; x_wconf 87' lang='lat' dir='ltr'><strong>natura</strong></span> <span class='ocrx_word' id='word_1_687' title='bbox 2497 703 2619 767; x_wconf 75' lang='lat' dir='ltr'><strong>erat</strong></span> <span class='ocrx_word' id='word_1_688' title='bbox 2648 711 2671 764; x_wconf 73' lang='lat' dir='ltr'><strong>f</strong></span> <span class='ocrx_word' id='word_1_689' title='bbox 2698 710 2779 765; x_wconf 87' lang='lat' dir='ltr'><strong>Ad</strong></span> <span class='ocrx_word' id='word_1_690' title='bbox 2810 710 2913 765; x_wconf 91' lang='lat' dir='ltr'><strong>hoc</strong></span> <span class='ocrx_word' id='word_1_691' title='bbox 2937 724 3034 764; x_wconf 90' lang='lat' dir='ltr'><strong>nos</strong></span> <span class='ocrx_word' id='word_1_692' title='bbox 3069 718 3446 777; x_wconf 85' lang='lat' dir='ltr'><strong>argumentum</strong></span> <span class='ocrx_word' id='word_1_693' title='bbox 3473 705 3625 777; x_wconf 89' lang='lat' dir='ltr'><strong>du_cit</strong></span> <span class='ocrx_word' id='word_1_694' title='bbox 3652 703 3897 761; x_wconf 76' lang='lat' dir='ltr'><strong>divinus</strong></span> 
     </span>
    </p>
   </div>
   <div class='ocr_carea' id='block_1_87' title="bbox 2279 773 3894 848">
    <p class='ocr_par' dir='ltr' id='par_1_87' title="bbox 2279 773 3894 848">
     <span class='ocr_line' id='line_1_89' title="bbox 2279 773 3894 848; baseline -0.006 -11"><span class='ocrx_word' id='word_1_695' title='bbox 2279 782 2495 848; x_wconf 83' lang='lat' dir='ltr'><strong>Paulus,</strong></span> <span class='ocrx_word' id='word_1_696' title='bbox 2528 797 2647 836; x_wconf 86' lang='lat' dir='ltr'><strong>cum</strong></span> <span class='ocrx_word' id='word_1_697' title='bbox 2669 781 2745 835; x_wconf 86' lang='lat' dir='ltr'><strong>ait</strong></span> <span class='ocrx_word' id='word_1_698' title='bbox 2775 799 2788 835; x_wconf 90' lang='lat'>:</span> <span class='ocrx_word' id='word_1_699' title='bbox 2820 779 3001 834; x_wconf 81' lang='lat' dir='ltr'><strong>Timeo</strong></span> <span class='ocrx_word' id='word_1_700' title='bbox 3018 796 3097 842; x_wconf 84' lang='lat' dir='ltr'><strong>ne,</strong></span> <span class='ocrx_word' id='word_1_701' title='bbox 3125 773 3256 833; x_wconf 63' lang='lat' dir='ltr'><strong>sicut</strong></span> <span class='ocrx_word' id='word_1_702' title='bbox 3284 792 3489 848; x_wconf 83' lang='lat' dir='ltr'><strong>serpens</strong></span> <span class='ocrx_word' id='word_1_703' title='bbox 3514 773 3693 848; x_wconf 67' lang='lat' dir='ltr'><strong>Evam</strong></span> <span class='ocrx_word' id='word_1_704' title='bbox 3720 776 3894 829; x_wconf 70' lang='lat' dir='ltr'><strong>sedu-</strong></span> 
     </span>
    </p>
   </div>
   <div class='ocr_carea' id='block_1_88' title="bbox 2277 846 3892 920">
    <p class='ocr_par' dir='ltr' id='par_1_88' title="bbox 2277 846 3892 920">
     <span class='ocr_line' id='line_1_90' title="bbox 2277 846 3892 920; baseline -0.007 -14"><span class='ocrx_word' id='word_1_705' title='bbox 2277 854 2350 906; x_wconf 73' lang='lat' dir='ltr'><strong>xit</strong></span> <span class='ocrx_word' id='word_1_706' title='bbox 2382 894 2396 915; x_wconf 87' lang='lat'><strong>,</strong></span> <span class='ocrx_word' id='word_1_707' title='bbox 2434 846 2505 906; x_wconf 82' lang='lat' dir='ltr'><strong>ita</strong></span> <span class='ocrx_word' id='word_1_708' title='bbox 2552 859 2937 920; x_wconf 76' lang='lat' dir='ltr'><strong>corrumpantur</strong></span> <span class='ocrx_word' id='word_1_709' title='bbox 2980 865 3159 920; x_wconf 62' lang='lat' dir='ltr'><strong>sensus</strong></span> <span class='ocrx_word' id='word_1_710' title='bbox 3183 847 3334 920; x_wconf 75' lang='lat' dir='ltr'><strong>vestri</strong></span> <span class='ocrx_word' id='word_1_711' title='bbox 3371 863 3405 899; x_wconf 91' lang='lat' dir='ltr'><strong>a</strong></span> <span class='ocrx_word' id='word_1_712' title='bbox 3444 846 3785 920; x_wconf 65' lang='lat' dir='ltr'><strong>simplicitate</strong></span> <span class='ocrx_word' id='word_1_713' title='bbox 3832 848 3892 895; x_wconf 70' lang='lat' dir='ltr'><strong>in</strong></span> 
     </span>
    </p>
   </div>
   <div class='ocr_carea' id='block_1_89' title="bbox 2280 916 3893 988">
    <p class='ocr_par' dir='ltr' id='par_1_89' title="bbox 2280 916 3893 988">
     <span class='ocr_line' id='line_1_91' title="bbox 2280 916 3893 988; baseline -0.005 -12"><span class='ocrx_word' id='word_1_714' title='bbox 2280 921 2497 977; x_wconf 83' lang='lat' dir='ltr'><strong>Christo.</strong></span> <span class='ocrx_word' id='word_1_715' title='bbox 2525 921 2662 987; x_wconf 84' lang='lat' dir='ltr'><strong>Quid</strong></span> <span class='ocrx_word' id='word_1_716' title='bbox 2690 916 2837 988; x_wconf 81' lang='lat' dir='ltr'><strong>ergo,</strong></span> <span class='ocrx_word' id='word_1_717' title='bbox 2868 918 3099 974; x_wconf 79' lang='lat' dir='ltr'><strong>fratres?</strong></span> <span class='ocrx_word' id='word_1_718' title='bbox 3122 918 3200 972; x_wconf 81' lang='lat' dir='ltr'><strong>Ex</strong></span> <span class='ocrx_word' id='word_1_719' title='bbox 3226 917 3292 971; x_wconf 88' lang='lat' dir='ltr'><strong>iis</strong></span> <span class='ocrx_word' id='word_1_720' title='bbox 3318 932 3438 985; x_wconf 79' lang='lat' dir='ltr'><strong>qua:</strong></span> <span class='ocrx_word' id='word_1_721' title='bbox 3466 916 3755 988; x_wconf 82' lang='lat' dir='ltr'><strong>sigillatim</strong></span> <span class='ocrx_word' id='word_1_722' title='bbox 3784 930 3893 969; x_wconf 75' lang='lat' dir='ltr'><strong>ex-</strong></span> 
     </span>
    </p>
   </div>
   <div class='ocr_carea' id='block_1_90' title="bbox 2278 985 3893 1059">
    <p class='ocr_par' dir='ltr' id='par_1_90' title="bbox 2278 985 3893 1059">
     <span class='ocr_line' id='line_1_92' title="bbox 2278 985 3893 1059; baseline -0.006 -13"><span class='ocrx_word' id='word_1_723' title='bbox 2278 985 2563 1046; x_wconf 72' lang='lat' dir='ltr'><strong>cutiuntur</strong></span> <span class='ocrx_word' id='word_1_724' title='bbox 2589 985 2835 1045; x_wconf 45' lang='lat' dir='ltr'><strong>multa—et</strong></span> <span class='ocrx_word' id='word_1_725' title='bbox 2860 987 3127 1059; x_wconf 82' lang='lat' dir='ltr'><strong>superflua</strong></span> <span class='ocrx_word' id='word_1_726' title='bbox 3159 988 3431 1059; x_wconf 78' lang='lat' dir='ltr'><strong>mittentes</strong></span> <span class='ocrx_word' id='word_1_727' title='bbox 3460 1026 3475 1050; x_wconf 88' lang='lat'><strong>.</strong></span> <span class='ocrx_word' id='word_1_728' title='bbox 3507 985 3577 1040; x_wconf 89' lang='lat' dir='ltr'><strong>ad</strong></span> <span class='ocrx_word' id='word_1_729' title='bbox 3605 1000 3893 1059; x_wconf 47' lang='lat' dir='ltr'><strong>compca}-</strong></span> 
     </span>
    </p>
   </div>
   <div class='ocr_carea' id='block_1_91' title="bbox 2278 1055 3893 1123">
    <p class='ocr_par' dir='ltr' id='par_1_91' title="bbox 2278 1055 3893 1123">
     <span class='ocr_line' id='line_1_93' title="bbox 2278 1055 3893 1123; baseline -0.004 -9"><span class='ocrx_word' id='word_1_730' title='bbox 2278 1062 2425 1115; x_wconf 92' lang='lat' dir='ltr'><strong>dium</strong></span> <span class='ocrx_word' id='word_1_731' title='bbox 2457 1061 2754 1115; x_wconf 86' lang='lat' dir='ltr'><strong>veniamus.</strong></span> <span class='ocrx_word' id='word_1_732' title='bbox 2786 1055 3129 1114; x_wconf 56' lang='lat' dir='ltr'><strong>Deus&#39;nmnia</strong></span> <span class='ocrx_word' id='word_1_733' title='bbox 3156 1055 3284 1111; x_wconf 86' lang='lat' dir='ltr'><strong>fecit</strong></span> <span class='ocrx_word' id='word_1_734' title='bbox 3310 1056 3446 1110; x_wconf 87' lang='lat' dir='ltr'><strong>bona</strong></span> <span class='ocrx_word' id='word_1_735' title='bbox 3477 1096 3491 1119; x_wconf 96' lang='lat'><strong>,</strong></span> <span class='ocrx_word' id='word_1_736' title='bbox 3528 1070 3627 1110; x_wconf 87' lang='lat' dir='ltr'><strong>nec</strong></span> <span class='ocrx_word' id='word_1_737' title='bbox 3652 1056 3893 1123; x_wconf 80' lang='lat' dir='ltr'><strong>simpli-</strong></span> 
     </span>
    </p>
   </div>
   <div class='ocr_carea' id='block_1_92' title="bbox 2277 1125 3893 1197">
    <p class='ocr_par' dir='ltr' id='par_1_92' title="bbox 2277 1125 3893 1197">
     <span class='ocr_line' id='line_1_94' title="bbox 2277 1125 3893 1197; baseline -0.004 -12"><span class='ocrx_word' id='word_1_738' title='bbox 2277 1131 2411 1185; x_wconf 89' lang='lat' dir='ltr'><strong>citer</strong></span> <span class='ocrx_word' id='word_1_739' title='bbox 2438 1131 2596 1196; x_wconf 89' lang='lat' dir='ltr'><strong>bona,</strong></span> <span class='ocrx_word' id='word_1_740' title='bbox 2626 1129 2719 1185; x_wconf 87' lang='lat' dir='ltr'><strong>sed</strong></span> <span class='ocrx_word' id='word_1_741' title='bbox 2749 1138 2802 1184; x_wconf 89' lang='lat' dir='ltr'><strong>et</strong></span> <span class='ocrx_word' id='word_1_742' title='bbox 2838 1128 2995 1182; x_wconf 83' lang='lat' dir='ltr'><strong>Valde</strong></span> <span class='ocrx_word' id='word_1_743' title='bbox 3016 1128 3146 1181; x_wconf 87' lang='lat' dir='ltr'><strong>bona</strong></span> <span class='ocrx_word' id='word_1_744' title='bbox 3165 1125 3316 1197; x_wconf 83' lang='lat' dir='ltr'><strong>(Gen.</strong></span> <span class='ocrx_word' id='word_1_745' title='bbox 3349 1126 3401 1181; x_wconf 87' lang='grc'><strong>1.</strong></span> <span class='ocrx_word' id='word_1_746' title='bbox 3434 1126 3551 1197; x_wconf 64' lang='lat' dir='ltr'><strong>Si).</strong></span> <span class='ocrx_word' id='word_1_747' title='bbox 3579 1125 3701 1181; x_wconf 79' lang='lat' dir='ltr'><strong>Hoc</strong></span> <span class='ocrx_word' id='word_1_748' title='bbox 3729 1128 3893 1181; x_wconf 76' lang='lat' dir='ltr'><strong>enim</strong></span> 
     </span>
    </p>
   </div>
   <div class='ocr_carea' id='block_1_93' title="bbox 2276 1196 3891 1264">
    <p class='ocr_par' dir='ltr' id='par_1_93' title="bbox 2276 1196 3891 1264">
     <span class='ocr_line' id='line_1_95' title="bbox 2276 1196 3891 1264; baseline -0.002 -12"><span class='ocrx_word' id='word_1_749' title='bbox 2276 1201 2691 1255; x_wconf 83' lang='lat' dir='ltr'><strong>additamentum</strong></span> <span class='ocrx_word' id='word_1_750' title='bbox 2732 1199 3017 1254; x_wconf 84' lang='lat' dir='ltr'><strong>bonitatem</strong></span> <span class='ocrx_word' id='word_1_751' title='bbox 3056 1211 3320 1251; x_wconf 86' lang='lat' dir='ltr'><strong>summam</strong></span> <span class='ocrx_word' id='word_1_752' title='bbox 3362 1196 3707 1264; x_wconf 85' lang='lat' dir='ltr'><strong>opificiorum</strong></span> <span class='ocrx_word' id='word_1_753' title='bbox 3756 1212 3891 1250; x_wconf 81' lang='lat' dir='ltr'><strong>om-</strong></span> 
     </span>
    </p>
   </div>
   <div class='ocr_carea' id='block_1_94' title="bbox 2278 1266 3887 1337">
    <p class='ocr_par' dir='ltr' id='par_1_94' title="bbox 2278 1266 3887 1337">
     <span class='ocr_line' id='line_1_96' title="bbox 2278 1266 3887 1337; baseline -0.004 -14"><span class='ocrx_word' id='word_1_754' title='bbox 2278 1272 2419 1325; x_wconf 88' lang='lat' dir='ltr'><strong>nium</strong></span> <span class='ocrx_word' id='word_1_755' title='bbox 2444 1270 2699 1326; x_wconf 82' lang='lat' dir='ltr'><strong>declarat.</strong></span> <span class='ocrx_word' id='word_1_756' title='bbox 2723 1270 2822 1323; x_wconf 85' lang='lat' dir='ltr'><strong>Dat</strong></span> <span class='ocrx_word' id='word_1_757' title='bbox 2849 1269 3005 1337; x_wconf 87' lang='lat' dir='ltr'><strong>igitur</strong></span> <span class='ocrx_word' id='word_1_758' title='bbox 3032 1267 3171 1321; x_wconf 88' lang='lat' dir='ltr'><strong>Deus</strong></span> <span class='ocrx_word' id='word_1_759' title='bbox 3188 1266 3390 1337; x_wconf 81' lang='lat' dir='ltr'><strong>Admo</strong></span> <span class='ocrx_word' id='word_1_760' title='bbox 3410 1266 3624 1335; x_wconf 78' lang='lat' dir='ltr'><strong>cupiam</strong></span> <span class='ocrx_word' id='word_1_761' title='bbox 3654 1281 3887 1337; x_wconf 77' lang='lat' dir='ltr'><strong>rerum,</strong></span> 
     </span>
    </p>
   </div>
   <div class='ocr_carea' id='block_1_95' title="bbox 2280 1334 3891 1409">
    <p class='ocr_par' dir='ltr' id='par_1_95' title="bbox 2280 1334 3891 1409">
     <span class='ocr_line' id='line_1_97' title="bbox 2280 1334 3891 1409; baseline -0.003 -15"><span class='ocrx_word' id='word_1_762' title='bbox 2280 1355 2455 1406; x_wconf 88' lang='lat' dir='ltr'><strong>usum,</strong></span> <span class='ocrx_word' id='word_1_763' title='bbox 2491 1348 2828 1409; x_wconf 73' lang='lat' dir='ltr'><strong>potestatem,</strong></span> <span class='ocrx_word' id='word_1_764' title='bbox 2858 1334 2914 1409; x_wconf 77' lang='lat' dir='ltr'><strong>ut</strong></span> <span class='ocrx_word' id='word_1_765' title='bbox 2936 1334 3415 1409; x_wconf 14' lang='lat' dir='ltr'><strong>fruatursparadiso</strong></span> <span class='ocrx_word' id='word_1_766' title='bbox 3442 1376 3457 1401; x_wconf 90' lang='lat'><strong>,</strong></span> <span class='ocrx_word' id='word_1_767' title='bbox 3478 1334 3536 1409; x_wconf 64' lang='lat' dir='ltr'><strong>es</strong></span> <span class='ocrx_word' id='word_1_768' title='bbox 3556 1336 3891 1409; x_wconf 74' lang='lat' dir='ltr'><strong>visibilibus</strong></span> 
     </span>
    </p>
   </div>
   <div class='ocr_carea' id='block_1_96' title="bbox 2280 1405 3891 1479">
    <p class='ocr_par' dir='ltr' id='par_1_96' title="bbox 2280 1405 3891 1479">
     <span class='ocr_line' id='line_1_98' title="bbox 2280 1405 3891 1479; baseline -0.004 -14"><span class='ocrx_word' id='word_1_769' title='bbox 2280 1405 2526 1479; x_wconf 74' lang='lat' dir='ltr'><strong>imperei.</strong></span> <span class='ocrx_word' id='word_1_770' title='bbox 2558 1408 2833 1463; x_wconf 80' lang='lat' dir='ltr'><strong>Faciamus</strong></span> <span class='ocrx_word' id='word_1_771' title='bbox 2852 1449 2869 1474; x_wconf 95' lang='lat'><strong>,</strong></span> <span class='ocrx_word' id='word_1_772' title='bbox 2898 1408 3112 1479; x_wconf 80' lang='lat' dir='ltr'><strong>inquit,</strong></span> <span class='ocrx_word' id='word_1_773' title='bbox 3141 1406 3389 1479; x_wconf 81' lang='lat' dir='ltr'><strong>hominem</strong></span> <span class='ocrx_word' id='word_1_774' title='bbox 3420 1405 3488 1479; x_wconf 79' lang='lat' dir='ltr'><strong>ad</strong></span> <span class='ocrx_word' id='word_1_775' title='bbox 3509 1405 3805 1479; x_wconf 76' lang='lat' dir='ltr'><strong>imaginem</strong></span> <span class='ocrx_word' id='word_1_776' title='bbox 3838 1420 3891 1458; x_wconf 79' lang='lat' dir='ltr'><strong>ct</strong></span> 
     </span>
    </p>
   </div>
   <div class='ocr_carea' id='block_1_97' title="bbox 2278 1475 3887 1542">
    <p class='ocr_par' dir='ltr' id='par_1_97' title="bbox 2278 1475 3887 1542">
     <span class='ocr_line' id='line_1_99' title="bbox 2278 1475 3887 1542; baseline -0.004 -9"><span class='ocrx_word' id='word_1_777' title='bbox 2278 1475 2657 1534; x_wconf 74' lang='lat' dir='ltr'><strong>similitudinem</strong></span> <span class='ocrx_word' id='word_1_778' title='bbox 2683 1488 2906 1533; x_wconf 88' lang='lat' dir='ltr'><strong>nostram</strong></span> <span class='ocrx_word' id='word_1_779' title='bbox 2931 1495 2944 1532; x_wconf 91' lang='lat'><strong>:</strong></span> <span class='ocrx_word' id='word_1_780' title='bbox 2975 1475 3021 1531; x_wconf 77' lang='lat' dir='ltr'><strong>et</strong></span> <span class='ocrx_word' id='word_1_781' title='bbox 3048 1476 3369 1531; x_wconf 77' lang='lat' dir='ltr'><strong>dominentur</strong></span> <span class='ocrx_word' id='word_1_782' title='bbox 3395 1475 3616 1542; x_wconf 76' lang='lat' dir='ltr'><strong>piscibus</strong></span> <span class='ocrx_word' id='word_1_783' title='bbox 3658 1477 3833 1528; x_wconf 79' lang='lat' dir='ltr'><strong>maris</strong></span> <span class='ocrx_word' id='word_1_784' title='bbox 3868 1517 3887 1537; x_wconf 81' lang='lat'><strong>,</strong></span> 
     </span>
    </p>
   </div>
   <div class='ocr_carea' id='block_1_98' title="bbox 2279 1546 3894 1615">
    <p class='ocr_par' dir='ltr' id='par_1_98' title="bbox 2279 1546 3894 1615">
     <span class='ocr_line' id='line_1_100' title="bbox 2279 1546 3894 1615; baseline -0.002 -12"><span class='ocrx_word' id='word_1_785' title='bbox 2279 1560 2325 1603; x_wconf 85' lang='lat' dir='ltr'><strong>et</strong></span> <span class='ocrx_word' id='word_1_786' title='bbox 2352 1550 2635 1603; x_wconf 80' lang='lat' dir='ltr'><strong>volatilibus</strong></span> <span class='ocrx_word' id='word_1_787' title='bbox 2660 1549 2803 1611; x_wconf 68' lang='lat' dir='ltr'><strong>creti,</strong></span> <span class='ocrx_word' id='word_1_788' title='bbox 2837 1558 2882 1602; x_wconf 91' lang='lat' dir='ltr'><strong>et</strong></span> <span class='ocrx_word' id='word_1_789' title='bbox 2910 1547 3079 1601; x_wconf 81' lang='lat' dir='ltr'><strong>bestiis</strong></span> <span class='ocrx_word' id='word_1_790' title='bbox 3117 1555 3163 1601; x_wconf 88' lang='lat' dir='ltr'><strong>et</strong></span> <span class='ocrx_word' id='word_1_791' title='bbox 3192 1546 3465 1615; x_wconf 82' lang='lat' dir='ltr'><strong>jumentis,</strong></span> <span class='ocrx_word' id='word_1_792' title='bbox 3505 1556 3557 1599; x_wconf 79' lang='lat' dir='ltr'><strong>et</strong></span> <span class='ocrx_word' id='word_1_793' title='bbox 3616 1546 3894 1600; x_wconf 65' lang='lat' dir='ltr'><strong>universe:</strong></span> 
     </span>
    </p>
   </div>
   <div class='ocr_carea' id='block_1_99' title="bbox 2280 1615 3885 1743">
    <p class='ocr_par' dir='ltr' id='par_1_99' title="bbox 2280 1615 3885 1743">
     <span class='ocr_line' id='line_1_101' title="bbox 2280 1615 3885 1743; baseline -0.001 -72"><span class='ocrx_word' id='word_1_794' title='bbox 2280 1629 2424 1673; x_wconf 57' lang='lat' dir='ltr'><strong>terra!</strong></span> <span class='ocrx_word' id='word_1_795' title='bbox 2646 1635 2693 1673; x_wconf 76' lang='lat' dir='ltr'><strong>tt.</strong></span> <span class='ocrx_word' id='word_1_796' title='bbox 2723 1619 2839 1687; x_wconf 76' lang='lat'><strong>26).</strong></span> <span class='ocrx_word' id='word_1_797' title='bbox 2893 1618 2989 1672; x_wconf 76' lang='lat' dir='ltr'><strong>llic</strong></span> <span class='ocrx_word' id='word_1_798' title='bbox 3012 1616 3161 1671; x_wconf 86' lang='lat' dir='ltr'><strong>dedit</strong></span> <span class='ocrx_word' id='word_1_799' title='bbox 3199 1615 3428 1685; x_wconf 83' lang='lat' dir='ltr'><strong>paradisi</strong></span> <span class='ocrx_word' id='word_1_800' title='bbox 3481 1625 3825 1683; x_wconf 80' lang='lat' dir='ltr'><strong>potestatem</strong></span> <span class='ocrx_word' id='word_1_801' title='bbox 3846 1658 3885 1695; x_wconf 40' lang='lat'><strong>..</strong></span> 
     </span>
     <span class='ocr_line' id='line_1_102' title="bbox 2280 1685 3885 1743; baseline -0.003 0"><span class='ocrx_word' id='word_1_802' title='bbox 2280 1689 2425 1743; x_wconf 87' lang='lat' dir='ltr'><strong>dedit</strong></span> <span class='ocrx_word' id='word_1_803' title='bbox 2484 1692 2664 1743; x_wconf 81' lang='lat' dir='ltr'><strong>ehcms</strong></span> <span class='ocrx_word' id='word_1_804' title='bbox 2684 1700 2905 1743; x_wconf 87' lang='lat' dir='ltr'><strong>elusum</strong></span> <span class='ocrx_word' id='word_1_805' title='bbox 2934 1685 3363 1743; x_wconf 83' lang='lat' dir='ltr'><strong>fructuum.Erat</strong></span> <span class='ocrx_word' id='word_1_806' title='bbox 3386 1700 3514 1743; x_wconf 66' lang='lat' dir='ltr'><strong>ergo</strong></span> <span class='ocrx_word' id='word_1_807' title='bbox 3544 1701 3637 1739; x_wconf 76' lang='lat' dir='ltr'><strong>rex</strong></span> <span class='ocrx_word' id='word_1_808' title='bbox 3668 1697 3885 1739; x_wconf 66' lang='lat' dir='ltr'><strong>constt-</strong></span> 
     </span>
    </p>
   </div>
   <div class='ocr_carea' id='block_1_100' title="bbox 2279 1685 3895 1755">
    <p class='ocr_par' dir='ltr' id='par_1_100' title="bbox 2279 1685 3895 1755">
     <span class='ocr_line' id='line_1_103' title="bbox 2279 1685 3895 1755; baseline -0.002 -13"><span class='ocrx_word' id='word_1_809' title='bbox 2279 1689 2425 1744; x_wconf 90' lang='lat' dir='ltr'><strong>dedit</strong></span> <span class='ocrx_word' id='word_1_810' title='bbox 2449 1685 2664 1745; x_wconf 87' lang='lat' dir='ltr'><strong>delicias</strong></span> <span class='ocrx_word' id='word_1_811' title='bbox 2684 1685 2905 1745; x_wconf 87' lang='lat' dir='ltr'><strong>elusum</strong></span> <span class='ocrx_word' id='word_1_812' title='bbox 2934 1685 3363 1743; x_wconf 83' lang='lat' dir='ltr'><strong>fructuum.Erat</strong></span> <span class='ocrx_word' id='word_1_813' title='bbox 3386 1700 3514 1755; x_wconf 90' lang='lat' dir='ltr'><strong>ergo</strong></span> <span class='ocrx_word' id='word_1_814' title='bbox 3544 1701 3637 1739; x_wconf 76' lang='lat' dir='ltr'><strong>rex</strong></span> <span class='ocrx_word' id='word_1_815' title='bbox 3668 1688 3895 1739; x_wconf 77' lang='lat' dir='ltr'><strong>consti-</strong></span> 
     </span>
    </p>
   </div>
   <div class='ocr_carea' id='block_1_101' title="bbox 2282 1756 3887 1825">
    <p class='ocr_par' dir='ltr' id='par_1_101' title="bbox 2282 1756 3887 1825">
     <span class='ocr_line' id='line_1_104' title="bbox 2282 1756 3887 1825; baseline -0.002 -12"><span class='ocrx_word' id='word_1_816' title='bbox 2282 1769 2424 1813; x_wconf 90' lang='lat' dir='ltr'><strong>tutus</strong></span> <span class='ocrx_word' id='word_1_817' title='bbox 2456 1801 2470 1825; x_wconf 96' lang='lat'><strong>,</strong></span> <span class='ocrx_word' id='word_1_818' title='bbox 2520 1760 2722 1814; x_wconf 89' lang='lat' dir='ltr'><strong>habens</strong></span> <span class='ocrx_word' id='word_1_819' title='bbox 2772 1759 3057 1813; x_wconf 80' lang='lat' dir='ltr'><strong>visibilium</strong></span> <span class='ocrx_word' id='word_1_820' title='bbox 3111 1764 3427 1825; x_wconf 88' lang='lat' dir='ltr'><strong>potestatem</strong></span> <span class='ocrx_word' id='word_1_821' title='bbox 3462 1796 3477 1819; x_wconf 92' lang='lat'><strong>,</strong></span> <span class='ocrx_word' id='word_1_822' title='bbox 3525 1766 3582 1810; x_wconf 90' lang='lat' dir='ltr'><strong>et</strong></span> <span class='ocrx_word' id='word_1_823' title='bbox 3628 1756 3887 1824; x_wconf 77' lang='lat' dir='ltr'><strong>paradisi</strong></span> 
     </span>
    </p>
   </div>
   <div class='ocr_carea' id='block_1_102' title="bbox 2281 1825 3883 1899">
    <p class='ocr_par' dir='ltr' id='par_1_102' title="bbox 2281 1825 3883 1899">
     <span class='ocr_line' id='line_1_105' title="bbox 2281 1825 3883 1899; baseline -0.002 -16"><span class='ocrx_word' id='word_1_824' title='bbox 2281 1845 2453 1885; x_wconf 89' lang='lat' dir='ltr'><strong>usum.</strong></span> <span class='ocrx_word' id='word_1_825' title='bbox 2480 1830 2623 1897; x_wconf 88' lang='lat' dir='ltr'><strong>Opus</strong></span> <span class='ocrx_word' id='word_1_826' title='bbox 2655 1844 2780 1899; x_wconf 85' lang='lat' dir='ltr'><strong>ergo</strong></span> <span class='ocrx_word' id='word_1_827' title='bbox 2805 1838 2940 1893; x_wconf 86' lang='lat' dir='ltr'><strong>erat,</strong></span> <span class='ocrx_word' id='word_1_828' title='bbox 2961 1836 3017 1881; x_wconf 91' lang='lat' dir='ltr'><strong>ut</strong></span> <span class='ocrx_word' id='word_1_829' title='bbox 3041 1835 3362 1899; x_wconf 56' lang='lat' dir='ltr'><strong>prteceptum</strong></span> <span class='ocrx_word' id='word_1_830' title='bbox 3384 1825 3604 1880; x_wconf 89' lang='lat' dir='ltr'><strong>daretur</strong></span> <span class='ocrx_word' id='word_1_831' title='bbox 3627 1826 3883 1899; x_wconf 57' lang='lat' dir='ltr'><strong>Adamp,</strong></span> 
     </span>
    </p>
   </div>
   <div class='ocr_carea' id='block_1_103' title="bbox 2280 1896 3887 1969">
    <p class='ocr_par' dir='ltr' id='par_1_103' title="bbox 2280 1896 3887 1969">
     <span class='ocr_line' id='line_1_106' title="bbox 2280 1896 3887 1969; baseline -0.003 -17"><span class='ocrx_word' id='word_1_832' title='bbox 2280 1901 2419 1969; x_wconf 89' lang='lat' dir='ltr'><strong>quod</strong></span> <span class='ocrx_word' id='word_1_833' title='bbox 2446 1896 2676 1955; x_wconf 87' lang='lat' dir='ltr'><strong>animam</strong></span> <span class='ocrx_word' id='word_1_834' title='bbox 2705 1896 2821 1969; x_wconf 80' lang='lat' dir='ltr'><strong>ejus</strong></span> <span class='ocrx_word' id='word_1_835' title='bbox 2866 1899 2931 1953; x_wconf 88' lang='lat' dir='ltr'><strong>ad</strong></span> <span class='ocrx_word' id='word_1_836' title='bbox 2979 1897 3334 1969; x_wconf 49' lang='lat' dir='ltr'><strong>obediensiam</strong></span> <span class='ocrx_word' id='word_1_837' title='bbox 3379 1905 3687 1969; x_wconf 73' lang='lat' dir='ltr'><strong>exerceret.</strong></span> <span class='ocrx_word' id='word_1_838' title='bbox 3726 1896 3887 1950; x_wconf 76' lang='lat' dir='ltr'><strong>Multi</strong></span> 
     </span>
    </p>
   </div>
   <div class='ocr_carea' id='block_1_104' title="bbox 2279 1965 3889 2025">
    <p class='ocr_par' dir='ltr' id='par_1_104' title="bbox 2279 1965 3889 2025">
     <span class='ocr_line' id='line_1_107' title="bbox 2279 1965 3889 2025; baseline -0.002 -1"><span class='ocrx_word' id='word_1_839' title='bbox 2279 1965 2408 2025; x_wconf 75' lang='lat' dir='ltr'><strong>vero</strong></span> <span class='ocrx_word' id='word_1_840' title='bbox 2462 1965 2805 2025; x_wconf 66' lang='lat' dir='ltr'><strong>dicuntzltn</strong></span> <span class='ocrx_word' id='word_1_841' title='bbox 2875 1968 3151 2024; x_wconf 90' lang='lat' dir='ltr'><strong>nesciebat</strong></span> <span class='ocrx_word' id='word_1_842' title='bbox 3209 1967 3351 2021; x_wconf 88' lang='lat' dir='ltr'><strong>Deus</strong></span> <span class='ocrx_word' id='word_1_843' title='bbox 3408 1965 3678 2022; x_wconf 79' lang='lat' dir='ltr'><strong>Adamum</strong></span> <span class='ocrx_word' id='word_1_844' title='bbox 3752 1981 3889 2021; x_wconf 82' lang='lat' dir='ltr'><strong>esse</strong></span> 
     </span>
    </p>
   </div>
   <div class='ocr_carea' id='block_1_105' title="bbox 2284 2036 3883 2110">
    <p class='ocr_par' dir='ltr' id='par_1_105' title="bbox 2284 2036 3883 2110">
     <span class='ocr_line' id='line_1_108' title="bbox 2284 2036 3883 2110; baseline -0.002 -16"><span class='ocrx_word' id='word_1_845' title='bbox 2284 2050 2734 2110; x_wconf 85' lang='lat' dir='ltr'><strong>transgressurum</strong></span> <span class='ocrx_word' id='word_1_846' title='bbox 2763 2040 2784 2092; x_wconf 70' lang='grc' dir='ltr'><strong>’ἶ</strong></span> <span class='ocrx_word' id='word_1_847' title='bbox 2810 2054 2919 2110; x_wconf 77' lang='lat' dir='ltr'><strong>cur</strong></span> <span class='ocrx_word' id='word_1_848' title='bbox 2946 2054 3072 2107; x_wconf 89' lang='lat' dir='ltr'><strong>ergo</strong></span> <span class='ocrx_word' id='word_1_849' title='bbox 3098 2038 3271 2110; x_wconf 86' lang='lat' dir='ltr'><strong>legem</strong></span> <span class='ocrx_word' id='word_1_850' title='bbox 3298 2036 3447 2091; x_wconf 91' lang='lat' dir='ltr'><strong>dedit</strong></span> <span class='ocrx_word' id='word_1_851' title='bbox 3471 2036 3540 2101; x_wconf 90' lang='lat' dir='ltr'><strong>ei,</strong></span> <span class='ocrx_word' id='word_1_852' title='bbox 3560 2038 3652 2106; x_wconf 89' lang='lat' dir='ltr'><strong>qui</strong></span> <span class='ocrx_word' id='word_1_853' title='bbox 3689 2047 3883 2091; x_wconf 83' lang='lat' dir='ltr'><strong>trans-</strong></span> 
     </span>
    </p>
   </div>
   <div class='ocr_carea' id='block_1_106' title="bbox 2281 2108 3881 2180">
    <p class='ocr_par' dir='ltr' id='par_1_106' title="bbox 2281 2108 3881 2180">
     <span class='ocr_line' id='line_1_109' title="bbox 2281 2108 3881 2180; baseline -0.003 -16"><span class='ocrx_word' id='word_1_854' title='bbox 2281 2108 2561 2180; x_wconf 73' lang='lat' dir='ltr'><strong>gressurus</strong></span> <span class='ocrx_word' id='word_1_855' title='bbox 2599 2111 2759 2165; x_wconf 81' lang='lat' dir='ltr'><strong>erat?</strong></span> <span class='ocrx_word' id='word_1_856' title='bbox 2806 2109 2955 2179; x_wconf 82' lang='lat' dir='ltr'><strong>Rogo</strong></span> <span class='ocrx_word' id='word_1_857' title='bbox 3001 2108 3272 2180; x_wconf 82' lang='lat' dir='ltr'><strong>caritatem</strong></span> <span class='ocrx_word' id='word_1_858' title='bbox 3301 2116 3532 2180; x_wconf 84' lang='lat' dir='ltr'><strong>vestram</strong></span> <span class='ocrx_word' id='word_1_859' title='bbox 3564 2115 3629 2180; x_wconf 81' lang='lat' dir='ltr'><strong>ut</strong></span> <span class='ocrx_word' id='word_1_860' title='bbox 3648 2122 3881 2180; x_wconf 76' lang='lat' dir='ltr'><strong>mecum</strong></span> 
     </span>
    </p>
   </div>
   <div class='ocr_carea' id='block_1_107' title="bbox 2289 2177 3885 2242">
    <p class='ocr_par' dir='ltr' id='par_1_107' title="bbox 2289 2177 3885 2242">
     <span class='ocr_line' id='line_1_110' title="bbox 2289 2177 3885 2242; baseline -0.003 -7"><span class='ocrx_word' id='word_1_861' title='bbox 2289 2177 2561 2236; x_wconf 81' lang='lat' dir='ltr'><strong>concertet</strong></span> <span class='ocrx_word' id='word_1_862' title='bbox 2580 2222 2595 2242; x_wconf 87' lang='lat'><em>.</em></span> <span class='ocrx_word' id='word_1_863' title='bbox 2619 2196 2738 2234; x_wconf 93' lang='lat' dir='ltr'><strong>cum</strong></span> <span class='ocrx_word' id='word_1_864' title='bbox 2768 2181 2835 2234; x_wconf 88' lang='lat' dir='ltr'><strong>ad</strong></span> <span class='ocrx_word' id='word_1_865' title='bbox 2862 2177 2960 2234; x_wconf 83' lang='lat' dir='ltr'><strong>hoc</strong></span> <span class='ocrx_word' id='word_1_866' title='bbox 2984 2177 3362 2234; x_wconf 72' lang='lat' dir='ltr'><strong>contfutandum</strong></span> <span class='ocrx_word' id='word_1_867' title='bbox 3390 2179 3557 2231; x_wconf 91' lang='lat' dir='ltr'><strong>multo</strong></span> <span class='ocrx_word' id='word_1_868' title='bbox 3587 2178 3657 2231; x_wconf 90' lang='lat' dir='ltr'><strong>sit</strong></span> <span class='ocrx_word' id='word_1_869' title='bbox 3681 2178 3885 2232; x_wconf 81' lang='lat' dir='ltr'><strong>labore</strong></span> 
     </span>
    </p>
   </div>
   <div class='ocr_carea' id='block_1_108' title="bbox 2284 2247 3883 2318">
    <p class='ocr_par' dir='ltr' id='par_1_108' title="bbox 2284 2247 3883 2318">
     <span class='ocr_line' id='line_1_111' title="bbox 2284 2247 3883 2318; baseline -0.001 -14"><span class='ocrx_word' id='word_1_870' title='bbox 2284 2265 2419 2318; x_wconf 87' lang='lat' dir='ltr'><strong>opus</strong></span> <span class='ocrx_word' id='word_1_871' title='bbox 2451 2269 2464 2305; x_wconf 91' lang='lat'><strong>:</strong></span> <span class='ocrx_word' id='word_1_872' title='bbox 2495 2251 2579 2305; x_wconf 93' lang='lat' dir='ltr'><strong>hic</strong></span> <span class='ocrx_word' id='word_1_873' title='bbox 2608 2250 2749 2305; x_wconf 90' lang='lat' dir='ltr'><strong>enim</strong></span> <span class='ocrx_word' id='word_1_874' title='bbox 2774 2250 3006 2305; x_wconf 90' lang='lat' dir='ltr'><strong>divinam</strong></span> <span class='ocrx_word' id='word_1_875' title='bbox 3031 2247 3401 2303; x_wconf 86' lang='lat' dir='ltr'><strong>formationem</strong></span> <span class='ocrx_word' id='word_1_876' title='bbox 3427 2249 3883 2318; x_wconf 84' lang='lat' dir='ltr'><strong>creationemque</strong></span> 
     </span>
    </p>
   </div>
   <div class='ocr_carea' id='block_1_109' title="bbox 2285 2316 3876 2377">
    <p class='ocr_par' dir='ltr' id='par_1_109' title="bbox 2285 2316 3876 2377">
     <span class='ocr_line' id='line_1_112' title="bbox 2285 2316 3876 2377; baseline -0.003 -3"><span class='ocrx_word' id='word_1_877' title='bbox 2285 2316 2639 2375; x_wconf 71' lang='lat' dir='ltr'><strong>defendimus.</strong></span> <span class='ocrx_word' id='word_1_878' title='bbox 2666 2321 2814 2375; x_wconf 78' lang='lat' dir='ltr'><strong>Fecit</strong></span> <span class='ocrx_word' id='word_1_879' title='bbox 2844 2320 3113 2374; x_wconf 84' lang='lat' dir='ltr'><strong>hominem</strong></span> <span class='ocrx_word' id='word_1_880' title='bbox 3145 2317 3421 2372; x_wconf 83' lang='lat' dir='ltr'><strong>:emnium</strong></span> <span class='ocrx_word' id='word_1_881' title='bbox 3453 2317 3542 2373; x_wconf 89' lang='lat' dir='ltr'><strong>dat</strong></span> <span class='ocrx_word' id='word_1_882' title='bbox 3574 2316 3649 2373; x_wconf 90' lang='lat' dir='ltr'><strong>illi</strong></span> <span class='ocrx_word' id='word_1_883' title='bbox 3682 2316 3876 2377; x_wconf 82' lang='lat' dir='ltr'><strong>usum.</strong></span> 
     </span>
    </p>
   </div>
   <div class='ocr_carea' id='block_1_110' title="bbox 2284 2388 3879 2460">
    <p class='ocr_par' dir='ltr' id='par_1_110' title="bbox 2284 2388 3879 2460">
     <span class='ocr_line' id='line_1_113' title="bbox 2284 2388 3879 2460; baseline -0.002 -16"><span class='ocrx_word' id='word_1_884' title='bbox 2284 2391 2523 2460; x_wconf 57' lang='lat' dir='ltr'><strong>praecipit</strong></span> <span class='ocrx_word' id='word_1_885' title='bbox 2569 2390 2645 2446; x_wconf 90' lang='lat' dir='ltr'><strong>illi</strong></span> <span class='ocrx_word' id='word_1_886' title='bbox 2698 2400 2757 2445; x_wconf 91' lang='lat' dir='ltr'><strong>ut</strong></span> <span class='ocrx_word' id='word_1_887' title='bbox 2794 2390 2862 2445; x_wconf 90' lang='lat' dir='ltr'><strong>ab</strong></span> <span class='ocrx_word' id='word_1_888' title='bbox 2908 2390 3155 2445; x_wconf 86' lang='lat' dir='ltr'><strong>omnibus</strong></span> <span class='ocrx_word' id='word_1_889' title='bbox 3198 2388 3464 2460; x_wconf 86' lang='lat' dir='ltr'><strong>comedat.</strong></span> <span class='ocrx_word' id='word_1_890' title='bbox 3491 2388 3543 2443; x_wconf 89' lang='lat' dir='ltr'><strong>Si</strong></span> <span class='ocrx_word' id='word_1_891' title='bbox 3575 2398 3879 2457; x_wconf 85' lang='lat' dir='ltr'><strong>angustum</strong></span> 
     </span>
    </p>
   </div>
   <div class='ocr_carea' id='block_1_111' title="bbox 2284 2459 3883 2531">
    <p class='ocr_par' dir='ltr' id='par_1_111' title="bbox 2284 2459 3883 2531">
     <span class='ocr_line' id='line_1_114' title="bbox 2284 2459 3883 2531; baseline -0.003 -16"><span class='ocrx_word' id='word_1_892' title='bbox 2284 2470 2605 2530; x_wconf 55' lang='lat' dir='ltr'><strong>praeceptum</strong></span> <span class='ocrx_word' id='word_1_893' title='bbox 2654 2469 2835 2531; x_wconf 88' lang='lat' dir='ltr'><strong>esset,</strong></span> <span class='ocrx_word' id='word_1_894' title='bbox 2869 2462 2913 2514; x_wconf 93' lang='lat' dir='ltr'><strong>si</strong></span> <span class='ocrx_word' id='word_1_895' title='bbox 2966 2474 3132 2531; x_wconf 87' lang='lat' dir='ltr'><strong>pauca</strong></span> <span class='ocrx_word' id='word_1_896' title='bbox 3186 2459 3470 2513; x_wconf 87' lang='lat' dir='ltr'><strong>comedere</strong></span> <span class='ocrx_word' id='word_1_897' title='bbox 3527 2460 3883 2526; x_wconf 79' lang='lat' dir='ltr'><strong>permitteret</strong></span> 
     </span>
    </p>
   </div>
   <div class='ocr_carea' id='block_1_112' title="bbox 2285 2530 3877 2600">
    <p class='ocr_par' dir='ltr' id='par_1_112' title="bbox 2285 2530 3877 2600">
     <span class='ocr_line' id='line_1_115' title="bbox 2285 2530 3877 2600; baseline -0.001 -15"><span class='ocrx_word' id='word_1_898' title='bbox 2285 2541 2336 2585; x_wconf 88' lang='lat' dir='ltr'><strong>et</strong></span> <span class='ocrx_word' id='word_1_899' title='bbox 2352 2546 2381 2584; x_wconf 93' lang='lat' dir='ltr'><strong>a</strong></span> <span class='ocrx_word' id='word_1_900' title='bbox 2403 2532 2640 2600; x_wconf 90' lang='lat' dir='ltr'><strong>pluribus</strong></span> <span class='ocrx_word' id='word_1_901' title='bbox 2662 2530 2926 2585; x_wconf 86' lang='lat' dir='ltr'><strong>abstinere</strong></span> <span class='ocrx_word' id='word_1_902' title='bbox 2950 2530 3177 2599; x_wconf 89' lang='lat' dir='ltr'><strong>juberct,</strong></span> <span class='ocrx_word' id='word_1_903' title='bbox 3206 2543 3447 2584; x_wconf 79' lang='lat' dir='ltr'><strong>excusari</strong></span> <span class='ocrx_word' id='word_1_904' title='bbox 3475 2538 3658 2598; x_wconf 84' lang='lat' dir='ltr'><strong>posset</strong></span> <span class='ocrx_word' id='word_1_905' title='bbox 3687 2539 3877 2584; x_wconf 84' lang='lat' dir='ltr'><strong>trans-</strong></span> 
     </span>
    </p>
   </div>
   <div class='ocr_carea' id='block_1_113' title="bbox 2284 2600 3877 2669">
    <p class='ocr_par' dir='ltr' id='par_1_113' title="bbox 2284 2600 3877 2669">
     <span class='ocr_line' id='line_1_116' title="bbox 2284 2600 3877 2669; baseline 0 -16"><span class='ocrx_word' id='word_1_906' title='bbox 2284 2602 2489 2669; x_wconf 88' lang='lat' dir='ltr'><strong>gressio</strong></span> <span class='ocrx_word' id='word_1_907' title='bbox 2514 2643 2528 2665; x_wconf 90' lang='lat'><strong>,</strong></span> <span class='ocrx_word' id='word_1_908' title='bbox 2563 2600 2700 2669; x_wconf 90' lang='lat' dir='ltr'><strong>quod</strong></span> <span class='ocrx_word' id='word_1_909' title='bbox 2735 2609 2844 2654; x_wconf 89' lang='lat' dir='ltr'><strong>tam</strong></span> <span class='ocrx_word' id='word_1_910' title='bbox 2882 2608 3135 2668; x_wconf 89' lang='lat' dir='ltr'><strong>angustus</strong></span> <span class='ocrx_word' id='word_1_911' title='bbox 3165 2614 3342 2654; x_wconf 90' lang='lat' dir='ltr'><strong>rerum</strong></span> <span class='ocrx_word' id='word_1_912' title='bbox 3370 2613 3504 2653; x_wconf 85' lang='lat' dir='ltr'><strong>usus</strong></span> <span class='ocrx_word' id='word_1_913' title='bbox 3524 2601 3877 2653; x_wconf 85' lang='lat' dir='ltr'><strong>occasionem</strong></span> 
     </span>
    </p>
   </div>
   <div class='ocr_carea' id='block_1_114' title="bbox 2286 2669 3877 2740">
    <p class='ocr_par' dir='ltr' id='par_1_114' title="bbox 2286 2669 3877 2740">
     <span class='ocr_line' id='line_1_117' title="bbox 2286 2669 3877 2740; baseline -0.002 -16"><span class='ocrx_word' id='word_1_914' title='bbox 2286 2671 2543 2726; x_wconf 87' lang='lat' dir='ltr'><strong>voluntati</strong></span> <span class='ocrx_word' id='word_1_915' title='bbox 2577 2672 2729 2724; x_wconf 89' lang='lat' dir='ltr'><strong>daret</strong></span> <span class='ocrx_word' id='word_1_916' title='bbox 2748 2670 3148 2740; x_wconf 64' lang='lat' dir='ltr'><strong>praevaricandi.</strong></span> <span class='ocrx_word' id='word_1_917' title='bbox 3177 2669 3267 2724; x_wconf 90' lang='lat' dir='ltr'><strong>Sin</strong></span> <span class='ocrx_word' id='word_1_918' title='bbox 3293 2683 3484 2739; x_wconf 89' lang='lat' dir='ltr'><strong>magna</strong></span> <span class='ocrx_word' id='word_1_919' title='bbox 3504 2684 3684 2740; x_wconf 82' lang='lat' dir='ltr'><strong>rerum</strong></span> <span class='ocrx_word' id='word_1_920' title='bbox 3709 2671 3877 2740; x_wconf 78' lang='lat' dir='ltr'><strong>capia</strong></span> 
     </span>
    </p>
   </div>
   <div class='ocr_carea' id='block_1_115' title="bbox 2285 2738 3879 2810">
    <p class='ocr_par' dir='ltr' id='par_1_115' title="bbox 2285 2738 3879 2810">
     <span class='ocr_line' id='line_1_118' title="bbox 2285 2738 3879 2810; baseline -0.001 -15"><span class='ocrx_word' id='word_1_921' title='bbox 2285 2751 2399 2795; x_wconf 86' lang='lat' dir='ltr'><strong>erat</strong></span> <span class='ocrx_word' id='word_1_922' title='bbox 2424 2782 2439 2808; x_wconf 88' lang='lat'><strong>,</strong></span> <span class='ocrx_word' id='word_1_923' title='bbox 2469 2749 2522 2795; x_wconf 90' lang='lat' dir='ltr'><strong>et</strong></span> <span class='ocrx_word' id='word_1_924' title='bbox 2554 2738 2867 2810; x_wconf 82' lang='lat' dir='ltr'><strong>paucissima</strong></span> <span class='ocrx_word' id='word_1_925' title='bbox 2904 2740 3165 2809; x_wconf 88' lang='lat' dir='ltr'><strong>prohibita</strong></span> <span class='ocrx_word' id='word_1_926' title='bbox 3204 2739 3351 2794; x_wconf 90' lang='lat' dir='ltr'><strong>fuere</strong></span> <span class='ocrx_word' id='word_1_927' title='bbox 3378 2738 3397 2803; x_wconf 60' lang='grc'><strong>,⁷</strong></span> <span class='ocrx_word' id='word_1_928' title='bbox 3426 2754 3523 2810; x_wconf 84' lang='lat' dir='ltr'><strong>cur</strong></span> <span class='ocrx_word' id='word_1_929' title='bbox 3550 2738 3879 2794; x_wconf 52' lang='lat' dir='ltr'><strong>benef-tem»</strong></span> 
     </span>
    </p>
   </div>
   <div class='ocr_carea' id='block_1_116' title="bbox 2286 2809 3879 2880">
    <p class='ocr_par' dir='ltr' id='par_1_116' title="bbox 2286 2809 3879 2880">
     <span class='ocr_line' id='line_1_119' title="bbox 2286 2809 3879 2880; baseline 0 -16"><span class='ocrx_word' id='word_1_930' title='bbox 2286 2824 2397 2864; x_wconf 89' lang='lat' dir='ltr'><strong>rem</strong></span> <span class='ocrx_word' id='word_1_931' title='bbox 2449 2809 2565 2880; x_wconf 13' lang='lat' dir='ltr'><strong>per,</strong></span> <span class='ocrx_word' id='word_1_932' title='bbox 2589 2810 2946 2880; x_wconf 89' lang='lat' dir='ltr'><strong>obedientiam</strong></span> <span class='ocrx_word' id='word_1_933' title='bbox 2992 2823 3097 2864; x_wconf 92' lang='lat' dir='ltr'><strong>non</strong></span> <span class='ocrx_word' id='word_1_934' title='bbox 3129 2810 3444 2880; x_wconf 78' lang='lat' dir='ltr'><strong>honoravit?</strong></span> <span class='ocrx_word' id='word_1_935' title='bbox 3472 2809 3669 2880; x_wconf 83' lang='lat' dir='ltr'><strong>Verum</strong></span> <span class='ocrx_word' id='word_1_936' title='bbox 3704 2810 3879 2877; x_wconf 87' lang='lat' dir='ltr'><strong>objici</strong></span> 
     </span>
    </p>
   </div>
   <div class='ocr_carea' id='block_1_117' title="bbox 2285 2878 3875 2950">
    <p class='ocr_par' dir='ltr' id='par_1_117' title="bbox 2285 2878 3875 2950">
     <span class='ocr_line' id='line_1_120' title="bbox 2285 2878 3875 2950; baseline 0.001 -19"><span class='ocrx_word' id='word_1_937' title='bbox 2285 2878 2487 2949; x_wconf 78' lang='lat' dir='ltr'><strong>posset,</strong></span> <span class='ocrx_word' id='word_1_938' title='bbox 2521 2895 2699 2935; x_wconf 91' lang='lat' dir='ltr'><strong>rerum</strong></span> <span class='ocrx_word' id='word_1_939' title='bbox 2726 2879 2941 2950; x_wconf 88' lang='lat' dir='ltr'><strong>quidem</strong></span> <span class='ocrx_word' id='word_1_940' title='bbox 2972 2881 3179 2948; x_wconf 88' lang='lat' dir='ltr'><strong>copiam</strong></span> <span class='ocrx_word' id='word_1_941' title='bbox 3202 2878 3451 2945; x_wconf 87' lang='lat' dir='ltr'><strong>dedisse,</strong></span> <span class='ocrx_word' id='word_1_942' title='bbox 3481 2879 3573 2933; x_wconf 87' lang='lat' dir='ltr'><strong>sed</strong></span> <span class='ocrx_word' id='word_1_943' title='bbox 3608 2895 3717 2933; x_wconf 87' lang='lat' dir='ltr'><strong>non</strong></span> <span class='ocrx_word' id='word_1_944' title='bbox 3749 2890 3875 2933; x_wconf 84' lang='lat' dir='ltr'><strong>tast-</strong></span> 
     </span>
    </p>
   </div>
   <div class='ocr_carea' id='block_1_118' title="bbox 2288 2949 3881 3019">
    <p class='ocr_par' dir='ltr' id='par_1_118' title="bbox 2288 2949 3881 3019">
     <span class='ocr_line' id='line_1_121' title="bbox 2288 2949 3881 3019; baseline 0.001 -16"><span class='ocrx_word' id='word_1_945' title='bbox 2288 2960 2396 3004; x_wconf 87' lang='lat' dir='ltr'><strong>tam</strong></span> <span class='ocrx_word' id='word_1_946' title='bbox 2447 2950 2671 3004; x_wconf 84' lang='lat' dir='ltr'><strong>aliarum</strong></span> <span class='ocrx_word' id='word_1_947' title='bbox 2716 2949 2967 3005; x_wconf 83' lang='lat' dir='ltr'><strong>arborum</strong></span> <span class='ocrx_word' id='word_1_948' title='bbox 3007 2950 3173 3005; x_wconf 85' lang='lat' dir='ltr'><strong>fuisse</strong></span> <span class='ocrx_word' id='word_1_949' title='bbox 3215 2949 3689 3019; x_wconf 83' lang='lat' dir='ltr'><strong>pulchritudinem.</strong></span> <span class='ocrx_word' id='word_1_950' title='bbox 3744 2950 3881 3005; x_wconf 85' lang='lat' dir='ltr'><strong>Erat</strong></span> 
     </span>
    </p>
   </div>
   <div class='ocr_carea' id='block_1_119' title="bbox 2285 3017 3875 3091">
    <p class='ocr_par' dir='ltr' id='par_1_119' title="bbox 2285 3017 3875 3091">
     <span class='ocr_line' id='line_1_122' title="bbox 2285 3017 3875 3091; baseline 0 -18"><span class='ocrx_word' id='word_1_951' title='bbox 2285 3021 2426 3091; x_wconf 80' lang='lat' dir='ltr'><strong>enim</strong></span> <span class='ocrx_word' id='word_1_952' title='bbox 2456 3020 2735 3091; x_wconf 76' lang='lat' dir='ltr'><strong>Pulchrum</strong></span> <span class='ocrx_word' id='word_1_953' title='bbox 2756 3030 2962 3091; x_wconf 81' lang='lat' dir='ltr'><strong>aspectu</strong></span> <span class='ocrx_word' id='word_1_954' title='bbox 2992 3062 3006 3085; x_wconf 89' lang='lat'><strong>,</strong></span> <span class='ocrx_word' id='word_1_955' title='bbox 3033 3031 3077 3075; x_wconf 89' lang='lat' dir='ltr'><strong>et</strong></span> <span class='ocrx_word' id='word_1_956' title='bbox 3120 3017 3266 3091; x_wconf 77' lang='lat' dir='ltr'><strong>gustu</strong></span> <span class='ocrx_word' id='word_1_957' title='bbox 3291 3020 3471 3073; x_wconf 88' lang='lat' dir='ltr'><strong>bonum</strong></span> <span class='ocrx_word' id='word_1_958' title='bbox 3498 3019 3516 3090; x_wconf 90' lang='lat'><strong>(</strong></span> <span class='ocrx_word' id='word_1_959' title='bbox 3546 3017 3634 3072; x_wconf 87' lang='lat' dir='ltr'><strong>Id.</strong></span> <span class='ocrx_word' id='word_1_960' title='bbox 3668 3021 3725 3091; x_wconf 77' lang='grc'><strong>5.</strong></span> <span class='ocrx_word' id='word_1_961' title='bbox 3762 3022 3795 3074; x_wconf 87' lang='grc'>6</span> <span class='ocrx_word' id='word_1_962' title='bbox 3828 3021 3875 3089; x_wconf 88' lang='grc'><strong>).</strong></span> 
     </span>
    </p>
   </div>
   <div class='ocr_carea' id='block_1_120' title="bbox 2300 3089 3878 3161">
    <p class='ocr_par' dir='ltr' id='par_1_120' title="bbox 2300 3089 3878 3161">
     <span class='ocr_line' id='line_1_123' title="bbox 2300 3089 3878 3161; baseline 0 -16"><span class='ocrx_word' id='word_1_963' title='bbox 2300 3089 2365 3145; x_wconf 75' lang='lat' dir='ltr'><strong>lit</strong></span> <span class='ocrx_word' id='word_1_964' title='bbox 2417 3092 2574 3161; x_wconf 89' lang='lat' dir='ltr'><strong>igitur</strong></span> <span class='ocrx_word' id='word_1_965' title='bbox 2622 3089 2759 3161; x_wconf 88' lang='lat' dir='ltr'><strong>hanc</strong></span> <span class='ocrx_word' id='word_1_966' title='bbox 2818 3089 3039 3161; x_wconf 87' lang='lat' dir='ltr'><strong>quoque</strong></span> <span class='ocrx_word' id='word_1_967' title='bbox 3086 3089 3427 3161; x_wconf 75' lang='lat' dir='ltr'><strong>speciosam</strong></span> <span class='ocrx_word' id='word_1_968' title='bbox 3464 3089 3878 3161; x_wconf 69' lang='lat' dir='ltr'><strong>escusationem</strong></span> 
     </span>
    </p>
   </div>
   <div class='ocr_carea' id='block_1_121' title="bbox 2287 3159 3881 3230">
    <p class='ocr_par' dir='ltr' id='par_1_121' title="bbox 2287 3159 3881 3230">
     <span class='ocr_line' id='line_1_124' title="bbox 2287 3159 3881 3230; baseline 0 -17"><span class='ocrx_word' id='word_1_969' title='bbox 2287 3160 2666 3230; x_wconf 80' lang='lat' dir='ltr'><strong>praescinderet</strong></span> <span class='ocrx_word' id='word_1_970' title='bbox 2694 3159 2859 3230; x_wconf 62' lang='lat' dir='ltr'><strong>Deus;</strong></span> <span class='ocrx_word' id='word_1_971' title='bbox 2885 3159 3039 3228; x_wconf 82' lang='lat' dir='ltr'><strong>quam</strong></span> <span class='ocrx_word' id='word_1_972' title='bbox 3069 3160 3215 3215; x_wconf 89' lang='lat' dir='ltr'><strong>dedit</strong></span> <span class='ocrx_word' id='word_1_973' title='bbox 3238 3159 3363 3214; x_wconf 89' lang='lat' dir='ltr'><strong>huic</strong></span> <span class='ocrx_word' id='word_1_974' title='bbox 3398 3160 3541 3229; x_wconf 88' lang='lat' dir='ltr'><strong>ligno</strong></span> <span class='ocrx_word' id='word_1_975' title='bbox 3571 3160 3881 3230; x_wconf 83' lang='lat' dir='ltr'><strong>pulchritu-</strong></span> 
     </span>
    </p>
   </div>
   <div class='ocr_carea' id='block_1_122' title="bbox 2288 3229 3874 3299">
    <p class='ocr_par' dir='ltr' id='par_1_122' title="bbox 2288 3229 3874 3299">
     <span class='ocr_line' id='line_1_125' title="bbox 2288 3229 3874 3299; baseline 0.002 -18"><span class='ocrx_word' id='word_1_976' title='bbox 2288 3229 2504 3299; x_wconf 90' lang='lat' dir='ltr'><strong>dinem,</strong></span> <span class='ocrx_word' id='word_1_977' title='bbox 2554 3229 2795 3285; x_wconf 89' lang='lat' dir='ltr'><strong>eamdem</strong></span> <span class='ocrx_word' id='word_1_978' title='bbox 2835 3246 3045 3299; x_wconf 86' lang='lat' dir='ltr'><strong>quoque</strong></span> <span class='ocrx_word' id='word_1_979' title='bbox 3102 3230 3311 3284; x_wconf 64' lang='lat' dir='ltr'><strong>caeteris</strong></span> <span class='ocrx_word' id='word_1_980' title='bbox 3353 3229 3601 3286; x_wconf 87' lang='lat' dir='ltr'><strong>omnibus</strong></span> <span class='ocrx_word' id='word_1_981' title='bbox 3652 3231 3874 3285; x_wconf 89' lang='lat' dir='ltr'><strong>indidit.</strong></span> 
     </span>
    </p>
   </div>
   <div class='ocr_carea' id='block_1_123' title="bbox 2291 3298 3870 3371">
    <p class='ocr_par' dir='ltr' id='par_1_123' title="bbox 2291 3298 3870 3371">
     <span class='ocr_line' id='line_1_126' title="bbox 2291 3298 3870 3371; baseline 0.001 -20"><span class='ocrx_word' id='word_1_982' title='bbox 2291 3298 2428 3371; x_wconf 79' lang='lat' dir='ltr'><strong>Dicit</strong></span> <span class='ocrx_word' id='word_1_983' title='bbox 2466 3300 2606 3354; x_wconf 91' lang='lat' dir='ltr'><strong>enim</strong></span> <span class='ocrx_word' id='word_1_984' title='bbox 2648 3298 2899 3370; x_wconf 81' lang='lat' dir='ltr'><strong>Moyses:</strong></span> <span class='ocrx_word' id='word_1_985' title='bbox 2926 3300 3275 3369; x_wconf 71' lang='lat' dir='ltr'><strong>Produxitque</strong></span> <span class='ocrx_word' id='word_1_986' title='bbox 3316 3299 3455 3371; x_wconf 78' lang='lat' dir='ltr'><strong>Deus</strong></span> <span class='ocrx_word' id='word_1_987' title='bbox 3483 3317 3631 3354; x_wconf 86' lang='lat' dir='ltr'><strong>omne</strong></span> <span class='ocrx_word' id='word_1_988' title='bbox 3668 3302 3870 3371; x_wconf 75' lang='lat' dir='ltr'><strong>lignum</strong></span> 
     </span>
    </p>
   </div>
   <div class='ocr_carea' id='block_1_124' title="bbox 2291 3369 3879 3439">
    <p class='ocr_par' dir='ltr' id='par_1_124' title="bbox 2291 3369 3879 3439">
     <span class='ocr_line' id='line_1_127' title="bbox 2291 3369 3879 3439; baseline 0.003 -19"><span class='ocrx_word' id='word_1_989' title='bbox 2291 3370 2557 3437; x_wconf 83' lang='lat' dir='ltr'><strong>pulchrum</strong></span> <span class='ocrx_word' id='word_1_990' title='bbox 2586 3371 2711 3435; x_wconf 84' lang='lat' dir='ltr'><strong>visu,</strong></span> <span class='ocrx_word' id='word_1_991' title='bbox 2733 3369 2778 3424; x_wconf 85' lang='lat' dir='ltr'><strong>et</strong></span> <span class='ocrx_word' id='word_1_992' title='bbox 2800 3371 2867 3423; x_wconf 89' lang='lat' dir='ltr'><strong>ad</strong></span> <span class='ocrx_word' id='word_1_993' title='bbox 2886 3371 3181 3425; x_wconf 82' lang='lat' dir='ltr'><strong>vescendum</strong></span> <span class='ocrx_word' id='word_1_994' title='bbox 3204 3386 3354 3424; x_wconf 78' lang='lat' dir='ltr'><strong>suave</strong></span> <span class='ocrx_word' id='word_1_995' title='bbox 3383 3370 3401 3438; x_wconf 93' lang='lat'>(</span> <span class='ocrx_word' id='word_1_996' title='bbox 3433 3369 3518 3423; x_wconf 90' lang='lat' dir='ltr'><strong>Id.</strong></span> <span class='ocrx_word' id='word_1_997' title='bbox 3537 3371 3591 3425; x_wconf 72' lang='grc' dir='ltr'><strong>Ξ.</strong></span> <span class='ocrx_word' id='word_1_998' title='bbox 3628 3372 3661 3425; x_wconf 88' lang='lat'><strong>9</strong></span> <span class='ocrx_word' id='word_1_999' title='bbox 3692 3369 3739 3439; x_wconf 56' lang='lat'><strong>)&#39;.</strong></span> <span class='ocrx_word' id='word_1_1000' title='bbox 3768 3372 3879 3426; x_wconf 87' lang='lat' dir='ltr'><strong>Cur</strong></span> 
     </span>
    </p>
   </div>
   <div class='ocr_carea' id='block_1_125' title="bbox 2291 3440 3871 3510">
    <p class='ocr_par' dir='ltr' id='par_1_125' title="bbox 2291 3440 3871 3510">
     <span class='ocr_line' id='line_1_128' title="bbox 2291 3440 3871 3510; baseline 0.003 -19"><span class='ocrx_word' id='word_1_1001' title='bbox 2291 3449 2771 3510; x_wconf 4' lang='lat' dir='ltr'><strong>crgogprmceptum</strong></span> <span class='ocrx_word' id='word_1_1002' title='bbox 2813 3440 2993 3495; x_wconf 88' lang='lat' dir='ltr'><strong>datum</strong></span> <span class='ocrx_word' id='word_1_1003' title='bbox 3024 3452 3104 3495; x_wconf 90' lang='lat' dir='ltr'><strong>est</strong></span> <span class='ocrx_word' id='word_1_1004' title='bbox 3131 3440 3154 3493; x_wconf 83' lang='lat'><strong>?</strong></span> <span class='ocrx_word' id='word_1_1005' title='bbox 3186 3440 3250 3495; x_wconf 91' lang='lat' dir='ltr'><strong>Ut</strong></span> <span class='ocrx_word' id='word_1_1006' title='bbox 3274 3440 3507 3494; x_wconf 88' lang='lat' dir='ltr'><strong>disceret</strong></span> <span class='ocrx_word' id='word_1_1007' title='bbox 3533 3456 3591 3496; x_wconf 89' lang='lat' dir='ltr'><strong>se</strong></span> <span class='ocrx_word' id='word_1_1008' title='bbox 3613 3451 3667 3495; x_wconf 87' lang='lat' dir='ltr'><strong>ct</strong></span> <span class='ocrx_word' id='word_1_1009' title='bbox 3692 3441 3798 3510; x_wconf 84' lang='lat' dir='ltr'><strong>legi</strong></span> <span class='ocrx_word' id='word_1_1010' title='bbox 3817 3454 3871 3496; x_wconf 86' lang='lat' dir='ltr'><strong>et</strong></span> 
     </span>
    </p>
   </div>
   <div class='ocr_carea' id='block_1_126' title="bbox 2293 3509 3875 3580">
    <p class='ocr_par' dir='ltr' id='par_1_126' title="bbox 2293 3509 3875 3580">
     <span class='ocr_line' id='line_1_129' title="bbox 2293 3509 3875 3580; baseline 0.001 -18"><span class='ocrx_word' id='word_1_1011' title='bbox 2293 3509 2518 3580; x_wconf 79' lang='lat' dir='ltr'><strong>Domino</strong></span> <span class='ocrx_word' id='word_1_1012' title='bbox 2567 3510 2837 3564; x_wconf 88' lang='lat' dir='ltr'><strong>subditum</strong></span> <span class='ocrx_word' id='word_1_1013' title='bbox 2878 3526 3015 3566; x_wconf 88' lang='lat' dir='ltr'><strong>esse.</strong></span> <span class='ocrx_word' id='word_1_1014' title='bbox 3063 3510 3167 3565; x_wconf 89' lang='lat' dir='ltr'><strong>Cur</strong></span> <span class='ocrx_word' id='word_1_1015' title='bbox 3209 3510 3319 3580; x_wconf 86' lang='lat' dir='ltr'><strong>hoc</strong></span> <span class='ocrx_word' id='word_1_1016' title='bbox 3364 3520 3686 3580; x_wconf 62' lang='lat' dir='ltr'><strong>praeceptum</strong></span> <span class='ocrx_word' id='word_1_1017' title='bbox 3714 3554 3730 3575; x_wconf 84' lang='lat'><strong>,</strong></span> <span class='ocrx_word' id='word_1_1018' title='bbox 3759 3509 3875 3565; x_wconf 80' lang='lat' dir='ltr'><strong>non</strong></span> 
     </span>
    </p>
   </div>
   <div class='ocr_carea' id='block_1_127' title="bbox 2292 3578 3871 3636">
    <p class='ocr_par' dir='ltr' id='par_1_127' title="bbox 2292 3578 3871 3636">
     <span class='ocr_line' id='line_1_130' title="bbox 2292 3578 3871 3636; baseline 0.003 -7"><span class='ocrx_word' id='word_1_1019' title='bbox 2292 3578 2433 3632; x_wconf 81' lang='lat' dir='ltr'><strong>aliud</strong></span> <span class='ocrx_word' id='word_1_1020' title='bbox 2462 3578 2607 3633; x_wconf 89' lang='lat' dir='ltr'><strong>dedit</strong></span> <span class='ocrx_word' id='word_1_1021' title='bbox 2634 3582 2655 3632; x_wconf 75' lang='lat'><strong>‘3</strong></span> <span class='ocrx_word' id='word_1_1022' title='bbox 2679 3579 2796 3636; x_wconf 74' lang='lat' dir='ltr'><strong>Non</strong></span> <span class='ocrx_word' id='word_1_1023' title='bbox 2847 3590 2959 3636; x_wconf 88' lang='lat' dir='ltr'><strong>erat</strong></span> <span class='ocrx_word' id='word_1_1024' title='bbox 3006 3579 3149 3634; x_wconf 90' lang='lat' dir='ltr'><strong>aliud</strong></span> <span class='ocrx_word' id='word_1_1025' title='bbox 3190 3579 3507 3634; x_wconf 73' lang='lat' dir='ltr'><strong>obedientia:</strong></span> <span class='ocrx_word' id='word_1_1026' title='bbox 3532 3578 3871 3636; x_wconf 77' lang='lat' dir='ltr'><strong>exercitium.</strong></span> 
     </span>
    </p>
   </div>
   <div class='ocr_carea' id='block_1_128' title="bbox 2290 3648 3873 3718">
    <p class='ocr_par' dir='ltr' id='par_1_128' title="bbox 2290 3648 3873 3718">
     <span class='ocr_line' id='line_1_131' title="bbox 2290 3648 3873 3718; baseline 0.003 -18"><span class='ocrx_word' id='word_1_1027' title='bbox 2290 3648 2425 3714; x_wconf 89' lang='lat' dir='ltr'><strong>Quid</strong></span> <span class='ocrx_word' id='word_1_1028' title='bbox 2453 3652 2590 3702; x_wconf 88' lang='lat' dir='ltr'><strong>enim</strong></span> <span class='ocrx_word' id='word_1_1029' title='bbox 2620 3649 2855 3718; x_wconf 89' lang='lat' dir='ltr'><strong>oportuit</strong></span> <span class='ocrx_word' id='word_1_1030' title='bbox 2876 3650 3084 3704; x_wconf 81' lang='lat' dir='ltr'><strong>Adamo</strong></span> <span class='ocrx_word' id='word_1_1031' title='bbox 3112 3650 3290 3704; x_wconf 86' lang='lat' dir='ltr'><strong>dicere</strong></span> <span class='ocrx_word' id='word_1_1032' title='bbox 3313 3650 3481 3704; x_wconf 91' lang='lat' dir='ltr'><strong>Deum</strong></span> <span class='ocrx_word' id='word_1_1033' title='bbox 3518 3652 3540 3705; x_wconf 83' lang='lat'><strong>?</strong></span> <span class='ocrx_word' id='word_1_1034' title='bbox 3566 3667 3633 3704; x_wconf 88' lang='lat' dir='ltr'><strong>an</strong></span> <span class='ocrx_word' id='word_1_1035' title='bbox 3662 3668 3772 3706; x_wconf 87' lang='lat' dir='ltr'><strong>non</strong></span> <span class='ocrx_word' id='word_1_1036' title='bbox 3790 3651 3873 3706; x_wconf 85' lang='lat' dir='ltr'><strong>fu-</strong></span> 
     </span>
    </p>
   </div>
   <div class='ocr_carea' id='block_1_129' title="bbox 2291 3718 3874 3789">
    <p class='ocr_par' dir='ltr' id='par_1_129' title="bbox 2291 3718 3874 3789">
     <span class='ocr_line' id='line_1_132' title="bbox 2291 3718 3874 3789; baseline 0.005 -23"><span class='ocrx_word' id='word_1_1037' title='bbox 2291 3718 2493 3789; x_wconf 64' lang='lat' dir='ltr'><strong>raibcris</strong></span> <span class='ocrx_word' id='word_1_1038' title='bbox 2518 3720 2540 3772; x_wconf 86' lang='lat'><strong>?</strong></span> <span class='ocrx_word' id='word_1_1039' title='bbox 2563 3718 2850 3788; x_wconf 74' lang='lat' dir='ltr'><strong>Cujusnam</strong></span> <span class='ocrx_word' id='word_1_1040' title='bbox 2887 3722 3024 3774; x_wconf 91' lang='lat' dir='ltr'><strong>bona</strong></span> <span class='ocrx_word' id='word_1_1041' title='bbox 3051 3720 3253 3775; x_wconf 85' lang='lat' dir='ltr'><strong>furatus</strong></span> <span class='ocrx_word' id='word_1_1042' title='bbox 3282 3728 3426 3775; x_wconf 87' lang='lat' dir='ltr'><strong>esset</strong></span> <span class='ocrx_word' id='word_1_1043' title='bbox 3448 3722 3471 3773; x_wconf 75' lang='lat' dir='ltr'><strong>i</strong></span> <span class='ocrx_word' id='word_1_1044' title='bbox 3497 3721 3667 3788; x_wconf 86' lang='lat' dir='ltr'><strong>Quam</strong></span> <span class='ocrx_word' id='word_1_1045' title='bbox 3696 3723 3874 3789; x_wconf 80' lang='lat' dir='ltr'><strong>legem</strong></span> 
     </span>
    </p>
   </div>
   <div class='ocr_carea' id='block_1_130' title="bbox 2292 3788 3873 3856">
    <p class='ocr_par' dir='ltr' id='par_1_130' title="bbox 2292 3788 3873 3856">
     <span class='ocr_line' id='line_1_133' title="bbox 2292 3788 3873 3856; baseline 0.001 -15"><span class='ocrx_word' id='word_1_1046' title='bbox 2292 3788 2423 3841; x_wconf 89' lang='lat' dir='ltr'><strong>dare</strong></span> <span class='ocrx_word' id='word_1_1047' title='bbox 2450 3792 2680 3856; x_wconf 83' lang='lat' dir='ltr'><strong>oportuit</strong></span> <span class='ocrx_word' id='word_1_1048' title='bbox 2707 3790 2731 3843; x_wconf 83' lang='lat'><strong>?</strong></span> <span class='ocrx_word' id='word_1_1049' title='bbox 2762 3806 2866 3844; x_wconf 88' lang='lat' dir='ltr'><strong>non</strong></span> <span class='ocrx_word' id='word_1_1050' title='bbox 2897 3790 3158 3845; x_wconf 81' lang='lat' dir='ltr'><strong>occides?</strong></span> <span class='ocrx_word' id='word_1_1051' title='bbox 3196 3790 3366 3855; x_wconf 87' lang='lat' dir='ltr'><strong>Quem</strong></span> <span class='ocrx_word' id='word_1_1052' title='bbox 3398 3792 3731 3846; x_wconf 80' lang='lat' dir='ltr'><strong>occidisset?</strong></span> <span class='ocrx_word' id='word_1_1053' title='bbox 3760 3788 3873 3845; x_wconf 72' lang='lat' dir='ltr'><strong>Non</strong></span> 
     </span>
    </p>
   </div>
   <div class='ocr_carea' id='block_1_131' title="bbox 2294 3858 3877 3931">
    <p class='ocr_par' dir='ltr' id='par_1_131' title="bbox 2294 3858 3877 3931">
     <span class='ocr_line' id='line_1_134' title="bbox 2294 3858 3877 3931; baseline 0.004 -22"><span class='ocrx_word' id='word_1_1054' title='bbox 2294 3858 2647 3931; x_wconf 75' lang='lat' dir='ltr'><strong>moechaberis</strong></span> <span class='ocrx_word' id='word_1_1055' title='bbox 2672 3859 2695 3911; x_wconf 68' lang='grc' dir='ltr'><em>ἲ</em></span> <span class='ocrx_word' id='word_1_1056' title='bbox 2734 3859 2888 3931; x_wconf 64' lang='grc' dir='ltr'><strong>(ἰυιῐ)Δ</strong></span> <span class='ocrx_word' id='word_1_1057' title='bbox 2910 3860 3063 3929; x_wconf 88' lang='lat' dir='ltr'><strong>cujus</strong></span> <span class='ocrx_word' id='word_1_1058' title='bbox 3094 3861 3301 3914; x_wconf 76' lang='lat' dir='ltr'><strong>uxore?</strong></span> <span class='ocrx_word' id='word_1_1059' title='bbox 3331 3860 3445 3915; x_wconf 86' lang='lat' dir='ltr'><strong>Non</strong></span> <span class='ocrx_word' id='word_1_1060' title='bbox 3479 3862 3831 3931; x_wconf 83' lang='lat' dir='ltr'><strong>concupisces</strong></span> <span class='ocrx_word' id='word_1_1061' title='bbox 3850 3862 3877 3915; x_wconf 63' lang='grc' dir='ltr'><em>Υ</em></span> 
     </span>
    </p>
   </div>
   <div class='ocr_carea' id='block_1_132' title="bbox 2294 3928 3875 3999">
    <p class='ocr_par' dir='ltr' id='par_1_132' title="bbox 2294 3928 3875 3999">
     <span class='ocr_line' id='line_1_135' title="bbox 2294 3928 3875 3999; baseline 0.003 -18"><span class='ocrx_word' id='word_1_1062' title='bbox 2294 3928 2459 3996; x_wconf 87' lang='lat' dir='ltr'><strong>Cujus</strong></span> <span class='ocrx_word' id='word_1_1063' title='bbox 2486 3928 2765 3983; x_wconf 80' lang='lat' dir='ltr'><strong>facultates</strong></span> <span class='ocrx_word' id='word_1_1064' title='bbox 2795 3930 2817 3982; x_wconf 87' lang='lat'><strong>?</strong></span> <span class='ocrx_word' id='word_1_1065' title='bbox 2846 3928 2996 3984; x_wconf 86' lang='lat' dir='ltr'><strong>Nulla</strong></span> <span class='ocrx_word' id='word_1_1066' title='bbox 3016 3940 3131 3985; x_wconf 87' lang='lat' dir='ltr'><strong>erat</strong></span> <span class='ocrx_word' id='word_1_1067' title='bbox 3158 3931 3409 3999; x_wconf 57' lang='lat' dir='ltr'><strong>praecepti</strong></span> <span class='ocrx_word' id='word_1_1068' title='bbox 3438 3928 3705 3997; x_wconf 76' lang='lat' dir='ltr'><strong>materia;</strong></span> <span class='ocrx_word' id='word_1_1069' title='bbox 3741 3948 3875 3986; x_wconf 77' lang='lat' dir='ltr'><strong>non-</strong></span> 
     </span>
    </p>
   </div>
   <div class='ocr_carea' id='block_1_133' title="bbox 2296 3998 3873 4067">
    <p class='ocr_par' dir='ltr' id='par_1_133' title="bbox 2296 3998 3873 4067">
     <span class='ocr_line' id='line_1_136' title="bbox 2296 3998 3873 4067; baseline 0.003 -16"><span class='ocrx_word' id='word_1_1070' title='bbox 2296 3998 2419 4051; x_wconf 90' lang='lat' dir='ltr'><strong>dum</strong></span> <span class='ocrx_word' id='word_1_1071' title='bbox 2441 4008 2555 4053; x_wconf 86' lang='lat' dir='ltr'><strong>erat</strong></span> <span class='ocrx_word' id='word_1_1072' title='bbox 2576 3999 2825 4061; x_wconf 88' lang='lat' dir='ltr'><strong>mundus,</strong></span> <span class='ocrx_word' id='word_1_1073' title='bbox 2856 4000 3093 4055; x_wconf 91' lang='lat' dir='ltr'><strong>nondum</strong></span> <span class='ocrx_word' id='word_1_1074' title='bbox 3123 4001 3232 4066; x_wconf 87' lang='lat' dir='ltr'><strong>illa,</strong></span> <span class='ocrx_word' id='word_1_1075' title='bbox 3263 3998 3381 4067; x_wconf 71' lang='lat' dir='ltr'><strong>qua:</strong></span> <span class='ocrx_word' id='word_1_1076' title='bbox 3409 4017 3551 4057; x_wconf 79' lang='lat' dir='ltr'><strong>DIIIIC</strong></span> <span class='ocrx_word' id='word_1_1077' title='bbox 3580 4012 3683 4061; x_wconf 88' lang='lat' dir='ltr'><strong>est.</strong></span> <span class='ocrx_word' id='word_1_1078' title='bbox 3715 4018 3873 4056; x_wconf 88' lang='lat' dir='ltr'><strong>mun-</strong></span> 
     </span>
    </p>
   </div>
   <div class='ocr_carea' id='block_1_134' title="bbox 2296 4069 3873 4135">
    <p class='ocr_par' dir='ltr' id='par_1_134' title="bbox 2296 4069 3873 4135">
     <span class='ocr_line' id='line_1_137' title="bbox 2296 4069 3873 4135; baseline 0.003 -14"><span class='ocrx_word' id='word_1_1079' title='bbox 2296 4069 2346 4121; x_wconf 93' lang='lat' dir='ltr'><strong>di</strong></span> <span class='ocrx_word' id='word_1_1080' title='bbox 2371 4070 2631 4123; x_wconf 77' lang='lat' dir='ltr'><strong>cvnfusio.</strong></span> <span class='ocrx_word' id='word_1_1081' title='bbox 2658 4071 2741 4124; x_wconf 80' lang='lat' dir='ltr'><strong>An</strong></span> <span class='ocrx_word' id='word_1_1082' title='bbox 2780 4070 3067 4125; x_wconf 87' lang='lat' dir='ltr'><strong>dicendum</strong></span> <span class='ocrx_word' id='word_1_1083' title='bbox 3098 4078 3234 4135; x_wconf 88' lang='lat' dir='ltr'><strong>erat,</strong></span> <span class='ocrx_word' id='word_1_1084' title='bbox 3271 4069 3386 4124; x_wconf 79' lang='lat' dir='ltr'><strong>Non</strong></span> <span class='ocrx_word' id='word_1_1085' title='bbox 3410 4072 3826 4127; x_wconf 86' lang='lat' dir='ltr'><strong>calumniabcris</strong></span> <span class='ocrx_word' id='word_1_1086' title='bbox 3852 4074 3873 4125; x_wconf 63' lang='grc' dir='ltr'>ἵ</span> 
     </span>
    </p>
   </div>
   <div class='ocr_carea' id='block_1_135' title="bbox 2294 4138 3869 4210">
    <p class='ocr_par' dir='ltr' id='par_1_135' title="bbox 2294 4138 3869 4210">
     <span class='ocr_line' id='line_1_138' title="bbox 2294 4138 3869 4210; baseline 0.006 -21"><span class='ocrx_word' id='word_1_1087' title='bbox 2294 4139 2445 4210; x_wconf 84' lang='lat' dir='ltr'><strong>Quod</strong></span> <span class='ocrx_word' id='word_1_1088' title='bbox 2498 4148 2621 4193; x_wconf 90' lang='lat' dir='ltr'><strong>tunc</strong></span> <span class='ocrx_word' id='word_1_1089' title='bbox 2666 4138 2837 4210; x_wconf 83' lang='lat' dir='ltr'><strong>forum</strong></span> <span class='ocrx_word' id='word_1_1090' title='bbox 2871 4140 3124 4209; x_wconf 88' lang='lat' dir='ltr'><strong>judiciale</strong></span> <span class='ocrx_word' id='word_1_1091' title='bbox 3152 4150 3269 4195; x_wconf 90' lang='lat' dir='ltr'><strong>erat</strong></span> <span class='ocrx_word' id='word_1_1092' title='bbox 3296 4141 3319 4193; x_wconf 70' lang='grc' dir='ltr'><strong><em>Ἰ</em></strong></span> <span class='ocrx_word' id='word_1_1093' title='bbox 3346 4141 3435 4210; x_wconf 89' lang='lat' dir='ltr'><strong>qui</strong></span> <span class='ocrx_word' id='word_1_1094' title='bbox 3481 4152 3825 4198; x_wconf 86' lang='lat' dir='ltr'><strong>accusatores</strong></span> <span class='ocrx_word' id='word_1_1095' title='bbox 3854 4186 3869 4208; x_wconf 91' lang='lat'><strong>,</strong></span> 
     </span>
    </p>
   </div>
   <div class='ocr_carea' id='block_1_136' title="bbox 2295 4208 3872 4280">
    <p class='ocr_par' dir='ltr' id='par_1_136' title="bbox 2295 4208 3872 4280">
     <span class='ocr_line' id='line_1_139' title="bbox 2295 4208 3872 4280; baseline 0.003 -19"><span class='ocrx_word' id='word_1_1096' title='bbox 2295 4208 2383 4277; x_wconf 90' lang='lat' dir='ltr'><strong>qui</strong></span> <span class='ocrx_word' id='word_1_1097' title='bbox 2411 4211 2641 4280; x_wconf 89' lang='lat' dir='ltr'><strong>accusati</strong></span> <span class='ocrx_word' id='word_1_1098' title='bbox 2668 4209 2690 4261; x_wconf 90' lang='lat'><strong>?</strong></span> <span class='ocrx_word' id='word_1_1099' title='bbox 2719 4211 2962 4280; x_wconf 87' lang='lat' dir='ltr'><strong>Datergo</strong></span> <span class='ocrx_word' id='word_1_1100' title='bbox 2990 4221 3307 4279; x_wconf 70' lang='lat' dir='ltr'><strong>przeccptum</strong></span> <span class='ocrx_word' id='word_1_1101' title='bbox 3340 4208 3547 4266; x_wconf 70' lang='lat' dir='ltr'><strong>ratione</strong></span> <span class='ocrx_word' id='word_1_1102' title='bbox 3599 4216 3872 4279; x_wconf 64' lang='lat' dir='ltr'><strong>praesentis</strong></span> 
     </span>
    </p>
   </div>
   <div class='ocr_carea' id='block_1_137' title="bbox 2298 4279 3877 4352">
    <p class='ocr_par' dir='ltr' id='par_1_137' title="bbox 2298 4279 3877 4352">
     <span class='ocr_line' id='line_1_140' title="bbox 2298 4279 3877 4352; baseline 0.004 -21"><span class='ocrx_word' id='word_1_1103' title='bbox 2298 4292 2423 4333; x_wconf 87' lang='lat' dir='ltr'><strong>usus</strong></span> <span class='ocrx_word' id='word_1_1104' title='bbox 2454 4279 2657 4352; x_wconf 82' lang='lat' dir='ltr'><strong>fructus</strong></span> <span class='ocrx_word' id='word_1_1105' title='bbox 2684 4297 2696 4332; x_wconf 91' lang='lat'>:</span> <span class='ocrx_word' id='word_1_1106' title='bbox 2720 4290 2790 4352; x_wconf 13' lang='lat' dir='ltr'><strong>rut</strong></span> <span class='ocrx_word' id='word_1_1107' title='bbox 2821 4279 2997 4335; x_wconf 84' lang='lat' dir='ltr'><strong>rerum</strong></span> <span class='ocrx_word' id='word_1_1108' title='bbox 3022 4282 3259 4335; x_wconf 89' lang='lat' dir='ltr'><strong>omnium</strong></span> <span class='ocrx_word' id='word_1_1109' title='bbox 3280 4282 3488 4352; x_wconf 81' lang='lat' dir='ltr'><strong>copiam</strong></span> <span class='ocrx_word' id='word_1_1110' title='bbox 3524 4282 3687 4336; x_wconf 85' lang='lat' dir='ltr'><strong>homo</strong></span> <span class='ocrx_word' id='word_1_1111' title='bbox 3715 4283 3877 4338; x_wconf 82' lang='lat' dir='ltr'><strong>babe-</strong></span> 
     </span>
    </p>
   </div>
   <div class='ocr_carea' id='block_1_138' title="bbox 2296 4349 3875 4413">
    <p class='ocr_par' dir='ltr' id='par_1_138' title="bbox 2296 4349 3875 4413">
     <span class='ocr_line' id='line_1_141' title="bbox 2296 4349 3875 4413; baseline 0.003 -10"><span class='ocrx_word' id='word_1_1112' title='bbox 2296 4353 2396 4413; x_wconf 86' lang='lat' dir='ltr'><strong>r&#39;et,</strong></span> <span class='ocrx_word' id='word_1_1113' title='bbox 2433 4352 2498 4404; x_wconf 92' lang='lat' dir='ltr'><strong>ab</strong></span> <span class='ocrx_word' id='word_1_1114' title='bbox 2529 4349 2628 4403; x_wconf 90' lang='lat' dir='ltr'><strong>hac</strong></span> <span class='ocrx_word' id='word_1_1115' title='bbox 2654 4351 2824 4404; x_wconf 89' lang='lat' dir='ltr'><strong>solum</strong></span> <span class='ocrx_word' id='word_1_1116' title='bbox 2852 4352 3177 4412; x_wconf 85' lang='lat' dir='ltr'><strong>abstineret;</strong></span> <span class='ocrx_word' id='word_1_1117' title='bbox 3212 4361 3265 4403; x_wconf 92' lang='lat' dir='ltr'><strong>ut</strong></span> <span class='ocrx_word' id='word_1_1118' title='bbox 3295 4349 3419 4405; x_wconf 78' lang='lat' dir='ltr'><strong>dum</strong></span> <span class='ocrx_word' id='word_1_1119' title='bbox 3452 4354 3703 4407; x_wconf 88' lang='lat' dir='ltr'><strong>omnibus</strong></span> <span class='ocrx_word' id='word_1_1120' title='bbox 3730 4353 3875 4408; x_wconf 83' lang='lat' dir='ltr'><strong>frue-</strong></span> 
     </span>
    </p>
   </div>
   <div class='ocr_carea' id='block_1_139' title="bbox 2298 4420 3871 4493">
    <p class='ocr_par' dir='ltr' id='par_1_139' title="bbox 2298 4420 3871 4493">
     <span class='ocr_line' id='line_1_142' title="bbox 2298 4420 3871 4493; baseline 0.003 -22"><span class='ocrx_word' id='word_1_1121' title='bbox 2298 4428 2464 4493; x_wconf 73' lang='lat' dir='ltr'><strong>retur,</strong></span> <span class='ocrx_word' id='word_1_1122' title='bbox 2503 4421 2826 4493; x_wconf 83' lang='lat' dir='ltr'><strong>propositam</strong></span> <span class='ocrx_word' id='word_1_1123' title='bbox 2858 4421 2957 4475; x_wconf 89' lang='lat' dir='ltr'><strong>sibi</strong></span> <span class='ocrx_word' id='word_1_1124' title='bbox 2986 4420 3205 4493; x_wconf 82' lang='lat' dir='ltr'><strong>haberet</strong></span> <span class='ocrx_word' id='word_1_1125' title='bbox 3228 4431 3547 4493; x_wconf 81' lang='lat' dir='ltr'><strong>potestatem</strong></span> <span class='ocrx_word' id='word_1_1126' title='bbox 3573 4438 3727 4477; x_wconf 88' lang='lat' dir='ltr'><strong>usum</strong></span> <span class='ocrx_word' id='word_1_1127' title='bbox 3748 4424 3871 4493; x_wconf 83' lang='lat' dir='ltr'><strong>ligni</strong></span> 
     </span>
    </p>
   </div>
   <div class='ocr_carea' id='block_1_140' title="bbox 2300 4489 3877 4559">
    <p class='ocr_par' dir='ltr' id='par_1_140' title="bbox 2300 4489 3877 4559">
     <span class='ocr_line' id='line_1_143' title="bbox 2300 4489 3877 4559; baseline 0.004 -18"><span class='ocrx_word' id='word_1_1128' title='bbox 2300 4489 2439 4559; x_wconf 82' lang='lat' dir='ltr'><strong>illius</strong></span> <span class='ocrx_word' id='word_1_1129' title='bbox 2470 4490 2843 4557; x_wconf 86' lang='lat' dir='ltr'><strong>prohibentem</strong></span> <span class='ocrx_word' id='word_1_1130' title='bbox 2875 4506 2889 4554; x_wconf 90' lang='lat'><strong>;</strong></span> <span class='ocrx_word' id='word_1_1131' title='bbox 2921 4507 3026 4545; x_wconf 88' lang='lat' dir='ltr'><strong>non</strong></span> <span class='ocrx_word' id='word_1_1132' title='bbox 3052 4491 3193 4559; x_wconf 82' lang='lat' dir='ltr'><strong>quod</strong></span> <span class='ocrx_word' id='word_1_1133' title='bbox 3224 4492 3388 4545; x_wconf 87' lang='lat' dir='ltr'><strong>arbor</strong></span> <span class='ocrx_word' id='word_1_1134' title='bbox 3420 4492 3507 4545; x_wconf 86' lang='lat' dir='ltr'><strong>illa</strong></span> <span class='ocrx_word' id='word_1_1135' title='bbox 3539 4494 3679 4547; x_wconf 87' lang='lat' dir='ltr'><strong>mala</strong></span> <span class='ocrx_word' id='word_1_1136' title='bbox 3712 4489 3877 4555; x_wconf 42' lang='lat' dir='ltr'><strong>ess-et,</strong></span> 
     </span>
    </p>
   </div>
   <div class='ocr_carea' id='block_1_141' title="bbox 2298 4558 3870 4629">
    <p class='ocr_par' dir='ltr' id='par_1_141' title="bbox 2298 4558 3870 4629">
     <span class='ocr_line' id='line_1_144' title="bbox 2298 4558 3870 4629; baseline 0.003 -17"><span class='ocrx_word' id='word_1_1137' title='bbox 2298 4558 2391 4613; x_wconf 89' lang='lat' dir='ltr'><strong>sed</strong></span> <span class='ocrx_word' id='word_1_1138' title='bbox 2420 4562 2770 4629; x_wconf 89' lang='lat' dir='ltr'><strong>transgressio</strong></span> <span class='ocrx_word' id='word_1_1139' title='bbox 2800 4562 3037 4629; x_wconf 88' lang='lat' dir='ltr'><strong>improba</strong></span> <span class='ocrx_word' id='word_1_1140' title='bbox 3069 4558 3201 4616; x_wconf 85' lang='lat' dir='ltr'><strong>erat.</strong></span> <span class='ocrx_word' id='word_1_1141' title='bbox 3243 4562 3704 4626; x_wconf 86' lang='lat' dir='ltr'><strong>Quemadmodum</strong></span> <span class='ocrx_word' id='word_1_1142' title='bbox 3735 4567 3870 4618; x_wconf 82' lang='lat' dir='ltr'><strong>enim</strong></span> 
     </span>
    </p>
   </div>
   <div class='ocr_carea' id='block_1_142' title="bbox 2302 4630 3869 4704">
    <p class='ocr_par' dir='ltr' id='par_1_142' title="bbox 2302 4630 3869 4704">
     <span class='ocr_line' id='line_1_145' title="bbox 2302 4630 3869 4704; baseline 0.003 -22"><span class='ocrx_word' id='word_1_1143' title='bbox 2302 4630 2390 4704; x_wconf 80' lang='lat' dir='ltr'><strong>lex</strong></span> <span class='ocrx_word' id='word_1_1144' title='bbox 2419 4640 2622 4683; x_wconf 73' lang='lat' dir='ltr'><strong>natura:</strong></span> <span class='ocrx_word' id='word_1_1145' title='bbox 2652 4631 2914 4704; x_wconf 86' lang='lat' dir='ltr'><strong>virginem</strong></span> <span class='ocrx_word' id='word_1_1146' title='bbox 2955 4630 3069 4685; x_wconf 91' lang='lat' dir='ltr'><strong>vult</strong></span> <span class='ocrx_word' id='word_1_1147' title='bbox 3113 4632 3380 4686; x_wconf 88' lang='lat' dir='ltr'><strong>connubio</strong></span> <span class='ocrx_word' id='word_1_1148' title='bbox 3413 4632 3650 4704; x_wconf 85' lang='lat' dir='ltr'><strong>legitimo</strong></span> <span class='ocrx_word' id='word_1_1149' title='bbox 3676 4634 3823 4704; x_wconf 87' lang='lat' dir='ltr'><strong>jungi</strong></span> <span class='ocrx_word' id='word_1_1150' title='bbox 3856 4651 3869 4697; x_wconf 89' lang='lat'><strong>;</strong></span> 
     </span>
    </p>
   </div>
   <div class='ocr_carea' id='block_1_143' title="bbox 2298 4700 3871 4771">
    <p class='ocr_par' dir='ltr' id='par_1_143' title="bbox 2298 4700 3871 4771">
     <span class='ocr_line' id='line_1_146' title="bbox 2298 4700 3871 4771; baseline 0.003 -17"><span class='ocrx_word' id='word_1_1151' title='bbox 2298 4700 2343 4754; x_wconf 90' lang='lat' dir='ltr'><strong>si</strong></span> <span class='ocrx_word' id='word_1_1152' title='bbox 2407 4716 2509 4767; x_wconf 90' lang='lat' dir='ltr'><strong>qua</strong></span> <span class='ocrx_word' id='word_1_1153' title='bbox 2563 4700 2753 4755; x_wconf 87' lang='lat' dir='ltr'><strong>autem</strong></span> <span class='ocrx_word' id='word_1_1154' title='bbox 2784 4703 2973 4771; x_wconf 86' lang='lat' dir='ltr'><strong>virgo,</strong></span> <span class='ocrx_word' id='word_1_1155' title='bbox 3012 4712 3101 4755; x_wconf 87' lang='lat' dir='ltr'><strong>aut</strong></span> <span class='ocrx_word' id='word_1_1156' title='bbox 3146 4703 3310 4769; x_wconf 87' lang='lat' dir='ltr'><strong>patris</strong></span> <span class='ocrx_word' id='word_1_1157' title='bbox 3355 4700 3692 4758; x_wconf 79' lang='lat' dir='ltr'><strong>voluntatem</strong></span> <span class='ocrx_word' id='word_1_1158' title='bbox 3716 4746 3730 4765; x_wconf 86' lang='lat'><strong>.</strong></span> <span class='ocrx_word' id='word_1_1159' title='bbox 3778 4700 3871 4758; x_wconf 73' lang='lat' dir='ltr'><strong>aut</strong></span> 
     </span>
    </p>
   </div>
   <div class='ocr_carea' id='block_1_144' title="bbox 2297 4771 3871 4840">
    <p class='ocr_par' dir='ltr' id='par_1_144' title="bbox 2297 4771 3871 4840">
     <span class='ocr_line' id='line_1_147' title="bbox 2297 4771 3871 4840; baseline 0.003 -17"><span class='ocrx_word' id='word_1_1160' title='bbox 2297 4771 2547 4823; x_wconf 87' lang='lat' dir='ltr'><strong>connubii</strong></span> <span class='ocrx_word' id='word_1_1161' title='bbox 2587 4780 2795 4840; x_wconf 90' lang='lat' dir='ltr'><strong>tempus</strong></span> <span class='ocrx_word' id='word_1_1162' title='bbox 2826 4772 3159 4840; x_wconf 60' lang='lat' dir='ltr'><strong>prasveniens</strong></span> <span class='ocrx_word' id='word_1_1163' title='bbox 3189 4810 3202 4831; x_wconf 82' lang='lat'><strong>,</strong></span> <span class='ocrx_word' id='word_1_1164' title='bbox 3236 4772 3460 4826; x_wconf 68' lang='lat' dir='ltr'><strong>luxuriae</strong></span> <span class='ocrx_word' id='word_1_1165' title='bbox 3501 4788 3561 4827; x_wconf 91' lang='lat' dir='ltr'><strong>se</strong></span> <span class='ocrx_word' id='word_1_1166' title='bbox 3607 4774 3823 4828; x_wconf 86' lang='lat' dir='ltr'><strong>dederit</strong></span> <span class='ocrx_word' id='word_1_1167' title='bbox 3855 4816 3871 4838; x_wconf 82' lang='lat'><strong>,</strong></span> 
     </span>
    </p>
   </div>
   <div class='ocr_carea' id='block_1_145' title="bbox 2302 4840 3874 4911">
    <p class='ocr_par' dir='ltr' id='par_1_145' title="bbox 2302 4840 3874 4911">
     <span class='ocr_line' id='line_1_148' title="bbox 2302 4840 3874 4911; baseline 0.005 -19"><span class='ocrx_word' id='word_1_1168' title='bbox 2302 4840 2589 4893; x_wconf 87' lang='lat' dir='ltr'><strong>iuevitabili</strong></span> <span class='ocrx_word' id='word_1_1169' title='bbox 2634 4842 2882 4909; x_wconf 87' lang='lat' dir='ltr'><strong>plectitur</strong></span> <span class='ocrx_word' id='word_1_1170' title='bbox 2927 4856 3120 4910; x_wconf 76' lang='lat' dir='ltr'><strong>pcena;</strong></span> <span class='ocrx_word' id='word_1_1171' title='bbox 3155 4857 3259 4895; x_wconf 90' lang='lat' dir='ltr'><strong>non</strong></span> <span class='ocrx_word' id='word_1_1172' title='bbox 3283 4842 3425 4911; x_wconf 89' lang='lat' dir='ltr'><strong>quod</strong></span> <span class='ocrx_word' id='word_1_1173' title='bbox 3464 4842 3606 4897; x_wconf 91' lang='lat' dir='ltr'><strong>aliud</strong></span> <span class='ocrx_word' id='word_1_1174' title='bbox 3648 4843 3832 4899; x_wconf 80' lang='lat' dir='ltr'><strong>fecerit</strong></span> <span class='ocrx_word' id='word_1_1175' title='bbox 3856 4887 3874 4909; x_wconf 83' lang='lat'><strong>.</strong></span> 
     </span>
    </p>
   </div>
   <div class='ocr_carea' id='block_1_146' title="bbox 2301 4911 3871 4984">
    <p class='ocr_par' dir='ltr' id='par_1_146' title="bbox 2301 4911 3871 4984">
     <span class='ocr_line' id='line_1_149' title="bbox 2301 4911 3871 4984; baseline 0.004 -23"><span class='ocrx_word' id='word_1_1176' title='bbox 2301 4924 2456 4977; x_wconf 89' lang='lat' dir='ltr'><strong>quam</strong></span> <span class='ocrx_word' id='word_1_1177' title='bbox 2482 4920 2690 4984; x_wconf 63' lang='lat' dir='ltr'><strong>cteterce</strong></span> <span class='ocrx_word' id='word_1_1178' title='bbox 2714 4911 2943 4978; x_wconf 82' lang='lat' dir='ltr'><strong>virgines</strong></span> <span class='ocrx_word' id='word_1_1179' title='bbox 2964 4913 3185 4977; x_wconf 85' lang='lat' dir='ltr'><strong>faciunt,</strong></span> <span class='ocrx_word' id='word_1_1180' title='bbox 3212 4912 3311 4966; x_wconf 80' lang='lat' dir='ltr'><strong>sed</strong></span> <span class='ocrx_word' id='word_1_1181' title='bbox 3334 4912 3476 4984; x_wconf 79' lang='lat' dir='ltr'><strong>quod</strong></span> <span class='ocrx_word' id='word_1_1182' title='bbox 3497 4923 3689 4984; x_wconf 84' lang='lat' dir='ltr'><strong>contra</strong></span> <span class='ocrx_word' id='word_1_1183' title='bbox 3714 4916 3871 4984; x_wconf 83' lang='lat' dir='ltr'><strong>legem</strong></span> 
     </span>
    </p>
   </div>
   <div class='ocr_carea' id='block_1_147' title="bbox 2302 4982 3869 5053">
    <p class='ocr_par' dir='ltr' id='par_1_147' title="bbox 2302 4982 3869 5053">
     <span class='ocr_line' id='line_1_150' title="bbox 2302 4982 3869 5053; baseline 0.001 -19"><span class='ocrx_word' id='word_1_1184' title='bbox 2302 4988 2359 5034; x_wconf 88' lang='lat' dir='ltr'><strong>et</strong></span> <span class='ocrx_word' id='word_1_1185' title='bbox 2390 4982 2553 5048; x_wconf 90' lang='lat' dir='ltr'><strong>patris</strong></span> <span class='ocrx_word' id='word_1_1186' title='bbox 2584 4982 2836 5051; x_wconf 89' lang='lat' dir='ltr'><strong>placitum</strong></span> <span class='ocrx_word' id='word_1_1187' title='bbox 2865 4997 2924 5036; x_wconf 87' lang='lat' dir='ltr'><strong>se</strong></span> <span class='ocrx_word' id='word_1_1188' title='bbox 2942 4984 3009 5036; x_wconf 89' lang='lat' dir='ltr'><strong>ad</strong></span> <span class='ocrx_word' id='word_1_1189' title='bbox 3045 4991 3316 5053; x_wconf 83' lang='lat' dir='ltr'><strong>peccatum</strong></span> <span class='ocrx_word' id='word_1_1190' title='bbox 3352 4982 3621 5053; x_wconf 87' lang='lat' dir='ltr'><strong>dediderit</strong></span> <span class='ocrx_word' id='word_1_1191' title='bbox 3650 5002 3665 5048; x_wconf 90' lang='lat'><strong>;</strong></span> <span class='ocrx_word' id='word_1_1192' title='bbox 3697 4982 3869 5053; x_wconf 74' lang='lat' dir='ltr'><strong>plecti-</strong></span> 
     </span>
    </p>
   </div>
   <div class='ocr_carea' id='block_1_148' title="bbox 2303 5051 3867 5123">
    <p class='ocr_par' dir='ltr' id='par_1_148' title="bbox 2303 5051 3867 5123">
     <span class='ocr_line' id='line_1_151' title="bbox 2303 5051 3867 5123; baseline 0.002 -19"><span class='ocrx_word' id='word_1_1193' title='bbox 2303 5058 2493 5123; x_wconf 87' lang='lat' dir='ltr'><strong>turque</strong></span> <span class='ocrx_word' id='word_1_1194' title='bbox 2520 5066 2623 5105; x_wconf 90' lang='lat' dir='ltr'><strong>non</strong></span> <span class='ocrx_word' id='word_1_1195' title='bbox 2650 5053 2719 5107; x_wconf 92' lang='lat' dir='ltr'><strong>ob</strong></span> <span class='ocrx_word' id='word_1_1196' title='bbox 2763 5053 2839 5106; x_wconf 89' lang='lat' dir='ltr'><strong>rei</strong></span> <span class='ocrx_word' id='word_1_1197' title='bbox 2871 5060 3112 5123; x_wconf 80' lang='lat' dir='ltr'><strong>naturam</strong></span> <span class='ocrx_word' id='word_1_1198' title='bbox 3140 5091 3156 5115; x_wconf 88' lang='lat'><strong>,</strong></span> <span class='ocrx_word' id='word_1_1199' title='bbox 3187 5051 3282 5106; x_wconf 90' lang='lat' dir='ltr'><strong>sed</strong></span> <span class='ocrx_word' id='word_1_1200' title='bbox 3317 5052 3386 5123; x_wconf 87' lang='lat' dir='ltr'><strong>ob</strong></span> <span class='ocrx_word' id='word_1_1201' title='bbox 3435 5051 3867 5123; x_wconf 69' lang='lat' dir='ltr'><strong>trannsgrchionis</strong></span> 
     </span>
    </p>
   </div>
   <div class='ocr_carea' id='block_1_149' title="bbox 2306 5121 3869 5191">
    <p class='ocr_par' dir='ltr' id='par_1_149' title="bbox 2306 5121 3869 5191">
     <span class='ocr_line' id='line_1_152' title="bbox 2306 5121 3869 5191; baseline 0.001 -17"><span class='ocrx_word' id='word_1_1202' title='bbox 2306 5121 2520 5174; x_wconf 88' lang='lat' dir='ltr'><strong>modum</strong></span> <span class='ocrx_word' id='word_1_1203' title='bbox 2552 5140 2565 5173; x_wconf 87' lang='lat'><strong>:</strong></span> <span class='ocrx_word' id='word_1_1204' title='bbox 2596 5124 2675 5177; x_wconf 89' lang='lat' dir='ltr'><strong>sic</strong></span> <span class='ocrx_word' id='word_1_1205' title='bbox 2714 5131 2769 5176; x_wconf 90' lang='lat' dir='ltr'><strong>et</strong></span> <span class='ocrx_word' id='word_1_1206' title='bbox 2814 5122 2981 5183; x_wconf 78' lang='lat' dir='ltr'><strong>Adam</strong></span> <span class='ocrx_word' id='word_1_1207' title='bbox 3030 5121 3087 5175; x_wconf 86' lang='lat' dir='ltr'><strong>fit</strong></span> <span class='ocrx_word' id='word_1_1208' title='bbox 3113 5122 3379 5191; x_wconf 91' lang='lat' dir='ltr'><strong>supplicio</strong></span> <span class='ocrx_word' id='word_1_1209' title='bbox 3428 5121 3697 5178; x_wconf 64' lang='lat' dir='ltr'><strong>obnoxius</strong></span> <span class='ocrx_word' id='word_1_1210' title='bbox 3731 5166 3745 5189; x_wconf 82' lang='lat'><strong>,</strong></span> <span class='ocrx_word' id='word_1_1211' title='bbox 3778 5142 3869 5177; x_wconf 81' lang='lat' dir='ltr'><strong>non</strong></span> 
     </span>
    </p>
   </div>
   <div class='ocr_carea' id='block_1_150' title="bbox 2303 5191 3869 5264">
    <p class='ocr_par' dir='ltr' id='par_1_150' title="bbox 2303 5191 3869 5264">
     <span class='ocr_line' id='line_1_153' title="bbox 2303 5191 3869 5264; baseline 0.004 -22"><span class='ocrx_word' id='word_1_1212' title='bbox 2303 5191 2442 5264; x_wconf 83' lang='lat' dir='ltr'><strong>quod</strong></span> <span class='ocrx_word' id='word_1_1213' title='bbox 2472 5192 2743 5261; x_wconf 88' lang='lat' dir='ltr'><strong>quidpiam</strong></span> <span class='ocrx_word' id='word_1_1214' title='bbox 2771 5207 2838 5245; x_wconf 77' lang='lat' dir='ltr'><strong>ex</strong></span> <span class='ocrx_word' id='word_1_1215' title='bbox 2865 5202 3051 5246; x_wconf 88' lang='lat' dir='ltr'><strong>natura</strong></span> <span class='ocrx_word' id='word_1_1216' title='bbox 3082 5207 3176 5264; x_wconf 86' lang='lat' dir='ltr'><strong>sua</strong></span> <span class='ocrx_word' id='word_1_1217' title='bbox 3206 5193 3431 5247; x_wconf 89' lang='lat' dir='ltr'><strong>vetitum</strong></span> <span class='ocrx_word' id='word_1_1218' title='bbox 3464 5195 3755 5264; x_wconf 72' lang='lat' dir='ltr'><strong>acceperit,</strong></span> <span class='ocrx_word' id='word_1_1219' title='bbox 3784 5195 3869 5249; x_wconf 87' lang='lat' dir='ltr'><strong>scd</strong></span> 
     </span>
    </p>
   </div>
   <div class='ocr_carea' id='block_1_151' title="bbox 2304 5261 3571 5332">
    <p class='ocr_par' dir='ltr' id='par_1_151' title="bbox 2304 5261 3571 5332">
     <span class='ocr_line' id='line_1_154' title="bbox 2304 5261 3571 5332; baseline 0.001 -18"><span class='ocrx_word' id='word_1_1220' title='bbox 2304 5261 2444 5332; x_wconf 86' lang='lat' dir='ltr'><strong>quod</strong></span> <span class='ocrx_word' id='word_1_1221' title='bbox 2475 5277 2587 5332; x_wconf 86' lang='lat' dir='ltr'><strong>rem</strong></span> <span class='ocrx_word' id='word_1_1222' title='bbox 2616 5272 2881 5332; x_wconf 64' lang='lat' dir='ltr'><strong>pra&#39;ceptu</strong></span> <span class='ocrx_word' id='word_1_1223' title='bbox 2906 5262 3226 5331; x_wconf 89' lang='lat' dir='ltr'><strong>prohibitam</strong></span> <span class='ocrx_word' id='word_1_1224' title='bbox 3256 5264 3571 5331; x_wconf 87' lang='lat' dir='ltr'><strong>sumpserit.</strong></span> 
     </span>
    </p>
   </div>
   <div class='ocr_carea' id='block_1_152' title="bbox 2372 5330 3871 5404">
    <p class='ocr_par' dir='ltr' id='par_1_152' title="bbox 2372 5330 3871 5404">
     <span class='ocr_line' id='line_1_155' title="bbox 2372 5330 3871 5404; baseline 0.002 -19"><span class='ocrx_word' id='word_1_1225' title='bbox 2372 5330 2427 5385; x_wconf 73' lang='grc'><strong>2.</strong></span> <span class='ocrx_word' id='word_1_1226' title='bbox 2477 5330 2631 5404; x_wconf 69' lang='lat' dir='ltr'><strong>Lege</strong></span> <span class='ocrx_word' id='word_1_1227' title='bbox 2656 5330 3061 5404; x_wconf 86' lang='lat' dir='ltr'><strong>commentaria.</strong></span> <span class='ocrx_word' id='word_1_1228' title='bbox 3088 5333 3194 5387; x_wconf 85' lang='lat' dir='ltr'><strong>Cur</strong></span> <span class='ocrx_word' id='word_1_1229' title='bbox 3233 5332 3301 5387; x_wconf 87' lang='lat' dir='ltr'><strong>de</strong></span> <span class='ocrx_word' id='word_1_1230' title='bbox 3346 5330 3505 5387; x_wconf 84' lang='lat' dir='ltr'><strong>rebus</strong></span> <span class='ocrx_word' id='word_1_1231' title='bbox 3554 5332 3648 5387; x_wconf 85' lang='lat' dir='ltr'><strong>tibi</strong></span> <span class='ocrx_word' id='word_1_1232' title='bbox 3694 5334 3871 5404; x_wconf 74' lang='lat' dir='ltr'><strong>ignotis</strong></span> 
     </span>
    </p>
   </div>
   <div class='ocr_carea' id='block_1_153' title="bbox 2306 5402 3870 5468">
    <p class='ocr_par' dir='ltr' id='par_1_153' title="bbox 2306 5402 3870 5468">
     <span class='ocr_line' id='line_1_156' title="bbox 2306 5402 3870 5468; baseline -0.001 -12"><span class='ocrx_word' id='word_1_1233' title='bbox 2306 5403 2619 5457; x_wconf 86' lang='lat' dir='ltr'><strong>contendis?</strong></span> <span class='ocrx_word' id='word_1_1234' title='bbox 2648 5402 2870 5468; x_wconf 83' lang='lat' dir='ltr'><strong>Quando</strong></span> <span class='ocrx_word' id='word_1_1235' title='bbox 2907 5404 2988 5456; x_wconf 88' lang='lat' dir='ltr'><strong>vis</strong></span> <span class='ocrx_word' id='word_1_1236' title='bbox 3018 5412 3255 5457; x_wconf 88' lang='lat' dir='ltr'><strong>veterum</strong></span> <span class='ocrx_word' id='word_1_1237' title='bbox 3287 5417 3467 5457; x_wconf 89' lang='lat' dir='ltr'><strong>rerum</strong></span> <span class='ocrx_word' id='word_1_1238' title='bbox 3496 5402 3767 5457; x_wconf 83' lang='lat' dir='ltr'><strong>historiam</strong></span> <span class='ocrx_word' id='word_1_1239' title='bbox 3792 5416 3870 5456; x_wconf 78' lang='lat' dir='ltr'><strong>aut</strong></span> 
     </span>
    </p>
   </div>
   <div class='ocr_carea' id='block_1_154' title="bbox 2301 5472 3869 5548">
    <p class='ocr_par' dir='ltr' id='par_1_154' title="bbox 2301 5472 3869 5548">
     <span class='ocr_line' id='line_1_157' title="bbox 2301 5472 3869 5548; baseline 0.002 -23"><span class='ocrx_word' id='word_1_1240' title='bbox 2301 5472 2418 5548; x_wconf 84' lang='lat' dir='ltr'><strong>jura</strong></span> <span class='ocrx_word' id='word_1_1241' title='bbox 2448 5474 2705 5548; x_wconf 71' lang='lat' dir='ltr'><strong>scrutari,</strong></span> <span class='ocrx_word' id='word_1_1242' title='bbox 2733 5488 2910 5528; x_wconf 90' lang='lat' dir='ltr'><strong>annon</strong></span> <span class='ocrx_word' id='word_1_1243' title='bbox 2940 5473 3323 5548; x_wconf 81' lang='lat' dir='ltr'><strong>commentaria</strong></span> <span class='ocrx_word' id='word_1_1244' title='bbox 3353 5481 3536 5528; x_wconf 79' lang='lat' dir='ltr'><strong>vetera</strong></span> <span class='ocrx_word' id='word_1_1245' title='bbox 3564 5474 3762 5542; x_wconf 83' lang='lat' dir='ltr'><strong>accipis</strong></span> <span class='ocrx_word' id='word_1_1246' title='bbox 3781 5514 3795 5539; x_wconf 90' lang='lat'><strong>,</strong></span> <span class='ocrx_word' id='word_1_1247' title='bbox 3824 5486 3869 5548; x_wconf 80' lang='lat' dir='ltr'><strong>ct</strong></span> 
     </span>
    </p>
   </div>
   <div class='ocr_carea' id='block_1_155' title="bbox 2304 5543 3868 5615">
    <p class='ocr_par' dir='ltr' id='par_1_155' title="bbox 2304 5543 3868 5615">
     <span class='ocr_line' id='line_1_158' title="bbox 2304 5543 3868 5615; baseline 0 -18"><span class='ocrx_word' id='word_1_1248' title='bbox 2304 5544 2465 5615; x_wconf 81' lang='lat' dir='ltr'><strong>verba</strong></span> <span class='ocrx_word' id='word_1_1249' title='bbox 2494 5543 2675 5610; x_wconf 78' lang='lat' dir='ltr'><strong>discis,</strong></span> <span class='ocrx_word' id='word_1_1250' title='bbox 2700 5553 2808 5599; x_wconf 88' lang='lat' dir='ltr'><strong>tum</strong></span> <span class='ocrx_word' id='word_1_1251' title='bbox 2840 5560 2957 5615; x_wconf 70' lang='lat' dir='ltr'><strong>qua:</strong></span> <span class='ocrx_word' id='word_1_1252' title='bbox 2986 5543 3051 5599; x_wconf 89' lang='lat' dir='ltr'><strong>ad</strong></span> <span class='ocrx_word' id='word_1_1253' title='bbox 3077 5544 3496 5606; x_wconf 83' lang='lat' dir='ltr'><strong>accusationem,</strong></span> <span class='ocrx_word' id='word_1_1254' title='bbox 3526 5550 3636 5598; x_wconf 88' lang='lat' dir='ltr'><strong>tum</strong></span> <span class='ocrx_word' id='word_1_1255' title='bbox 3667 5559 3781 5613; x_wconf 69' lang='lat' dir='ltr'><strong>quae</strong></span> <span class='ocrx_word' id='word_1_1256' title='bbox 3811 5544 3868 5597; x_wconf 79' lang='lat' dir='ltr'><strong>ad</strong></span> 
     </span>
    </p>
   </div>
   <div class='ocr_carea' id='block_1_156' title="bbox 2306 5613 3869 5685">
    <p class='ocr_par' dir='ltr' id='par_1_156' title="bbox 2306 5613 3869 5685">
     <span class='ocr_line' id='line_1_159' title="bbox 2306 5613 3869 5685; baseline 0 -18"><span class='ocrx_word' id='word_1_1257' title='bbox 2306 5613 2669 5670; x_wconf 84' lang='lat' dir='ltr'><strong>defensionem</strong></span> <span class='ocrx_word' id='word_1_1258' title='bbox 2702 5613 3201 5685; x_wconf 77' lang='lat' dir='ltr'><strong>excusationemque</strong></span> <span class='ocrx_word' id='word_1_1259' title='bbox 3241 5615 3546 5684; x_wconf 85' lang='lat' dir='ltr'><strong>pertinent,</strong></span> <span class='ocrx_word' id='word_1_1260' title='bbox 3588 5629 3820 5685; x_wconf 78' lang='lat' dir='ltr'><strong>quamam</strong></span> <span class='ocrx_word' id='word_1_1261' title='bbox 3843 5630 3869 5668; x_wconf 82' lang='lat' dir='ltr'><strong>a</strong></span> 
     </span>
    </p>
   </div>
   <div class='ocr_carea' id='block_1_157' title="bbox 2302 5684 3866 5753">
    <p class='ocr_par' dir='ltr' id='par_1_157' title="bbox 2302 5684 3866 5753">
     <span class='ocr_line' id='line_1_160' title="bbox 2302 5684 3866 5753; baseline 0.001 -17"><span class='ocrx_word' id='word_1_1262' title='bbox 2302 5684 2481 5753; x_wconf 88' lang='lat' dir='ltr'><strong>judice</strong></span> <span class='ocrx_word' id='word_1_1263' title='bbox 2521 5694 2574 5739; x_wconf 91' lang='lat' dir='ltr'><strong>et</strong></span> <span class='ocrx_word' id='word_1_1264' title='bbox 2617 5686 2876 5739; x_wconf 90' lang='lat' dir='ltr'><strong>calculum</strong></span> <span class='ocrx_word' id='word_1_1265' title='bbox 2920 5686 3122 5740; x_wconf 86' lang='lat' dir='ltr'><strong>ferente</strong></span> <span class='ocrx_word' id='word_1_1266' title='bbox 3158 5684 3443 5747; x_wconf 85' lang='lat' dir='ltr'><strong>dicantur;</strong></span> <span class='ocrx_word' id='word_1_1267' title='bbox 3478 5690 3534 5739; x_wconf 86' lang='lat' dir='ltr'><strong>et</strong></span> <span class='ocrx_word' id='word_1_1268' title='bbox 3562 5686 3642 5739; x_wconf 78' lang='lat' dir='ltr'><strong>sic</strong></span> <span class='ocrx_word' id='word_1_1269' title='bbox 3676 5699 3737 5737; x_wconf 79' lang='lat' dir='ltr'><strong>ea</strong></span> <span class='ocrx_word' id='word_1_1270' title='bbox 3763 5700 3866 5753; x_wconf 64' lang='lat' dir='ltr'><strong>qua-</strong></span> 
     </span>
    </p>
   </div>
   <div class='ocr_carea' id='block_1_158' title="bbox 2307 5756 3868 5825">
    <p class='ocr_par' dir='ltr' id='par_1_158' title="bbox 2307 5756 3868 5825">
     <span class='ocr_line' id='line_1_161' title="bbox 2307 5756 3868 5825; baseline 0 -18"><span class='ocrx_word' id='word_1_1271' title='bbox 2307 5756 2573 5825; x_wconf 75' lang='lat' dir='ltr'><strong>pblivione</strong></span> <span class='ocrx_word' id='word_1_1272' title='bbox 2600 5756 2773 5807; x_wconf 89' lang='lat' dir='ltr'><strong>deleta</strong></span> <span class='ocrx_word' id='word_1_1273' title='bbox 2800 5764 2951 5808; x_wconf 88' lang='lat' dir='ltr'><strong>erant</strong></span> <span class='ocrx_word' id='word_1_1274' title='bbox 2974 5796 2987 5817; x_wconf 88' lang='lat'><strong>,</strong></span> <span class='ocrx_word' id='word_1_1275' title='bbox 3031 5756 3082 5809; x_wconf 91' lang='lat' dir='ltr'><strong>in</strong></span> <span class='ocrx_word' id='word_1_1276' title='bbox 3132 5757 3389 5825; x_wconf 87' lang='lat' dir='ltr'><strong>memoria</strong></span> <span class='ocrx_word' id='word_1_1277' title='bbox 3421 5766 3666 5825; x_wconf 61' lang='lat' dir='ltr'><strong>repetere</strong></span> <span class='ocrx_word' id='word_1_1278' title='bbox 3693 5756 3868 5809; x_wconf 63' lang='lat' dir='ltr'><strong>curas?</strong></span> 
     </span>
    </p>
   </div>
   <div class='ocr_carea' id='block_1_159' title="bbox 2316 5824 3864 5898">
    <p class='ocr_par' dir='ltr' id='par_1_159' title="bbox 2316 5824 3864 5898">
     <span class='ocr_line' id='line_1_162' title="bbox 2316 5824 3864 5898; baseline 0.002 -21"><span class='ocrx_word' id='word_1_1279' title='bbox 2316 5824 2451 5895; x_wconf 74' lang='lat' dir='ltr'><strong>Lege</strong></span> <span class='ocrx_word' id='word_1_1280' title='bbox 2478 5824 2651 5898; x_wconf 86' lang='lat' dir='ltr'><strong>itaque</strong></span> <span class='ocrx_word' id='word_1_1281' title='bbox 2678 5825 3051 5881; x_wconf 80' lang='lat' dir='ltr'><strong>commentaria</strong></span> <span class='ocrx_word' id='word_1_1282' title='bbox 3082 5825 3271 5881; x_wconf 85' lang='lat' dir='ltr'><strong>veteris</strong></span> <span class='ocrx_word' id='word_1_1283' title='bbox 3298 5824 3554 5881; x_wconf 59' lang='lat' dir='ltr'><strong>historia.</strong></span> <span class='ocrx_word' id='word_1_1284' title='bbox 3578 5824 3707 5882; x_wconf 85' lang='lat' dir='ltr'><strong>Cum</strong></span> <span class='ocrx_word' id='word_1_1285' title='bbox 3730 5827 3864 5880; x_wconf 78' lang='lat' dir='ltr'><strong>sedc-</strong></span> 
     </span>
    </p>
   </div>
  </div>
