4050 6522
255 481 362 532 i333

254 605 338 646 ret
380 591 550 647 Judex
599 588 868 647 veritatis;
903 585 1011 640 imo
1036 581 1215 656 potius
1245 578 1713 656 cumdelictornm
1755 590 1856 656 no-

252 676 493 718 strorum
514 661 753 714 medicus
772 657 839 711 ad
858 647 1064 709 sontem
1091 668 1212 707 cum
1237 651 1389 704 amici
1410 649 1590 702 habitu
1608 647 1857 718 accessit,

252 716 386 796 έμιίιι
422 733 496 785 an
526 732 643 786 illi?
672 729 870 790 Adam,
917 727 999 778 ubi
1042 725 1130 778 es?
1157 723 1315 796 Quid
1335 719 1613 796 respondit
1640 716 1860 796 .Adam?

247 789 452 858 'i’ocem
484 813 622 855 tuam
650 799 840 862 audivi,
860 789 915 850 et
954 813 1034 849 me
1068 793 1354 856 occultavi,
1388 791 1506 858 quia
1543 789 1711 862 nudus
1750 804 1861 840 sum

253 875 476 943 (δοιώ.
493 873 544 928 9.
562 885 607 925 et
623 859 731 937 10).
896 883 1022 943 ergo
1040 860 1607 943 illequiomniauovit?
1621 859 1863 943 Ignoran-

255 930 388 997 iiant
418 945 633 998 simulat
678 930 733 994 et
759 930 887 992 dicit
923 930 1034 989 :vle't
1063 930 1176 1004 quis
1215 932 1457 985 indicavit
1487 932 1575 983 tibi
1598 930 1735 992 quod
1762 944 1862 980 nu-

246 1020 357 1067 dus
389 1031 519 1068 esses
541 1055 554 1074 ,
588 1012 686 1065 nisi
711 1008 846 1079 quod
871 1024 933 1062 ex
959 1007 1096 1080 tigno
1118 1005 1237 1080 ,_
1261 1005 1494 1080 quaso/9
1522 1015 1863 1080 praceperarn

242 1086 348 1138 tibi
381 1102 442 1138 ne
465 1069 771 1143 comedere},
803 1069 1064 1134 comedisti
1096 1074 1252 1150 (Ibid.
1273 1069 1330 1127 ὐ.
1368 1073 1489 1142 ll)?
1517 1071 1763 1125 Ostendit

258 1158 370 1211 lum
401 1155 637 1210 omnium
663 1151 772 1206 fere
795 1150 1001 1218 copiam
1023 1147 1316 1218 accepisse,
1343 1159 1517 1212 neque
1537 1157 1600 1218 ex
1618 1147 1859 1218 angustia

253 1208 447 1280 rerum
472 1223 816 1278 fruendarum
847 1208 912 1273 ad
944 1208 1861 1286 pr:etari'c:ttioncm'vertissc.:Qttid

252 1298 324 1349 ad
357 1297 469 1349 bzrc
499 1293 662 1348 reus?
701 1290 890 1344 Mulier
913 1281 1064 1359 quam
1094 1285 1278 1359 dedisti
1303 1285 1447 1348 milii,
1480 1285 1592 1353 ipsa
1616 1281 1862 1359 _milt_ide-

256 1366 336 1419 dit
367 1363 528 1426 (Ibid.
558 1380 604 1417 υ.
641 1362 752 1429 1‘2).
786 1353 955 1414 Adam
998 1357 1204 1411 mulieri
1251 1366 1523 1429 peccatum
1565 1353 1859 1429 adscribit,

254 1446 317 1490 et
346 1425 399 1488 tu
430 1434 607 1490 arbori
633 1425 935 1488 adacribis?
963 1429 1063 1496 Qui
1091 1426 1440 1481 accusabatur
1463 1467 1478 1487 ,
1507 1425 1722 1496 mentiri
1753 1437 1859 1476 non

255 1506 470 1576 potuit;
502 1504 839 1576 noniuveuit
868 1495 1009 1576 aliud
1035 1498 1331 1576 perfugium
1363 1506 1514 1550 extra
1545 1495 1859 1574 veritatem,

254 1565 366 1630 non
388 1565 628 1630 Creatori
646 1588 862 1628 causam
888 1565 1182 1637 imputavit,
1197 1565 1301 1621 sed
1326 1581 1547 1637 uxorem
1567 1565 1858 1637 accusavit;

255 1657 314 1701 et
345 1657 397 1700 tu
425 1660 508 1699 res
535 1658 778 1708 accusas,
814 1633 1036 1710 quarunt
1077 1642 1183 1710 vim
1218 1637 1467 1710 ignoras?
1497 1633 1701 1710 Ecquid
1737 1635 1862 1710 Evre

255 1718 394 1771 dixit
421 1716 595 1770 Deus?
624 1713 728 1769 Cur
753 1707 847 1767 hoc
866 1714 1034 1835 ﬁnisti
1069 1708 1229 1780 (Ibid.
1259 1726 1304 1762 υ.
1336 1709 1473 1775 i3)?
1501 1707 1594 1761 llla
1624 1722 1750 1759 vero
1783 1707 1863 1759 in-

255 1797 528 1835 lerroeata
574 1799 788 1835 causam
831 1799 856 1835 a
905 1792 1033 1835 ert:
1067 1782 1290 1835 Serpens
1338 1779 1532 1835 decepit
1577 1793 1672 1830 me.
1724 1775 1860 1830 Num

255 1797 528 1857 tet-rogata
574 1799 788 1840 causam
820 1775 986 1857 rallert
1017 1799 1033 1838 :
1067 1775 1290 1857 Serpens
1338 1779 1532 1847 decepit
1555 1793 1672 1857 .me.
1724 1775 1860 1857 Num

253 1848 587 1913 creationem
639 1852 989 1922 perstrinxit?
1029 1867 1153 1906 num
1196 1849 1506 1905 Creatorem
1555 1848 1862 1922 incusavit?

254 1944 387 1982 ntnn
420 1926 551 1981 dixit
576 1967 590 1992 ,
622 1919 734 1981 Cur
761 1940 857 1979 nos
886 1923 1096 1978 fecisti?
1126 1938 1223 1977 cur
1250 1922 1377 1992 ligni
1416 1919 1862 1992 fruetuutprobi-

255 1999 461 2054 buisti?
501 1990 633 2064 Quae
677 1994 1110 2051 accusationibus
1156 1990 1466 2058 impetitur,
1509 2005 1614 2064 non
1659 1990 1863 2044 invenit

252 2084 367 2140 quo
396 2063 551 2138 pacto
589 2068 896 2140 mentiatur.
939 2065 1125 2140 Solent
1165 2063 1578 2140 euitu_acc_us:tti
1613 2073 1690 2140 .ea
1740 2076 1861 2129 qua:

253 2132 367 2194 non
399 2132 532 2193 'stmt
558 2138 925 2200 comminisci,
956 2147 1011 2190 ut
1042 2135 1245 2190 crimen
1279 2132 1553 2201 effugiant.
1599 2132 1862 2186 Accusata

253 2226 387 2278 ergo
411 2211 496 2263 illa
539 2226 646 2263 non
678 2209 880 2262 invenit
908 2205 1050 2262 aliud
1081 2203 1377 2278 perfugium
1405 2213 1505 2278 ;_et
1537 2211 1590 2257 tu
1612 2217 1673 2255 ea
1697 2240 1712 2265 ,
1741 2217 1862 2270 qu:e

255 2273 347 2334 illi
365 2281 534 2347 culpa:
565 2279 776 2333 obnoxii
809 2293 913 2332 non
947 2273 1276 2336 attulerunt,
1310 2273 1376 2328 ad
1405 2273 1571 2347 Deum
1599 2287 1862 2327 accusan-

254 2354 389 2406 dum
441 2345 688 2420 profers?
715 2349 821 2420 Sed
871 2363 1056 2420 rursus
1104 2347 1167 2400 ad
1213 2345 1542 2420 proposittun
1584 2352 1860 2420 _revertar.

252 2422 426 2477 Adam
441 2414 465 2482 ’,
500 2421 588 2475 ubi
613 2420 708 2474 es?
734 2419 866 2472 Cum
900 2419 1032 2473 vidit
1059 2433 1150 2469 ora
1182 2414 1515 2485 peccantium
1547 2414 1818 2468 obsttucta
1838 2453 1862 2481 ,

253 2509 360 2549 nec
381 2493 540 2546 ullam
575 2491 811 2560 peccanti
845 2490 1018 2544 inesse
1044 2489 1310 2550 fiduciam,
1343 2487 1866 2560 interrogantis‘ntoo

253 2578 322 2621 re
367 2565 506 2616 viam
553 2557 652 2631 ipsi
709 2562 1068 2616 excusationis
1107 2561 1300 2631 aperit.
1354 2557 1738 2631 Praevaricatus
1780 2569 1865 2610 nze

255 2634 550 2697 occultavi;
568 2627 746 2687 audita
767 2642 874 2692 tua,
901 2627 1153 2692 Domine,
1181 2630 1529 2697 benignitate,
1559 2627 1622 2680 atl
1645 2642 1737 2697 me
1763 2641 1862 2681 ex-

255 2696 554 2761 cusandum
583 2704 808 2760 accessi.
848 2703 911 2755 Et
942 2702 1062 2755 vide
1085 2701 1288 2767 justum
1315 2696 1578 2753 Iudicem.
1613 2696 1728 2751 Non
1756 2705 1866 2751 sta-

255 2780 358 2831 tim
376 2776 645 2830 examinat
667 2790 783 2827 eam
807 2789 925 2842 quae
946 2781 1210 2839 peccarat,
1230 2770 1323 2824 sed
1347 2785 1471 2842 eum
1495 2770 1583 2842 qni
1608 2768 1863 2842 deceptus

256 2850 437 2902 fuerat
468 2863 481 2898 :
516 2857 572 2901 et
599 2846 789 2899 merito
819 2839 1031 2911 quidem
1057 2859 1070 2905 ;
1102 2857 1223 2895 nam
1251 2841 1468 2909 gravius
1496 2839 1682 2911 fuissvt
1717 2839 1861 2906 judi-

255 2920 424 2981 cimn,
447 2917 490 2972 si
521 2933 550 2970 a
572 2916 728 2970 noxia
750 2910 968 2969 muliere
990 2915 1263 2984 coepisset.
1285 2910 1684 2984 Verum-incipit
1707 2913 1772 2962 ab
1798 2923 1865 2965 eo

257 2992 352 3059 qui
387 2998 592 3059 poterat
637 3001 852 3056 parvam
902 2981 1092 3059 saltem
1137 2983 1374 3059 invenire
1417 2981 1818 3059 escusationem
1847 3022 1862 3044 ,

257 3052 477 3129 quia—ab
513 3057 614 3111 alia
637 3052 888 3129 persona
925 3058 1180 3129 deceptus
1231 3055 1422 3129 ﬁt}!ng
1449 3055 1489 3106 Α
1530 3053 1644 3129 ξ’ῑνρ
1673 3052 1865 3129 ﬁlatim

258 3122 331 3184 ad
365 3130 640 3182 mulierem
659 3122 936 3196 procedit,
973 3136 1025 3180 et
1054 3125 1182 3180 dicit
1212 3141 1224 3177 :
1253 3125 1355 3176 Cur
1399 3125 1493 3176 hoc
1508 3123 1683 3248 έεοὲδιὶ
1702 3122 1726 3176 9
1757 3122 1864 3177 lte-

258 3200 492 3248 snnndet
515 3199 601 3248 illa
631 3199 853 3248 Domino
881 3212 897 3248 :
926 3196 1147 3248 Serpens
1174 3195 1366 3248 decepit
1389 3209 1484 3248 me.
1550 3207 1744 3248 ernens
1771 3194 1864 3247 tle-

257 3199 601 3272 spondet_il_la
631 3194 853 3272 Domino
881 3212 897 3251 :
926 3196 1147 3272 Serpens
1174 3195 1484 3272 decepitpte.
1508 3194 1744 3272 Serpens
1771 3194 1865 3272 d_e-_

258 3263 444 3339 cepit?
476 3269 706 3324 Fallacia
739 3270 790 3320 in
819 3268 1216 3339 excusationem
1244 3265 1475 3339 admissa
1509 3263 1729 3339 fuisset,
1760 3264 1865 3339 nisi

261 3335 521 3413 prfevium
573 3351 896 3413 prmeeptum
945 3337 1157 3413 errandi
1208 3338 1352 3413 viam
1383 3335 1709 3413 .Cln‘tls‘lsscl;
1762 3335 1864 3388 nisi

259 3406 542 3474 dixissem,
567 3408 629 3464 1η
657 3426 970 3480 quacumque
996 3410 1076 3480 die
1103 3407 1418 3480 catttederitis
1439 3406 1501 3459 de
1517 3406 1677 3480 ligno,
1708 3416 1869 3480 morte

260 3482 571 3546 moriemini,
606 3476 779 3536 locum
805 3476 1008 3533 fallacia
1040 3479 1331 3532 habuisset.
1361 3476 1469 3531 Cur
1491 3493 1595 3530 non
1633 3476 1721 3528 Dei
1747 3491 1868 3531 ver-

260 3555 416 3616 bum,
441 3553 532 3606 sed
564 3551 768 3605 fallacia
791 3549 1022 3604 admissa
1052 3548 1185 3602 fuit?
1212 3548 1302 3603 Sic
1317 3547 1542 3601 Creator
1564 3547 1866 3616 inculpatns

263 3624 386 3688 fuit,
412 3623 789 3693 pratvaricator
816 3630 993 3693 autem
1021 3621 1192 3693 culpat
1209 3619 1498 3693 obnosius.
1526 3617 1632 3672 Sed
1659 3619 1722 3693 ad
1745 3633 1866 3687 pro-

265 3687 500 3765 positum
545 3703 900 3747 revertamur.
943 3687 1261 3760 l’erquisitio
1291 3689 1532 3765 criminis
1571 3704 1600 3742 a
1641 3687 1866 3765 decepto

263 3759 336 3819 ad
369 3764 722 3832 decipienteut
768 3759 1184 3832 progressaest,
1213 3760 1477 3832 sententia
1498 3773 1636 3832 vero
1668 3759 1720 3832 in
1742 3773 1868 3832 _ma-

266 3836 446 3889 lorum
493 3828 773 3888 auctorem
819 3828 1020 3902 prolata
1083 3830 1198 3885 fuit.
1257 3831 1437 3885 Primo
1496 3830 1586 3884 Dei
1634 3828 1864 3883 vindicta

267 3916 461 3962 contra
516 3905 662 3958 illum
717 3903 820 3956 fert
866 3902 1174 3967 calculum,
1236 3916 1410 3970 neque
1456 3902 1636 3955 statim
1678 3909 1864 3954 contra

268 3979 448 4030 virum
481 3977 562 4030 vel
607 3987 793 4029 contra
833 3976 1108 4027 mulierem
1151 3972 1495 4042 pronuntiat,
1553 3970 1647 4026 setl
1671 3981 1864 4042 eontra

265 4055 598 4116 serpentem.
650 4045 718 4098 Et
769 4045 890 4098 vide
927 4037 1581 4116 Judicis'consideratam
1647 4037 1869 4096 tardita-

267 4113 404 4173 teni.
462 4116 577 4171 Non
620 4125 926 4184 serpentem
973 4114 1040 4168 ad
1071 4129 1295 4169 examen
1343 4122 1500 4167 vocat
1531 4113 1702 4174 Deus;
1759 4129 1866 4168 non

263 4190 413 4243 enim
447 4189 499 4242 in
525 4187 687 4241 alium
716 4183 829 4239 vult
853 4187 1063 4253 culpam
1096 4185 1334 4248 referre,
1366 4199 1536 4253 neque
1566 4183 1710 4237 aliud
1741 4200 1868 4253 per-

268 4261 472 4329 fugiunt
506 4259 758 4327 reperire.
789 4255 925 4325 Quid
958 4257 1214 4329 igiturait
1244 4256 1355 4329 illi?
1378 4254 1690 4329 dialedictus
1718 4271 1768 4309 es
1788 4255 1872 4329 in-

267 4326 354 4384 m‘
367 4331 536 4384 omnia
556 4326 837 4382 animantia
864 4337 1011 4380 terrte
1041 4328 1058 4399 (
1082 4326 1397 4399 Ibide.“
1420 4330 1460 4395 ).
1491 4327 1754 4399 Serpeus_
1784 4328 1867 4399 in-

266 4410 632 4456 strumentum
679 4413 945 4468 apparens
982 4396 1065 4452 est
1089 4440 1104 4457 .
1143 4397 1385 4452 diabolus
1411 4411 1539 4452 vero
1560 4406 1644 4452 est
1667 4396 1758 4467 qui
1790 4397 1872 4451 in-

267 4473 556 4527 visibiliter
586 4486 680 4540 per
700 4481 1005 4540 serpentem
1035 4468 1254 4539 decipit.
1297 4469 1403 4522 Cur
1445 4480 1632 4540 contra
1675 4472 1870 4523 instru-

266 4554 510 4598 mentum
540 4538 694 4610 piena
729 4538 1019 4609 prolertur.
1047 4550 1102 4595 et
1123 4538 1227 4593 nun
1260 4548 1444 4594 contra
1473 4538 1722 4593 facinoris
1769 4556 1867 4594 au—

264 4626 475 4670 ctorem
498 4612 674 4666 divina
706 4612 934 4666 vindicta
964 4613 1280 4667 exercetur?
1309 4611 1573 4666 Etcontra
1595 4620 1868 4680 peccatum

268 4687 562 4754 profertur,
585 4693 638 4738 et
658 4692 843 4737 contra
873 4684 1282 4738 instrumentum
1303 4683 1528 4753 peccati.
1562 4681 1709 4736 Nosti
1729 4683 1871 4750 quod

261 4771 427 4814 tauro
459 4758 666 4809 ratione
687 4754 945 4808 destituto
968 4797 982 4819 ,
1017 4755 1060 4808 si
1090 4755 1346 4809 cornibus
1378 4754 1630 4822 impetat,
1658 4767 1870 4822 pmnam

261 4828 462 4884 inertis
492 4825 632 4880 Deus
657 4833 878 4890 Statuat,
899 4835 956 4878 et
981 4825 1129 4878 illtmt
1160 4827 1414 4894 impetum
1441 4821 1641 4893 puniat.
1667 4821 1755 4877 Sic
1780 4824 1874 4894 igi-

259 4914 361 4955 tur
393 4897 477 4950 Itic
497 4907 684 4950 contra
714 4907 1017 4963 serpentem
1053 4896 1154 4950 fert
1179 4895 1525 4957 sententiam,
1554 4894 1869 4959 ostendens,

260 4974 312 5028 si
370 4968 785 5021 instrumentum
814 4967 1014 5036 peccati
1056 4968 1125 5020 ita
1169 4968 1430 5036 supplicio
1471 4965 1673 5028 aflicit,
1706 4966 1872 5036 multo

263 5039 443 5106 magis
467 5045 739 5091 auctorem
770 5033 830 5091 se
859 5035 1139 5105 plexurum
1164 5033 1304 5092 esse.
1338 5037 1462 5093 ideo
1493 5037 1680 5090 beatus
1710 5033 1872 5090 Isaias

261 5109 746 5162 comminationem
773 5108 916 5161 illam
945 5118 1129 5162 contra
1159 5117 1462 5178 serpentem
1492 5108 1712 5177 pulchre
1733 5122 1874 5178 acet-

256 5198 288 5244 p
310 5179 430 5232 iens
452 5179 528 5232 ait
555 5195 571 5234 :
607 5179 672 5232 Et
702 5178 806 5233 erit
829 5179 879 5231 iu
919 5180 1226 5233 novissimis
1253 5177 1461 5244 diebus,
1491 5178 1706 5232 lnducet
1741 5177 1873 5231 Deus

256 5269 290 5320 υ
312 5249 506 5301 (adium
532 5259 760 5320 sanctum
783 5290 796 5312 ,
829 5251 1071 5318 grandem
1095 5259 1144 5320 et
1175 5250 1356 5318 fortem
1383 5265 1539 5317 super
1561 5249 1829 5301 draconem
1856 5289 1869 5310 ,

273 5328 553 5389 serpentem
573 5317 845 5389 fugientem
864 5359 880 5384 ,
898 5335 1049 5388 super
1070 5317 1369 5390 draconem,
1381 5329 1660 5390 serpentem
1684 5328 1873 5390 tortuo-

271 5388 412 5450 sum.
441 5399 487 5442 et
514 5388 706 5444 occidet
731 5389 1002 5442 draconem
1022 5391 1074 5443 in
1098 5391 1179 5444 die
1202 5391 1292 5443 illa
1319 5388 1472 5459 (lsai.
1501 5391 1592 5444 27.
1633 5391 1704 5456 1).
1741 5389 1874 5443 Dra-

269 5475 466 5515 coneut
499 5470 666 5531 vocat
711 5460 979 5514 diabolum
1005 5500 1020 5523 ,
1073 5471 1127 5516 et
1171 5469 1473 5531 serpentem
1530 5469 1871 5531 tortuosum,

273 5533 453 5599 ipsum
479 5530 779 5586 daemonum
810 5532 1117 5600 principem.
1151 5531 1241 5587 Sic
1266 5529 1330 5585 et
1352 5531 1598 5587 Salvator
1621 5532 1696 5584 ait
1730 5549 1737 5559 -
1771 5529 1873 5582 Ec-

274 5618 334 5656 ce
378 5601 497 5655 dedi
543 5603 679 5656 vobis
717 5611 1011 5668 potestatem
1063 5602 1302 5655 calcandi
1343 5619 1500 5670 supra
1536 5611 1787 5670 serpentes
1829 5610 1872 5652 et

278 5673 569 5741 scorpiones
589 5672 736 5742 (Luc.
771 5672 855 5726 10.
890 5672 998 5742 19).
1028 5675 1091 5727 Et
1120 5689 1186 5743 ne
1208 5681 1362 5742 putes
1388 5675 1469 5743 agi
1497 5674 1563 5727 de
1587 5671 1746 5727 rebus
1773 5671 1873 5726 sub

274 5758 496 5798 sensum
527 5744 838 5799 cadentibus
863 5783 878 5807 ,
911 5744 1084 5808 addit,
1123 5742 1188 5796 Et
1225 5760 1383 5813 supra
1412 5742 1609 5798 onmem
1642 5744 1872 5796 virtutem

279 5816 495 5868 inimici.
519 5815 621 5870 Sed
653 5831 772 5870 cum
801 5816 1033 5871 audieris
1057 5817 1345 5870 draconem
1369 5825 1422 5869 et
1450 5824 1776 5883 serpentem,
1805 5830 1871 5870 rc

278 5887 515 5939 r.nl:cem
548 5888 764 5938 mallius
799 5888 1087 5954 suspiceris
1113 5903 1232 5940 esse
1253 5928 1268 5952 ,
1306 5897 1364 5938 ut
1394 5888 1543 5940 aiunt
1567 5885 1867 5940 Manicba-i.

279 5955 395 6011 Neu
429 5957 568 6009 cnim
611 5957 704 6010 fuit
741 5959 885 6011 radis
931 5957 1088 6024 mali,
1125 5973 1295 6029 neque
1340 5969 1524 6011 natura
1577 5959 1824 6028 nequaia:
1849 5997 1864 6024 ,

1549 465 1649 520 DE
1691 463 1868 520 FlLlO
1908 461 2225 518 PRODIC’O.

3466 463 3572 519 633

1971 574 2390 646 sedpropensio
2413 573 2479 627 ad
2513 573 2866 641 iniquitatem.
2903 573 3082 639 Vides,
3118 575 3308 646 inquit,
3345 591 3578 644 quomo-

1968 646 2037 700 do
2064 642 2340 714 Scriptura
2381 655 2536 699 vocet
2565 645 2713 700 illum
2746 655 3056 714 serpentem
3084 654 3139 700 et
3160 642 3450 701 tiroconcm
3476 689 3486 701 .
3521 655 3579 700 et

1969 719 2120 783 quasi
2161 715 2447 786 quamdam
2491 726 2802 770 extraneam
2859 727 3066 770 natura:
3107 718 3361 770 malitiam
3415 716 3577 770 indu-

1968 787 2150 840 ctam?
2183 787 2377 840 Verum
2409 785 2524 839 lucc
2553 795 2678 840 sunt
2709 787 2993 854 impiorum
3025 787 3184 840 verba
3218 803 3372 849 vana,
3399 789 3577 842 inania

1969 868 2024 912 et
2052 862 2254 912 ratione
2281 857 2556 911 destituta.
2609 856 2738 910 Nam
2772 872 2892 911 cum
2925 858 3184 912 Dominus
3228 857 3358 910 dicit
3405 859 3578 912 botuio

1971 930 2148 988 nibus,
2179 929 2470 996 Serpentes,
2500 928 2754 995 genimina
2780 930 3068 997 riperarum
3101 926 3317 996 (Matth.
3345 929 3433 982 ‘23.
3459 931 3576 997 33),

1972 1017 2078 1053 non
2135 1007 2380 1052 naturam
2436 1008 2701 1062 accusat,
2762 1001 2857 1053 sed
2911 1001 3263 1069 propositum.
3321 997 3412 1054 Sic
3472 1016 3577 1052 non

1971 1079 2185 1139 Oportet
2237 1069 2566 1123 dictionibus
2624 1071 2874 1136 ban'ere,
2928 1070 3022 1124 sed
3072 1084 3103 1124 a
3150 1069 3435 1125 sententiis
3491 1070 3576 1124 in-

1972 1143 2140 1194 stitui.

2043 1212 2096 1266 5.
2125 1210 2231 1265 Sed
2257 1225 2443 1263 rursus
2464 1209 2843 1278 digladiantur,
2868 1219 2924 1264 et
2952 1211 3110 1264 aliam
3133 1210 3402 1278 proferunt
3434 1225 3583 1278 qua»

1971 1280 2346 1336 stionem.Cur
2368 1283 2565 1350 lignum
2586 1282 2794 1334 vocavit
2816 1283 3052 1334 scientia:
3077 1283 3197 1336 lieni
3225 1293 3277 1336 et
3305 1282 3452 1345 mali,
3480 1281 3580 1334 nisi

1971 1353 2250 1422 Scriptura
2278 1367 2429 1405 saera
2464 1352 2623 1406 vellet
2670 1352 2794 1420 ligni
2826 1352 3058 1418 aliquam
3090 1353 3393 1416 hujusunnli
3427 1363 3580 1405 uatu-

1971 1440 2086 1479 ram
2118 1423 2359 1477 ind‘Care
2384 1423 2407 1475 ?
2440 1423 2514 1476 Ne
2544 1423 2824 1476 veritatem
2858 1432 3059 1476 temere
3088 1423 3433 1477 calumnieris
3459 1465 3474 1488 ,
3507 1428 3578 1483 ni

1972 1494 2154 1550 homo.
2187 1495 2413 1558 Ligurum
2445 1493 2587 1547 enim
2616 1534 2629 1555 ,
2662 1494 2783 1546 boni
2819 1503 2872 1547 ct
2903 1495 3023 1546 mali
3053 1510 3158 1546 non
3191 1505 3433 1545 naturam
3483 1509 3579 1561 ge-

1971 1566 2108 1628 nuit,
2142 1565 2236 1621 sed
2267 1566 2605 1618 occasionem
2637 1565 2757 1617 tulit
2792 1582 2805 1618 :
2833 1575 2991 1633 atque
3022 1565 3090 1616 ita
3123 1566 3433 1622 vocabatur.
3469 1579 3577 1618 non

1971 1638 2110 1706 quod
2159 1638 2318 1691 talem
2365 1644 2607 1688 naturam
2645 1636 2905 1706 habt-ret,
2955 1635 3045 1689 scd
3090 1634 3230 1701 quod
3283 1633 3578 1706 secundum

1972 1705 2234 1776 prolatam
2280 1707 2603 1760 sententiam
2637 1707 2686 1758 id
2718 1705 2979 1761 efficeret.
3013 1705 3148 1772 Quid
3193 1705 3452 1759 Atlamunt
3483 1705 3584 1758 do-

1970 1780 2080 1834 cuit
2106 1778 2382 1850 gustatio?
2429 1777 2634 1850 Bonum
2684 1791 2806 1830 esse
2839 1776 2946 1850 Deo
2971 1776 3190 1850 obedire
3215 1819 3228 1838 .
3257 1778 3475 1850 _malunt

1973 1868 2076 1905 non
2111 1846 2358 1908 'obscuui
2397 1864 2410 1899 :
2456 1856 2508 1900 et
2561 1846 2677 1901 nec
2726 1857 2809 1899 est
2864 1848 3084 1901 scientia
3147 1847 3267 1900 boni
3323 1857 3377 1900 et
3433 1847 3578 1912 ntali,

1974 1922 2216 1988 nihilque
2271 1918 2416 1975 aliud
2449 1917 2692 1971 omnino.
2723 1917 2894 1982 Quam
2953 1920 3095 1972 enim
3151 1918 3332 1971 statim
3388 1917 3584 1970 babue-

1971 1995 2042 2048 rit
2067 1995 2346 2047 scientiam
2394 1990 2658 2042 bonorum
2685 2030 2699 2051 ,
2762 1989 2850 2043 ubi
2882 1990 3051 2056 aperti
3099 1998 3224 2042 sunt
3253 1990 3368 2056 ejus
3393 1989 3533 2041 oculi
3559 1988 3583 2040 ?

1970 2063 2113 2135 quod
2175 2064 2317 2117 aliud
2380 2062 2577 2135 bonum
2654 2059 3420 2135 vitiissetieluetttosynam?
3475 2059 3580 2135 Sed

1970 2130 2057 2205 qui
2092 2149 2353 2205 pauperes
2381 2131 2488 2187 illic.
2520 2130 3065 2205 (fritillzotlltlt'ltill?
3099 2131 3290 2205 bonam
3321 2144 3444 2184 esse
3479 2130 3580 2205 bn-

1971 2201 2320 2262 titanitatém?
2364 2205 2468 2260 Sed
2511 2217 2670 2273 quam
2720 2204 2918 2256 invenit
2960 2201 3304 2273 humanitatis
3334 2202 3583 2254 occasio-

1972 2280 2139 2332 nem?
2166 2277 2300 2345 Quid
2339 2291 2467 2343 ergo
2495 2271 2661 2330 vidit?
2695 2273 2899 2345 Bonum
2938 2286 3060 2345 esse
3096 2271 3336 2345 obedire,
3377 2273 3577 2345 malum

1973 2364 2080 2404 non
2099 2342 2318 2417 obsequi
2345 2345 2698 2400 lienefactori.
2724 2345 2854 2412 Quis
2877 2342 2991 2417 lift‘c
3016 2343 3285 2417 declarat?
3307 2343 3582 2417 Scriptura

1969 2435 2091 2491 quas
2118 2413 2288 2491 dicit}
2321 2418 2721 2491 Sirenuntietur
2749 2418 2858 2482 tibi,
2889 2435 2918 2471 ο
2949 2415 3120 2491 homo.
3145 2413 3265 2491 quid
3287 2415 3348 2468 sit
3369 2414 3577 2491 bonum,

1971 2487 2061 2543 aut
2091 2489 2214 2554 quid
2245 2487 2497 2542 Dominus
2536 2489 2756 2556 requirat
2797 2505 2826 2540 a
2865 2499 2930 2550 te,
2964 2489 3060 2542 nisi
3107 2498 3161 2541 ut
3193 2489 3369 2542 timeas
3408 2487 3584 2542 Domi-

1972 2578 2095 2615 num
2116 2561 2278 2614 Deum
2309 2569 2448 2612 tuum
2479 2557 2748 2631 (Alio/L76:
2778 2559 2830 2613 8.
2856 2567 2903 2631 et
2939 2558 3090 2612 Deut.
3120 2559 3207 2631 il).
3246 2558 3583 2631 19).'Vidcn'

1972 2633 2168 2687 bonum
2217 2645 2338 2683 esse
2381 2633 2628 2684 timorem
2672 2630 2923 2693 Domini,
2970 2638 3024 2682 et
3066 2630 3264 2683 malum
3316 2630 3435 2684 che
3478 2646 3583 2683 non

1972 2702 2192 2769 obsequi
2222 2700 2374 2756 Deo?
2405 2699 2692 2763 Inhorruit,
2728 2701 2915 2765 inquit,
2953 2701 3167 2764 ett-lum,
3191 2711 3244 2754 et
3284 2698 3585 2769 Stupefacta

1970 2784 2052 2829 est
2083 2784 2221 2828 terra
2257 2788 2270 2826 :
2306 2769 2419 2824 Duo
2456 2771 2589 2824 enim
2625 2773 2758 2823 mala
2785 2772 2907 2841 fecit
2935 2774 3152 2840 populus
3183 2787 3361 2835 meus;
3390 2789 3466 2825 me
3491 2772 3583 2824 de-

1972 2845 2282 2914 reliquerunt
2314 2842 2502 2914 [autem
2532 2858 2676 2914 aqu}?
2697 2840 2825 2914 victe
2855 2840 2986 2912 (Jer.
3014 2842 3068 2895 9...
3100 2841 3180 2894 12.
3214 2841 3326 2914 £3),
3350 2852 3454 2896 etc.
3477 2843 3585 2896 Cur

1972 2911 2100 2985 ergo
2137 2914 2289 2978 dixit,
2335 2913 2585 2983 inquies:
2621 2911 2698 2967 Ne
2741 2911 2978 2980 tetigeris
3013 2914 3251 2982 lignum,
3291 2912 3506 2985 dequo
3539 2914 3585 2968 si

1971 2983 2260 3049 comedas,
2306 2999 2399 3051 per
2430 2985 2914 3054 transgressionem
2943 2987 3256 3053 cogniturus
3287 2999 3344 3038 es
3382 2983 3584 3039 bonum

1972 3066 2027 3112 et
2069 3055 2308 3109 tltalttttt?
2348 3053 2552 3124 quare?
2591 3052 2700 3125 Ego
2735 3055 2825 3108 tibi
2868 3052 3049 3123 paucis
3084 3055 3392 3109 declarabo.
3436 3054 3588 3108 Solet

1973 3128 2149 3182 divina
2194 3125 2467 3194 Scriptura
2497 3125 2620 3179 talia
2653 3127 2814 3180 rebus
2859 3127 3071 3179 nomina
3113 3127 3262 3186 dare,
3294 3125 3474 3194 qualia
3517 3140 3585 3179 ex

1974 3199 2256 3254 occasione
2308 3198 2554 3266 quapiam
2597 3198 2893 3251 sortiuntur
2933 3215 2945 3250 :
2987 3199 3131 3251 verbi
3183 3199 3348 3266 gratia
3376 3239 3390 3260 ,
3439 3194 3587 3250 lsaac

1974 3281 2188 3338 putctnn
2222 3267 2372 3328 fodit,
2405 3267 2742 3338 etPltilisuei
2768 3269 3051 3338 venientes
3073 3268 3138 3319 de
3158 3277 3327 3338 puteo
3349 3282 3582 3322 concer-

1976 3335 2176 3403 iabant,
2211 3348 2261 3391 et
2293 3338 2393 3390 sibi
2425 3337 2570 3390 illum
2599 3337 2976 3398 attribuerunt,
3007 3335 3198 3390 alienis
3231 3335 3468 3392 fruentes
3502 3338 3582 3390 la-

1973 3412 2212 3464 boribus.
2243 3407 2378 3475 Quid
2408 3421 2538 3476 ergo
2575 3405 2753 3460 Isaac?
2782 3406 3001 3460 Vocavit
3035 3421 3230 3459 nomen
3275 3409 3439 3473 putei,
3472 3407 3571 3462 lni-

1972 3481 2247 3535 micitiam.
2283 3478 2398 3533 Non
2444 3487 2636 3546 puteus
2673 3477 3008 3530 inimicitiam
3054 3476 3199 3539 fecit,
3233 3478 3326 3531 sed
3371 3482 3585 3533 occasio

1978 3553 2053 3605 rei
2112 3553 2252 3605 circa
2309 3551 2483 3615 ipsum
2531 3558 2706 3612 actm;
2759 3547 2986 3617 ἰάυοιμιο
3040 3547 3238 3602 Puteus
3296 3548 3586 3604 inimicitia:

1976 3622 2147 3676 factus
2177 3629 2277 3676 est.
2312 3619 2462 3674 Fecit
2490 3628 2544 3673 et
2585 3619 2747 3672 alium
2794 3628 3029 3687 puteum,
3061 3619 3160 3687 «qui
3201 3619 3444 3674 sublatus
3486 3620 3585 3688 ipsi

1975 3693 2072 3746 fuit
2106 3710 2118 3744 :
2153 3703 2207 3746 et
2233 3693 2442 3745 vocavit
2474 3691 2645 3753 illntn,
2688 3689 2908 3743 Pttletnn
2952 3691 3258 3758 injustitim;
3303 3705 3409 3744 non
3440 3691 3585 3760 quod

1975 3765 2091 3831 ipse
2134 3771 2326 3834 puteus
2371 3762 2646 3834 injustitize
2681 3769 2849 3834 esset,
2880 3760 2973 3814 sed
3018 3761 3138 3828 quia
3174 3761 3316 3834 circa
3356 3772 3583 3834 puteum

1974 3831 2196 3887 materia
2230 3833 2501 3900 iniustitiae
2531 3831 2648 3886 fuit.
2682 3831 3046 3899 Similiterque
3077 3833 3304 3886 ministri
3347 3831 3499 3887 Joabi
3532 3841 3587 3884 et

1974 3905 2248 3959 Abenneri
2277 3904 2421 3957 circa
2447 3906 2670 3969 fontem,
2691 3913 2748 3956 ut
2772 3903 2944 3956 sciunt
2966 3902 3254 3972 Scriptura:
3279 3903 3458 3972 periti.
3483 3903 3586 3957 sibi

1977 3986 2163 4030 mutuo
2203 3973 2617 4035 insidiabantur,
2646 3983 2700 4028 et
2727 3981 2946 4026 vocatus
2975 3983 3059 4027 est
3081 3971 3258 4035 locus,
3283 3971 3476 4027 ’Portio
3504 3975 3585 4026 iu-

1974 4047 2290 4100 sidiatortun
2318 4046 2397 4111 (2.
2429 4044 2556 4115 Reg.
2589 4044 2755 4100 2.15.
2788 4044 2900 4112 16).
2928 4043 3161 4098 Rursum
3194 4045 3279 4098 bic
3307 4061 3412 4098 non
3438 4045 3587 4098 locus

1975 4117 2198 4171 insidias
2236 4117 2464 4186 peperit,
2501 4116 2594 4170 sed
2626 4115 2841 4186 occasio
2873 4129 3070 4170 nomen
3103 4115 3221 4170 loco
3264 4117 3474 4169 indidit.
3513 4117 3584 4170 Ita

1974 4197 2028 4242 et
2057 4189 2107 4241 in
2140 4185 2352 4242 Adamo
2379 4185 2576 4241 factum
2609 4196 2717 4241 est.
2749 4185 2882 4254 Quia
2911 4186 2979 4238 ab
3008 4196 3127 4240 ortu
3159 4187 3586 4255 experimentum

1978 4258 2259 4313 habiturus
2288 4267 2421 4321 erat,
2457 4259 2652 4312 bonum
2697 4272 2818 4313 eSse
2848 4257 3088 4319 obedire.
3117 4258 3314 4310 malum
3347 4273 3453 4312 non
3485 4258 3586 4312 ob-

1976 4331 2159 4400 sequi;
2191 4329 2311 4385 ideo
2335 4329 2496 4400 arbor
2517 4345 2581 4383 ex
2605 4332 2886 4384 uocasionc
2917 4343 3112 4384 nomen
3135 4329 3358 4399 accepit.
3392 4329 3585 4387 Verum

1977 4399 2645 4474 ltmc_ltactenus._Utiuam
2676 4417 2804 4453 vero
2834 4418 2929 4453 uos
2955 4417 2982 4474 a
3012 4403 3156 4471 ligno
3186 4402 3276 4456 illo
3299 4404 3586 4474 fugiamus,

1976 4480 2030 4527 et
2055 4472 2120 4525 ad
2150 4473 2352 4541 lignum
2377 4471 2498 4544 vita:
2519 4485 2884 4544 accurratnus,
2909 4472 2974 4526 ad
3006 4474 3202 4542 lignum
3228 4471 3424 4539 crucis,
3445 4476 3587 4544 quod

1976 4543 2184 4598 fructus
2216 4543 2438 4612 justitiaa
2472 4544 2609 4605 tulit,
2655 4543 2798 4616 quod
2840 4544 3197 4612 virginitatem
3236 4543 3583 4616 germinavit,

1979 4625 2033 4669 et
2059 4616 2467 4686 sanctimomam
2497 4615 2737 4683 protulit,
2771 4617 3078 4684 fructusque
3106 4615 3284 4670 varios
3307 4619 3586 4686 persolvit,

1978 4685 2161 4740 multis
2177 4684 2511 4750 diversiscme
2534 4686 2843 4739 muneribus
2863 4696 3170 4749 comantes;
3195 4684 3319 4740 cuni
3339 4687 3587 4744 videlicet

1979 4757 2033 4811 in
2063 4757 2174 4826 ipsa
2202 4757 2444 4810 sensibili
2473 4755 2739 4810 detixionc
2769 4757 2944 4809 crucis
2973 4772 3160 4825 magna
3191 4759 3588 4826 singularistpte

1977 4827 2122 4902 salus
2153 4837 2297 4902 parta
2339 4837 2460 4902 est;
2504 4827 2786 4902 non_il_|_a_nt
2819 4826 2961 4890 dico,
2994 4843 3152 4902 quam
3187 4827 3442 4902 Servator
3469 4846 3590 4902 my-

1976 4899 2110 4952 stice
2139 4898 2502 4967 dispensavit,
2539 4898 2634 4950 sed
2680 4899 2844 4962 illato,
2887 4915 3046 4966 quam
3093 4901 3230 4953 latro
3279 4900 3368 4953 ille
3411 4898 3585 4967 palam

1979 4969 2232 5042 abripuit.
2275 4969 2421 5042 Quia_
2450 4969 2594 5023 enim
2642 4967 2810 5042 Ad:t_tu
2855 4984 2948 5038 per
2978 4970 3180 5040 lignum
3225 4986 3289 5024 ex
3340 4973 3589 5042 paradisi»

1977 5039 2200 5111 eiectus,
2225 5051 2307 5093 est
2349 5038 2566 5111 (Justus
2605 5055 2677 5096 es.
2725 5037 2964 5103 Domine,
3005 5037 3053 5094 εἰ
3096 5050 3230 5094 recta
3263 5037 3588 5111 judicia‘tua

1980 5108 2151 5181 [PsaL
2185 5110 2309 5165 118.
2345 5109 2546 5182 157]);
2575 5111 2698 5182 quia
2741 5118 2839 5179 per
2879 5122 3154 5179 peccatum
3197 5108 3359 5166 unum
3413 5115 3586 5170 Adam

1980 5180 2215 5248 ejicitur,
2246 5197 2339 5248 per
2367 5180 2524 5234 unam
2561 5180 2768 5234 fidelem
2809 5183 3202 5236 confessionem
3249 5183 3384 5236 latro
3413 5185 3587 5239 intro-

1978 5251 2192 5305 ducitur
2217 5252 2268 5304 in
2301 5253 2625 5320 paradisum.
2647 5251 2987 5320 (Iruciligeris
3017 5268 3135 5306 cmn
3163 5254 3378 5321 iniquis,
3409 5267 3462 5308 et
3489 5257 3591 5310 mi-

1979 5323 2099 5389 quis
2131 5322 2357 5376 salutem
2394 5323 2554 5390 paris.
2588 5323 2722 5376 Dicit
2757 5325 2804 5376 ei
2844 5325 2980 5377 latro
3009 5340 3023 5375 :
3054 5321 3290 5385 Domine.
3335 5340 3587 5382 memento

1978 5393 2095 5455 mei,
2122 5408 2236 5467 cum
2267 5394 2459 5446 veneris
2489 5394 2540 5447 iu
2569 5409 2777 5467 regnum
2809 5404 2950 5447 tuum
2977 5394 3126 5467 (Luc.
3150 5395 3242 5467 25.
3276 5395 3391 5467 η).
3426 5397 3590 5452 Latro

1978 5473 2122 5517 certe
2150 5464 2248 5518 iste
2276 5481 2380 5518 non
2409 5467 2567 5518 linem
2591 5464 2711 5518 fecit
2737 5465 3106 5528 latrocinandi,
3133 5465 3306 5522 donec
3328 5464 3449 5522 eum
3472 5471 3591 5522 aliis

1982 5533 2143 5586 etiam
2169 5550 2390 5603 regnum
2419 5537 2676 5606 etclorum
2705 5536 2953 5606 abripuit.
2988 5537 3141 5591 Alius
3169 5554 3298 5594 vero
3322 5540 3458 5593 latro
3487 5539 3591 5593 Do-

1979 5607 2124 5656 mino
2154 5607 2487 5678 conviciator
2517 5624 2528 5658 :
2655 5605 2818 5678 Filius
2848 5606 2941 5661 Dei
2983 5624 3055 5673 es,
3101 5611 3241 5663 salva
3271 5611 3588 5678 temetipsum

1979 5683 2026 5746 et
2054 5690 2141 5746 nos
2173 5674 2334 5743 (Ibid.
2359 5693 2404 5728 υ.
2433 5677 2545 5746 39).
2584 5675 2752 5730 Verba
2790 5679 3012 5732 latronis
3041 5679 3220 5733 afliuia
3253 5694 3374 5735 sunt
3408 5674 3586 5736 verbis

1979 5743 2286 5818 Judamrum
2325 5765 2338 5800 :
2372 5743 2590 5802 nanret
2614 5746 2702 5818 illi
2735 5747 2984 5803 dicebant
3017 5767 3030 5802 :
3067 5751 3127 5805 Si
3176 5750 3343 5806 Filius
3389 5749 3480 5804 Dei
3514 5768 3589 5818 es,

1979 5817 2226 5888 descende
2267 5818 2325 5870 :.’:
2357 5833 2504 5871 :ruce
2547 5817 2754 5888 (Matth.
2793 5820 2882 5872 27.
2914 5820 3030 5886 60).
3075 5833 3128 5875 et
3157 5824 3436 5877 credi-mus
3467 5817 3586 5878 tibi.

1985 5886 2171 5963 \_'ideu‘
2200 5904 2357 5963 quam
2389 5886 2712 5963 concordem
2745 5889 2974 5945 habeant
2997 5893 3089 5946 lilii
3117 5893 3317 5949 diaboli
3343 5895 3592 5963 impieta-

1985 5960 2052 6012 tis
2083 5960 2457 6030 disciplinatn?
2488 5960 2700 6016 Salvum
2724 5965 2828 6034 for,
2854 5963 3046 6033 inquit,
3081 5968 3397 6034 temetipsum
3421 5960 3463 6020 et
3500 5982 3592 6023 nos
