4050 6574
558 452 661 508 διδ

558 569 749 633 (Mare.
788 568 867 621 15.
915 564 1021 633 59).
1073 562 1207 631 Quid
1250 575 1377 629 ergo
1406 560 1592 615 beatus
1628 557 1798 633 latro}
1843 556 2120 633 puluinum

558 626 825 698 defendit;
854 644 907 689 et
928 626 1013 701 qui
1040 626 1437 705 damnatusest,
1463 642 1740 705 personant
1764 626 1956 694 judicis
1977 641 2125 705 assu—

561 708 675 768 mit,
708 716 760 759 et
803 696 982 771 incipit
1014 702 1249 775 judicare
1289 702 1339 753 in
1385 696 1643 775 veritate:
1679 696 1854 775 Neque
1892 706 1944 747 tu
1983 696 2123 775 times

559 764 738 835 Deum,
774 774 889 842 quia
909 764 960 825 in
979 764 1155 826 eadem
1177 771 1493 842 damnatione
1512 784 1704 842 sumus.
1733 766 1797 819 Et
1818 782 1908 819 nos
1928 764 2125 842 quidem

558 847 687 911 juslc
704 834 864 907 {nam
890 844 1041 911 digna
1075 842 1219 912 factis
1244 841 1539 912 recipimus;
1565 838 1644 890 hic
1670 848 1833 889 autem
1860 834 1981 904 quid
2009 834 2125 901 [cc-'t

556 910 705 979 (Luc.
728 914 816 968 23.
848 910 1099 979 40.11)?
1129 911 1219 963 Dic
1248 910 1393 979 mihi,
1426 923 1459 961 ο
1493 910 1648 973 latro,
1685 922 1779 979 cut
1807 920 1909 958 non
1943 918 2123 958 coram

562 976 726 1037 Pilato
757 985 984 1037 breviter
1004 976 1274 1034 confessus
1295 978 1387 1033 es?
1412 994 1505 1031 cur
1526 986 1645 1046 post
1671 976 1815 1030 mille
1838 983 2121 1037 tormenta.

560 1069 664 1105 non
696 1063 819 1107 tunc
845 1052 1043 1115 dixisti,
1084 1049 1205 1117 quid
1238 1047 1469 1102 feceras?
1500 1046 1655 1099 Aliud
1683 1055 1807 1117 erat,
1842 1047 1999 1117 homo
2032 1046 2121 1115 ju-

558 1122 679 1185 dex,
707 1122 847 1175 aliud
892 1122 1025 1173 Deus
1048 1115 1225 1187 judex.
1259 1117 1339 1170 Illi
1381 1117 1648 1187 occultare
1672 1115 1987 1187 rstudebam,
2026 1117 2120 1187 qui

559 1206 664 1244 non
697 1201 912 1245 noverat
948 1186 1065 1257 qua:
1105 1188 1155 1241 in
1180 1188 1345 1241 corde
1372 1196 1557 1257 erant;
1594 1186 1861 1257 huic_non_
1887 1186 2118 1251 occulto,

556 1261 725 1329 quiin
751 1260 907 1313 corda
946 1254 1205 1326 penetrat.
1236 1256 1535 1329 CuriPilato
1575 1271 1678 1308 non
1719 1254 1947 1329 breviter
1986 1268 2121 1329 con-

559 1324 727 1383 fessus
752 1329 845 1383 es?
871 1324 1002 1393 Quia
1033 1329 1100 1381 ibi
1141 1328 1527 1381 confessionem
1564 1324 1881 1393 sequebatur
1923 1325 2122 1394 suppli-

552 1401 694 1452 cium
730 1418 742 1453 :
777 1398 861 1452 hic
900 1413 1026 1451 vero
1058 1395 1442 1451 confessionem
1484 1396 1721 1463 sequitur
1762 1396 1903 1463 salus
1935 1410 1947 1446 :
1977 1410 2119 1455 nam,

558 1465 654 1519 Dic
696 1478 747 1519 tu
780 1469 1065 1537 iniquitates
1098 1476 1210 1521 tuas
1244 1467 1401 1537 prior,
1442 1476 1497 1517 ut
1524 1465 1821 1537 justiﬁceris
1850 1462 1997 1537 (Isai.
2031 1468 2119 1519 45.

553 1537 668 1607 26).
708 1533 899 1592 Videre
944 1538 1099 1606 igitur
1141 1533 1253 1591 erat
1286 1535 1627 1607 AServatorem
1674 1536 1723 1587 in
1761 1533 2124 1607 mediolatro-

556 1604 701 1665 num.
727 1608 906 1675 jugum
930 1604 1145 1676 justitiae
1174 1625 1186 1659 :
1217 1605 1395 1659 videre
1420 1615 1533 1676 erat
1563 1605 1841 1676 lihraptem
1882 1604 2037 1676 fidem
2068 1614 2123 1659 et

553 1674 1214 1743 inﬁdelitatem,justitiam
1244 1684 1296 1730 et
1318 1675 1643 1740 injustitiam.
1671 1674 1858 1727 Traxit
1888 1674 2119 1729 medium

548 1748 765 1812 justitire
799 1744 1020 1799 tribunal
1043 1764 1055 1809 ;
1078 1755 1130 1799 et
1158 1747 1245 1813 qui
1285 1744 1605 1798 infidelitatis
1643 1744 1877 1811 pondere
1908 1759 2121 1811 pressus

551 1825 687 1878 erat,
713 1816 1031 1878 trahebatur,
1069 1815 1158 1883 qui
1186 1830 1311 1868 vero
1340 1813 1441 1867 ﬁde
1476 1813 1716 1868 sublimis
1744 1824 1879 1873 erat,
1910 1814 2121 1868 attolle-

555 1885 722 1938 batur.
756 1883 866 1938 Nos
892 1886 1110 1951 quidem,
1144 1886 1329 1953 inquit,
1364 1886 1515 1952 digna
1542 1886 1687 1953 factis
1713 1885 2013 1951 recipimus;
2043 1886 2122 1937 ln'c

550 1965 714 2006 autent
741 1956 899 2021 quid?
924 1957 983 2007 lit
1009 1970 1148 2008 nunc
1177 1955 1346 2016 video,
1382 1956 1474 2019 ait,
1510 1954 1815 2019 injustitiam
1848 1954 2122 2023 ipsamque

549 2024 860 2089 stupendum
887 2024 1116 2091 ;justum
1144 2038 1273 2078 cum
1294 2025 1501 2089 injustis
1525 2022 1933 2085 crucifixum,’et
1958 2022 2122 2092 arqui-

550 2102 709 2145 tatcm
738 2110 855 2146 cum
882 2094 1153 2163 iniquitate
1184 2094 1409 2162 plexam.
1439 2092 1549 2145 Nos
1568 2093 1769 2163 quidem
1797 2095 1950 2162 digna
1977 2094 2121 2162 factis

550 2165 851 2233 recipimus;
878 2163 956 2216 ltic
998 2175 1159 2217 autem
1189 2164 1309 2232 quid
1342 2163 1500 2233 fecit?
1537 2164 1643 2217 Nos
1686 2164 1858 2217 cmdes
1890 2166 2119 2231 patravi-

552 2247 689 2295 mus,
718 2234 865 2286 vivos
890 2234 1177 2287 occidimus
1206 2251 1218 2285 :
1255 2234 1336 2285 hic
1359 2242 1595 2286 mortuos
1612 2233 1676 2285 ad
1707 2234 1863 2285 vitam
1889 2234 2116 2297 reduxit,

549 2309 603 2354 et
632 2303 813 2355 mortis
841 2304 943 2356 vim
986 2304 1181 2358 solvit:
1216 2317 1312 2356 nos
1351 2304 1520 2356 aliena
1558 2304 1861 2369 rapuintus;
1904 2304 1989 2356 hic
2026 2318 2119 2356 sna

547 2386 811 2439 quemque
833 2372 957 2425 dare
973 2372 1158 2440 jubet:
1190 2388 1284 2426 nos
1312 2386 1424 2434 eos,
1453 2372 1539 2439 qui
1564 2371 1692 2424 nihil
1724 2387 1821 2425 nos
1850 2373 2115 2436 lteserant,

546 2441 836 2495 occidimus
861 2458 873 2503 ;
910 2442 994 2495 hic
1022 2442 1259 2496 inimicos
1282 2442 1502 2509 diligere
1528 2440 1727 2495 docuit.
1758 2441 2010 2508 lnjustunt
2038 2452 2120 2496 est

545 2510 819 2576 judicium.
857 2512 989 2565 Num
1035 2512 1187 2579 hujus
1218 2527 1375 2579 opera
1406 2512 1682 2580 supplicio,
1719 2521 1895 2565 nostra
1933 2514 2120 2566 remis-

548 2582 697 2634 sione
750 2582 902 2647 digna
958 2584 1132 2636 sunt?
1182 2580 1419 2636 Judicale
1473 2581 1763 2636 secundum
1821 2584 2116 2636 veritatem.

550 2650 783 2721 Nequitia
814 2651 992 2721 fugiat,
1022 2652 1221 2719 justitia
1249 2652 1551 2705 honoretnr.
1584 2652 1773 2705 Verum
1799 2652 1910 2706 haec
1931 2667 1995 2705 ex
2025 2652 2119 2705 Ju-

548 2720 783 2773 datorum
819 2722 1047 2789 nequitia
1079 2722 1214 2774 facta
1244 2731 1387 2791 sunt,
1421 2722 1795 2790 impletumque
1823 2731 1903 2775 est
1924 2732 2121 2791 myste-

550 2792 684 2842 rium
709 2791 1093 2857 pmpheticum,
1119 2792 1260 2845 clare
1284 2792 1348 2843 de
1370 2790 1642 2845 Salvatore
1662 2791 1843 2845 dicens
1873 2808 1888 2844 ς
1916 2790 2121 2844 Etcum

548 2859 730 2929 iniquis
774 2870 1028 2927 reputatus
1074 2870 1148 2913 est
1193 2860 1299 2929 (Id.
1328 2862 1414 2914 55.
1451 2862 1535 2913 19..
1571 2860 1734 2912 Marc.
1767 2862 1853 2915 15.
1883 2860 1977 2929 28)
2026 2861 2117 2929 jn-

548 2936 682 2982 stus.
702 2928 805 2983 Sed
828 2930 1011 2983 beatus
1030 2928 1238 2996 quidem
1267 2932 1401 2983 latro
1424 2933 1489 2983 ita
1517 2928 2117 2998 philosophabatur{sic

548 3007 836 3069 praesentes
886 3000 1198 3068 erudiebat,
1248 3000 1371 3053 dum
1426 3002 1576 3056 alteri
1631 3000 1995 3070 exprobraret.
2049 2999 2119 3055 Ut

2083 441 2351 501 SPURIA.
3714 440 3812 493 6.16

2229 565 2404 609 autem
2444 561 2707 608 mortuum
2737 554 2866 607 vidit
2903 552 3245 623 prmsentiunt
3290 551 3553 623 auditum,
3596 553 3814 623 vertitur

2230 626 2441 677 dennnn
2473 626 2535 677 ad
2575 640 2717 687 eum,
2762 627 2849 693 qui
2895 621 3040 677 novit
3084 624 3337 678 interiora
3375 621 3577 687 cordis,
3609 633 3665 693 et
3694 621 3813 675 dicit

2235 693 2460 747 Domino
2488 713 2499 745 :
2534 693 2763 754 Domine,
2784 692 3032 748 memento
3062 695 3157 747 mei
3186 695 3239 746 in
3269 708 3427 761 regno
3452 702 3560 744 tuo.
3591 692 3812 745 Cruciﬁ-

2232 779 2355 817 xum
2390 765 2553 820 vides.
2585 773 2639 817 et
2664 763 2938 817 Dominum
2971 764 3239 818 confiteris
3274 781 3288 816 :
3320 761 3558 815 damnati
3594 764 3811 815 fortnam

2233 832 2400 896 vides,
2443 843 2494 887 et
2538 832 2696 903 Regis
2722 834 3029 902 dignitatem
3074 833 3373 901 prccdicas?
3402 830 3612 903 Ecquid
3659 833 3814 903 mira-

2233 917 2369 974 mur.
2406 901 2695 967 fratres,'si
2726 901 2917 956 Paulus
2947 912 3064 972 post
3095 912 3291 957 tantam
3328 901 3815 974 mysteriorttni_di-

2231 972 2506 1041 sciplinam
2534 1013 2546 1037 ,
2595 980 2714 1039 post
2757 971 2954 1026 tantam
3003 971 3399 1027 miraculorum
3424 971 3811 1039 experientiam

2231 1041 2372 1095 dicat
2402 1062 2413 1094 :
2449 1044 2510 1097 Si
2538 1043 2669 1094 enim
2698 1045 3059 1112 cognovissent,
3089 1059 3359 1112 numquam
3391 1041 3677 1093 Dominum
3704 1044 3813 1112 glo-

2230 1112 2321 1163 ria:
2339 1113 2701 1180 cruciﬁxissent
2726 1113 2811 1181 (Ι.
2828 1113 2943 1167 Cor.
2977 1113 3031 1167 2.
3056 1113 3114 1182 8)
3136 1114 3159 1164 't
3185 1111 3297 1166 Hoc
3337 1112 3534 1165 Paulus
3564 1111 3814 1180 prmdicat

2232 1192 2351 1248 post
2378 1192 2521 1236 tanta
2545 1182 2752 1251 cognita
2790 1184 3058 1253 mysteria,
3104 1191 3221 1250 post
3261 1182 3517 1253 miracula
3546 1192 3603 1237 et
3645 1181 3810 1249 signa.

2230 1260 2346 1319 post
2393 1252 2536 1306 mille
2578 1252 2948 1320 operation’es,
3000 1260 3118 1321 post
3170 1252 3651 1313 resurrectionem,
3700 1258 3813 1321 post

2227 1324 2662 1390 assumptionem.
2712 1322 2875 1376 Latro
2916 1320 3112 1385 autem,
3144 1323 3253 1375 visa
3289 1330 3429 1374 tanta
3460 1320 3809 1383 contumelia,

2226 1405 2385 1446 cruce
2406 1391 2599 1454 defixa,
2629 1392 2910 1445 Dominum
2938 1400 3091 1445 vocat
3112 1406 3253 1454 eum,
3279 1391 3366 1460 qui
3395 1390 3694 1444 crucifixus
3713 1399 3809 1451 est.

2228 1470 2281 1514 et
2310 1461 2437 1532 dicit
2464 1463 2511 1516 ei
2544 1480 2556 1514 :
2592 1461 2823 1527 Domine,
2856 1472 3100 1515 memento
3124 1461 3239 1523 mei,
3271 1477 3382 1532 cum
3426 1461 3629 1532 veneris
3656 1461 3709 1532 in
3735 1474 3810 1512 re-

2226 1547 2378 1600 gnum
2407 1529 2570 1584 tuum.
2599 1533 2731 1598 Quid
2768 1532 2984 1600 dignum
3015 1532 3269 1586 memoria
3300 1530 3517 1587 fecisti?
3546 1529 3679 1597 quid
3711 1544 3810 1600 non

2226 1602 2441 1669 dignum
2470 1599 2728 1671 supplicio
2766 1599 2932 1655 fecisti
2956 1603 2978 1654 ἲ
3003 1616 3178 1655 annon
3205 1600 3493 1671 occidisti?
3522 1614 3705 1671 annon
3736 1599 3811 1652 fu-

2228 1680 2372 1723 ratus
2402 1673 2501 1725 es?
2527 1669 2704 1724 annon
2750 1672 3090 1725 latrocinatus
3132 1673 3231 1725 es?
3257 1669 3539 1725 Sescentis
3586 1670 3811 1724 fredatus

2227 1740 2380 1795 malis
2406 1756 2560 1810 rogas
2589 1741 2733 1794 illum
2774 1742 2991 1808 justitiu:
3033 1740 3251 1801 fontem,
3284 1749 3344 1793 ut
3373 1740 3673 1808 iniquitatis
3714 1748 3808 1791 tua:

2228 1812 2527 1881 meminerit
2551 1811 2574 1862 ?
2606 1810 2799 1871 Etiam,
2834 1810 3066 1873 Domine,
3084 1813 3254 1881 justus
3281 1826 3355 1873 es,
3381 1820 3427 1881 et
3458 1820 3599 1862 recta
3614 1810 3808 1881 judicia

2227 1890 2311 1931 tua
2338 1879 2510 1950 (Psal.
2548 1882 2664 1936 H8.
2695 1882 2842 1950 157).
2874 1881 3052 1935 Redde
3074 1879 3203 1934 mihi
3232 1880 3529 1934 secundum
3553 1880 3807 1946 justitiam

2228 1958 2389 2004 tuam.
2428 1952 2538 2019 Ego
2566 1952 2668 2004 vidi
2698 1960 2936 2017 apertam
2965 1950 3341 2004 contumeliam
3372 1958 3541 2015 tuam,
3572 1964 3804 2012 crucem,

2224 2030 2279 2074 et
2326 2021 2667 2088 opprobrium
2719 2022 2785 2074 ab
2833 2022 3026 2088 iniquis
3069 2020 3268 2073 illatum
3300 2036 3313 2070 :
3344 2035 3445 2073 nec
3493 2021 3608 2085 jam
3660 2019 3808 2072 video

2226 2102 2463 2155 apertam
2508 2091 2649 2143 illam
2694 2090 3094 2153 contumeliam,
3126 2088 3220 2143 sed
3247 2091 3516 2143 occultum
3566 2104 3807 2158 regnum.

2227 2158 2339 2227 Ego
2364 2175 2481 2228 qua:
2505 2160 2679 2221 video,
2704 2160 2968 2225 despicio;
2999 2170 3053 2213 tu
3084 2174 3187 2213 non
3218 2159 3449 2225 despicis
3472 2172 3665 2227 aperta
3698 2173 3806 2228 mea

2225 2227 2435 2291 delicta,
2478 2240 2531 2285 et
2561 2232 2752 2285 mentis
2783 2230 2937 2283 fidem
2965 2229 3245 2283 admittis?
3278 2228 3535 2283 Memento
3567 2231 3685 2292 mei,
3712 2227 3809 2280 Do-

2227 2301 2376 2353 mine.
2409 2301 2452 2354 Ο
2471 2302 2670 2366 justum
2689 2300 2979 2367 judicium!
3010 2300 3269 2354 Memento
3297 2300 3398 2352 mei
3428 2298 3480 2351 in
3507 2314 3677 2369 regno
3700 2309 3804 2351 tun.

2226 2370 2336 2423 Non
2379 2371 2765 2435 essetjustum,
2802 2370 3048 2433 Domine,
3088 2369 3212 2423 dum
3261 2368 3508 2423 diabolus
3539 2368 3704 2424 unum
3746 2384 3807 2422 ex

2224 2440 2497 2508 discipulis
2526 2440 2848 2508 proditorem
2880 2440 3020 2503 facit,
3051 2448 3101 2494 te
3126 2454 3287 2493 unum
3314 2439 3683 2509 exidiscipulis
3703 2439 3809 2492 dia-

2227 2511 2332 2565 boli
2366 2527 2470 2563 non
2500 2519 2703 2563 mutare
2732 2512 2782 2563 in
2815 2510 3219 2579 evangelistam.
3255 2508 3591 2579 Discipulum
3619 2512 3806 2565 verita-

2227 2583 2292 2634 tis
2322 2581 2495 2649 rapuit
2522 2580 2793 2648 injustitia,
2816 2589 2869 2633 et
2895 2578 3209 2648 diScipulum
3248 2578 3523 2648 iniustitia:
3556 2595 3663 2633 non
3693 2596 3804 2633 mn-

2227 2651 2355 2703 tahit
2406 2650 2646 2704 veritas?
2696 2650 2884 2704 Nonne
2934 2658 2987 2702 tu
3036 2664 3133 2715 es,
3187 2649 3431 2712 Domine,
3495 2652 3587 2718 qui
3641 2660 3805 2703 mutas

2228 2720 2474 2774 tenebras
2502 2720 2551 2772 in
2581 2719 2774 2783 lucem,
2804 2730 2859 2774 et
2888 2727 3120 2773 tortuosa
3148 2723 3200 2773 in
3230 2728 3429 2773 rectam
3458 2720 3602 2774 viam
3622 2721 3647 2773 ἲ
3672 2720 3802 2774 Muta

2225 2805 2438 2860 quoque
2466 2790 2724 2843 latronem
2755 2790 2805 2843 in
2833 2789 3233 2859 evangelistam,
3266 2789 3420 2843 vince
3451 2789 3695 2844 bonitate
3720 2807 3805 2843 ne-

2225 2859 2468 2929 quitiam,
2500 2860 2778 2928 exstingue
2806 2860 3003 2929 iustitia
3034 2859 3385 2928 iniquitatem,
3419 2869 3472 2913 et
3504 2861 3571 2913 da
3594 2862 3802 2929 ςΙιιι-ἱειιιι

2224 2928 2531 2999 benignitati
2561 2938 2683 2994 ture,
2709 2928 2866 2999 quam
2895 2928 3047 2985 decet
3070 2929 3241 2999 gloria
3268 2939 3323 2984 et
3346 2928 3675 2985 adoratioin
3706 2946 3809 2985 ste--

2224 3000 2342 3054 cuia
2373 2999 2709 3055 smcttlorum.
2738 3000 2929 3057 Amen.

1724 3934 2100 3997 MONITUM
2143 3936 2223 3995 IN
2265 3936 2677 4021 HOQIILIAM

658 4092 730 4146 De
764 4094 862 4148 hac
892 4110 987 4149 seu
1020 4094 1235 4150 bomilia
1264 4110 1358 4160 seu
1390 4093 1768 4151 dissertatione
1812 4096 1917 4151 hoc
1958 4096 2079 4151 tulit
2103 4096 2362 4167 judicium
2406 4096 2655 4161 Savilius,
2693 4106 2822 4151 tom.
2852 4096 2989 4163 VIII,
3018 4076 3120 4153 col.
3156 4098 3259 4154 746
3291 4118 3306 4155 :
3345 4099 3580 4153 Homilia
3631 4099 3822 4153 erudite

482 4237 491 4249 ε
584 4184 792 4254 quidem
826 4185 919 4238 illa
957 4194 1005 4237 et
1051 4196 1201 4240 acute
1235 4196 1493 4250 contexta,
1532 4188 1622 4240 sed
1662 4187 1805 4241 nullo
1840 4190 1989 4242 modo
2016 4187 2238 4242 Joannis
2278 4188 2458 4253 nostri,
2506 4197 2599 4241 aut
2639 4188 2695 4240 in
2732 4188 2901 4241 dubiis
2934 4189 3140 4253 saltem,
3182 4199 3276 4243 aut
3322 4191 3376 4243 in
3408 4189 3824 4260 ἀμφιϐαλλομέ·

583 4291 713 4338 νοις,
760 4276 1116 4345 relinquenda.
1170 4278 1313 4332 Adde
1338 4280 1473 4349 quod
1501 4280 1811 4349 quibusdam
1840 4280 1895 4333 in
1930 4280 2053 4334 locis
2084 4281 2180 4334 sibi
2204 4282 2316 4349 ipsa
2347 4295 2583 4350 pugnare
2608 4268 2830 4344 videtur,
2870 4280 2925 4333 in
2965 4280 3086 4335 aliis
3111 4282 3343 4335 veritati.
3394 4283 3594 4337 Secum
3628 4290 3823 4352 pugnat

585 4364 820 4420 humilia:
845 4376 1050 4434 auctor,
1084 4383 1204 4423 eum
1239 4378 1359 4438 post
1382 4370 1603 4424 allatum
1629 4370 1853 4426 Joannis
1881 4372 2057 4426 locum
2091 4370 2181 4441 (Et
2214 4373 2339 4425 vidit
2369 4381 2417 4425 et
2450 4371 2692 4425 credidit.
2739 4372 2985 4426 Nondum
3017 4374 3155 4427 enim
3194 4373 3428 4427 sciebant
3460 4371 3818 4443 Scripturam,

492 4469 503 4478 ί
584 4457 707 4525 quia
735 4459 1001 4526 oportebat
1033 4476 1149 4511 eum
1181 4477 1215 4511 a
1244 4462 1459 4513 mortuis
1494 4477 1782 4531 resurgere.
1823 4461 2069 4515 Abierant
2102 4479 2222 4533 ergo
2246 4462 2435 4515 iterum
2464 4461 2706 4530 discipuli
2731 4464 2801 4516 ad
2831 4461 3153 4533 semetipsos)
3187 4462 3369 4532 adjicit
3403 4463 3540 4533 ipse,
3587 4465 3736 4521 Nihil
3761 4469 3823 4523 de

586 4550 957 4601 resurrectione
986 4551 1281 4614 credentes;
1320 4565 1441 4604 cum
1472 4552 1584 4620 ipse
1614 4551 1851 4607 Joannes
1877 4553 1943 4607 de
1970 4568 2027 4607 se
2056 4553 2280 4622 loquens
2309 4553 2472 4621 dicat,
2502 4553 2620 4623 ipso
2650 4553 2937 4619 referente,
2970 4554 3043 4609 Et
3070 4553 3197 4607 vidit
3224 4562 3271 4608 et
3300 4554 3561 4621 credidit;
3600 4572 3817 4629 nempe,

589 4645 649 4692 ut
676 4638 807 4693 vidit
838 4649 1245 4695 monumentum
1276 4657 1524 4708 vacuum,
1556 4643 2003 4699 resurrectionem
2031 4646 2279 4701 credidit.
2306 4646 2440 4701 Nam
2469 4646 2613 4716 quod
2647 4646 2854 4717 adjicit,
2887 4645 3131 4707 Nondum
3161 4647 3299 4702 enim
3321 4647 3553 4703 sciebant
3582 4647 3822 4723 Scriptu-

591 4745 726 4794 ram,
756 4739 885 4797 etc.,
922 4732 988 4787 ad
1017 4742 1228 4802 tempus
1257 4734 1589 4805 praecedens,
1621 4746 1682 4791 ut
1704 4737 1892 4807 liquet,
1918 4739 2259 4794 referendum
2284 4748 2387 4796 est.

712 4905 3828 4930 ,Μ

592 4983 657 5028 IN
700 4984 1013 5029 MUIJERES
1054 4986 1194 5039 QUAE
1236 4987 1569 5032 UNGUENTA
1614 4988 2034 5034 ATTULERUNT
2080 4992 2094 5033 ε
2142 4994 2221 5038 R'l‘
2262 4994 2430 5047 QUOD
2474 4996 2674 5038 NULLA
2720 4995 3087 5040 DIVEBSITAS
3134 4996 3252 5040 νει
3292 4996 3497 5041 PUGNA
3544 4999 3835 5044 ΠΕΡΙΚῙΔο

855 5086 981 5129 Τυιι
1011 5086 1201 5129 INTER
1235 5088 1693 5132 EYANGELISTAS
1738 5089 1924 5133 CIRCA
1968 5092 2125 5135 BESU

2234 5094 2539 5137 SCTIONEM
2584 5096 2807 5137 DOMINI
2857 5095 3076 5139 Νοετιιι
3118 5097 3265 5140 JESU
3308 5099 3585 5143 οωιιςτῐ.

1863 5234 2121 5255 —‘—
2140 5221 2295 5277 ΜΕ

2309 5244 2627 5264 ἣ.

661 5343 712 5395 1.
760 5342 869 5409 Age
908 5339 973 5395 de
1016 5340 1457 5410 cvangelistarum
1498 5343 1713 5399 historia
1751 5346 1891 5400 circa
1920 5354 2157 5400 sanctam

588 5410 782 5465 Christi
815 5412 1253 5466 resurrectionem
1287 5428 1447 5480 pauca
1478 5423 1667 5469 vestra:
1696 5417 1900 5469 caritati
1932 5416 2159 5469 dissera-

588 5496 727 5545 ntus,
746 5482 1199 5555 ostendamusque
1237 5484 1431 5536 nullam
1463 5500 1523 5537 ea
1553 5485 1619 5538 de
1647 5500 1705 5538 re
1728 5486 1865 5551 apud
1890 5487 2170 5555 evangeli-

588 5562 697 5603 stas
726 5549 1042 5603 discordiam
1067 5551 1146 5605 vel
1166 5568 1385 5620 pugnam
1418 5549 1802 5620 reperiri.0uia
1818 5558 1958 5610 enim
1981 5549 2076 5609 hac
2092 5556 2158 5611 de

591 5621 833 5692 rervario
880 5620 1036 5673 modo
1076 5622 1280 5692 loquuti
1312 5633 1435 5677 sunt
1476 5635 1703 5692 quatuor
1730 5627 1823 5688 illi,
1869 5626 2037 5679 visum
2078 5636 2160 5681 est

589 5689 901 5767 quibusdam
935 5689 1316 5767 insipientibus,
1346 5693 1404 5767 in
1436 5689 1534 5767 hac
1562 5698 1871 5767 recensione
1908 5710 2154 5764 pugnam,
2182 5704 2187 5707 ‘

591 5760 698 5830 imo
723 5760 1051 5813 mendacium
1085 5760 1430 5830 deprehendi.
1462 5764 1638 5818 Sancti
1676 5781 1802 5819 vero
1843 5760 2025 5819 Patres
2066 5760 2159 5819 no;

588 5829 686 5883 stri
731 5830 911 5897 paucis
956 5831 1167 5886 illorum
1205 5832 1475 5888 stultitiam
1521 5835 1857 5891 confuturum
1896 5836 2154 5907 dicentes,

2261 5348 2495 5418 singulos
2526 5351 2879 5426 evangelistas
2902 5354 3140 5426 singulas
3180 5356 3540 5426 profectiones
3569 5364 3841 5418 mulierum

2262 5427 2317 5472 et
2359 5422 2724 5497 apostolorum
2766 5423 2833 5478 ad
2881 5422 3117 5487 divinum
3162 5422 3467 5497 sepulcrum
3512 5436 3838 5487 narravisse.

2261 5503 2379 5557 qua:
2408 5491 2652 5572 .diversis
2702 5494 2848 5575 fuere
2891 5491 3257 5577 temporibus}
3303 5500 3632 5577 nullumque
3664 5512 3839 5557 eorum

2261 5561 2569 5634 meminisse
2603 5579 2721 5632 qua:
2772 5564 2824 5616 in
2869 5561 3088 5620 alterius
3136 5561 3443 5625 narratione
3500 5561 3831 5634 ferébantnr,

2261 5631 2597 5686 sanctissimo
2624 5634 2845 5709 Spiritu,
2873 5637 2959 5704 qui
2988 5650 3083 5705 per
3109 5637 3252 5705 ipsos
3280 5638 3615 5709 loquebatur,
3647 5643 3718 5698 ita
3744 5631 3830 5698 dis

2264 5711 2539 5768 pensante,
2592 5713 2646 5755 ut
2675 5704 2804 5778 nihil
2845 5713 2969 5778 tunc
2994 5704 3289 5778 gestorum
3321 5704 3830 5778 praetermiiteretur.

2264 5778 2315 5823 et
2346 5786 2465 5824 cum
2498 5788 2685 5846 omnes
2722 5774 2917 5846 diversi
2950 5774 3203 5846 temporis
3243 5774 3521 5835 historiam
3569 5796 3830 5846 nemque.

2264 5851 2468 5902 rentur.
2502 5845 2675 5898 omnis
2704 5844 3024 5918 suSpieionis
3063 5844 3340 5904 materiam
3385 5844 3701 5924 etruscian
3739 5844 3829 5909 Ve

3424 6036 3970 6476 Al
