4050 6492
1056 449 1122 504 ιΝ
1162 445 1614 504 (ἶΙΙΑΝᾹΝΑΞΑΜ
1656 445 1741 500 ΕΤ
1782 444 1849 500 IN
1891 436 2345 500 PllAllAONEM,
2387 431 2540 490 ETC.

3163 581 3390 594 ..α-...-

166 574 3390 642 '--.;.._.--"——._.
3383 578 3451 613 ..ς

1257 750 1336 814 IN
1381 736 1859 826 SEQUENTEM
1898 740 2371 808 SERMONEM.

163 931 374 997 horret,
411 929 481 983 ita
513 935 572 980 ιιι
596 938 698 979 nec
720 922 860 977 inter
882 916 1337 991 ἀμφιδαλλόμενα
1367 900 1646 970 accenseri
1671 927 1747 966 me

1857 920 1966 974 tur,
1996 918 2056 964 ut
2083 897 2418 963 existimabit
2443 902 2590 964 haud.
2611 897 2775 960 dubie
2805 901 3053 974 quisquis
3084 898 3455 972 Chrysostomi

165 1027 439 1080 orationes
465 1021 549 1077 vel
578 1019 908 1091 primoribus
945 1015 1110 1070 labris
1142 1011 1376 1085 attigerit
1414 1029 1427 1066 :
1461 1021 1524 1066 ac
1554 1009 1639 1064 vel
1666 1022 1733 1064 ex
1757 1009 1881 1091 ipso
1910 1006 2157 1061 ordiendi
2197 1004 2358 1059 modo
2387 1003 2552 1057 alium
2588 1001 2964 1072 deprehendet
2995 1009 3290 1054 oratorem.
3330 998 3450 1053 Ca:-

169 1129 346 1173 tcrum
382 1132 489 1171 non
534 1113 786 1168 indoctus
815 1119 899 1166 est
930 1109 1164 1178 scriptor
1194 1106 1315 1170 iste,
1365 1111 1420 1159 et
1470 1103 1596 1158 licet
1636 1100 1942 1156 innumeris
1984 1096 2407 1168 repetitionibus
2455 1111 2718 1155 nauseam
2752 1094 2952 1164 pariat,
2992 1102 3138 1147 recte
3166 1092 3360 1162 probat
3391 1107 3456 1146 ex

169 1213 257 1267 bis
290 1209 528 1281 Apostoli
557 1207 738 1263 verbis
770 1224 783 1260 :
817 1204 938 1260 Non
970 1214 1044 1258 est
1067 1201 1285 1257 volentis
1310 1215 1473 1270 neque
1498 1195 1776 1261 currentis,
1800 1196 1891 1250 sed
1918 1193 2214 1249 miserentis
2242 1201 2316 1246 est
2351 1191 2468 1253 Dei,
2500 1206 2610 1246 non
2635 1189 2786 1259 sequi
2821 1188 3096 1243 hominem
3125 1188 3218 1259 qui
3247 1197 3458 1259 peccat,

168 1279 594 1374 culpaﬁliberum
631 1313 786 1365 esse;
834 1296 932 1352 sed
961 1312 1027 1351 ex
1060 1294 1358 1352 voluntatis
1392 1307 1505 1348 suae
1553 1289 1853 1363 proposito,
1891 1288 1994 1344 sibi
2039 1286 2339 1358 perniciem
2371 1294 2426 1340 et
2471 1283 2753 1338 interitum
2801 1297 3014 1353 parere,
3066 1282 3211 1353 quod
3247 1298 3314 1338 ex
3343 1279 3462 1338 aliis

173 1399 471 1471 Scriptura:
498 1395 658 1454 dictis
684 1403 741 1452 et
767 1392 1031 1465 exemplis
1054 1390 1360 1457 confirmat,
1405 1403 1469 1446 ac
1502 1387 1832 1462 syllogistico
1860 1396 2011 1442 more
2045 1385 2368 1457 plerumque
2407 1381 2670 1454 procedit.

159 2087 223 2130 ta
272 2075 680 2128 casam/mat
728 2077 808 2125 ετ
852 2069 913 2123 tu
962 2073 1377 2127 Pnansoasu,
1410 2068 1489 2115 ET
1532 2071 1704 2125 ouon

1856 2069 1872 2112 ἰ
1909 2068 2212 2112 νοιεπτιε
2257 2068 2467 2121 NEQUE
2513 2055 2893 2125 CURRENTIS,
2929 2063 3047 2110 εηι)
3095 2060 3471 2110 MISEREXTIS

1177 2167 1274 2222 SIT
1318 2176 1424 2218 DEI
1473 2155 1733 2238 (Matth.
1766 2154 1865 2216 15.
1899 2155 2075 2214 Rom.
2122 2155 2186 2222 9,
2242 2154 2340 2234 16)

1453 2295 2179 2337 marmurme

236 2434 289 2490 Ι.
315 2425 532 2488 Etiamsi
552 2439 649 2483 nos
668 2427 1002 2498 vespertinus
1021 2424 1109 2479 ille
1129 2423 1386 2498 tumultus
1405 2423 1758 2498 perturbavit,

158 2515 216 2558 at
249 2503 573 2559 exhilaravit
613 2495 988 2554 universorum
1033 2496 1290 2549 studium.
1320 2495 1438 2548 Non
1470 2495 1612 2550 enim
1648 2505 1762 2550 tur-

159 2577 352 2630 harutn
385 2571 754 2630 confusionem
779 2610 792 2631 ,
825 2568 916 2623 sed
945 2567 1250 2622 auditorum
1283 2565 1553 2620 fervorem
1586 2566 1758 2634 respi-

155 2648 369 2701 ciebam
406 2651 816 2714 :spectatorque
840 2655 994 2714 ieram
1030 2637 1255 2714 forensis
1295 2637 1760 2714 et_popularis__ttt-

158 2718 381 2782 multus,
413 2706 1026 2785 simtthuediviniatque
1043 2708 1389 2785 probisludii,
1415 2706 1484 2762 ita
1521 2717 1578 2763 ut
1615 2709 1762 2764 dice-

158 2802 276 2842 retu
301 2805 315 2842 :
343 2778 526 2840 Hamis
542 2778 743 2854 quidem
761 2791 876 2838 sunt
898 2778 1078 2854 manus
1097 2778 1256 2845 Esait,
1275 2795 1374 2834 νοω
1388 2790 1556 2854 qutem
1574 2796 1672 2854 eoa:
1686 2789 1762 2854 est

154 2856 342 2912 Jacobi
369 2858 386 2927 (
401 2855 530 2913 Gen.
555 2849 648 2910 97.
677 2856 748 2910 22
764 2860 800 2924 ).
824 2852 1099 2920 Popularis
1115 2859 1230 2906 erat
1254 2849 1530 2927 tumultus,
1561 2850 1656 2906 sed
1675 2851 1760 2927 _di-

159 2930 346 2982 vinum
377 2922 650 2983 studium.
678 2922 902 2999 oportet
927 2931 1115 2999 autem
1149 2938 1263 2976 non
1287 2922 1512 2999 distrahi
1543 2938 1610 2978 ex
1630 2922 1756 2999 cla-

157 3013 316 3055 more
361 2993 818 3063 tumultuantium,
851 2996 943 3051 sed
978 2994 1249 3063 respicere
1278 2993 1512 3058 studium
1541 2994 1756 3050 audito-

159 3087 306 3124 rum.
357 3069 486 3136 Nam
539 3069 838 3124 Chananma
896 3075 1017 3136 post
1066 3066 1405 3136 Scrvmorem
1442 3066 1753 3136 clamabat;

158 3155 349 3196 verum
383 3134 472 3196 ille
503 3155 608 3195 non
640 3139 704 3194 ad
731 3134 1024 3194 clamorem
1063 3135 1293 3189 attendit
1313 3177 1327 3196 ,
1359 3135 1454 3190 sed
1482 3135 1550 3189 ad
1593 3137 1755 3191 animi

155 3213 435 3268 allectum.
458 3210 736 3266 Clamabat
765 3223 894 3279 ergo
914 3247 928 3272 ,
954 3218 1010 3261 ut
1037 3206 1196 3260 modo
1216 3207 1758 3279 audistis,i)otninit-a

156 3297 396 3354 sequens
422 3283 639 3353 vestigia
667 3300 679 3354 ;
714 3281 820 3336 Fili
837 3277 1026 3354 David,
1048 3279 1282 3354 miserere
1306 3279 1401 3331 mei
1425 3277 1639 3354 (Matth.
1666 3280 1754 3354 15.

157 3349 281 3420 29.}.
294 3353 341 3410 0
357 3349 591 3425 gentium
612 3353 800 3408 ﬁdem!
823 3367 856 3425 o
871 3350 1178 3425 indecorum
1200 3349 1464 3425 ingratum
1477 3350 1715 3404 animum
1738 3353 1751 3406 Ξ

158 3419 249 3481 Ab
279 3419 568 3480 Israelitico
594 3426 793 3496 generc‘
815 3424 1006 3496 aliena.
1034 3437 1134 3476 nec
1164 3419 1215 3473 in
1241 3419 1365 3496 lege
1384 3421 1631 3496 educata,
1658 3437 1757 3478 uec

160 3499 217 3567 iu
263 3496 538 3567 prophetis
583 3491 790 3549 versata
816 3535 832 3560 ,
881 3493 1160 3567 veritatem
1205 3492 1495 3567 prmdicat,
1527 3491 1750 3567 dicens,

161 3561 277 3621 Fili
317 3561 514 3629 David,
556 3568 791 3620 miserere
831 3564 964 3629 mei;
1005 3564 1094 3633 qui
1139 3575 1266 3617 vero
1314 3563 1363 3615 iu
1395 3563 1510 3632 lege
1539 3561 1752 3619 educati

163 3639 410 3703 fuerant,
433 3639 522 3709 qtti
552 3637 860 3709 prophetas
892 3635 1172 3690 audierant
1191 3677 1203 3697 ,
1231 3633 1568 3709 mendacium
1601 3643 1756 3690 tuen-

162 3720 253 3764 tur
277 3704 699 3773 dicent'eston
744 3708 991 3760 novimus
1036 3719 1199 3768 eum;
1232 3704 1602 3760 Samaritanus
1629 3717 1752 3771 est,

158 3790 218 3835 et
237 3780 560 3834 dtemonium
586 3779 762 3833 habet.
784 3778 828 3833 Ο
852 3777 1010 3831 fidem
1034 3776 1273 3842 gentium
1295 3776 1306 3827 ι
1332 3791 1365 3829 o
1389 3775 1752 3833 lsraelitarum

159 3853 430 3920 ingratum
449 3849 708 3920 animum!
729 3847 859 3920 Vide
880 3849 1044 3902 lienm
1062 3847 1465 3920 e_t_SertIatorem
1488 3848 1750 3920 omnium,

157 3915 419 3992 quantum
451 3935 620 3990 genus
645 3919 770 3974 illud
793 3919 1043 3992 honoret.
1081 3915 1202 3992 Non
1222 3927 1296 3971 est
1308 3916 1504 3992 bonum
1525 3919 1754 3992 accipere

159 3987 347 4064 ganeas
389 3987 644 4061 ﬁliorum,
677 4001 722 4044 et
767 3989 1261 4064 projicere_cani_b_t_ts
1297 3987 1477 4057 (Ibid.
1511 4003 1558 4041 υ.
1600 3989 1669 4044 26
1710 3991 1750 4059 ).

157 4059 363 4118 Gentes
386 4059 537 4118 vocat
558 4073 718 4116 canes
738 4104 752 4127 ,
769 4059 834 4116 et
854 4059 1125 4114 ‘lsraelitas
1153 4059 1292 4113 filios
1317 4076 1329 4110 :
1364 4069 1752 4116 transmutatnr

158 4133 339 4189 honor
365 4150 393 4188 a
427 4134 658 4204 populo;
713 4143 766 4188 et
794 4134 883 4202 qui
915 4131 1245 4204 honorantur
1265 4129 1481 4204 ,gipsfum
1514 4131 1754 4188 dehone-

157 4213 337 4269 staut;
361 4200 447 4271 qui
475 4200 850 4274 despiciuntur
870 4245 884 4268 ,
914 4203 1141 4274 adorant
1167 4216 1181 4253 :
1213 4202 1302 4271 qui
1333 4200 1426 4254 filii
1457 4211 1747 4274 vocantur,

156 4276 481 4330 beneficium
511 4273 615 4328 non
649 4275 944 4344 recipiunt;
978 4273 1282 4344 Chanantea
1315 4287 1442 4327 vero
1469 4273 1620 4329 canis
1649 4290 1749 4343 ap-

158 4347 353 4416 pellata
376 4386 392 4410 ,
422 4360 452 4400 a
493 4346 734 4400 benefica
765 4343 881 4400 non
929 4345 1149 4400 recedit.
1180 4343 1304 4398 ldeo
1350 4358 1578 4414 namque
1625 4346 1752 4403 Ser.

155 4415 314 4471 valor
359 4424 547 4471 canem
593 4415 802 4471 vocavit
847 4417 1125 4470 mulierem
1147 4455 1162 4476 ,
1193 4431 1299 4469 non
1331 4425 1389 4468 ut
1423 4419 1747 4472 contumelia

155 4488 420 4551 afficeret,
444 4493 538 4542 sed
563 4496 618 4541 ut
637 4487 750 4554 ejus
776 4486 1022 4541 allectum
1048 4485 1392 4554 patefaceret,
1411 4487 1751 4545 ostenderet-

153 4574 262 4628 que
295 4565 481 4630 gentes
510 4553 706 4627 probro
731 4553 1000 4630 affectas‘a
1033 4553 1275 4630 benegfico
1308 4572 1413 4610 non
1436 4557 1696 4614 absistere
1727 4603 1742 4625 ,

153 4627 414 4686 lsraeiem
447 4641 573 4684 vero
605 4630 864 4683 beneflcio
884 4628 1130 4699 aliculam
1154 4627 1499 4699 Servatorem
1523 4645 1742 4699 negare.

154 4700 268 4756 Fili
300 4700 482 4766 David,
513 4700 745 4754 miserere
770 4701 884 4756 ntei.
915 4699 982 4754 Et
1007 4698 1096 4766 qui
1118 4713 1306 4754 omnes
1326 4698 1559 4763 exaudit,
1584 4698 1744 4769 tacet,

152 4787 262 4828 non
297 4782 352 4826 ut
379 4780 685 4840 precantem
711 4779 948 4840 respuat,
967 4770 1060 4824 sed
1088 4779 1145 4824 ut
1173 4771 1290 4842 ejus
1319 4769 1475 4842 fidem
1504 4771 1744 4842 splendi-

148 4844 362 4899 diorem
382 4839 574 4900 reddat
596 4860 609 4896 :
630 4839 931 4898 Chananaza
959 4857 1176 4908 genere,
1196 4839 1588 4896 Abrahamitica
1619 4842 1742 4899 fide.

153 4913 264 4970 Fili
295 4913 462 4969 David
486 4955 500 4980 ,
530 4915 762 4968 miserere
792 4914 907 4967 mei.
936 4913 1001 4967 Et
1026 4914 1116 4983 qui
1148 4914 1230 4967 vel
1259 4923 1382 4966 ante
1410 4914 1520 4969 oris
1542 4914 1744 4968 clamo-

151 5001 271 5040 rem
319 4986 481 5042 animi
531 4984 946 5054 supplicationes
999 4983 1414 5046 exaudit,tacet
1445 4996 1499 5039 et
1525 4983 1737 5048 differt;

151 5057 406 5136 visusque
433 5066 516 5136 est
554 5053 808 5124 apestolis
833 5053 1157 5136 inhumanus
1181 5068 1300 5109 esse
1323 5095 1339 5120 ,
1366 5055 1507 5136 quod
1538 5056 1743 5136 populi.

148 5128 419 5183 cationem
449 5131 651 5184 tantam
682 5134 980 5194 respueret.
1033 5127 1330 5196 Dicuntque
1355 5126 1406 5180 ei
1449 5126 1696 5250 discipuli
1727 5148 1740 5182 ε

151 5197 365 5250 Dimitte
397 5199 542 5250 illam
577 5197 697 5250 auia
745 5199 931 5250 clamat
981 5208 1092 5250 post
1146 5213 1236 5249 nos
1277 5197 1294 5250 l
1337 5195 1476 5250 Ibid.
1503 5213 1550 5250 υ.
1621 5199 1655 5250 5
1698 5199 1734 5250 l.

151 5197 365 5268 Dimitte
397 5199 542 5252 illam
577 5197 697 5267 quia
745 5199 931 5251 clamat
981 5208 1092 5266 post
1146 5213 1236 5249 nos
1277 5195 1476 5268 (Ibid.
1503 5213 1550 5250 υ.
1582 5195 1655 5252 25
1696 5199 1734 5268 ).

148 5265 289 5324 Num
314 5279 389 5333 tu,
415 5265 607 5332 Petre,
641 5284 766 5322 num
807 5279 885 5332 tu,
923 5265 1134 5322 Audrca
1157 5309 1171 5330 ,
1201 5268 1283 5322 vel
1315 5267 1556 5338 Philippe
1576 5310 1590 5332 ,
1614 5265 1740 5324 Ser-

149 5350 338 5394 vatore
368 5341 711 5396 humaniores
738 5341 909 5395 estis?
940 5355 1066 5393 num
1097 5353 1190 5392 vos
1218 5338 1367 5392 ﬂexit
1393 5341 1654 5409 precatio,
1683 5349 1738 5394 et

147 5411 492 5467 Servatorcm
523 5429 626 5466 non
656 5410 832 5465 allecit
855 5410 1207 5480 supplicatio?
1237 5410 1397 5480 Certe
1420 5424 1518 5464 vos
1539 5424 1737 5465 secun-

146 5481 278 5536 dum
304 5484 380 5537 rei
413 5484 601 5538 faciem
629 5481 878 5548 iudicatis
902 5479 1046 5551 ,ego
1072 5479 1364 5534 secundum
1409 5481 1570 5534 animi
1603 5481 1735 5536 affe-

145 5563 294 5607 ctum
326 5555 644 5609 sententiam
674 5551 788 5606 fero
807 5569 821 5614 ;
843 5553 1068 5622 gratiam
1089 5551 1297 5614 dillero,
1322 5562 1379 5604 ιιι
1399 5552 1732 5620 splendilam

145 5624 308 5678 fidem
351 5639 683 5696 esproaram.
720 5621 991 5696 Non’sum
1032 5622 1215 5696 missus
1250 5623 1345 5696 nisi
1377 5621 1443 5673 ad
1474 5639 1586 5675 ores
1625 5639 1737 5690 quae

145 5697 406 5760 perierunt
422 5692 613 5748 'domus
659 5693 820 5748 Israel
849 5693 1011 5761 (Ibid.
1044 5707 1090 5744 υ.
1132 5692 1246 5761 24).
1278 5692 1412 5746 Num
1447 5701 1628 5762 pastor
1653 5705 1735 5748 est

150 5767 511 5820 Israelitarum
536 5768 557 5819 ?
582 5781 759 5819 annon
809 5765 969 5817 totius
1013 5764 1158 5834 orbis
1187 5764 1441 5817 Dominus
1468 5807 1480 5826 ,
1514 5774 1696 5834 pastor
1716 5808 1729 5829 ,

143 5835 550 5892 administrator
569 5846 619 5890 et
646 5837 921 5903 provisor?
948 5835 1061 5888 Non
1087 5832 1241 5898 dixit,
1267 5834 1380 5888 Non
1409 5832 1527 5888 sum
1555 5846 1734 5903 pastor

144 5851 550 5892 aummIStralor
569 5851 619 5890 et
614 5851 920 5959 Nprorisor!
948 5851 1061 5888 non
1087 5851 1241 5898 amt,
1267 5851 1380 5888 P‘vm
1409 5851 1527 5888 sunt
1555 5851 1729 5903 pasmr

144 5909 375 5962 aliorum
401 5924 416 5974 ;
449 5908 542 5961 sed
569 5950 582 5968 ,
660 5924 726 5959 nn
757 5920 874 5960 sunt
908 5906 972 5958 ad
1003 5905 1102 5958 ltoc
1133 5907 1362 5967 missus;
1399 5923 1503 5959 non
1532 5922 1729 5961 secun-

146 5981 275 6036 dum
303 5977 383 6036 tri
418 5979 694 6032 veritatem
742 5977 965 6045 loquens
987 6018 1002 6040 ,
1032 5975 1124 6030 sed
1156 5977 1412 6034 simulans
1440 6027 1452 6052 ,
1486 5994 1540 6038 nt
1570 5985 1728 6039 fidem

449 6067 720 6130 ΡΑτιιοι..
769 6069 884 6130 Gn.
936 6069 1096 6132 LIX.

1871 2420 2175 2494 patefaciat.
2206 2422 2259 2478 Si
2291 2437 2395 2475 non
2423 2409 2530 2476 alio
2557 2421 2754 2494 missos
2784 2436 2862 2494 es,
2893 2409 2986 2494 sed
3017 2430 3222 2494 tantum
3247 2421 3474 2494 adores

1869 2493 2064 2550 domus
2097 2495 2258 2549 lsrael
2283 2535 2296 2556 ,
2331 2507 2426 2546 cur
2455 2493 2731 2562 apostolos
2780 2493 2844 2546 ad
2893 2493 3025 2547 lines
3069 2493 3216 2548 orbis
3259 2493 3428 2546 mittis
3455 2534 3470 2554 ,

1867 2567 2055 2621 dicens
2076 2583 2089 2620 :
2115 2563 2307 2619 Euntes
2326 2564 2502 2634 docete
2521 2579 2692 2617 omnes
2712 2573 2903 2634 gentes,
2923 2563 3237 2632 baptizaiues
3255 2563 3332 2634 (Μ
3341 2565 3468 2617 attlt.

1867 2638 1958 2693 28.
1985 2636 2122 2706 l9)?
2151 2637 2206 2692 Si
2238 2650 2341 2690 no.t
2370 2633 2436 2689 ad
2467 2635 2620 2698 alias,
2650 2650 2810 2706 quam
2840 2633 3084 2700 lsraelis,
3117 2650 3245 2691 oves
3267 2633 3468 2690 missus

1869 2724 1929 2764 es
1953 2750 1967 2772 ,
1996 2705 2092 2762 cur
2117 2707 2338 2763 dicebas
2363 2707 2621 2778 apostolis
2644 2723 2661 2778 ς
2703 2705 2767 2759 Et
2808 2706 2937 2760 alias
2973 2723 3086 2760 oves
3127 2706 3285 2762 habeo
3312 2749 3327 2773 ,
3359 2722 3473 2778 qua!

1869 2796 1969 2833 non
1996 2789 2112 2834 sunt
2134 2797 2197 2835 ex
2226 2778 2320 2832 hoc
2347 2777 2500 2842 ovili,
2526 2787 2572 2831 et
2595 2776 2713 2831 illas
2735 2788 2931 2849 oportet
2955 2781 3033 2831 me
3053 2776 3390 2849 (congregare,
3417 2783 3471 2830 ut

1870 2851 1962 2919 ﬁat
1986 2868 2143 2904 unum
2165 2851 2296 2905 ovile
2315 2891 2330 2911 ,
2355 2858 2401 2902 et
2428 2865 2561 2903 unus
2585 2844 2795 2918 pastor'(
2816 2847 2977 2904 Joan.
3008 2848 3095 2905 10.
3129 2844 3195 2904 lli
3214 2844 3270 2919 Π
3293 2850 3468 2917 Quare

1869 2937 1974 2976 non
2002 2931 2250 2976 accurate
2273 2929 2328 2976 et
2356 2921 2652 2976 secundum
2680 2933 2924 2975 exactam
2959 2921 3034 2975 rei
3068 2922 3353 2976 veritatem
3387 2922 3468 2973 lo-

1868 2995 2051 3060 quitur
2070 3034 2084 3057 ,
2109 2993 2204 3048 sed
2226 2990 2290 3047 ad
2313 2993 2506 3045 anima:
2532 2991 2904 3058 probationem
2927 3034 2941 3054 ,
2979 2988 3100 3046 Non
3129 3009 3239 3047 sum
3263 2993 3467 3046 missus.

1868 3063 2002 3120 Rem
2022 3072 2179 3134 negat
2203 3100 2218 3129 ,
2238 3075 2292 3119 et
2314 3063 2507 3118 mulier
2534 3061 2832 3131 deprecans
2859 3079 2967 3117 non
2997 3065 3129 3134 fugit
3153 3081 3165 3116 ε
3197 3063 3315 3134 ejus
3337 3079 3470 3128 sup-

1869 3137 2210 3203 plicationem
2259 3135 2483 3205 depellit
2521 3174 2536 3198 ,
2575 3143 2632 3188 et
2673 3134 3046 3205 adorationem
3081 3149 3188 3190 non
3237 3136 3470 3202 respuit.

1873 3207 2006 3263 Vere
2053 3206 2310 3263 Ecclesim
2337 3203 2517 3276 imago
2546 3214 2630 3260 est
2670 3203 2976 3261 Chananrca
3000 3247 3015 3272 ,
3050 3218 3170 3274 quae
3215 3206 3472 3277 periculis

1866 3280 2151 3347 probatur,
2186 3287 2241 3332 et
2292 3278 2572 3330 Dominum
2623 3291 2729 3329 non
2781 3287 2981 3346 negat;
3014 3293 3136 3346 quze
3181 3289 3471 3332 sescentas

1865 3351 2096 3404 sustinet
2135 3348 2400 3414 procellas
2425 3387 2440 3410 ,
2473 3358 2526 3401 et
2549 3348 2620 3417 (ad
2654 3347 2775 3400 fidei
2804 3356 3018 3417 portum
3047 3348 3220 3403 oculis
3250 3348 3421 3402 tendit
3455 3363 3468 3400 :

1863 3437 1984 3488 qua:
2032 3419 2178 3474 tnille
2227 3418 2478 3473 fluctibus
2511 3416 2577 3472 ab
2625 3416 2895 3473 luereticis
2941 3419 3283 3488 exagitator,
3315 3429 3369 3473 et
3399 3421 3470 3471 oh

1865 3485 1986 3546 fidei
2018 3491 2324 3544 firmitatem
2353 3505 2465 3548 non.
2493 3497 2663 3543 nutat.
2695 3489 2894 3544 Confer
2923 3485 3082 3544 fidem
3126 3490 3466 3545 ecclesiasti-

1864 3577 1979 3617 cam
2022 3577 2143 3617 cum
2192 3563 2402 3632 ingrato
2445 3559 2770 3632 Judmor‘umr
2799 3561 3000 3632 animo.
3052 3557 3220 3616 Judzci
3271 3575 3466 3615 manna

1861 3633 2210 3689 Comedentes
2240 3627 2613 3697 murmurant;
2652 3627 2891 3702 Ecclesia
2937 3631 3190 3702 jejunans
3238 3633 3468 3687 Domino

1860 3705 2062 3776 gratias
2087 3705 2196 3774 agit
2222 3723 2234 3758 :
2267 3705 2340 3759 illi
2376 3703 2581 3776 honore
2607 3701 2785 3776 affecti
2814 3742 2829 3767 ,
2878 3701 3072 3773 ingrati
3102 3713 3267 3776 sunt;
3305 3704 3464 3776 (thri-

1860 3774 2018 3830 Stiani
2045 3777 2096 3830 itt
2121 3775 2630 3846 persequutiOnibus
2651 3774 2854 3846 gratias
2878 3785 3061 3842 agunt.
3091 3774 3262 3843 Quem
3287 3775 3466 3846 diligis

1859 3861 2080 3902 servum
2124 3845 2217 3911 ,si
2265 3847 2521 3900 dominus
2564 3847 2676 3900 εἰ.πῖ
2703 3862 2770 3900 ex
2826 3845 3036 3902 duobus
3081 3847 3254 3900 servis
3305 3863 3464 3916 quem

1859 3919 2096 3987 accipis?
2117 3933 2312 3973 eumne
2332 3919 2420 3987 qui
2452 3925 2569 3986 post
2602 3916 2859 3972 beneficia
2883 3917 3122 3987 ingratus
3134 3924 3238 3984 est,
3263 3933 3327 3972 an
3343 3934 3466 3972 eum

1857 3991 1946 4060 qui
1969 3990 2259 4060 castigatus
2271 3989 2496 4059 gratiam
2518 3987 2703 4060 habet?
2724 3989 2978 4044 Ecclesia:
3001 3988 3160 4060 igitur
3182 3990 3359 4057 imago
3383 3996 3470 4044 est

1857 4054 2182 4126 Cltananaia,
2201 4054 2319 4130 quae
2336 4060 2556 4129 depulsa
2574 4054 2863 4131 Dominum
2877 4075 3011 4131 Anon
3022 4054 3224 4131 'negat.
3266 4054 3470 4116 Adorat

1857 4128 2234 4204 illumgdiceus;
2259 4128 2493 4197 Domine,
2513 4130 2702 4204 adjupa
2738 4147 2839 4204 me.
2861 4128 2994 4204 Cum
3021 4128 3167 4202 prius
3197 4132 3421 4188 dixisset
3449 4172 3464 4196 ,

1857 4201 1964 4257 Fili
1994 4201 2182 4270 David,
2208 4205 2443 4258 miserere
2465 4203 2558 4256 mei
2575 4198 2794 4273 (Matth.
2821 4198 3041 4271 15.25),
3069 4208 3262 4273 putans
3281 4219 3340 4260 se
3365 4205 3467 4257 mi-

1856 4289 2230 4344 norem,qnatn
2249 4290 2345 4344 par
2360 4271 2748 4342 crat,emisisse
2764 4271 3464 4344 deprecationem,priorem

1856 4342 2308 4412 revocat'vocem,
2333 4354 2388 4401 et
2412 4346 2646 4400 secunda
2675 4342 3016 4414 probi‘animi
3044 4342 3460 4416 significatione,

1855 4419 2092 4487 priorem
2125 4417 2275 4487 tegit.
2307 4417 2424 4472 Non
2451 4417 2596 4472 enim
2624 4418 2762 4487 ultra
2793 4426 2949 4472 vocat
2977 4417 3127 4472 illtnu
3160 4417 3328 4472 filium
3359 4417 3462 4471 Da-

1855 4479 1942 4543 vid
1969 4530 1984 4553 ,
2013 4487 2106 4544 sed
2143 4479 2428 4561 Dominum
2460 4488 2646 4561 dicens
2676 4505 2688 4541 :
2724 4479 2944 4561 Domine
2968 4530 2984 4555 ,
3015 4490 3204 4561 adjuva
3230 4506 3327 4544 me.
3359 4487 3466 4545 Nee

1853 4575 1958 4626 quc
1987 4569 2166 4614 tamen
2198 4560 2288 4613 ille
2316 4560 2608 4629 respondet
2634 4601 2648 4621 ,
2683 4558 2777 4613 sed
2808 4559 2988 4614 audita
3016 4558 3149 4615 voce
3188 4561 3466 4615 concitant

1854 4631 2004 4684 illum
2033 4631 2263 4700 apostoli
2291 4629 2534 4685 dicentes
2559 4647 2573 4683 :
2604 4629 2805 4685 Clamat
2836 4641 2946 4700 post
2975 4648 3087 4686 nos.
3116 4632 3254 4686 Deus
3277 4641 3459 4685 tamen

1850 4701 2031 4757 diﬂ'ert
2053 4699 2255 4767 ,ilidem
2288 4701 2434 4757 illam
2457 4712 2731 4768 spectans,
2762 4712 2816 4756 et
2837 4699 2968 4758 dicit
2997 4705 3046 4758 ci
3073 4722 3085 4758 :
3122 4702 3243 4756 Non
3271 4714 3343 4757 est
3371 4702 3464 4755 ba-

1851 4789 1974 4845 uunt
2003 4773 2234 4845 accipere
2263 4789 2444 4845 panem
2484 4770 2730 4842 ﬁli/"um.
2751 4783 2797 4826 et
2830 4771 3076 4843 projicere
3102 4774 3334 4829 canibus.
3371 4773 3463 4828 Fi-

1850 4843 2534 4916 liosvocatlsraelitas,gno.
2585 4845 3006 4916 mtgultonorans,
3043 4857 3205 4916 quam
3230 4859 3464 4916 arguens

1849 4915 2116 4986 ingratum
2133 4915 2348 4970 illorum
2364 4914 2626 4971 animum.
2647 4913 2778 4969 Nam
2797 4931 2956 4986 quam
2977 4914 3136 4972 hodie
3156 4913 3467 4972 lilios'vocat

1852 4983 2139 5060 lsraelitas,
2160 4986 2302 5041 filius
2324 4987 2538 5056 estejus
2554 4987 2642 5056 qui
2666 4983 2835 5060 dicit}
2870 4983 3034 5060 Filios
3064 4989 3218 5060 genui
3243 4999 3290 5042 et
3315 4989 3460 5042 exal‘

1849 5059 1971 5130 tavi,
1992 5059 2090 5125 ipsi
2109 5067 2587 5130 autemspreverunt
2607 5074 2687 5130 tuo
2705 5056 2857 5125 (Isai.
2881 5059 2930 5112 l.
2947 5057 3026 5130 Ξ).
3047 5056 3348 5115 Chattanzna
3368 5074 3463 5113 ca-

1849 5128 1930 5182 nis
1955 5139 2208 5199 vocatur,
2227 5139 2281 5184 et
2297 5126 2418 5184 eum
2441 5128 2609 5199 gratia
2637 5126 2739 5183 fert
2761 5126 3164 5185 contumeliam.
3189 5130 3460 5186 Caeterum

1848 5208 1976 5268 puto
1996 5194 2538 5265 etcredo,ChristIun
2565 5194 2618 5253 in
2645 5201 2744 5256 hac
2773 5201 3094 5256 contumelia
3128 5200 3458 5257 benevolen-

1847 5270 1933 5322 tia:
1957 5270 2245 5341 imaginem
2262 5271 2533 5340 'p05uisse,
2559 5286 2754 5340 nempe
2777 5273 3248 5338 canem,animalis
3267 5272 3456 5341 hujus-

1844 5354 1906 5414 ce
1937 5340 2366 5414 benevolentiam
2423 5343 2763 5410 exprimens.
2813 5344 2974 5397 Canis
3023 5345 3187 5398 millia
3217 5340 3411 5414 passus
3440 5385 3456 5410 ,

1843 5411 1912 5464 ab
1942 5411 2057 5466 lteri
2087 5412 2169 5465 sui
2223 5410 2430 5467 aedibus
2462 5428 2567 5466 non
2613 5413 2889 5478 abscedit;
2925 5417 3074 5469 canis
3104 5410 3235 5470 cuni
3265 5414 3455 5470 lterum

1841 5482 2180 5550 gradientem
2216 5482 2392 5546 videt,
2427 5491 2610 5549 tacet,
2643 5501 2763 5539 cum
2797 5485 3128 5541 domesticos
3158 5500 3346 5541 servos
3377 5487 3455 5537 vi-

1841 5553 1928 5607 det
1961 5595 1975 5618 ,
2007 5554 2266 5626 quiescit;
2313 5570 2438 5626 cum
2468 5564 2760 5610 extraneos
2804 5556 2970 5620 videt,
3000 5561 3305 5626 exagitatur
3329 5596 3344 5619 ,
3379 5556 3453 5610 la-

1845 5633 1943 5676 trat
1969 5665 1981 5684 ,
2017 5640 2123 5677 non
2153 5624 2415 5693 quiescit,
2463 5627 2672 5681 nullum
2720 5627 2956 5681 alienum
3003 5624 3248 5696 respicit.
3277 5627 3450 5682 Judaei

1843 5709 1970 5766 vero
1992 5695 2267 5762 quomodo
2289 5707 2574 5751 sexcentas
2596 5707 2782 5752 contra
2811 5699 2978 5752 Deum
3001 5695 3174 5753 emitti
3199 5696 3450 5766 blasphe-

1841 5765 1977 5819 mias
2002 5767 2325 5830 vident,-ucc
2349 5769 2665 5822 moventur?
2694 5769 2821 5823 Vide
2842 5768 3208 5825 Christianum
3228 5765 3454 5823 audien-

1840 5846 1947 5891 tem
1973 5835 2281 5891 ltmretieam
2307 5837 2696 5908 blasphemiam
2730 5851 2822 5894 aut
2853 5842 3016 5895 alium
3039 5857 3305 5902 errorem,
3340 5851 3454 5893 sta-

1841 5909 2044 5974 timlue
2101 5910 2415 5969 turbatum,
2473 5909 2800 5975 latrantem,
2863 5922 3050 5967 contra
3105 5913 3455 5968 adversarios

1839 5980 2181 6035 clamantem.
2212 5980 2326 6034 Non
2369 5981 2471 6036 fert
2511 5981 2844 6038 Christianus
2886 5988 3115 6038 alirnam
3154 5983 3339 6040 videre
3370 5986 3449 6038 [δια

2973 6070 3048 6137 ιι
