4050 6496
225 453 328 514 θοι

226 582 324 639 nos
350 582 380 617 a
404 563 760 639 constitutione
782 563 956 639 mundi
979 562 1154 625 (Rom.
1180 562 1234 639 8A.
1255 561 1344 616 29.
1372 568 1417 613 et
1439 557 1638 639 Ephcs.
1661 559 1684 612 l
1735 555 1827 628 4)?

224 635 514 691 Jerentiatn
544 636 613 688 ab
643 645 795 710 utero
821 635 986 697 norit,
1019 634 1290 710 apostolos
1304 641 1428 710 ante
1458 629 1640 710 mundi
1666 643 1787 710 crea
1807 657 1820 668 -

225 708 432 761 tionem
487 705 772 773 prtescivit.
821 720 920 760 nec
968 700 1127 760 modo
1179 703 1466 772 praseivit,
1514 700 1606 754 sed
1659 700 1818 773 etiam

223 772 522 853 praeelegit.
557 774 844 853 Videamus
870 791 999 853 ergo
1026 792 1093 830 an
1121 773 1450 853 pur-scientia
1471 783 1720 853 naturam
1746 772 1821 824 fe.

222 845 378 901 cerit.
401 846 453 900 Si
472 847 661 902 electio
685 847 1047 922 apostolorum
1066 855 1189 900 ante
1209 845 1820 922 constitutionemuum-

222 919 302 981 di,
331 918 551 993 justiti_:_e
582 926 823 993 naturam
834 917 1048 993 effecit,
1082 932 1187 993 non
1217 925 1411 993 autem
1429 917 1684 982 propositi
1715 917 1820 993 vir-'-

221 998 342 1048 tus;
373 1003 472 1044 ciu-
498 989 553 1049 ii,
584 990 672 1055 qui
703 987 969 1055 publicani
994 988 1150 1042 futuri
1177 986 1613 1056 praesciebantur,
1645 986 1814 1056 vocati

219 1059 384 1112 sunt?
407 1075 503 1113 cur
533 1052 1144 1134 _Paulu's_pers_eqttitur?
1170 1052 1265 1134 cur
1291 1056 1604 1134 meretrices
1633 1052 1698 1134 ad
1728 1065 1816 1107 re-

218 1144 388 1197 gnum
426 1127 711 1183 festinant?
737 1128 793 1182 Si
823 1129 966 1184 enim
1008 1128 1307 1197 praescitum
1338 1126 1437 1179 fuit
1474 1126 1812 1197 meretricem

218 1195 389 1269 regno
415 1199 629 1265 dignam
679 1197 812 1264 fore.
844 1215 942 1254 cur
986 1195 1238 1254 meretrix
1284 1197 1416 1250 fuit?
1459 1197 1502 1249 si
1551 1195 1816 1263 prmscii'it

217 1269 443 1346 Paulum
478 1269 638 1346 Deus,
655 1283 770 1346 .cur
798 1271 1130 1346 praescientia
1175 1279 1417 1323 naturam
1455 1281 1561 1346 non
1595 1277 1810 1346 operata

214 1341 336 1393 est?
364 1357 460 1395 cur
489 1340 554 1401 is,
579 1339 667 1408 qui
699 1337 974 1409 praiscitus
997 1341 1168 1395 fuerat
1195 1350 1321 1393 ante
1347 1337 1528 1391 mundi
1555 1337 1813 1409 constitu-

214 1411 440 1472 tionem,
458 1407 802 1480 blasphemus
825 1411 941 1475 fuit,
977 1420 1348 1481 persequuntur.
1364 1407 1812 1481 εοιιιιιιιιειίυξιιδῖ

215 1481 408 1538 V'iden'
438 1479 962 1560 praiseientiamuon
989 1479 1236 1560 naturam
1268 1484 1463 1560 facere,
1497 1479 1813 1560 seds'olun-

213 1555 341 1605 tatis
381 1553 651 1621 proposita
685 1553 1012 1620 prarvidere?
1056 1554 1108 1607 Si
1161 1551 1491 1618 praescientia
1527 1551 1648 1603 fecit
1675 1563 1809 1616 apo-

211 1624 432 1686 stolum,
464 1639 561 1677 cur
588 1622 867 1679 Matthteus
919 1623 1256 1692 publicanum
1287 1621 1434 1692 agit?
1464 1621 1806 1692 Ptthlicanum

209 1709 394 1758 agere,
421 1703 502 1746 est
532 1694 865 1748 idololatram
889 1691 1008 1748 eSse
1029 1712 1042 1746 :
1066 1693 1195 1748 dicit
1220 1691 1363 1747 enim
1387 1692 1675 1746 SerVator:
1699 1691 1808 1744 Erit

209 1765 305 1816 tibi
334 1775 387 1818 ut
418 1764 736 1834 publicanus,
775 1775 862 1817 aut
890 1775 943 1818 ut
968 1767 1195 1819 ethnicus
1223 1763 1437 1834 (Matth.
1465 1763 1548 1817 18.
1580 1761 1688 1834 l7).
1719 1763 1807 1817 Sic

209 1849 396 1904 parem
420 1831 737 1890 idololatrias
762 1836 1030 1904 publicani
1053 1831 1271 1903 operam
1303 1835 1561 1888 definivit.
1589 1831 1644 1888 Si
1677 1848 1806 1904 ergo

209 1903 492 1986 praiscitus
532 1907 629 1986 fuit
679 1903 980 1986 Mattlimtts.
1035 1922 1133 1960 cur
1177 1903 1806 1986 prmscieutiauiondeeit

207 1976 359 2036 illum
390 1978 713 2045 apostolum,
745 1976 838 2030 sed
879 1977 1128 2033 voluntas
1165 1978 1230 2030 ad
1257 1976 1616 2032 obedientiam
1649 1976 1804 2028 incli-

208 2046 389 2101 navit?
417 2047 601 2100 Hahab
617 2055 825 2104 servata
849 2060 901 2102 et
922 2063 1046 2107 cum
1067 2048 1310 2107 fidelibus
1334 2055 1679 2105 annumerata
1701 2056 1801 2101 est.

203 2118 340 2171 Sine
369 2117 533 2193 dubio
562 2119 704 2172 illam
753 2133 972 2193 quoque
1010 2119 1327 2193 prmsciebat
1352 2118 1512 2173 Deus.
1542 2115 1652 2171 Cur
1680 2132 1802 2170 eum

204 2189 566 2258 prmsciretur,
613 2189 789 2247 tamen
839 2189 1095 2245 fornicata
1139 2191 1256 2243 est?
1299 2205 1395 2244 cur
1423 2204 1485 2242 ea
1517 2203 1634 2258 qua:
1663 2203 1802 2258 prte-

199 2258 342 2312 scita
372 2257 466 2312 fuit
507 2259 814 2328 margarita,
851 2260 901 2313 in
934 2261 1044 2316 luto
1069 2260 1220 2314 erat?
1246 2260 1372 2314 llzcc
1404 2257 1600 2327 ubique
1629 2257 1799 2324 vides,

203 2329 440 2383 mediam
470 2340 735 2394 naturam,
760 2332 1087 2386 voluntatem
1119 2346 1249 2385 vero
1273 2331 1381 2384 Deo
1405 2329 1727 2398 przeseitant,
1747 2338 1803 2384 et

202 2399 258 2453 in
291 2400 413 2454 vita:
440 2401 668 2454 decursu
694 2410 1064 2470 apparentem.
1099 2401 1352 2456 Prtevidit
1380 2402 1518 2456 Deus
1546 2400 1688 2470 quod
1714 2400 1799 2454 fu~

201 2479 385 2524 turum
408 2481 542 2535 erat,
566 2481 622 2526 et
649 2472 852 2526 fructus
871 2474 991 2526 vitae
1019 2473 1242 2526 instituti
1274 2481 1432 2527 notus
1460 2471 1573 2524 fuit.
1603 2473 1644 2524 A
1670 2486 1799 2528 voce

201 2540 354 2614 Pauli
383 2541 704 2596 solutionem
735 2543 952 2612 accipe:
981 2544 1117 2609 Quos
1148 2544 1418 2614 praescirit,
1462 2553 1506 2596 et
1534 2544 1800 2611 prcedesti-

201 2613 378 2676 navit;
411 2628 535 2681 quos
583 2614 981 2683 prwdestinavit,
1031 2613 1179 2667 etiam
1209 2615 1442 2675 vocavit;
1479 2629 1605 2683 quos
1635 2625 1800 2667 autent

203 2683 415 2744 locavit,
446 2683 538 2738 hos
565 2695 611 2738 et
626 2685 932 2756 jnsti/icavit
953 2685 1137 2756 (Rom.
1163 2685 1214 2739 8.
1244 2685 1335 2741 29.
1360 2683 1471 2756 30).
1493 2684 1602 2737 Cur
1628 2683 1800 2741 Judas

199 2763 446 2817 vocatus,
477 2771 582 2808 non
605 2755 929 2823 juslillcatus
956 2755 1074 2809 est?
1107 2755 1248 2822 Quos
1291 2755 1541 2826 prwscioit
1583 2765 1630 2807 et
1661 2773 1797 2826 prae-

199 2826 488 2896 destinavit.
525 2826 617 2879 hos
642 2828 794 2879 etiam
821 2830 1032 2881 vocavit.
1080 2827 1195 2881 Non
1237 2836 1320 2881 est
1362 2841 1492 2896 ergo
1522 2826 1798 2894 propheta:

199 2895 577 2964 pra-rogativa,
607 2896 748 2965 quod
780 2898 846 2950 ab
871 2909 1021 2952 utero
1053 2908 1209 2951 notus
1237 2897 1415 2964 fuerit,
1434 2895 1659 2965 quando
1680 2913 1794 2962 eos,

197 2966 291 3035 qui
320 2977 443 3019 ante
471 2968 667 3021 smcula
711 2968 866 3021 electi
893 2977 1036 3031 sunt,
1071 2983 1174 3022 n0u
1209 2981 1397 3023 natura
1441 2978 1662 3035 sequuta
1693 2981 1792 3033 ρει,

197 3036 297 3108 sed
336 3037 578 3092 voluntas
621 3039 1013 3108 prazscientiam
1057 3041 1333 3093 testificata
1377 3049 1477 3094 est.
1512 3039 1796 3094 Ostensum

197 3107 363 3178 igitur
406 3117 508 3172 est,
559 3124 664 3162 non
721 3120 965 3163 naturam
1022 3111 1411 3177 prmscientiam
1457 3109 1660 3172 facere;
1697 3113 1796 3166 nisi

195 3180 322 3246 quis
351 3179 574 3234 omnino
599 3181 966 3234 contentiosus
998 3183 1086 3244 sit,
1113 3191 1164 3234 et
1185 3192 1370 3236 contra
1393 3182 1670 3235 veritatem
1693 3185 1794 3236 im-

195 3249 465 3319 pudenter
496 3251 755 3319 insurgat.
788 3251 897 3305 Cur
926 3262 1103 3306 autem
1147 3252 1197 3305 in
1228 3251 1563 3307 Pharaonem
1591 3267 1809 3306 sermo.

199 3335 326 3380 nem
356 3322 657 3376 convertit?
677 3322 809 3389 Quia
838 3322 1036 3376 dictmu
1069 3322 1241 3380 fuerat
1266 3322 1562 3378 Pharaoni:
1594 3321 1661 3376 In
1700 3327 1797 3380 hoc

193 3391 366 3458 ipsum
388 3392 626 3446 suscitari
652 3403 719 3457 te,
749 3402 801 3445 ut
828 3394 1140 3446 ostenderem
1167 3395 1217 3446 in
1250 3403 1297 3446 te
1337 3395 1565 3448 virtutem
1607 3411 1792 3463 meam,

192 3473 244 3514 ct
267 3464 658 3533 annuntiaretur
678 3480 860 3517 nomen
889 3481 1053 3516 nteum
1084 3465 1135 3516 in
1174 3466 1408 3521 universa
1448 3476 1580 3517 terra
1612 3465 1791 3533 (Rom.

194 3533 249 3586 9.
285 3533 394 3602 l7).
427 3532 495 3588 Ut
535 3543 677 3587 tuam
730 3535 980 3588 ostendas
1028 3536 1298 3601 virtutem,
1334 3532 1797 3590 Ιιοιιιιηειιιοιιδιί-

193 3604 324 3672 gas?
357 3613 410 3655 ut
441 3604 697 3658 exhibeas
729 3606 1016 3672 potentiam
1043 3615 1206 3669 tuam,
1234 3606 1494 3659 insontem
1525 3606 1592 3660 de
1619 3608 1795 3663 medio

195 3673 376 3728 tollis?
404 3674 457 3728 Si
492 3677 681 3729 noxius
711 3677 800 3740 sit,
835 3677 1166 3744 reprehemle
1194 3678 1368 3742 illum;
1395 3680 1476 3734 sin
1505 3679 1705 3739 insons,
1729 3695 1795 3735 ne

192 3758 440 3805 accuses.
475 3746 610 3810 Quid
643 3747 741 3800 sibi
772 3746 884 3800 vult
908 3747 1060 3811 illud,
1096 3747 1163 3802 Ut
1189 3748 1452 3800 ostendam
1479 3749 1530 3802 in
1560 3758 1606 3800 te
1628 3751 1792 3802 virtu-

192 3825 295 3868 tem
327 3818 527 3869 meam?
557 3816 680 3870 Mihi
709 3817 944 3870 animum
967 3818 1195 3872 adhibe:
1222 3827 1340 3872 utar
1363 3819 1611 3884 exemplo
1631 3830 1684 3873 et
1707 3837 1794 3876 ve-

196 3887 296 3939 teri
325 3895 377 3940 et
403 3901 551 3940 vero.
586 3889 688 3948 Ars
715 3888 919 3942 medica
947 3904 1067 3942 cmn
1103 3889 1170 3944 ab
1194 3890 1343 3943 initio
1373 3889 1528 3943 vellet
1554 3899 1607 3944 et
1637 3903 1793 3946 natu-

193 3971 310 4027 rain
333 3966 388 4010 et
410 3957 611 4019 viscera
637 3958 868 4012 hominis
890 3961 1195 4027 explorare,
1223 3960 1551 4014 sectionibus
1569 3971 1648 4014 est
1674 3978 1790 4027 usa,

193 4038 248 4100 et
269 4026 507 4100 viventes
526 4028 766 4100 homines
784 4026 1059 4094 dissecuit,
1081 4042 1137 4084 ut
1161 4031 1281 4084 aliis
1309 4031 1627 4085 medicinam
1654 4026 1790 4100 prae-4

193 4097 366 4152 beret.
399 4099 466 4161 At
497 4098 621 4163 illud
651 4108 798 4160 certe
828 4101 1064 4167 iniquum
1097 4111 1230 4166 erat,
1260 4102 1324 4155 ad
1371 4103 1595 4156 aliorum
1645 4097 1792 4158 Salu-

194 4175 313 4243 tctu
334 4168 468 4243 alios
490 4171 737 4243 Aviventes
766 4180 1020 4230 "iactare.
1044 4170 1182 4238 Quid
1213 4189 1341 4243 ergo
1370 4173 1616 4227 fecerunt
1642 4183 1791 4229 vetc-

193 4239 317 4292 res?
347 4239 500 4294 Morti
544 4241 869 4303 destinatum
915 4243 984 4296 ob
1031 4243 1250 4308 furtum,
1278 4239 1394 4298 'aut
1442 4245 1788 4312 adulterium,

190 4319 288 4381 aut
335 4312 673 4375 veneficium,
698 4313 875 4368 vivum
909 4312 1302 4375 dis<ecucrunt,
1335 4325 1386 4367 et
1414 4315 1530 4368 sine
1578 4316 1788 4381 injustiv

194 4380 267 4432 tia
311 4395 438 4450 erga
490 4398 634 4446 eum,
688 4383 778 4452 qui
829 4384 1090 4452 supplicio
1138 4385 1490 4448 alficichatur,
1547 4380 1792 4441 humana:

192 4459 399 4509 natura:
424 4467 584 4524 opem
618 4453 880 4524 ferebant.
907 4454 1042 4508 Eum
1074 4456 1238 4523 enim,
1264 4457 1351 4524 qui
1379 4455 1642 4514 sei-lerunt
1664 4473 1789 4514 cau-

191 4536 251 4575 sa
284 4522 547 4590 supplicio
575 4522 929 4589 afliciebatur,
979 4525 1158 4582 vivum
1202 4522 1587 4586 dis—secabant:
1624 4538 1680 4586 ιιι
1710 4529 1790 4583 vi-

191 4591 436 4665 sceribus
463 4595 755 4648 etiamnum
795 4596 1008 4665 agitatis
1051 4612 1240 4652 eorum
1289 4607 1532 4659 naturam
1581 4600 1788 4653 edisce-

192 4671 332 4716 rent.
366 4663 507 4718 Deus
534 4665 710 4731 itaque
753 4676 809 4720 ut
834 4663 1287 4732 sapientissimus
1323 4669 1559 4723 medicus
1599 4671 1792 4734 (medi-

190 4747 291 4809 cus
317 4748 545 4801 namque
583 4736 736 4809 estis
778 4737 864 4805 qui
896 4738 1053 4790 dicit:
1081 4737 1203 4791 Non
1240 4740 1350 4792 veni
1390 4757 1564 4794 vocare
1596 4743 1787 4809 justas,

188 4802 283 4883 sed
305 4813 594 4883 peccatores
625 4807 692 4858 ad
722 4802 1105 4883 paenitentiam;
1151 4819 1224 4883 et,
1276 4810 1419 4883 Non
1441 4822 1512 4865 est
1543 4802 1670 4883 opus
1701 4802 1788 4866 va;

192 4873 408 4953 {cutibus
437 4878 684 4953 medicus,
716 4873 804 4930 sed
831 4880 974 4953 male
994 4873 1290 4953 habentibus
1343 4880 1420 4953 [Μ
1429 4873 1656 4937 αιιΙι.”9.
1699 4885 1785 4947 13,

191 4943 322 5023 ἰῇ)
354 4946 546 5023 accipit
576 4947 930 5023 Pharaonem,
957 4950 1066 5019 jam
1095 4952 1239 5006 inille
1271 4943 1543 5023 suppliciis
1572 4943 1790 5021 dignuni

188 5017 280 5094 ob.
310 5018 515 5070 scelera
547 5034 639 5094 sua
669 5035 681 5071 :
716 5020 897 5094 multis
928 5017 1069 5094 enim
1102 5017 1511 5076 obnoxius'erat
1551 5017 1785 5094 flagitiis.

190 5086 431 5160 Primum
460 5089 636 5142 scelus
662 5101 777 5160 erat
819 5090 1146 5157 blasphemia
1175 5132 1189 5158 ,
1222 5094 1361 5160 quod
1388 5086 1648 5160 dixisset:
1670 5093 1791 5154 Non

189 5157 305 5233 nari
339 5155 630 5233 Dominum.
662 5155 993 5233 Blaspliemia
1018 5173 1132 5218 erat
1155 5155 1472 5233 principium
1503 5155 1786 5220 malorum.

187 5227 538 5306 Scottndum‘,
569 5227 872 5306 immanitas
903 5246 1026 5306 erga
1063 5227 1350 5302 populum,
1389 5238 1528 5306 quod
1563 5237 1787 5293 liberum

189 5311 362 5378 genus
387 5301 627 5378 servituti
673 5311 726 5355 et
768 5301 996 5378 laterito
1037 5301 1183 5373 Operi
1235 5301 1540 5365 tradidisset
1590 5306 1783 5378 (Exod.

190 5367 360 5443 5.
394 5369 636 5443 Tertium
663 5411 677 5435 ,
725 5372 869 5439 quod
905 5367 1218 5429 innocentes
1253 5394 1448 5443 pueros
1489 5379 1538 5431 iu
1569 5367 1789 5434 [lumine

191 5437 508 5494 sull'ucaret.
564 5437 857 5508 Quartum,
914 5446 1056 5512 quod
1109 5437 1453 5514 prtedicatum
1502 5450 1785 5504 Dominum

191 5523 302 5572 non
334 5522 700 5588 revereretur.
733 5514 988 5588 Quintum
1016 5556 1028 5576 .
1059 5517 1198 5584 quod
1253 5521 1505 5574 miracula
1550 5522 1738 5574 videns
1769 5565 1786 5588 ,

189 5590 378 5656 contra
408 5583 656 5650 pietatem
689 5583 1026 5656 impudenter
1051 5583 1250 5656 ageret.
1287 5589 1464 5645 Multis
1494 5583 1786 5648 obuosiuui

110 5654 116 5658 ’
189 5648 722 5774 ﬂagitiisassumens
749 5648 890 5708 Deus
911 5696 924 5721 ,
955 5665 1011 5709 ut
1049 5648 1282 5726 optimus
1313 5663 1552 5716 medicus
1573 5704 1588 5726 ,
1621 5666 1773 5718 aura-

191 5737 260 5774 cu
288 5735 330 5774 ts
357 5722 648 5774 dissecuit:
695 5739 800 5774 Imn
833 5728 1001 5774 semel
1052 5731 1324 5774 nlncleng-
1371 5742 1427 5774 nl
1474 5733 1737 5774 Mt‘idm-nt
1772 5755 1773 5760 η

191 5722 330 5774 culis
357 5722 800 5799 dissecuittunon
833 5728 1002 5781 semel
1052 5722 1329 5799 plectens,
1371 5742 1428 5786 ut
1474 5722 1783 5799 occideret;

192 5807 300 5846 non
335 5801 478 5869 enim
507 5795 597 5862 qui
627 5795 898 5869 dissecant
926 5795 1207 5854 confestim
1235 5795 1504 5869 occidunt,
1541 5807 1633 5860 sed
1658 5795 1784 5860 dum

191 5863 677 5944 membra-secant,
713 5868 859 5944 lente
882 5880 1064 5944 agunt,
1087 5881 1156 5944 ut
1184 5873 1420 5944 undique
1449 5863 1552 5930 vini
1583 5889 1786 5932 naturae

191 5944 525 6006 exploratam
550 5937 804 5994 habeant.
828 5938 1054 6012 Subjicit
1082 5943 1230 5998 illum
1258 5937 1425 6016 ranis,
1463 5959 1632 6004 armat
1657 5965 1785 6004 cou-

1099 448 1164 504 ΙΝ
1201 444 1646 503 (ΞΙΙΑΝᾹΝΕΑΜ
1692 444 1777 498 ΕΤ
1817 441 1881 498 IN
1923 441 2369 514 PIIARAONEM,
2410 443 2566 502 ETC.

1938 563 2017 610 tra
2049 555 2196 609 illum
2225 563 2511 612 extraneas
2539 556 2780 627 legiones
2803 597 2819 620 .
2848 557 3086 625 legiones
3123 573 3414 624 ranarum,
3445 560 3530 615 lo-

1931 635 2240 697 custarum,
2289 637 2343 681 ut
2394 627 2667 697 ingentem
2713 629 3008 696 potentiam
3057 645 3210 685 suam
3255 632 3526 686 ostendat.

1928 695 2044 750 Non
2085 699 2228 752 misit
2271 695 2522 767 angelum
2553 697 2622 753 de
2645 695 2809 763 crelo,
2847 714 2953 753 non
2993 699 3212 754 ordines
3264 701 3530 758 Cherubi-

1927 782 2118 840 norum
2141 811 2154 832 ,
2190 783 2296 822 non
2335 769 2499 823 mittit
2541 768 2870 840 Seraphinos
2899 779 3085 825 contra
3130 772 3395 837 rebelles;
3426 773 3523 830 sed

1925 838 2218 912 ostendens
2241 840 2534 912 potentiam
2553 838 2724 904 suam,
2743 841 3216 912 apparatlegiones
3231 858 3482 897 ranarum
3506 863 3520 898 :

1924 909 2148 964 aderant
2179 911 2450 965 exercitus
2498 909 2858 976 locustarum,
2894 909 3247 975 nullo’duce;
3281 914 3374 968 sed
3426 915 3520 970 Dei

1919 978 2074 1044 ju~su
2117 980 2470 1037 ducebantur.
2509 982 2742 1037 Exibant
2769 998 2834 1038 ex
2886 980 3110 1038 ﬂumine
3156 999 3301 1037 ramc
3330 995 3518 1039 contra

1925 1051 2014 1103 Dei
2040 1051 2403 1106 adversarium
2434 1065 2784 1121 pugnaturm:
2819 1054 3102 1108 veniebant
3132 1054 3353 1108 locusta:
3375 1097 3390 1120 ,
3425 1071 3516 1108 ra-

1924 1121 2122 1175 tiocinii
2148 1123 2353 1190 judicio
2397 1139 2503 1178 non
2534 1125 2850 1188 instruens,
2895 1125 2989 1178 sed
3033 1126 3370 1180 Duminieum
3414 1126 3517 1180 im-

1923 1191 2129 1266 pientes
2175 1203 2519 1266 praeceptum.
2577 1196 2925 1261 lnsurgcbaut
2954 1197 3227 1265 sciniphes
3255 1208 3310 1250 et
3351 1211 3518 1266 cyno~

1921 1263 2078 1334 inyia:
2124 1282 2137 1318 :
2183 1280 2246 1319 ac
2277 1265 2440 1318 inulta
2475 1281 2610 1319 nova
2641 1276 2826 1320 contra
2879 1266 3052 1334 ipsum
3097 1263 3210 1321 edit
3258 1263 3515 1322 miracula

1923 1333 2061 1387 Deus
2081 1375 2096 1398 ,
2125 1335 2241 1403 ejus
2264 1336 2497 1407 animam
2523 1337 2801 1391 dissecans
2829 1347 2882 1390 et
2902 1333 3145 1407 probans
3171 1353 3184 1394 :
3217 1338 3336 1404 ejus
3365 1353 3516 1391 meu-

1920 1413 2022 1477 t_cm
2046 1407 2204 1477 variis
2225 1407 2396 1460 modis
2423 1406 2583 1477 impie
2603 1418 2872 1476 agentem,
2889 1406 3047 1462 variis
3073 1410 3296 1475 puniens
3319 1409 3511 1466 modis.

1919 1472 1986 1529 Et
2007 1485 2062 1528 ut
2083 1476 2261 1548 discas
2283 1477 2424 1545 quod
2451 1472 2592 1532 Deus
2614 1472 2734 1533 ideo
2766 1480 2914 1533 illum
2941 1495 3034 1548 per
3057 1472 3236 1548 partes
3258 1480 3509 1544 dlssecet,

1914 1555 1968 1598 et
1999 1561 2103 1619 non
2129 1545 2411 1602 confestim
2435 1549 2638 1616 puniat,
2664 1560 2720 1603 ut
2752 1565 2845 1619 per
2878 1545 3332 1618 ipsum'virtutem
3358 1566 3510 1604 suam

1914 1618 2196 1691 ostendat;
2227 1619 2353 1673 dicit
2381 1621 2528 1673 omni
2557 1618 2760 1675 virtute
2787 1622 2973 1691 plenus
2999 1621 3292 1690 Sapientia:
3321 1621 3457 1676 liber
3493 1639 3507 1675 :

1915 1686 2037 1740 Non
2064 1689 2198 1741 enim
2227 1691 2428 1744 carebat
2458 1692 2682 1759 potentia
2723 1686 3041 1760 omnipotens
3078 1686 3270 1745 manus
3313 1702 3399 1745 tua
3420 1734 3433 1752 .
3463 1701 3510 1748 et

1910 1774 2024 1832 ante
2049 1761 2292 1832 mundum
2324 1773 2612 1825 creaverat,
2667 1773 2828 1832 atque
2869 1763 3254 1832 investigabilis
3298 1763 3511 1831 sapien-

1914 1829 1984 1882 tia
2003 1872 2018 1894 ,
2049 1841 2103 1883 ut
2132 1831 2358 1902 injiceret
2385 1833 2436 1886 in
2460 1849 2543 1886 cos
2569 1829 2759 1902 feroces
2800 1835 3008 1900 leones;
3039 1829 3125 1886 aut
3151 1851 3326 1887 recens
3365 1829 3509 1888 crea-

1911 1910 1987 1952 tas
2028 1903 2203 1974 furore
2243 1903 2418 1970 plenas
2447 1905 2647 1974 ignotas
2678 1909 2812 1973 feras
2841 1904 2998 1973 (Sap.
3034 1906 3121 1959 Η.
3144 1905 3229 1959 18.
3261 1906 3374 1974 l9).
3403 1904 3508 1962 Sed

1910 1974 2089 2045 omnia
2123 1972 2248 2045 fecit
2293 1972 2583 2045 ostendens
2627 1972 2954 2045 patientiam
2988 1990 3164 2029 suam.
3219 1972 3343 2030 ldco
3374 1975 3506 2031 dicit

1912 2042 2092 2121 Deus}.
2129 2042 2194 2121 U_t
2219 2044 2464 2121 en_urretis
2492 2042 3219 2121 [iliisﬁliorunuaestroruin,
3251 2063 3504 2121 quacum-

1908 2128 2015 2186 que
2034 2112 2174 2167 illusi
2222 2113 2484 2186 zEgyptiis
2515 2112 2710 2184 (Exod.
2745 2116 2828 2171 l0.
2873 2116 2954 2186 2).
3005 2112 3336 2172 Pbaraouém
3372 2134 3509 2186 ergo

1910 2185 2056 2257 mille
2088 2185 2364 2254 suppliciis
2397 2188 2615 2256 dignum
2659 2189 2812 2257 punit
2843 2185 2980 2242 Deus
3005 2228 3019 2252 ,
3050 2198 3104 2242 ct
3127 2188 3256 2242 dicit
3284 2189 3356 2243 illi
3389 2206 3402 2242 :
3439 2185 3506 2245 In

1907 2253 2003 2306 hoc
2042 2253 2208 2324 ipsum
2255 2253 2495 2310 suscitnoi
2517 2269 2592 2323 te,
2621 2253 2676 2312 ut
2716 2259 3027 2313 ostenderem
3057 2261 3109 2312 in
3149 2270 3196 2314 te
3232 2261 3507 2328 potentiam

1885 2341 2070 2377 meam
2093 2367 2108 2393 ,
2138 2338 2184 2379 et
2211 2330 2601 2382 unnuntiaretur
2625 2347 2808 2383 nomen
2838 2346 3004 2382 meum
3025 2331 3078 2384 in
3101 2332 3336 2386 universa
3366 2343 3503 2387 terra

1909 2394 2086 2472 (fiam.
2210 2399 2300 2466 l7)
2331 2417 2344 2451 :
2379 2410 2434 2452 ut
2477 2415 2571 2468 per
2601 2413 2649 2455 te
2678 2401 2812 2454 alios
2839 2401 3168 2454 lucrifaciam
3196 2442 3211 2467 ,
3243 2411 3299 2456 ut
3327 2418 3423 2472 per
3455 2414 3507 2460 te

1906 2467 2041 2522 alios
2087 2468 2152 2522 ad
2203 2485 2388 2523 sanam
2426 2467 2671 2540 mentem
2707 2487 2953 2526 revocent
2981 2513 2995 2538 ,
3031 2481 3086 2526 ut
3117 2487 3212 2540 per
3263 2467 3502 2529 tc'alios

1905 2539 2185 2613 castigem.
2231 2541 2292 2594 Et
2321 2551 2378 2594 ιιι
2404 2539 2580 2595 discas
2603 2583 2616 2599 .
2649 2552 2910 2612 quantum
2943 2543 3066 2596 aliis
3099 2539 3356 2611 profuerit
3385 2543 3504 2613 eius

1905 2607 2194 2684 dissectio,
2243 2615 2349 2665 vim
2393 2607 2687 2684 Scriptura}
2735 2615 2939 2681 accipe.
2995 2607 3167 2682 Rapta
3215 2607 3504 2684 aliquando

1905 2681 2004 2736 fuit
2037 2681 2131 2734 Dei
2163 2697 2284 2734 arca
2309 2685 2376 2736 ab
2406 2681 2742 2752 alienigenis.
2768 2696 2821 2738 ct
2848 2681 3106 2740 venerunt
3139 2695 3288 2740 vates
3308 2681 3503 2742 omnes

1905 2767 1966 2805 ac
1998 2752 2424 2826 falsi_prophcta:
2450 2796 2466 2818 ,
2499 2755 2860 2823 dici-hantque
2913 2758 3130 2826 regibus
3177 2757 3505 2826 alienigena-

1906 2773 1966 2805 ac
1998 2773 2114 2806 nus:
2150 2773 2424 2822 proprieta:
2450 2796 2466 2818 ,
2499 2773 2860 2823 uici-nanuue
2913 2773 2970 2811 re
3011 2773 3130 2810 tuus
3177 2773 3503 2826 alienigena-

1906 2838 2022 2876 rum
2063 2841 2074 2875 :
2107 2821 2416 2879 Emittamus
2459 2843 2632 2896 arcam
2680 2826 2772 2880 Dei
2820 2773 3042 2881 lsraefn
3081 2827 3258 2892 nobis,
3289 2844 3402 2896 qua:
3429 2840 3503 2883 est

1904 2911 2082 2969 manus
2110 2896 2388 2969 cjusfortis
2431 2898 2504 2966 (Ι.
2535 2895 2658 2967 Reg.
2690 2898 2828 2969 5.747.
2859 2913 2904 2953 et
2933 2900 2989 2953 8.
3023 2911 3069 2954 et
3096 2897 3149 2953 6.
3185 2899 3218 2954 6
3300 2895 3499 2956 Νεεοί·

1906 2965 1970 3018 tis
2005 2976 2198 3042 quanta
2225 2965 2411 3020 fecerit
2440 2965 2696 3042 Dominus
2718 2967 3157 3042 AigyptiishCur
3187 2965 3501 3027 induramus

1903 3036 2066 3112 corda
2099 3048 2279 3090 nostra
2303 3078 2317 3100 ,
2353 3047 2416 3112 ut
2439 3039 2708 3093 induravit
2743 3036 2992 3095 Pharao?
3022 3040 3067 3096 Ο
3102 3041 3324 3110 probam
3363 3058 3499 3112 gen-

1904 3108 2072 3160 tilium
2103 3109 2370 3167 mentem!
2401 3109 2666 3182 [ievcrcre
2698 3121 2752 3165 tu
2774 3152 2789 3177 ,
2816 3112 2906 3182 qui
2929 3108 3282 3174 contradicis.
3311 3108 3499 3168 alieni-

1901 3193 2160 3254 genarum
2188 3195 2370 3234 Voces.
2402 3180 2478 3235 Nc
2507 3180 2850 3254 induremus,
2884 3182 3134 3238 dicebant
3161 3184 3497 3254 alienigenae,

1902 3249 2062 3326 corda
2095 3261 2274 3326 nostra
2300 3265 2403 3326 ,_t_t_t
2432 3253 2697 3307 induravit
2743 3253 2887 3326 Deus
2917 3269 3010 3326 cor
3037 3249 3356 3310 Pharaonis:
3392 3254 3498 3326 Ipsi

1902 3319 2166 3375 Pharaoni
2196 3322 2563 3390 stupiditatem
2591 3339 2743 3379 suam
2775 3324 3174 3378 adscribebant.
3205 3327 3313 3381 Cur
3342 3319 3498 3383 indu-

1901 3407 2084 3446 retnus
2107 3392 2270 3446 corda
2304 3403 2484 3448 nostra
2509 3434 2524 3460 ,
2571 3397 2710 3449 sicut
2739 3395 3009 3449 induravit
3039 3397 3288 3450 Pharao?
3315 3413 3495 3452 annon

1900 3477 2022 3516 eum
2075 3464 2364 3536 illudebant
2415 3466 2495 3519 eis
2519 3505 2534 3529 ,
2567 3475 2694 3520 tunc
2749 3467 3002 3536 populum
3034 3466 3401 3523 dimiserunt?
3434 3468 3500 3524 Et

1901 3550 2043 3588 nunc
2072 3535 2238 3589 Deum
2269 3536 2424 3610 nobis
2466 3535 3103 3610 propitiumreddamus.
3145 3536 3202 3592 lu
3231 3540 3332 3592 alia
3358 3557 3496 3610 quo-

1900 3620 2006 3681 quc
2033 3609 2536 3681 castrametatione,
2555 3608 2642 3681 ubi
2668 3607 2917 3681 viderunt
2945 3624 3125 3681 arcam
3154 3607 3494 3681 alienigenas,

1900 3677 2153 3755 dixerunt
2184 3695 2196 3730 :
2235 3675 2328 3755 [re
2351 3679 2492 3731 nobis
2516 3679 2537 3731 !
2555 3679 2664 3755 hic
2686 3679 2937 3755 estpeus
2984 3679 3075 3755 i_l_le
3115 3675 3378 3755 acerbus.
3406 3675 3496 3755 qui

1900 3748 2164 3823 percussit
2206 3747 2502 3823 Egyptum
2546 3748 2720 3823 (Ibid.
2765 3750 3084 3823 4._8)._V.e
3127 3751 3315 3806 nobis!
3367 3747 3499 3809 erue

1900 3819 2310 3892 uos,_lloniiue.
2347 3819 2565 3886 Videte,
2594 3821 2866 3892 quomodo
2899 3821 2978 3875 vel
3002 3831 3127 3882 ante
3154 3824 3496 3892 experimen-

1901 3898 2010 3942 tum
2043 3889 2253 3944 Pharao
2278 3932 2293 3957 ,
2327 3899 2381 3943 ut
2409 3889 2662 3960 saperent
2687 3891 2887 3946 effecit.
2925 3893 3050 3948 llaec
3083 3889 3320 3948 clamant
3365 3896 3498 3950 alie-

1900 3960 2129 4034 nigeum.
2163 3961 2276 4014 Alia
2303 3977 2519 4030 quoque
2553 3964 2745 4017 mulier
2769 3962 3071 4034 alienigena
3095 4005 3107 4026 ,
3153 3963 3342 4022 Rahab
3369 3967 3497 4022 olim

1900 4033 2178 4105 meretrix,
2203 4048 2344 4086 nunc
2377 4043 2684 4102 temperans
2705 4076 2720 4100 ,
2753 4033 2840 4088 illa
2865 4033 3098 4089 celebris
3135 4036 3496 4105 exploratori-

1899 4102 1997 4179 bus
2023 4102 2152 4179 dicit
2182 4122 2195 4158 ι
2227 4105 2437 4179 Scimus
2463 4120 2584 4173 qua:
2624 4105 2829 4179 fecerit
2864 4105 3122 4160 Dominus
3155 4102 3293 4162 Deus
3325 4107 3496 4179 Egy-

1899 4174 2022 4242 ptiis
2044 4215 2058 4236 ,
2097 4172 2158 4227 Et
2201 4172 2524 4242 audivimus,
2554 4186 2601 4230 et
2647 4176 2974 4230 Immitintum
3002 4187 3076 4230 est
3106 4194 3196 4231 cor
3227 4172 3456 4234 nostrum
3481 4221 3495 4239 .

1897 4254 1944 4296 et
1971 4262 2072 4297 non
2115 4245 2321 4318 relictus
2353 4255 2423 4298 est
2453 4246 2504 4298 in
2535 4249 2678 4300 nobis
2721 4248 2932 4316 spiritus
2951 4290 2966 4314 ,
2993 4249 3113 4318 quia
3155 4248 3297 4304 Deus
3340 4262 3496 4304 vester

1896 4332 2110 4392 magnus
2137 4317 2247 4392 ipse
2352 4318 2482 4392 ca'fo
2520 4335 2749 4380 sursum,
2781 4316 3068 4392 etgin_terra
3094 4320 3331 4374 deorsum
3356 4321 3495 4392 (Jos.

1895 4385 1949 4457 Ξῖ..
1985 4385 2073 4441 l0.
2113 4387 2219 4457 ll).
2267 4385 2452 4442 Viden'
2485 4405 2588 4441 non
2641 4389 2854 4442 mentiri
2905 4389 3113 4457 Deum,
3146 4407 3268 4446 cum
3317 4385 3446 4447 dicit
3482 4413 3493 4448 :

1898 4455 1925 4508 Ι
1932 4475 1962 4510 ιι
1985 4460 2078 4512 hoc
2103 4455 2338 4513 suscttuvi
2365 4470 2430 4522 te,
2457 4469 2510 4511 ut
2531 4459 2845 4513 ostenderem
2868 4462 2921 4514 in
2944 4472 2990 4514 te
3007 4455 3282 4529 potentiori:
3309 4482 3494 4530 meum,

1897 4539 1942 4581 et
1969 4531 2356 4585 annuutiaretur
2385 4546 2569 4583 nomen
2597 4547 2763 4583 meum
2790 4532 2840 4583 in
2872 4533 3106 4586 universa
3136 4545 3270 4588 terra
3297 4536 3321 4588 ?
3348 4535 3499 4590 Finis

1895 4611 2074 4657 autem
2123 4602 2432 4672 apostolicae
2473 4599 2768 4664 doctrin-.e,
2804 4601 2923 4656 linis
2948 4603 3018 4659 sit
3044 4621 3357 4672 sermonum
3403 4623 3500 4662 no-

1895 4681 2152 4724 Strurum.
2184 4672 2318 4726 Dicit
2344 4671 2580 4727 Paulus:
2609 4673 2758 4738 Quod
2790 4675 2833 4727 si
2878 4673 3016 4730 Deus
3049 4678 3220 4730 volens
3237 4683 3500 4732 ostendere

1895 4741 2058 4813 iram,
2090 4752 2135 4795 ct
2171 4752 2344 4796 notam
2373 4744 2542 4813 facere
2585 4745 2858 4812 potentiam
2891 4762 3039 4798 suam
3061 4788 3074 4803 .
3101 4750 3342 4800 sustinuit
3367 4751 3499 4802 iram

1895 4812 2096 4886 invasa
2120 4815 2212 4873 ira:
2227 4815 2280 4868 in
2309 4812 2470 4868 multa
2503 4816 2744 4881 patientia
2771 4814 2948 4886 (Rom.
2983 4818 3037 4872 9.
3070 4818 3187 4886 ἓξ).
3222 4819 3336 4872 Non
3364 4822 3499 4874 sint-

1899 4884 2109 4960 pliciter
2148 4886 2316 4960 dixit,
2361 4886 2574 4960 induxit
2619 4884 2790 4960 iram,
2834 4887 2926 4960 sed
2955 4928 2968 4952 ,
3005 4889 3057 4942 In
3104 4884 3252 4944 illum
3292 4893 3381 4960 qui
3422 4892 3498 4945 ira

1896 4957 2250 5029 diguuserat.
2281 4957 2420 5024 Quid
2447 4959 2590 5011 enim
2625 4957 2796 5029 dixit?
2844 4957 3101 5014 Sustinuit
3131 4962 3185 5014 in
3221 4957 3382 5016 multa
3409 4981 3500 5029 pa.

1896 5027 2071 5079 tientia
2093 5027 2220 5083 iram
2249 5030 2298 5080 in
2327 5045 2444 5082 vasa
2482 5029 2592 5085 irae.
2645 5028 2777 5083 Nam
2821 5041 2876 5084 ut
2906 5040 2958 5086 tu
2999 5033 3176 5094 nosti.
3221 5049 3346 5090 vere
3373 5027 3502 5089 dicit

1878 5094 2172 5174 Apostolus
2199 5117 2209 5150 :
2241 5098 2319 5152 De
2343 5101 2775 5174 ccctcro_,__frittres_
2795 5143 2807 5162 ,
2835 5104 3222 5174 confortamini.
3261 5106 3502 5158 corrobo-

1895 5170 2100 5233 rnutini,
2123 5174 2326 5239 perfecti
2350 5181 2503 5246 estote
2521 5170 2734 5246 (Ephcs.
2750 5171 2801 5228 6.
2825 5173 2909 5228 10.
2927 5170 3039 5230 eti.
3055 5173 3174 5231 Cor.
3203 5176 3299 5246 l3.
3319 5177 3337 5229 l
3355 5178 3404 5246 l)
3445 5179 3500 5231 Si

1895 5249 2156 5318 autctnes
2176 5253 2360 5296 natura
2386 5242 2604 5318 perfecti
2626 5258 2934 5318 sumus,cur
2954 5247 3088 5300 dicis
3101 5247 3254 5309 mihi,
3282 5242 3502 5318 νημαι

1893 5319 2049 5363 estote
2069 5311 2094 5363 7
2117 5311 2274 5367 Certe
2301 5315 2590 5383 perfectum
2613 5328 2752 5378 esse,
2781 5316 2828 5367 id
2849 5326 2951 5378 est,
2976 5333 3041 5371 ex
3066 5318 3307 5374 moribus
3329 5311 3393 5374 se
3417 5321 3501 5374 di-

1893 5397 2054 5461 gnum
2080 5383 2324 5461 reddere.
2369 5383 3020 5461 Ipsamr_erum__u.ituram
3069 5398 3264 5461 teatcm
3294 5393 3501 5461 accipe.

1896 5453 2094 5531 lJanatu
2117 5453 2216 5506 fert
2235 5464 2447 5531 natura,
2466 5456 2720 5510 mulieres
2740 5458 2880 5510 illam
2899 5459 3202 5527 perficiunt.
3225 5461 3368 5516 Sane

1895 5525 2176 5578 fectionem
2217 5538 2408 5602 vocant
2438 5528 2614 5602 ipsam_
2639 5525 2926 5602 texturam,
2948 5531 3121 5600 ipsum
3159 5549 3315 5602 opus.
3350 5525 3502 5588 Sicut

1894 5610 2022 5660 ergo
2052 5606 2236 5651 natura
2265 5598 2441 5650 lanam
2486 5596 2768 5666 producit,
2802 5615 2889 5654 ars
2917 5596 3046 5656 vero
3079 5596 3212 5658 reni'
3241 5621 3270 5660 ιι
3313 5615 3502 5658 natura

1895 5667 2205 5736 productam
2233 5669 2481 5735 perfecit:
2505 5669 2576 5722 ita
2608 5669 2749 5723 Deus
2772 5672 2860 5739 qui
2896 5682 3140 5727 naturam
3168 5673 3500 5738 efformawt,

1894 5738 2038 5791 illaut
2065 5739 2320 5791 Voluntati
2356 5740 2593 5794 tradidit.
2635 5738 2896 5796 Latiarest
2918 5755 3107 5798 natura
3133 5755 3348 5800 nostra:
3378 5748 3429 5800 in
3452 5758 3504 5802 te

1893 5819 2062 5880 estex
2091 5824 2153 5862 ea
2180 5809 2396 5864 efticere
2417 5822 2508 5865 aut
2531 5827 2626 5864 vas
2649 5812 2891 5880 honoris,
2912 5825 3005 5869 aut
3027 5831 3120 5870 Vas
3137 5819 3504 5871 contunneli:e.

1893 5879 2113 5959 'l‘iuctur
2164 5896 2255 5944 es,
2306 5884 2560 5959 accepisti
2608 5898 2638 5934 a
2697 5879 2887 5939 natura
2954 5886 3133 5959 lanam
3167 5929 3184 5953 ,
3245 5890 3503 5959 accepisti

1898 5953 2231 6022 propositum
2277 5956 2428 6024 quasi
2462 5957 2755 6011 tiucturam
2801 5958 3116 6028 quamdam.
3152 5959 3245 6014 Vis
3290 5953 3502 6034 tingere
