4050 6498
612 433 719 490 667

613 566 716 605 non
772 547 1068 604 immortale
1118 549 1352 598 creatum
1405 537 1609 599 fuisset,
1657 536 1748 590 sed
1785 533 2027 605 mortale,
2059 545 2174 605 _cu_r

614 601 753 690 quod
773 601 1060 690 exinaturag
1079 612 1335 690 habebat,
1373 625 1466 678 per
1493 607 1808 690 sententiam
1836 601 2179 690 accepiti‘lgASi

615 676 834 743 mortale
863 695 977 742 erat
1011 685 1135 740 illud
1164 676 1466 754 opificium,
1497 694 1591 754 cur
1620 678 1755 754 Deus-
1785 676 1883 744 ipsi
1925 676 1974 728 in
2004 683 2176 754 trans-

611 758 896 828 gressionis
927 770 1137 827 poenam
1172 743 1413 828 mortem
1434 746 1652 802 indicit?
1688 745 1751 800 In
1779 743 2086 828 quacumque
2102 743 2184 828 die

613 814 902 890 comederis,
927 814 1090 879 inm-te
1110 821 1356 876 morieris.
1381 821 1519 890 Ergo
1541 828 1824 890 antequam
1845 814 2174 890 comederct.

613 882 1522 968 immortaleeratopilicium.Quod
1552 888 1602 968 si_
1621 882 1904 968 antequam
1928 882 2183 968 comede-

612 976 709 1028 ret,
746 967 967 1020 mortale
991 957 1124 1030 erat,
1151 963 1304 1017 fallax
1339 971 1394 1014 et
1417 959 1634 1012 ridicula
1665 957 1847 1030 fuisset
1869 957 2177 1030 intermina-

614 1023 707 1099 tio,
731 1053 836 1090 non
857 1040 1052 1090 veritas
1083 1023 1480 1088 {comminatus
1508 1029 1649 1082 enim
1681 1027 1885 1099 fuisset,
1919 1040 2003 1078 me
2020 1023 2180 1099 futuo

613 1095 731 1160 rum
761 1107 810 1160 id
839 1105 974 1175 quod
999 1107 1106 1171 jam
1137 1117 1306 1159 eram.
1336 1100 1502 1154 Nemo
1527 1109 1702 1152 autem
1731 1096 1974 1175 cuiquam
2020 1095 2182 1146 inter-

615 1165 1172 1237 minatur'som'num,
1228 1186 1385 1241 quem
1424 1185 1502 1241 Arx
1557 1178 1740 1241 natura
1794 1165 1980 1241 habet;
2023 1176 2182 1241 tremo

613 1246 808 1307 cibum,
840 1260 996 1312 quem
1018 1259 1081 1298 ex
1115 1233 1298 1297 natura
1319 1239 1458 1306 capit
1488 1257 1500 1291 :
1530 1238 1624 1292 sed
1651 1236 2022 1312 interminatur
2043 1233 2182 1312 Dens

613 1303 871 1369 mortem."
891 1314 1038 1379 Quod
1077 1314 1346 1381 opificium
1380 1303 1483 1381 non
1530 1307 1892 1381 excreatione
1942 1303 2174 1365 subibat,

613 1394 828 1452 propter
874 1377 1141 1454 peccatum
1172 1383 1348 1436 subiit.
1406 1379 1534 1433 Nam
1575 1379 1617 1432 si
1664 1377 1827 1429 Adam
1862 1384 2180 1454 pr:eceptum

611 1446 846 1508 divinum
874 1446 932 1508 et
963 1456 1127 1523 legem
1153 1465 1366 1523 servare
1397 1455 1804 1523 perseverasset,
1836 1460 1978 1523 mors
2009 1446 2179 1523 locum

614 1539 717 1577 non
748 1516 1037 1578 habuisset:
1075 1523 1126 1576 ld
1153 1521 1460 1576 testificatur
1487 1519 1696 1587 sapiens
1729 1516 1853 1568 illud
1885 1516 2182 1587 oraculum:

614 1591 751 1647 Deus
779 1604 986 1648 mortem
1017 1605 1113 1646 non
1143 1591 1280 1659 fecit,
1299 1606 1386 1660 nec
1412 1585 1688 1660 delectatur
1715 1587 1767 1660 in
1797 1585 2079 1660 perditione
2115 1587 2187 1637 vi-

613 1665 829 1718 ventium
857 1680 876 1716 :
907 1662 1094 1716 invidia
1121 1655 1284 1712 autem
1315 1658 1504 1710 diaboli
1532 1673 1663 1708 mors
1707 1655 1908 1708 intravit
1948 1655 2000 1704 in
2031 1667 2180 1705 mun-

613 1734 733 1786 dum
761 1733 913 1801 (δαν.
943 1734 994 1786 1.
1019 1734 1107 1786 15.
1136 1729 1247 1782 eti.
1276 1727 1394 1795 25).
1428 1725 1780 1801 quamobrem
1801 1765 1816 1786 ,
1848 1732 1904 1801 ut
1949 1737 2074 1776 vere
2106 1723 2185 1801 lo-

614 1792 870 1871 quamur,’
889 1810 1084 1871 praeter
1105 1792 1521 1854 naturam'nobis
1542 1794 1737 1871 accidit
1763 1793 1903 1861 quod
1929 1792 2181 1871 mortales

613 1863 1190 1930 simusar'esurrectio
1227 1878 1399 1922 autem
1443 1865 1584 1933 quod
1638 1879 1702 1918 ex
1750 1874 1934 1916 natura
1990 1863 2179 1930 inerat,

616 1944 766 1996 nobis
794 1943 1041 1997 restituit.
1072 1941 1194 1994 Ideo
1238 1937 1556 1992 resurrectio
1583 1935 1772 1987 dicitur
1796 1973 1811 1995 ,
1842 1937 1962 2001 quia
1994 1948 2178 1986 corru~

617 2023 760 2079 ptum
784 2012 1050 2082 opiﬁcium
1073 2021 1127 2063 et
1153 2025 1246 2079 per
1265 2019 1535 2082 peccatum
1563 2005 1785 2082 lapsum.
1806 2020 1900 2082 per
1923 2003 2182 2082 justitiam

613 2074 850 2150 erigitur'.
892 2083 946 2137 Si
981 2074 1373 2149 perseverasset
1411 2077 1575 2130 Adam
1609 2075 1659 2129 in
1705 2074 1988 2150 mandato,
2034 2075 2182 2150 vivus

615 2143 918 2206 mansisset.
947 2143 1012 2205 Et
1037 2153 1157 2218 quis
1181 2164 1406 2218 sponsor
1428 2156 1530 2210 est,
1561 2155 1618 2198 ut
1659 2161 1724 2218 ne
1753 2143 1994 2198 videatur
2035 2144 2084 2198 id
2116 2160 2183 2198 ex

615 2222 918 2287 conjectura
958 2214 1155 2275 dictum
1186 2214 1343 2273 esse?
1374 2217 1440 2272 Ut
1468 2231 1596 2287 ergo
1618 2256 1631 2278 ,
1663 2214 1882 2277 fratres,
1915 2230 2019 2267 non
2045 2229 2184 2287 con-

609 2286 832 2360 jecturis
873 2293 1048 2346 divina
1082 2300 1402 2352 tractemus,
1448 2286 1541 2340 sed
1589 2300 1764 2339 rerum
1803 2286 2182 2360 consequentia

614 2355 694 2415 usi
725 2362 917 2416 claram
946 2377 1123 2417 rerum
1156 2360 1430 2414 veritatem
1459 2371 1821 2422 assequamur,
1850 2355 2048 2422 epilicii
2079 2355 2180 2408 im-

615 2433 986 2486 mortalitatem
1018 2431 1369 2485 testillcantur
1404 2443 1464 2481 ea
1492 2441 1612 2494 quae
1653 2434 1964 2493 sequuntur.
1997 2425 2050 2479 Si
2083 2440 2179 2478 na-

615 2511 731 2555 tura
761 2503 982 2556 mortale
1019 2512 1132 2556 erat
1171 2499 1459 2568 epiflcium,
1502 2497 1544 2549 si
1573 2495 1729 2550 morti
1779 2494 2046 2548 addictum
2099 2504 2182 2568 est

615 2585 718 2624 non
744 2586 836 2640 per
865 2580 1157 2641 peccatum.
1181 2564 1279 2641 sed
1311 2577 1676 2641 per_naturam
1702 2567 1889 2641 ipsam,
1917 2564 2183 2641 quomodo

615 2634 1119 2700 naturam'vieerunt
1153 2640 1295 2692 Elias
1314 2634 1377 2691 et
1403 2635 1613 2690 Euoch?
1638 2634 1904 2704 quomodo
1927 2635 2068 2688 Eliss
2093 2649 2182 2686 as-

614 2721 855 2776 sumptus
885 2721 984 2774 est,
1015 2725 1114 2765 nec
1134 2719 1354 2763 mortem
1385 2704 1651 2775 gustavit?
1686 2705 1955 2776 quomodo
2000 2704 2180 2776 Enoch

615 2774 899 2835 translatus
942 2790 1042 2844 est,
1074 2789 1296 2832 mortem
1329 2774 1430 2830 non
1472 2775 1758 2844 expertus?
1791 2774 1921 2827 Vide
1965 2774 2182 2841 pignora

616 2852 800 2919 prisca:
840 2843 1144 2904 creationis.
1189 2848 1367 2916 Itaque
1396 2853 1599 2913 poterat
1641 2843 1798 2919 homo
1826 2855 2076 2919 perpetuo
2107 2847 2184 2898 vi-

614 2914 760 2986 vere,
792 2921 835 2975 si
865 2922 1093 2975 divinam
1121 2914 1385 2972 servasset
1432 2919 1617 2984 legem.
1652 2914 1851 2986 Idcirco
1885 2915 2038 2986 Deus
2092 2931 2181 2970 as-

613 2984 852 3059 sumptas
877 2992 1040 3044 nostri
1066 2989 1273 3059 generis
1307 2987 1560 3054 primitias
1589 2984 1855 3059 transtulit
1883 2984 1933 3038 in
1961 2985 2181 3059 immor-

617 3056 891 3115 talitatem.
926 3061 992 3114 Et
1035 3056 1154 3113 vide
1197 3059 1486 3126 sapientem
1519 3057 1916 3126 (eeouomiam.
1943 3056 2183 3110 Assumit

614 3131 884 3184 Enochum
903 3140 1025 3185 ante
1047 3130 1238 3184 multas
1262 3125 1628 3196 generationes
1651 3126 1665 3188 ξ
1696 3126 1833 3193 rapit
1863 3125 2029 3196 Elia_m
2060 3135 2178 3193 post

614 3201 803 3271 multas
817 3202 1203 3271 generatiooes,
1229 3195 1385 3267 idque
1417 3197 1630 3251 utiliter.
1647 3195 1775 3271 Quia
1803 3195 2015 3271 enimio
2046 3196 2180 3250 dua-

611 3270 711 3324 bus
737 3265 980 3340 genitibus
1002 3273 1081 3340 pia
1111 3265 1578 3340 religio'versatura
1606 3265 1812 3340 erat,in_
1831 3267 2025 3334 βοίιυιο
2041 3282 2179 3340 pra;-

614 3336 811 3408 putiiim
842 3336 1051 3395 habenti
1075 3381 1087 3401 ,
1136 3349 1187 3393 et
1217 3336 1265 3392 in
1297 3338 1489 3406 pepulo
1519 3336 1974 3408 circumcisionem
2019 3337 2181 3406 proli-

613 3405 775 3474 tenti;
807 3428 910 3466 non
941 3413 1111 3465 solum
1139 3405 1308 3463 Eliam
1336 3407 1576 3470 assumit,
1602 3421 1666 3460 ne
1689 3405 1903 3460 Iudaeus
1929 3405 2182 3474 glorietur

615 3480 761 3553 hisce
788 3481 1034 3553 primitiis
1066 3480 1388 3553 honoratus;
1406 3476 1502 3553 sed
1522 3477 1751 3553 priorem
1781 3477 2004 3553 assumit
2036 3477 2177 3553 Eno-

613 3545 906 3621 chutn,’qui
935 3566 1038 3605 non
1069 3550 1359 3604 secundum
1405 3548 1574 3621 legem
1604 3547 1830 3621 vixerat,
1883 3545 1978 3600 sed
2006 3547 2180 3602 eccle-

612 3616 881 3676 siasticum
911 3630 1154 3676 ornatum
1183 3626 1437 3675 servarat.
1483 3616 1670 3671 Omnia
1695 3617 1861 3681 enim,
1907 3631 2026 3685 quae
2054 3628 2178 3673 ante

611 3690 780 3761 legem
811 3692 978 3756 fuere,
1009 3694 1170 3761 ligura
1197 3699 1347 3745 erant
1390 3687 1663 3761 Ecclesia).
1711 3687 1978 3761 Interroga
2003 3687 2176 3761 justas

611 3757 776 3831 usque
805 3762 870 3816 ad
909 3757 1175 3817 Abraham
1205 3769 1260 3815 et
1303 3773 1468 3828 usque
1497 3757 1759 3831 adlegem
1782 3797 1796 3816 ,
1824 3759 2038 3831 quinam
2077 3759 2176 3826 ipsi

608 3829 804 3886 essent.
836 3832 890 3886 In
923 3832 1090 3886 tribus
1111 3831 1410 3886 nominibus
1438 3829 1614 3882 omnia
1635 3837 1950 3881 versantur:
1974 3829 2024 3880 in
2041 3843 2174 3897 geu-

611 3900 797 3956 tilitate
828 3901 1124 3963 incredula;
1160 3902 1210 3955 in
1234 3899 1518 3968 judaismo,
1549 3899 1638 3967 qui
1669 3897 1958 3968 secundum
2005 3898 2174 3967 legem

611 3972 924 4028 incedebant
943 4012 957 4031 ,
985 3981 1038 4026 et
1070 3972 1120 4026 in
1148 3966 1672 4036 christianismo,’qui
1700 3966 1988 4020 secundum
2009 3966 2172 4022 evan-

607 4043 827 4112 gelicatn
853 4041 1074 4112 gratiam
1111 4041 1422 4112 ducebatur.
1441 4037 1852 4112 Interrogentur
1884 4036 2174 4094 adversarii

607 4104 675 4166 de
702 4104 924 4175 Adam'o,
955 4112 1140 4177 Abele,
1175 4109 1412 4173 Enocho,
1437 4107 1566 4161 Selh
1596 4116 1649 4160 et
1671 4105 1803 4168 Noe,
1834 4115 1885 4160 et
1911 4117 2173 4177 quotquot

607 4197 774 4250 usque
799 4181 864 4234 ad
905 4181 1170 4235 Abraham
1214 4180 1378 4250 probe
1405 4180 1667 4241 vixerunt,
1717 4177 2168 4250 quinamAessent.

607 4246 970 4322 An’gentiles?
1000 4250 1191 4304 Verum
1215 4246 1440 4322 'idglides
1480 4248 1888 4322 non__permit_tit.
1936 4246 2173 4322 Gentiles

607 4317 892 4377 non'erant
923 4339 935 4385 ;
961 4337 1065 4376 non
1105 4321 1246 4375 enim
1283 4319 1334 4373 in
1364 4317 1732 4372 incredulitate
1767 4318 2030 4381 vixerunt,
2059 4320 2168 4372 die-

606 4393 850 4446 monibus
872 4409 974 4446 non
1000 4393 1316 4448 servierunt.
1341 4388 1668 4456 sculptilibus
1687 4401 1788 4440 non
1811 4387 2033 4454 subjecti
2068 4387 2170 4442 fue-

608 4471 748 4520 runt.
777 4463 1075 4516 dazmonum
1108 4461 1275 4515 errori
1297 4460 1632 4512 obstiterunt.
1658 4456 1770 4509 Non
1799 4467 2018 4525 possunt
2045 4473 2173 4526 ergo

607 4534 832 4601 gentiles
871 4532 1068 4585 vocari.
1099 4531 1201 4586 Sed
1229 4529 1352 4598 quid
1384 4529 1573 4601 erant?
1607 4543 1672 4580 an
1701 4527 1908 4601 Judaei?
1936 4527 2037 4601 Sed
2067 4544 2169 4581 non

602 4597 918 4670 acceperunt
947 4602 1140 4671 legem,
1164 4597 1266 4654 nou
1293 4599 1655 4671 custodierunt
1678 4597 1914 4671 sabbata,
1933 4598 2170 4671 ciborum

603 4668 903 4727 discrimina
935 4668 1040 4726 non
1071 4673 1438 4733 observarunt,
1466 4669 1918 4721 circumcisionem
1949 4684 2051 4720 non
2078 4668 2173 4722 ha-

606 4742 856 4797 buere.Si
887 4757 1016 4811 ergo
1041 4742 1199 4811 prisci
1229 4741 1300 4793 illi
1334 4753 1430 4793 nec
1460 4739 1704 4811 gentiles,
1735 4737 2022 4811 nec__J_ud'ei
2053 4738 2171 4792 fue-

606 4827 686 4876 re,
717 4808 1010 4867 inveniatur
1043 4808 1192 4864 aliud
1222 4824 1415 4864 nomen
1445 4808 1585 4878 quod
1628 4809 1792 4878 possit
1819 4808 1924 4861 illis
1948 4823 2166 4876 compe-

605 4891 738 4935 tere.
769 4881 825 4936 Si
857 4897 1027 4950 neque
1052 4880 1242 4946 Judaei,
1273 4894 1446 4949 neque
1468 4877 1702 4950 gentiles
1727 4877 1893 4950 fuere,
1923 4879 2171 4950 quiante

606 4951 775 5020 legem
825 4948 1086 5013 vixerunt,
1116 4950 1265 5020 quod
1293 4948 1446 5004 detur
1485 4948 1590 5004 illis
1624 4949 1858 5020 nomen?
1900 4948 2167 5020 quodnam

605 5018 940 5090 relinquitur,
971 5021 1068 5074 nisi
1100 5018 1406 5084 Christiani,
1439 5035 1545 5074 non
1566 5018 1789 5090 quidem,
1811 5018 2043 5078 nomine,
2073 5020 2168 5074 sed

601 5089 817 5144 virtute.
855 5090 976 5144 Ideo
993 5104 1178 5145 omnes
1228 5090 1477 5144 Ecclesiae
1516 5090 1623 5157 typi
1661 5089 2052 5157 praefulserunt.
2086 5091 2165 5143 ln-

603 5161 948 5215 circumcisus
974 5169 1086 5213 erat
1113 5160 1317 5223 Enoch,
1349 5168 1405 5213 ut
1430 5168 1482 5213 et
1519 5160 1749 5213 Ecclesia
1778 5177 1790 5212 :
1820 5175 1922 5212 non
1951 5162 2173 5215 servivit

603 5230 724 5298 legi,
758 5241 814 5284 ut
842 5245 940 5286 nec
965 5230 1160 5284 Christi
1188 5230 1413 5298 pepulus
1443 5245 1455 5278 :
1487 5243 1590 5282 non
1617 5229 1759 5282 novit
1795 5229 2034 5283 ciborum
2065 5229 2172 5283 dif.-

604 5301 854 5355 feroutias
878 5342 892 5366 ,
923 5313 982 5356 ut
1010 5302 1243 5356 Ecclesia
1290 5316 1408 5369 qua:
1439 5302 1490 5352 in
1520 5299 1695 5353 divina
1741 5298 1854 5368 lege
1900 5308 2163 5354 versatur.

613 5371 983 5440 Antiquissima
1011 5373 1245 5425 omnium
1287 5380 1367 5425 est
1399 5369 1630 5424 Ecclesia
1653 5385 1768 5438 qua:
1813 5371 1865 5422 in
1915 5379 2036 5439 typo
2068 5370 2168 5438 pia:

604 5439 876 5511 religionis
925 5443 1238 5496 incedebat:
1269 5451 1322 5495 et
1376 5441 1511 5511 lides
1538 5439 1759 5511 {\hraha:
1801 5441 1974 5511 imago
2016 5451 2165 5504 erat,

604 5503 1056 5576 nou'Judzeorum,
1085 5513 1175 5566 sed
1198 5512 1473 5566 Ecclesim.
1495 5503 1621 5560 Ideo
1647 5503 1932 5578 Apostolus
1958 5503 2164 5563 sermoé

605 5596 725 5636 nem
752 5582 819 5637 de
849 5583 950 5637 lide
980 5583 1238 5650 explorat,
1266 5593 1319 5636 et
1344 5580 1656 5635 utostcndat
1677 5579 2032 5650 Abrahamum
2049 5595 2170 5638 esse

605 5650 856 5707 Ecclesia!
881 5695 896 5718 ,
949 5647 1062 5706 non
1101 5652 1400 5706 Iudaeorum
1434 5651 1743 5719 imaginem.
1776 5652 1847 5702 ait
1875 5667 1890 5701 ς
1925 5647 2160 5712 Fratres,

608 5722 849 5790 scriptum
876 5734 947 5777 est
972 5741 989 5777 :
1030 5723 1249 5777 Credidit
1280 5723 1528 5776 Abraham
1553 5720 1660 5775 Deo
1679 5762 1692 5780 .
1723 5730 1767 5773 et
1789 5728 2074 5787 reputatum
2095 5731 2165 5774 est

594 5793 675 5852 illi
693 5793 760 5846 ad
770 5794 1037 5858 justitiam.
1070 5791 1284 5858 Quando
1305 5809 1420 5861 ergo
1444 5802 1724 5861 reputatum
1749 5801 1838 5852 est,
1868 5792 1918 5842 in
1930 5791 2162 5861 icircum-

590 5864 782 5920 cisiaue
803 5879 868 5918 an
893 5865 942 5918 in
972 5864 1220 5937 prcputio
1248 5860 1418 5935 (Itoni.
1445 5860 1506 5917 ι.
1527 5864 1576 5918 3.
1612 5862 1736 5930 10)?
1764 5861 1885 5916 llaec
1925 5860 2154 5929 Paulus,

2087 409 2328 468 SPUllH

3767 403 3866 459 668

2290 529 2378 599 qui
2400 543 2462 583 ex
2483 527 2678 599 Jndrris
2701 537 2838 588 erat.
2866 527 2952 595 qui
2986 527 3153 585 legem
3187 535 3437 599 noverat,
3468 536 3520 580 et
3550 527 3752 599 legalis
3771 545 3868 583 ex-

2290 598 2538 670 plicabat.
2573 598 2690 652 Non
2707 601 2757 651 in
2790 599 3182 670 circumcisione,
3213 600 3300 670 sed
3321 598 3372 650 in
3400 601 3671 670 pra-putre.
3708 598 3775 651 Et
3798 602 3868 652 si-

2286 669 2439 740 gnum
2477 671 2667 740 accepit
2691 669 3149 740 circumcisionem,
3196 669 3512 740 signaculum
3550 669 3772 735 jnstitia
3819 673 3868 722 in

2287 738 2533 810 prcputio
2549 738 2727 811 (Rom.
2755 740 2853 811 LI
2864 741 2882 793 l
2897 738 3075 806 ).Vide
3089 739 3456 811 complicatam
3477 741 3866 794 sententiarum

2287 808 2739 878 speculationem;
2773 810 2893 864 vide
2931 808 3198 876 quomodo
3212 810 3500 877 Apostolus
3525 821 3770 879 segreget
3803 813 3868 864 ab

2286 882 2588 936 Abrahamo
2613 879 2877 940 lsraelem.
2899 897 3004 934 non
3023 879 3302 932 habentem
3322 879 3440 934 lidei
3461 882 3866 948 proprietatem;

2285 953 2565 1021 conjungat
2595 962 2770 1003 autem
2805 951 3148 1021 ipsi_gentes,
3182 959 3239 1002 ut
3281 949 3541 1004 habentes
3583 951 3868 1006 characte-

2289 1037 2398 1076 rem
2430 1019 2528 1090 piie
2557 1021 2846 1089 religionis.
2877 1019 2943 1073 Et
2971 1020 3170 1090 signum
3193 1021 3384 1088 accepit
3410 1021 3863 1084 circumcisiottm

2285 1088 2600 1161 signaculum
2618 1091 2854 1161 justitt'te.
2878 1100 2930 1144 ut
2949 1088 3024 1144 sit
3037 1088 3193 1161 Pater
3211 1091 3432 1143 omnium
3451 1091 3763 1144 credentium
3786 1111 3865 1158 pa

2286 1159 2608 1231 praeputium.
2637 1159 2829 1231 _Viden’
2847 1160 3116 1230 quomodo
3145 1162 3308 1231 figura
3337 1161 3590 1216 Ecclesiae
3623 1162 3676 1216 in
3706 1164 3872 1216 Abra-

2288 1229 2443 1285 hamo
2472 1242 2607 1302 esset
2631 1229 2933 1302 lServator
2960 1239 3135 1284 autem
3159 1229 3217 1284 ut
3233 1232 3480 1286 ostendat
3501 1233 3867 1302 evangelicum

2287 1312 2479 1356 statum
2511 1301 2574 1355 ad
2601 1301 2827 1370 priscam
2873 1301 3013 1354 illam
3055 1301 3438 1356 institutionem
3484 1301 3666 1356 reduci
3695 1345 3710 1363 ,
3744 1319 3864 1357 cuiu

2286 1372 2522 1426 dicerent
2551 1371 2717 1426 Judaei
2751 1388 2764 1423 :
2794 1370 3002 1440 Moyses
3028 1372 3260 1440 scripsit,
3279 1373 3336 1425 Si
3359 1372 3478 1440 quis
3509 1373 3741 1426 voluerit
3785 1390 3868 1427 re-

2287 1443 2507 1511 pudiare
2530 1456 2751 1495 uxorem
2771 1456 2940 1502 suam,
2964 1441 3052 1495 det
3073 1441 3146 1494 illi
3164 1441 3399 1495 libellum
3418 1443 3628 1511 repudii
3653 1442 3864 1511 (Matth.

2288 1510 2373 1584 19.
2403 1512 2456 1578 7)
2478 1511 2785 1584 :JServator
2812 1521 2995 1564 contra
3029 1512 3210 1584 missis
3237 1510 3525 1584 legalibus,
3562 1510 3670 1566 non
3712 1517 3863 1584 quasi

2285 1583 2457 1636 solvat
2488 1582 2571 1634 illa
2592 1622 2604 1644 ,
2634 1581 2726 1635 sed
2757 1588 2816 1634 ut
2835 1597 3014 1634 veram
3045 1580 3338 1636 doctrinam
3382 1582 3654 1646 declaret,
3687 1580 3817 1638 dicit
3851 1603 3861 1638 :

2287 1651 2490 1722 Moyses
2513 1656 2582 1705 ad
2610 1652 2845 1704 duritiam
2864 1652 3038 1722 cordis
3061 1653 3210 1704 vestri
3235 1653 3467 1721 loquutus
3494 1664 3564 1706 est
3593 1669 3614 1704 :
3631 1655 3702 1706 .nb
3729 1655 3868 1707 initio

2285 1731 2452 1774 autem
2478 1725 2700 1842 nandfuit
2724 1723 2797 1842 :ic
2826 1721 2986 1792 (Ibid.
3017 1721 3071 1776 8.
3103 1722 3181 1791 8).
3206 1722 3338 1778 Vide
3367 1724 3642 1793 quomodo
3667 1725 3739 1779 ad
3763 1727 3867 1794 pri-

2287 1806 2372 1842 sea
2404 1806 2501 1842 nos
2527 1807 2584 1842 re
2627 1807 2717 1842 nea
2750 1831 2763 1842 .

2287 1806 2372 1846 sca
2404 1806 2501 1846 DOS
2527 1801 2618 1846 red
2627 1807 2717 1845 uca
2726 1801 2763 1845 ἰ.

2357 1862 2408 1917 5.
2457 1861 2660 1916 Dictum
2694 1870 2907 1930 repeto;
2950 1862 3044 1916 sed
3077 1877 3238 1931 rogo,
3288 1878 3382 1930 per
3407 1864 3681 1918 silentium
3737 1866 3865 1919 mihi

2286 1931 2526 1989 faveatis.
2559 1948 2627 1987 ne
2653 1934 2912 1986 tumultus
2937 1934 3216 2000 Oppositus
3243 1936 3560 1987 sententiam
3585 1935 3863 1990 dissiilvat.

2287 2002 2482 2056 Volens
2522 2002 2775 2057 Servatur
2801 2003 3106 2064 ostendere,
3162 2005 3522 2072 evangelicum
3567 2005 3865 2060 doctrinam

2286 2073 2350 2145 ad
2379 2074 2607 2145 priscum
2630 2074 2889 2145 reducere
2920 2082 3140 2145 statum.
3157 2089 3299 2145 _cuut
3326 2074 3568 2128 dicerent
3599 2077 3866 2145 discipuli,

2287 2144 2395 2198 imo
2426 2144 2597 2211 potius
2630 2142 2880 2197 Pharisaei
2913 2161 2926 2196 :
2961 2142 3064 2197 Cur
3117 2143 3315 2212 Moyses
3353 2146 3617 2212 pracipit,
3655 2146 3715 2199 Si
3743 2142 3868 2214 'quis

2287 2215 2530 2268 dimiserit
2561 2231 2767 2268 uxorem
2793 2230 2957 2273 suam.
2984 2214 3066 2267 det
3087 2215 3164 2268 illi
3193 2214 3418 2268 libellum
3453 2217 3660 2283 repudii
3688 2217 3863 2277 (Deut.

2285 2284 2372 2338 21.
2405 2285 2500 2354 l)?
2531 2284 2782 2339 Serv-ator
2811 2299 2916 2337 non
2949 2283 3116 2348 legem
3165 2285 3528 2349 reprehendit,
3577 2285 3673 2340 sed
3723 2288 3864 2341 illam

2287 2355 2560 2408 defendit:
2602 2355 2800 2424 Moyses
2831 2355 2940 2406 lucc
2979 2355 3108 2406 dixit
3129 2355 3187 2406 ob
3208 2357 3448 2409 duritiam
3472 2355 3644 2409 cordis
3672 2361 3822 2411 vestri
3847 2374 3865 2411 :

2286 2424 2348 2478 ab
2374 2426 2516 2478 initio
2539 2435 2705 2477 autem
2735 2426 2954 2496 nonfuit
2993 2426 3066 2496 εἰσ
3094 2426 3247 2492 (vide
3281 2427 3553 2492 quomodo
3589 2426 3657 2480 ad
3695 2430 3864 2496 prisca

2287 2511 2384 2548 nos
2409 2495 2695 2563 remittat);
2727 2494 2818 2548 sed
2852 2495 2950 2557 Qui
2979 2494 3094 2561 fecit
3133 2495 3383 2549 hominem
3410 2536 3426 2557 ,
3487 2494 3773 2551 masculum
3821 2509 3866 2550 rt

2287 2565 2523 2634 feminam
2546 2566 2658 2634 fecit
2684 2581 2784 2617 eos.
2803 2565 2930 2628 Qui:
2967 2581 3084 2634 ergo
3114 2563 3247 2618 Deus
3271 2567 3558 2634 conjunxit,
3591 2569 3743 2620 homo
3771 2588 3864 2622 non

2287 2648 2481 2702 separet
2503 2634 2717 2702 (Matth.
2737 2635 2822 2688 19.
2846 2637 2899 2688 4.
2932 2634 3008 2702 6).
3036 2637 3208 2704 Atque
3239 2637 3288 2690 in
3311 2636 3492 2690 multis
3521 2639 3866 2703 deprehendo

2288 2704 2623 2761 Servatorem
2654 2704 2719 2756 ad
2749 2705 2978 2773 priscum
3005 2714 3058 2758 et
3085 2707 3280 2759 bonum
3309 2716 3505 2761 statum
3567 2707 3863 2763 Eeclesiam

2289 2777 2570 2858 reducere.
2597 2775 2784 2858 Figura
2801 2774 3251 2858 igitur-"Ecclesia
3266 2776 3470 2858 “viguit
3484 2788 3610 2858 ante
3623 2781 3838 2858 ﬁcir‘cmu
3850 2811 3866 2821 -

2287 2847 2565 2919 cisionem.
2603 2845 2891 2919 _Attendite
2931 2845 3230 2919 diligenter.
3260 2845 3391 2914 Quia
3423 2849 3491 2900 ab
3520 2849 3673 2902 initio
3703 2850 3862 2919 ligura

2287 2915 2541 2970 Ecclesia:
2565 2915 2750 2984 viguit,
2779 2929 2847 2986 ac?
2867 2915 3202 2982 postmodum
3241 2932 3428 2972 rursus
3467 2919 3580 2986 ipsa
3615 2915 3864 2975 Ecclesiae

2286 2987 2467 3052 regula
2493 2996 2682 3040 statuta
2706 2994 2808 3049 est,
2839 2985 2918 3039 lex
2949 3001 3075 3039 vero
3101 2987 3272 3041 media
3300 2985 3610 3055 interposita
3642 2992 3773 3054 fuit;
3813 3003 3864 3045 ut

2283 3055 2831 3126 ostendatApostolus
2873 3055 3291 3112 ecclesiasticum
3340 3057 3540 3113 bonum
3583 3070 3783 3114 statum
3816 3065 3862 3116 in

2284 3127 2424 3181 serie
2450 3139 2746 3196 temporum
2775 3127 2921 3194 sequi
2969 3137 3021 3180 et
3074 3142 3315 3193 currere,
3345 3128 3513 3196 legem
3540 3146 3671 3186 vero
3709 3135 3865 3184 inter-

2285 3199 2507 3272 positam
2524 3213 2676 3272 esse,
2709 3197 2814 3272 ait:
2837 3197 3127 3272 Lexuuteut
3148 3198 3443 3272 subintravit
3461 3200 3478 3269 (
3491 3199 3643 3253 liam.
3672 3202 3724 3256 5.
3751 3203 3860 3272 20).

2282 3267 2397 3321 Non
2429 3269 2562 3322 dixit
2584 3309 2598 3329 ,
2631 3267 2741 3322 Lex
2771 3268 3002 3328 intravit,
3036 3268 3150 3333 sed,
3186 3267 3522 3326 Subintraait.
3556 3272 3672 3324 Alia
3721 3267 3860 3327 enim

2285 3337 2365 3391 lex
2397 3349 2479 3392 est
2503 3354 2620 3406 quae
2646 3338 2824 3402 intrat,
2845 3338 2946 3391 alia
2973 3355 3090 3406 qua:
3119 3339 3397 3392 subintrat.
3428 3341 3649 3396 Intravit
3671 3343 3742 3394 ab
3764 3344 3860 3397 iui-

2287 3408 2466 3478 tiolex
2495 3409 2794 3478 evangelica
2815 3449 2827 3470 ,
2863 3423 2965 3462 non
3005 3409 3119 3462 dies
3145 3410 3454 3473 observans,
3489 3426 3592 3463 non
3622 3413 3859 3467 ciborum

2282 3477 2632 3532 differentiam
2690 3493 3005 3545 agnoscens,
3056 3495 3159 3532 non
3210 3481 3675 3541 circumcisionem
3721 3485 3860 3538 acci-

2285 3548 2454 3615 piens.
2483 3549 2609 3603 Ilzcc
2638 3549 2720 3601 lex
2751 3547 2818 3600 ab
2849 3549 2998 3602 initio
3019 3566 3046 3601 a
3080 3549 3267 3617 priscis
3312 3551 3413 3603 illis
3439 3553 3776 3612 servabatur,
3807 3565 3858 3606 et

2280 3617 2345 3671 ad
2369 3629 2667 3687 postremos
2692 3618 2932 3688 pervenit
2957 3636 2969 3682 ;
2998 3619 3309 3674 inlet'tnedia
3340 3635 3465 3674 vero
3493 3620 3579 3674 lex
3625 3625 3854 3687 intravit,

2281 3687 2388 3741 imo
2409 3689 2580 3756 petius
2605 3687 2919 3742 subintravit
2949 3706 2962 3742 :
2985 3691 3386 3758 apostolumque
3406 3689 3593 3744 audire
3615 3702 3698 3746 est
3718 3695 3859 3747 clare

2280 3759 2564 3820 dicentem,
2591 3768 2648 3812 ut
2677 3774 2775 3812 nos
2796 3760 3044 3823 diximus,
3079 3759 3514 3814 Lasubintranit.
3544 3761 3634 3814 Vis
3655 3764 3857 3817 disci‘re

2279 3827 2780 3902 quo‘subintravit?
2822 3828 3104 3902 Historiam
3149 3831 3290 3883 audi.
3324 3829 3391 3885 Ut
3429 3829 3598 3884 Iacob
3645 3845 3857 3902 propter

2281 3897 2565 3969 Rachelem
2593 3896 2808 3952 Labano
2833 3899 3068 3963 servivit,
3099 3907 3152 3952 at
3179 3908 3419 3968 tempore
3450 3896 3758 3969 nuptiarum
3777 3905 3856 3957 illa

2281 3984 2384 4022 non
2407 3968 2620 4022 intravit
2643 3985 2659 4038 :7
2688 3984 2878 4038 scopus
2902 3978 3076 4022 tamen
3096 3969 3407 4037 patriarchae
3432 3968 3548 4025 erat
3573 3973 3854 4028 llacbelem

2279 4038 2493 4110 ducere,
2529 4037 2791 4110 sedfraus'
2810 4040 2980 4092 soceri
3006 4040 3166 4093 aliam
3196 4056 3290 4110 pro
3307 4041 3410 4094 alia
3443 4041 3674 4107 induxit,
3699 4054 3751 4100 et
3777 4045 3854 4099 in-

2278 4109 2432 4180 ducta
2459 4109 2788 4178 deprehensa
2813 4110 2906 4162 fuit
2928 4110 3035 4172 illa,
3079 4109 3205 4178 quae
3227 4127 3331 4164 non
3361 4112 3709 4180 quaerebatur
3740 4130 3753 4165 :
3789 4117 3853 4170 ita

2281 4179 2368 4232 Dei
2399 4194 2592 4247 scopus
2617 4188 2731 4233 erat
2759 4194 2970 4248 semper
2999 4189 3056 4234 ut
3079 4179 3694 4246 Ecclesiam’statueret;
3738 4187 3856 4240 sub-

2279 4248 2481 4304 induxit
2507 4265 2633 4303 vero
2670 4264 2988 4320 synagogam
3012 4292 3025 4313 ,
3061 4266 3164 4304 non
3191 4266 3284 4318 per
3313 4250 3418 4304 vim
3449 4262 3497 4305 et
3526 4252 3767 4308 fraudem
3791 4257 3851 4309 il-

2277 4321 2380 4373 lam
2417 4333 2694 4372 assumens
2721 4361 2736 4383 ,
2784 4321 2874 4372 sed
2906 4321 2971 4372 ad
2999 4321 3218 4388 figuram
3267 4322 3461 4375 veteris
3490 4321 3729 4376 historia:
3773 4341 3852 4380 res

2278 4399 2552 4457 coaptans.
2587 4393 2664 4443 Ae
2706 4391 3149 4456 quemadmodum
3174 4390 3357 4454 .Iacnb,
3391 4402 3611 4458 accepta
3643 4395 3756 4458 Lia,
3802 4397 3850 4449 in

2276 4473 2439 4526 scopo
2453 4473 2666 4527 semper
2688 4458 2972 4514 Rachelem
3005 4460 3218 4524 habuit,
3248 4462 3340 4515 sed
3372 4463 3476 4514 vim
3525 4462 3712 4517 fraude
3743 4467 3849 4518 illa.

2278 4539 2382 4602 tam
2407 4529 2526 4602 tulit
2548 4546 2559 4579 :
2584 4529 2659 4582 sic
2681 4539 2734 4602 et
2752 4529 3018 4602 Deusquo
3042 4539 3278 4599 tempore
3307 4546 3633 4602 synagogam
3654 4534 3847 4599 habuit,

2280 4600 2414 4653 hanc
2441 4597 2651 4669 oderat,
2683 4599 2824 4669 illam
2855 4597 3126 4669 diligebat.
3153 4597 3226 4655 Et
3246 4597 3364 4669 quis
3397 4597 3552 4656 nobis
3580 4603 3681 4658 hoc
3708 4597 3850 4658 testi-

2277 4668 2502 4740 ticaturi?
2545 4669 2662 4737 quis
2692 4668 2927 4722 historia:
2960 4668 3047 4724 sic
3087 4668 3439 4725 considerata:
3482 4687 3712 4740 sponsor
3737 4678 3849 4730 est?

2276 4739 2429 4810 Saepe
2459 4739 2597 4810 Deus
2636 4754 2756 4792 cum
2801 4753 3065 4810 synagoga
3098 4741 3267 4810 legem
3319 4739 3570 4797 servante
3613 4760 3846 4808 versans,

2275 4809 2517 4864 dicebat:
2545 4806 2697 4862 Festa
2741 4806 2898 4861 uestra
2926 4806 2972 4862 et
3009 4806 3313 4865 vneonieuius
3341 4822 3532 4866 vestras
3557 4815 3664 4866 odit
3684 4806 3846 4867 anima

2276 4895 2384 4932 mea
2409 4877 2558 4946 (lsai.
2589 4879 2634 4930 l.
2663 4879 2745 4933 I3.
2774 4879 2878 4949 14).
2907 4882 2981 4933 Ac
3002 4883 3448 4949 quemadmodum
3465 4881 3632 4938 Jacob
3649 4885 3848 4940 Rache-

2273 4951 2337 5004 Iis
2357 4949 2545 5019 faciem
2560 4950 2790 5019 amabat.
2810 4959 2864 5003 et
2887 4951 3248 5019 lippitudinem
3271 4954 3546 5006 oculorum
3573 4953 3685 5008 Liae
3706 4970 3848 5009 aver-

2274 5022 2496 5096 sabatur
2519 5017 2669 5096 (Erat
2683 5019 2858 5096 enim,
2893 5017 3079 5096 inquit,
3132 5021 3228 5076 Lia
3255 5023 3462 5090 inﬁrma
3491 5025 3651 5078 oculis
3695 5025 3841 5096 μέρη.

2272 5090 2361 5146 29.
2391 5090 2541 5162 I71):
2567 5089 2644 5142 sic
2683 5089 2819 5144 Deus
2848 5091 3190 5164 aversabatur
3218 5089 3562 5164 synagogam,
3595 5089 3715 5148 non.
3729 5113 3842 5152 cor-

2275 5176 2400 5238 pore
2427 5161 2750 5238 corruptam,
2782 5161 2874 5214 sed
2901 5161 3320 5238 animated-eain.
3346 5161 3471 5238 Ideo
3489 5163 3698 5238 dicebat
3732 5182 3842 5238 pro-

2277 5232 2429 5304 pheta
2453 5247 2466 5282 :
2497 5231 2562 5284 Et
2579 5231 2690 5298 quis
2713 5232 3018 5304 caecus,_nisi
3036 5233 3132 5304 ﬁlii
3157 5235 3249 5286 mei
3269 5233 3296 5304 3
3315 5243 3364 5304 et
3387 5236 3499 5304 quis
3520 5231 3842 5301 surdus,'nisi

2271 5303 2352 5369 qui
2394 5301 2718 5373 dominantur
2741 5301 2811 5354 eis
2839 5300 3012 5373 (rlsai.
3041 5302 3131 5357 42.
3163 5304 3252 5373 19)
3280 5303 3303 5356 τ
3335 5300 3408 5356 Et
3441 5306 3562 5358 eieci
3589 5300 3844 5373 fartisuut

2271 5375 2394 5425 servi
2427 5371 2536 5427 Det.
2559 5373 2634 5426 Ac
2664 5370 2803 5425 sicut
2824 5372 2932 5426 illic
2959 5378 3028 5426 ob
3056 5370 3329 5442 oculorum
3362 5370 3746 5433 inﬁrmitatem.
3774 5378 3837 5429 ita

2274 5441 2357 5497 hic
2382 5442 2463 5514 ob
2503 5443 2792 5514 etecfitatem
2819 5444 3010 5514 animae
3035 5456 3354 5514 synagogam
3392 5445 3598 5504 oderat.
3648 5447 3837 5501 Idcirco

2269 5513 2560 5566 carimtem
2590 5513 2798 5566 illorum
2821 5511 3448 5580 Senatorsubinilicans,
3471 5516 3683 5570 dicebat
3712 5537 3724 5566 :
3753 5516 3830 5569 Di-

2270 5585 2447 5635 mitttte
2473 5583 2606 5646 illos,
2635 5582 2784 5636 duces
2817 5595 2932 5636 sunt
2962 5599 3207 5637 atrorum
3238 5602 3255 5639 :
3296 5602 3455 5640 aecus
3475 5596 3642 5638 autem
3672 5590 3715 5641 si
3741 5604 3828 5640 αι·-

2269 5669 2381 5724 cum
2406 5652 2580 5724 ducat,
2627 5655 2773 5707 ambo
2819 5656 2871 5706 iu
2926 5654 3122 5723 [aream
3152 5656 3329 5708 cadent
3360 5655 3581 5724 (Matth.
3614 5658 3700 5712 15.
3734 5659 3830 5716 Nl.

2269 5722 2418 5796 Quod
2467 5737 2592 5796 vero
2649 5733 2760 5796 toto
2805 5722 3066 5796 tempore,
3111 5740 3216 5795 quo
3245 5722 3510 5796 synagoga
3552 5728 3830 5782 secundum

2273 5795 2441 5860 legem
2476 5793 2623 5866 vixit,
2673 5793 3065 5866 Dcusivuluerit
3104 5793 3353 5866 populum
3384 5793 3548 5851 illum
3573 5799 3645 5853 ob
3679 5802 3831 5866 ingn-

2277 5873 2385 5919 tum
2412 5864 2647 5920 animum
2671 5864 2970 5936 repudiare,
2999 5864 3310 5922 testiﬁcatur
3340 5867 3600 5940 propheta
3628 5864 3822 5928 dice—us;
