4050 6490
649 427 748 480 707

647 553 750 589 non
776 531 969 600 inCrpit
1001 572 1015 590 ,
1063 545 1229 600 neque
1257 532 1512 594 accessit,
1565 547 1735 600 neque
1777 531 2079 584 imminutus
2119 544 2200 586 est

646 610 812 656 nonor
838 642 852 664 ,
899 602 1032 654 absit
1073 620 1089 671 ς
1134 601 1226 656 sed
1257 603 1522 655 naturalis
1565 613 1642 654 est
1688 611 1741 655 et
1767 616 1892 671 fere
1937 601 2196 668 proprius.

647 675 812 726 linunt
846 669 1314 740 tianupte‘regmmt
1351 683 1430 725 est
1459 673 1626 725 Patris
1664 681 1716 723 et
1759 669 1870 722 Filii
1899 684 1948 724 et
1975 671 2201 735 Spiritus

643 744 843 807 sancti,
866 744 1001 795 sicut
1023 757 1122 794 una
1151 743 1440 796 snhstantia
1472 753 1523 795 et
1547 757 1644 794 una
1667 741 1976 793 dominatio.
2001 745 2199 802 Quam-

641 816 822 866 ohrem
875 826 974 863 una
1034 811 1342 866 adoratione
1385 814 1616 864 colamus
1660 827 1813 863 unam
1864 811 2203 881 triumhypo.

641 885 856 937 Stasinm
881 883 1243 944 divinitatem,
1285 884 1398 936 sine
1426 882 1716 950 principio,
1762 882 2049 934 increatam
2080 922 2094 946 ,
2125 883 2202 934 itt-

643 954 996 1014 tcrminalam,
1015 953 1128 1005 sine
1150 954 1504 1005 successione.
1530 951 1708 1018 Neque
1738 954 1877 1003 enim
1909 951 2061 1004 Pater
2090 969 2200 1004 nm-

641 1039 797 1090 quam
829 1023 1196 1076 cessaliitesse
1224 1023 1417 1090 Pater,
1471 1037 1642 1089 neque
1689 1021 1848 1074 Filius
1893 1036 2009 1075 esse
2041 1022 2202 1076 Filius

639 1089 694 1146 et
735 1093 882 1156 ltex,
925 1107 1094 1160 neque
1135 1089 1362 1159 Spiritus
1405 1104 1618 1145 sanctus
1661 1093 1890 1144 cessabit
1933 1107 2049 1145 esse
2103 1093 2197 1155 id,

637 1164 778 1230 quod
804 1173 886 1216 est
925 1164 1211 1229 hypostasi.
1253 1162 1388 1214 Nihil
1429 1162 1568 1214 enim
1612 1166 1660 1214 in
1709 1162 1962 1216 'l'riniiate
2000 1163 2202 1218 minue-

641 1243 767 1296 tur;
817 1247 919 1285 non
956 1232 1071 1284 linis
1101 1232 1200 1284 erit
1243 1233 1552 1284 attt-rnitatis
1577 1274 1588 1292 ,
1641 1242 1730 1284 aut
1775 1233 2158 1287 communionis
2182 1275 2198 1299 ,

637 1313 726 1356 aut
754 1302 918 1372 regni.
962 1300 1139 1367 Neque
1163 1303 1302 1356 enim
1337 1302 1495 1355 Filius
1529 1303 1616 1354 Dei
1647 1342 1662 1366 ,
1694 1301 1811 1369 quia
1855 1313 2068 1369 preptcr
2104 1319 2199 1356 nos

638 1373 803 1425 factus
847 1381 928 1425 est
957 1371 1114 1424 homo
1147 1415 1160 1438 ,
1184 1383 1235 1426 et
1265 1373 1619 1425 adversarium
1649 1385 1881 1442 nostrum
1921 1381 2197 1442 tyrannum

637 1441 870 1505 devicit,
917 1451 1074 1508 atque
1120 1444 1173 1496 in
1212 1458 1372 1496 carne
1413 1450 1608 1494 tantam
1648 1441 1712 1495 de
1740 1440 1954 1495 inimico
1974 1441 2086 1507 ejus
2117 1459 2191 1496 re-

638 1513 862 1580 portavit
888 1511 1199 1576 victoriam;
1241 1513 1359 1566 ideo
1391 1513 1499 1565 tte;
1537 1521 1750 1566 vocatus
1779 1521 1890 1575 est;
1937 1513 2029 1565 sed
2077 1515 2197 1580 quia

641 1581 775 1634 flens
796 1591 1104 1651 estsemper
1130 1593 1182 1636 et
1217 1582 1501 1644 Dominus,
1545 1583 1662 1636 ideo
1687 1591 1739 1634 et
1771 1582 1876 1634 llex
1909 1593 1990 1634 est
2014 1623 2027 1644 ,
2063 1590 2119 1635 nt
2146 1593 2200 1636 et

635 1651 853 1706 Genitor
881 1652 993 1721 ejus
1024 1670 1036 1704 :
1063 1667 1199 1705 nunc
1229 1667 1352 1704 vero
1385 1651 1488 1704 llex
1521 1661 1601 1704 est
1630 1691 1644 1712 ,
1699 1668 1814 1703 cum
1847 1651 1894 1704 id
1929 1652 2070 1718 prius
2100 1654 2195 1705 hac

637 1721 878 1792 huisset,
931 1721 1069 1775 etin
1112 1732 1444 1792 perpetuum.
1502 1721 1577 1774 Ne
1629 1723 1961 1792 hlasphemes
2012 1733 2194 1776 contra

633 1790 826 1846 ChriSti
855 1807 1069 1858 regnum
1096 1790 1170 1854 ,⁷ο
1203 1793 1445 1845 ineretice
1475 1833 1488 1854 ,
1537 1802 1590 1843 ut
1619 1807 1682 1844 ne
1711 1791 2014 1844 Genitorem
2037 1795 2193 1846 etiam

636 1862 940 1915 inhonores.
983 1863 1036 1915 Si
1065 1863 1232 1916 fidelis
1252 1877 1310 1915 es
1328 1903 1344 1927 ,
1369 1863 1592 1916 lideliter
1619 1861 1808 1915 accede
1833 1860 1895 1912 ad
1926 1861 2192 1916 Christum

633 1948 814 1985 verum
841 1933 1001 1986 Deum
1033 1943 1267 1985 nostrum
1290 1973 1304 1997 ,
1329 1942 1381 1985 et
1410 1948 1512 1986 non
1543 1932 1690 2001 quasi
1722 1931 2071 1985 velamentum
2105 1949 2197 1986 ne-

631 2002 811 2070 quitize
843 2002 1040 2056 habens
1069 2003 1385 2056 libertatem.
1426 2002 1479 2056 Si
1511 2016 1695 2056 servus
1723 2016 1813 2064 es,
1851 2017 1969 2053 cum
1995 2013 2194 2056 tremo-

635 2089 690 2125 re
732 2072 951 2126 Dotnino
978 2072 1218 2126 suhditus
1243 2082 1357 2126 esto
1391 2091 1402 2126 :
1437 2088 1553 2124 nam
1581 2073 1900 2139 disceptator
1930 2087 2030 2124 non
2063 2075 2195 2127 bene

632 2143 892 2205 affectus,
957 2143 1048 2195 sed
1105 2144 1272 2208 palam
1345 2143 1584 2195 inimicus
1633 2153 1730 2193 cst.
1799 2142 2062 2208 Scriptum
2115 2153 2196 2196 est

633 2214 773 2266 enim
800 2229 812 2264 :
841 2212 939 2278 Qui
965 2230 1062 2264 non
1086 2216 1296 2265 honorat
1325 2211 1513 2264 Filium
1540 2253 1553 2276 ,
1594 2228 1691 2264 non
1722 2212 1932 2264 honorat
1970 2211 2191 2278 Putrem,

631 2285 714 2349 qui
755 2283 883 2334 misit
920 2299 1029 2333 cum
1059 2283 1075 2350 (
1108 2283 1260 2335 Joan.
1291 2284 1343 2337 5.
1371 2284 1440 2336 εδ
1470 2286 1508 2350 ).

700 2353 754 2406 5.
794 2351 899 2406 Nos
951 2362 1124 2406 autem
1154 2394 1168 2415 ,
1209 2353 1431 2416 dilecti,
1485 2369 1549 2406 eo
1578 2361 1907 2406 revertamur
1934 2352 2068 2406 unde
2108 2352 2190 2406 di-

629 2425 793 2492 gressi
817 2437 1000 2478 sumus
1026 2464 1042 2486 ,
1074 2425 1361 2477 clamantes
1389 2463 1402 2485 ,
1434 2421 1728 2476 Benedictus
1752 2424 1836 2488 qui
1868 2424 1994 2474 venit
2020 2423 2069 2474 in
2096 2440 2190 2476 no-

629 2494 761 2547 mine
784 2492 986 2547 Domini
1014 2533 1028 2555 ,
1074 2503 1252 2560 pastor
1273 2494 1358 2547 ille
1385 2493 1552 2546 bonus
1580 2534 1592 2554 ,
1636 2503 1690 2546 ut
1720 2505 1935 2560 poneret
1963 2494 2189 2546 animam

628 2579 777 2617 suam
811 2578 905 2632 pro
929 2562 1116 2616 ovibus
1143 2565 1285 2628 suis;
1338 2575 1392 2616 ut
1427 2564 1563 2616 sicut
1593 2563 1626 2616 ii
1658 2603 1672 2625 ,
1717 2565 1804 2630 qni
1848 2564 1998 2618 Inuus
2038 2564 2190 2617 ovina

627 2649 789 2688 carne
813 2644 1085 2687 vescentes
1113 2645 1368 2687 venantur
1393 2673 1409 2698 ,
1447 2635 1585 2699 ipsos
1612 2647 1710 2686 ove
1736 2634 1907 2686 Oblata
1931 2633 2140 2700 capiunt
2176 2651 2190 2687 :

626 2706 703 2759 sic
725 2703 1081 2773 spiritualibus
1099 2704 1390 2756 animarum
1413 2703 1835 2756 interfectoribus
1865 2702 2040 2773 lupis,
2072 2719 2190 2756 sese

627 2785 682 2828 ut
713 2771 978 2828 hominem
1001 2771 1225 2827 offerens
1254 2773 1506 2841 Princeps
1534 2783 1798 2840 pastorum
1825 2812 1838 2831 ,
1875 2772 2186 2841 venabulum

627 2845 878 2914 obiiceret
899 2883 913 2908 ,
939 2844 1002 2898 iis
1025 2844 1110 2912 qui
1134 2844 1242 2912 jam
1270 2843 1394 2897 olim
1423 2840 1682 2914 Adamqu
1713 2843 2056 2895 venabantur.
2087 2840 2186 2894 Be-

625 2911 850 2969 nedictus
902 2915 986 2980 qui
1017 2911 1153 2966 venit
1190 2915 1242 2967 in
1283 2914 1480 2966 nomine
1520 2911 1720 2965 Domini
1754 2954 1769 2976 ,
1821 2914 1957 2965 Dens
2005 2922 2186 2965 contra

622 2986 888 3039 diabolum
919 3025 933 3046 ,
989 3000 1092 3037 non
1140 2995 1320 3051 aperte
1352 2999 1443 3052 per
1484 2983 1795 3036 invisibilem
1831 2991 2135 3049 potestatem
2170 3023 2184 3043 ,

623 3056 717 3110 sed
748 3071 839 3124 per
871 3055 1225 3133 infirmitatem
1252 3056 1425 3133 carpis
1451 3063 1566 3133 ...ιιι
1615 3053 1998 3133 alligareteum
2030 3093 2044 3111 .
2099 3052 2184 3132 qui

622 3123 805 3180 contra
829 3139 922 3178 nos
951 3124 1099 3176 fortis
1133 3135 1268 3178 erat.
1323 3123 1615 3175 Benedictus
1639 3123 1722 3192 qui
1753 3123 1882 3175 venit
1908 3125 1958 3174 in
1988 3123 2186 3174 nomine

625 3195 828 3248 Domini
853 3234 868 3260 ,
901 3193 1009 3247 llex
1028 3203 1208 3246 contra
1234 3203 1507 3262 tyrannum
1529 3233 1544 3256 ,
1593 3209 1694 3246 non
1726 3209 1820 3263 per
1847 3193 2183 3259 omnipoten-

623 3277 726 3318 ιιτιιι
760 3274 1070 3331 potestatem
1120 3272 1175 3318 et
1219 3265 1527 3332 sapientiam
1557 3303 1570 3324 ,
1617 3263 1706 3316 sed
1743 3279 1832 3329 per
1880 3265 2050 3315 crucis
2083 3303 2096 3325 ,
2129 3273 2188 3316 ut

622 3335 902 3404 putabatur
926 3376 940 3395 ,
967 3333 1240 3386 stultitiam
1267 3373 1281 3396 ,
1317 3345 1370 3404 ut
1414 3333 1683 3404 prudentis
1718 3335 1778 3404 in
1816 3332 2045 3404 nequitia
2074 3346 2189 3404 sor-

621 3401 794 3474 peutis
815 3404 980 3474 spolia
1012 3404 1284 3471 diriperet.
1319 3401 1614 3474 Benedictus
1641 3402 1726 3470 qni
1754 3403 1878 3453 venit
1911 3404 1961 3453 in
1990 3402 2188 3454 nomine

625 3473 864 3538 Domini,
923 3490 1077 3527 verax
1109 3483 1290 3527 contra
1325 3473 1630 3526 mendacem
1668 3514 1681 3535 ,
1730 3474 1977 3525 Servatur
2003 3484 2184 3525 contra

620 3547 972 3614 perniciosum
999 3585 1014 3607 ,
1064 3543 1310 3610 Princeps
1339 3547 1481 3612 pacis
1506 3553 1683 3595 contra
1717 3557 2043 3614 pugnacem,
2091 3543 2186 3614 lio-

621 3611 819 3670 ininnm
875 3626 1080 3668 amator
1134 3626 1314 3666 contra
1375 3614 1645 3665 hominum
1695 3626 1923 3665 osorem.
1964 3611 2181 3664 Benedi-

618 3698 727 3738 ctus
785 3685 868 3751 qui
928 3686 1053 3738 venit
1125 3685 1176 3736 in
1239 3684 1437 3737 nomine
1504 3683 1750 3743 Domini,
1799 3696 1963 3750 penes
2034 3686 2183 3749 cujus

618 3757 895 3809 arbitrium
949 3766 1026 3808 est
1070 3769 1280 3808 servare
1340 3763 1600 3808 errantem
1662 3753 1927 3806 hominem
1960 3791 1974 3814 ,
2031 3766 2183 3805 erro-

619 3843 729 3880 rem
757 3827 990 3883 solvere.
1019 3839 1110 3876 eos
1131 3866 1144 3888 ,
1177 3825 1263 3892 qni
1288 3825 1337 3876 in
1367 3825 1595 3877 tenebris
1638 3832 1791 3876 erant
1833 3863 1848 3885 ,
1899 3823 2014 3875 iure
2064 3838 2190 3888 ρει-ο·

619 3897 836 3951 fundcre
866 3937 878 3958 ,
920 3895 1178 3948 idolorum
1219 3894 1475 3949 fallaciam
1511 3893 1687 3948 delere
1716 3933 1730 3956 ,
1772 3896 2056 3946 salutarem
2093 3893 2182 3946 Dei

618 3967 971 4032 cognitionem
1041 3965 1376 4018 introducere
1411 4005 1425 4027 ,
1483 3963 1734 4016 mundum
1802 3962 2132 4032 sanctilicare
2167 4003 2181 4025 ,

618 4030 999 4090 exsecrandum
1025 4045 1077 4087 et
1105 4035 1311 4086 inanem
1338 4036 1534 4088 cultum
1563 4035 1854 4087 eliminare.
1885 4030 2184 4086 Benedictus

618 4107 701 4175 qui
727 4107 857 4158 venit
885 4106 934 4157 in
961 4105 1160 4175 nomine
1194 4103 1413 4168 Domini,
1445 4118 1580 4175 unus
1608 4119 1700 4168 pro
1723 4104 1920 4175 multis.
1955 4113 2009 4155 ut
2034 4112 2184 4155 eruat

617 4173 783 4245 genus
815 4175 1096 4228 hutnannm
1129 4174 1195 4228 de
1223 4189 1376 4226 manu
1401 4173 1671 4245 fortiorum
1704 4174 1794 4227 illo
1817 4214 1831 4236 ,
1882 4187 2103 4245 egenum
2130 4183 2183 4245 et

623 4242 903 4314 pauperem
932 4260 959 4314 a
991 4245 1358 4314 diripientibus
1389 4259 1530 4295 eum.
1578 4242 1873 4296 Benedictus
1920 4243 2004 4314 qui
2053 4243 2182 4296 venit

621 4312 671 4368 in
695 4315 890 4367 nomine
918 4313 1136 4372 Domini.
1166 4326 1220 4366 ut
1240 4312 1479 4366 infundat
1501 4314 1676 4365 vinum
1698 4326 1751 4367 et
1769 4315 1939 4367 oleum
1963 4313 2013 4366 iu
2039 4328 2182 4376 eum,

620 4387 709 4454 qui
733 4384 913 4438 incidit
959 4385 1010 4436 in
1059 4385 1288 4437 latrones
1313 4424 1328 4448 ,
1382 4394 1436 4436 et
1459 4385 1545 4451 qui
1573 4383 1850 4450 despectus
1871 4382 1984 4436 fuit.
2025 4381 2182 4434 Bene-

2107 418 2368 474 Sl’UlllA.

1941 4498 2321 4506 --η-.--η

1708 4531 2737 4725 fama

3789 423 3889 479 τιεε

2308 535 2468 587 dictus
2515 535 2599 600 qui
2649 533 2775 585 rcnit
2823 532 2875 584 in
2927 533 3126 585 nomine
3172 530 3378 585 Damini
3407 576 3422 595 ,
3473 545 3525 584 ut
3574 547 3750 588 Servet
3795 555 3886 591 ιω,

2310 620 2402 671 per
2458 606 2730 668 scipsum,
2783 604 2916 675 sicut
2961 603 3038 675 ait
3097 603 3354 669 propheta
3387 644 3400 664 ,
3465 603 3586 656 Non
3645 607 3840 675 legatus
3873 651 3886 672 ,

2308 690 2406 725 non
2424 677 2657 744 innqelns,
2703 673 2789 726 scd
2817 673 2921 744 ipse
2950 671 3194 744 Dominus
3235 675 3442 726 saluauit
3489 691 3572 726 eos
3603 671 3750 744 (nar.
3798 671 3885 732 63;

2307 745 2384 798 9t.
2419 743 2538 798 Ideo
2582 753 2634 796 et
2681 759 2775 795 nos
2822 742 3180 796 benedicinuts
3229 753 3297 806 te,
3348 742 3723 814 l)omine,‘qui
3766 764 3888 800 cum

2310 815 2462 867 l'::t"e
2490 824 2540 868 et
2578 814 2773 880 Spiritu
2800 823 2984 867 sancto
3012 824 3134 866 ante
3161 813 3352 866 sascula
3394 825 3444 868 et
3480 817 3530 867 in
3561 818 3753 871 saecula
3784 834 3886 871 sa:-

2306 887 2542 936 ι·ιι¹ιιιίιιιι
2575 884 2881 937 bern-dictus
2909 898 2968 937 es
3000 900 3012 933 :
3041 896 3161 936 ante
3189 886 3376 936 sa'cula
3407 893 3463 938 et
3493 901 3662 954 usque
3688 888 3754 941 ad
3792 890 3889 942 hoc

2309 965 2513 1020 lt'tltptlS
2554 959 2924 1019 incorporeus;
2969 969 3105 1007 nunc
3133 963 3306 1006 autem
3337 964 3390 1006 et
3425 957 3475 1007 in
3514 958 3736 1018 sareula,
3770 974 3888 1011 cum

2306 1025 2501 1082 divina.
2550 1025 2860 1078 immutabili
2906 1033 2958 1076 et
3001 1025 3298 1076 inilivi~ilnli
3352 1025 3720 1082 incarnatione
3776 1040 3884 1081 tua.

2309 1095 2525 1164 Reliqua
2570 1095 2857 1164 videamus.
2911 1095 3044 1160 Quid
3085 1095 3207 1145 dicit
3256 1094 3462 1146 divinus
3515 1102 3889 1162 eraitgelisti‘,’

2306 1163 2431 1217 Cum
2448 1163 2689 1218 intrasset
2713 1163 2958 1218 Dominus
2985 1163 3033 1216 in
3062 1164 3318 1230 templum,
3341 1179 3654 1220 accesserunt
3680 1169 3751 1220 ad
3774 1186 3885 1222 enni

2305 1238 2422 1288 acri
2453 1247 2498 1288 et
2530 1236 2715 1295 claudi,
2734 1247 2793 1304 "et
2821 1235 3009 1287 curavit
3040 1251 3140 1286 eos.
3181 1232 3406 1286 l'identes
3433 1248 3599 1288 autent
3631 1240 3885 1304 princires

2301 1307 2617 1358 sacerdotum
2645 1317 2690 1358 et
2719 1303 2966 1358 Pharisaei
2992 1304 3234 1376 miracula
3269 1320 3380 1367 qua:
3416 1305 3653 1376 faciebat,
3689 1319 3734 1359 et
3761 1327 3886 1376 pue-

2301 1391 2382 1428 ros
2404 1377 2675 1428 clamantes
2702 1387 2746 1426 et
2775 1376 3010 1438 dicentes,
3043 1373 3287 1427 Hosanna
3313 1376 3417 1438 ﬁlio
3450 1375 3636 1440 David,
3673 1373 3878 1430 ben'edto

2300 1455 2409 1498 rtus
2437 1448 2521 1507 qui
2545 1447 2670 1498 venit
2697 1445 2747 1496 in
2782 1448 2979 1498 nomine
3020 1443 3220 1497 Domini
3254 1444 3465 1510 (Matth.
3511 1445 3603 1500 ii.
3642 1449 3726 1501 Η.
3767 1449 3879 1514 l5).

2300 1515 2412 1578 ejus
2438 1516 2690 1568 honorem
2719 1531 2820 1568 non
2853 1516 3108 1569 tulerunt.
3131 1515 3304 1580 Quare
3327 1517 3644 1570 acri-dentes
3671 1517 3737 1571 ad
3761 1535 3881 1571 eum

2299 1586 2563 1649 dici-haut,
2597 1582 2718 1638 Non
2739 1586 2886 1638 audis
2911 1586 3034 1654 quid
3057 1585 3108 1637 lii
3133 1585 3301 1636 dicunt
3332 1583 3470 1644 (Ibid
3517 1605 3565 1640 v.
3609 1588 3695 1648 l6)
3714 1592 3742 1640 Σ
3766 1588 3881 1643 Non

2299 1671 2436 1728 ςγδι-ις
2467 1655 2572 1708 fers
2598 1656 2736 1728 quod
2762 1653 2930 1728 gloria
2959 1653 3205 1728 alliciaris
3236 1655 3496 1728 nt__Deus?
3527 1674 3633 1709 non
3664 1658 3882 1728 ind’gue

2300 1726 2422 1785 fers.
2457 1742 2576 1778 cum
2623 1727 2774 1780 audis
2820 1726 2886 1777 ab
2917 1725 2999 1778 his
3031 1724 3396 1776 innmenlilms
3436 1739 3497 1778 ea
3537 1743 3658 1793 ιιιιςυ
3709 1724 3878 1782 solum

2303 1798 2462 1848 Dento
2491 1796 2717 1851 decent?
2743 1812 2917 1848 annon
2964 1797 3100 1848 Deus
3131 1796 3238 1858 jam
3271 1795 3396 1847 olim
3438 1811 3530 1862 per
3562 1797 3876 1864 prophetam

2297 1865 2599 1924 declaravit,
2635 1864 2856 1918 Gloriam
2896 1881 3058 1917 meum
3098 1864 3242 1916 alteri
3281 1880 3380 1916 non
3425 1867 3553 1917 dabo
3583 1864 3741 1931 (lsai.
3789 1867 3876 1922 ἃ.

2298 1934 2352 2002 8)
2371 1938 2392 1988 ?
2414 1945 2484 1998 et,
2518 1938 2779 2002 Quomodo
2801 1935 3038 1988 tu.homo
3065 1951 3175 1986 cum
3203 1935 3288 1992 sis.
3316 1936 3442 2002 fucis
3473 1937 3691 2003 teipsum
3717 1936 3812 1990 De:
3831 1956 3879 1990 in

2298 2004 2471 2070 (Joan.
2501 2008 2585 2060 10.
2611 2006 2862 2076 55)?Scd
2890 2006 3012 2072 quid
3036 2004 3097 2076 ad
3130 2005 3576 2076 ha'clonganiiuis
3610 2008 3717 2068 ille,
3745 2010 3879 2060 mul-

2299 2087 2380 2128 tus
2412 2077 2460 2129 in
2489 2073 2869 2134 iniseriCOrdia,
2898 2083 2949 2128 et
2981 2074 3160 2126 tardus
3199 2074 3262 2126 ad
3293 2073 3459 2127 iram?
3497 2074 3762 2132 Furentes
3796 2089 3872 2132 to-

2297 2147 2447 2208 lerat,
2481 2148 2609 2199 iram
2653 2146 2803 2201 sedat
2831 2147 3133 2198 excnsmnlo
3181 2159 3256 2204 se,
3299 2145 3604 2213 Scripturas
3641 2147 3874 2202 vicissim

2295 2217 2530 2283 opponit.
2566 2216 2862 2270 testimonia
2898 2213 3098 2280 ιιι-ιιΐιτι
3129 2224 3442 2280 opportuna,
3476 2231 3650 2280 neque
3680 2218 3876 2271 de-init

2296 2286 2639 2355 interrogare,
2692 2286 2915 2353 ideoque
2955 2287 3027 2336 ait
3057 2303 3069 2338 :
3098 2285 3388 2355 Numquam
3423 2295 3476 2337 et
3521 2301 3616 2340 \os
3654 2288 3874 2342 audistis

2293 2372 2379 2409 me
2407 2354 2832 2424 perprophetam
2865 2356 3126 2408 dicentem
3165 2372 3176 2406 :
3208 2354 3353 2407 Tunc
3378 2358 3716 2426 cognoscetis
3750 2373 3870 2426 quia

2295 2440 2394 2494 ego
2423 2442 2654 2494 prtesens
2696 2426 2924 2493 loquor?
2976 2439 3332 2496 nocrursnm,
3369 2425 3446 2477 lix
3476 2441 3571 2496 ore
3601 2425 3871 2496 infantium

2292 2507 2338 2548 et
2364 2498 2647 2549 lactentium
2694 2496 2942 2562 nerfecisti
2972 2494 3173 2547 (andem
3222 2506 3424 2562 propter
3465 2494 3698 2549 inimicos
3740 2510 3868 2554 tuos.

2295 2578 2345 2618 stt
2375 2568 2602 2619 destruas
2627 2567 2880 2618 initttirttttt
2918 2576 2961 2616 et
2992 2566 3201 2618 ultorem
3236 2565 3414 2628 (Joan.
3462 2565 3513 2619 8.
3553 2564 3686 2634 28)?
3715 2565 3868 2621 Tales

2294 2639 2422 2690 estis
2456 2651 2566 2695 vos.
2596 2638 2682 2703 qui
2716 2635 2883 2704 legem
2925 2635 3212 2698 attenditis,
3241 2646 3307 2705 et
3352 2637 3640 2705 prophetas
3681 2638 3865 2705 legitis.

2291 2717 2344 2760 et
2375 2724 2456 2760 me
2498 2709 2545 2759 in
2580 2707 2693 2774 lege
2737 2706 3075 2775 pra'dicatum
3105 2704 3390 2775 despicitis.
3434 2704 3697 2775 iVideminl
3728 2704 3871 2758 natu-

2291 2792 2392 2844 que
2426 2779 2632 2844 pietatis
2660 2774 2878 2828 obtentu
2916 2774 3004 2827 Dei
3044 2774 3606 2844 gloriamvindicare:
3651 2794 3754 2828 non
3788 2779 3868 2829 in-

2293 2843 2586 2916 telligentes
2617 2862 2758 2910 eum,
2781 2845 2867 2916 qui
2892 2862 2974 2896 tne
2994 2844 3236 2916 despicit,
3269 2843 3477 2897 Patrem
3505 2847 3665 2898 etiam
3693 2846 3868 2916 despi-

2289 2912 2430 2969 cere.
2469 2916 2579 2983 Ego
2603 2917 2742 2968 enim
2770 2912 2809 2965 ει
2831 2915 2936 2967 Deo
2963 2912 3130 2979 exivi,
3171 2924 3224 2966 ct
3265 2916 3380 2983 veni
3412 2917 3458 2965 in
3491 2917 3743 2968 mnudmn
3771 2912 3866 2968 e'et

2288 2988 2451 3054 gloria
2489 2982 2600 3037 nica
2629 2995 2710 3040 est
2737 2985 2900 3053 gloria
2943 2984 3111 3037 Patris
3139 2985 3261 3036 mei.
3292 2982 3378 3038 Sic
3408 2984 3664 3037 confutali
3693 3001 3720 3036 a
3743 2987 3866 3039 Scr-

2288 3066 2470 3110 vatore
2517 3067 2697 3108 nostro
2745 3057 2851 3108 Deo
2893 3054 3058 3107 insani
3110 3055 3202 3110 itli.
3249 3054 3614 3108 ίυιιῑιῖιάἐοιῖνθ
3653 3056 3865 3124 quidem

2287 3135 2584 3190 cessarunt,
2616 3141 2643 3178 a
2689 3126 2907 3179 veritate
2950 3124 3233 3185 refrenati;
3278 3124 3368 3177 sed
3417 3127 3658 3177 insanum
3706 3127 3862 3179 alium

2289 3195 2597 3250 inducirntcs
2637 3198 2946 3261 cogitatum,
2999 3195 3274 3247 Consilium
3331 3195 3561 3247 inierunt
3617 3197 3865 3247 adversus

2288 3282 2430 3319 eum.
2465 3265 2569 3318 Nos
2600 3282 2725 3319 vero
2773 3267 3055 3329 psallamus
3090 3281 3101 3317 ε
3133 3263 3349 3332 Magnus
3393 3263 3638 3317 Dominus
3679 3276 3863 3322 noster,

2288 3348 2333 3388 et
2366 3353 2545 3401 magna
2572 3337 2725 3387 virtus
2755 3335 2884 3401 ejus,
2917 3344 2959 3386 et
2989 3336 3247 3401 sapientia:
3275 3335 3410 3385 illius
3441 3350 3538 3386 non
3576 3345 3647 3386 est
3688 3351 3832 3386 nume

2289 3353 2333 3388 et
2366 3353 2442 3386 mn
2482 3353 2545 3387 nn
2572 3353 2725 3387 virtus
2755 3353 2884 3401 ejus,
2917 3353 2959 3386 et
2989 3353 3247 3401 sapientia:
3275 3353 3410 3385 uitus
3441 3353 3538 3386 non
3576 3353 3647 3386 est
3688 3353 3832 3386 nunt:

2289 3423 2374 3458 rus
2403 3353 2569 3474 (fetial.
2607 3406 2720 3458 I46.
2757 3406 2830 3467 5).
2867 3404 2989 3457 ll;cc
3019 3404 3210 3472 quippe
3254 3407 3426 3455 omnia
3463 3408 3600 3474 facta
3639 3414 3779 3468 sunt,
3813 3415 3865 3457 nt

2288 3477 2374 3543 ιιιιί
2403 3473 2532 3529 tollit
2580 3488 2850 3543 peccatum
2900 3475 3076 3526 mundi
3123 3479 3301 3542 Agnus
3339 3483 3390 3524 et
3438 3473 3602 3526 Filius
3645 3478 3734 3528 Dei
3773 3489 3863 3527 κο-

2289 3547 2512 3598 Innuirie
2545 3561 2638 3611 pro
2667 3545 2818 3599 nobis
2856 3544 2921 3596 ad
2966 3544 3249 3597 salutarem
3293 3544 3592 3608 passionem
3636 3545 3863 3600 veniret.

2286 3628 2339 3670 et
2372 3618 2420 3668 in
2456 3617 2703 3682 praetorio
2733 3622 3127 3682 agnosceretur,
3179 3621 3233 3664 et
3271 3621 3326 3665 ut
3366 3615 3453 3681 qui
3506 3616 3867 3682 despicicliaut

2287 3703 2440 3747 cuiu,
2492 3686 2578 3753 ιιιιί
2635 3684 2846 3738 vivilico
2884 3685 3138 3751 sanguine
3177 3697 3273 3734 suo
3317 3684 3570 3736 mundum
3621 3685 3863 3745 redemit,

2287 3760 2649 3809 consentirent
2679 3757 2820 3808 circa
2868 3755 3074 3822 triginta
3108 3762 3408 3821 argenteos,
3445 3763 3497 3804 ct
3537 3757 3731 3822 pascha
3773 3770 3865 3821 pra

2291 3827 2442 3878 nobis
2467 3825 2830 3877 immolaretur
2851 3820 3089 3875 Christus
3119 3837 3132 3876 :
3165 3820 3212 3873 ut
3238 3823 3324 3891 qni
3355 3820 3584 3888 pretioso
3611 3825 3726 3890 ejus
3747 3820 3867 3877 san-

2286 3895 2444 3966 guiue
2468 3895 2668 3963 aSpersi
2697 3905 2841 3966 sunt,
2866 3909 3086 3966 quorum
3118 3892 3252 3966 labia
3285 3893 3449 3966 instar
3481 3892 3721 3966 liminum
3743 3904 3865 3947 sunt

2287 3961 2578 4033 obsignata,
2626 3963 2903 4031 perniciosi
2947 3961 3088 4014 illius
3121 3963 3222 4014 tela
3266 3963 3513 4033 effugiant
3541 3979 3553 4025 ;
3590 3974 3642 4017 et
3673 3965 3749 4016 sic
3779 3966 3863 4026 qui

2286 4031 2447 4089 carne
2492 4048 2674 4102 passus
2717 4045 2797 4088 est
2843 4033 3084 4085 Christus
3128 4041 3182 4083 et
3235 4031 3510 4102 triduanns
3557 4037 3862 4093 resurrexit,

2286 4121 2404 4157 cum
2437 4101 2591 4159 Patre
2615 4114 2670 4158 et
2699 4104 2897 4171 Spiritu
2929 4113 3114 4154 sancto
3141 4101 3250 4168 pari
3278 4116 3397 4153 cum
3430 4102 3642 4171 honore
3671 4111 3724 4155 et
3749 4103 3859 4171 glo-

2289 4178 2362 4230 ria
2405 4175 2471 4229 ab
2516 4176 2658 4228 omni
2697 4170 2937 4227 creatura
2981 4171 3307 4234 honoretur;
3342 4172 3462 4238 quia
3497 4172 3592 4239 ipsi
3624 4170 3861 4225 ﬂectetur

2286 4261 2443 4300 strnue
2459 4260 2594 4313 genu
2616 4244 2927 4304 ca-lestiutn,
2948 4243 3286 4313 terrestrium
3311 4253 3364 4294 et
3387 4241 3734 4313 inlernoruut,
3759 4243 3861 4308 glo-

2288 4318 2419 4369 riam
2449 4310 2546 4384 ipsi
2575 4315 2918 4368 referendum
2946 4311 2998 4365 in
3027 4311 3218 4364 swcula
3243 4310 3578 4364 saeculorum.
3603 4313 3794 4366 Amen.

3352 4491 3688 4503 ——_—.

2559 4496 2710 4504 ..-ι-.-
2719 4496 2764 4503 φ

2737 4493 3847 4546 ξὲἓι--Ξξ

3363 4531 3724 4544 .——~

1990 4795 2052 4851 IN
2090 4797 2494 4866 SEQUENTES

1453 4938 1553 4998 DE
1596 4937 1859 4998 BEATA
1904 4936 2235 4997 VIRGINE
2279 4935 2531 4996 MAlllA
2577 4935 3051 4998 Ol’tATlONES.

699 5082 945 5153 Ejusdem
979 5081 1158 5153 farina:
1178 5090 1299 5132 sunt
1325 5090 1604 5153 sapientes
1625 5078 1690 5132 de
1713 5079 1770 5132 Β.
1796 5075 1859 5153 γ,
1889 5076 2049 5153 Maria
2073 5090 2189 5153 αρτ-

627 5146 833 5221 moues,
871 5154 959 5223 qui
985 5153 1104 5222 jure
1133 5152 1184 5204 in
1219 5150 1450 5202 tenebris
1478 5149 1772 5213 latuissent,
1802 5148 1901 5200 nisi
1934 5147 2054 5200 illos
2090 5146 2189 5201 Sa-

2300 5077 2452 5129 vilins
2500 5081 2837 5146 pulilicassct.
2887 5079 3149 5134 Fortassis
3198 5095 3324 5133 vero
3367 5095 3433 5134 ex
3488 5082 3674 5137 eodem
3728 5082 3858 5137 fonte

2299 5150 2464 5200 eodei.
2491 5166 2588 5216 que
2611 5162 2826 5234 auctore
2861 5151 3138 5217 prodeunt.

626 5276 2335 5298 ______________________________

1597 5371 1657 5414 18
1702 5371 1754 5414 8.
1805 5368 2110 5413 VIBGINEI
2157 5365 2235 5408 ετ
2278 5367 2596 5413 ΒΕΙΡΔΒΔΙ
2639 5370 2914 5414 ΠΔΙΙΑΙ.

2016 5497 2472 5526 -ο-

699 5611 897 5666 Omnes
950 5608 1160 5676 quidem
1221 5605 1590 5660 memorabiles
1641 5605 1973 5676 celebritates
2029 5605 2197 5659 adrni-

634 5683 812 5737 raodze
863 5673 1008 5739 sum,
1054 5689 1108 5732 et
1159 5679 1431 5730 stellarum
1476 5673 1743 5744 splendori
1791 5677 2195 5746 comparabiles.

1160 5747 1414 5815 positione
1439 5760 1532 5799 sua
1573 5746 1625 5798 in
1671 5747 1802 5800 caelo
1832 5748 1948 5800 lixa:
1977 5758 2117 5809 sunt,
2148 5755 2199 5799 et

636 5836 699 5875 ex
731 5825 902 5891 posito
931 5830 1065 5874 intcr
1094 5817 1328 5887 sttignlas
1357 5816 1630 5870 intervallo
1659 5817 2079 5885 spectabiliores,
2110 5827 2194 5870 1οο

637 5751 766 5808 Nam
793 5753 927 5804 sicut
955 5750 1122 5804 stella:

2301 5615 2515 5673 tumque
2558 5615 2714 5662 terra:
2759 5607 2942 5661 orbem
2987 5605 3289 5676 illustrant;
3319 5615 3480 5676 atque
3509 5608 3693 5662 eadem
3721 5605 3854 5676 stella

2298 5672 2440 5746 apud
2481 5677 2635 5731 Indos
2681 5678 2908 5739 videtur,
2939 5687 2992 5732 et
3035 5675 3248 5748 Scythis
3290 5672 3404 5730 non'
3439 5679 3767 5740 (multatur;
3806 5672 3853 5727 in

2299 5749 2600 5802 centineme
2630 5747 2876 5816 splendet
2903 5756 2956 5800 et
3006 5747 3150 5800 mare
3179 5747 3463 5807 illuminat.
3491 5758 3545 5802 et
3571 5749 3859 5816 navigantes

2301 5820 2556 5884 gubernat
2584 5835 2597 5882 ;
2634 5820 2926 5887 harnnnjue
2969 5817 3241 5872 stellatum
3286 5818 3505 5873 nomine
3531 5819 3602 5873 ob
3632 5817 3851 5874 multitu-
