4062 6496
195 484 292 540 γει

190 596 438 662 gratiam,
466 608 625 665 quam
654 588 777 647 dedi
800 587 891 665 tibi
913 607 924 642 :
944 603 1035 665 vas
1055 588 1195 665 enim
1229 588 1497 665 indignum
1527 600 1767 665 unguen:

198 657 306 719 {nm
338 657 551 719 mleste
574 662 713 717 ferre
738 662 938 731 nequit.
969 658 1106 727 Quid
1143 673 1301 727 porro
1326 657 1497 731 dicam
1515 657 1769 731 de‘Juda?

198 735 389 814 Petrus
423 733 510 814 qui
536 727 940 814 clavemmregni
989 731 1240 814 mulorum
1278 728 1521 814 accepit,
1569 727 1766 814 [segem

193 804 383 872 gloria:
414 796 599 857 videns
623 796 932 872 cruciﬁxum
956 841 969 864 ,
1002 798 1222 872 abjcetis
1252 796 1720 872 clavibusaul‘ugit
1753 812 1765 848 :

195 867 253 927 ἐι
280 872 418 927 latro
437 875 527 942 qui
555 871 828 925 hominum
852 870 1002 942 fores
1020 868 1312 942 aperiebat,
1339 870 1449 935 ipse
1470 867 1646 942 claves
1674 880 1765 942 pa-_

194 943 359 996 radisi
392 936 583 1010 rapuit.
617 942 807 995 Petrus
834 940 922 1010 qui
955 938 1117 1010 dixit,
1142 937 1510 1010 Sigoportuerit
1542 936 1769 1010 memori

190 1020 377 1077 tecum,
405 1006 503 1065 non
533 1020 579 1064 te
610 1006 1031 1080 negabo(MalIli.
1053 1007 1141 1060 26.
1176 1007 1243 1061 35
1276 1008 1333 1080 ),
1390 1016 1471 1059 ter
1514 1006 1724 1080 negavit
1752 1022 1767 1067 ;

198 1090 257 1135 et
284 1084 417 1134 latro
449 1082 536 1150 qui
560 1077 821 1133 non'voce
844 1083 1180 1150 promiserat,
1200 1078 1291 1150 sed
1317 1090 1518 1150 recum
1542 1077 1652 1142 ipsa
1686 1090 1770 1128 re-

193 1145 529 1205 surrectione
568 1145 910 1211 moriebatur,
961 1146 1207 1201 dicebat:
1244 1145 1473 1208 Domine,
1525 1152 1770 1198 memento

194 1220 315 1283 mei,
340 1236 452 1273 cum
480 1221 669 1273 reneri:
695 1219 745 1271 in
774 1233 979 1286 regnum
1029 1224 1188 1268 tuum.
1236 1216 1395 1286 Latro
1446 1216 1769 1286 principatus

190 1298 250 1343 ct
278 1298 565 1355 potestates
593 1304 695 1341 non
726 1284 944 1350 metuit;
971 1295 1023 1337 et
1041 1286 1230 1339 Petrus
1254 1284 1440 1351 puellae
1467 1285 1638 1355 minas
1662 1297 1768 1355 non

194 1351 333 1412 tulit.
360 1359 520 1413 Latro
543 1357 829 1418 clamabat,
883 1356 1095 1408 Domine
1126 1373 1145 1419 ;
1176 1364 1227 1407 et
1254 1354 1466 1417 Petrus,
1501 1351 1620 1406 Non
1653 1353 1769 1408 novi

190 1429 329 1480 hunc
355 1428 628 1490 hominem,
658 1439 811 1495 quem
835 1426 989 1494 paulo
1019 1437 1141 1495 ante
1177 1423 1367 1495 Filium
1399 1421 1766 1495 Deigvocabat.

190 1497 385 1567 Petrus
418 1497 507 1567 qui
552 1490 710 1565 supra
758 1490 1238 1567 ma'rerambulavit,
1268 1493 1512 1567 eumqui
1547 1490 1769 1567 pedibus

191 1562 463 1620 humidam
492 1562 733 1620 naturam
756 1566 1014 1623 calcabat.
1041 1564 1289 1633 negavit;
1314 1564 1540 1633 etlatro
1561 1562 1651 1633 qui
1679 1576 1770 1613 su-

191 1652 286 1704 pra
316 1637 471 1690 dorsa
496 1637 656 1689 maris
676 1649 779 1689 non
811 1628 1323 1704 ambulaverattsod
1367 1628 1769 1704 divitutdforcs

188 1700 434 1770 adierat,
479 1705 763 1770 clamabat,
794 1704 1030 1757 Domine.
1064 1704 1181 1757 Filii
1205 1702 1449 1757 Zebedmi
1477 1700 1766 1770 dicebant,

193 1768 474 1830 Possumus
503 1775 667 1828 bibere
706 1768 935 1838 calicem,
986 1789 1131 1843 quem
1176 1773 1419 1827 bibiturus
1450 1787 1499 1843 es
1526 1776 1545 1841 (
1573 1768 1765 1823 Matth.

188 1842 282 1915 20.
308 1844 449 1915 2‘2);
485 1846 567 1898 hic
586 1846 696 1913 jam
726 1846 863 1898 calix
894 1842 1098 1908 aderat,
1118 1852 1177 1915 at
1209 1844 1283 1915 illi
1315 1842 1499 1915 caligis
1526 1853 1766 1915 tempore

190 1910 472 1984 fugerunt:
507 1910 643 1968 latro
668 1923 845 1967 autem
865 1928 929 1968 ex
961 1928 1120 1966 manu
1146 1913 1379 1984 ﬁliorum
1410 1910 1656 1984 Zebedaei
1679 1924 1768 1984 ca_-

188 1980 349 2038 licem
379 1984 626 2038 salutaris
653 1984 849 2050 rapuit,
877 1984 1060 2037 dicens
1085 1999 1097 2033 :
1131 1980 1608 2050 Calicemsalutaris
1636 1980 1770 2050 acci-

228 2056 332 2133 i_am
360 2093 374 2118 ,
417 2063 462 2107 et
500 2070 692 2133 nomen
720 2048 947 2133 Domini
965 2052 1236 2133 “invocabo
1288 2049 1475 2133 (_Psal.
1503 2050 1627 2130 H5.
1664 2048 1765 2133 Δί).

240 2123 426 2176 homas
450 2166 465 2190 ,
498 2122 1046 2190 incomprehensibilis
1088 2120 1322 2193 mysterii
1352 2121 1592 2176 curiosus
1613 2120 1767 2174 inda~

186 2202 362 2261 gator,
389 2193 764 2260 condiscipulis
786 2193 995 2248 dicebat
1025 2210 1037 2243 :
1075 2192 1264 2246 Eamus
1292 2200 1337 2245 et
1354 2208 1463 2253 nos,
1497 2200 1547 2243 ut
1576 2193 1766 2261 moria-

190 2260 308 2316 mur
334 2280 445 2316 cum
474 2262 563 2316 illo
606 2261 799 2329 (Joan.
840 2264 925 2316 ll.
955 2264 1023 2317 16
1052 2263 1103 2331 );
1132 2272 1186 2317 et
1224 2277 1344 2317 cum
1373 2261 1519 2331 illum
1550 2260 1766 2315 cruciﬁ-

190 2347 318 2386 xum
345 2333 491 2395 vidit,
513 2330 735 2400 aufugit.
764 2330 1089 2387 Crueiﬁxum
1115 2332 1276 2394 videt,
1304 2341 1358 2385 et
1383 2330 1544 2399 fugit;
1593 2331 1767 2384 susci-

190 2414 361 2455 tatum
390 2402 536 2456 videt
555 2443 568 2462 .
598 2412 653 2456 et
677 2402 903 2465 dubitat,
935 2401 1120 2457 dicens
1146 2422 1158 2456 :
1198 2400 1316 2455 Nisi
1342 2402 1522 2454 misero
1550 2400 1765 2469 digitum

188 2488 355 2525 nicum
382 2474 433 2525 in
464 2473 682 2539 ﬁxuram
726 2471 1017 2535 clavorum,
1047 2481 1095 2525 et
1135 2488 1338 2524 manum
1382 2486 1541 2522 meam
1563 2470 1765 2524 inlatus

187 2544 323 2613 ejus,
358 2558 457 2595 non
496 2542 699 2596 credam
730 2540 899 2613 (Ibid.
930 2543 1019 2595 20.
1043 2542 1112 2613 Ξᾷ
1137 2545 1173 2607 ).
1208 2542 1276 2593 At
1303 2542 1565 2613 benignus
1597 2539 1759 2605 Deus,

187 2608 280 2681 qui
334 2619 549 2681 propter
598 2608 755 2665 unam
798 2624 948 2666 ovem
979 2608 1246 2680 profectus
1286 2618 1407 2681 est,
1437 2608 1576 2681 hanc
1604 2624 1761 2681 unam

186 2680 347 2735 ovem
390 2680 492 2750 non
540 2682 790 2750 negligit;
850 2682 944 2735 sed
997 2682 1140 2734 illam
1207 2680 1443 2734 humeris
1500 2680 1760 2750 imponit,

184 2760 245 2806 et
292 2750 365 2803 ait.
395 2767 408 2802 :
438 2749 588 2820 infer
622 2749 830 2803 manum
882 2761 1019 2803 tuam
1069 2751 1199 2815 huc,
1244 2760 1291 2803 et
1332 2751 1481 2820 mitte
1519 2751 1577 2804 in
1629 2749 1763 2803 latus

186 2835 375 2874 meum.
426 2818 686 2873 Lanceam
727 2821 908 2874 militis
953 2820 1200 2884 sustinui,
1231 2827 1287 2874 et
1313 2818 1591 2875 dexteram
1630 2832 1764 2887 apo-

187 2890 431 2944 stolicam
474 2904 579 2944 non
606 2890 812 2944 feram?
865 2889 990 2951 Sed,
1038 2905 1070 2943 ο
1100 2890 1359 2943 bonorum
1388 2890 1526 2943 latro
1563 2899 1617 2945 et
1653 2902 1765 2956 rapo

190 2967 276 3029 tor
307 2958 326 3029 (
357 2970 405 3014 te
427 2960 568 3014 enim
598 2960 839 3028 alloquor
868 2959 908 3028 ),
936 2959 1098 3013 furari
1130 2959 1381 3022 didicisti,
1406 2959 1629 3013 credam
1655 2972 1760 3013 non

187 3028 420 3084 didiCisti
450 3046 464 3083 :
498 3044 601 3099 non
630 3029 773 3099 fuisti
800 3028 1111 3099 discipulus,
1140 3037 1195 3083 et
1223 3030 1491 3098 quomodo
1537 3028 1759 3085 Creato—

186 3113 301 3152 rem
330 3113 487 3154 vocas
516 3098 773 3152 dicendo:
800 3098 1030 3163 Domine,
1062 3108 1305 3153 memento
1332 3100 1447 3163 mei,
1474 3116 1589 3152 cum
1618 3114 1765 3151 vene-

185 3169 256 3237 ris
275 3169 326 3221 in
342 3184 549 3237 regnum
570 3179 709 3221 tuum
732 3168 756 3221 .9
785 3168 950 3223 Recte
972 3170 1222 3235 loquutus
1249 3183 1327 3235 es,
1350 3172 1433 3237 pie
1462 3168 1757 3224 credidisti.

184 3236 323 3291 Cum
370 3236 605 3307 periculo
646 3254 789 3307 schc
815 3237 1021 3297 furatus
1043 3252 1137 3301 es,
1170 3236 1389 3292 divitum
1451 3240 1763 3307 plerumque

188 3308 471 3361 thesauros
509 3308 782 3377 aperuisti,
812 3318 866 3362 et
890 3310 1046 3361 talem
1079 3321 1366 3377 numquam
1420 3309 1758 3377 margaritam

187 3378 461 3439 invenisti,
486 3376 659 3447 qualis
679 3376 924 3447 Christus
941 3389 1075 3431 erat.
1116 3376 1403 3447 Apostolus
1432 3392 1536 3431 nou
1570 3376 1715 3447 fuisti
1740 3418 1755 3440 ,

1314 473 1541 532 SERMO
1578 468 2099 530 CATECHE'I'ICUS
2143 470 2205 524 IN
2250 470 2531 526 PASCHA.

3364 464 3467 522 72°:

1878 593 2107 641 vestram
2151 583 2469 654 pendentem
2499 584 2519 653 (
2556 582 2705 654 Deut.
2725 583 2815 639 28.
2839 582 2905 638 66
2938 584 2990 654 );
3022 594 3075 639 ct
3104 586 3374 653 quomodo
3400 600 3465 639 et

1879 657 2023 737 ligno
2042 656 2199 709 vitam
2230 653 2714 737 excerpsistilllNon
2742 654 2933 734 audisti
2954 656 3145 737 lsaiatu
3172 654 3461 737 dicentem:

1878 724 2069 780 Livore
2108 726 2374 790 passionis
2401 724 2537 790 ejus,
2573 724 2845 778 hominum
2874 725 2999 778 vitia
3026 724 3289 780 medelam
3317 729 3460 782 acci-

1879 796 2030 864 piunt
2058 795 2077 866 (
2105 793 2233 866 Isai.
2260 797 2363 866 55.Δ
2391 795 2425 848 5
2455 794 2507 866 )_;
2541 804 2591 866 et
2626 793 2894 862 quomodo
2926 795 3068 848 vitiis
3090 795 3352 866 medelam
3378 799 3462 851 in-

1878 864 2114 919 venisti?
2140 865 2333 930 Etiam,
2355 864 2524 933 inquit
2548 865 2700 926 latro,
2729 866 2915 933 urbem
2950 873 3117 917 totum
3149 864 3301 919 video
3328 880 3459 921 con-

1877 950 2090 1006 cussum
2144 944 2197 988 et
2239 932 2553 1006 trementem
2580 974 2596 1006 ,
2633 932 2869 1006 etgorbis
2918 934 3201 1006 Dominum
3240 935 3291 989 in
3320 934 3463 1006 ligno

1876 1005 2197 1072 pendentem
2217 1018 2470 1071 agnosco.
2490 1003 2598 1056 Nisi
2626 1004 2769 1057 enim
2801 1004 3269 1059 hicuuiversorum
3296 1003 3461 1059 Crea-

1878 1083 1961 1127 tor
1990 1082 2154 1138 esset,
2174 1074 2253 1127 sol
2287 1073 2433 1127 illum
2468 1073 2652 1127 videns
2683 1074 2907 1135 nudum,
2931 1088 2997 1127 ex
3025 1073 3325 1128 reverentia
3354 1091 3459 1129 non

1875 1144 2203 1198 occultasset
2229 1142 2407 1196 radios
2428 1157 2557 1196 suos
2584 1157 2683 1196 nec
2712 1144 2801 1197 Dei
2838 1144 3081 1197 inimicos
3110 1145 3459 1198 obteuebras-

1874 1222 1978 1267 set.
2008 1211 2122 1267 Nisi
2150 1222 2295 1267 esset
2325 1211 2411 1266 hic
2429 1212 2685 1266 Conditor
2713 1212 2828 1265 caeli
2848 1221 2900 1266 et
2931 1221 3084 1267 terra:
3108 1213 3350 1275 :caelum,
3373 1214 3460 1268 ubi

1876 1280 2051 1346 ipsum
2081 1282 2209 1335 vidit
2236 1282 2571 1346 cruciﬁxum,
2602 1281 2851 1337 tenebras
2885 1291 2943 1336 ut
2969 1298 3185 1337 saccum
3234 1298 3340 1337 non
3375 1285 3457 1337 itt-

1918 1353 2105 1407 uisset.
2135 1350 2246 1405 Nisi
2268 1360 2415 1407 esset
2440 1350 2525 1405 hic
2551 1351 2809 1405 universae
2838 1361 2991 1406 terra:
3022 1353 3301 1418 Dominus,
3350 1369 3459 1408 non

1876 1420 1967 1491 illa
1997 1421 2312 1491 sanguinem
2340 1435 2407 1475 ex
2430 1420 2596 1491 latere
2620 1422 2736 1489 ejus
2759 1422 3053 1490 excipiens,
3083 1437 3113 1477 a
3136 1421 3459 1477 fundamen-

1876 1490 1947 1545 tis
1972 1489 2236 1545 cominota
2262 1490 2469 1544 luisset.
2492 1489 2599 1543 Nisi
2628 1499 2774 1545 esset
2803 1490 2889 1545 hic
2917 1493 3103 1546 mortis
3133 1493 3325 1547 etvitte
3355 1494 3459 1547 Do-

1875 1561 2075 1624 minus,
2104 1575 2249 1614 mors
2273 1560 2339 1613 ad
2366 1560 2512 1641 illum
2540 1560 2801 1615 accedens
2826 1575 2930 1641 non
2958 1563 3423 1641 prostrataluisset
3442 1603 3461 1627 ,

1875 1645 1977 1686 nec
2006 1639 2349 1684 monumenta
2366 1638 2671 1684 sanctorum
2689 1639 2871 1698 aperta
2904 1630 3148 1686 fuissent.
3174 1631 3283 1685 Nisi
3315 1644 3461 1686 esset

1878 1698 1965 1770 hic
1997 1699 2178 1770 templi
2218 1699 2493 1770 Dominus,
2528 1700 2806 1770 templum.
2837 1700 2925 1754 ubi
2949 1700 3080 1770 vidit
3100 1702 3248 1755 illum
3288 1704 3461 1755 cruci-

1880 1768 2067 1834 ﬁxum,
2100 1768 2207 1841 non
2249 1769 2426 1823 velum
2456 1784 2612 1823 suum
2641 1769 2905 1824 scidisset.
2941 1769 3050 1841 Nisi
3084 1770 3171 1825 hic
3198 1780 3343 1827 esset
3371 1771 3413 1824 is
3440 1814 3454 1836 ,

1874 1841 1965 1910 qui
1994 1854 2097 1894 non
2129 1840 2237 1893 vult
2272 1845 2496 1910 mortem
2525 1849 2865 1907 peccatorum
2888 1880 2903 1904 ,
2927 1840 3041 1910 non
3087 1856 3303 1895 causam
3336 1857 3456 1907 pec-

1874 1907 2116 1964 éatorum
2138 1907 2406 1978 precando
2435 1910 2634 1977 egisset
2664 1910 2849 1964 dicens
2878 1928 2889 1962 :
2926 1908 3101 1975 Pater,
3115 1911 3314 1964 dimitte
3333 1912 3457 1973 illis;

1875 1995 1977 2032 non
2003 1980 2135 2036 enim
2184 1979 2348 2033 sciunt
2390 1979 2511 2049 quid
2540 1980 2733 2049 faciunt
2776 1980 2795 2049 (
2825 1978 2950 2032 Luc.
2976 1980 3067 2035 23.
3108 1982 3176 2036 54
3206 1986 3241 2047 ).
3293 1980 3464 2047 Hujus

1874 2050 2071 2119 quippe
2098 2064 2242 2103 mors
2262 2048 2445 2119 omnia
2462 2050 2758 2103 constituit.
2783 2048 3066 2105 Descendit
3088 2051 3230 2105 enim
3258 2052 3324 2105 ad
3370 2052 3423 2106 in
3444 2082 3457 2090 -

1873 2117 2037 2183 ret-os,
2063 2127 2117 2173 et
2136 2134 2259 2173 cum
2287 2117 2533 2173 omnibus
2582 2120 2737 2173 istinc
2757 2120 3018 2175 ascendit.
3048 2120 3249 2175 Idcirco
3276 2122 3457 2175 exclac

1875 2205 1993 2260 mo:
2028 2187 2545 2260 Domine,mement_o
2574 2190 2692 2242 mei.
2720 2189 2833 2260 Non
2856 2190 3008 2259 quasi
3037 2206 3251 2245 servum
3289 2206 3417 2260 rogo
3441 2234 3453 2254 ,

1872 2258 2141 2316 Memento
2186 2259 2311 2324 mei,
2362 2272 2482 2323 cum
2506 2258 2642 2313 bene
2670 2258 2762 2313 tibi
2790 2258 2985 2323 fuerit;
3037 2261 3160 2320 sed.
3206 2258 3459 2313 Memento

1874 2332 1993 2400 mei,
2048 2344 2162 2385 cum
2195 2328 2387 2383 veneria
2420 2328 2478 2400 in
2509 2344 2717 2400 regnum
2750 2331 3013 2387 (numeEt
3051 2330 3175 2400 quid
3204 2331 3268 2386 ad
3309 2330 3455 2385 illum

1873 2396 2167 2472 Dominus?
2190 2400 2348 2472 {tmen
2375 2399 2486 2453 dico
2518 2396 2623 2472 tibi,
2650 2400 2804 2472 rhodie
2833 2418 3026 2455 mecum
3048 2396 3147 2456 eris
3174 2402 3227 2455 in
3254 2403 3459 2472 paradi-

1871 2468 2150 2553 soLDicant
2174 2469 2378 2550 illitam
2396 2471 2625 2524 accurati
2645 2469 2981 2553 indagatores
3000 2468 3460 2553 incomprehensi-

1875 2539 1999 2593 bilis
2020 2540 2406 2609 generationis,
2432 2540 2702 2609 quomodo
2728 2539 2862 2595 dixit
2896 2543 3107 2606 latroni,
3158 2540 3328 2595 Hodie
3353 2556 3458 2593 me.

1872 2625 1984 2681 cum
2036 2612 2132 2663 eris
2162 2612 2213 2663 in
2241 2610 2479 2678 paradiso
2531 2610 2549 2679 (
2581 2609 2707 2663 Luc.
2730 2610 2821 2665 23.
2854 2612 2922 2667 45
2957 2613 2973 2679 )
3000 2612 3021 2664 2’
3063 2609 3175 2666 Hoc
3227 2612 3456 2681 primqu

1878 2679 2319 2748 interpretentur,
2354 2686 2409 2733 et
2449 2689 2575 2735 tunc
2617 2681 3026 2735 inenarrabiiem
3076 2682 3193 2749 ejus
3230 2679 3458 2749 partum

1872 2750 2268 2817 aggrediemur,
2297 2762 2455 2817 quem
2484 2751 2791 2818 prophetice
2813 2752 3025 2819 quidem
3051 2748 3268 2816 clamat,
3301 2748 3461 2803 Gene-

1869 2821 2113 2871 ralionem
2171 2819 2437 2890 eiusrqnis
2491 2820 2745 2890 enarrabit
2773 2820 2798 2872 .’
2840 2823 2958 2890 quia
3003 2822 3197 2875 tollitur
3237 2821 3300 2873 de
3328 2830 3462 2872 terra

1870 2891 1972 2942 vita
2006 2890 2119 2960 ejus
2152 2890 2169 2958 (
2199 2887 2449 2960 lsai.’55.
2476 2889 2510 2943 8
2538 2887 2577 2960 ).
2608 2890 2754 2944 Hauc
2788 2887 2944 2945 ﬁdem
2981 2890 3172 2945 Patres
3204 2891 3461 2944 dilatave-

1873 2958 2128 3029 runt,'sic
2156 2958 2753 3027 incomprelten'sibilem
2784 2962 2952 3029 gloria
2976 2961 3273 3015 aﬂ'eceruut
3294 3002 3307 3022 ,
3338 2975 3458 3014 cre-

1871 3028 2095 3093 dentes,
2158 3044 2261 3081 non
2292 3030 2503 3083 curiose
2560 3028 2878 3085 scrutantes.
2930 3030 3101 3085 Hodie
3144 3047 3334 3084 mecum
3366 3032 3460 3084 eris

1872 3099 1925 3169 in
1957 3098 2215 3166 paradiso.
2241 3098 2473 3161 Dictum,
2495 3108 2545 3153 et
2572 3101 2766 3155 factum
2792 3101 2910 3154 fuit.
2933 3100 3150 3168 Verum,
3185 3116 3217 3154 0
3235 3102 3469 3169 benigne-

1879 3168 2101 3225 Domiue
2126 3210 2139 3231 ,
2188 3183 2376 3222 omnes
2402 3168 2530 3237 justi
2589 3179 2740 3223 extra
2789 3171 3091 3238 paradisum
3123 3182 3270 3235 sunt,
3304 3168 3457 3223 ctia-

1880 3248 2085 3310 lroneni
2112 3239 2162 3295 in
2191 3238 2492 3310 paradisum
2518 3239 2728 3310 inducis
2752 3240 2775 3293 ?
2798 3240 2975 3310 Etiam
3003 3280 3017 3304 ,
3045 3241 3310 3294 latronem
3346 3242 3459 3310 pri-

1876 3321 2021 3361 mum
2069 3308 2122 3362 iu
2154 3308 2457 3375 paradisum
2488 3308 2700 3370 indttco,
2734 3319 2791 3363 ut
2824 3309 3019 3363 mundo
3046 3310 3321 3374 suadeam,
3350 3308 3461 3361 ne

1872 3391 1981 3433 non
2000 3377 2430 3448 venisse‘vocare
2448 3377 2645 3448 justas,
2668 3378 2761 3433 sed
2784 3388 3091 3448 peccatores
3113 3379 3179 3432 ad
3198 3380 3463 3448 paeniten-

1878 3448 2029 3502 tiam.
2050 3446 2159 3519 lpsi
2175 3446 2396 3502 Christo
2408 3447 2575 3518 gloria
2593 3448 2645 3503 in
2668 3446 2865 3505 secula
2887 3446 3229 3505 seculorum.
3261 3453 3452 3504 Amen.

186 3460 295 3501 nou
344 3440 532 3502 audisti
564 3440 925 3517 legislatoret'n
951 3440 1217 3501 dicentem
1243 3464 1258 3501 :
1314 3445 1569 3502 Videbitis
1596 3446 1761 3501 vitam

1618 3838 1999 3901 MONITUM

185 4018 468 4086 uiolatum,
495 4022 697 4079 Christi
729 4038 853 4079 vere
888 4024 1010 4093 agni
1052 4038 1150 4093 pro
1186 4023 1578 4079 salutetntundi
1603 4022 1865 4080 immolati
1913 4024 2136 4097 ﬁgurant
2166 4026 2370 4094 fuisse;
2403 4042 2592 4083 verum
2621 4028 2709 4083 hic
2734 4028 2979 4100 quisquis
3019 4032 3091 4087 sit
3128 4050 3462 4108 anonymus,

186 4134 273 4188 vel
298 4136 519 4190 minima
546 4153 773 4208 quaeque
800 4138 851 4193 in
884 4140 1069 4195 Exodo
1096 4142 1386 4207 recensita,
1415 4144 1482 4197 ad
1516 4143 1797 4200 Christum
1821 4156 2137 4213 mactatum,
2172 4147 2256 4202 vel
2283 4146 2350 4202 ad
2380 4147 2603 4203 Pascha:
2636 4146 3071 4206 celebrationem.
3093 4152 3281 4217 refert,
3317 4169 3454 4224 qua-

184 4247 257 4303 lis
276 4249 418 4318 apud
447 4250 782 4307 Christianos
811 4254 1139 4323 persolvitur
1165 4272 1177 4309 :
1202 4266 1258 4311 et
1290 4258 1405 4313 haec
1424 4259 1492 4313 ad
1522 4258 1792 4333 φλυαρίαν
1812 4278 1985 4333 usque
2014 4264 2269 4336 indagare
2290 4265 2502 4330 nititur,
2526 4281 2777 4337 saepeque
2794 4267 2907 4337 jam
2937 4268 3078 4325 dicta
3113 4271 3329 4340 repetit,
3355 4289 3458 4329 nec

185 4365 307 4419 sine
337 4366 555 4422 fastidio
592 4369 837 4441 legentis.
868 4372 1146 4441 Septimus
1185 4384 1367 4430 autem
1399 4391 1582 4431 sermo
1613 4385 1759 4435 totus
1785 4381 1929 4436 circa
1955 4381 2097 4436 diem
2128 4382 2509 4439 celebrationis
2544 4382 2841 4449 Paschalis,
2875 4395 2931 4442 et
2968 4387 3112 4442 circa
3144 4390 3455 4458 paselialem

183 4482 397 4554 cyclum
424 4495 685 4541 versatur.
712 4489 861 4544 lianc
886 4506 999 4545 rem
1027 4493 1185 4548 unice
1213 4502 1448 4550 tractant
1482 4510 1573 4550 sex
1601 4497 1787 4566 primae
1816 4498 2109 4555 orationes.
2141 4499 2217 4556 De
2241 4502 2471 4572 septima
2500 4519 2649 4569 vero,
2678 4519 2795 4575 qua:
2820 4513 2928 4559 tota
2960 4515 3042 4559 est
3072 4506 3126 4559 in
3151 4508 3476 4564 ordinando-

184 4602 340 4670 cyelo
375 4606 635 4675 paschali,
660 4624 887 4679 quaeque
914 4611 981 4666 de
1006 4612 1092 4666 die
1121 4610 1403 4670 Pasebatis
1428 4615 1657 4685 singulis
1685 4617 1846 4673 annis
1870 4620 2257 4677 constituendo
2280 4622 2527 4693 pluribus
2554 4623 2812 4695 disputat,
2844 4626 2901 4680 in
2931 4624 3110 4681 fronte
3145 4626 3287 4681 illius
3317 4626 3463 4683 infra

186 4724 430 4786 agemus.

198 4903 938 4927 Μ

1107 5072 1317 5117 8811Μο
1361 5074 1833 5122 CATECHETICUS
1867 5080 1932 5123 ΙΝ
1976 5080 2271 5127 SANCTUM
2312 5085 2573 5131 PASCHA.

2834 5163 2855 5187 ι·

1878 5205 2054 5292 minus
2100 5207 2335 5289 liberalis
2374 5212 2479 5292 sit,
2524 5213 2593 5267 ita
2612 5227 2955 5292 postremum
2995 5221 3222 5290 accipit,
3271 5232 3325 5275 ut
3358 5228 3437 5292 pri

1878 5291 2022 5359 mum
2057 5295 2069 5330 :
2103 5282 2181 5333 sic
2211 5282 2261 5359 in
2293 5282 2794 5359 requiemadiuittit
2820 5304 2975 5352 etuu,
3021 5282 3423 5359 qui'undeciina
3454 5338 3467 5357 ,

1878 5352 2089 5429 ut‘eum
2109 5389 2122 5413 ,
2152 5352 2242 5419 qui
2275 5366 2303 5403 a
2336 5352 2503 5429 prima
2535 5352 2664 5407 hora
2694 5366 2949 5429 Operatus
2977 5352 3060 5415 esi
3087 5376 3101 5421 ;
3136 5352 3467 5429 postremum

1875 5424 2161 5503 miseratur
2187 5460 2201 5481 ,
2248 5430 2302 5475 ct
2332 5424 2559 5503 primum
2591 5424 2785 5489 curat;
2820 5428 2889 5480 illi
2920 5428 3051 5496 dat,
3092 5424 3178 5485 hic
3198 5433 3462 5503 largitur:

1871 5496 2236 5569 etqieractum.
2278 5507 2413 5559 opus
2456 5495 2692 5569 honore,
2736 5506 2789 5551 et
2824 5495 3152 5569 propositum
3195 5495 3350 5559 laude
3385 5506 3465 5558 af-

1875 5556 2000 5638 licit.
2035 5554 2197 5638 igitur
2226 5554 2418 5615 intrate
2438 5579 2631 5638 omnes
2660 5554 2986 5638 iugatidium
3018 5554 3239 5627 Domini
3256 5554 3461 5635 “.IJsii-i.

1870 5635 1925 5679 et
1970 5632 2125 5696 primi
2168 5639 2221 5709 et
2251 5632 2470 5712 secundi
2518 5632 2820 5712 mercedem
2871 5643 3129 5712 recipito,
3176 5642 3370 5699 divites
3414 5632 3467 5699 et

1872 5712 2131 5783 pauperes
2157 5701 2570 5783 siiuulmchoreas
2592 5707 2761 5783 agite;
2795 5701 3154 5783 temperantes
3193 5725 3244 5768 et
3268 5731 3463 5783 segnes

1869 5766 2009 5854 diem
2044 5770 2247 5854 honore
2273 5771 2499 5854 efﬁcite;
2528 5766 2960 5854 quitjej'tntasti_s'_,
2994 5766 3164 5851 cidit;
3192 5766 3294 5838 non
3318 5766 3455 5854 17.5.32

1871 5841 2032 5896 uastis
2061 5883 2073 5907 ,
2126 5841 2281 5900 hodie
2310 5841 2579 5900 Letainiui.
2630 5841 2809 5904 Mensa
2838 5841 2971 5906 cibis
2998 5841 3194 5912 referta
3223 5841 3346 5921 est...
3370 5841 3465 5911 'its

254 5185 319 5262 _Si_
350 5188 469 5257 quis
500 5188 616 5262 pius
645 5198 699 5244 et
732 5190 1020 5262 religiosus
1044 5232 1060 5258 ,
1110 5193 1155 5246 is
1196 5193 1399 5250 fruatur
1442 5198 1540 5253 hac
1586 5211 1768 5257 sancta

188 5258 507 5340 celebritate;
527 5276 539 5309 :
571 5260 622 5340 si
654 5258 1001 5340 quisservus
1043 5263 1239 5340 probus
1266 5306 1279 5327 ,
1328 5267 1489 5340 intret
1523 5270 1685 5340 laetus
1717 5273 1768 5327 in

188 5328 441 5393 gaudium
459 5328 683 5407 Domini
724 5331 807 5407 sui
848 5348 861 5383 :
905 5331 949 5385 si
980 5328 1101 5407 quis
1135 5334 1428 5407 jejunando
1468 5338 1765 5407 laboravit,

191 5411 335 5481 nuttc
361 5398 587 5481 accipiat
617 5398 903 5481 denarium
938 5398 1030 5481 :_
1059 5398 1233 5481 quis'a
1266 5408 1431 5473 prima
1466 5409 1591 5463 liora
1639 5398 1769 5481 ope-'-

189 5477 457 5548 ratos‘est.
476 5510 490 5532 ,
518 5469 743 5548 accipiat
772 5469 928 5548 hodie
957 5471 1006 5524 id
1035 5469 1175 5541 quod
1197 5469 1402 5548 juétum
1426 5486 1507 5548 est
1533 5495 1546 5541 ;
1577 5481 1621 5533 si
1649 5469 1767 5548 quis

190 5546 313 5602 post
341 5538 547 5591 tertiam
575 5540 748 5602 venit,
779 5540 973 5608 gratias
1001 5538 1164 5609 agens
1190 5538 1381 5598 festum
1411 5538 1647 5603 celebret
1668 5538 1691 5603 ἐ
1721 5551 1765 5605 si

186 5620 309 5686 qius
339 5615 455 5673 post
475 5616 687 5686 sextam
718 5610 899 5686 horam
928 5613 1152 5686 accessit
1176 5654 1191 5677 ,
1239 5630 1307 5669 ne
1334 5616 1574 5686 dubitet;
1630 5620 1761 5675 nihil

186 5677 331 5753 enim
360 5677 588 5753 perdet;
618 5680 669 5753 si
688 5680 806 5753 quis
838 5680 1075 5753 tardavit
1094 5697 1259 5750 usque
1286 5685 1351 5739 ad
1380 5677 1574 5743 nonani
1602 5732 1615 5753 ,
1664 5706 1755 5747 ac~

183 5744 339 5821 cedat
362 5747 480 5821 sine
508 5747 613 5801 ulla
638 5744 967 5821 dubitatione
996 5766 1007 5800 :
1036 5752 1079 5805 si
1106 5744 1223 5821 quis
1248 5756 1526 5813 undecima
1557 5744 1759 5817 tantum

184 5812 315 5870 hora
342 5817 487 5871 venit
508 5858 523 5890 ,
554 5832 621 5873 no
648 5819 716 5874 ob
744 5819 1046 5877 tarditatem
1074 5812 1294 5883 metuat.
1323 5827 1454 5884 Cum
1484 5812 1758 5891 cuimDo:
