4000 6210
705 405 774 465 η
2121 398 2492 456 ΡΞΚΑΞῈΑΪᾸΟ.

703 525 791 585 lio
813 525 1078 585 Joannis
1115 522 1394 582 maxime
1423 518 1540 597 ipsi
1571 517 1890 581 confutari
1931 517 2268 597 solebant,
2304 517 2582 597 indeque
2620 516 2758 597 tela
2815 519 3280 597 mutuabantur
3325 521 3668 595 Catholici,
3719 535 3783 588 ut

703 603 1098 680 depellerent
1121 617 1197 662 ac
1224 594 1856 680 proﬂig'arcnt_,_ideo
1874 596 1972 680 illi
1995 613 2077 680 ex
2107 594 2329 680 eodem
2354 595 2706 680 Evangelio
2737 595 3464 680 mu_lta_deto_rquebant,
3497 607 3569 663 ut
3605 594 3728 666 tela
3747 609 3808 668 ac

704 674 850 742 sum
872 699 941 743 se
972 681 1170 742 missa
1198 674 1616 759 declinarent.
1649 675 1982 759 Mordebat
2011 675 2238 759 impios
2268 675 2440 759 q_uod
2472 674 2880 759 bis_Joannis
2921 674 3230 757 Theologi
3262 674 3454 759 dictis
3494 681 3777 759 ipsorum

704 760 903 821 tentia
951 763 1386 826 everteretur,
1436 756 1605 837 Deus
1657 763 1789 814 erat
1830 752 2137 837 Yerbum;
2166 753 2342 837 (ἕρ-Ε
2347 771 2425 832 go
2463 763 2518 837 et
2555 753 2745 837 Pater
2773 772 2966 814 unum
3003 752 3213 837 sumus
3235 777 3254 824 ;
3279 765 3365 830 et,
3389 752 3539 837 Ego
3563 761 3631 821 in
3652 761 3807 822 Patr

702 838 898 899 Pater
943 839 1015 898 in
1057 855 1148 896 me
1177 845 1306 904 est;
1348 840 1432 906 et,
1467 836 1549 896 Ut
1590 852 1795 893 omnes
1823 833 2131 893 honorent
2161 833 2405 894 Filium
2441 834 2606 892 sicut
2634 831 2950 892 honorant
2990 833 3274 904 Patrem;
3312 843 3412 908 et,
3450 831 3632 899 Sicut
3659 843 3806 902 novi

701 918 926 984 Pater,
978 925 1032 976 et
1065 933 1174 994 ego
1211 933 1399 994 nosco
1431 913 1720 994 Patrem;
1750 917 1848 985 et,
1885 911 2027 994 Qui
2048 909 2224 994 videt
2238 911 2635 994 ξηιλ-υἰᾴει-ε]
2665 912 2948 994 Patrem;
2975 917 3070 994 et.
3098 914 3173 994 Si
3203 917 3648 994 cognovissetis
3679 938 3796 988 me,

701 1006 852 1074 (rem
877 989 1573 1074 utique'cognocissetis
1606 992 1829 1070 (Joan.
1961 991 1984 1049 1
2019 1009 2036 1063 ;
2068 990 2164 1074 1t),
2322 989 2432 1062 38;
2463 990 2526 1074 _5,
2549 990 2658 1062 23;
2691 990 2788 1061 10,
2821 989 2935 1061 15;
2971 989 3068 1074 1'4_,
3099 992 3141 1050 9
3168 1003 3220 1052 et
3248 989 3339 1074 7),
3371 1001 3433 1074 et
3458 995 3768 1060 similibus
3795 1017 3808 1060 ε

698 1073 883 1151 queis
915 1069 1222 1135 se'ununi
1257 1069 1644 1151 substantia,
1671 1089 1816 1151 cum
1857 1071 2074 1151 Patre,
2096 1069 2228 1151 ipsi
2274 1070 2619 1151 aequalem,
2649 1074 2710 1151 et
2757 1087 2977 1151 verum
3025 1071 3230 1151 Deum
3273 1072 3660 1136 declarabat.
3701 1077 3772 1138 Ut

697 1148 781 1212 ab
810 1151 906 1213 his
936 1170 1077 1214 sese
1108 1157 1484 1219 tuerentur,
1514 1169 1595 1210 ex
1633 1149 1786 1227 ipsis
1826 1149 2050 1226 primis
2096 1148 2429 1227 Evangelii
2475 1149 2744 1210 Joannis
2791 1149 3005 1209 verbis
3056 1149 3180 1210 tela
3218 1154 3498 1213 mutuari
3539 1157 3808 1218 conabar

695 1231 1009 1314 Dicebant
1037 1234 1253 1314 autem
1278 1273 1294 1301 ,
1323 1229 1478 1290 illud
1507 1273 1522 1300 ,
1551 1229 1634 1314 [η
1658 1225 2146 1314 frinCipioerat
2173 1225 2483 1314 j’efbum.
2523 1245 2650 1314 non
2687 1227 3107 1314 teternitatem
3137 1227 3282 1289 Filii
3311 1231 3673 1314 signiﬁcare
3699 1279 3716 1305 ,
3751 1253 3808 1314 qi

695 1310 1038 1396 doquidem
1060 1309 1138 1396 de
1167 1309 1362 1396 rebus
1390 1307 1836 1396 creatisetiam
1855 1307 2090 1367 dicitur
2110 1350 2125 1377 ,
2158 1305 2248 1396 In
2262 1306 2756 1396 principio/cci:
2781 1309 2960 1396 Deus
2997 1307 3210 1396 calum
3233 1316 3292 1367 et
3328 1305 3572 1396 terram.
3607 1305 3808 1396 _Ergo',

695 1383 1042 1466 qui'ebant,
1075 1386 1270 1466 illud,
1299 1387 1384 1446 In
1407 1384 2134 1466 principiojiincassum
2157 1383 2425 1466 affertur
2443 1383 2693 1466 ad_Filii
2720 1387 3140 1446 aeternitatem
3191 1383 3754 1466 comprobandum.
3799 1393 3808 1453 l

694 1463 1071 1545 sbphismati
1101 1465 1395 1544 pluribus
1414 1463 1701 1545 occurrit
1729 1463 2228 1545 Chrysostomus
2255 1508 2270 1534 ,
2309 1463 2389 1524 ad
2421 1463 2787 1545 auditorum
2816 1471 3073 1545 captum
3109 1463 3638 1545 accommodatis;
3687 1471 3807 1532 bre'

693 1542 1313 1628 tis'verogra'tiaea
1343 1542 1916 1628 solum_aiferi_mu_s
1945 1560 2099 1628 qua:
2126 1543 2594 1628 opportuniora
2624 1549 2775 1602 sunt
2825 1543 2904 1628 ad
2944 1542 3077 1628 hoc
3116 1542 3342 1628 inutile
3387 1547 3585 1628 telum
3631 1549 3807 1628 depel

692 1623 867 1685 dum.
906 1619 1022 1684 His
1058 1623 1454 1702 explicandis
1481 1666 1498 1692 ,
1547 1622 1633 1682 In
1669 1619 1998 1702 principio
2031 1629 2162 1702 erat
2200 1619 2483 1702 Verbatim
2510 1639 2650 1702 non
2678 1621 2904 1698 procul
2936 1622 3303 1702 testimonia
3336 1626 3607 1701 petenda
3635 1619 3808 1688 sunt:

692 1721 773 1762 ex
805 1704 881 1764 iis
905 1721 1049 1782 qua;
1075 1699 1438 1778 sequuntur
1463 1699 2172 1782 paucisgimaaddenda
2208 1717 2232 1782 :_
2258 1699 2347 1782 Et
2382 1699 2655 1782 Verbum
2674 1708 2813 1782 erat
2831 1699 3002 1778 apud
3026 1702 3264 1782 Deum;
3307 1699 3365 1762 et
3401 1704 3572 1764 Deus
3617 1717 3748 1767 erat
3799 1709 3808 1768 l

691 1783 854 1840 bum.
889 1777 1049 1842 Illud
1075 1828 1090 1854 ,
1138 1777 1307 1840 Erat
1345 1777 1514 1858 apud
1549 1781 1744 1840 Deum
1772 1826 1786 1845 ,
1823 1779 2141 1858 signiﬁcat
2163 1778 2279 1858 ,In
2311 1778 2466 1858 Deo.
2495 1777 3151 1858 Quidquidautemjn
3180 1781 3313 1841 Deo
3334 1786 3466 1853 est,
3499 1787 3804 1846 internum

689 1877 817 1936 que
847 1868 966 1921 est.
1015 1860 1198 1934 Quod
1239 1856 1454 1920 autem
1499 1861 1564 1919 in
1593 1860 1726 1918 Deo
1759 1856 2044 1919 Verbum
2069 1857 2149 1918 sit
2177 1857 2314 1936 ipse
2340 1857 2542 1917 Filius
2572 1856 2754 1930 dicit,
2788 1856 2913 1935 Ego
2947 1856 3014 1918 in
3053 1857 3272 1926 Patre,
3303 1868 3360 1919 et
3388 1861 3578 1921 Pater
3603 1865 3670 1924 in
3711 1883 3799 1924 me

688 1935 922 2030 ἐξερίπ-
944 1941 1166 2030 Patre,
1195 1943 1258 2000 et
1283 1937 1567 2030 vicissim
1594 1939 1780 2030 Pater
1806 1937 1872 1997 in
1902 1955 2038 2011 me,
2089 1953 2221 2014 quo
2261 1935 2428 1998 dicto
2460 1937 2700 2013 paritas
2741 1940 2802 1997 et
2838 1936 3207 2014 aequalitas,
3239 1955 3314 2000 ac
3339 1940 3604 2016 proinde
3635 1949 3806 2004 reteri

688 2014 833 2076 Filii
869 2014 1227 2079 clarissime
1265 2016 1766 2077 demonstratur.

767 2095 928 2156 Illud
959 2096 1209 2174 itaque,
1239 2095 1423 2174 Apud
1448 2095 1665 2162 Deum,
1696 2096 1769 2156 In
1796 2094 1928 2156 Deo
1955 2094 2294 2173 significat.
2319 2094 2499 2168 Quod
2536 2111 2688 2174 vero
2709 2139 2724 2167 ,
2757 2095 2840 2154 In
2861 2095 3186 2174 principio
3217 2095 3490 2167 dicatur,
3535 2117 3616 2160 ne
3660 2099 3807 2161 hinc

688 2193 834 2252 men
868 2171 1123 2236 initium
1155 2171 1536 2246 exsistendi,
1568 2178 1682 2235 aut
1710 2171 2097 2252 principium
2131 2175 2434 2250 temporis
2472 2173 2569 2234 vel
2593 2171 2952 2252 durationis
2978 2171 3190 2235 Verbo
3239 2175 3592 2238 adscribas.
3621 2179 3756 2238 Non
3789 2199 3808 2239 ε

685 2251 838 2314 hinc
867 2259 1115 2329 potest,
1147 2254 1446 2330 quisquis
1477 2270 1650 2314 sanae
1680 2249 2135 2314 mentis—fuerit
2157 2298 2172 2322 ,
2205 2249 2331 2312 tale
2359 2253 2748 2329 principium
2780 2249 2944 2312 Filio
2968 2253 3082 2313 Dei
3116 2254 3422 2314 tribuere.
3457 2255 3619 2315 lllud
3653 2259 3800 2318 enin

681 2331 1007 2412 principio
1057 2339 1222 2398 erat,
1285 2349 1417 2391 non
1459 2331 1890 2412 inrprincipio
1936 2332 2172 2392 factum
2223 2331 2420 2393 fuisse
2455 2331 2736 2412 Verbum
2779 2331 3144 2412 signiﬁcare
3178 2338 3408 2412 potest.
3440 2333 3663 2412 Neque
3693 2339 3808 2397 eni1

689 2407 885 2492 verba
900 2407 1054 2488 ipsa
1083 2415 1318 2492 sonant
1341 2453 1356 2480 ,
1389 2407 1761 2492 e_t_alioquin
1788 2407 1961 2492 D_eus
1989 2411 2577 2492 numquam‘potuit
2605 2427 2747 2471 esse
2773 2407 2914 2492 sine
2941 2407 3263 2492 Verbogid
3283 2411 3455 2492 quod
3473 2407 3675 2492 magis
3699 2432 3778 2474 ex
3804 2435 3808 2442 '

685 2488 908 2550 Graeca
931 2484 1058 2562 im;
1083 2484 1964 2567 deprehenditur;’signiﬁcat
1994 2484 2187 2549 enim“
2208 2494 2272 2548 et
2318 2484 2605 2549 Verbum
2644 2498 2707 2550 et
2752 2489 3094 2550 rationem.
3140 2484 3614 2567 Sine—ratione“
3635 2497 3807 2555 auter

684 2567 896 2648 Verbo
921 2569 1124 2648 Deum
1152 2583 1504 2648 numquam
1527 2566 1729 2648 fuisse
1749 2567 2176 2648 certissimum
2197 2571 2294 2627 est
2327 2587 2342 2626 :
2374 2567 2564 2648 idque
2599 2567 2927 2648 evidenter
2955 2566 3267 2648 asseritur
3290 2586 3406 2646 per
3437 2569 3593 2648 illud
3634 2573 3803 2648 quod

683 2647 907 2722 quitur
940 2666 954 2704 :
991 2647 1134 2707 Hoc
1164 2655 1295 2707 erat
1320 2667 1358 2706 α
1381 2647 1704 2726 principio
1736 2646 1905 2725 apud
1936 2645 2160 2712 Deum.
2193 2649 2388 2726 atque
2411 2646 2560 2726 hinc
2585 2646 3008 2723 consequitur
3026 2645 3312 2726 Verbum
3353 2665 3470 2708 seu
3500 2645 3732 2710 Filium
3763 2669 3808 2712 te

683 2721 838 2785 num
869 2743 1010 2787 esse
1057 2727 1221 2787 sicut
1253 2731 1316 2786 et
1362 2721 1636 2787 Patrem.
1674 2721 1824 2786 Haec
1865 2743 2060 2803 porro
2100 2741 2244 2801 qum
2282 2721 2423 2803 ]am
2471 2724 2752 2786 diximus
2793 2721 2922 2785 non
2950 2744 3033 2786 ex
3066 2725 3332 2788 homilia
3373 2728 3562 2789 tertia
3590 2729 3808 2804 modo,

681 2804 875 2884 etiam
903 2819 989 2884 ex,
1014 2805 1159 2866 aliis
1180 2805 1619 2884 Chrysostomi
1649 2803 1929 2866 homiliis
1951 2809 2255 2880 excerpta
2280 2810 2453 2884 sunt.

759 2882 1038 2944 Homilia
1073 2901 1224 2944 vero
1254 2880 1488 2960 quarta
1529 2884 1724 2946 aliam
1751 2884 2208 2944 Anomaaorum
2257 2881 2684 2974 objectionem
2732 2880 2993 3021 depellit
3041 2881 3575 2963 Chrysostomus,
3622 2905 3767 2965 quae

763 2980 822 3021 ω
869 2961 1144 3021 obiectio
1174 2963 1319 3021 inde
1349 2964 1622 3021 petitur.
1649 2962 1824 3021 auod
1853 2964 1920 3021 in
1948 2962 2126 3021 hisce
2156 2961 2390 3021 Grzeeis
2427 2961 2756 3021 Evangelii
2829 2961 3059 3021 oannis
3106 2963 3319 3021 verbis
3343 3007 3358 3021 .
3400 2961 3466 3021 ιέν
3490 2976 3617 3021 ἀί)νῆ
3661 2979 3716 3021 έν
3743 2981 3767 3021 s

679 2961 822 3022 dem
869 2961 1144 3041 objectio
1174 2963 1319 3023 inde
1349 2964 1622 3041 petitur,
1649 2962 1824 3041 quod
1853 2964 1920 3022 in
1948 2962 2126 3023 hisce
2156 2961 2390 3044 Grecis
2427 2961 2756 3035 Evangelii
2791 2961 3059 3024 Joannis
3106 2961 3319 3044 verbis
3343 3007 3358 3034 ,
3400 2961 3466 3027 ἑν
3490 2976 3617 3044 ἀρχῇ
3645 2961 3716 3035 ’ἦν
3738 2981 3768 3044 is
3788 2986 3808 3027 λ

678 3061 757 3102 καὶ
785 3055 809 3103 ὁ
837 3039 982 3114 Λάιός
1010 3055 1065 3112 ἧν
1093 3059 1204 3119 πρὸς
1228 3058 1306 3105 τὸν
1329 3039 1472 3116 όιδν,
1502 3063 1584 3104 καὶ
1609 3039 1722 3112 Θεὸς
1749 3057 1804 3112 ἦν
1830 3055 1856 3104 ὁ
1883 3059 2030 3116 Δάνος
2049 3086 2065 3113 ,
2103 3039 2258 3100 artic

2209 3039 2681 3119 iculusgeétante
2724 3057 2944 3101 vocem
2981 3056 3092 3119 Θεόςι
3131 3039 3686 3113 adhibeatur,ubi
3713 3043 3788 3105 de

678 3121 865 3180 Patre
894 3117 1205 3197 lOflUillil‘,
1237 3142 1318 3182 καί
1341 3135 1364 3182 ὁ
1389 3137 1535 3194 Λόγος
1563 3135 1618 3190 ἦν
1647 3138 1757 3198 πρὸς
1786 3137 1864 3181 τὸν
1889 3123 2008 3180 Θεὸν
2035 3144 2048 3180 :
2073 3119 2252 3198 ubihv

2189 3135 2371 3198 uvero
2398 3118 2474 3178 de
2501 3117 2664 3198 Filio
2703 3119 2918 3198 agitur
2959 3123 3021 3190 et
3045 3117 3122 3179 de
3165 3119 3416 3194 Verbo,
3461 3122 3769 3186 articulus

677 3203 960 3273 ponatur
983 3196 1137 3260 ante
1167 3215 1384 3259 vocem
1413 3213 1525 3266 Θεδς
1555 3222 1569 3258 :
1601 3196 1700 3258 Kal
1720 3200 1956 3266 6εόςῆνό
1975 3212 2141 3275 Λέγος.
2173 3196 2251 3254 Hi

2216 3196 2512 3275 lincivero
2539 3196 2631 3256 sic
2651 3196 3125 3275 argutabantur
3149 3197 3240 3258 illi
3277 3216 3292 3257 :
3328 3199 3472 3260 Vox
3501 3217 3612 3271 Θεὸς
3649 3218 3796 3263 cum

677 3278 875 3337 ticulo
921 3278 1206 3354 aliquam
1257 3277 1451 3338 habet
1498 3277 1626 3337 vim
1663 3292 1796 3354 qua
1837 3273 2269 3354 signiﬁcatur,
2318 3273 2760 3354 illumriipsuni
2789 3293 2930 3336 esse
2954 3276 3182 3349 Deum,
3209 3277 3269 3336 id
3297 3282 3425 3351 est,
3459 3296 3680 3339 verum
3712 3282 3801 3340 De

677 3355 848 3430 quod
876 3355 952 3414 de
978 3350 1162 3415 Patre
1183 3356 1438 3431 legitur.
1469 3355 1618 3413 Sine
1643 3350 1920 3432 articulo
1945 3357 2161 3432 autem
2182 3395 2198 3423 ,
2229 3357 2302 3414 ut
2330 3353 2406 3414 de
2438 3350 2603 3432 Filio
2651 3354 2916 3425 dicitur,
2943 3373 3072 3415 non
3111 3374 3332 3432 parem
3384 3350 3508 3418 vim
3541 3357 3756 3420 habet.
3789 3359 3800 3421 l

678 3433 1079 3510 signiﬁcatur
1100 3478 1114 3504 ,
1142 3433 1433 3503 aiebant,
1465 3451 1594 3492 non
1615 3431 1838 3491 eodem
1867 3431 2055 3510 modo
2090 3432 2341 3510 Patrem
2365 3476 2381 3503 ,
2420 3431 2772 3510 eodemque
2803 3431 3035 3492 Filium
3066 3431 3208 3494 esse
3249 3435 3452 3494 Deum
3488 3453 3504 3494 :
3553 3438 3740 3499 Pater
3783 3459 3796 3496 ι

681 3509 910 3573 natura
942 3513 1111 3572 Deus
1142 3517 1202 3571 et
1230 3513 1406 3571 soius
1437 3527 1624 3570 verus
1643 3511 1813 3570 Deus
1842 3514 1978 3581 est,
2015 3509 2216 3572 Filius
2246 3517 2462 3571 autem
2491 3529 2607 3588 per
2635 3509 3041 3588 a’dOptionem
3083 3515 3330 3570 tantum
3363 3514 3532 3573 Deus
3557 3559 3574 3586 ,
3621 3534 3736 3577 nec
3761 3536 3790 3575 ν

673 3591 868 3651 Deus.
902 3591 1037 3650 Hoc
1066 3608 1100 3650 a
1138 3591 1455 3666 principio
1483 3591 1650 3650 inter
1681 3587 2000 3669 praecipua
2030 3589 2419 3669 Arianorum
2452 3587 2833 3669 argumenta
2864 3591 3394 3669 computabatur,
3427 3592 3549 3652 hoc
3587 3593 3735 3654 item
3780 3639 3790 3654 ι

677 3669 817 3762 τιξωὶ
852 3669 1734 3762 perpetuo‘vc‘nditabantﬁt
1769 3667 1958 3762 talem
1990 3666 2413 3762 objecti‘onem
2449 3666 2577 3729 non
2609 3669 2712 3762 hic
2737 3667 2959 3762 modo,
2989 3667 3097 3728 sed
3129 3668 3192 3727 in
3217 3669 3591 3762 aliisuetiam
3613 3688 3788 3762 Opus.

676 3746 936 3808 strenue
964 3747 1192 3808 refellit
1218 3754 1279 3808 et
1312 3747 1598 3808 confutat
1623 3747 2153 3825 Chrysostomus,
2185 3747 2273 3811 ita
2311 3751 2384 3807 ut
2427 3766 2506 3808 ne
2546 3749 2778 3808 mutire
2799 3746 3060 3823 quidem
3090 3751 3313 3807 contra
3349 3747 3569 3820 liceat,
3603 3746 3726 3810 nisi
3760 3769 3786 3811 s

677 3845 844 3886 mam
895 3827 1352 3904 impudentiam
1398 3825 1864 3903 proﬁtentibus.
1901 3825 2190 3886 Ostendit
2231 3826 2401 3904 enim
2447 3828 2515 3887 in
2549 3827 2768 3887 multis
2797 3825 3135 3903 Scriptura:
3167 3843 3365 3887 sacra:
3391 3826 3546 3887 locis
3577 3827 3782 3895 Deum

675 3911 837 3965 trem
884 3902 1022 3967 sine
1063 3906 1336 3966 articulo
1383 3902 1568 3982 poni,
1609 3911 1672 3965 et
1708 3903 1990 3966 vicissim
2031 3905 2236 3964 Deum
2275 3902 2512 3965 Filium
2556 3924 2702 3966 cum
2739 3902 3051 3977 articulo,
3099 3904 3268 3965 unde
3316 3905 3529 3966 statim
3562 3906 3707 3968 talis
3743 3925 3780 3971 a

677 3986 868 4044 menti
945 3984 1232 4122 dfutilitas
1325 3986 1803 4062 comprobatur.
1896 3984 2234 4045 Brevitatis
2333 4003 2531 4064 porro
2618 4000 2820 4047 causa
2899 3983 3058 4045 locis
3131 3983 3499 4064 hujusmodi
3589 3985 3778 4048 refero

677 4081 939 4122 SUDCI‘SC
985 4081 1190 4122 emus.

673 4081 1190 4124 SUDCI‘SCUCIIIUS.

1257 4145 1517 4222 quinta,
1545 4144 1666 4204 col.
1692 4142 1800 4214 53,
1831 4141 2090 4204 eosdem
2117 4143 2444 4204 haereticos
2477 4145 2718 4222 impetit
2749 4190 2764 4215 ,
2796 4144 2910 4221 qui
2943 4147 3186 4221 puncto
3207 4142 3542 4221 interjecto
3571 4142 3746 4205 hanc

673 4222 882 4282 sulam
937 4222 1286 4302 vitiabant,
1338 4223 1428 4282 Et
1479 4223 1610 4283 sine
1643 4224 1779 4301 ipso
1813 4223 2048 4302 factum
2080 4222 2360 4302 estnihil
2396 4223 2566 4302 quod
2611 4224 2996 4302 factumest.
3043 4223 3141 4282 Illi
3175 4239 3327 4282 vero
3348 4227 3508 4302 ipost
3542 4239 3766 4283 vocem

675 4306 983 4377 punctum
1022 4301 1425 4380 adjicientes,
1460 4307 1658 4363 totam
1701 4301 2087 4380 sententiam
2126 4301 2576 4363 adulterabant
2600 4301 2620 4374 ,’
2662 4302 2814 4361 dum
2853 4301 2942 4362 ita
2971 4301 3553 4380 interpunctionem
3587 4319 3768 4380 pone

675 4380 767 4438 Et
804 4381 936 4440 sine
980 4379 1116 4458 ipso
1161 4380 1396 4460 factum
1429 4390 1514 4442 est
1554 4381 1738 4443 nihil.
1781 4379 1966 4455 Quod
1980 4382 2236 4460 factum
2273 4390 2359 4440 est
2389 4381 2459 4440 in
2485 4382 2618 4460 ipso
2650 4381 2783 4442 vita
2814 4388 2966 4460 erat.
2995 4380 3200 4453 Quam
3233 4379 3511 4460 absurde
3543 4379 3632 4441 ita
3664 4379 3764 4460 leg

675 4468 736 4517 et
764 4464 921 4535 quot
951 4457 1324 4536 quantaque
1351 4477 1433 4520 ex
1460 4461 1826 4538 hujusmodi
1849 4459 2120 4538 lectione
2149 4461 2394 4538 absona
2429 4457 2787 4535 sequantur
2817 4459 3110 4538 pluribus
3132 4457 3405 4538 ostendit
3430 4457 3762 4538 Chrysosti

675 4538 790 4597 Sed
820 4540 938 4676 labl
964 4535 1040 4599 iis
1068 4583 1084 4613 ,
1130 4538 1286 4616 quia
1331 4535 1628 4618 longiora
1663 4543 1852 4611 sunt,
1898 4537 2248 4598 referendis
2289 4538 2755 4600 abstinebimus
2780 4558 2795 4610 ;
2820 4535 3052 4615 'ipsam
3086 4536 3414 4598 homiliam
3451 4535 3639 4599 adeat
3695 4542 3759 4598 st

678 4635 787 4676 sus
843 4636 912 4676 cc
943 4635 1038 4676 or.

678 4635 787 4677 sus
820 4623 1038 4678 lector.

753 4698 972 4777 Neque
1003 4697 1174 4758 solos
1199 4697 1542 4758 Anomceos
1569 4693 1979 4777 aggreditur;
2021 4713 2243 4758 verum
2261 4697 2452 4758 etiam
2473 4740 2488 4767 ,
2524 4713 2736 4777 neque
2755 4711 2906 4777 raro
2928 4739 2943 4767 ,
2973 4695 3243 4777 Paulum
3274 4694 3754 4777 Samosatenuu

679 4773 991 4836 bellia’nos
1017 4821 1032 4847 ,
1075 4777 1523 4838 Marcionistas
1561 4773 1640 4839 et'
1661 4775 2049 4837 Manichaaos
2075 4819 2090 4846 ,
2117 4793 2366 4836 necnon
2397 4793 2506 4836 eos
2537 4775 2645 4853 qui
2674 4775 2970 4836 dicebant
2995 4773 3230 4833 Filium
3262 4775 3472 4852 specie
3509 4777 3752 4833 tantum

679 4870 820 4913 nem
861 4857 1330 4934 assumpsisse;
1393 4855 1454 4916 id
1487 4859 1624 4928 est,
1674 4853 2186 4916 incarnationem
2222 4873 2366 4916 esse
2401 4855 2804 4933 phantasiam
2839 4858 3041 4934 atque
3086 4853 3494 4931 ﬁgmentum,
3545 4870 3748 4934 ueun

678 4946 983 5009 umquam
1016 4931 1247 4996 Filium
1287 4936 1697 4996 incarnatum
1731 4935 1964 5004 fuisse;
2013 4934 2122 4995 sed
2173 4931 2639 4996 incarnationis
2677 4931 2957 5011 speciem
2977 4937 3225 5011 tantum
3257 4949 3385 5008 prze
3424 4949 3492 5011 se
3520 4931 3746 4991 tulisse

677 5011 937 5092 haeresis
966 5014 1183 5088 primis
1218 5015 1511 5076 Ecclesiae
1534 5014 1784 5076 saeculis
1817 5014 2082 5074 suborta
2105 5057 2120 5084 ,
2147 5009 2740 5092 Chrysostomizevo
2771 5012 2982 5075 adhuc
3022 5010 3319 5092 vigebat,
3365 5016 3434 5072 ut
3473 5009 3611 5088 ipse
3651 5017 3743 5071 tes

676 5098 780 5150 tur
806 5091 1043 5150 Homil.
1071 5093 1427 5165 undecima,
1463 5095 1583 5153 col.
1613 5095 1713 5153 79.

683 5170 990 5254 mContra
1016 5171 1416 5254 antiquiores
1448 5173 1778 5235 haarcticos
1804 5171 2128 5234 auditores
2158 5189 2310 5233 suos
2343 5190 2479 5254 non
2499 5189 2658 5254 raro
2674 5172 2886 5254 munit
2909 5175 2970 5232 et
2994 5172 3204 5232 armat
3231 5168 3734 5254 Chrysostomus

678 5249 933 5310 illorum
965 5249 1215 5313 familiai
1234 5251 1444 5312 adhuc
1463 5270 1601 5314 {evo
1630 5269 1749 5313 suo
1777 5257 2157 5328 supererant
2180 5256 2243 5313 et
2272 5270 2417 5314 cum
2437 5251 2780 5313 Catholicis
2820 5251 3192 5328 frequenter
3233 5249 3735 5310 conﬁictabantu

672 5344 801 5409 que
829 5345 972 5409 cum
994 5329 1129 5409 illis
1151 5331 1362 5409 modo,
1383 5331 1492 5392 sed
1522 5332 1715 5409 etiam
1741 5347 1884 5409 cum
1911 5332 2280 5408 gentilibus,
2304 5332 2414 5409 qui
2439 5331 2648 5393 adhuc
2681 5347 2916 5408 magno
2941 5343 3210 5409 numero
3236 5333 3732 5409 supererantth

674 5404 826 5494 «tum
869 5405 1212 5494 catholicis
1253 5409 1592 5494 πίῃς-Μθο
1633 5408 1714 5470 ad
1744 5403 2106 5494 hujusmodi
2135 5403 2670 5494 _cert_ainina_i_llos
2695 5403 3231 5494 instituit_Ho.m_il.
3270 5403 3366 5494 17.
3395 5406 3518 5467 col.
3546 5403 3682 5494 _11
3726 5433 3730 5456 α

677 5484 814 5566 Non
846 5486 1054 5566 solum
1084 5505 1163 5566 ex
1195 5487 1542 5565 gentilibus
1573 5484 1996 5566 popularibus
2022 5489 2207 5549 multi
2234 5489 2458 5549 obvios
2485 5488 2887 5550 Christianos
2923 5484 3420 5566 adoriebantur;
3453 5484 3562 5546 sed
3592 5485 3719 5544 etia

679 5564 926 5642 losolihi
960 5564 1220 5642 quidam
1248 5564 1809 5646 gentilium—libros
1845 5568 2212 5628 scribebant
2241 5567 2550 5629 adversus
2574 5567 2952 5646 religionem
2978 5564 3410 5626 Christianam
3432 5609 3448 5637 ,
3486 5580 3724 5641 quorui

675 5651 1132 5725 commemorat
1163 5650 1424 5725 sanctus
1452 5645 1674 5707 doctor
1701 5647 1821 5708 col.
1859 5647 1972 5705 113
2006 5650 2070 5707 et
2098 5665 2236 5725 seq.

755 5721 1018 5805 verum-
1033 5723 1331 5805 quamvis
1371 5730 1433 5784 et
1480 5726 1750 5805 gentiles
1788 5730 1850 5786 et
1887 5725 2028 5786 illas
2069 5721 2343 5787 hazfeses
2382 5744 2510 5787 non
2550 5742 2697 5786 raro
2742 5727 3201 5805 commemoret
3229 5727 3292 5805 et
3321 5725 3587 5800 carpat,
3631 5726 3720 5780 An

678 5797 1080 5882 ronfutandis
1105 5803 1454 5864 maximam
1481 5797 1737 5865 adhibet
1766 5821 2028 5882 operam
2053 5850 2067 5872 ,
2099 5805 2284 5864 modo
2324 5805 2580 5866 illorum
2614 5804 3010 5882 objectiones
3048 5803 3374 5882 depellens
3405 5797 3465 5882 et
3509 5816 3697 5882 arma

679 5886 888 5943 strains
919 5881 1342 5958 auditoribus,
1370 5883 1555 5946 modo
1578 5879 1836 5948 illorum
1866 5887 2304 5963 arrogantiam
2333 5893 2392 5948 et
2425 5879 2741 5949 insaniam
2779 5879 3222 5956 traducens,ut
3255 5881 3486 5941 Homil.
3512 5879 3609 5952 16,
3649 5899 3714 5940 cc
