4012 6210
260 229 327 280 23;
1487 203 1551 257 IN
1591 203 1863 260 JOANN‘E.’

1971 208 2172 267 IOMIL.
2215 214 2253 268 ι.
3479 213 3544 268 εδ

267 343 428 403 riaut,
459 347 646 391 omnes
671 335 964 394 accurrunt,
985 333 1038 379 ut
1061 321 1174 392 ejus
1197 332 1423 392 pugnas,
1453 325 1649 381 artem,
1674 315 1836 370 robur

270 441 513 503 spectare
536 425 762 496 possint;
783 420 1000 487 hincque
1029 415 1200 470 videas
1228 413 1638 468 innumerorum
1664 408 1838 462 homi-

273 499 404 577 num
451 518 735 579 theatrum,
780 510 868 580 qui
915 509 964 562 in
1006 522 1063 562 ea
1094 521 1155 560 re
1195 514 1248 559 et
1289 503 1486 556 tncntis
1516 509 1570 554 et
1598 499 1840 569 corporis

283 614 455 668 oculis
480 612 569 665 toti
598 607 928 667 incumbunt,
958 611 1013 654 ιιι
1039 599 1165 652 nihil
1192 596 1256 651 ad
1283 593 1646 665 spectaculum
1675 591 1838 661 perti-

288 721 413 760 nens
440 717 494 757 se
532 697 794 770 praeterire
824 693 1008 763 possit.
1036 691 1170 746 Tum
1199 690 1241 743 si
1268 688 1388 757 quis
1417 684 1648 740 eximius
1681 683 1843 736 musi-

284 809 372 849 cus
387 789 750 849 adventaverit,
775 787 826 840 hi
848 799 1033 840 omnes
1049 781 1293 837 similiter
1309 778 1574 831 theatrum
1601 775 1841 844 implent,

280 885 549 952 missisque
571 881 814 935 omnibus
852 893 972 947 qua:
999 891 1109 946 prre
1140 871 1387 926 manibus
1413 868 1630 932 habent,
1654 867 1755 920 etsi
1783 882 1843 920 ea

273 991 410 1044 saepe
449 972 738 1029 necessaria
766 971 876 1026 sint
905 981 955 1024 et
990 965 1229 1036 urgentia
1253 1003 1269 1029 ,
1311 974 1606 1017 conscenso
1637 958 1846 1012 theatro

271 1069 470 1131 sedent,
492 1063 830 1133 studioseque
851 1068 1066 1116 cantqu
1087 1067 1140 1111 et
1159 1057 1639 1109 instrumentorum
1654 1063 1844 1104 sonum

267 1159 618 1228 excipientes,
648 1156 717 1212 de
744 1163 1099 1222 utrorumque
1142 1155 1406 1202 concentu
1432 1145 1727 1212 dismitant.
1775 1141 1848 1195 lia

263 1250 471 1321 quidem
500 1249 681 1304 multi.
708 1247 813 1314 Qui
844 1252 1022 1300 autem
1049 1243 1103 1295 in
1128 1238 1403 1294 rhetoricis
1425 1237 1575 1307 periti
1597 1242 1744 1296 sunt,
1775 1231 1854 1286 id-

265 1343 429 1410 ipsum
470 1355 596 1410 erga
635 1337 914 1408 sophistas
944 1333 1018 1406 (a)
1054 1336 1326 1400 praestant.
1358 1325 1485 1380 Nam
1527 1323 1668 1395 apud
1722 1325 1854 1375 istos

261 1446 472 1502 quoque
488 1419 715 1485 'theatra
744 1434 874 1482 sunt
894 1434 948 1477 et
971 1421 1261 1484 auditores,
1290 1418 1528 1487 plausus,
1559 1413 1820 1482 strepitus
1839 1452 1855 1478 ,

262 1535 318 1580 et
355 1525 624 1579 dictorum
657 1533 895 1574 examen
919 1513 1257 1584 exquisitum.
1289 1509 1440 1579 Quod
1472 1509 1515 1562 si
1537 1506 1812 1560 rhetorum
1839 1544 1854 1568 ,

265 1616 547 1671 tibicinum
573 1611 1008 1675 athletarumque
1037 1619 1130 1658 seu
1159 1612 1504 1671 spectatores,
1527 1612 1622 1652 seu
1650 1595 1855 1648 audito-

268 1720 362 1760 res
389 1703 550 1759 simul
576 1711 630 1756 et
658 1706 998 1768 Spectatores,
1017 1708 1135 1746 cum
1156 1700 1297 1744 tanta
1317 1688 1500 1743 sedent
1518 1685 1844 1740 attentione:

268 1801 524 1864 quantum
553 1789 735 1854 studii,
767 1792 1017 1856 quantum
1038 1781 1324 1852 diligentia:
1349 1792 1446 1832 vos
1471 1775 1728 1830 adhibere
1751 1788 1849 1843 par

263 1893 350 1940 est
375 1924 391 1949 ,
425 1898 547 1938 cum
578 1881 690 1950 jam
719 1892 824 1932 nou
855 1876 1046 1931 tibicen
1071 1912 1089 1938 .
1117 1887 1224 1927 non
1249 1868 1484 1939 sophista
1509 1908 1526 1932 ,
1555 1865 1650 1920 sed
1679 1865 1760 1918 vir
1783 1864 1851 1918 de

262 1974 400 2028 czelo
426 1973 627 2027 tonitru
653 1967 934 2022 clariorem
964 1963 1214 2019 emittcns
1250 1973 1437 2014 vocem
1464 1958 1479 1988 ⁸
1501 1999 1516 2024 ,
1541 1956 1609 2011 ad
1640 1963 1849 2023 speeta-

1949 320 2022 375 illi
2047 324 2402 392 proscenium,
2433 325 2618 380 eielum
2646 333 2848 391 totum;
2881 325 3185 392 theatrum,
3219 323 3400 390 orbis;
3425 340 3546 393 spr-

1943 420 2176 469 etatores
2202 425 2253 468 et
2283 415 2552 471 auditores
2576 457 2591 484 ,
2621 433 2803 472 omnes
2824 417 3033 487 angeli,
3059 425 3112 471 et
3139 432 3200 470 ex
3232 414 3537 468 hominibus

1943 511 2201 573 quotquot
2239 507 2410 575 angeli
2437 517 2592 573 sunt,
2620 517 2711 561 aut
2745 507 2858 562 fieri
2902 507 3149 576 cupiunt.
3184 505 3246 559 lii
3308 518 3534 570 namque

1944 595 2040 648 soli
2073 607 2294 665 possunt
2343 597 2477 652 hanc
2505 599 2834 653 harmoniam
2866 608 3127 653 accurate
3153 596 3372 650 auribus
3411 610 3534 664 pcr-

1945 685 2143 752 cipere,
2175 697 2227 741 et
2251 689 2500 757 operibus
2527 689 2797 756 exhibere,
2827 701 2998 758 atque
3027 688 3323 750 auditores,
3352 686 3535 755 quales

1943 788 2191 848 oportet,
2221 795 2342 835 esse
2373 782 2411 834 ⁸.
2444 783 2544 836 Alii
2590 798 2713 837 vero
2739 797 2932 836 omnes
2954 823 2968 846 ,
3013 796 3113 835 ceu
3135 779 3391 843 infantes,
3417 777 3532 850 [au-

1947 868 2097 923 diunt
2119 871 2355 939 quidem,
2380 888 2477 927 nec
2511 881 2682 926 tamen
2710 873 2886 928 audita
2917 872 3245 942 intelligunt,
3268 867 3388 940 sed]
3421 869 3536 938 pla-

1948 963 2119 1015 centis
2151 963 2550 1032 puerilibusque
2579 965 2713 1018 ludis
2737 967 2925 1018 intenti
2951 971 3079 1016 sunt
3106 980 3118 1015 :
3146 964 3216 1016 ita
3251 963 3301 1015 lii
3324 975 3537 1031 quoque

1951 1051 2101 1112 risui.
2133 1049 2340 1105 deliciis
2361 1095 2373 1115 ,
2403 1055 2591 1122 opibus
2613 1096 2627 1117 ,
2657 1057 2915 1124 potentia:
2943 1053 3129 1116 dediti,
3156 1054 3432 1121 ventriquc
3463 1052 3540 1106 vi-

1951 1150 2160 1204 ventes,
2186 1139 2324 1194 dicta
2348 1143 2558 1210 quidem
2587 1144 2851 1197 interdum
2881 1144 3122 1208 audiunt;
3143 1143 3236 1197 sed
3265 1143 3396 1197 nihil
3423 1158 3536 1194 tua-

1952 1243 2114 1297 gnum
2142 1233 2226 1284 vel
2258 1231 2483 1286 sublime
2509 1233 2760 1301 operibus
2797 1233 3054 1287 exhibent
3074 1273 3086 1291 .
3116 1233 3256 1302 quod
3285 1248 3343 1287 se
3371 1233 3540 1287 semel

1958 1321 2191 1375 lateritio
2215 1324 2364 1392 operi
2407 1334 2463 1378 et
2488 1324 2596 1378 luto
2628 1324 2951 1379 dediderint.
2981 1325 3118 1379 Huic
3162 1325 3404 1393 apostolo
3446 1324 3540 1378 ad-

1960 1423 2104 1466 stant
2130 1428 2374 1482 superine
2402 1418 2645 1483 virtutes,
2677 1418 2819 1471 illius
2847 1418 3038 1470 anima:
3071 1418 3538 1486 pulchritudinem,

1961 1504 2292 1574 prudentiam
2323 1507 2636 1576 virtutisque
2661 1509 2894 1577 speciem
2923 1509 3180 1563 mirantes
3205 1548 3220 1572 ,
3264 1524 3358 1577 per
3389 1524 3541 1578 quam

1956 1597 2128 1665 ipsum
2158 1595 2426 1652 Christum
2456 1602 2707 1664 attraxit,
2748 1610 2803 1655 et
2827 1601 3161 1670 spiritualem
3191 1605 3399 1671 accepit
3428 1618 3546 1672 gra-

1954 1687 2101 1741 tiam.
2137 1687 2346 1742 Etenim
2379 1705 2476 1744 ceu
2510 1691 2676 1761 lyram
2704 1692 2988 1761 quamdam
3019 1693 3318 1761 speciosam
3350 1693 3544 1762 lapillis

1949 1777 2238 1848 aureisque
2287 1779 2476 1835 [idibus
2506 1791 2746 1856 ornatam
2775 1823 2789 1849 ,
2823 1784 2901 1837 sic
2945 1785 3179 1837 animam
3219 1799 3547 1852 componens

1951 1883 2104 1922 suam
2128 1908 2144 1933 ,
2187 1868 2240 1923 id
2269 1868 2446 1925 eﬂ‘ecit
2477 1879 2534 1924 ut
2574 1886 2825 1940 maguum
2870 1881 2926 1926 et
2962 1873 3235 1926 excelsum
3279 1873 3548 1942 quidpiam

1954 1958 2159 2030 Spiritu
2186 1971 2422 2016 sonaret.

257 2065 439 2119 culum
469 2075 564 2116 vos
583 2057 809 2115 evocet?
838 2055 1028 2110 Totum
1055 2052 1253 2122 quippe
1277 2049 1461 2104 orbem
1491 2046 1591 2102 hoc
1619 2046 1852 2100 clamore

257 2152 560 2224 occupavit,
580 2145 1010 2218 comprehendit;
1033 2143 1290 2214 implevit,
1319 2156 1428 2195 non
1455 2137 1709 2194 clamoris
1741 2150 1854 2190 ma-

255 2245 559 2316 gnitudine,
580 2242 674 2298 sed
706 2241 883 2310 lingua
901 2253 969 2293 ex
993 2237 1187 2292 divinae
1210 2233 1397 2305 gratia:
1415 2239 1560 2286 motu
1578 2231 1852 2299 loquente.

254 2335 524 2406 Quodque
549 2334 745 2388 mirum
775 2337 858 2386 est
879 2369 897 2396 ,
935 2337 1115 2384 tantus
1146 2324 1237 2381 ille
1279 2325 1482 2379 clamor
1505 2362 1520 2387 ,
1566 2335 1672 2376 non
1701 2333 1857 2389 asper

255 2437 355 2493 est,
391 2443 506 2482 non
537 2423 804 2489 insuavis,
837 2412 1105 2476 sed‘omni
1137 2416 1340 2473 musica
1367 2414 1644 2474 harmonia
1663 2412 1857 2483 jucun-

255 2519 376 2575 dior
428 2528 491 2574 et
537 2512 944 2572 desiderabilior
1011 2507 1372 2580 captandique
1429 2505 1688 2574 majorem
1747 2504 1854 2558 vim

257 2611 465 2667 habens
488 2628 504 2666 :
529 2616 786 2680 pnutcrea
813 2603 1183 2659 sanctissimus
1209 2608 1291 2655 est
1313 2640 1330 2666 ,
1353 2607 1409 2654 et
1431 2597 1718 2653 admodum
1751 2605 1858 2650 tre-

254 2705 498 2761 tuendus
518 2743 536 2768 ,
562 2711 641 2757 tot
667 2698 881 2755 areanis
908 2697 1101 2768 plenus
1121 2735 1136 2758 ,
1170 2702 1248 2750 tot
1275 2693 1413 2749 bona
1438 2689 1726 2747 conferens
1753 2731 1766 2754 ,
1800 2697 1857 2743 ut

249 2795 338 2866 qui
367 2795 669 2865 diligenter
697 2791 845 2846 illum
869 2788 1147 2859 excipiunt
1169 2795 1330 2855 atque
1353 2790 1679 2840 conservant
1704 2823 1718 2847 ,
1749 2795 1855 2834 non

252 2889 356 2958 iam
387 2887 646 2942 homines
671 2885 797 2948 sint,
820 2897 928 2937 non
943 2881 1054 2951 jam
1081 2882 1134 2936 in
1163 2889 1304 2934 terra
1332 2885 1616 2942 maneant;
1645 2874 1744 2930 sed
1769 2889 1860 2928 sn-

256 2994 350 3050 pra
375 2977 666 3035 saecularia
688 2973 873 3030 omnia
897 2981 953 3026 et
978 2987 1100 3026 cum
1121 2969 1328 3038 angelis
1349 2977 1550 3023 sortem
1581 2964 1859 3030 habentes,

256 3080 468 3125 terram
502 3066 652 3138 quasi
681 3064 874 3120 ea-lmn
905 3050 1404 3115 ineolantJEIenim
1445 3057 1536 3110 ille
1559 3054 1779 3108 tonitrui
1807 3053 1866 3104 lt-

255 3161 365 3219 lius
387 3157 596 3235 (Marc.
624 3156 679 3212 5.
712 3152 826 3225 i7),
843 3149 1062 3204 Christo
1081 3149 1340 3212 dilectus,
1363 3147 1616 3200 columna
1633 3141 1873 3196 omnium

255 3229 479 3326 quae-in
508 3249 641 3304 orbe
669 3253 797 3300 sunt
823 3240 1208 3301 Ecclesiarum,
1235 3235 1326 3305 qui
1351 3234 1468 3289 exuli
1489 3232 1669 3287 claves
1688 3229 1869 3297 habet,

259 3322 358 3416 qui
379 3342 460 3398 de
487 3340 656 3394 calice
683 3334 879 3390 Christi
911 3331 1074 3397 bibit,
1104 3338 1161 3386 et
1189 3329 1304 3398 ejus
1323 3325 1602 3396 ἰκιριίειηο
1632 3322 1869 3393 baptiza-

261 3411 355 3493 tus
382 3441 511 3499 est,
543 3429 635 3500 qui
664 3437 1005 3496 cummagna
1031 3419 1222 3478 lidueia
1253 3433 1413 3492 supra
1445 3425 1632 3488 pectus
1660 3411 1868 3473 Domini

257 3523 562 3603 παίδων
577 3520 665 3575 hic
694 3517 804 3589 jam
829 3531 928 3571 nos
947 3512 1214 3580 convenit;
1237 3528 1342 3567 non
1372 3511 1604 3566 fabulam
1628 3518 1864 3575 acturus,

262 3632 382 3676 non
414 3601 736 3686 personatus
764 3607 971 3664 accedit
1000 3605 1200 3680 (neque
1227 3605 1369 3660 enim
1401 3604 1527 3658 talia
1555 3601 1868 3673 loquuturus

260 3709 408 3781 est),
439 3721 548 3762 non
583 3703 642 3763 in
664 3711 974 3774 suggestum
1003 3698 1266 3764 ascendit,
1291 3713 1396 3753 non
1423 3695 1755 3752 orchestram
1777 3709 1870 3764 pe-

259 3802 343 3858 de
373 3797 622 3870 percutit,
645 3809 751 3850 non
775 3807 937 3848 aurea
964 3791 1180 3846 indutus
1207 3797 1291 3844 est
1313 3799 1484 3853 veste;
1513 3787 1608 3842 sed
1635 3787 1869 3858 ingredi-

264 3904 368 3948 tur
382 3905 506 3946 cum
529 3884 814 3958 singularis
831 3881 1244 3954 pulchritudinis
1262 3881 1480 3936 amictu.
1495 3878 1709 3935 Christo
1725 3879 1867 3934 enim

269 3979 501 4039 indutus
530 3974 857 4046 conspicitur
879 3971 1031 4046 (Gal.
1075 3972 1131 4027 5.
1155 3969 1272 4041 27),
1303 3971 1468 4040 pedes
1494 3973 1747 4039 speciosos
1763 3969 1873 4023 eal-

275 4085 468 4132 ecatos
497 4071 699 4126 habens
728 4069 780 4124 in
804 4065 1198 4139 prmparatione
1228 4064 1488 4134 evangelii
1521 4064 1664 4134 pacis
1694 4063 1870 4133 (Rom.

280 4166 379 4224 to.
408 4163 496 4234 l5)
528 4179 544 4228 ;
573 4176 709 4217 zona
737 4175 844 4214 non
875 4167 1060 4228 peetus
1085 4196 1099 4220 ,
1130 4155 1224 4211 sed
1275 4154 1484 4209 lumbos
1516 4153 1835 4224 pra3eiuctus
1854 4193 1870 4218 ,

282 4269 396 4312 non
423 4269 488 4310 ex
509 4265 775 4324 purpurea
806 4249 946 4319 pelle
970 4289 985 4313 ,
1024 4262 1198 4317 neque
1224 4260 1456 4315 superne
1485 4261 1616 4298 auro
1645 4256 1832 4298 ornata
1859 4283 1872 4308 ,

287 4345 389 4400 sed
419 4345 531 4413 ipsa
563 4343 792 4396 veritate
819 4347 1068 4394 contexta
1098 4347 1152 4392 et
1179 4336 1518 4391 concinnata.
1550 4332 1695 4388 Talis
1736 4348 1879 4387 nunc

291 4438 447 4493 nobis
483 4435 706 4491 offertur
729 4433 848 4488 sine
874 4433 1018 4486 larva
1048 4449 1062 4485 :
1095 4429 1237 4484 nulla
1267 4428 1411 4482 enim
1443 4425 1580 4495 apud
1610 4425 1782 4497 ipsum
1807 4425 1878 4480 si-

294 4531 537 4595 mulatio,
568 4527 708 4583 nulla
739 4525 885 4581 lietio
905 4525 986 4580 vel
1015 4523 1211 4586 fabula;
1243 4520 1336 4576 sed
1369 4518 1514 4574 nudo
1535 4520 1711 4588 capite
1735 4560 1750 4584 ,
1783 4533 1882 4572 mt-

293 4625 417 4678 datn
449 4621 662 4676 nuntiat
700 4618 1001 4673 veritatem.
1031 4615 1216 4685 Neque
1245 4628 1368 4667 cum
1407 4613 1584 4680 reipsa
1609 4609 1747 4664 alius
1775 4609 1878 4672 sit,

295 4717 395 4771 alia
427 4730 492 4770 ex
526 4711 734 4774 habitu,
761 4709 953 4774 oculis,
983 4721 1114 4761 voce
1143 4703 1478 4760 auditoribus
1501 4701 1766 4766 suadebit;
1787 4716 1885 4755 nec

296 4803 669 4863 instrumentis
693 4801 760 4856 ad
809 4801 923 4854 haec
949 4796 1238 4852 nuntianda
1269 4811 1405 4865 Opus
1435 4794 1630 4856 habet,
1662 4807 1766 4845 non
1805 4791 1883 4845 ci-

299 4901 449 4954 thara
477 4939 494 4962 ,
527 4912 633 4951 non
665 4895 779 4964 lyra
807 4933 822 4958 ,
854 4907 958 4946 non
985 4890 1092 4945 alio
1137 4893 1326 4960 quovis
1354 4885 1720 4958 hujuscemodi
1746 4902 1760 4951 ;
1789 4884 1884 4938 sed

299 4991 476 5045 munia
521 5002 618 5058 per
667 4987 898 5054 linguam
937 4990 1226 5052 operatur,
1257 4992 1310 5035 et
1336 4981 1524 5050 quavis
1570 4979 1774 5034 cithara
1805 4977 1888 5030 vel

300 5085 500 5136 iuitsiea
551 5077 856 5133 suaviorem
903 5075 1274 5143 utilioremque
1316 5087 1500 5128 vocem
1547 5072 1765 5127 emittit.
1796 5069 1890 5122 Est

299 5221 428 5257 ruam
453 5203 804 5258 Commentartl
831 5209 1041 5264 partem,
1065 5202 1196 5247 inter
1218 5193 1755 5264 homilias,_et_quiden_i
1773 5193 1887 5264 jure

255 5265 271 5276 ’
300 5253 864 5326 ὧέἶὶιόςτεεθιιςεοζεὲ,
891 5253 1200 5326 ιὶιιιιῑὶῃεςιειι·
1221 5259 1401 5326 habent
1422 5272 1432 5306 :
1451 5253 1588 5318 6th
1604 5255 1689 5316 a’;
1714 5253 1886 5302 Morel.

301 5343 440 5390 vero,
466 5319 518 5376 in
538 5319 1014 5390 superscriotionem
1040 5323 1187 5390 cll'ert
1213 5334 1226 5366 ι
1247 5319 1514 5386 προοίμιον.

364 5382 438 5454 (ai
463 5382 714 5454 Sophista
737 5387 1028 5454 dicebantur
1055 5382 1299 5453 rhetores,
1328 5387 1506 5454 artium
1533 5382 1757 5454 m‘aglstrt
1777 5394 1892 5454 nsa-

302 5443 520 5519 pientes,
536 5443 766 5519 doctores
789 5462 802 5509 ;
830 5451 911 5498 Illa
927 5445 1228 5519 .atttemjipsa
1245 5458 1337 5513 vox
1360 5444 1620 5516 aliquando
1642 5445 1692 5490 in
1717 5443 1890 5519 malum

301 5503 496 5579 partem
511 5503 886 5574 'accipitur,'pro
906 5510 966 5559 tis
981 5505 1065 5569 qui
1083 5503 1327 5555 simulatis
1345 5503 1616 5552 ratibciniis
1636 5504 1890 5552 veritatem

298 5581 633 5628 detorquent.

365 5592 752 5692 i°Cii$3"iiibei.
775 5648 890 5687 voce
912 5627 1177 5684 clariorem
1197 5627 1412 5681 amittens
1433 5638 1614 5680 vocem.

2026 2051 2081 2104 2.
2110 2051 2330 2106 Joannis
2359 2052 2660 2108 sublimitas.
2693 2053 2960 2120 Quomodo
3001 2055 3314 2125 evangelium
3348 2055 3457 2124 ejus
3491 2055 3556 2110 sit

1958 2147 2291 2200 audiendum.
2319 2176 2392 2186 —
2420 2147 2603 2218 Itaque
2634 2164 2738 2202 non
2785 2158 2840 2203 ut
2871 2150 3181 2217 piscatoris,
3220 2164 3319 2203 nec
3363 2157 3420 2202 ut
3462 2149 3554 2204 lilii

1962 2237 2229 2301 Zebedtci,
2255 2239 2347 2293 sed
2371 2249 2425 2293 ut
2442 2239 2556 2309 ejus
2572 2241 2659 2310 qui
2683 2242 2940 2310 profunda
2971 2243 3061 2297 Dei
3090 2242 3260 2310 novit,
3287 2241 3546 2309 Spiritum

1959 2329 2082 2384 dico
2105 2331 2242 2384 hanc
2269 2330 2442 2401 lyram
2465 2332 2784 2401 pulsantem,
2817 2335 2896 2387 sic
2915 2333 3217 2387 audiamus.
3240 2333 3380 2386 Nihil
3409 2333 3553 2388 enim

1960 2419 2252 2474 humanum
2282 2422 2447 2487 dicet,
2480 2424 2570 2478 scd
2599 2425 2856 2495 quidquid
2887 2425 3135 2495 loquetur
3160 2440 3225 2480 cx
3253 2426 3552 2496 spirituali-

1959 2511 2060 2566 hus
2083 2511 2294 2583 ahyssis
2320 2512 2564 2569 haustum
2597 2524 2701 2581 est,
2735 2532 2798 2569 ex
2827 2517 3038 2570 arcanis
3057 2516 3186 2580 illis,
3217 2531 3335 2584 qua:
3363 2532 3430 2570 ne
3457 2533 3556 2571 au-

1960 2603 2063 2674 geli
2087 2603 2325 2673 quidem,
2354 2615 2637 2677 antequam
2663 2606 2750 2660 illa
2785 2607 2996 2672 ﬁerent,
3025 2614 3308 2662 noverant.
3338 2606 3471 2661 Nam
3501 2617 3558 2664 et

1964 2696 2065 2767 ipsi
2098 2696 2376 2752 uobiscum
2403 2713 2496 2768 per
2521 2699 2749 2767 Joannis
2773 2715 2959 2754 vocem
2976 2740 2992 2766 ,
3014 2708 3070 2755 et
3099 2715 3193 2770 per
3216 2716 3316 2755 nos
3350 2699 3554 2756 didice-

1963 2798 2090 2844 runt
2117 2805 2178 2844 ea
2203 2806 2324 2861 qua:
2354 2807 2452 2846 nos
2480 2793 2746 2846 novimus.
2782 2792 2846 2846 Et
2874 2792 2974 2846 hoc
2995 2807 3208 2862 quoque
3237 2791 3560 2861 signiﬁcavit

1962 2880 2104 2934 alius
2125 2880 2402 2950 apostolus
2433 2880 2515 2935 his
2553 2881 2768 2936 verbis:
2796 2881 2864 2936 Ut
2897 2883 3175 2934 innotescat
3203 2897 3339 2934 nunc
3368 2882 3558 2950 princi.

1968 2970 2170 3036 patibus
2200 2982 2245 3024 et
2277 2971 2605 3039 potestatibus
2654 2989 2743 3040 per
2787 2971 3069 3025 Ecclesium
3108 2972 3436 3039 multiformis
3480 2988 3564 3026 sa-

1973 3059 2164 3126 pientia
2186 3057 2282 3110 Dei
2321 3059 2534 3128 (Ephes.
2563 3061 2618 3113 ὅ.
2647 3061 2759 3127 10).
2788 3062 2845 3114 Si
2870 3075 3000 3127 ergo
3025 3062 3352 3128 principatus
3377 3099 3390 3120 ,
3416 3069 3566 3128 pote-

1977 3157 2164 3210 states,
2187 3148 2478 3202 Cherubim
2505 3158 2558 3202 et
2587 3149 2866 3218 Scrapltim
2899 3152 3014 3204 luce
3043 3165 3136 3218 per
3161 3149 3453 3203 Ecclesiam
3479 3151 3566 3204 di-

1977 3235 2220 3292 dicerunt
2243 3277 2258 3302 ,
2291 3237 2466 3307 palam
2495 3249 2576 3293 est
2617 3239 2736 3293 illos
2765 3255 2951 3310 magna
2980 3256 3101 3294 eum
3128 3239 3422 3292 attentione
3457 3240 3570 3298 ha'c

1976 3327 2278 3389 edidicisse.
2308 3327 2468 3391 Certe
2516 3349 2620 3392 non
2656 3348 2823 3408 parvo
2865 3333 3226 3393 tiinchonore
3265 3333 3562 3411 efﬁcimur,

1973 3425 2117 3497 quod
2159 3427 2332 3498 angeli
2364 3442 2425 3483 ea
2452 3428 2731 3486 nobiscum
2779 3430 3017 3498 audiant,
3050 3447 3171 3503 quae
3198 3432 3508 3503 ignorabant
3546 3454 3560 3492 :

1970 3518 2113 3590 quod
2141 3527 2316 3575 autem
2341 3519 2501 3576 etiam
2532 3537 2628 3592 per
2652 3537 2770 3588 nos,
2807 3522 3040 3578 nondum
3071 3524 3244 3579 dicam
3272 3523 3562 3592 quomodo.

1971 3608 2194 3666 Multum
2237 3626 2367 3682 ergo
2405 3611 2758 3668 adhibeamus
2784 3627 2906 3668 cum
2947 3613 3208 3670 modestia
3250 3615 3524 3671 silentium
3547 3658 3566 3681 ,

1973 3717 2080 3758 non
2105 3702 2263 3762 hodie
2289 3713 2516 3771 tantum,
2545 3717 2633 3762 aut
2662 3717 2731 3762 eo
2750 3706 3030 3764 dumtaxat
3057 3723 3164 3780 quo
3191 3709 3439 3767 audimus
3456 3710 3570 3779 die,

1973 3795 2067 3852 sed
2095 3810 2191 3866 per
2220 3804 2386 3852 totam
2418 3798 2601 3864 vitam;
2631 3799 2756 3869 quia
2784 3799 2934 3854 illum
2963 3800 3110 3854 omni
3139 3809 3382 3871 tempore
3409 3801 3572 3858 audi-

1976 3905 2036 3945 re
2065 3888 2396 3945 fructuosum
2423 3898 2525 3944 est.
2555 3890 2685 3946 Nam
2717 3890 2760 3945 si
2787 3905 2852 3945 ea
2879 3905 3000 3960 quae
3021 3892 3074 3946 in
3100 3892 3242 3962 regia
3267 3901 3527 3963 geruntur
3551 3936 3571 3960 ,

1975 3983 2116 4037 scire
2140 3990 2409 4051 optamus;
2441 3995 2634 4048 nempe
2663 3981 2790 4049 quid
2817 3979 3112 4051 imperator
3139 3982 3315 4048 faciat,
3347 3980 3472 4051 quid
3499 3982 3573 4041 de

1976 4072 2206 4127 subditis
2231 4069 2511 4132 consulat,
2542 4069 2749 4123 etiamsi
2779 4085 2923 4138 smpe
2959 4069 3011 4123 id
3055 4071 3184 4124 nihil
3210 4071 3276 4124 ad
3317 4086 3415 4124 nos
3443 4073 3573 4125 atti.

1980 4173 2105 4218 neat
2135 4179 2150 4217 :
2183 4162 2354 4216 multo
2381 4158 2549 4228 magis
2585 4175 2704 4227 qum
2737 4160 2875 4212 Deus
2905 4159 3039 4212 dixit
3062 4160 3248 4212 audire
3278 4158 3573 4227 optandum

1979 4265 2065 4311 est
2093 4271 2106 4306 :
2139 4268 2260 4308 cum
2301 4249 2536 4304 maxime
2584 4249 2672 4302 illa
2715 4248 2893 4300 omnia
2919 4249 2986 4300 ad
3027 4263 3126 4303 nos
3154 4259 3419 4318 spectent.
3450 4247 3578 4309 ιιι-ο

1985 4361 2146 4418 porro
2171 4352 2359 4399 cuncta
2393 4351 2642 4398 accurate
2668 4339 2758 4395 ille
2788 4339 2940 4394 nobis
2969 4341 3272 4406 euarrabit,
3318 4340 3459 4410 quod
3491 4358 3578 4399 re.

1984 4437 2065 4508 gis
2091 4436 2296 4491 amicus
2335 4433 2425 4497 sit,
2456 4433 2562 4486 imo
2588 4429 2729 4502 quod
2761 4444 2941 4500 regem
2971 4431 3024 4485 in
3056 4445 3115 4484 se
3143 4430 3449 4500 loquentem
3478 4429 3578 4487 ha.

1987 4533 2111 4587 beat
2138 4527 2424 4597 omniaque
2445 4524 2622 4580 abillo
2643 4523 2842 4587 audiat,
2875 4539 2993 4594 qute
3015 4522 3103 4577 ille
3118 4539 3146 4576 a
3169 4523 3324 4577 Patre
3344 4524 3530 4591 accipit
3560 4547 3574 4582 :

1989 4637 2110 4676 nam
2153 4619 2227 4674 ait
2251 4661 2265 4684 ,
2324 4615 2423 4673 Vos
2448 4617 2556 4671 dixi
2582 4618 2771 4670 amicos
2795 4656 2809 4680 ,
2858 4617 2977 4685 quia
3017 4615 3188 4666 omnia
3213 4629 3325 4685 qua;
3354 4613 3524 4666 audivi
3548 4634 3578 4670 α

1991 4712 2147 4766 Patre
2175 4726 2306 4776 meo,
2339 4719 2459 4764 nota
2485 4709 2734 4782 fecivobis
2767 4705 2944 4778 (Joan.
2976 4704 3583 4776 15.15).Quemadmo-

1991 4804 2115 4859 dum
2145 4803 2305 4874 igitur
2327 4843 2342 4868 ,
2383 4801 2428 4856 si
2459 4814 2616 4870 quem
2642 4814 2672 4853 e
2700 4812 2912 4852 summo
2941 4795 3074 4850 ctelo
3103 4812 3327 4866 pronum
3358 4811 3580 4866 repente

1989 4895 2314 4956 videremus,
2342 4891 2429 4960 qui
2455 4890 2791 4959 promitteret
2811 4901 2870 4941 se
2901 4885 3056 4940 nobis
3080 4886 3310 4942 czclestia
3334 4899 3584 4946 accurate

1991 4985 2276 5047 dicturum,
2305 4996 2494 5037 omnes
2524 4991 2928 5034 accurreremns
2955 4992 2970 5029 :
3003 4978 3070 5031 ita
3099 4995 3239 5033 nunc
3259 4994 3472 5048 quoque
3500 4980 3585 5031 af-

1994 5073 2120 5130 fecti
2149 5075 2337 5128 simus.
2367 5073 2442 5129 Ex
2475 5070 2608 5125 carlo
2637 5083 2870 5135 namque
2898 5069 2979 5122 vir
3004 5069 3092 5124 ille
3119 5085 3218 5124 nos
3248 5069 3537 5136 alloquitur
3570 5088 3585 5125 :

1997 5180 2103 5220 non
2128 5165 2269 5219 enim
2297 5172 2466 5218 estex
2498 5160 2600 5213 hoc
2626 5156 2846 5225 mundo,
2873 5169 2927 5214 ut
2951 5161 3112 5214 etiam
3141 5161 3272 5213 dicit
3298 5160 3410 5227 ipse
3431 5155 3590 5211 Chri-

1997 5265 2111 5312 stus
2142 5274 2155 5310 :
2199 5257 2297 5310 Vos
2323 5254 2386 5308 de
2411 5253 2508 5306 hoc
2535 5247 2726 5301 mundo
2767 5266 2866 5304 non
2890 5253 3006 5305 estis
3036 5250 3217 5324 (Joan.
3248 5251 3337 5307 15.
3366 5246 3459 5314 l9)
3487 5261 3504 5310 ;
3533 5261 3594 5306 et

2000 5348 2333 5404 Paraeletum
2362 5349 2417 5398 in
2465 5355 2526 5394 se
2570 5340 2872 5406 loquentem
2904 5342 3100 5411 habet,
3131 5344 3330 5414 ubique
3355 5348 3602 5410 praesen.

2070 5503 2084 5532 ι
2123 5506 2251 5555 ttzec,
2286 5489 2700 5558 atqneauditores
2718 5526 2732 5550 ,
2757 5496 2922 5551 quales
2943 5500 3126 5558 oportet
3145 5503 3316 5558 ,egse!
3340 5483 3609 5558 degenti}.

2002 5536 2251 5618 Satria}?
2272 5536 2334 5607 ii;
2346 5536 2639 5618 quibusdam
2653 5536 2666 5538 _
2681 5536 3123 5618 it'ss‘."65;g'1,;.;[.;
3145 5536 3374 5602 ’ἠιὶᾖῖοἷιιε
3413 5536 3615 5594 uncinis

2003 5614 2311 5680 «:lauduutur,
2335 5614 2681 5668 desiderantur
2705 5614 2753 5661 iu
2773 5621 2877 5664 Mss.
2901 5614 3141 5680 ptui-imis.
