4000 6210
666 294 737 356 g7
1381 273 1436 329 S.
1477 268 1755 327 JO.\NN|S
1791 260 2264 322 CIIRYSOSTOMI
2304 259 2623 317 ARCHIEP.
2663 255 3198 316 CONSTANTINOP.

667 412 795 463 tom,
824 395 911 467 qui
945 395 1013 448 ita
1043 392 1189 447 novit
1216 405 1278 444 ea
1303 402 1423 458 qua:
1446 387 1540 442 Dei
1563 394 1707 449 sunt,
1732 393 1787 438 ut
1811 382 1987 437 anima
2017 377 2250 434 hominis

668 504 753 541 res
784 502 909 541 suas
932 486 1099 547 novit;
1125 481 1382 552 Spiritum
1413 492 1606 548 nempe
1633 475 1930 531 sanctitatis
1951 513 1967 538 ,
1996 471 2253 542 Spiritum

666 589 871 634 rectum
890 617 904 639 ,
935 575 1024 645 qui
1053 573 1231 641 dirigit
1258 580 1311 627 et
1334 569 1481 626 ducit
1510 570 1562 623 in
1602 567 1793 623 caelum
1816 606 1831 629 ,
1858 567 1948 635 qui
1979 575 2147 617 novos
2168 560 2258 613 dat

668 669 875 732 oculos,
904 668 994 737 qui
1025 666 1076 720 id
1105 665 1267 722 efﬁcit
1290 672 1347 717 ut
1376 663 1549 718 futura
1574 672 1840 730 tamquam
1871 656 2149 725 praesentia
2179 652 2259 707 vi.

667 762 891 816 deamus
914 801 930 825 ,
963 768 1016 813 et
1045 759 1095 811 in
1126 771 1287 811 carne
1316 754 1548 810 cazlestia
1589 754 1916 807 intueamur.
1953 749 2053 803 Per
2092 756 2255 802 totam

665 868 797 924 ergo
822 853 982 906 vitam
1012 864 1113 905 nos
1138 850 1186 904 ei
1209 848 1394 903 sedato
1415 855 1469 903 et
1492 845 1780 915 tranquillo
1804 844 1983 897 animo
2007 841 2254 896 exhibea-

668 959 819 999 mus:
842 956 999 997 nemo
1016 942 1269 1010 ignavus,
1302 954 1458 994 nemo
1479 936 1891 1000 somniculosos,
1926 934 2009 987 vel
2040 932 2262 987 maculis

672 1048 952 1105 respersus
979 1032 1066 1086 hic
1083 1038 1294 1085 maneat
1316 1029 1436 1083 :scd
1456 1028 1507 1082 in
1526 1027 1715 1082 cadum
1736 1041 1832 1080 nos
1850 1024 2256 1088 transferamus,

670 1127 761 1181 ubi
778 1124 1104 1194 evangelista
1120 1123 1353 1192 loquitur
1376 1122 1439 1175 iis
1458 1121 1549 1192 qui
1568 1120 1688 1175 istic
1703 1135 1802 1173 con
1812 1125 2111 1171 versantur.
2126 1115 2179 1170 Si
2210 1115 2261 1168 in

673 1226 818 1270 terra
851 1228 1182 1277 maneamus,
1220 1212 1347 1266 hinc
1372 1211 1503 1265 nihil
1532 1211 1662 1263 lucri
1686 1208 1966 1263 referinms
1998 1225 2010 1260 :
2044 1205 2264 1259 Joannis

671 1305 872 1374 quippe
898 1302 1179 1371 disciplina
1199 1301 1333 1355 nihil
1351 1301 1540 1353 attinet
1558 1298 1623 1351 ad
1640 1312 1756 1363 e05,
1781 1296 1871 1365 qui
1898 1312 1927 1348 a
1953 1296 2057 1348 vita
2088 1296 2264 1365 porcis

673 1395 830 1464 digna
851 1407 957 1448 non
980 1392 1277 1455 absistunt,
1311 1388 1760 1459 quemadmodum
1789 1386 1919 1441 nihil
1943 1386 2166 1440 attinent
2198 1383 2265 1437 ad

678 1500 799 1537 eum
831 1498 918 1537 res
937 1482 1210 1536 humanae.
1239 1480 1461 1535 Tonitru
1482 1478 1720 1549 quidem,
1753 1477 2084 1532 inconditum
2108 1474 2266 1530 cmit-

680 1584 798 1627 tens
829 1587 1021 1627 sonum
1043 1612 1059 1639 ,
1105 1570 1316 1625 animos
1359 1580 1572 1625 nostros
1611 1567 2016 1638 perterrefaeit;
2047 1566 2268 1621 Joannis

677 1674 856 1718 autem
890 1679 991 1717 vox
1022 1664 1287 1717 neminem
1312 1660 1546 1716 fidelium
1578 1661 1778 1725 turbat,
1813 1659 1921 1713 imo
1950 1673 2014 1712 ex
2039 1656 2269 1711 tumultu

679 1765 731 1811 et
764 1754 1163 1826 perturbatione
1189 1755 1411 1821 eximit,
1440 1753 1675 1822 solisque
1704 1751 2034 1806 daemonibus
2079 1748 2269 1804 terrori

682 1856 786 1910 est,
815 1855 869 1901 et
893 1846 1196 1902 dzemonum
1218 1846 1407 1901 servis.
1429 1844 1499 1900 Ut
1525 1843 1798 1899 videamus
1826 1855 1952 1912 ergo
1984 1856 2091 1913 quo
2117 1849 2270 1911 pacto

688 1937 809 1992 illos
837 1945 1055 2001 terreat,
1082 1947 1141 1992 et
1162 1938 1341 1991 animo
1370 1935 1625 1990 sileamus
1653 1943 1708 1988 et
1736 1950 1847 1993 ore.
1880 1932 2060 1988 animo
2091 1943 2272 1987 tamen

685 2028 936 2081 maxime.
970 2026 1226 2095 Quantam
1256 2026 1455 2079 utilitas
1475 2066 1488 2089 ,
1519 2040 1640 2079 cum
1673 2033 1884 2078 tacente
1912 2038 2035 2088 ore,
2063 2023 2274 2089 animus

692 2116 1078 2172 tumultuatur?
1109 2116 1316 2170 Anima:
1361 2117 1595 2186 quietem
1625 2127 1810 2184 quaero
1833 2152 1850 2176 ,
1878 2112 2002 2183 quia
2043 2114 2274 2167 animam

684 2208 988 2264 audiemem
1020 2217 1235 2276 exopto.
1266 2205 1418 2260 Nulla
1461 2218 1590 2273 ergo
1629 2219 1727 2259 nos
1754 2210 2091 2258 commoveat
2115 2217 2276 2271 pecu-

689 2300 793 2354 nite
815 2299 1100 2367 cupiditas,
1135 2298 1313 2352 nullus
1332 2297 1517 2366 gloria:
1547 2309 1717 2357 amor,
1747 2308 1853 2348 non
1875 2293 1968 2347 ira:
1999 2293 2239 2364 tyrannis
2258 2334 2274 2360 ,

690 2405 795 2444 non
820 2390 1046 2443 aliorum
1068 2388 1355 2443 affectuum
1378 2385 1654 2442 tumultus.
1677 2384 1792 2441 Non
1812 2392 1989 2454 potest
2011 2384 2153 2439 enim
2170 2399 2279 2439 non

691 2490 946 2551 purgatus
970 2481 1182 2535 auditus
1210 2479 1477 2534 dictorum
1517 2477 1922 2541 sublimitatem,
1955 2486 2012 2532 ut
2037 2491 2133 2546 par
2156 2485 2237 2531 est
2258 2515 2276 2540 ,

695 2576 776 2628 vel
827 2589 1055 2644 capere,
1106 2573 1191 2627 vel
1241 2586 1491 2627 arcanam
1545 2579 1601 2627 et
1645 2568 1978 2625 tremendam
2024 2567 2279 2624 horumce

693 2667 1068 2738 mysteriorum
1092 2666 1376 2730 rationem,
1406 2672 1737 2734 eaeterasque
1765 2664 1992 2717 virtutes
2017 2676 2204 2715 omnes
2226 2661 2277 2715 in

695 2759 779 2812 his
807 2757 1040 2812 oraculis
1083 2764 1364 2812 contentas
1401 2764 1650 2810 accurate
1678 2766 2023 2824 cognoscere.
2050 2749 2106 2806 Si
2137 2751 2280 2806 enim

694 2849 822 2905 tibia
853 2858 903 2903 et
935 2848 1137 2903 cithara
1179 2846 1363 2902 ludere
1394 2860 1551 2901 nemo
1589 2844 1871 2907 didicerit,
1916 2843 2018 2898 nisi
2057 2844 2120 2897 iis
2164 2843 2278 2896 ani-

696 2956 838 2996 mum
866 2939 1190 3001 adhibuerit,
1212 2938 1480 3008 quomodo
1505 2940 1757 3007 mysticas
1777 2949 1937 2990 voces
1954 2933 2072 3005 quis
2089 2932 2282 2989 sedens

694 3031 893 3092 audiat,
924 3030 966 3084 si
997 3030 1205 3084 animus
1235 3030 1284 3082 in
1312 3029 1536 3098 segnitie
1560 3027 1758 3097 degat?

765 3123 816 3176 3.
867 3121 990 3175 Ideo
1029 3120 1272 3175 Christus
1318 3120 1399 3174 his
1435 3132 1531 3174 nos
1572 3118 1749 3172 verbis
1787 3116 2073 3171 admonet:
2109 3114 2285 3168 Nolite

692 3214 814 3267 dare
840 3222 1017 3267 sancta
1044 3212 1284 3275 canibus,
1315 3226 1475 3276 neque
1514 3208 1795 3279 projiciatis
1831 3206 2141 3286 margaritas
2169 3214 2286 3259 ante

691 3321 872 3371 porcos
906 3306 922 3369 (
950 3302 1138 3357 Matth.
1172 3304 1229 3356 7.
1263 3302 1355 3371 6).
1389 3301 1697 3369 Margaritas
1722 3300 1837 3354 lucc
1862 3300 2022 3353 verba
2056 3300 2280 3365 vocavit,

693 3395 818 3449 licet
846 3394 961 3447 hzec
990 3392 1290 3461 margaritis
1318 3391 1472 3460 longe
1512 3390 1827 3460 pretiosiora
1855 3390 1962 3444 sint
1982 3430 1998 3455 ,
2037 3389 2157 3458 quia
2187 3389 2287 3444 hac

695 3484 915 3538 materia
964 3483 1109 3536 nulla
1156 3481 1512 3551 praestantior.
1565 3481 1688 3535 ldeo
1736 3480 1925 3535 horum
1975 3495 2281 3535 sermonum

692 3574 1005 3629 suavitatem
1024 3573 1164 3627 melli
1191 3586 1502 3641 comparare
1518 3572 1674 3636 solet,
1700 3586 1805 3626 non
1822 3570 1962 3640 quod
1989 3572 2092 3625 mel
2117 3571 2284 3639 ipsam

693 3680 906 3735 :eqnare
958 3666 1147 3732 possit,
1170 3664 1263 3718 sed
1317 3663 1457 3733 quod
1509 3664 1638 3718 nihil
1685 3663 1843 3719 melle
1891 3663 2098 3717 dulcius
2142 3664 2284 3734 apud

695 3771 794 3810 nos
831 3757 921 3810 sit.
962 3754 1093 3809 Nam
1133 3754 1274 3825 quod
1304 3764 1359 3810 et
1378 3769 1709 3825 gemmarum
1739 3754 1987 3823 pri-tium,
2025 3762 2081 3807 et
2108 3754 2285 3815 mellis

691 3848 1005 3901 suavitatem
1036 3847 1195 3916 longo
1224 3846 1505 3901 intervallo
1531 3856 1804 3916 superent,
1824 3846 1944 3899 audi
1970 3847 2282 3916 prophetam

694 3939 812 3994 lure
834 3950 1160 3992 asscrcmcm
1185 3937 1266 3993 his
1292 3939 1468 3992 verbis
1492 3955 1506 3992 ξ
1538 3937 1905 3992 Desiderabilia
1928 3955 2079 4008 super
2104 3957 2283 3994 aurum

692 4040 740 4083 ct
778 4029 1001 4098 lapidem
1042 4031 1313 4097 pretiosum
1341 4028 1585 4093 multaut,
1633 4038 1679 4083 et
1716 4030 1947 4084 dulciora
1989 4047 2142 4099 super
2186 4034 2284 4086 mel

691 4130 738 4174 et
782 4121 999 4192 fasum(
1035 4119 1178 4177 Psal.
1226 4121 1312 4177 l8.
1351 4121 1439 4177 ll.
1486 4122 1627 4190 12);
1675 4121 1768 4175 sed
1806 4122 1942 4177 bene
1981 4122 2284 4179 valentibus

692 4221 930 4278 tantum;
964 4212 1083 4268 ideo
1105 4212 1369 4277 subdidit,
1399 4212 1603 4268 Etenim
1625 4230 1796 4267 servus
1821 4222 1938 4266 tuus
1960 4215 2176 4268 custodit
2199 4231 2281 4269 ea.

692 4305 761 4358 Et
792 4305 916 4360 alibi
942 4320 1153 4375 quoque
1173 4347 1188 4371 ,
1218 4320 1340 4360 cum
1371 4304 1544 4361 dulcia
1583 4305 1842 4370 dixisset,
1874 4304 2110 4370 addidit,
2143 4304 2285 4361 Fau-

685 4397 830 4449 cibus
858 4398 1001 4453 meis.
1030 4398 1199 4462 Quam
1222 4398 1413 4463 dulcia,
1448 4396 1639 4467 inquit,
1670 4396 1900 4467 faucibus
1929 4397 2050 4451 meis
2084 4396 2284 4467 eloquia

683 4495 818 4549 sua;
842 4497 892 4541 et
942 4487 1312 4543 excellentiam
1343 4487 1569 4542 efferens
1599 4487 1778 4550 addit,
1810 4487 1979 4557 Super
2004 4487 2103 4541 mel
2126 4498 2172 4540 et
2197 4488 2281 4555 fa-

685 4595 810 4632 stum
831 4581 907 4633 ori
937 4599 1044 4635 meo
1072 4580 1246 4648 (Psal.
1268 4582 1290 4635 l
1311 4581 1389 4635 18.
1411 4579 1557 4647 105),
1582 4581 1703 4650 quia
1732 4596 1859 4636 sana
1892 4589 2067 4636 mente
2090 4582 2281 4650 plu-di-

682 4680 777 4724 tus
811 4679 944 4725 erat.
973 4671 1050 4728 Ne
1079 4673 1253 4743 itaque
1286 4671 1472 4727 morbo
1511 4672 1682 4726 allecti
1711 4672 1825 4728 lure
1866 4673 2141 4741 adeamus,
2186 4674 2281 4729 sed

691 4771 809 4828 post
864 4774 1210 4833 expurgatum
1249 4764 1515 4828 animum,
1572 4762 1713 4817 hunc
1756 4764 1931 4819 cibum
1983 4780 2278 4821 sumamus.

692 4851 818 4905 ldeu
861 4867 1093 4922 namque
1133 4862 1209 4909 tot
1252 4854 1431 4909 verbis
1460 4855 1749 4923 praemiSsis
1788 4855 2022 4909 nomium
2068 4856 2135 4910 ad
2167 4856 2281 4912 lucc

687 4944 1013 4997 devenerant
1034 4986 1050 5009 ,
1075 4955 1133 4999 ut
1170 4947 1363 5017 singuli
1393 4949 1537 5000 onmi
1564 4947 1788 5017 depulso
1819 4948 2036 5014 morbo,
2064 4964 2125 5003 ac
2154 4949 2198 5004 si
2226 4950 2279 5004 in

677 5035 878 5089 caelum
909 5036 1167 5092 intrarent
1188 5079 1202 5102 ,
1238 5039 1315 5094 sic
1342 5040 1440 5104 ira,
1458 5039 1625 5108 curis,
1648 5040 2093 5097 sollicitudinibus
2113 5051 2279 5098 caete-

682 5126 872 5195 risqne
924 5126 1086 5181 animi
1136 5129 1414 5187 all‘ectibus
1480 5131 1629 5187 vacui
1684 5130 2107 5201 ingrederentur.
2162 5132 2279 5189 Non

690 5231 978 5284 possumus
997 5219 1139 5275 enim
1167 5218 1289 5275 hinc
1313 5221 1437 5291 quid
1467 5237 1713 5292 magnum
1752 5224 1942 5279 lucrari
1965 5266 1978 5285 ,
2011 5224 2109 5280 nisi
2135 5227 2280 5295 prius

676 5309 922 5365 .auimam
953 5313 1020 5366 ita
1053 5314 1473 5383 purgaverimus.
1502 5314 1609 5370 Nec
1636 5315 1767 5370 mihi
1789 5316 1908 5386 quis
1928 5316 2090 5383 dicat,
2116 5317 2277 5373 breve

681 5409 905 5470 «tempus
950 5403 1090 5459 inter
1135 5405 1271 5460 hanc
1323 5417 1379 5463 et
1418 5418 1727 5478 sequentem
1774 5410 2086 5464 concionem
2133 5425 2274 5467 esse.

678 5489 842 5546 ticet
866 5493 1008 5548 enim
1051 5509 1156 5553 non
1204 5495 1378 5550 solum
1418 5497 1624 5552 dierum
1669 5499 1903 5567 quinque
1946 5499 2139 5568 Spatio,
2181 5499 2276 5554 sed

675 5586 849 5639 etiam
900 5602 1004 5641 uno
1053 5589 1308 5657 temporis
1354 5599 1626 5646 momento
1668 5591 1830 5644 vitam
1865 5600 2025 5645 totam
2070 5601 2275 5646 mutare

672 5678 846 5743 Quid,
887 5696 1085 5750 ’μετείῃ
1118 5683 1325 5737 latrone
1354 5692 1404 5737 ct
1438 5682 1699 5737 homicida
1730 5682 2047 5739 scelestius?
2090 5697 2267 5741 annon

2362 383 2662 431 extremum
2690 374 2793 429 hoc
2817 371 3172 443 improbitatis
3190 383 3359 440 genus
3388 371 3511 425 est?
3538 373 3755 425 Attamen
3785 373 3794 425 l

2363 468 2452 519 ille
2477 467 2544 520 ad
2571 481 2838 520 summum
2864 465 3073 519 virtutis
3098 463 3303 532 apicem
3326 465 3507 518 statim
3533 466 3766 533 pervenit,
3792 494 3793 503 ι

2363 556 2665 626 paradisum
2706 555 2871 619 abiit,
2918 569 3017 609 nec
3058 553 3302 624 plurimis
3329 553 3537 616 diebus,
3580 568 3672 609 nec
3711 553 3793 608 diu

2362 648 2449 702 die
2476 661 2611 716 opus
2638 645 2851 710 habuit,
2879 646 2974 701 sed
3006 644 3153 700 brevi
3201 653 3407 701 tantum
3435 654 3709 699 momento.
3749 646 3793 700 lt

2365 740 2489 794 licet
2513 747 2733 807 repente.
2762 738 2976 803 nmtari,
3005 747 3058 792 et
3087 752 3310 791 aureum
3340 752 3403 791 ex
3452 736 3590 791 luteo
3620 736 3767 791 efﬁci.

2366 831 2507 885 enim
2536 844 2707 898 neque
2736 838 2925 894 virtus,
2975 843 3147 896 neque
3195 827 3380 883 vitium
3418 843 3482 882 ex
3531 837 3701 882 natura
3746 829 3793 882 in

2368 923 2539 977 facilis
2572 929 2658 976 est
2687 923 2939 988 mutatio,
2970 922 3115 975 omni
3146 920 3464 976 necessitate
3492 920 3667 975 libera.
3692 921 3747 975 Si
3767 938 3790 974 ιν

2367 1016 2479 1068 ritis
2521 1025 2568 1068 et
2613 1017 2873 1069 audieritis
2922 1032 3034 1079 me,
3069 1015 3272 1084 inquit,
3321 1014 3451 1067 bona
3492 1023 3629 1068 Mra:
3676 1032 3794 1068 conu

2372 1104 2392 1176 (
2420 1104 2549 1159 Isai.
2582 1107 2630 1160 1.
2667 1105 2791 1175 19).
2830 1105 3013 1159 V’iden'
3041 1106 3153 1159 sola
3200 1119 3335 1174 epos
3381 1121 3502 1161 esse
3531 1106 3783 1160 voluntate

2374 1198 2575 1254 lnntate
2595 1239 2609 1261 ,
2651 1199 2864 1268 inquam
2892 1239 2905 1260 ,
2953 1213 3057 1252 non
3098 1198 3302 1268 vulgari
3334 1197 3422 1251 illa
3453 1212 3568 1265 qua:
3599 1198 3794 1266 plurimi

2371 1300 2454 1345 est
2474 1334 2486 1353 ,
2515 1291 2609 1346 sed
2640 1290 2897 1360 diligenti.
2929 1289 3052 1344 Scio
3073 1291 3268 1359 quippe
3305 1304 3492 1344 omnes
3519 1290 3566 1343 in
3604 1290 3777 1344 czclum

2376 1382 2487 1437 lare
2538 1382 2717 1445 velle;
2774 1381 2867 1435 sed
2919 1380 3165 1434 voluntas
3218 1380 3471 1449 operibus
3512 1380 3793 1435 exhibenda

2372 1471 2646 1541 Siquidem
2670 1481 2936 1527 mercator
2958 1471 3070 1525 vult
3111 1470 3404 1534 ditescere,
3433 1485 3600 1540 neque
3625 1470 3794 1526 volunt

2376 1562 2695 1632 cogitatione
2724 1571 2926 1616 tantum
2952 1561 3228 1626 consistit;
3252 1560 3347 1617 sed
3375 1561 3547 1616 navim
3574 1572 3730 1630 parat,
3761 1578 3788 1613 ιι

2375 1657 2537 1725 cogit,
2584 1657 2996 1725 gubernatorem
3045 1657 3306 1721 accersit,
3354 1657 3660 1726 ueterisque
3704 1674 3786 1712 om

2379 1746 2553 1801 navim
2585 1746 2832 1810 instruit,
2859 1762 3046 1801 aurum
3088 1756 3375 1812 mutuatur,
3420 1748 3633 1817 pelagus
3661 1748 3794 1819 trajit

2377 1836 2709 1907 peregrinam
2731 1845 2925 1891 terram
2953 1837 3329 1906 proficiscitur,
3355 1838 3586 1906 pericula
3608 1839 3763 1894 multa
3786 1855 3794 1892 ι

2377 1928 2587 1997 aliaque
2630 1928 2851 1997 plurima
2880 1928 3098 1997 patitur,
3128 1944 3252 1997 qua:
3292 1936 3488 1981 nomnt
3533 1929 3563 1981 ii
3590 1929 3676 1998 qui
3707 1943 3794 1981 nav

2379 2021 2572 2077 solent.
2613 2020 2684 2074 Ita
2714 2036 2813 2075 nos
2849 2028 3060 2090 oportet
3085 2019 3409 2074 voluntatem
3436 2019 3701 2074 exhibere.
3732 2020 3794 2073 Na

2380 2128 2500 2168 mus
2528 2124 2583 2169 et
2608 2128 2706 2168 nos
2730 2128 2960 2183 quoque,
2991 2126 3098 2168 non
3122 2113 3191 2167 ab
3215 2111 3319 2166 alia
3346 2112 3399 2165 in
3428 2112 3582 2165 aliam
3611 2118 3794 2166 terram

2382 2225 2412 2263 a
2458 2218 2598 2265 terra
2650 2209 2701 2263 in
2749 2208 2957 2262 cadum.
3003 2206 3111 2262 Nos
3156 2220 3284 2276 ergo
3328 2213 3509 2260 mente
3552 2219 3794 2274 apparcm

2382 2301 2841 2372 gubernationem,
2869 2314 2989 2369 qua:
3029 2313 3128 2353 nos
3165 2312 3396 2368 superne
3438 2296 3625 2359 ducat,
3667 2311 3728 2355 ac
3775 2312 3794 2350 ι

2383 2392 2759 2461 obsequentes,
2781 2391 3094 2460 firmamque
3116 2390 3289 2444 navim
3313 2388 3469 2443 nobis
3485 2403 3794 2458 comparem!

2384 2483 2687 2539 calamitate
2713 2482 2943 2553 quadam
2989 2480 3235 2536 saeculari
3282 2482 3366 2535 vel
3410 2480 3660 2536 maestitia
3690 2479 3794 2535 den

2386 2591 2525 2642 mur,
2548 2590 2686 2632 neve
2710 2575 3027 2645 arrogantia:
3055 2574 3243 2644 spiritu
3280 2572 3585 2640 elferamur,
3615 2574 3707 2627 sed
3743 2574 3794 2627 le'

2386 2666 2618 2736 expediti
2648 2665 2836 2720 simus.
2860 2665 2915 2720 Si
2944 2665 3013 2718 ita
3033 2664 3207 2718 navim
3229 2705 3243 2731 ,
3268 2663 3677 2734 gubernatorem
3700 2672 3754 2718 et
3776 2679 3794 2715 ι

2387 2772 2654 2828 paremus,
2683 2756 2920 2813 secundo
2944 2764 3105 2811 vento
3127 2754 3510 2825 navigabimus,
3530 2754 3789 2823 Filiumqu

2386 2866 2570 2907 verum
2601 2850 3010 2921 gubernatorem
3032 2889 3045 2913 ,
3085 2848 3149 2903 ad
3198 2862 3296 2903 nos
3342 2846 3689 2911 attrahemus,
3723 2862 3791 2916 qu

2389 2944 2529 3000 siuet
2558 2944 2810 3013 scapham
2842 2950 3076 2995 nostram
3108 2940 3347 3010 demergi
3376 2957 3388 2993 :
3418 2939 3511 2993 sed
3557 2939 3679 2993 licet
3706 2939 3793 2991 inn

2388 3034 2592 3104 spirent
2618 3033 2797 3098 venti,
2826 3040 3016 3086 ventos
3050 3031 3137 3086 ille
3165 3030 3459 3099 increpabit
3486 3038 3540 3084 et
3578 3045 3745 3093 mare,
3778 3045 3794 3084 ε

2389 3128 2639 3197 procellae
2668 3126 3102 3196 tranquillitatem
3132 3125 3327 3179 efliciet
3351 3138 3616 3193 magnam.

2461 3222 2515 3275 4.
2558 3219 2839 3288 Descriptio
2876 3219 3259 3285 dispositionum
3292 3232 3405 3289 qua!
3438 3216 3504 3268 ad
3534 3214 3791 3285 evangelia

2391 3312 2631 3366 diendum
2652 3313 2987 3379 requiruntur.
3017 3309 3350 3363 Thealrorum
3378 3306 3664 3375 spectacula
3710 3306 3794 3376 fug

2394 3402 2567 3457 Paetis
2583 3419 2696 3455 cum
2716 3401 2822 3455 Deo
2837 3411 2882 3455 et
2916 3400 3143 3475 Ecclesia
3154 3400 3290 3453 initis
3310 3398 3566 3452 standum.
3585 3397 3793 3449 Atteuta.

2392 3495 2733 3563 prtcbendum.
2760 3523 2832 3534 -—
2851 3492 2940 3547 Sic
2967 3491 3258 3561 comparati
3284 3489 3349 3544 ad
3390 3498 3699 3558 sequentem
3741 3502 3794 3541 ac

2390 3584 2704 3638 concionem
2727 3624 2742 3648 ,
2772 3583 2814 3637 si
2843 3594 3016 3637 tamen
3045 3581 3268 3650 cupiatis
3296 3580 3424 3634 utile
3450 3578 3723 3649 quidpiam
3757 3594 3794 3629 at

2391 3684 2447 3730 et
2488 3676 2539 3730 ln
2585 3684 2764 3731 mente
2808 3689 3087 3742 reponere.
3137 3672 3303 3726 Nemo
3349 3670 3418 3724 sit
3462 3670 3565 3732 via,
3620 3685 3779 3723 nemo

2392 3783 2549 3821 nemo
2578 3767 2741 3835 spinis
2788 3766 3043 3835 repletus.
3096 3764 3372 3817 Faciamus
3402 3776 3499 3815 nos
3528 3762 3674 3830 ipSOS
3713 3776 3793 3813 no‘

2392 3859 2572 3923 sicque
2606 3858 2787 3914 libent.
2814 3857 2991 3909 animo
3016 3855 3219 3910 semina
3256 3855 3541 3922 jaciemus,
3573 3853 3618 3907 si
3650 3867 3794 3919 nemt

2392 3969 2504 4007 ram
2533 3967 2717 4021 puram
2748 3951 3055 4011 videamus;
3099 3948 3179 4002 sin
3207 3957 3391 4002 contra
3421 3956 3695 4017 petrosam
3725 3956 3779 4000 et

2392 4058 2541 4108 ram,
2571 4041 2831 4112 ignoscite
2874 4041 2917 4094 si
2948 4040 3179 4096 nolimus
3222 4039 3417 4094 frustra
3458 4038 3748 4093 laborare:
3784 4054 3794 4091 ι

2398 4134 2681 4190 aserendo
2703 4134 3046 4199 desistentes,
3092 4133 3415 4202 coeperimus
3469 4130 3656 4201 spinas
3714 4144 3794 4183 ονε

2392 4236 2518 4281 tunc
2578 4234 2831 4280 extrema:
2860 4223 3146 4280 dementiae
3190 4232 3333 4278 esset
3377 4223 3427 4277 in
3480 4233 3681 4277 terram
3731 4221 3794 4275 in.

2391 4318 2596 4373 semina
2622 4318 2822 4387 jacere.
2856 4317 3023 4385 l‘lujus
3048 4315 3325 4370 concionis
3349 4314 3677 4377 auditorem,
3725 4329 3794 4367 no

2390 4424 2591 4464 mensa:
2641 4408 3029 4464 daemoniorum
3074 4422 3193 4463 esse
3243 4407 3576 4476 participem.
3636 4404 3793 4471 Quod

2390 4500 2716 4554 Consortium
2738 4498 2998 4568 justitiam
3031 4498 3168 4552 inter
3192 4507 3239 4551 et
3267 4496 3647 4565 iniquitatem?
3672 4496 3794 4549 Stas

2391 4590 2474 4644 nis
2493 4589 2721 4653 auditor,
2751 4604 2814 4643 ac
2839 4604 2933 4657 per
2955 4589 3098 4642 illum
3119 4604 3180 4644 ea
3204 4604 3322 4657 quac
3342 4588 3574 4656 Spiritus
3597 4596 3729 4641 sunt
3756 4602 3793 4641 ci

2388 4690 2445 4736 et
2490 4687 2670 4752 postea
2710 4678 2952 4734 abscedis
3004 4680 3312 4735 meretrices
3362 4678 3680 4741 auditurus,
3736 4676 3793 4730 οι

2391 4773 2669 4843 loquentes
2688 4814 2704 4838 ,
2736 4771 3069 4827 obscmniora
3097 4778 3545 4841 reprresentantes
3577 4770 3598 4839 (
3614 4787 3648 4822 a
3667 4768 3712 4837 ),
3762 4785 3794 4823 c

2390 4865 2620 4919 minatos
2646 4864 2731 4933 qui
2778 4878 2836 4918 se
2867 4872 3053 4917 mtttuo
3085 4863 3253 4931 alapis
3282 4860 3538 4916 caedunt?
3570 4860 3792 4926 Quomo

2392 4958 2518 5012 teris
2543 4956 2709 5027 probe
2733 4956 2873 5011 ablui
2896 4965 2949 5010 ct
2973 4956 3203 5025 purgari,
3235 4955 3286 5008 iu
3319 4961 3464 5007 tanto
3487 4967 3653 5008 emno
3681 4951 3794 5007 volt

2388 5048 2527 5116 Quid
2553 5064 2687 5117 Opus
2727 5057 2810 5102 est
2834 5048 3238 5102 obscaenitatem
3273 5045 3416 5099 illam
3463 5052 3634 5099 totam
3685 5044 3794 5099 min

2390 5139 2707 5194 recensere?
2734 5137 2922 5193 Omnia
2944 5140 3047 5193 illic
3076 5139 3235 5200 risus,
3257 5138 3437 5193 omnia
3463 5136 3793 5208 opprobriur

2390 5231 2644 5295 tumelia‘,
2671 5230 2891 5284 dicteria
2918 5230 3128 5285 :omnia
3151 5228 3451 5295 dissolutio,
3481 5229 3670 5285 omnia
3702 5243 3794 5297 per

2390 5323 2527 5376 Ecce
2580 5320 2812 5389 praedico
2868 5330 2921 5374 ct
2973 5320 3230 5373 annuntio
3272 5320 3525 5375 omnibus
3575 5321 3781 5374 vobis:

2386 5429 2597 5480 eorum,
2643 5413 2731 5483 qui
2766 5412 2864 5467 hac
2890 5428 3071 5466 mensa
3105 5409 3373 5477 fruuntur,
3407 5412 3649 5465 animam
3694 5426 3794 5466 sua

2437 5567 2510 5627 (α)
2547 5566 2841 5627 ttistrionum
2866 5577 3001 5613 more
3036 5569 3083 5612 tn
3104 5564 3304 5627 theatro
3325 5574 3762 5627 repraesentantes
3781 5604 3794 5623 ,

2383 5623 2541 5689 turpia
2579 5623 2883 5675 theatralium
2915 5626 3226 5676 meretricum
3253 5623 3531 5688 spectacula
3576 5641 3721 5691 εσῬο
3751 5632 3794 5679 ⁸η

2386 5690 2765 5750 Chrysostomus.
