4012 6210
269 241 338 301 εξ)
1415 240 1478 297 lN
1515 241 1836 296 JOANNEM
1876 238 2096 295 llOMlL.
2142 240 2205 296 ll.
2249 243 2324 298 al.
2359 247 2398 300 ῐ.
3519 266 3587 322 30

276 358 427 414 tiosis
457 357 566 414 illis
609 355 931 429 spectaculis
959 364 1278 424 corrumpat.
1321 352 1414 409 Illa
1456 357 1655 425 quippe
1685 357 1864 411 omnia

277 451 416 505 dicta
446 459 503 504 et
549 448 720 514 facta,
770 462 958 518 pompa
1003 449 1232 501 satanica
1287 455 1428 499 sunt.
1473 445 1634 500 Scitis
1687 457 1864 500 autem

280 549 540 611 quotquot
567 539 749 594 initiati
773 540 939 604 estis,
971 553 1087 608 qua:
1109 547 1263 607 pacta
1294 536 1569 611 nobiscum
1601 536 1859 601 inieritis;

285 633 391 686 imo
429 646 544 700 qua:
581 646 699 684 cum
739 630 984 690 Christo.
1023 628 1237 698 quando
1260 627 1349 683 ille
1380 627 1497 696 ipse
1539 635 1624 681 est
1649 627 1736 696 qui
1768 641 1862 681 vos

284 725 483 778 inhiat:
524 723 650 793 quid
695 723 770 776 illi
814 722 1088 787 dixeritis;
1117 737 1238 791 qua»
1283 721 1352 774 de
1397 720 1632 774 satanica
1670 734 1859 789 pompa

273 831 387 868 cum
437 813 528 867 illo
573 815 732 868 verba
763 813 1092 875 habueritis;
1123 809 1396 880 quomodo
1446 820 1502 864 et
1552 818 1754 863 satana:
1806 817 1860 862 et

265 905 468 972 angelis
497 904 615 972 ejus
641 904 799 958 simul
828 901 1334 957 abrenuntiaveritis
1352 941 1370 966 ,
1398 899 1858 969 promiseritisque

265 1010 357 1048 vos
401 995 470 1049 ad
521 995 610 1049 illa
654 1010 760 1049 non
802 995 1110 1050 deﬂexttrns
1154 994 1320 1048 esse?
1366 992 1680 1047 Timendum
1728 1006 1858 1060 ergo

262 1087 550 1140 admodum
602 1102 670 1143 ne
699 1089 824 1158 quis
871 1087 959 1142 his
987 1087 1197 1142 violatis
1245 1085 1706 1155 promissionibus,
1736 1098 1859 1139 sese

260 1173 342 1227 his
371 1175 654 1246 indignum
686 1177 964 1248 mysteriis
1003 1174 1262 1229 effecerit.
1297 1175 1484 1228 Annon
1531 1174 1684 1228 vides
1727 1185 1862 1242 quo-

259 1265 416 1319 modo
468 1267 523 1320 in
556 1267 722 1338 regiis
765 1267 995 1330 aedibus,
1028 1281 1132 1320 non
1164 1265 1198 1318 ii
1228 1265 1316 1334 qui
1348 1264 1400 1317 in
1429 1265 1608 1332 aliquo
1631 1262 1863 1317 offende-

254 1365 414 1422 runt,
445 1356 546 1410 sed
575 1358 668 1427 qui
701 1358 756 1410 in
787 1356 997 1410 honore
1023 1355 1308 1418 habentur,
1331 1353 1544 1408 consilii
1573 1353 1864 1422 participes

251 1446 635 1510 advocentur,
689 1457 746 1501 et
803 1448 946 1501 inter
993 1446 1192 1500 amicos
1238 1447 1378 1514 regis
1431 1442 1865 1498 constituantur?

251 1537 498 1608 Legatus
546 1539 708 1592 nobis
737 1537 808 1592 de
846 1537 979 1592 caelo
1028 1539 1199 1599 venit,
1227 1536 1295 1589 ab
1338 1536 1454 1604 ipso
1493 1535 1604 1589 Deo
1645 1534 1854 1596 missus,

250 1629 326 1684 dc
368 1629 705 1684 necessariis
733 1643 832 1683 nos
869 1629 1024 1682 rebus
1047 1624 1434 1694 alioqunturus.
1482 1626 1551 1677 At
1599 1637 1692 1676 vos
1719 1622 1849 1675 nihil

255 1729 525 1775 curantes
549 1720 738 1774 audire
777 1719 902 1788 quid
925 1717 1066 1782 velit,
1101 1716 1290 1787 quidve
1335 1715 1600 1784 loquatur,
1644 1712 1844 1767 sedetis

1962 354 2158 411 mimos
2185 357 2488 413 audientes.
2517 357 2584 413 Et
2611 365 2737 430 quot
2762 372 3102 438 quantisque
3127 368 3438 429 fulminibus
3463 377 3578 434 luce

1963 447 2121 518 digna
2165 463 2270 502 non
2317 449 2552 505 fuerint?
2600 449 2668 506 Ut
2711 454 2852 508 enim
2909 473 3020 511 non
3074 459 3202 514 licet
3253 465 3570 533 participare

1966 552 2164 592 mensa:
2190 539 2574 594 daemoniorum
2595 583 2610 608 ,
2642 543 2718 596 sic
2745 558 2843 598 nec
2875 545 2969 600 illa
3012 547 3349 607 dmmoniaca
3377 555 3563 613 audire

1964 627 2044 682 fas
2065 639 2168 696 est,
2202 645 2376 700 neque
2397 631 2609 685 sordida
2636 644 2782 689 veste
2801 635 2871 690 ad
2901 637 3106 692 lautam
3148 641 3291 696 illam
3322 659 3560 704 mensam

1963 728 2042 773 tot
2088 721 2246 776 bonis
2291 722 2541 777 refertam
2588 726 2878 792 accedere,
2925 745 3090 798 quam
3141 735 3416 801 apparavit
3447 737 3561 807 ipse

1964 812 2123 868 Deus.
2171 814 2342 870 Tanta
2372 817 2515 871 enim
2555 817 2670 886 ejus
2710 820 2790 874 vis
2831 830 2948 886 est,
3000 829 3061 875 ut
3098 834 3319 893 repente
3364 842 3462 881 nos
3491 829 3556 884 ad

1962 905 2156 959 caelum
2198 908 2368 975 ipsum
2397 909 2606 978 rapiat:
2635 910 2683 964 si
2713 919 2888 967 tamen
2913 912 3060 982 vigili
3090 925 3272 969 mente
3301 919 3553 973 attenda-

1963 1013 2102 1052 mus.
2147 999 2329 1070 Neque
2348 1002 2494 1056 enim
2525 1002 2616 1072 qui
2641 1002 2835 1058 divinis
2863 1007 3206 1060 sermonibus
3242 1007 3553 1079 frequenter

1963 1091 2236 1146 institutus
2262 1095 2442 1159 est,in
2468 1093 2572 1148 hoc
2592 1095 2682 1150 vili
2704 1105 2842 1150 statu
2867 1107 3048 1151 manet
3075 1116 3087 1152 :
3113 1098 3208 1154 sed
3239 1103 3544 1156 necessario

1962 1184 2140 1236 statim
2164 1183 2362 1249 evolat,
2388 1192 2443 1238 et
2470 1186 2748 1240 sublimem
2771 1187 2920 1242 illum
2946 1190 3078 1258 petit
3097 1190 3292 1257 locum,
3319 1193 3549 1250 immen-

1964 1271 2146 1340 sisque
2192 1273 2390 1340 potitur
2436 1274 2735 1330 thesauris:
2782 1292 2920 1346 quos
2973 1279 3173 1334 utinam
3223 1296 3318 1336 nos
3359 1299 3551 1341 omnes

1965 1377 2375 1431 consequamur,
2429 1367 2598 1436 gratia
2651 1376 2704 1422 et
2750 1367 3083 1438 benignitate
3136 1371 3340 1428 Domini
3383 1377 3549 1431 nostri

1963 1451 2087 1507 Jesu
2130 1453 2362 1520 Christi,
2395 1471 2492 1524 per
2529 1473 2684 1524 quem
2729 1468 2779 1513 et
2823 1473 2949 1513 cum
3000 1475 3106 1530 quo
3154 1461 3296 1518 Patri
3347 1464 3546 1535 gloria,

1959 1556 2166 1610 unaque
2195 1553 2378 1597 sancto
2403 1544 2642 1614 Spiritui,
2671 1563 2811 1602 nutic
2839 1559 2894 1602 et
2919 1564 3156 1618 semper,
3182 1563 3235 1606 ct
3265 1553 3315 1607 in
3347 1555 3540 1609 szecula

1951 1633 2290 1687 seculorum.
2315 1637 2504 1690 Amen.

1672 1921 2015 1982 HOMILIA
2061 1924 2141 1983 ll.

460 2101 596 2153 Car.
621 2099 671 2152 l.
708 2113 758 2150 v.
791 2098 840 2150 -l.
870 2095 933 2149 In
969 2094 1217 2165 principio
1246 2101 1353 2146 erat
1380 2089 1616 2143 Verbum.

314 2194 364 2245 l.
394 2190 452 2246 Si
501 2189 736 2245 Joannes
768 2204 863 2242 nos
888 2187 1255 2256 alloquuturus
1285 2190 1459 2245 esset,
1503 2190 1560 2235 et
1587 2195 1682 2234 sua
1709 2195 1836 2233 nar-

239 2290 484 2347 raturus,
511 2295 542 2334 e
571 2294 633 2334 re
663 2278 817 2342 foret,
842 2277 957 2348 ejus
979 2291 1147 2348 genus
1168 2316 1182 2340 ,
1217 2274 1441 2345 patriam
1473 2279 1528 2326 et
1558 2270 1837 2326 educatio-

237 2388 362 2427 nem
395 2385 708 2426 recensere.
741 2370 870 2436 Quia
910 2384 1037 2423 vero
1082 2382 1187 2421 non
1234 2367 1378 2436 ipse,
1431 2363 1524 2417 sed
1556 2377 1649 2430 per
1688 2361 1835 2415 illum

238 2463 378 2515 Dens
411 2461 706 2514 humanam
736 2459 1021 2529 alloquitur
1049 2468 1316 2522 naturam,
1349 2453 1673 2525 superfluum
1703 2451 1832 2506 mihi

235 2555 449 2609 videtur
485 2553 603 2607 haec
639 2552 966 2622 disquirere;
1005 2551 1110 2604 imo
1150 2564 1278 2604 vero
1306 2548 1356 2603 id
1381 2564 1484 2601 non
1513 2560 1832 2616 snpervaca-
1872 2617 1876 2620 ~

236 2663 395 2702 neunt
427 2646 612 2710 fuerit,
648 2645 739 2697 sed
771 2643 922 2698 valde
946 2642 1327 2697 necessarium.
1359 2637 1490 2694 Cum
1530 2639 1669 2692 enim
1699 2636 1835 2691 didi-

233 2737 373 2792 ceris
404 2737 532 2807 quis
553 2777 569 2803 ,
620 2734 758 2789 unde
778 2776 793 2800 ,
823 2751 853 2788 a
892 2733 1085 2803 quibus
1113 2742 1264 2786 ortus
1285 2772 1300 2796 ,
1331 2729 1504 2800 qualis
1530 2728 1611 2784 vir
1640 2727 1830 2791 fuerit,

232 2829 542 2898 deindeque
591 2826 822 2880 audieris
860 2824 975 2893 ejus
1002 2838 1185 2879 vocem
1213 2821 1706 2892 philosophiamque
1747 2827 1831 2872 to-

233 2928 340 2972 tam
364 2960 378 2982 ,
410 2927 542 2972 tunc
576 2917 739 2986 probe
768 2917 905 2971 scies
934 2916 1048 2970 lucc
1088 2914 1247 2968 verba
1274 2929 1379 2966 non
1416 2912 1531 2980 ejus
1569 2925 1709 2974 esse,
1739 2909 1832 2961 sed

231 3011 430 3065 divinae
486 3009 736 3072 virtutis,
783 3008 898 3075 ejus
941 3007 1171 3060 animam
1216 3006 1498 3058 moventis.
1553 3002 1666 3066 Qua
1709 3013 1838 3068 ergo

230 3101 327 3154 fuit
351 3100 531 3170 patria
547 3100 572 3151 ’ἒ
594 3098 746 3151 Nulla
764 3095 975 3164 quidem
995 3095 1161 3162 patria
1187 3093 1264 3157 (a)
1281 3110 1296 3153 ;
1314 3090 1410 3143 sed
1422 3105 1487 3143 ex
1499 3091 1622 3143 vico
1644 3088 1846 3159 prodiit

227 3201 286 3247 et
317 3192 550 3260 regione
593 3188 804 3254 objecta
825 3226 840 3249 ,
872 3200 992 3251 (pne
1037 3181 1169 3236 nihil
1197 3179 1422 3248 alicujus
1450 3177 1604 3248 pretii
1654 3175 1838 3230 ferret.

227 3285 530 3338 Galilaeam
563 3280 707 3332 enim
737 3285 1084 3333 contemnunt
1109 3273 1297 3328 scriba:
1324 3287 1442 3325 cum
1473 3271 1618 3324 aiunt
1641 3289 1653 3321 :
1673 3268 1843 3322 luter-

1944 2097 1998 2142 et
2018 2090 2211 2159 coqnis
2230 2131 2246 2155 ,
2280 2106 2383 2160 qua
2415 2091 2466 2146 in
2493 2106 2555 2146 re
2584 2091 2706 2147 feris
2730 2103 2784 2148 et
2814 2092 2985 2148 brutis
3008 2097 3250 2165 praz‘ferri
3275 2104 3540 2168 potuerit?

1944 2182 2212 2249 quomodo
2241 2197 2348 2237 non
2378 2184 2597 2253 piscium
2629 2184 2791 2239 instar
2817 2194 2998 2240 mutus
3024 2187 3218 2242 fuerit?
3241 2190 3342 2245 Hic
3361 2201 3534 2249 tamen

1947 2271 2195 2340 piscator,
2220 2275 2308 2343 qui
2339 2275 2479 2329 circa
2508 2285 2710 2345 stagna,
2739 2277 2870 2331 retia
2903 2286 2956 2332 ct
2984 2277 3158 2348 pisces
3185 2283 3497 2341 versabatur
3517 2332 3532 2354 ,

1942 2376 2004 2416 ex
2029 2364 2312 2419 Bethsaida
2356 2364 2608 2432 Galiltezr,
2644 2377 2795 2436 patre
2835 2367 3102 2437 piscatore
3138 2386 3403 2443 paupere,
3435 2393 3532 2433 ex.

1939 2460 2106 2507 trema
2150 2452 2327 2525 inopia
2375 2456 2684 2523 laborante,
2735 2459 2822 2528 qui
2869 2459 3014 2514 rudis
3060 2471 3176 2517 erat
3226 2473 3282 2520 et
3323 2481 3532 2525 summe

1941 2545 2234 2614 imperitus,
2267 2548 2356 2616 qui
2382 2549 2562 2604 literas
2588 2565 2686 2605 nec
2711 2562 2856 2617 ante,
2890 2568 2988 2608 nec
3013 2567 3291 2625 postquam
3315 2560 3531 2616 Christo

1941 2633 2109 2700 bmsit,
2159 2636 2398 2703 edidicit,
2437 2638 2710 2693 videamus
2753 2641 2878 2710 quid
2921 2643 3191 2712 loquatur,
3239 2659 3292 2701 et
3340 2651 3531 2719 quibus

1935 2726 2004 2781 de
2031 2727 2194 2782 rebus
2221 2728 2500 2783 edisserat.
2527 2729 2661 2783 Num
2691 2730 2760 2785 de
2789 2733 2951 2801 agris,
2989 2733 3056 2789 de
3096 2737 3434 2806 ﬂuminibus,
3464 2742 3532 2798 de

1939 2816 2162 2884 piscium
2187 2818 2549 2872 commercio?
2580 2820 2701 2872 talia
2732 2821 2872 2875 enim
2899 2824 3138 2880 fortassis
3167 2843 3230 2880 ex
3266 2829 3530 2898 piscatore

1936 2905 2122 2960 audire
2177 2908 2297 2975 quis
2348 2917 2644 2977 exspectet.
2697 2909 2893 2965 Verum
2954 2930 3021 2968 ne
3071 2916 3349 2984 timentis;
3393 2922 3523 2978 nihil

1940 2995 2138 3062 quippe
2167 2995 2471 3063 hujusmodi
2493 2999 2807 3065 audiemus;
2838 3002 2933 3056 sed
2950 3004 3188 3059 cadestia
3219 3012 3444 3076 tantum,
3479 3023 3533 3067 et

1947 3097 2066 3150 quae
2117 3097 2274 3136 nemo
2327 3085 2584 3140 hactenus
2632 3089 2868 3144 edidicit.
2917 3093 3050 3146 Tant
3098 3097 3344 3151 sublimia
3391 3103 3533 3157 enim

1949 3169 2217 3238 dogmata,
2249 3180 2352 3226 tam
2383 3175 2697 3242 przcclarum
2729 3178 2849 3233 vita:
2873 3179 3188 3247 institutum,
3234 3193 3536 3258 tantamque

1946 3258 2332 3330 philosophiam
2383 3265 2538 3321 nobis
2581 3265 2787 3331 afferet,
2838 3280 3089 3339 quantam
3136 3289 3232 3343 par
3275 3286 3528 3348 esteem,

1940 3351 2029 3420 qui
2054 3367 2119 3405 ex
2149 3350 2409 3410 thesauris
2433 3354 2664 3424 Spiritus
2691 3357 2898 3425 hausit;
2928 3361 3004 3433 (τι)
3031 3362 3337 3435 [tamquam
3370 3372 3531 3427 modo

1936 3455 2001 3492 ex
2033 3441 2168 3495 cazlo
2194 3442 2563 3513 descenderit;
2596 3447 2705 3501 imo
2744 3465 2918 3521 neque
2962 3467 3151 3511 omnes
3178 3459 3266 3528 qui
3309 3459 3360 3514 in
3395 3464 3529 3519 cado

1933 3541 2087 3586 erant
2111 3531 2227 3590 lucc
2251 3536 2470 3592 scivisse
2496 3539 2789 3596 verisimile
2817 3551 2900 3598 est
2919 3583 2934 3608 ,
2965 3554 3022 3600 ut
3036 3547 3146 3614 jam
3176 3550 3343 3624 dixi.]
3375 3553 3526 3610 llmc-

1931 3622 2082 3687 eine,
2111 3639 2326 3694 qumso,
2359 3629 2641 3696 piscatoris
2683 3636 2884 3688 erant?
2910 3650 2976 3690 an
3009 3638 3286 3697 rhetoris?
3327 3617 3395 3698 an
3428 3660 3520 3701 so-

1933 3712 2124 3781 phista!
2169 3717 2250 3770 vel
2300 3719 2642 3791 philosophi?
2696 3741 2764 3779 an
2812 3727 3109 3800 cuj-uspiam
3161 3743 3389 3790 externa
3436 3737 3523 3792 illa

1933 3806 2116 3860 imbuti
2158 3810 2458 3877 sapientia?
2500 3813 2864 3886 Nequaquam.
2891 3817 3074 3889 Neque
3093 3823 3243 3879 enim
3276 3826 3524 3884 humana:

1931 3900 2122 3951 mentis
2147 3914 2370 3967 prorsus
2389 3911 2470 3954 est
2499 3902 2568 3957 de
2599 3905 2885 3961 immortali
2929 3909 3014 3962 illa
3051 3921 3105 3964 et
3150 3913 3303 3970 beata
3335 3927 3520 3973 natura

1931 3988 2001 4042 ita
2050 3989 2450 4060 philosophari,
2503 4008 2676 4063 neque
2719 3997 2788 4051 de
2837 4002 3191 4067 potestatibus
3240 4021 3359 4075 qua:
3406 4019 3525 4075 post

1932 4080 2072 4134 illam
2107 4090 2266 4146 sunt,
2297 4082 2379 4136 vel
2412 4081 2479 4135 de
2512 4083 2912 4143 immortalitate
2951 4102 3005 4144 et
3045 4093 3149 4144 vita
3181 4105 3405 4158 acterna,
3440 4102 3522 4154 vel

1930 4173 1998 4226 de
2043 4173 2356 4243 corporibus
2410 4175 2759 4242 mortalibus,
2813 4195 2933 4248 qua:
2977 4181 3294 4237 immortalia
3335 4197 3519 4254 postea

1932 4263 2109 4317 futura
2159 4273 2312 4328 sunt,
2363 4265 2432 4320 de
2475 4267 2762 4336 supplicio,
2804 4269 2871 4324 de
2923 4269 3101 4325 futuro
3153 4273 3420 4340 tribunali,
3455 4279 3523 4336 de

1931 4353 2226 4410 rationibus
2276 4357 2551 4425 exigendis
2596 4373 2840 4428 operum,
2897 4360 3208 4432 verborum,
3243 4367 3524 4438 cogitatio-

1933 4463 2093 4510 num;
2125 4449 2263 4502 scirc
2292 4448 2416 4516 quid
2459 4449 2529 4504 sit
2572 4449 2752 4518 homo,
2784 4454 2910 4524 quid
2944 4455 3208 4521 mundus;
3239 4460 3363 4529 quid
3397 4477 3520 4517 vere

1932 4535 2092 4590 homo
2123 4538 2225 4602 sit,
2258 4539 2382 4608 quid
2431 4540 2556 4594 illud
2585 4543 2728 4613 quod
2757 4546 2968 4600 videtur
2993 4561 3114 4600 esse
3135 4589 3148 4612 ,
3191 4562 3314 4604 cum
3340 4559 3516 4610 tamen

1932 4642 2038 4682 non
2065 4629 2167 4694 sit;
2191 4629 2315 4698 quid
2347 4633 2600 4703 nequitia,
2628 4637 2755 4706 quid
2787 4639 2980 4693 virtus.

1997 4721 2054 4774 2.
2090 4719 2392 4793 Philosophi
2416 4727 2609 4779 externi
2631 4743 2746 4783 cum
2766 4730 2970 4785 Joanne
3003 4734 3314 4801 contparati,
3344 4753 3512 4808 quau.

1930 4813 2026 4866 tuli
2052 4814 2150 4867 sint
2179 4814 2626 4884 pretii.—llorttm
2653 4820 2898 4890 quaedam
2931 4822 3082 4876 Plato
3108 4835 3158 4879 et
3187 4825 3512 4900 Pythagoras

1926 4904 2102 4959 rimati
2148 4917 2271 4961 sunt
2301 4926 2315 4961 :
2340 4909 2518 4963 caeteri
2547 4926 2775 4983 namque
2816 4914 3116 4985 philosophi
3160 4935 3263 4974 non
3307 4938 3513 4980 memo-

1931 4998 2114 5062 randi;
2149 4999 2218 5054 ita
2265 5015 2460 5070 nempe
2501 5003 2706 5065 ridiculi
2759 5021 2944 5062 omnes
2985 5007 3217 5066 fuerunt.
3247 5014 3345 5079 Qui
3388 5030 3516 5071 vero

1927 5089 2064 5159 apud
2095 5092 2217 5146 illos
2241 5092 2539 5148 admirandi
2580 5104 2634 5150 et
2677 5096 2969 5167 disciplima
3011 5103 3281 5173 principes
3301 5105 3516 5175 haben-

1930 5193 2035 5244 tur,
2067 5183 2120 5238 hi
2149 5184 2382 5239 maxime
2409 5193 2535 5238 sunt
2564 5204 2577 5240 :
2605 5189 2694 5255 qui
2725 5188 2794 5244 de
2819 5194 3088 5261 republica
3119 5206 3176 5251 et
3205 5197 3275 5250 de
3311 5196 3515 5267 legibus

1927 5273 2169 5342 quiedam
2200 5274 2468 5342 scripsere
2487 5314 2500 5338 ,
2528 5284 2583 5330 et
2613 5285 2786 5335 tamen
2831 5283 2884 5336 in
2928 5285 3178 5344 omnibus
3208 5289 3326 5360 plus
3353 5281 3515 5358 quain

223 3390 362 3444 roga
420 3381 475 3426 et
525 3370 657 3435 vide,
709 3367 850 3439 quod
891 3382 955 3419 ea:
1001 3366 1213 3419 (infima
1254 3379 1352 3417 non
1393 3364 1554 3430 surgit
1593 3359 1839 3429 propheta

227 3463 446 3533 (Joan.
483 3463 539 3516 7.
571 3461 642 3515 52
762 3458 922 3513 Nihili
974 3456 1101 3533 facit
1148 3471 1262 3511 eam
1305 3455 1394 3510 ille
1449 3468 1658 3523 quoque
1712 3467 1835 3506 vere

229 3531 479 3611 Israelita
529 3553 718 3606 dicens
747 3569 760 3604 :
795 3550 878 3604 Ea:
907 3531 1130 3603 Nazarét
1159 3555 1316 3617 potest
1343 3544 1538 3615 aliquid
1566 3545 1683 3598 boni
1728 3559 1833 3596 esse

228 3651 428 3718 (Joan.
467 3650 521 3702 1.
553 3647 625 3701 46
646 3645 702 3716 )?
730 3644 915 3714 Neque
943 3644 1101 3713 igitur
1124 3658 1188 3697 ex
1222 3641 1412 3710 insigni
1441 3639 1687 3710 quopiam
1713 3638 1830 3706 ejus

229 3741 469 3810 regionis
499 3739 622 3792 loco
646 3744 781 3791 erat.
811 3733 914 3791 Sed
949 3748 1122 3802 neque
1161 3746 1351 3786 nomen
1378 3731 1494 3801 ejus
1524 3730 1592 3784 ibi
1621 3738 1824 3795 uotum,

228 3844 380 3903 patre
424 3833 700 3902 piscatore
745 3842 977 3897 paupere
1009 3845 1023 3878 :
1055 3824 1182 3895 quin
1224 3825 1291 3878 ita
1323 3838 1554 3893 paupere
1597 3832 1650 3877 nt
1690 3822 1828 3876 filios

229 3928 415 3981 eadem
448 3927 502 3979 in
533 3933 656 3978 arte
680 3933 976 3978 exerceret.
1003 3920 1160 3976 Scitis
1197 3935 1357 3990 porro
1385 3933 1592 3984 omnes,
1624 3919 1826 3974 nullum

230 4017 491 4071 artiﬁcem
511 4029 714 4084 cupere
740 4014 905 4066 filium
935 4026 1045 4066 sua:
1068 4013 1196 4066 artis
1221 4011 1470 4066 heredem
1500 4011 1824 4082 relinquere,

229 4109 332 4162 nisi
360 4120 581 4162 summa
611 4113 920 4174 paupertate
945 4114 1222 4168 coactum;
1255 4103 1485 4158 maxime
1512 4119 1638 4157 vero
1667 4103 1710 4156 si
1736 4118 1827 4158 ars

227 4199 295 4253 sit
335 4198 480 4252 vilis.
533 4193 900 4250 Piscatoribus
961 4209 1088 4250 vero
1145 4194 1272 4249 nihil
1324 4196 1643 4266 pauperius,
1695 4194 1824 4249 nihil

232 4288 521 4357 abjectius;
557 4287 672 4341 imo
693 4286 823 4341 nihil
850 4285 1117 4342 indoctius
1143 4305 1156 4340 :
1179 4296 1413 4341 attamen
1445 4287 1582 4341 inter
1602 4302 1714 4353 eos,
1737 4287 1826 4342 alii

234 4379 484 4449 majores,
517 4378 613 4432 alii
647 4378 883 4432 minores
910 4385 1054 4432 sunt.
1086 4379 1374 4446 Apostolus
1398 4392 1526 4432 vero
1554 4379 1694 4432 inter
1723 4381 1826 4434 mi-

232 4485 391 4525 nores
414 4467 834 4540 computabatur
855 4483 872 4520 :
891 4481 1059 4537 neque
1087 4468 1228 4522 enim
1258 4467 1309 4522 in
1341 4471 1470 4524 mari
1500 4470 1822 4540 piscabatur,

232 4563 328 4617 sed
362 4564 414 4616 in
443 4563 663 4619 modico
705 4570 895 4631 stagno
928 4562 1146 4632 :ibique
1176 4572 1475 4617 versantem
1507 4578 1627 4618 cum
1677 4572 1826 4633 patre

231 4663 286 4708 et
312 4653 516 4708 Jacobo
564 4651 765 4719 fratre,
803 4651 1113 4722 quibuscum
1156 4655 1289 4708 retia
1333 4653 1606 4708 reﬁciebat
1631 4653 1657 4727 (
1684 4655 1825 4723 quod

232 4755 347 4798 erat
376 4754 642 4800 extrema:
685 4743 1010 4813 paupertatis
1055 4742 1304 4798 indicium
1324 4743 1366 4815 ),
1396 4744 1642 4800 Christus
1669 4759 1826 4800 voca-

233 4835 328 4889 vit.
381 4835 519 4889 llinc
564 4834 878 4904 intelligitur
923 4849 1082 4906 quam
1125 4851 1321 4906 expers
1371 4835 1531 4892 fuerit
1585 4845 1826 4895 externas

230 4926 554 4996 disciplinae.
615 4924 859 4995 Alioquin
905 4941 1033 4981 vero
1071 4925 1243 4981 Lucas
1295 4927 1610 4984 testificatur
1652 4930 1822 5000 ipsum

230 5032 334 5069 non
392 5017 561 5069 modo
617 5015 832 5071 idiotam
867 5058 884 5081 ,
937 5018 1029 5073 sed
1092 5019 1252 5074 etiam
1304 5019 1611 5075 illiteratum
1662 5023 1824 5080 fuisse

234 5106 386 5168 (Act.
420 5108 479 5160 4.
514 5107 588 5160 15
612 5107 669 5176 );
717 5117 771 5162 et
804 5108 924 5175 jure
961 5109 1194 5179 quidem.
1227 5109 1357 5164 Nam
1394 5113 1480 5180 qui
1523 5113 1592 5166 ita
1625 5128 1825 5184 panper

229 5207 380 5261 erat,
427 5206 492 5251 ut
534 5213 710 5268 neque
757 5197 928 5254 fotum
975 5202 1177 5265 adiret,
1223 5217 1397 5271 neque
1436 5217 1554 5257 cum
1586 5203 1825 5262 honestis

231 5288 440 5344 civibus
462 5297 794 5356 versaretur,
824 5289 919 5345 sed
948 5306 1070 5346 cum
1097 5293 1226 5348 solis
1251 5293 1476 5362 piscium
1499 5296 1826 5363 cauponibus

291 5421 369 5492 (α)
395 5427 550 5492 Juxta,
568 5422 773 5492 Boisium
787 5431 850 5492 _et
869 5426 1029 5486 savil.,
1045 5435 1152 5490 post
1167 5440 1335 5478 vocem
1354 5428 1530 5492 patria,
1557 5429 1828 5492 subintelli-

229 5483 450 5553 gendum
471 5490 562 5553 est
575 5519 598 5553 _,
825 5498 844 5534 :
877 5483 1024 5553 nemo
1046 5483 1189 5553 'enim
1230 5483 1637 5553 sinc'patria'cst.
1664 5491 1829 5544 Melius

229 5540 359 5613 forte
371 5551 551 5613 textus
574 5540 949 5613 instauraretur,
963 5550 1002 5595 si
1028 5551 1129 5598 voci
1154 5552 1314 5613 patria
1335 5540 1717 5613 substitueretur
1735 5540 1827 5603 vos

473 5613 598 5656 tunc
624 5611 751 5657 enim
769 5602 1043 5672 legeretur,
1066 5624 1130 5659 ea:
1151 5602 1284 5663 nulla
1307 5610 1503 5674 quidem
1527 5612 1728 5674 cit't'tttle,
1744 5602 1828 5669 sed

342 5681 349 5690 .
370 5679 397 5715 ε
434 5703 446 5714 0

342 5679 446 5715 πυ.

1993 5443 2067 5513 (μ)
2099 5452 2213 5503 Quae
2235 5443 2431 5513 u‘ncipis
2453 5443 2756 5513 clauduntur,
2779 5453 2988 5508 deerant
3011 5461 3058 5508 in
3095 5462 3238 5513 Savil.
3269 5467 3324 5510 et
3349 5463 3519 5510 alorci.

1929 5504 2020 5576 Sed
2043 5499 2108 5576 et
2118 5499 2231 5576 uno
2447 5499 3073 5576 desumptasitritfeiulecta
3095 5499 3523 5573 i5éi~§..i'a"r¥;.i:

2084 5564 2315 5639 arcturo:
2319 5562 2472 5639 311ng
2481 5562 2646 5639 autem
2668 5562 3272 5639 σὶοἰιὸὴίιέσεξδῖίῖηιῖἶᾷἰῖἓι
3280 5562 3406 5637 quae

1933 5623 2599 5701 [θεςὲίξθιξξιεελὲξῖίίὲὲρέἰξὲ,ι
2761 5623 3382 5701 οηῖἧίῖὲῖιὲῐίὶιῶῑέ.“ηόι³
3414 5645 3534 5683 πεπυ»

1933 5683 2105 5744 luisse,
2125 5685 2230 5741 jam
2246 5681 2444 5730 dixerat
2459 5681 2600 5745 supra
2620 5689 2667 5736 in

563 5758 836 5819 Pnaoa.
883 5761 1000 5820 Gtt.
1055 5762 1188 5821 LIX
1203 5808 1217 5820 ,μ

2792 5837 2796 5840 .
3136 5783 3178 5842 '2
