4012 6210
491 332 551 389 31
754 324 759 329 ’
1176 320 1231 374 S.
1273 316 1549 374 JOANNIS
1583 308 2052 371 CHRYSOSTOMI
2092 306 2408 365 ARCHIEP.
2450 300 2985 361 CONSTANTINUP.
3697 307 3765 364 δε

492 439 643 512 pueri
682 434 887 493 ridiculi
936 433 1098 488 habiti
1142 441 1270 487 sunt
1298 453 1309 485 :
1341 430 1481 500 quod
1534 428 1785 483 mulieres
1830 422 2076 478 omnibus

492 542 807 587 communes
836 525 1095 589 fecerint,
1126 521 1285 575 vitam
1316 522 1485 590 ipsam
1539 532 1752 587 pessum
1796 513 2075 578 dederint,

494 632 549 677 et
578 622 837 676 honorem
861 615 1112 672 connubii
1141 611 1479 679 deturparint
1504 652 1519 675 ,
1549 610 1756 677 aliaque
1783 603 2078 674 hujusmodi

493 712 718 768 ridicule
746 708 1063 770 statuerint;
1096 715 1147 760 et
1189 705 1240 757 in
1288 704 1370 756 his
1408 709 1575 756 totum
1604 702 1723 753 vita:
1756 708 1964 766 tempus
1992 696 2076 749 in-

493 797 843 868 sumpserint.
872 796 947 850 De
974 794 1150 849 anima
1191 807 1318 847 vero
1358 791 1655 844 doctrinam
1702 787 1940 840 ninnium
1967 794 2081 838 tur-

492 890 767 960 piSsimam
795 894 1118 949 statuerunt,
1144 884 1273 938 dum
1296 884 1501 936 animas
1528 879 1825 942 hominum,
1845 890 2077 940 muscas,

493 981 698 1035 culices
720 1020 734 1041 .
768 979 983 1032 frutices
1013 975 1149 1039 fieri,
1177 974 1446 1042 Deumque
1486 972 1656 1041 ipsum
1696 971 1925 1023 animam
1963 980 2083 1019 esse

494 1072 774 1133 dicerent;
803 1076 857 1121 ct
884 1067 986 1121 alia
1012 1064 1254 1135 quaedam
1285 1063 1587 1132 turpissima
1619 1065 1940 1114 asserercnt.
1970 1055 2081 1111 Nec

496 1175 558 1214 ea
589 1160 761 1213 solum
788 1157 855 1211 de
875 1170 1033 1210 causa
1062 1153 1309 1222 culpandi
1335 1171 1348 1208 :
1373 1151 1468 1207 sed
1488 1160 1542 1204 et
1566 1164 1788 1219 magnus
1830 1157 1913 1202 est
1955 1145 2082 1215 ipsis

490 1242 780 1306 verborum
827 1248 1083 1315 Euripus.
1108 1243 1567 1311 Quemadmodum
1597 1242 1741 1295 enim
1783 1240 1836 1294 in
1886 1239 2083 1305 Euripo

498 1339 603 1395 huc
632 1341 757 1393 illnc
778 1336 982 1405 jactati,
1008 1336 1085 1389 sic
1111 1350 1398 1404 numquam
1421 1334 1474 1387 in
1506 1331 1694 1386 iisdem
1716 1329 2079 1399 perstiterunt,

495 1437 681 1500 utpote
708 1427 797 1496 qui
820 1443 882 1481 ex
913 1427 1112 1480 incerta
1135 1434 1188 1479 et
1208 1423 1347 1478 ﬂuxa
1374 1430 1553 1477 mente
1582 1424 1942 1490 loquerentur.
1980 1417 2083 1472 Vc-

496 1534 614 1571 rnm
646 1531 751 1570 non
781 1516 849 1569 ita
876 1516 1107 1583 piseator
1138 1515 1241 1578 hic,
1265 1514 1353 1583 qui
1382 1514 1558 1566 omnia
1586 1520 1731 1565 certa
1756 1509 2079 1580 pronuntiat,

497 1618 550 1662 ct
578 1608 727 1677 quasi
761 1608 811 1660 in
854 1615 1000 1675 petra
1029 1616 1195 1665 stans.
1228 1620 1514 1673 numquam
1543 1604 1749 1657 titubat.
1778 1602 1907 1655 Cum
1939 1601 2081 1655 enim

500 1701 552 1752 in
582 1700 694 1767 ipsa
721 1698 878 1766 adyta
908 1697 1083 1751 induci
1107 1698 1353 1766 dignatus
1377 1696 1466 1759 sit,
1490 1704 1544 1749 et
1573 1696 1743 1764 ipsum
1769 1693 2085 1747 habeatbo-

499 1790 701 1842 minnm
732 1790 783 1842 in
826 1802 882 1841 se
912 1788 1235 1856 loquentem,
1268 1788 1395 1840 nihil
1426 1786 1711 1840 humanum
1742 1799 1928 1854 passus
1965 1793 2081 1848 est;

497 1890 552 1934 at
596 1881 671 1934 illi
718 1879 856 1932 haud
884 1894 1039 1933 secus
1078 1893 1235 1945 quam
1267 1878 1299 1931 ii
1331 1878 1416 1945 qui
1452 1892 1516 1929 ne
1551 1891 1643 1945 per
1669 1876 1934 1929 somnium
1962 1874 2083 1943 qni-

497 1969 619 2022 dem
668 1970 718 2022 in
762 1968 960 2036 regiam
990 1967 1208 2019 admissi
1250 1976 1407 2028 sunt,
1434 1966 1525 2018 sed
1558 1966 1607 2018 in
1654 1964 1770 2019 foro
1799 1980 1919 2018 cum
1966 1965 2091 2019 aliis

498 2058 805 2130 permixtim
865 2057 1168 2110 hominibus
1222 2065 1544 2119 versantur,
1575 2054 1700 2108 dum
1746 2070 1812 2108 ex
1871 2055 2085 2122 pr0pria

495 2160 675 2207 mente
716 2150 787 2205 de
828 2149 1179 2205 invisibilibus
1208 2149 1603 2217 conjectarent,
1639 2148 1691 2202 in
1722 2162 1962 2202 summos
1990 2163 2082 2202 er-

486 2256 648 2298 rores
672 2241 997 2305 inciderunt,
1024 2241 1091 2296 de
1116 2240 1474 2296 ineffabilibus
1495 2242 1763 2295 disserere
1785 2241 2019 2310 aggressi
2043 2242 2082 2305 ί,

498 2342 557 2388 et
583 2333 736 2403 quasi
758 2331 883 2387 caeci
908 2331 1152 2386 vel'cbrii
1178 2333 1231 2385 in
1254 2333 1367 2401 ipso
1395 2346 1578 2386 errore
1603 2340 1792 2385 contra
1819 2346 1877 2385 se
1902 2340 2086 2385 mutuo

497 2423 873 2491 impegerunt:
906 2435 1006 2475 nec
1032 2430 1216 2475 mutuo
1242 2430 1443 2475 tantum
1471 2420 1771 2475 aliicontra
1794 2421 1928 2476 alios
1950 2461 1967 2487 ,
1990 2420 2085 2476 sed

496 2513 660 2573 etiam
689 2526 871 2569 secum
902 2510 968 2569 de
995 2511 1181 2571 iisdem
1212 2512 1373 2571 rebus
1398 2527 1611 2582 semper
1638 2522 1891 2581 pugnant.
1925 2513 2085 2582 Atqui

501 2607 589 2661 hic
619 2606 902 2662 illiteratus
925 2648 941 2674 ,
974 2608 1120 2661 rudis
1144 2648 1158 2672 ,
1187 2622 1253 2662 ex
1290 2606 1600 2667 Bethsaida,
1628 2601 1871 2657 Zebedaci
1905 2603 2043 2656 filius
2069 2620 2083 2669 ;

499 2696 600 2751 etsi
629 2696 803 2753 Grarci
832 2696 1111 2750 nominum
1141 2696 1482 2767 asperitatem
1517 2695 1803 2750 admodum
1836 2696 2081 2759 rideant,

498 2788 667 2844 nihilo
694 2796 870 2844 tamen
897 2790 1126 2856 minore,
1158 2789 1265 2843 imo
1289 2789 1489 2858 majore
1516 2788 1704 2843 fiducia
1722 2789 1831 2859 jam
1854 2788 2081 2857 loquar:

499 2888 703 2951 quanto
724 2882 867 2935 enim
896 2881 1066 2950 magis
1088 2880 1313 2934 barbara
1338 2879 1466 2949 ipsis
1489 2880 1697 2934 videtur
1725 2880 1869 2934 natio
1898 2879 2009 2943 illa,
2034 2888 2089 2934 et

498 2985 529 3024 a
560 2969 749 3026 Grmco
780 2970 1021 3025 instituto
1063 2970 1235 3024 aliena
1261 3012 1276 3036 ,
1306 2979 1453 3026 tanto
1500 2971 1860 3041 splendidiora
1906 2983 2087 3025 nostra

498 3063 846 3118 videbuntur.
875 3062 1007 3117 Cum
1054 3064 1197 3117 enim
1240 3062 1496 3119 barbarus
1543 3074 1598 3119 et
1640 3064 1885 3119 indoctus
1902 3078 1975 3118 ea
2005 3064 2087 3117 lo-

498 3164 713 3223 quatur,
754 3169 871 3223 qua:
899 3154 1076 3207 nullus
1092 3154 1375 3208 hominum
1419 3170 1672 3225 umquam
1704 3164 1961 3219 noverat;
1990 3168 2089 3208 nec

500 3246 748 3316 loquatur
778 3246 957 3312 modo,
987 3247 1081 3301 sed
1111 3249 1272 3302 etiam
1313 3247 1535 3303 suadeat
1587 3248 1748 3318 (quod
1776 3249 1820 3303 si
1850 3247 1976 3302 illud
2003 3263 2090 3302 so-

499 3338 605 3390 lum
631 3346 794 3403 esset,
828 3352 1076 3406 magnum
1106 3338 1246 3391 foret
1274 3338 1586 3391 miraculum
1609 3355 1623 3403 ;
1648 3351 1789 3391 nunc
1809 3352 1936 3391 vero
1964 3353 2092 3406 prae.

501 3439 584 3481 ter
614 3428 733 3491 hoc,
767 3428 928 3482 etiam
954 3428 1095 3482 aliud
1124 3428 1297 3497 majus
1326 3429 1699 3497 suppeditetur
1719 3411 2098 3498 argumentum

502 3518 642 3587 quod
690 3535 750 3573 ea
793 3536 912 3589 qua:
939 3519 1189 3573 dicuntur
1218 3518 1475 3573 divinitus
1502 3520 1757 3590 inspirata
1798 3522 1935 3588 sint,
1968 3522 2089 3591 quia

504 3627 699 3681 nempe
725 3611 1058 3666 auditoribus
1091 3612 1341 3665 onmibns
1378 3626 1593 3682 semper
1612 3614 1909 3669 doctrinam
1939 3630 2090 3670 suam

506 3702 944 3773 persuaserint);
973 3704 1093 3772 quis
1120 3703 1500 3760 immanentem
1534 3707 1585 3760 in
1614 3721 1679 3760 eo
1707 3707 1956 3763 virtutem
1985 3725 2091 3763 non

507 3794 825 3848 mirabitur"!
871 3793 1002 3847 illud
1046 3796 1222 3859 enim,
1256 3805 1312 3848 ut
1338 3794 1447 3864 jam
1492 3795 1635 3862 dixi,
1665 3799 1900 3853 maximo
1940 3801 2093 3871 signo

507 3895 610 3947 cst,
636 3885 807 3953 ipsum
835 3900 939 3938 non
962 3899 1026 3939 cx
1053 3885 1231 3953 seipso
1258 3884 1555 3940 doctrinam
1580 3897 1635 3942 et
1657 3889 1802 3958 leges
1830 3890 2090 3959 proferre.

510 3976 605 4030 llic
635 3976 811 4044 itaque
854 3975 1110 4030 barbarus
1141 3975 1418 4044 evangelio
1454 3991 1551 4030 suo
1597 3979 1904 4035 universum
1941 3996 2093 4035 com-

507 4064 788 4134 prehcndit
836 4072 1060 4127 orbem,
1109 4078 1337 4134 corpore
1389 4074 1567 4121 autem
1640 4068 1870 4123 mediam
1925 4071 2095 4125 tenuit

509 4158 725 4218 Asiam,
755 4156 842 4210 ubi
870 4157 995 4209 olim
1027 4156 1537 4226 philosophabantur
1566 4175 1753 4216 omnes
1781 4162 1982 4218 Grmcze
2011 4164 2095 4217 di-

508 4246 1056 4316 sciplinazrhomines;
1088 4247 1315 4319 hincque
1348 4249 1681 4306 daemonibus
1719 4262 1801 4307 est
1847 4253 2099 4309 formida-

508 4337 634 4392 bilis
659 4340 704 4402 ³,
728 4337 869 4405 quod
904 4338 954 4390 in
974 4338 1215 4394 hostium
1248 4341 1425 4395 medio
1452 4340 1667 4412 fulgeat,
1699 4344 1910 4399 illorum
1958 4345 2094 4400 cali-

508 4429 683 4495 ginem
710 4429 1027 4499 exstinguat.
1048 4430 1459 4503 dmmonumque
1481 4448 1657 4490 arcem
1679 4437 1853 4490 diruat
1884 4454 1897 4491 :
1920 4438 2095 4491 anima

508 4528 689 4573 autem
718 4518 769 4572 in
798 4534 918 4573 eum
950 4522 1171 4575 secessit
1197 4523 1392 4589 locum,
1424 4526 1510 4594 qui
1541 4529 1662 4581 talia
1689 4528 1927 4597 aperanti
1951 4543 2099 4582 eom-

511 4616 738 4677 peteret.
759 4610 838 4663 Ac
882 4608 1186 4664 Grrecnrum
1232 4613 1444 4681 quidem
1492 4616 1772 4684 Opinioncs
1823 4617 2098 4672 exstincta:

509 4700 806 4769 deleta-quc
846 4711 969 4755 sunt
997 4718 1010 4764 ;
1045 4700 1203 4771 hujus
1228 4719 1356 4758 vero
1388 4720 1473 4759 res
1499 4706 1738 4774 quotidie
1767 4707 2096 4775 splendidio-

512 4808 596 4845 res
623 4792 872 4845 evadunt.
905 4793 983 4847 Ex
1027 4808 1133 4863 quo
1164 4795 1307 4850 enim
1345 4797 1430 4851 hic
1474 4806 1529 4849 et
1577 4796 1766 4864 reliqui
1806 4796 2099 4865 piscatores

512 4882 765 4945 fuerunt,
824 4882 1138 4952 Pythagora:
1188 4884 1531 4955 Platonisque
1597 4885 1929 4952 disciplina),
1981 4904 2099 4955 qua:

502 4971 659 5041 :prius
681 4971 924 5027 obtinere
949 4972 1284 5040 videbantur,
1328 4975 1541 5031 silentio
1569 4974 1746 5026 missa:
1771 4984 1915 5037 sunt,
1943 4991 2007 5029 ac
2033 4994 2100 5034 ac

509 5063 726 5119 nomine
756 5064 972 5134 quidem
1001 5064 1121 5118 illos
1144 5074 1339 5119 norunt
1370 5062 1628 5133 plerique.
1654 5062 1811 5130 Atqui
1843 5062 1989 5117 l‘lato
2020 5075 2100 5137 ty-

515 5169 713 5209 rannos
741 5154 873 5209 adiit
900 5155 1122 5218 accitus,
1154 5164 1211 5206 ut
1237 5156 1404 5218 aiunt,
1430 5151 1634 5207 amicus
1667 5153 1849 5210 habuit
1880 5157 2096 5226 multos,

509 5257 665 5316 atque
692 5248 744 5301 in
766 5246 997 5303 Siciliam
1024 5245 1286 5312 navigavit
1314 5261 1328 5297 :
1348 5243 1682 5315 Pythagoras
1704 5260 1829 5300 vero
1852 5262 2096 5317 magnam

570 5442 586 5472 ¹
626 5447 750 5500 Haec,
772 5439 833 5487 de
856 5432 1169 5500 omnium};
1192 5431 1689 5500 dissererqaqgressf,
1717 5438 1877 5497 posuit
1902 5440 1947 5487 in
1974 5448 2097 5494 Mar-

490 5503 622 5561 δίου
642 5489 1007 5561 δειυίιίρξλμίέοι
1028 5494 1077 5539 in
1097 5489 1408 5561 aliqugtpiss.
1433 5489 1729 5557 habeantur,
1737 5512 1938 5561 quorum
1966 5489 2097 5558 mins

506 5552 625 5619 regit
652 5555 983 5612 inrisibilibus,
1013 5564 1117 5612 pro,
1136 5552 1479 5612 ineﬂ'abilibus.

538 5646 589 5751 ἡ
614 5638 969 5748 ιιιίἓξῦέιὲτρρῑω
993 5631 1286 5685 (ιιωηοηίὺιιδ
1310 5644 1379 5687 est
1401 5636 1739 5704 formidabilis,
1775 5642 1823 5691 in
1843 5646 2007 5712 Savil.,
2043 5661 2095 5702 et

509 5719 535 5753 a
560 5716 570 5752 ι
594 5718 616 5751 s
696 5740 701 5743 μ

2188 417 2664 484 θᾶὶθηεϐνωοὶωιι,
2681 418 2973 488 prmstigias
2993 418 3195 473 induxit
3213 416 3517 473 innumeras
3533 420 3627 487 (n);
3648 436 3771 477 nam

2188 508 2327 579 quod
2374 523 2495 562 cum
2542 506 2711 561 bobus
2762 507 3189 578 loqueretur(id
3238 507 3382 561 enim
3413 507 3481 562 de
3521 508 3613 564 illo
3645 525 3770 565 nar-

2186 602 2412 669 ratur),
2462 614 2567 653 non
2624 599 2724 653 nisi
2784 600 2987 669 magica
3053 608 3169 654 arte
3230 600 3472 668 prazsmri
3540 612 3767 670 poterat.

2189 691 2430 759 llincque
2452 690 2682 744 maxime
2713 690 2886 760 palam
2913 699 3016 756 est,
3048 689 3188 758 quod
3218 690 3265 744 is
3293 691 3380 759 qui
3412 691 3569 747 bruta
3595 694 3673 748 sic
3692 696 3773 749 al-

2189 781 2525 850 loquebatur,
2556 781 2687 834 nihil
2714 780 2954 834 utilitatis
2981 779 3287 834 hominibus
3314 791 3593 849 prazstaret
3618 822 3633 847 ,
3667 784 3774 838 imo

2188 872 2318 941 ipsis
2362 872 2583 925 multum
2628 880 2863 927 noceret.
2904 871 3062 925 Certe
3089 872 3263 940 aptior
3285 871 3353 925 ad
3381 872 3772 944 philosophiam

2187 972 2303 1015 erat
2332 962 2603 1016 hominum
2649 973 2837 1016 natura
2872 980 2884 1016 :
2914 972 3149 1018 attamen
3195 962 3282 1016 ille
3325 977 3446 1017 cum
3481 965 3677 1033 aquilis
3720 976 3773 1021 et

2189 1054 2380 1118 bobus,
2410 1064 2466 1107 ut
2493 1054 2675 1117 aiunt,
2710 1069 2808 1123 per
2837 1053 3133 1123 praestigias
3166 1054 3501 1125 loquebatur.
3524 1056 3643 1113 Non
3685 1059 3773 1115 ille

2189 1148 2411 1199 rationis
2456 1156 2729 1213 expertem
2776 1156 3019 1200 naturam
3067 1147 3387 1202 rationalem
3438 1148 3669 1217 effecit;
3722 1152 3771 1207 id

2189 1235 2330 1304 quod
2372 1235 2536 1290 homo
2572 1251 2676 1290 non
2709 1246 2882 1306 potest
2912 1255 2927 1290 :
2964 1236 3056 1291 sed
3100 1238 3383 1309 praestigiis
3408 1240 3603 1296 stultos
3630 1243 3769 1298 deci-

2190 1326 2385 1392 piebat.
2418 1326 2533 1380 Non
2582 1327 2697 1380 utili
2739 1328 2983 1382 doctrina
3019 1327 3263 1383 homines
3298 1329 3644 1396 instituebat;
3678 1334 3770 1389 sed

2189 1416 2413 1472 docebat
2458 1418 2597 1473 idem
2649 1434 2769 1475 esse
2816 1418 2963 1474 fabas
3002 1418 3163 1475 edere
3192 1428 3249 1475 et
3273 1433 3550 1489 parentum
3601 1427 3769 1494 capita

2188 1506 2487 1573 devorare;
2515 1508 2952 1579 auditoribusque
2992 1511 3385 1579 persuadebat,
3413 1513 3652 1571 doctoris
3691 1519 3769 1572 sui

2189 1596 2420 1651 animam
2448 1638 2464 1662 ,
2494 1598 2652 1653 modo
2696 1598 2939 1654 fruticem
2965 1642 2980 1665 ,
3010 1601 3169 1655 modo
3213 1602 3441 1670 puellam
3461 1645 3476 1669 ,
3512 1606 3670 1660 modo
3696 1609 3772 1677 pi-

2190 1701 2334 1741 scem
2364 1688 2525 1744 eﬂici.
2558 1691 2750 1745 Annon
2774 1691 2896 1760 jure
2938 1692 3021 1745 illa
3048 1693 3307 1747 exstincta
3334 1697 3546 1763 penitus
3572 1698 3772 1754 delcta-

2189 1795 2294 1849 que
2320 1784 2486 1835 sunt?
2511 1783 2666 1837 Certe
2688 1784 2809 1853 jure
2837 1799 2900 1838 ac
2929 1785 3153 1850 merito,
3186 1795 3244 1840 ut
3282 1788 3419 1842 ratio
3448 1792 3769 1859 postulabat.

2189 1872 2260 1924 At
2282 1886 2385 1925 non
2415 1872 2491 1926 sic
2512 1873 2597 1927 illa
2624 1889 2742 1942 quae
2763 1874 2828 1928 ad
2845 1869 3040 1928 'rudem
3070 1876 3217 1929 illum
3240 1884 3293 1931 et
3317 1877 3624 1935 illiteratum
3655 1897 3775 1951 per-

2192 1960 2396 2018 tinent:
2430 1979 2612 2018 verum
2657 1964 2777 2035 Syri
2805 2006 2818 2027 ,
2846 1964 3078 2036 Egyptii
3100 2008 3114 2032 ,
3145 1967 3289 2033 Indi,
3322 1968 3530 2037 Persae,
3563 1972 3776 2029 Ethio-

2193 2068 2307 2121 pes,
2338 2053 2737 2125 innumeraeque
2761 2057 2879 2111 alia:
2901 2067 3107 2126 gentes,
3134 2058 3380 2129 dogmata
3409 2061 3477 2115 ab
3498 2061 3590 2117 illo
3623 2065 3774 2120 indu~

2193 2155 2278 2198 cta
2328 2146 2378 2199 in
2431 2146 2662 2215 linguam
2716 2163 2866 2203 suam
2916 2148 3298 2207 transferentes
3326 2192 3343 2220 ,
3396 2152 3607 2210 barbari
3653 2156 3772 2214 licet

2191 2247 2393 2303 essent,
2424 2238 2788 2309 philosophari
2816 2241 3135 2297 didicerunt.

2261 2328 2314 2381 5.
2355 2328 2471 2382 Νοη
2502 2344 2630 2400 ergo
2657 2329 2853 2385 frustra
2883 2331 3161 2401 dicebam,
3194 2342 3361 2390 totum
3402 2336 3588 2393 orbem
3620 2339 3771 2394 thea-

2194 2428 2329 2473 trum
2377 2421 2475 2489 ipsi
2518 2421 2699 2477 fuisse.
2727 2422 2910 2493 Neque
2947 2424 3090 2479 enim
3129 2427 3310 2481 missis
3349 2432 3769 2499 congeneribus,

2192 2527 2379 2565 vanam
2409 2512 2578 2568 brutis
2617 2514 2953 2569 instituendis
2979 2530 3197 2585 operam
3229 2520 3490 2588 ponebat;
3520 2523 3659 2592 quod
3686 2538 3773 2577 su-

2198 2617 2587 2671 pervacaneum
2639 2604 2870 2658 studium
2912 2614 2968 2661 et
3004 2606 3189 2677 ingens
3216 2608 3519 2679 insipientia
3548 2613 3769 2681 fuisset;

2192 2693 2284 2750 sed
2335 2704 2390 2749 et
2434 2694 2594 2765 hujus
2635 2705 2690 2750 et
2729 2697 2956 2752 aliorum
3005 2713 3199 2768 expers
3225 2702 3494 2769 vitiorum,
3529 2704 3580 2758 id
3612 2722 3771 2761 unum

2191 2789 2433 2854 curabat,
2453 2797 2510 2841 ut
2537 2796 2679 2841 totus
2706 2788 2854 2842 orbis
2883 2789 3008 2844 utile
3033 2790 3300 2861 quidpiam
3322 2794 3605 2863 edisceret,
3634 2799 3774 2867 quod

2192 2886 2375 2947 posset
2400 2878 2543 2932 illum
2571 2894 2599 2930 a
2624 2888 2763 2933 terra
2790 2879 2840 2933 in
2864 2880 3055 2935 cadum
3083 2883 3394 2939 transferre.
3418 2885 3648 2959 Ideoque
3670 2907 3772 2946 non

2193 2970 2421 3038 caligine
2447 2978 2501 3023 et
2527 2970 2761 3025 tenebris
2788 2970 3086 3027 doctrinam
3125 2989 3273 3029 suam
3306 2977 3562 3047 involvit,
3590 2992 3645 3037 ut
3679 2984 3771 3049 illi,

2192 3060 2283 3130 qui
2339 3074 2514 3129 pravae
2557 3059 2815 3115 doctrina:
2867 3077 2979 3117 sua:
3028 3064 3408 3121 obscuritatem
3462 3085 3560 3125 ceu
3603 3075 3774 3128 velum

2193 3151 2479 3221 quodpiam
2505 3152 2900 3219 obtendebant;
2930 3154 3025 3210 sed
3057 3156 3215 3226 hujus
3244 3158 3491 3228 dogmata
3527 3175 3651 3219 sunt
3690 3182 3777 3220 ra-

2193 3243 2297 3298 diis
2335 3244 2599 3300 solaribus
2654 3245 2878 3300 clariora
2920 3265 2933 3300 :
2981 3248 3099 3303 ideo
3146 3252 3393 3306 onmibus
3444 3270 3537 3323 per
3594 3259 3776 3314 orbein

2196 3334 2501 3390 hominibus
2532 3339 2787 3407 patefacta
2816 3350 2959 3399 sunt.
2995 3340 3110 3396 Non
3153 3344 3294 3399 enim
3332 3347 3568 3418 quinque
3612 3366 3779 3407 anno.

2196 3439 2314 3479 rum
2338 3426 2609 3481 silentium
2628 3430 3002 3486 accedentibus
3024 3432 3335 3501 imperabat,
3361 3448 3415 3491 ut
3435 3438 3555 3506 ille;
3586 3457 3684 3497 nec
3706 3446 3781 3501 sic

2195 3515 2417 3571 docebat
2443 3560 2457 3583 ,
2482 3531 2537 3573 ut
2568 3521 2961 3578 insensibilibns
2991 3524 3249 3594 lapidibus
3282 3529 3573 3597 assideret;
3609 3551 3781 3607 neque

2197 3613 2435 3665 numeris
2461 3614 2638 3667 omnia
2661 3615 2868 3669 definiri
2897 3616 3262 3673 fabulabatur:
3287 3622 3379 3676 sed
3407 3624 3612 3687 abiecta
3635 3632 3779 3685 omni

2198 3699 2502 3771 hujnsmodi
2537 3705 2737 3774 ingrata
2766 3706 3006 3763 doctrina
3033 3719 3087 3763 et
3116 3713 3347 3776 pernicie
3376 3718 3633 3785 satanica,
3667 3732 3781 3777 tan-

2199 3801 2305 3847 tam
2330 3794 2503 3849 verbis
2529 3794 2810 3851 admiscuit
2832 3797 3154 3865 facilitatem,
3181 3811 3236 3855 ut
3259 3819 3361 3857 non
3390 3806 3549 3861 modo
3574 3810 3703 3865 viris
3729 3824 3783 3868 et

2198 3884 2523 3953 sapientibus
2546 3924 2561 3950 ,
2592 3885 2684 3940 sed
2711 3888 2869 3942 etiam
2902 3890 3226 3946 mulierculis
3260 3903 3311 3947 ct
3359 3894 3782 3957 adolescentibus

2198 3975 2335 4030 dicta
2364 3976 2539 4028 omnia
2568 3979 2845 4046 perspicua
2874 3990 3073 4035 essent.
3106 3982 3193 4035 Illa
3224 3986 3367 4039 enim
3398 4001 3521 4042 vera
3557 4000 3609 4044 et
3637 3993 3781 4047 utilia

2199 4065 2482 4133 audituris,
2503 4082 2623 4121 esse
2636 4070 2970 4125 confirmavit
2994 4081 3184 4140 totum,
3213 4076 3356 4144 quod
3378 4089 3558 4148 postea
3588 4098 3785 4153 sequu-

2201 4166 2310 4213 tunt
2340 4172 2443 4225 est,
2469 4168 2677 4228 tempus
2705 4178 2717 4214 :
2747 4178 2868 4216 nam
2900 4173 3065 4219 totum
3097 4166 3163 4220 ad
3196 4183 3254 4221 se
3286 4175 3544 4239 pertraxit
3573 4175 3779 4241 orbem,

2200 4256 2255 4302 et
2280 4248 2347 4303 ab
2375 4250 2519 4305 omni
2559 4250 2727 4305 aliena
2763 4256 3017 4323 tragcedia
3046 4257 3206 4312 vitam
3236 4271 3474 4317 nostram
3503 4264 3781 4332 liberavit,

2204 4353 2481 4412 postquam
2507 4344 2621 4399 haec
2641 4345 2816 4399 audita
2846 4346 3015 4401 fuere.
3033 4350 3368 4421 Quapropter
3392 4366 3651 4425 quotquot
3672 4358 3785 4413 lucc

2201 4431 2447 4487 audimus
2485 4434 2716 4489 animam
2742 4435 3016 4493 effundere
3044 4450 3291 4508 optamus
3328 4445 3534 4513 potius,
3567 4462 3722 4516 quam
3755 4464 3782 4502 a

2203 4522 2537 4591 dogmatibus
2566 4526 2633 4579 ab
2676 4529 2767 4582 illo
2816 4531 3022 4585 traditis
3047 4533 3385 4589 absistamus.
3417 4536 3551 4592 Hinc
3579 4555 3710 4611 ergo
3736 4551 3787 4596 et

2203 4617 2347 4670 omni
2375 4632 2440 4671 ex
2464 4628 2614 4686 parte
2642 4618 2825 4688 liquet,
2858 4623 2992 4675 nihil
3020 4621 3307 4679 humanum
3336 4627 3403 4679 ab
3425 4628 3562 4695 ipso,
3595 4634 3690 4686 sed
3720 4634 3791 4687 di-

2204 4710 2322 4764 vina
2354 4721 2404 4765 et
2435 4712 2663 4765 ca-lestia
2692 4728 2812 4769 esse
2838 4715 3082 4785 dogmata
3109 4759 3123 4782 ,
3150 4734 3266 4788 qua:
3291 4734 3319 4771 a
3345 4719 3521 4772 divina
3561 4722 3648 4774 illa
3676 4726 3791 4775 ani-

2204 4815 2289 4853 ma
2318 4800 2383 4854 ad
2412 4817 2506 4855 nos
2534 4816 2907 4869 pervenerunt.
2952 4807 3133 4877 Neque
3160 4809 3302 4862 enim
3329 4808 3612 4865 verborum
3647 4822 3789 4869 stre-

2207 4893 2394 4959 pitum,
2426 4908 2530 4946 non
2557 4892 2806 4949 dictionis
2850 4896 3050 4962 fucum,
3086 4913 3257 4967 neque
3301 4898 3575 4956 nominum
3598 4905 3790 4960 verbo-

2208 4998 2431 5053 rumque
2473 4994 2717 5039 ornatum
2762 4998 2816 5042 et
2859 4989 3303 5057 compositionem
3345 4993 3669 5060 superfluam
3706 5000 3785 5051 vel

2208 5073 2448 5127 inutilem
2479 5072 2776 5132 videbimus
2803 5078 2942 5149 (lucc
2970 5080 3167 5150 quippe
3191 5080 3373 5149 procul
3400 5094 3521 5138 sunt
3545 5085 3614 5138 ab
3644 5090 3788 5142 οηιηί

2204 5163 2596 5235 philosophia);
2628 5168 2721 5222 scd
2753 5171 2858 5223 vim
2889 5171 3138 5225 invictam
3170 5180 3224 5225 et
3249 5172 3504 5238 divinam,
3539 5186 3593 5230 et
3620 5190 3790 5233 recto-

2209 5270 2324 5309 rum
2370 5256 2672 5325 dogtnatnm
2721 5260 3035 5317 immensam
3086 5264 3379 5331 virtutem,
3428 5266 3787 5326 innumerabi-

2269 5370 2353 5439 (a)
2390 5377 2456 5439 De
2481 5368 2683 5420 Platonis
2701 5375 2749 5422 in
2773 5374 2974 5439 Siciliam
3018 5376 3223 5439 appulsu
3264 5378 3404 5439 multi
3444 5386 3777 5431 narraverunt.

2207 5427 2288 5480 θεέ
2314 5427 2611 5505 ,Ρςιμιεςοηθ
2643 5449 2761 5505 ,οιξιῐι
2799 5437 2965 5505 bobus
2989 5427 3238 5505 et'a‘guilis
3260 5427 3788 5505 colloquiovinusquain

2206 5505 2288 5541 me
2312 5490 2500 5565 legere
2510 5496 2704 5565 memini
2722 5512 2737 5558 ;
2764 5500 2853 5565 nisi
2877 5497 3003 5565 forte
3024 5490 3268 5565 referatur
3286 5502 3346 5551 ad
3365 5490 3419 5551 id
3428 5490 3565 5565 quod
3581 5490 3643 5551 ait
3666 5490 3791 5552 'Dio-

2207 5566 2366 5624 genes
2408 5559 2620 5625 Laertius
2658 5559 2707 5625 in
2734 5560 2968 5625 [mancipio
2994 5562 3105 5625 vitae
3130 5563 3429 5625 Pythagorae,
3446 5559 3660 5611 'ammam
3685 5566 3789 5624 ejus

2209 5574 2366 5624 genus
2408 5574 2620 5605 Laertius
2660 5574 2707 5606 In
2734 5574 2884 5620 punet
2921 5574 2968 5609 ιο
2994 5574 3105 5610 γιιω
3130 5574 3429 5625 Pythagorae,
3455 5576 3660 5611 animam
3685 5576 3788 5624 ejus

2209 5628 2257 5662 In
2280 5628 2403 5683 quas
2426 5613 2579 5683 vellet
2601 5620 2802 5669 arbores
2822 5574 3197 5673 veranimantes
3219 5627 3591 5683 commigrasse:
3613 5636 3788 5673 uetera

2349 5676 2412 5726 de
2456 5676 2713 5742 Pythagora
2736 5692 3012 5749 sequuntur
3027 5721 3043 5750 ,
3073 5684 3182 5736 vide
3204 5684 3330 5748 apud
3352 5676 3629 5748 Diogenem
3653 5692 3788 5734 Laer-
