4000 6210
374 231 454 288 35
1540 237 1608 300 IN
1644 247 1958 309 JOANNEM
2001 255 2229 315 HOMIL.
2273 262 2336 317 ll.
2377 269 2447 322 al.
2489 269 2525 322 l.
3609 301 3676 360 δι

377 343 623 415 litunque
657 344 931 402 bonorum
975 349 1330 421 largitionem.
1362 353 1495 410 Nam
1525 358 1576 412 in
1607 361 1984 430 praedicatione

375 438 539 492 nimia
573 440 879 496 verborum
901 442 1185 498 curiositas
1221 446 1492 515 superﬂua
1522 462 1685 518 esset,
1717 463 1772 509 et
1797 459 1984 526 sophi-

373 529 464 582 stis
482 528 649 600 digna
673 545 691 595 ;
713 531 826 586 imo
847 547 954 588 non
972 533 1244 604 sepltistis,
1263 539 1356 592 sed
1378 542 1554 608 pueris
1573 544 1944 616 insipientibus
1965 570 1980 619 ;

371 621 440 675 ita
471 631 530 675 ut
552 623 706 691 apud
731 638 832 679 eos
858 625 973 694 ipse
999 626 1344 697 philosolthus
1370 631 1645 689 induceret
1671 649 1980 709 magtstrum

371 726 523 766 suum
552 729 728 782 quem
761 729 874 771 sua:
907 717 1037 773 artis
1060 718 1312 788 pudebat,
1346 723 1542 794 quique
1566 725 1774 782 dicebat
1797 731 1976 799 judici-

370 802 470 856 bus
499 804 650 872 ipsos
673 805 967 861 audituros
991 808 1058 860 ab
1082 824 1141 864 se
1165 825 1286 865 esse
1317 814 1474 867 verba
1507 816 1622 870 sine
1650 819 1891 882 artiﬁcio,
1925 831 1978 876 et

371 904 422 945 ttt
466 908 626 948 casus
661 896 876 950 ferebat
900 938 915 962 ,
949 897 1189 966 prolata;
1224 918 1329 956 non
1360 905 1634 974 exquisitis
1669 920 1853 963 ornata
1888 911 1976 966 di-

371 985 486 1048 ctis,
511 1001 621 1040 non
669 987 859 1042 verbis
884 999 939 1042 et
968 990 1273 1045 nominibus
1307 993 1520 1050 selectis
1566 996 1759 1052 fucata.
1792 1001 1975 1071 Neque

373 1079 509 1130 enim
539 1093 639 1145 par
665 1087 794 1142 est,
825 1079 1119 1148 inquiebat,
1149 1097 1184 1136 o
1215 1084 1334 1152 viri,
1367 1086 1523 1154 hujus
1562 1092 1735 1144 aetatis
1760 1093 1931 1147 virum
1951 1135 1966 1160 ,

369 1169 736 1224 adolescentis
763 1170 1005 1240 proferre
1027 1173 1189 1227 verba
1216 1190 1394 1231 coram
1423 1180 1570 1233 vobis
1586 1182 1872 1249 judicibus.
1893 1186 1971 1242 Ac

370 1259 488 1314 vide
513 1273 678 1328 quam
717 1261 790 1314 sit
833 1262 961 1316 illud
993 1263 1295 1321 ridiculum.
1320 1270 1487 1334 Quam
1518 1273 1661 1326 enim
1691 1291 1805 1329 rem
1835 1286 1970 1331 tam-

2097 370 2311 430 l'estinat
2353 378 2416 432 iis
2457 380 2546 450 qui
2588 383 2758 452 ipsmn
2806 403 2912 443 tton
2962 405 3240 451 noverant.
3269 401 3518 474 Alioquin
3549 424 3678 468 vero

2091 462 2304 520 Patrem
2335 468 2386 522 in
2412 468 2514 526 hoc
2539 486 2789 532 sermone
2815 493 2920 534 non
2953 485 3135 540 tacuit.
3165 490 3241 544 Ac
3269 491 3388 548 vide
3409 462 3536 552 mihi
3564 503 3675 570 spi-

2089 553 2332 612 ritualem
2361 561 2718 629 prudentiam.
2751 567 2905 624 Novit
2936 573 3178 632 homines
3194 579 3305 648 jant
3331 583 3456 640 olim
3478 553 3672 647 etatite

2087 649 2264 701 omnia
2301 650 2465 706 Deum
2505 671 2612 724 pra:
2641 660 2889 716 omnibus
2917 665 3100 722 colere
3137 680 3192 724 et
3236 687 3495 733 asserere.
3543 679 3671 736 ideo

2017 799 2053 822 Α
2086 733 2210 790 inde
2241 739 2559 809 principium
2600 746 2743 814 fecit,
2782 759 2837 805 et
2867 769 3182 825 progressus
3224 759 3393 820 Deum
3420 784 3540 825 esse
3583 772 3670 827 di-

2081 827 2174 880 cit.
2207 827 2321 883 Non
2353 832 2490 887 sicut
2533 836 2684 892 Plato
2728 841 2954 898 alterunt
2998 860 3253 919 mentem,
3300 855 3524 913 alterum
3553 863 3669 916 ani-

2079 931 2219 971 mam
2244 935 2362 976 esse
2387 922 2518 978 dicit
2547 945 2559 979 :
2602 927 2715 983 haec
2752 934 2894 988 enim
2929 940 3114 1004 procul
3158 953 3285 996 sunt
3314 961 3343 999 a
3377 947 3552 1004 divina
3577 952 3668 1008 illa

2077 1017 2131 1062 et
2153 1008 2437 1068 immortali
2470 1026 2674 1073 natura.
2703 1020 2884 1092 Neque
2913 1028 3055 1083 enim
3081 1045 3366 1090 commune
3391 1040 3663 1109 quidpiam

2078 1097 2354 1154 nobiscum
2400 1104 2578 1172 habet,
2629 1111 2723 1165 sed
2778 1112 2933 1185 longe
2977 1127 3058 1173 est
3102 1138 3132 1175 a
3179 1129 3664 1186 eommmticatione

2075 1201 2195 1241 cum
2247 1197 2550 1262 creaturis;
2599 1203 2890 1257 secundum
2939 1209 3288 1268 substantiam
3333 1217 3494 1283 dico,
3552 1237 3659 1277 non

2073 1282 2369 1336 secundum
2417 1285 2676 1343 habitum.
2722 1293 2845 1349 ldco
2875 1299 3108 1355 Verbum
3155 1304 3304 1360 illum
3348 1282 3660 1377 appellavit.

367 1367 525 1420 quam
559 1366 799 1427 turpem,
825 1359 1158 1430 philosophia
1192 1364 1481 1433 indignam,
1517 1369 1968 1428 adolescentium-
2069 1369 2202 1424 Cum
2235 1376 2378 1428 enim
2409 1376 2662 1435 docturus
2691 1394 2836 1439 esset
2875 1387 2974 1442 hoc
3004 1391 3234 1447 Verbum
3263 1411 3381 1452 esse
3412 1403 3657 1471 unigeni-

370 1461 472 1512 que
498 1460 656 1514 Opus,
687 1451 1002 1519 magistrum
1028 1466 1183 1507 suum
1207 1453 1390 1523 fugere
1410 1457 1562 1525 dixit,
1592 1461 1713 1517 huic
1736 1465 1965 1520 maxime

374 1535 488 1603 ipse
509 1553 724 1607 operam
745 1541 914 1595 dedit.
942 1542 1014 1596 lta
1040 1543 1232 1613 ubique
1253 1547 1529 1603 ambitioni
1551 1553 1832 1607 studebant
1854 1555 1959 1620 illi;

378 1627 458 1695 (α)
490 1627 745 1698 [nihilque
790 1641 985 1700 praeter
1023 1633 1126 1687 hoc
1155 1635 1207 1687 in
1241 1635 1465 1694 Platone
1493 1639 1844 1698 admiratione
1887 1645 1961 1700 di-

382 1734 538 1785 gnum
559 1721 807 1794 videtur.]
829 1726 903 1778 Ac
925 1727 1372 1794 quemadmodum
1391 1732 1434 1785 si
1451 1735 1692 1801 sepulcra
1719 1739 1957 1794 exterius

377 1808 623 1865 dealbata
653 1816 944 1883 aperueris,
978 1818 1147 1884 sanie,
1175 1819 1386 1887 foetore,
1415 1827 1788 1898 corruptisque
1813 1832 1952 1884 ossi-

374 1899 475 1954 bus
503 1903 658 1970 plena
682 1904 878 1958 videbis
903 1923 916 1958 :
947 1907 1019 1960 ita
1064 1909 1108 1962 si
1156 1910 1464 1982 philosophi
1491 1915 1736 1986 dogmata
1764 1920 1949 1975 dictio-

371 1993 457 2045 nis
508 2006 696 2050 ornatu
742 1997 1042 2064 nudaveris,
1095 2003 1259 2058 multa
1305 2007 1508 2061 videbis
1557 2010 1951 2070 abominatione

363 2083 554 2151 plena;
588 2087 820 2141 maxime
844 2090 886 2143 si
915 2090 980 2145 de
1009 2093 1185 2146 anima
1219 2095 1642 2167 philosophetur,
1674 2119 1831 2172 quam
1863 2108 1946 2160 tti-

359 2175 467 2229 mio
492 2177 693 2234 honore
732 2181 798 2235 ad
827 2183 1213 2252 blasphemiam
1263 2205 1429 2259 usque
1468 2193 1650 2248 allicit.
1684 2196 1778 2250 llic
1804 2202 1944 2253 enim

357 2267 650 2324 diabolieus
675 2273 898 2342 laqueus
927 2283 1028 2342 est,
1061 2292 1366 2334 mensuram
1398 2298 1656 2352 uusquatn
1688 2302 1903 2342 scrvare
1925 2331 1938 2355 ,

360 2360 454 2414 sed
479 2362 532 2415 in
561 2371 843 2434 utrumque
877 2376 1237 2424 extremorum
1269 2371 1358 2424 illo
1387 2385 1570 2441 captos
1604 2392 1697 2445 per
1727 2394 1939 2447 pravam

359 2451 648 2506 doctrinam
679 2453 967 2512 deducere.
1000 2458 1152 2514 Nunc
1192 2464 1334 2516 enim
1387 2463 1527 2519 illam
1575 2485 1639 2522 ex
1683 2469 1774 2524 Dei
1816 2473 1940 2526 Stib-

353 2547 542 2601 stantia
571 2563 693 2602 esse
720 2549 884 2614 dicit;
918 2566 1057 2606 nunc
1089 2553 1230 2606 illam
1262 2566 1453 2623 prmter
1478 2560 1695 2614 modum
1744 2573 1799 2617 et
1841 2566 1937 2617 im-

353 2641 437 2708 pie
477 2641 671 2694 elatam
699 2683 714 2707 ,
745 2658 842 2711 per
885 2643 1107 2698 alteram
1148 2645 1475 2717 hyperbolen
1509 2651 1777 2722 deturpat,
1808 2655 1934 2710 dum

351 2731 488 2784 illam
520 2732 570 2785 in
605 2747 823 2801 porcos,
847 2735 1044 2801 asinos,
1079 2737 1238 2806 inque
1265 2738 1446 2793 viliora
1477 2729 1761 2801 animantia
1791 2746 1937 2800 indu-

2071 1473 2181 1518 tum
2230 1466 2420 1522 Filium
2474 1471 2592 1537 Dei,
2649 1490 2715 1530 ne
2754 1479 2874 1546 quis
2914 1486 3314 1550 generationem
3348 1466 3655 1558 passibileut

2065 1558 2448 1625 suspicaretur,
2499 1567 2771 1631 prmmissa
2823 1567 2982 1625 Verbi
3025 1577 3388 1644 appellatione
3435 1597 3651 1640 omnem

2069 1646 2203 1699 tollit
2250 1650 2445 1704 ntalam
2489 1655 2868 1724 suspicionem,
2916 1661 3041 1716 dum
3089 1676 3144 1720 et
3193 1667 3386 1724 Filium
3426 1677 3492 1728 ex
3534 1676 3652 1744 ipso

2060 1749 2200 1802 esse,
2233 1745 2288 1793 et
2325 1739 2728 1810 impassihiliter
2763 1747 2957 1806 Filium
2986 1769 3107 1810 esse
3150 1757 3408 1816 declarat.
3460 1739 3647 1822 Viden'

2057 1831 2345 1898 quomodo,
2373 1843 2428 1888 ut
2452 1835 2560 1903 jam
2591 1838 2719 1905 dixi,
2751 1855 2872 1896 cum
2900 1843 2968 1899 de
3001 1846 3137 1901 Filio
3165 1849 3491 1921 loqueretur,
3541 1857 3646 1913 Pa-

2059 1930 2191 1975 trem
2221 1939 2325 1978 non
2355 1927 2560 1980 tacuit?
2581 1930 2732 1996 Quod
2758 1934 2801 1986 si
2833 1934 2944 1989 haec
2965 1951 3070 1991 non
3094 1941 3221 1994 satis
3250 1943 3358 1996 sint
3387 1946 3451 1998 ad
3481 1955 3644 2004 totam

2054 2026 2166 2066 rem
2193 2013 2592 2083 declarandam,
2627 2035 2694 2076 ne
2725 2024 2954 2079 mireris.
2990 2026 3065 2082 De
3099 2028 3208 2084 Deo
3237 2046 3464 2104 namque
3490 2039 3643 2095 nobis

2055 2115 2136 2158 est
2166 2120 2365 2173 sermo,
2401 2125 2557 2178 quem
2589 2129 2684 2182 pro
2712 2114 2968 2185 dignitate
3009 2136 3182 2192 neque
3225 2124 3424 2194 dicere,
3469 2145 3643 2200 neque

2051 2198 2287 2265 cogitare
2325 2215 2623 2269 possumus.
2656 2205 2780 2261 ldeo
2809 2209 2893 2263 hic
2931 2212 3242 2270 substantia:
3270 2234 3465 2275 nomen
3507 2198 3638 2278 nus-

2050 2302 2206 2355 quam
2236 2293 2426 2358 ponit:
2453 2295 2574 2363 quia
2619 2313 2776 2353 nemo
2823 2310 2995 2368 potest
3023 2303 3202 2361 dicere
3229 2310 3354 2378 quid
3389 2313 3526 2367 Deus
3565 2316 3637 2370 sit

2045 2381 2336 2434 secundum
2383 2385 2733 2442 substantiam
2786 2406 2799 2442 :
2856 2392 3052 2464 ubique
3095 2408 3270 2452 autem
3302 2400 3447 2456 illum
3476 2403 3632 2460 nobis

2043 2482 2109 2522 ex
2154 2473 2404 2536 operibus
2450 2473 2802 2532 demonstrat.
2850 2481 3121 2552 Siquidem
3150 2485 3252 2541 hoc
3284 2490 3514 2546 Verbum
3547 2496 3628 2548 vi-

2041 2559 2170 2613 dere
2198 2569 2277 2615 est
2316 2572 2494 2631 postea
2525 2565 2697 2622 lucem
2728 2570 2949 2638 dictant,
3002 2582 3058 2628 et
3087 2575 3256 2631 lucem
3300 2594 3485 2634 rursus
3530 2599 3629 2653 ap-

2040 2651 2224 2722 pellari
2264 2656 2423 2709 vitam
2458 2659 2496 2710 ί.
2532 2659 2714 2730 Neque
2751 2662 2848 2717 hac
2888 2665 3058 2720 solum
3087 2667 3154 2721 de
3191 2684 3348 2724 causa
3377 2674 3454 2727 sic
3483 2674 3628 2730 illutn

2039 2745 2249 2798 vocavit
2281 2765 2292 2798 :
2327 2747 2418 2801 sed
2446 2748 2557 2804 haec
2586 2752 2755 2818 prima
2784 2769 2942 2808 causa
2972 2766 3053 2811 est
3083 2759 3338 2827 secunda,
3363 2764 3485 2832 quia
3509 2781 3628 2833 qua:

2036 2832 2208 2888 Patris
2247 2845 2402 2890 erant
2447 2841 2597 2892 nobis
2619 2852 2736 2895 erat
2765 2846 3138 2912 nuntiaturus;
3190 2866 3311 2903 nam
3351 2852 3424 2906 ait
3457 2871 3469 2906 :
3503 2853 3627 2908 0m-

2035 2928 2121 2978 nia
2166 2945 2280 2996 quae
2325 2931 2496 2984 audivi
2534 2949 2564 2984 a
2594 2932 2774 3000 Patre,
2821 2941 3118 2993 annuntiavi
3154 2943 3290 2998 vobis
3328 2944 3502 3015 (Joan.
3537 2947 3624 3003 i5.

2034 3017 2146 3084 15).
2194 3018 2362 3074 Vocat
2410 3033 2586 3076 autem
2632 3025 2778 3078 illuttt
2815 3038 2870 3080 et
2923 3027 3082 3083 vitam
3126 3040 3179 3084 et
3224 3033 3395 3088 lucem
3442 3055 3454 3089 :
3497 3052 3618 3090 nam

2031 3107 2352 3174 cognitionis
2380 3109 2551 3163 lucem
2595 3113 2746 3165 nobis
2783 3115 2949 3178 dedit,
2984 3126 3036 3169 et
3062 3133 3124 3170 ex
3157 3120 3274 3173 luce
3315 3123 3498 3176 vitam.
3563 3125 3619 3180 In

2030 3208 2238 3250 summa
2271 3212 2375 3250 non
2411 3214 2572 3252 unum
2603 3217 2818 3266 nomen,
2869 3219 2975 3258 non
3019 3208 3147 3272 duo,
3204 3225 3306 3264 non
3352 3213 3470 3278 tria,
3513 3231 3618 3270 noa

2030 3288 2177 3358 plura
2200 3289 2328 3344 satis
2357 3301 2479 3344 sunt
2506 3291 2572 3346 ad
2602 3308 2664 3347 ea
2692 3311 2810 3364 ane
2837 3296 3000 3350 Demn
3029 3311 3274 3367 Spectant
3299 3303 3570 3361 educenda
3603 3327 3617 3362 :

2026 3379 2121 3433 sed
2150 3380 2441 3449 optandum
2467 3390 2572 3448 est,
2616 3394 2674 3439 ut
2702 3387 2862 3439 etiam
2912 3402 3008 3457 per
3051 3391 3218 3446 multa
3267 3393 3348 3448 vel
3387 3394 3616 3454 obscure

2024 3472 2291 3540 possimus
2316 3488 2376 3528 ea
2407 3490 2527 3544 quae
2554 3475 2620 3530 ad
2648 3477 2816 3532 Deum
2857 3490 3101 3548 spectant
3143 3486 3448 3554 complecti.
3497 3489 3614 3545 Non

2021 3571 2199 3619 autem
2231 3566 2546 3636 simpliciter
2577 3567 2809 3623 Verbum
2841 3573 3142 3640 appellavit,
3201 3575 3296 3630 sed
3328 3592 3448 3631 cum
3480 3583 3612 3633 arti-

2019 3655 2125 3709 culi
2152 3654 2451 3724 adjectione
2475 3671 2504 3709 a
2532 3657 2757 3727 reliquis
2790 3659 2962 3728 ipsum
2989 3663 3258 3718 distinxit.
3291 3665 3476 3722 Viden’
3524 3686 3610 3724 me

2020 3762 2124 3800 non
2154 3746 2346 3802 frustra
2375 3748 2577 3805 dixisse
2603 3749 2745 3806 hunc
2773 3754 3154 3824 evangelistam
3186 3758 3340 3812 nobis
3370 3759 3439 3814 de
3471 3762 3607 3815 caalo

2019 3836 2200 3907 loqui?
2230 3839 2611 3896 Animadverte
2641 3843 2807 3908 enim,
2856 3860 2963 3914 quo
3001 3847 3342 3905 sublimitatis
3369 3852 3547 3904 statim
3577 3868 3608 3907 a

2016 3928 2275 3996 principio
2327 3929 2631 3985 auditorum
2681 3943 2914 3989 mentem
2960 3945 3013 3990 et
3061 3940 3292 3994 animant
3339 3945 3599 3999 evexerit.

2014 4016 2300 4088 Postquam
2330 4019 2471 4073 enim
2503 4021 2645 4075 illam
2676 4038 2834 4092 supra
2868 4027 3045 4080 omnia
3075 4044 3194 4097 qua:
3238 4030 3338 4085 sub
3381 4048 3598 4088 sensmn

2011 4110 2228 4175 cadunt,
2277 4125 2438 4179 supra
2492 4121 2712 4179 terram,
2764 4131 2932 4182 mare,
2963 4121 3152 4172 caelum
3182 4124 3386 4185 evexit,
3437 4125 3596 4180 etiam

2009 4215 2167 4268 supra
2195 4199 2509 4265 Cherubim,
2562 4202 2868 4270 Scrapbim,
2925 4205 3194 4272 Tltronos,
3240 4209 3594 4281 Principatns,

2008 4289 2328 4356 l‘otestates,
2375 4305 2534 4358 supra
2590 4307 2803 4346 omnem
2855 4294 3084 4365 denique
3124 4308 3420 4354 creaturattt
3454 4303 3595 4360 incc~

2004 4380 2133 4436 dere
2199 4383 2386 4436 suasit.
2439 4383 2576 4449 Quid
2606 4385 2806 4453 igitur?
2846 4402 2910 4442 an
2943 4399 3220 4459 postquam
3254 4409 3354 4449 nos
3379 4397 3442 4450 ad
3475 4405 3593 4452 tan-

2004 4481 2110 4528 tam
2160 4474 2543 4530 sublimitatem
2593 4477 2842 4547 deduxit,
2889 4481 2957 4535 ibi
3006 4497 3102 4536 nos
3141 4484 3332 4541 sistere
3373 4490 3590 4556 potuit?

2000 4563 2343 4634 Nequaquam
2369 4582 2384 4631 ;
2426 4567 2520 4622 sed
2547 4570 2770 4638 perinde
2795 4587 2857 4626 ac
2877 4572 2924 4628 si
2945 4575 3062 4642 quis
3088 4583 3316 4631 stantem
3349 4579 3413 4632 ad
3444 4579 3590 4634 littus

2002 4657 2181 4720 maris.
2230 4673 2294 4713 ac
2329 4661 2703 4730 respicientem
2747 4665 2930 4732 urbes,
2980 4681 3124 4734 oras,
3175 4677 3393 4736 portus;
3441 4682 3587 4740 post-

1997 4765 2156 4818 quam
2185 4751 2235 4805 in
2264 4751 2496 4807 medimn
2525 4755 2743 4824 pelagus
2766 4755 3067 4820 adduxerit,
3101 4773 3130 4812 a
3162 4760 3427 4829 prioribus
3459 4765 3582 4834 qui-

1995 4841 2117 4896 dem
2164 4844 2382 4908 amovit,
2435 4853 2491 4898 at
2533 4847 2767 4914 aspectui
2800 4847 2917 4915 ejus
2951 4849 3206 4904 terminos
3235 4867 3340 4905 non
3371 4861 3543 4921 posuit
3565 4895 3579 4918 ,

1993 4932 2085 4986 sed
2110 4933 2427 4988 immensum
2457 4934 2555 5000 ipsi
2588 4937 2948 5005 spectaculum
2973 4936 3122 4992 dedit
3169 4957 3182 4993 :
3228 4941 3306 4996 sic
3335 4951 3390 4995 et
3417 4959 3580 4998 evan.

1992 5022 2179 5090 gelista
2226 5032 2505 5093 postquam
2555 5040 2653 5078 nos
2701 5040 2860 5094 supra
2889 5041 3102 5082 omnem
3154 5040 3456 5084 creaturam
3488 5033 3572 5085 itt-

1989 5113 2158 5176 duxit,
2192 5123 2246 5168 et
2285 5114 2350 5168 ad
2393 5116 2666 5182 superiora
2692 5119 2952 5172 creaturis
2985 5121 3177 5175 Stccula
3206 5122 3368 5184 misit,
3404 5123 3573 5178 subli-

1991 5221 2129 5258 mem
2159 5207 2371 5260 oculum
2404 5207 2598 5260 mentis
2622 5207 2893 5278 relinquit,
2946 5213 3034 5280 qni
3077 5213 3284 5266 nullum
3317 5212 3476 5267 linem
3515 5216 3567 5269 in

1985 5296 2232 5365 supernis
2271 5297 2532 5363 attingere
2575 5298 2767 5365 possit,
2800 5314 2865 5352 eo
2895 5300 3036 5371 quod
3073 5301 3252 5357 nullus
3298 5301 3385 5356 sit.
3431 5302 3567 5356 Natu

1985 5389 2072 5442 tibi
2121 5389 2186 5442 ad
2229 5388 2546 5457 principium
2594 5389 2835 5444 ascendit
2885 5394 3042 5458 ratio,
3094 5395 3286 5462 qutcrit
3327 5393 3452 5463 qttid
3499 5393 3571 5445 sit

1984 5479 2109 5534 illud
2161 5480 2472 5549 principium
2521 5499 2533 5534 :
2583 5481 2778 5536 deinde
2823 5483 2911 5538 ubi
2943 5485 3092 5549 illud,
3143 5485 3288 5550 Erat,
3342 5483 3562 5549 reperit,

347 2826 434 2877 cit.
466 2823 570 2878 Sed
603 2824 724 2879 haec
761 2827 894 2878 satis
935 2840 1126 2894 sunto;
1154 2829 1261 2883 imo
1291 2830 1425 2884 ultra
1475 2834 1689 2889 ntodum
1736 2836 1805 2892 de
1849 2838 1931 2893 his

345 2916 718 2979 disseruimus.
748 2923 803 2978 Si
826 2924 952 2994 quid
983 2926 1122 2980 enim
1154 2927 1283 2982 utile
1305 2928 1370 2982 ab
1400 2929 1502 2984 illis
1534 2931 1696 2988 edisci
1727 2943 1926 3000 posset,

347 3010 580 3078 pluribus
624 3014 692 3068 iis
739 3014 988 3071 insistere
1034 3019 1392 3085 oportuisset;
1441 3021 1522 3075 sin
1569 3038 1695 3077 vero
1723 3032 1925 3079 tantmn

347 3114 594 3172 quantum
632 3106 700 3158 ad
728 3121 917 3162 eorum
964 3107 1336 3164 declarandam
1384 3113 1771 3180 turpitudinem
1799 3117 1928 3169 satis

344 3204 505 3262 esset,
533 3196 825 3252 dicendum
857 3201 1111 3269 oportuit,
1147 3200 1260 3255 lucc
1290 3202 1406 3270 plus
1429 3217 1586 3271 quam
1623 3204 1752 3257 satis
1781 3214 1923 3258 sunt.

349 3285 518 3352 Quare
547 3289 720 3344 missis
751 3290 962 3344 illorum
992 3290 1184 3345 fabulis
1212 3334 1225 3355 ,
1255 3292 1365 3359 jam
1397 3300 1576 3347 nostra
1602 3295 1924 3364 attingamus

349 3378 580 3446 dogmata
601 3421 616 3443 ,
646 3396 764 3449 qua:
806 3381 959 3434 nobis
1000 3396 1093 3450 per
1132 3381 1352 3450 hujusce
1384 3383 1663 3452 piscatoris
1687 3383 1921 3455 linguam

341 3471 404 3525 de
426 3473 557 3526 catlo
584 3474 817 3527 demissa
847 3482 1004 3538 sunt,
1039 3489 1264 3544 quteque
1316 3474 1448 3528 nihil
1496 3475 1692 3530 habent
1731 3476 1919 3551 huma-

339 3577 478 3616 num.
514 3567 627 3633 Age
659 3581 788 3635 ergo
812 3606 824 3629 ,
855 3565 967 3619 hmc
1001 3566 1136 3620 dicta
1167 3567 1216 3620 in
1253 3566 1483 3620 medium
1513 3566 1799 3622 all'eramtts
1819 3609 1832 3632 ,
1865 3577 1919 3622 et

337 3665 389 3708 ut
411 3657 561 3710 initio
593 3656 793 3711 hortati
821 3671 1025 3722 sumus,
1053 3658 1211 3712 dictis
1240 3672 1360 3712 esse
1387 3658 1786 3722 attendendum,
1816 3659 1916 3713 hoc

332 3761 471 3800 nunc
501 3747 697 3801 iterum
724 3763 1022 3802 monemus.
1047 3746 1183 3814 Quid
1211 3763 1338 3819 ergo
1359 3749 1506 3802 initio
1533 3748 1662 3803 dicit
1689 3763 1918 3818 evange-

330 3837 490 3892 lista?
536 3841 586 3894 l.
638 3838 706 3892 lu
756 3841 1003 3910 principio
1033 3850 1138 3895 erat
1177 3839 1412 3910 Verbum,
1461 3850 1507 3896 et
1549 3841 1760 3896 Verbum
1807 3852 1914 3896 erat

327 3932 460 3999 apud
488 3932 676 3986 Deum.
705 3933 952 3988 Vidistin‘
982 3935 1227 3989 ﬁduciam
1255 3944 1308 3990 et
1352 3936 1454 3990 vim
1485 3936 1767 3992 verborum
1798 3954 1910 3991 ma-

324 4026 567 4079 ximam?
609 4026 878 4096 quomodo
921 4017 1051 4081 nihil
1093 4027 1380 4092 dubitans,
1414 4027 1542 4081 nihil
1587 4028 1904 4097 conjiciens,

323 4119 410 4172 sed
443 4120 627 4172 omnia
655 4117 970 4172 allirmantis
1013 4134 1161 4173 more
1193 4119 1479 4189 loquatur?
1505 4119 1616 4173 lloc
1649 4129 1730 4174 est
1763 4123 1904 4175 enim

321 4209 588 4274 doctoris,
627 4225 738 4264 non
763 4211 1013 4266 vacillare
1043 4212 1095 4265 itt
1125 4212 1190 4264 iis
1219 4228 1337 4279 qua:
1378 4212 1591 4280 prol'ert.
1626 4213 1756 4266 Nam
1783 4213 1825 4267 si
1860 4213 1904 4268 is

320 4303 402 4371 qui
432 4304 571 4357 alios
603 4304 869 4368 instituit,
897 4304 1065 4358 altero
1091 4319 1224 4372 opus
1256 4303 1446 4358 habeat
1467 4346 1481 4371 ,
1515 4305 1602 4374 qui
1633 4305 1769 4361 dicta
1806 4320 1901 4360 sua

319 4393 639 4448 conﬁrmare
669 4395 834 4462 possit
859 4435 873 4457 ,
903 4410 1009 4447 non
1054 4394 1329 4447 doctorum
1351 4435 1367 4458 ,
1397 4395 1491 4448 sed
1521 4395 1898 4463 discipulorum

317 4486 553 4539 ordinem
572 4486 697 4555 jure
718 4485 973 4542 obtineat.
994 4486 1049 4541 Si
1076 4488 1194 4556 quis
1218 4503 1344 4542 vero
1373 4487 1584 4551 dixerit,
1602 4488 1708 4543 Cur
1731 4489 1897 4556 prima

315 4577 503 4629 omissa
533 4591 718 4641 causa,
751 4577 926 4630 statim
969 4576 1121 4630 nobis
1148 4577 1214 4632 de
1247 4580 1476 4633 secunda
1504 4578 1760 4632 disserit?
1789 4580 1898 4649 pri-

315 4681 449 4720 mum
479 4677 536 4721 et
561 4669 858 4722 secundum
890 4670 974 4723 hic
997 4669 1178 4724 dicere
1205 4671 1570 4726 rccusabimus
1603 4690 1615 4726 :
1645 4671 1894 4728 divinitas

310 4762 442 4812 enim
472 4770 528 4813 et
557 4776 783 4816 numero
809 4771 863 4816 et
890 4770 1187 4830 temporum
1229 4766 1606 4835 consequentia
1649 4766 1893 4834 superior

307 4861 401 4904 est.
434 4851 670 4922 Ideoque
714 4852 794 4906 his
833 4853 1152 4922 repudiatis,
1201 4854 1408 4910 Patrem
1454 4856 1772 4912 confitemur
1816 4872 1888 4913 ex

306 4943 444 4994 nullo
476 4959 621 5003 esse.
655 4943 952 5015 Filinmque
979 4962 1044 5000 ex
1075 4946 1233 5000 Patre
1261 4957 1464 5003 natum.

367 5034 418 5087 6.
462 5033 566 5088 Cur
595 5033 843 5101 Joannes,
883 5038 1057 5090 relicto
1113 5035 1306 5101 Patre,
1357 5039 1419 5092 de
1462 5037 1599 5094 Filio
1647 5040 1881 5094 disserat.

305 5119 667 5178 Describuntur
712 5126 962 5195 sapientia
1025 5137 1073 5180 et
1123 5129 1407 5182 sublimitas
1451 5131 1784 5200 evangelium.
1813 5159 1884 5172 -ο

303 5212 480 5280 Recte,
517 5217 726 5286 inquies
758 5237 771 5270 :
802 5235 984 5274 verum
1017 5236 1114 5275 cur
1156 5222 1347 5275 relicto
1397 5223 1573 5289 Patre,
1624 5225 1692 5279 de
1746 5225 1880 5280 Filio

299 5303 546 5359 disserit?
581 5308 716 5376 Quia
746 5309 835 5364 ille
867 5313 1114 5381 cognitus
1139 5313 1386 5366 omnibus
1414 5323 1550 5378 erat,
1593 5315 1637 5368 si
1675 5331 1779 5369 non
1823 5325 1879 5371 ut

300 5392 469 5458 l'ater.
498 5398 688 5452 saltem
720 5410 777 5453 ut
800 5399 937 5454 Deus
973 5419 984 5450 :
1019 5399 1334 5471 Unigenitus
1355 5419 1481 5457 vero
1512 5405 1869 5474 ignorabatur.

300 5482 523 5553 Ideoque
551 5488 669 5558 jure
699 5505 728 5543 a
762 5492 1021 5561 principio
1051 5494 1228 5547 statim
1258 5493 1373 5563 ejus
1405 5495 1644 5550 notitiam
1691 5496 1874 5553 indere

2047 5594 2061 5623 ι
2099 5591 2261 5641 Morel.
2304 5593 2432 5642 hunc
2474 5593 2630 5644 locum
2665 5595 2734 5643 sic
2767 5595 3054 5646 habet.......
3099 5604 3143 5645 (ι
3186 5597 3338 5648 lucem
3385 5604 3558 5640 rursus

353 5638 432 5700 (tt)
460 5653 575 5699 qua:
600 5645 789 5696 uncinis
805 5646 1106 5710 clauduntur,
1133 5649 1270 5699 savil.
1298 5651 1346 5702 in
1380 5652 1601 5712 margine
1621 5648 1804 5712 posuit.
1978 5638 2408 5717 appellarit-litant—
2445 5663 2489 5706 et
2513 5655 2656 5707 vitam
2685 5655 2844 5707 vocari
2881 5659 3145 5708 ceritatem.
