4000 6210
600 300 671 358 55
1340 287 1396 342 S.
1412 319 1417 324 ι
1435 281 1715 341 JOANNIS
1752 276 2180 336 CllllYSOSTOi

1579 281 1715 339 \‘NIS
1752 272 2226 336 CllllYSOSTOill
2265 271 2579 330 ARCHIEP.
2628 270 3159 331 GONSTANTINOP.

602 421 818 478 semper
843 402 1065 459 ulterius
1095 409 1274 458 mente
1297 397 1616 470 procedens,
1663 395 1750 450 ubi
1795 392 2175 464 cogitationem

603 499 761 556 sistat
793 512 899 551 non
942 494 1102 549 habet
1145 512 1161 546 ε
1209 489 1305 547 sed
1356 489 1559 544 intente
1593 485 1907 556 respiciens.
1931 497 2050 536 cum
2079 489 2187 535 ter-

500 614 503 617 ·
604 591 809 647 minum
850 602 957 642 non
1007 585 1262 655 reperiat,
1307 580 1554 636 defessus
1597 592 1809 634 rursum
1836 574 1904 631 ad
1934 572 2187 629 inferiora

605 678 904 737 descendit.
953 675 1085 733 Illud
1112 675 1280 741 enim,
1329 671 1396 726 In
1437 670 1687 741 principio
1713 676 1840 733 erat,
1887 665 2018 721 nihil
2046 661 2189 719 aliud

606 772 895 844 significat,
921 784 1081 839 quam
1123 765 1264 838 quod
1300 779 1515 834 semper
1542 761 1723 826 fuerit,
1761 766 1817 814 et
1840 766 2074 813 aeternus
2099 755 2186 810 sit.

609 864 800 920 Viden‘
855 876 1038 917 veram
1095 856 1520 929 philosophiam,
1576 863 1631 908 et
1683 851 1862 907 divina
1901 849 2188 919 dogmata,

609 971 718 1010 non
748 953 928 1025 qualia
955 950 1290 1017 Graecorum,
1342 946 1432 1018 qui
1474 954 1714 1014 tempora
1757 942 2108 1002 constituunt,
2139 947 2195 994 et

610 1043 744 1100 deos
771 1044 908 1099 alios
933 1042 1203 1107 seniores,
1243 1039 1381 1093 alios
1416 1036 1659 1107 iuniores
1700 1033 1923 1088 dicunt?
1955 1033 2025 1087 At
2063 1029 2194 1085 nihil

611 1135 752 1207 apud
796 1149 897 1190 nos
938 1133 1132 1188 simile.
1182 1130 1241 1185 Si
1288 1129 1431 1184 enim
1474 1128 1611 1181 Deus
1640 1134 1747 1190 est,
1788 1133 1848 1177 ut
1876 1137 2061 1179 revera
2088 1130 2189 1186 est,

611 1226 745 1282 nihil
771 1234 856 1282 est
880 1235 1007 1279 ante
1036 1222 1227 1286 illum;
1273 1219 1319 1275 si
1349 1217 1569 1272 Creator
1612 1214 1872 1276 omnium,
1924 1213 2039 1281 ipse
2082 1211 2195 1280 pri-

613 1334 735 1374 mus
761 1324 848 1372 est
873 1333 889 1382 ;
941 1315 986 1370 si
1020 1312 1275 1367 Dominus
1297 1318 1349 1364 et
1375 1308 1685 1362 dominator
1709 1303 1970 1364 omnium,
2017 1300 2197 1357 omnia

612 1416 736 1478 post
774 1406 948 1476 ipsum
989 1411 1134 1467 sunt,
1177 1409 1233 1455 et
1279 1397 1491 1467 opificia
1521 1404 1576 1451 et
1616 1392 1833 1449 saecula.
1857 1390 2113 1447 Volebam
2145 1391 2197 1444 in

616 1498 718 1553 alia
747 1494 1042 1553 certamina
1071 1489 1420 1554 descendere,
1451 1486 1546 1542 sed
1566 1486 1797 1540 fortasse
1823 1483 2021 1538 fatiscit
2047 1481 2200 1536 vobis

623 1590 861 1646 animus.
891 1587 1070 1653 Quare
1099 1592 1219 1654 post
1259 1580 1502 1650 quaedam
1549 1577 1775 1639 monita,
1807 1590 1928 1645 qua:
1958 1572 2108 1628 vobis
2132 1570 2201 1625 ad

618 1682 886 1736 dictorum
918 1686 974 1731 et
998 1674 1347 1731 dicendorum
1374 1680 1591 1740 captum
1629 1675 1786 1721 erunt
1815 1665 1987 1730 utilia,
2041 1663 2199 1717 linem

618 1769 830 1826 dicendi
857 1766 1069 1822 faciam.
1101 1765 1354 1831 Quaenam
1384 1761 1542 1830 igitur
1570 1772 1631 1812 ea
1659 1755 1830 1812 sunt?
1855 1753 1980 1810 Scio
2006 1754 2203 1808 multos

618 1860 881 1916 dictorum
909 1854 1296 1926 longitudinem
1330 1850 1591 1905 fastidire.
1639 1847 1751 1902 lloc
1789 1861 1917 1900 vero
1951 1853 2079 1899 tunc
2122 1843 2200 1907 fit,

618 1965 742 2006 cum
785 1950 962 2003 anima
1012 1946 1201 2002 multis
1253 1942 1598 1998 stecularibus
1661 1940 1805 1993 curis
1872 1937 2204 2007 sarcinisque

621 2039 883 2094 obruitur.
912 2036 1062 2093 Sicut
1109 2036 1254 2091 enim
1300 2033 1465 2095 visus,
1515 2030 1641 2085 dum
1683 2044 1846 2099 purus
1887 2028 2204 2097 lucidusquc

623 2140 729 2197 est,
783 2139 940 2183 acute
982 2126 1145 2190 videt,
1195 2139 1369 2195 neque
1413 2122 1617 2177 laborat
1642 2135 1764 2175 cum
1790 2119 1876 2175 vel
1898 2118 2206 2174 tenuissima

624 2233 847 2289 corpora
892 2217 1147 2287 perspicit
1196 2234 1210 2271 :
1257 2213 1472 2285 quando
1511 2220 1691 2266 autem
1734 2210 1801 2265 de
1828 2210 2005 2279 capite
2039 2209 2211 2264 malus

627 2311 820 2363 humor
849 2308 1042 2376 aliquis
1070 2305 1273 2369 defluit,
1306 2303 1388 2358 vel
1423 2303 1587 2357 densa
1627 2301 1870 2372 quaedam
1901 2301 2114 2368 nebula,
2143 2317 2208 2358 ex

627 2397 825 2452 infhnis
848 2397 1085 2466 partibus
1108 2395 1427 2456 ascendens,
1451 2401 1576 2448 ante
1603 2391 1858 2462 pupillam
1884 2392 2110 2459 sistitur,
2143 2407 2212 2447 ne

626 2489 892 2543 crassiora
937 2487 1155 2557 quidem
1196 2489 1340 2542 clare
1382 2485 1689 2556 perspicere
1716 2491 1890 2553 potest
1922 2500 1936 2536 :
1964 2484 2044 2539 sic
2078 2484 2209 2539 etin

627 2580 807 2634 anima
837 2579 1116 2650 contingit.
1164 2577 1294 2634 Cum
1340 2578 1485 2633 enim
1514 2586 1833 2647 expurgata,
1870 2576 2018 2630 nullo
2045 2576 2210 2631 animi

631 2669 824 2725 morbo
868 2669 1131 2737 turbatur,
1178 2677 1331 2723 acute
1363 2666 1602 2723 intuetur
1624 2682 1687 2723 ea
1714 2682 1832 2737 quae
1857 2665 2040 2722 videre
2078 2680 2214 2735 opus

631 2768 754 2825 est;
794 2775 916 2814 cum
948 2775 1110 2831 porro
1149 2760 1332 2814 multis
1374 2757 1571 2815 foedata
1619 2758 1916 2824 affectibus,
1962 2759 2212 2814 virtutem

622 2850 912 2920 pristinam
955 2851 1215 2915 amiserit,
1265 2866 1369 2905 non
1402 2849 1557 2905 facile
1584 2859 1756 2921 potest
1784 2851 2030 2906 sublimia
2057 2852 2217 2907 attin-

632 2956 762 3013 gere
807 2960 824 2998 :
868 2941 964 2997 sed
1010 2942 1189 2997 statim
1226 2942 1422 2996 fatiscit
1459 2950 1514 2997 et
1546 2941 1767 3005 decidit,
1796 2952 1851 2995 et
1875 2942 1943 2995 ad
1969 2956 2214 2996 somnum

635 3033 1014 3103 ignaviamque
1056 3031 1311 3098 declinat,
1354 3041 1513 3102 atque
1538 3048 1622 3095 ea,
1653 3047 1773 3102 quae
1801 3030 1869 3086 ad
1891 3034 2139 3087 virtutem
2165 3041 2220 3087 et

637 3125 806 3180 vitam
850 3125 1072 3195 probam
1123 3125 1425 3196 pertinent,
1476 3123 1868 3194 praetermittit,
1915 3138 2089 3192 neque
2130 3123 2219 3179 illa

636 3215 921 3289 diligenter
947 3215 1079 3271 adit.

707 3309 762 3366 5.
794 3306 1059 3373 Quomodo
1087 3314 1135 3360 et
1154 3320 1309 3375 quare
1328 3305 1530 3358 animus
1560 3304 1697 3358 omni
1721 3303 1997 3372 cupiditate
2023 3312 2222 3358 terrena

636 3414 824 3454 vacuus
855 3398 967 3461 fieri
996 3395 1171 3451 debeat
1199 3396 1270 3450 ad
1293 3394 1632 3465 euangelicum
1658 3394 1943 3448 doctrinam
1972 3403 2106 3448 recte
2140 3396 2222 3449 ia-

639 3489 983 3561 telligendam.
1033 3487 1182 3541 Liber
1221 3486 1439 3540 Joannis
1481 3492 1673 3555 quanta
1709 3501 1825 3538 cum
1851 3486 2127 3540 attentione
2150 3485 2224 3541 le-

637 3581 851 3651 gendus.
897 3577 1113 3632 Moralis
1141 3577 1429 3633 exhortatio
1457 3577 1526 3630 ad
1554 3586 1687 3631 recte
1718 3577 2051 3632 audiendum.
2108 3576 2221 3632 Ne-

640 3671 802 3742 quilla
828 3685 892 3724 ea:
919 3668 1128 3722 arbitrio
1155 3676 1200 3722 et
1226 3666 1500 3721 voluntate.
1527 3696 1597 3706 —
1625 3666 1780 3733 Quod
1810 3682 1877 3721 ne
1904 3667 2058 3722 vobis
2083 3668 2226 3723 acci-

641 3762 735 3817 dat
762 3762 959 3832 (neque
985 3760 1128 3815 enim
1151 3759 1266 3813 haec
1289 3757 1500 3813 dicendi
1529 3756 1690 3813 finem
1720 3758 1958 3828 faciam),
1983 3767 2221 3814 vestrum

642 3853 894 3908 roborate
916 3852 1176 3915 animum,
1224 3858 1282 3904 ut
1319 3864 1385 3905 ne
1414 3849 1599 3904 eadem
1629 3850 1877 3916 audiatis,
1902 3866 2021 3921 qua:
2049 3850 2225 3905 fideli~

640 3945 742 4000 bus
769 3943 1016 3998 Hebraeis
1039 3957 1069 3996 a
1098 3941 1263 3996 Paulo
1285 3940 1427 3996 dicta
1455 3949 1597 3994 sunt.
1643 3939 1776 3995 Nam
1823 3943 1929 3995 illis
1966 3942 2221 4011 grandem

645 4035 775 4090 dicit
801 4049 922 4091 esse
948 4049 1253 4091 sermonem
1301 4042 1358 4088 et
1400 4033 1749 4102 interpretatur
1775 4033 2083 4090 difficilem:
2117 4049 2223 4089 non

644 4126 788 4196 quod
815 4136 1005 4181 natura
1031 4139 1127 4179 sua
1158 4125 1277 4179 talis
1303 4134 1467 4190 esset,
1495 4124 1592 4180 sed
1617 4124 1762 4194 quia,
1803 4124 2001 4195 inquit,
2054 4124 2224 4181 Imbe-

643 4217 784 4273 ciffes
807 4218 929 4293 [arti
955 4216 1075 4272 estis
1101 4216 1170 4271 ad
1197 4216 1504 4270 audiendum
1532 4215 1716 4286 (Hebr.
1747 4217 1801 4273 5.
1834 4216 1945 4289 ll).
1977 4217 2110 4273 Nam
2133 4218 2224 4287 qui

646 4309 948 4365 imbecillus
973 4317 1057 4365 cst
1084 4318 1139 4363 et
1167 4306 1430 4375 inrmus,
1464 4307 1689 4379 perinde
1714 4308 1859 4364 brevi
1889 4317 2048 4381 atque
2070 4311 2225 4382 longa

647 4400 888 4455 oratione
929 4399 1192 4464 turbatur,
1234 4407 1288 4453 et
1333 4414 1454 4467 qua:
1492 4399 1637 4455 clara
1683 4399 2036 4469 expeditaque
2076 4412 2222 4467 sunt,

646 4501 808 4561 captu
831 4490 1064 4546 difficilia
1090 4490 1397 4546 arbitratur.
1413 4488 1611 4546 Verum
1640 4492 1819 4546 nullus
1841 4492 1927 4546 hic
1953 4493 2072 4548 talis
2085 4504 2224 4562 esto,

645 4583 741 4639 sed
763 4583 907 4638 omni
945 4581 1168 4653 depulsa
1207 4582 1390 4638 saeculi
1416 4596 1566 4647 cura,
1594 4583 1821 4653 quisque
1857 4585 1992 4640 hanc
2020 4585 2226 4642 doctri-

648 4688 771 4728 nam
812 4672 1013 4728 audiat.
1061 4672 1196 4728 Cum
1225 4672 1366 4727 enim
1397 4672 1613 4727 auditor
1649 4676 1992 4743 pecuniarum
2023 4678 2229 4749 cupidi-

646 4773 758 4818 tate
783 4771 1015 4829 tenetur,
1058 4777 1165 4818 non
1192 4770 1367 4833 potest
1393 4772 1541 4817 certe
1569 4762 1759 4833 cupide
1787 4764 2013 4831 audire;
2054 4781 2228 4836 neque

645 4854 788 4910 enim
812 4861 987 4923 potest
1004 4855 1181 4908 anima
1209 4869 1308 4908 una
1337 4854 1518 4908 multis
1546 4854 1791 4909 sufficere
1815 4855 2224 4925 cupiditatibus;

649 4944 744 4999 sed
775 4944 875 4998 alia
918 4944 1073 4997 aliam
1103 4944 1449 5014 cupiditatem
1483 4945 1652 5012 pellit,
1698 4954 1753 5000 et
1792 4946 2013 5001 discissa
2048 4949 2225 5004 anima

649 5034 911 5089 infirmior
958 5035 1154 5100 evadit,
1200 5035 1328 5090 dum
1373 5035 1539 5090 altera
1585 5037 1881 5106 praevalens
1925 5040 2223 5108 cupiditas,

651 5133 819 5178 totum
849 5125 914 5179 ad
941 5141 1000 5181 se
1040 5125 1222 5180 trahit.
1253 5126 1403 5193 Quod
1434 5127 1594 5182 etiam
1622 5128 1674 5183 iu
1706 5128 1891 5186 liberis
1914 5133 2226 5203 contingere

647 5217 804 5270 Solet.
827 5215 958 5271 Nam
985 5232 1106 5271 cum
1139 5233 1299 5272 unum
1333 5226 1534 5272 tantum
1563 5220 1681 5289 quis
1706 5218 1887 5287 habet,
1916 5237 2036 5276 eum
2064 5239 2225 5294 supra

651 5307 867 5361 modum
908 5319 1092 5372 amat;
1137 5324 1256 5365 cum
1298 5311 1514 5374 multos,
1547 5311 1747 5367 divisus
1774 5328 1926 5368 amor
1956 5315 2132 5370 minor
2157 5316 2222 5372 ad

645 5397 884 5466 singulos
910 5399 1157 5454 efficitur.
1182 5400 1333 5468 Quod
1358 5403 1401 5455 si
1433 5403 1520 5457 ubi
1553 5403 1639 5457 illa
1671 5403 1751 5458 vis
1776 5411 1833 5458 et
1861 5418 1958 5459 ceu
1985 5405 2225 5468 tyrannis

645 5501 751 5556 est,
782 5501 942 5561 atque
967 5492 1207 5562 ejusdem
1237 5494 1448 5564 generis
1479 5504 1602 5549 sunt
1629 5495 1663 5550 ii
1690 5496 1779 5566 qui
1808 5495 2118 5567 diliguntur,
2154 5498 2224 5552 ita

649 5580 909 5653 contingit
931 5601 945 5636 :
965 5584 1089 5653 quid
1122 5583 1416 5640 dixerimus
1439 5584 1506 5639 de
1531 5600 1715 5641 amore
1743 5587 1834 5657 qui
1857 5602 1921 5642 ex
1953 5589 2227 5645 voluntate

648 5677 702 5723 et
732 5671 921 5730 affectu
950 5676 1143 5746 prodit,
1193 5676 1423 5733 maxime
1454 5692 1580 5734 vero
1605 5693 1726 5734 cum
1752 5694 1966 5737 amores
1995 5680 2069 5737 illi
2103 5695 2225 5738 sese

2296 398 2480 443 mutuo
2510 387 2819 459 impugnant
2839 388 2866 442 ἲ
2905 386 3215 443 Contuarius
3245 384 3387 438 enim
3417 391 3500 438 est
3528 381 3750 453 pecuniar

2291 495 2445 535 amor
2471 478 2728 534 doctrinae
2759 478 2916 548 hujus
2941 477 3130 532 amori.
3158 474 3217 530 in
3246 476 3435 530 exulum
3464 475 3710 528 intramus
3727 489 3750 526 c

2294 571 2398 627 huc
2427 572 2776 642 ingredimur.
2799 570 2918 625 Non
2946 571 3013 624 de
3045 569 3185 633 loco,
3213 568 3309 623 sed
3332 568 3400 623 de
3427 566 3607 622 aﬂectu
3631 566 3745 636 loqu

2294 674 2471 735 potest
2488 665 2630 720 enim
2658 665 2748 735 qui
2780 664 2832 718 in
2858 672 2999 719 terra
3030 662 3197 732 degit,
3228 661 3282 715 in
3313 660 3446 716 caelo
3471 668 3630 724 stare,
3673 667 3749 712 ett

2295 756 2452 811 lestia
2486 757 2743 824 cogitare,
2793 754 2901 809 imo
2939 754 3144 808 audire.
3176 752 3345 808 Nemo
3388 753 3544 821 igitur
3582 752 3630 804 in
3673 764 3745 804 ea:

2299 857 2507 902 terrena
2551 846 2767 901 inducat
2798 864 2813 898 :
2843 861 3002 900 nemo
3031 845 3156 901 dum
3188 844 3276 899 ltic
3301 853 3562 909 versatur,
3588 842 3651 898 de
3680 858 3738 899 re

2297 939 2514 993 mestica
2538 937 2802 992 sollicitus
2825 937 2914 991 sit.
2941 934 3226 1007 Oporteret
3254 936 3399 991 enim
3424 941 3564 988 lucra
3594 933 3710 987 hinc
3734 933 3749 986 l

2299 1043 2378 1085 sta
2404 1030 2624 1086 domum
2645 1039 2699 1085 et
2725 1030 2779 1085 in
2802 1029 2979 1085 forum
3004 1029 3227 1095 deferri,
3256 1044 3360 1083 non
3385 1038 3560 1082 autem
3594 1026 3750 1081 ecclcs

2299 1119 2612 1176 domesticis
2639 1130 2693 1176 et
2720 1119 3023 1175 forensibus
3048 1119 3276 1175 sarcinis
3305 1118 3534 1188 gravari.
3577 1116 3692 1170 Ideo
3718 1131 3749 1169 ιι

2300 1227 2405 1283 que
2446 1212 2513 1268 ad
2551 1212 2811 1267 doctrina:
2840 1211 3090 1266 thronum
3119 1210 3137 1241 ¹
3167 1208 3513 1279 ingredimur,
3546 1216 3602 1262 ut
3625 1208 3743 1260 hinc

2303 1314 2483 1359 ternas
2526 1303 2644 1357 illas
2690 1303 2878 1358 sordes
2919 1301 3274 1371 deponamus.
3313 1300 3466 1368 Quod
3506 1301 3549 1354 si
3591 1299 3749 1354 debeo

2304 1394 2408 1451 hoc
2437 1395 2706 1450 tantillum
2743 1395 2837 1449 otii
2864 1395 3101 1450 externis
3135 1394 3240 1447 illis
3266 1393 3421 1448 dictis
3442 1401 3495 1447 et
3527 1391 3684 1462 gestis
3726 1393 3750 1445 I:

2302 1485 2524 1552 factare,
2549 1485 2740 1540 melius
2769 1495 2914 1540 esset
2940 1484 3009 1538 ab
3036 1484 3277 1552 ingressu
3305 1498 3523 1552 prorsus
3542 1483 3750 1536 abstinui

2302 1575 2472 1631 Nemo
2497 1577 2655 1645 igitur
2683 1575 2736 1629 in
2762 1574 2989 1629 ecclesia
3018 1589 3105 1628 res
3130 1573 3456 1628 domesticas
3474 1573 3647 1627 animo
3674 1589 3750 1627 vet

2308 1665 2403 1720 sed
2439 1665 2586 1719 domi
2612 1680 2700 1720 res
2729 1666 2971 1720 ecclesiae
2989 1663 3206 1732 cogitet.
3257 1663 3380 1718 llaec
3408 1664 3615 1719 carteris
3637 1679 3750 1717 omn

2306 1756 2463 1810 nobis
2500 1755 2607 1809 sint
2637 1756 2968 1824 pretiosiora.
3001 1754 3126 1809 Haec
3143 1754 3293 1823 enim
3323 1754 3387 1808 ad
3417 1755 3670 1822 anima-ii,
3699 1755 3750 1811 ill

2307 1862 2502 1917 corpus
2538 1848 2844 1917 pertinent;
2893 1846 3002 1900 imo
3042 1862 3161 1916 qua:
3192 1846 3276 1901 hic
3307 1846 3556 1900 dicuntur
3583 1856 3635 1901 et
3671 1861 3750 1900 col

2307 1951 2364 1996 et
2405 1941 2600 1995 animae
2644 1949 2974 2008 competunt.
3017 1938 3140 1993 ideo
3166 1938 3279 1993 ha-c
3308 1939 3457 2008 quasi
3482 1938 3742 2007 prmcipua

2308 2040 2544 2092 ctentur,
2570 2030 2672 2084 alia
2697 2031 2875 2084 omnia
2907 2030 3288 2099 perfunctorie.
3342 2029 3465 2084 llaec
3507 2029 3699 2099 quippe
3726 2044 3750 2083 e

2313 2132 2445 2179 Iurat
2474 2132 2528 2177 et
2549 2122 2830 2191 praesentis
2870 2122 2991 2176 vita:
3032 2130 3197 2176 sunt:
3242 2120 3329 2175 illa
3357 2120 3426 2175 ad
3454 2131 3692 2175 neutram
3721 2136 3750 2190 p

2313 2224 2464 2280 nent,
2511 2215 2615 2269 nisi
2658 2214 2953 2269 secundum
2992 2214 3164 2283 legem
3188 2213 3365 2268 dehis
3398 2214 3621 2284 positam
3657 2224 3750 2267 trat

2317 2313 2422 2361 tur.
2472 2305 2589 2360 Non
2625 2305 2767 2359 enim
2796 2305 2968 2359 Solum
2991 2305 3080 2373 qui
3110 2313 3234 2374 post
3260 2302 3374 2358 haec
3405 2303 3563 2358 futuri
3594 2306 3750 2358 simus

2316 2395 2587 2467 quomodo
2634 2396 2743 2451 illic
2784 2395 3045 2460 vivemus,
3096 2394 3184 2449 hic
3223 2394 3550 2458 ediscimus;
3596 2396 3689 2450 sed
3734 2414 3750 2449 ι

2315 2501 2419 2554 qua
2464 2488 2675 2542 ratione
2718 2486 2808 2542 hic
2846 2486 3001 2541 nobis
3038 2486 3109 2539 sit
3150 2484 3453 2539 vivendum.
3489 2485 3617 2539 Nam
3660 2502 3747 2541 me

2316 2587 2622 2634 mentorum
2671 2577 2883 2632 officina
2933 2575 3224 2645 spiritualis
3268 2574 3461 2630 domus
3503 2575 3621 2631 hmc
3662 2587 3741 2631 est

2316 2686 2436 2742 qua:
2462 2670 2680 2725 vulnera
2710 2669 2838 2724 foris
2864 2668 3178 2737 accipimus,
3212 2667 3298 2722 hic
3322 2683 3605 2733 curemus;
3655 2684 3750 2723 nou

2319 2772 2425 2817 tem
2457 2772 2508 2816 ut
2540 2760 2630 2816 hic
2653 2760 2771 2815 aliis
2795 2759 3034 2829 acceptis
3057 2759 3367 2815 vulneribus
3395 2759 3724 2815 recedamus.

2318 2852 2364 2908 si
2387 2853 2606 2922 Spiritui
2637 2861 2822 2906 sancto
2852 2864 2950 2905 nos
2977 2850 3266 2920 alloquenti
3318 2866 3423 2905 non
3465 2851 3702 2906 animum
3746 2870 3750 2903 :

2318 2943 2565 3010 beamus,
2590 2959 2694 2999 non
2721 2942 2882 2998 modo
2909 2944 3083 3013 priora
3108 2951 3322 3012 peccata
3345 2959 3450 2998 non
3477 2944 3750 3000 ablttemus

2320 3036 2483 3091 etiam
2522 3036 2624 3090 alia
2667 3035 3032 3091 admittemus.
3084 3035 3216 3091 lluic
3267 3036 3426 3106 igitur
3452 3036 3588 3091 libro
3616 3037 3750 3091 nubit

2322 3127 2707 3182 revelationem
2741 3126 2937 3182 tradito
2977 3141 3164 3197 magna
3199 3142 3319 3182 cum
3359 3128 3635 3195 diligentia
3660 3138 3750 3183 attt

2325 3231 2466 3272 mus.
2513 3216 2632 3271 Non
2678 3218 2821 3273 enim
2866 3217 3035 3272 multo
3082 3228 3263 3286 postea
3310 3218 3488 3274 studio
3530 3220 3749 3290 egebimt

2325 3308 2582 3378 principia
2608 3320 2661 3362 et
2688 3317 3002 3379 argumenta
3028 3308 3374 3365 didicerimus
3407 3328 3420 3363 :
3457 3310 3552 3366 srd
3580 3312 3624 3366 si
3648 3321 3750 3366 tant

2325 3398 2479 3454 initio
2506 3399 2704 3453 laboris
2731 3401 3147 3468 susceperimus,
3193 3400 3328 3454 alios
3373 3400 3568 3456 deinde
3610 3417 3749 3456 seen;

2327 3489 2547 3544 Paulum
2597 3504 2819 3546 monere
2862 3491 3177 3560 poterimus.
3226 3491 3323 3547 llic
3366 3507 3596 3561 namque
3637 3508 3750 3563 apo:

2325 3579 2611 3635 admodum
2633 3580 2877 3634 sublimis
2905 3590 3009 3646 est,
3028 3580 3313 3652 multisque
3337 3584 3526 3653 plenus
3550 3583 3743 3654 dogma

2328 3672 2382 3726 in
2412 3671 2604 3741 quibus
2643 3672 2815 3740 magis
2839 3681 3101 3738 versatur,
3134 3688 3291 3743 quam
3328 3674 3383 3728 iu
3409 3675 3548 3729 artis.
3580 3675 3677 3737 Ne,
3709 3692 3750 3746 qt

2328 3760 2689 3831 perfunctorie
2713 3762 3014 3818 audiamus.
3054 3763 3179 3818 ltleo
3205 3765 3351 3819 enim
3383 3780 3482 3822 nos
3512 3766 3750 3836 paulatin

2327 3852 2674 3923 explicamus,
2725 3864 2777 3907 ut
2827 3853 2980 3909 vobis
3026 3863 3182 3924 captu
3227 3853 3404 3911 facilia
3432 3858 3609 3912 omnia
3638 3859 3745 3913 sint

2327 3957 2392 3999 ex
2422 3945 2681 4000 memoria
2710 3944 2953 4000 effluant.
2985 3946 3293 4003 Timeamus
3320 3964 3469 4018 ergo,
3498 3965 3569 4005 ne
3593 3965 3661 4006 ex
3696 3966 3750 4006 se

2330 4034 2400 4088 tia
2434 4034 2522 4088 illa
2542 4035 2792 4103 culpandi
2824 4037 3012 4100 simus,
3042 4054 3144 4107 qua
3177 4038 3307 4093 dicit
3338 4058 3351 4095 :
3387 4040 3448 4095 Si
3478 4057 3581 4096 non
3610 4044 3749 4097 venis

2328 4124 2566 4190 loquutus
2587 4128 2793 4197 fuissem
2821 4128 2915 4192 eis,
2932 4137 3187 4197 peccatum
3212 4146 3313 4183 non
3344 4130 3587 4185 haberent
3610 4131 3750 4198 (Joat

2327 4214 2444 4287 22).
2473 4216 2609 4285 Quid
2640 4218 2760 4286 plus
2789 4217 3122 4285 habrhimus,
3170 4236 3328 4289 quam
3371 4222 3403 4276 ii
3448 4224 3540 4293 qui
3575 4224 3710 4278 nihil
3741 4240 3750 4279 ι

2330 4316 2474 4372 runt,
2502 4308 2715 4380 quando
2757 4320 2877 4380 post
2923 4312 3239 4366 concionem
3288 4313 3418 4368 nihil
3460 4315 3683 4370 domum
3714 4332 3750 4371 ι’.

2330 4415 2482 4467 mus,
2510 4400 2604 4456 sed
2634 4402 2794 4457 verba
2821 4412 3021 4456 tantum
3055 4404 3226 4457 mirati
3269 4405 3526 4461 fuerimus
3546 4410 3571 4462 1'
3603 4409 3739 4464 Date

2331 4491 2511 4561 igitur,
2561 4501 2617 4545 ut
2667 4492 2719 4546 in
2763 4492 2959 4547 bonam
2991 4505 3186 4548 terram
3216 4510 3396 4551 semen
3422 4496 3696 4566 iaciamus
3731 4518 3745 4553 :

2331 4591 2390 4635 nt
2415 4597 2513 4636 nos
2541 4583 2707 4651 magis
2732 4583 3034 4639 attrahatis.
3086 4585 3152 4640 Et
3200 4586 3244 4640 si
3286 4589 3407 4656 quis
3450 4590 3638 4655 Spinas
3686 4590 3750 4644 ha

2332 4675 2507 4745 ignem
2550 4673 2781 4745 Spiritus
2811 4675 3013 4745 injiciat
3046 4695 3059 4731 :
3094 4678 3137 4732 si
3179 4678 3298 4747 quis
3346 4695 3441 4736 cor
3478 4680 3683 4737 durum
3710 4698 3742 4736 e

2332 4775 2536 4833 tumax,
2581 4767 2772 4823 eodem
2825 4768 2945 4838 igne
2973 4768 3133 4824 molle
3157 4769 3284 4824 illud
3316 4780 3370 4825 et
3398 4773 3686 4828 tractabile
3714 4790 3750 4827 ιη

2331 4858 2387 4913 Si
2427 4859 2549 4929 quis
2592 4873 2688 4929 per
2715 4860 2853 4914 viam
2891 4875 2921 4916 a
2967 4860 3121 4915 turba
3168 4862 3551 4932 cogitationum
3602 4867 3750 4919 iuvat

2332 4949 2586 5006 interiora
2617 4958 2782 5019 petat,
2832 4965 2933 5006 nec
2971 4951 3211 5006 attendat
3254 4952 3318 5007 iis
3348 4969 3469 5021 quae
3506 4955 3574 5008 ad
3608 4956 3750 5024 rapit

2334 5042 2536 5099 intrare
2581 5043 2812 5107 vellent;
2861 5054 2917 5099 ut
2963 5056 3240 5100 comantes
3260 5056 3470 5115 segetes
3496 5057 3750 5104 vestras

2333 5150 2473 5190 mus.
2500 5135 2633 5190 Nam
2660 5136 2703 5189 si
2732 5151 2850 5191 eam
2878 5136 2948 5192 de
2986 5138 3141 5193 nobis
3170 5153 3354 5192 curam
3384 5139 3747 5196 exhibeamus

2332 5242 2528 5297 magno
2554 5227 2733 5283 studio
2760 5228 3017 5298 spirituali
3043 5230 3288 5285 concinni
3318 5231 3667 5287 attendamus
3700 5252 3717 5288 :

2332 5316 2641 5379 confestim,
2687 5318 2878 5373 saltem
2919 5319 3172 5388 paulatim
3213 5335 3244 5375 a
3290 5321 3640 5377 saecularibus
3680 5339 3750 5376 ou

2332 5408 2495 5463 rebus
2536 5423 2634 5463 nos
2674 5408 3043 5477 expediemus.
3092 5408 3215 5464 Ideo
3262 5413 3499 5466 animum
3546 5412 3750 5468 adhibe

2335 5514 2404 5555 ne
2450 5498 2518 5554 de
2557 5499 2714 5554 nobis
2760 5498 2972 5554 dicatur
3023 5516 3038 5553 :
3082 5501 3288 5572 Aspidis
3332 5505 3504 5559 surda.-
3545 5522 3705 5560 aures

2335 5629 2653 5742 ὦέωᾟξιιυε
2695 5628 2862 5681 mallet
2893 5628 3070 5695 legere
3091 5669 3105 5696 ,
3143 5639 3348 5697 tempus.
3382 5641 3490 5686 Mss.
3530 5650 3713 5689 omnes
3744 5636 3750 5686 l
