4008 6208
249 299 318 356 33
927 309 980 332 ω

247 419 419 480 ῐστιν,
461 418 656 491 ὥσπερ
685 413 778 473 οὖν
807 418 898 472 καὶ
932 418 1100 478 ἔστιν,
1140 415 1292 471 οὐδὲν
1345 417 1448 487 πρὸ
1480 418 1678 471 αὐτοῦ’
1730 418 1779 470 εἰ
1822 416 1926 482 Δη-

251 506 520 577 μιουργδς
552 507 785 570 πάντων,
811 505 1024 576 πρῶτος
1058 504 1250 566 αὑτός⁸
1277 504 1326 556 εί
1359 505 1637 574 Δεσπότης
1669 504 1764 557 καὶ
1807 502 1922 557 Κύ-

252 610 369 665 ριος
421 594 701 659 ἁπάντων,
743 594 918 648 πάντα
955 593 1072 664 μετ’
1131 592 1314 654 αὑτὸν,
1365 593 1456 646 καὶ
1507 593 1780 662 κτίσματα
1827 592 1919 645 καί⁹

248 681 472 742 αἰῶνες.
533 681 860 752 Ἐϐουλόμην
895 682 990 735 καὶ
1039 683 1119 744 είς
1151 679 1369 747 ἀγῶνας
1402 679 1648 732 καθιέναι
1682 679 1921 750 ἐτέρουςο

257 768 373 821 ἀλλ’
411 769 540 833 ἴσως
565 769 852 839 ἀπέκαμεν
893 771 1025 840 ἡμῖν
1059 781 1085 809 ι
1123 769 1158 838 ἡ
1193 767 1424 821 διάνοια.
1459 767 1550 820 Διὸ
1593 768 1924 837 παραινέσας

257 854 466 919 ἐκεῖνα,
515 856 660 929 ἅπερ
694 857 844 910 ἐστὶν
877 858 1006 928 ὑμῖν
1039 857 1132 910 καὶ
1162 854 1299 926 πρὸς
1335 856 1433 913 τὴν
1464 855 1570 908 τῶν
1596 855 1920 925 εἰρημένων,

252 939 350 996 καὶ
377 945 512 1014 πρὸς
537 945 639 1017 τὴν
662 945 772 998 τῶν
799 941 1217 1015 λεχθησομένων
1235 939 1498 1014 ἀκρόασιν
1528 944 1794 1014 χρήσιμα,
1817 943 1924 995 πά-

251 1031 339 1084 λιν
373 1031 688 1102 σιγήσομαι.
713 1032 846 1085 Τίνα
874 1030 938 1102 δὴ
977 1029 1070 1086 οῦν
1103 1030 1281 1086 ταῦτά
1317 1033 1467 1084 ἐστιν
1491 1047 1504 1095 ;
1532 1030 1661 1085 Οἶδα
1697 1030 1926 1093 πολλοὺς

257 1118 670 1186 ίλιγγιάσαντας
714 1121 849 1192 πρὸς
876 1121 937 1172 τὸ
959 1120 1069 1172 τῶν
1103 1119 1402 1189 λεχθέντων
1443 1119 1631 1187 μῆκος.
1669 1117 1840 1171 Τοῦτο
1870 1116 1927 1170 δέ

254 1199 489 1267 γίνεται,
521 1201 652 1254 ὅταν
680 1203 712 1270 ἡ
740 1201 887 1271 ψυχὴ
921 1201 1138 1264 πολλοῖς
1162 1201 1402 1270 φορτίοις
1420 1199 1718 1270 βαρύνηται
1746 1200 1928 1268 βιωτι-

255 1290 391 1350 κοῖς.
429 1287 701 1360 Καθάπερ
734 1289 845 1360 γὰρ
889 1289 950 1342 τὸ
997 1288 1174 1358 όμμα,
1205 1289 1333 1340 ὅταν
1363 1287 1460 1356 μέν
1505 1287 1745 1357 καθαρὸν
1833 1286 1930 1339 καὶ

253 1371 492 1439 διαυγὲς,
523 1373 811 1444 ὀξυδερκές
840 1375 898 1427 τέ
929 1377 1068 1437 ἐστι,
1091 1374 1186 1427 καὶ
1215 1374 1313 1425 οὑκ
1339 1373 1404 1426 ἀν
1425 1373 1700 1442 ἀποκάμοι
1735 1372 1934 1442 ῥαδίως

255 1459 349 1511 καὶ
381 1460 449 1512 τὰ
494 1459 804 1514 λεπτότατα
856 1460 1090 1530 σώματα
1123 1459 1562 1529 καταμανθάνον,
1607 1458 1834 1511 ’ἐπειδὰν
1876 1456 1935 1510 δέ

252 1547 432 1614 χυμοῦ
463 1563 614 1610 τινος
646 1547 756 1600 ἀπὸ
787 1547 887 1617 τῆς
921 1545 1638 1616 κεφαλῆς-ἐπιρῤεύσαντος
1674 1543 1926 1614 πονηροῦ,

253 1632 288 1701 ἢ
322 1633 574 1685 κάτωθεν
602 1632 824 1702 λιγνύος
857 1632 1175 1694 καπνώδους
1196 1632 1595 1702 ἀνενεχθείσης,
1640 1633 1812 1700 πυκνή
1844 1647 1926 1693 τις

257 1717 368 1787 πρὸ
397 1717 499 1787 τῆς
528 1718 696 1788 κόρης
723 1717 946 1788 γένηται
974 1716 1192 1785 νεφέλη,
1226 1717 1380 1768 οὐδὲν
1403 1716 1523 1769 οὐδὲ
1553 1715 1661 1769 τῶν
1685 1715 1923 1785 παχυτέ-

259 1815 371 1868 ρων
404 1799 590 1866 σαφῶς
615 1799 807 1867 ἀφίησι
855 1798 1121 1870 συνιδεῖν·
1149 1797 1292 1850 οῦτω
1337 1799 1429 1850 καὶ
1467 1797 1562 1850 ἐπὶ
1603 1798 1701 1868 τῆς
1740 1797 1922 1867 ψυχῆς

257 1885 504 1952 γίνεσθαι
537 1886 798 1954 πέφυκεν.
834 1887 1004 1940 Ὅταν
1040 1887 1136 1956 μὲν
1162 1885 1270 1956 7&9
1299 1884 1756 1955 ἐκκεκαθαρμένη
1785 1901 1920 1953 τυγ-

263 1969 423 2041 χάνῃ,
443 1973 536 2024 καὶ
567 1972 727 2041 μηδὲν
750 1972 846 2045 ἔχῃ
875 1973 1043 2036 πάθος
1081 1970 1349 2042 ἐνοχλοῦν,
1373 1971 1560 2034 ἀτενὲς
1597 1972 1759 2042 ἐνορᾷ
1786 1972 1922 2042 πρὸς

263 2059 369 2111 ἀπε
378 2075 412 2128 ρ
430 2060 620 2129 ἐνορᾷν
634 2060 737 2129 χρή
759 2075 770 2087 ·
793 2060 918 2113 ὅταν
939 2059 995 2112 δέ
1026 2059 1238 2122 πολλοῖς
1255 2059 1646 2112 ἐπιθολωθεῖσα
1669 2059 1919 2122 πάθεσιν,

257 2143 498 2216 ἀπολέσῃ
539 2144 636 2215 τὴν
670 2146 870 2214 έαυτῆς
903 2147 928 2186 δ
959 2145 1180 2216 ἀρετὴν,
1221 2145 1360 2216 πρὸς
1385 2146 1542 2199 οὐδὲν
1569 2145 1676 2200 τῶν
1701 2145 1922 2216 ὑψηλῶν

253 2231 484 2301 ἀρκέσαι
517 2231 739 2286 δύναται
792 2232 1010 2304 ῥᾳδίως,
1048 2232 1187 2286 ἀλλά
1217 2233 1526 2303 ἀποκάμνει
1573 2234 1784 2302 ταχέως
1830 2233 1927 2286 καὶ

252 2316 570 2379 ἀναπίπτει,
607 2320 702 2371 καὶ
740 2320 873 2387 πρὸς
907 2317 1074 2372 ῦπνον
1122 2319 1457 2372 ἀποκλίνασα
1486 2321 1580 2372 καὶ
1630 2319 1923 2392 ρᾳθυμίαν,

251 2403 321 2455 τά
351 2403 489 2474 πρὸς
511 2405 712 2476 ἀρετὴν
729 2405 820 2457 καὶ
843 2404 988 2475 ζωὴν
1016 2405 1114 2476 τὴν
1133 2407 1196 2460 ὲκ
1221 2405 1426 2477 ταύτης
1440 2407 1576 2477 αὑτῇ
1599 2406 1925 2477 διαφέροντα

252 2490 710 2560 παραπέμπεται,
732 2491 821 2543 καὶ
835 2492 895 2544 οὐ
913 2492 1194 2562 προσίεται
1217 2493 1354 2562 μετά
1376 2493 1681 2564 προθυμίας
1700 2493 1920 2562 πολλῆς.

327 2575 440 2647 [14]
473 2582 535 2628 ε’.
559 2576 737 2648 Ὅπερ
759 2577 843 2629 ἵνα
869 2577 943 2647 μὴ
981 2578 1074 2630 καὶ
1105 2577 1262 2648 ὑμεῖς
1293 2578 1501 2647 πάθητε
1533 2577 1614 2648 (οὑ
1645 2577 1753 2648 γὰρ
1778 2578 1922 2630 παύο

253 2677 418 2732 σομαι
445 2660 618 2716 ταῦτα
653 2663 742 2716 ἀεὶ
773 2663 1094 2734 παραινῶν),
1116 2662 1463 2738 ἐπιρρὡατε
1490 2664 1645 2734 ὑμῶν
1673 2665 1771 2733 τὴν
1802 2665 1920 2719 διὰ-

251 2761 426 2806 νοιαν,
469 2747 555 2800 ἵνα
593 2747 668 2818 μὴ
711 2747 780 2801 τὰ
811 2749 952 2802 αὑτά
992 2749 1282 2820 ἀκούσητε,
1317 2750 1460 2821 άπερ
1488 2751 1537 2803 οἱ
1585 2751 1765 2802 πιστοὶ
1811 2752 1922 2803 τῶν

261 2832 533 2904 Ἐϐραίων
569 2834 720 2904 παρὰ
751 2835 984 2888 Παύλου.
1025 2837 1134 2888 Kal
1163 2837 1272 2907 7&9
1301 2835 1530 2898 ἐκείνοις
1559 2835 1724 2890 πολὺν
1750 2837 1920 2907 ἔφησε

249 2919 347 2971 τὸν
382 2920 535 2987 λόγον
574 2921 919 2993 γεγενῆσθαι,
957 2924 1050 2976 καὶ
1101 2923 1552 2992 δυσερμήνευτον,
1600 2925 1699 2976 οὑκ
1735 2924 1922 2994 ἐπειδὴ

213 2995 216 2999 ’
255 3005 415 3075 φύσει
445 3007 680 3072 τοιοῦτος
711 3004 800 3078 ἦν,
848 3010 962 3062 ἀλλ’
1008 3009 1218 3080 ἐπειδὴ,
1269 3011 1456 3079 φησιν,
1485 3011 1646 3078 ὑμεῖς
1696 3011 1921 3077 Νωθροὶ

253 3089 540 3156 γεγόνατε
578 3091 709 3157 ταῖς
733 3091 962 3156 ἀκοαῖς.
1011 3092 1068 3143 '0
1097 3091 1206 3160 7&9
1231 3091 1462 3159 ἀσθενὴς
1494 3090 1589 3141 καὶ
1622 3090 1927 3159 ἄρρωστος,

253 3177 350 3228 καὶ
380 3178 484 3229 ὑπὸ
518 3177 618 3246 τῆς
663 3176 1024 3247 βραχυλογίας
1061 3175 1138 3236 ῶς
1172 3175 1277 3226 ὑπὸ
1325 3174 1702 3243 μακρηγορίας
1738 3189 1934 3242 παρεν-

250 3261 533 3332 οχλεῖσθαι
559 3264 793 3330 πέφυκε,
830 3263 926 3314 καὶ
951 3261 1020 3315 τὰ
1059 3260 1206 3329 σαφῆ
1238 3261 1334 3313 κα)⁵
1359 3260 1427 3313 τὰ
1474 3259 1759 3313 εὐδιάλυτα
1801 3259 1930 3312 δυσ-

251 3348 588 3419 κατάληπτα
632 3345 771 3401 εἶναι
815 3344 1043 3419 νομίζει.
1093 3346 1251 3401 Ἀλλά
1285 3346 1472 3419 μηδεὶς
1516 3347 1655 3401 ἔστω
1698 3346 1929 3402 ἐνταῦθα

251 3435 500 3501 τοιοῦτος
521 3451 535 3466 ο
549 3435 685 3492 ἀλλά
705 3436 884 3490 πᾶσαν
905 3435 1182 3500 ἀπελάσας
1203 3434 1456 3507 φροντίδα
1477 3433 1758 3507 βιωτικὴν,
1783 3433 1926 3488 οὕτω

254 3524 466 3578 τούτων
511 3524 755 3579 ἀκουέτω
799 3523 921 3578 τῶνί
950 3525 1254 3595 δογμάτων.
1288 3525 1464 3579 Ὅταν
1499 3524 1614 3596 γὰρ.
1662 3523 1925 3595 ἐπιθυμία

257 3612 561 3683 χρημάτων
591 3612 793 3684 κατέχῃ
837 3613 928 3666 τὸν
962 3613 1268 3684 ἀκροατὴν,
1302 3613 1404 3666 οὑκ
1458 3613 1525 3667 ἂν
1569 3612 1785 3666 δύναιτο
1831 3615 1925 3668 καὶ

257 3698 524 3769 ἐπιθυμία
570 3703 862 3771 κατασχεῖν
913 3702 1228 3772 ἀκροάσεως
1274 3699 1497 3771 ὁμοίως,
1549 3701 1739 3773 ἐπειδὴ
1790 3701 1926 3772 μηδέ

258 3788 420 3857 ἀρκεῖ
447 3787 664 3851 πολλαῖς
692 3788 1011 3860 ἐπιθυμίαις
1055 3790 1152 3860 μία
1174 3790 1519 3859 τυγχάνουσα
1546 3792 1580 3861 ἡ
1611 3789 1776 3861 ψυχὴ,
1807 3789 1923 3843 ἀλλ’

256 3876 296 3944 ἡ
311 3873 472 3944 ἑτέρα
488 3878 554 3945 τῇ
585 3875 747 3947 ἑτέρᾳ
773 3875 1114 3946 λυμαίνεται,
1131 3878 1226 3929 καὶ
1253 3876 1542 3948 σχιζομένη
1561 3876 1925 3949 ἀσθενεστέρα

256 3959 486 4028 γίνεται,
511 3961 914 4032 ἐπικρατούσης
943 3961 1044 4032 τῆς
1069 3962 1261 4032 ἐτέρας
1290 3963 1384 4016 καὶ
1410 3963 1472 4015 τὸ
1491 3964 1602 4016 πᾶν
1628 3965 1708 4026 είς
1727 3964 1925 4034 ἑαυτὴν

259 4045 608 4116 δαπανώσης.
640 4049 811 4102 Τοῦτο
843 4049 939 4102 καὶ
984 4049 1078 4100 ἐπὶ
1118 4049 1325 4102 παίδων
1358 4049 1679 4119 συμϐαίνειν
1711 4049 1930 4104 εἴωθεν..

261 4141 432 4194 Ὅταν
460 4141 557 4210 μὲν
576 4140 682 4210 γὰρ
703 4140 801 4192 Eva
827 4156 911 4202 τις
931 4139 1032 4210 ἔχῃ
1065 4138 1248 4206 μόνον,
1265 4139 1385 4208 μεθ’
1409 4141 1510 4192 ὑπε
1520 4138 1714 4208 ρϐολῆς
1736 4141 1931 4210 ἀγαπᾷ

257 4225 352 4279 τὸν
381 4226 477 4278 ἕνα
500 4241 514 4256 ⁸
549 4225 676 4278 ὅταν
706 4225 763 4277 δὲ
791 4225 1000 4278 πολλῶν
1028 4223 1254 4292 γένηται
1283 4223 1489 4277 παίδων
1509 4223 1713 4294 πατὴρ,
1739 4225 1832 4276 καὶ
1858 4225 1928 4276 τά

259 4313 361 4382 τῆς
393 4312 684 4375 διαθέσεως
718 4310 1060 4383 διαιρεθέντα
1101 4309 1465 4380 ἀσθενέστερα
1490 4310 1720 4378 γίνεται.
1766 4309 1829 4362 Εί
1871 4309 1928 4364 δὲ

260 4398 394 4454 ἔνθα
423 4397 624 4468 φυσικὴ
650 4399 904 4467 τυραννὶς
930 4397 1024 4450 xal
1055 4394 1306 4466 δύναμις,
1337 4397 1432 4448 καὶ
1462 4395 1698 4465 συγγενῆ
1729 4395 1798 4449 τὰ
1835 4414 1926 4466 φι-

258 4484 518 4554 λούμενα,
551 4483 712 4536 τοῦτο
740 4483 1061 4554 συμϐαίνει·
1094 4483 1146 4534 τί
1171 4483 1238 4535 ἂν
1273 4481 1523 4552 είποιμεν
1546 4483 1637 4536 ἐπὶ
1660 4484 1759 4554 τῆς
1783 4483 1928 4538 κατά

260 4571 581 4641 προαίρεσιν
617 4570 914 4639 ἐπιθυμίας
943 4570 1038 4623 καὶ
1063 4569 1379 4632 διαθέσεως,
1412 4571 1505 4623 καὶ
1540 4569 1772 4641 μάλιστα
1800 4573 1926 4626 ὅταν

257 4660 307 4710 οί
336 4658 539 4728 ἔρωτες
561 4652 708 4710 οὑτοι
724 4658 820 4710 ἀπ’
842 4657 1090 4718 ἐναντίας
1111 4657 1358 4726 ἀλλήλοις
1379 4657 1726 4724 διακέωνται;
1753 4659 1930 4713 Ἐναν-

258 4745 371 4798 τίον
394 4744 502 4816 7&9
522 4743 820 4814 χρημάτων
846 4744 986 4814 έρως
1015 4743 1177 4815 έρωτι
1201 4744 1455 4812 τοιαύτης
1477 4745 1815 4815 ἀκροάσεως.
1836 4747 1928 4810 Είς

257 4832 351 4884 τὸν
384 4831 615 4902 οὐρανὸν
641 4829 850 4900 είσιμεν
876 4829 1135 4892 είσιόντες
1159 4828 1366 4883 ἐνθάδε.
1401 4831 1475 4883 οὑ
1496 4829 1574 4900 τῷ
1597 4831 1747 4900 τόπῳ
1763 4831 1927 4901 λέγω,

257 4921 394 4974 ἀλλά
420 4921 489 4989 τῇ
526 4916 765 4971 διαθέσει
785 4933 799 4947 ·
837 4917 1006 4970 ἔνεστι
1041 4916 1150 4984 7&9
1191 4918 1285 4969 καὶ
1314 4917 1406 4968 ἐπὶ
1432 4918 1532 4987 γῆς
1556 4916 1683 4971 ὄντα
1707 4919 1928 4972 ἑστάναι

258 5011 317 5060 ἐν
349 5006 588 5078 οὐρανῷ,
628 5005 722 5059 καὶ
757 5004 826 5058 τὰ
873 5005 987 5056 ἐκεῖ
1035 5002 1420 5072 φαντάζεσθαι,
1469 5005 1561 5057 καὶ
1604 5004 1672 5058 τά
1719 5006 1927 5060 ἐκεῖθεν

261 5097 500 5150 ἀκούειν.
533 5095 737 5165 Μηδεὶς
761 5091 854 5148 οὖν
874 5093 951 5163 τῷ
978 5092 1192 5163 ούρανῷ
1223 5092 1290 5146 τά
1309 5094 1406 5162 τῆς
1428 5094 1530 5164 γῆς
1554 5095 1891 5164 ἐπεισαγέτω
1911 5112 1924 5128 ⁸

265 5184 456 5255 μηδεὶς
483 5182 718 5236 ἐνταῦθα
750 5180 942 5243 ἐστὼς,
973 5181 1042 5233 τὰ
1073 5180 1212 5234 κατά
1245 5180 1341 5250 τὴν
1383 5181 1556 5234 οἰκίαν
1590 5185 1922 5252 μεριμνάτω.

263 5275 375 5345 Τὴν
408 5274 518 5344 γὲιρ
548 5274 724 5326 οἰκίαν
758 5274 855 5325 καὶ
890 5271 990 5341 τὴν
1019 5271 1223 5342 ἀγορὰν
1252 5270 1358 5322 ἔδει
1385 5270 1454 5322 τὰ
1492 5271 1736 5324 ἐντεῦθεν
1772 5289 1927 5344 περι-

256 5363 447 5434 φέρειν
485 5360 651 5432 κέρδη
683 5359 778 5413 καὶ
811 5359 976 5428 ἔχειν,
1025 5359 1086 5411 οὐ
1121 5357 1324 5426 ταύτην
1368 5361 1477 5420 τοῖς
1518 5360 1582 5411 ἐκ
1610 5361 1708 5430 τῆς
1753 5361 1928 5425 οἰκίας

258 5451 351 5501 καὶ
373 5448 477 5514 τῆς
499 5447 706 5516 ἀγορᾶς
739 5445 980 5516 φορτίοις
1020 5442 1370 5515 βαρύνεσθαι.
1399 5443 1498 5496 Διά
1521 5443 1690 5498 ταῦτα
1722 5447 1929 5517 εἴσιμεν

321 5591 344 5616 ³
371 5587 598 5636 Accessit
621 5587 732 5644 ἡμῖν
751 5599 779 5635 e
803 5587 914 5636 Sav.
942 5591 994 5634 et
1015 5583 1121 5632 cod.
1143 5582 1252 5630 706.

317 5649 345 5689 b
374 5650 502 5710 Sav.
519 5653 573 5696 et
593 5648 785 5710 quidam
804 5647 884 5696 alii
904 5647 989 5704 τήν
1005 5645 1164 5702 αὐτῆς.

318 5714 344 5743 ο
372 5709 527 5773 Ξανὶι.
553 5728 566 5756 :
595 5703 735 5773 jlgio
757 5710 941 5772 χρόνον,
960 5703 1322 5773 ιιιρριιιιξίιιιξε
1344 5705 1467 5773 Ιοερ.
1495 5705 1608 5773 Mss.
1633 5719 1804 5756 omnes
1827 5710 1931 5773 θρὸτ

257 5789 334 5819 νον
359 5771 562 5820 habent.
595 5768 715 5818 Ibid.
758 5766 876 5818 ἐςτιν.
920 5775 975 5816 et
1016 5766 1136 5830 Mqr.
1178 5766 1574 5830 ᾁπορῥυψώμεοα,
1617 5766 1930 5830 manuscri'pii

261 5835 401 5881 mulli
427 5831 846 5896 ἀποτριψώμεθα,
895 5842 1019 5896 mnis
1071 5825 1458 5896 ἀποῤῥιψῷμεθα,
1511 5831 1636 5876 allus
1689 5825 1931 5892 ἀπονιψω-

261 5898 393 5954 μεθα.
421 5893 515 5944 Ha:
533 5889 952 5942 oninbslcclioucs
975 5889 1088 5938 ferri
1111 5894 1328 5950 possunt.

2629 250 2755 295 ’ἔεῖι
2831 267 2860 295 τι

1501 297 1565 354 ΙΝ
1604 295 1920 356 JOANNEM

2054 296 2293 354 MILII.
2337 301 2406 356 αι’.
2445 298 2484 355 ι.
2831 267 2860 297 ³⁸
3635 302 3704 359 τε

2033 416 2184 486 παρά
2233 415 2324 469 τδν
2357 417 2456 486 τῆς
2503 413 2852 479 διδασκαλίας
2892 417 3079 488 θρόνον
3123 427 3171 480 ο,
3215 415 3301 469 ἵνα
3333 413 3581 469 ἐντεῦθεν
3611 421 3706 472 τδν

2031 502 2229 568 ἔξωθεν
2262 502 2706 576 ἀπορῤυψὼμεθα
2754 503 2946 573 ῥύπον.
2980 505 3078 556 Ἂν
3110 503 3166 557 δὲ
3203 501 3482 574 μέλλωμεν
3512 503 3605 556 καὶ
3633 507 3701 576 τῇ

1976 595 1991 616 '
2037 592 2208 661 μικρᾷ
2232 590 2404 662 ταύτῃ
2432 591 2591 662 σχολῇ
2619 591 2726 644 ἀπὸ
2749 591 2855 646 τῶν
2881 591 2986 655 ἔξω
3012 590 3317 660 λεγομένων
3342 591 3698 662 ἢπραττομι-

2029 694 2136 729 νων
2183 678 2564 748 λυμαίνεσθαι,
2603 677 2809 748 βέλτιον
2859 678 2994 749 μηδὲ
3044 677 3306 731 εἰσελθεῖν
3358 678 3459 748 τὴν
3503 679 3695 748 ἀρχήν.

2026 765 2234 832 Μηδεὶς
2262 765 2553 834 τοιγαροῦν
2582 767 2639 818 ἐν
2684 764 2949 836 ἐκκλησίᾳ
2989 764 3056 817 τά
3085 765 3225 816 κατά
3267 764 3367 834 τὴν
3395 764 3572 817 οἰκίαν
3604 780 3701 834 με-

2024 851 2252 914 λετάτω,
2279 853 2414 905 ἀλλά
2453 854 2546 906 καὶ
2587 854 2646 906 ἐν
2677 853 2822 922 οἰκία
2855 853 2924 906 τά
2961 853 3102 906 κατά
3134 853 3232 916 τὴν
3268 851 3567 922 ἐκκλησίαν
3612 868 3700 904 κι-

2026 940 2207 994 νείτω.
2237 940 2461 994 Πάντων
2509 941 2642 1010 ἡμῖν
2692 940 2834 994 ἔστω
2873 940 3044 993 ταῦτα
3076 940 3398 1010 τιμιώτερα.
3432 939 3544 1008 Τῆς
3589 937 3699 1010 γὰρ

2024 1024 2204 1097 ψυχῆς
2233 1025 2410 1081 ταῦτά
2443 1030 2580 1090 ἐστι,
2607 1028 2702 1082 τοῦ
2750 1028 3003 1098 σώματος
3041 1028 3098 1081 δὲ
3142 1031 3358 1082 ἐκεῖνα·
3397 1027 3598 1097 μᾶλλον
3641 1025 3700 1078 δὲ

2025 1115 2123 1166 καὶ
2167 1113 2378 1183 σώματι
2425 1115 2518 1167 καὶ
2553 1115 2698 1185 ψυχῇ
2747 1117 2815 1167 τά
2846 1114 3080 1168 ἐνταῦθα
3116 1115 3386 1184 λεγόμενα
3425 1113 3693 1183 διαφέρει.

2027 1201 2128 1254 Διά
2145 1201 2302 1257 τοῦτο
2325 1200 2502 1255 ταῦτα
2533 1203 2626 1270 μὲν
2665 1203 2806 1255 έστω
2834 1201 3218 1272 προηγούμενα
3262 1201 3417 1272 ἔργα,
3447 1201 3698 1270 πάρεργα

2029 1287 2085 1339 δέ
2117 1287 2336 1342 ἅπαντα
2364 1288 2433 1339 τὰ
2460 1286 2615 1340 ἀλλα.
2649 1287 2834 1340 Ταῦτα
2868 1288 2964 1356 μὲν
2998 1287 3106 1357 γὰρ
3139 1288 3232 1338 καὶ
3263 1288 3359 1355 τῆς
3402 1285 3698 1358 μελλούσης

2032 1374 2129 1428 καὶ
2152 1373 2250 1442 τῆς
2278 1374 2562 1444 παρούσης
2588 1375 2704 1427 ἐστὶ
2730 1372 2877 1444 ζωῆς
2898 1391 2910 1405 ·
2943 1375 3124 1426 ἐκεῖνα
3147 1373 3204 1426 δὲ
3233 1373 3340 1425 οὐδ’
3367 1374 3578 1443 ἐτέρας,
3605 1372 3701 1426 ἐὰν

2037 1461 2112 1532 μὴ
2148 1461 2286 1514 κατά
2319 1460 2410 1513 τὸν
2441 1461 2582 1529 ὑπὲρ
2612 1461 2817 1513 τούτων
2853 1459 3078 1513 τεθέντα
3117 1459 3384 1528 διοικῆται
3415 1459 3598 1529 νόμον.
3626 1459 3699 1512 Οὑ

2029 1549 2138 1616 γὰρ
2162 1547 2224 1617 δὴ
2257 1549 2420 1617 μόνον
2449 1547 2504 1600 τί
2537 1548 2678 1618 μετά
2703 1547 2877 1600 ταῦτα
2907 1545 3162 1616 ἐσόμεθα,
3187 1546 3283 1598 καὶ
3313 1546 3430 1608 πῶς
3457 1545 3576 1598 τότε
3597 1545 3697 1615 ζη-

2026 1635 2250 1705 σόμεθα,
2281 1635 2530 1688 ἐντεῦθεν
2549 1634 2664 1688 ἔστι
2697 1635 2890 1705 μαθεῖν
2917 1634 3097 1704 μόνον,
3133 1634 3269 1686 ἀλλά
3300 1633 3416 1696 πῶς
3451 1633 3542 1687 καὶ
3557 1633 3648 1687 τὸν
3667 1630 3696 1671 ⁸

2021 1724 2264 1794 παρόντα
2283 1723 2712 1794 οἰκονομήσομεν
2743 1721 2877 1791 βίον.
2913 1722 3168 1792 ’ἰατρεῖον
3195 1721 3304 1792 γὰρ
3329 1723 3358 1774 6
3373 1716 3519 1784 οἶκος
3543 1717 3698 1784 οὗτος

2019 1811 2216 1880 ἔστηκε
2255 1821 2278 1850 ο
2314 1809 2704 1880 πνευματικὸν,
2745 1810 2834 1861 ἵνα
2889 1809 3032 1879 ἅπερ
3081 1808 3149 1862 ἀν
3194 1808 3452 1878 λάϐωμεν
3496 1807 3695 1872 ἔξωθεν

2017 1898 2335 1970 τραύματα,
2366 1897 2618 1950 ἐντεῦθεν
2646 1893 3080 1964 θεραπεύσωμεν
3104 1912 3117 1925 ·
3146 1895 3246 1964 οὑχ
3271 1895 3358 1946 ἵνα
3381 1893 3477 1946 καὶ
3514 1889 3698 1944 ἐντεῦ-

2020 1980 2110 2032 θεν
2144 1979 2497 2044 συλλέξαντες
2545 1977 2728 2047 ἕτερα.
2765 1976 2938 2038 οὑτως
2994 1974 3264 2045 ἀπίωμεν.
3316 1973 3413 2026 “Av
3446 1971 3556 2042 7&9
3601 1971 3695 2024 τοῦ

2020 2062 2342 2135 Ιῖνεύματος
2366 2062 2483 2135 [15]
2506 2065 2639 2132 ἡμῖν
2676 2061 2769 2116 τοῦ
2795 2063 2952 2130 ἀγίου
2980 2060 3362 2130 διαλεγομένου
3394 2059 3469 2129 μὴ
3524 2073 3696 2128 προσ-

2023 2153 2336 2222 έχωμεν,ού
2374 2151 2533 2221 μόνον
2558 2149 2626 2203 τὰ
2655 2151 2890 2221 πρότερα
2921 2149 2940 2188 ῐ
2975 2150 3074 2202 οὐκ
3099 2145 3531 2216 ἀπολουσόμεθα,
3561 2143 3696 2198 ἀλλά

2025 2242 2119 2293 καὶ
2147 2241 2311 2312 ἕτερα
2340 2238 2782 2312 προσληψόμεθα.
2818 2237 3179 2308 Προσέχωμεν
3198 2235 3377 2288 τοίνυν
3397 2233 3477 2303 τῷ
3504 2231 3694 2303 βιϐλίῳ

2026 2325 2164 2396 μετά
2200 2325 2397 2396 πολλῆς
2441 2325 2540 2395 τῆς
2575 2325 2809 2393 σπουδῆς
2853 2326 2982 2394 ἡμῖν
3013 2320 3529 2391 ἁνακαλυπτομένῳ.
3559 2318 3694 2373 Οὑδέ

2021 2413 2128 2484 γὰρ
2145 2413 2342 2481 πολλῆς
2359 2411 2663 2483 δεησόμεθα
2691 2411 2878 2464 λοιπὸν
2901 2410 3299 2482 πραγματείας,
3315 2409 3380 2462 ἂν
3400 2408 3498 2471 τάς
3518 2407 3694 2476 ἀρχὰς

2021 2500 2116 2552 καὶ⁸
2161 2500 2448 2562 ὑποθέσεις
2497 2499 2633 2569 μετά
2663 2497 2948 2567 ἀκριϐείας
2993 2496 3286 2567 μάθωμεν·
3327 2493 3464 2549 ἀλλά
3498 2491 3694 2563 μικρὸν

2019 2587 2078 2638 ἐν
2113 2585 2418 2657 προοιμίοις
2449 2585 2794 2649 πονέσαντες,
2841 2583 3181 2653 δυνησόμεθα
3209 2581 3303 2634 τοῦ
3330 2578 3517 2633 λοιποῦ
3552 2578 3696 2632 κατὰ

2019 2673 2108 2726 τὸν
2161 2672 2372 2725 Παῦλον
2418 2675 2512 2725 καὶ
2565 2672 2757 2734 ἀλλους
2805 2669 3097 2723 νουθετεῖν.
3129 2667 3340 2739 Σφόδρα
3393 2666 3515 2736 γάρ.
3545 2667 3694 2719 ἐστιν

2019 2757 2222 2828 ὑψηλὸς
2250 2761 2278 2812 6
2295 2757 2622 2821 Ἀπόστολος
2635 2753 2813 2820 οὑτος,
2843 2755 2935 2810 καὶ
2965 2754 3169 2808 πολλῶν
3195 2755 3357 2824 γέμει
3383 2751 3688 2822 δογμάτων,

2019 2847 2116 2898 καὶ
2147 2844 2355 2908 τούτοις
2382 2843 2710 2914 ἐνδιατρίϐει
2743 2842 2990 2913 μᾶλλονῆ
3023 2842 3248 2913 ἑτέροις.
3277 2838 3371 2911 Μὴ
3393 2839 3459 2910 δὴ
3491 2838 3694 2910 παρέρ-

2019 2950 2134 3000 γως
2178 2933 2488 3000 ἀκούωμεν.
2524 2930 2622 2984 Διά
2655 2929 2814 2982 τοῦτο
2853 2927 2962 3000 γὰρ
2990 2929 3149 3000 ἡμεῖς
3182 2927 3277 2984 καὶ
3316 2930 3454 2983 κατά
3495 2926 3692 2998 μικρὸν

2023 3017 2389 3087 ἐξηγούμεθα,
2417 3015 2560 3068 ὥστε
2594 3017 2722 3086 ὑμῖν
2742 3016 2988 3084 εῦληπτα
3014 3018 3190 3069 πάντα
3220 3015 3590 3083 γενέσθαικαὶ
3616 3014 3691 3084 μὴ

2025 3103 2307 3168 διαφυγεῖν
2335 3101 2435 3170 τὴν
2474 3104 2714 3170 μνήμην.
2731 3101 3061 3169 Φοϐηθῶμεν
3086 3102 3262 3153 τοίνυν
3299 3104 3503 3170 μήποτε
3526 3100 3693 3168 γενώο

2033 3185 2176 3257 μεθα
2192 3186 2290 3256 τῆς
2320 3186 2504 3256 φωνῆς
2531 3186 2745 3256 ἐκείνης
2770 3184 3059 3238 ὑπεύθυνοι
3074 3185 3172 3255 τῆς
3199 3185 3462 3254 λεγούσης
3481 3200 3492 3212 ⁸
3521 3184 3703 3253 Εἰμὴ

2026 3269 2218 3343 ἦλθον
2244 3272 2344 3328 καὶ
2373 3271 2652 3342 ἐλάλησα
2682 3271 2908 3338 αὐτοῖς,
2941 3271 3235 3341 ἁμαρτίαν
3271 3273 3382 3325 οὐκ
3409 3266 3596 3338 εἶχον.
3631 3270 3696 3322 Τί

2024 3362 2131 3433 γὰρ
2164 3360 2357 3432 ἕξομεν
2389 3363 2498 3416 τῶν
2535 3362 2633 3416 οὑκ
2680 3361 2998 3432 ἀκηκοότων
3031 3360 3210 3425 πλέον,
3250 3361 3378 3414 ὅταν
3425 3361 3522 3412 καὶ⁵
3555 3357 3694 3430 μετά

2022 3449 2122 3521 τὴν
2165 3451 2430 3522 ἀκρόασιν
2487 3450 2652 3523 μηδὲν
2695 3449 2877 3505 οἴκαδε
2919 3448 3246 3520 ἀπέλθωμεν
3280 3448 3516 3519 ἔχοντες,
3555 3445 3694 3500 ἀλλά

2024 3537 2395 3612 θαυμάζοντες
2431 3539 2497 3595 τὰ
2522 3541 2788 3613 εἰρημένα
2829 3541 3025 3613 μόνον;
3058 3537 3186 3593 Δότε
3223 3537 3400 3593 τοίνυν
3425 3539 3579 3607 ἡμῖν,
3611 3536 3692 3598 είς

2022 3627 2232 3700 ἀγαθὴν
2263 3633 2482 3701 σπεῖραι
2511 3629 2613 3699 γῆν
2633 3646 2646 3660 ’
2677 3629 2818 3691 δότε,
2850 3629 2936 3680 ἵνα
2967 3629 3116 3698 ἡμᾶς
3155 3621 3531 3694 ἐπισπάσησθε
3573 3637 3692 3692 μειο

2023 3717 2214 3780 ζόνως.
2246 3718 2355 3771 Καὶ
2393 3718 2555 3780 εἴτις
2593 3714 2836 3778 ἀκάνθας
2881 3714 3018 3785 ἔχει,
3057 3714 3118 3767 τὸ
3144 3712 3255 3784 πῦρ
3293 3711 3573 3780 ἐπαφιέτω
3598 3709 3692 3762 τοῦ

2024 3803 2380 3874 Πνεύματοςι
2408 3806 2460 3856 εῐ
2487 3821 2568 3867 τις
2591 3803 2838 3875 σκληρὰν
2863 3803 2956 3855 καὶ
2991 3801 3282 3855 ἀντίτυπον
3321 3798 3570 3869 καρδίαν,
3610 3794 3692 3848 λιι

2025 3891 2207 3962 παράν
2252 3891 2475 3943 ποιείτω
2527 3890 2693 3960 αὑτὴν
2739 3890 2834 3942 καὶ
2864 3888 3078 3958 ἁπαλὴν
3106 3885 3183 3956 τῷ
3226 3885 3374 3954 αὑτῷ
3411 3881 3694 3955 χρώμενος

2026 3977 2157 4047 πυρί
2192 3978 2236 4030 ε.
2267 3977 2333 4029 Ei.’
2363 3994 2446 4038 τις
2477 3976 2617 4029 κατά
2639 3976 2736 4039 τὰς
2752 3975 2903 4038 ὁδοὺς
2933 3974 3039 4028 ὑπὸ
3069 3973 3286 4027 πάντων
3315 3973 3565 4025 πατεῖται
3585 3968 3694 4022 τῶν

2025 4059 2323 4130 λογισμῶν,
2353 4058 2500 4128 πρὸς·
2519 4053 2587 4111 τὰ
2618 4057 2871 4128 ἐνδότερα
2902 4057 3108 4121 είσίτω,
3137 4054 3234 4107 xal
3281 4054 3356 4124 μὴ
3385 4049 3694 4123 προκείσθω

2026 4148 2135 4208 τοῖς
2160 4144 2507 4214 βουλομένοις
2528 4145 2608 4205 είς
2635 4144 2887 4215 ἁρπαγὴν
2903 4143 3133 4206 ἐπιέναι,
3156 4142 3242 4194 ἶνα
3261 4137 3517 4215 κομῶγτα
3538 4135 3694 4206 ὑμῶν

2030 4206 2231 4301 ἴδωμεν
2255 4206 2486 4298 τάλήῖα.
2509 4229 2618 4282 Kal
2646 4206 2751 4299 γάρ
2766 4206 2832 4281 ἀν
2844 4206 3023 4291 οὕτως
3047 4224 3254 4279 ἐαυτῶν
3285 4206 3691 4294 ἐπιμὲλὼμεθα,

2029 4317 2125 4370 καὶ
2156 4315 2293 4386 μετά
2336 4313 2650 4383 φιλοπονίας
2687 4316 2787 4384 τῆς
2833 4314 3146 4384 ἀκροάσεως
3195 4310 3449 4382 ἐχώμεθα
3492 4310 3696 4380 ταύτης

2027 4403 2128 4473 τῆς
2157 4401 2555 4472 πνευματικῆς,
2588 4401 2639 4454 εί
2666 4401 2760 4453 καὶ
2799 4401 2874 4472 μὴ
2918 4400 3134 4473 ἀθρόον,
3167 4399 3303 4454 ἀλλὰ
3329 4397 3469 4452 κατὰ
3501 4397 3695 4470 μικρὸν
3735 4449 3738 4452 .

2030 4492 2249 4546 πάντων
2278 4490 2406 4558 γοῦν
2429 4488 2930 4560 ἀπαλλαγησόμεθα
2950 4488 3057 4542 τῶν
3088 4486 3375 4558 βιωτικῶν.
3408 4487 3498 4539 Διὸ
3530 4501 3696 4556 προσ-

2030 4579 2264 4650 έχωμεν,
2295 4577 2381 4630 ἵνα
2407 4576 2480 4647 μὴ
2516 4577 2607 4629 καὶ
2635 4576 2762 4645 περ)⁵
2797 4574 2952 4646 ήμῶν
2983 4574 3232 4644 λέγηται,
3261 4574 3364 4626 ὅτιο
3411 4571 3696 4635 Ἀσπίδος

2029 4664 2236 4734 κωφῆς
2262 4664 2333 4717 τὰ
2345 4660 2464 4718 ὦτα
2493 4659 2752 4717 αὑτῶν-ιι.
2778 4661 2841 4714 Τί
2871 4661 3057 4732 θηρίου
3075 4661 3380 4730 διενήνοχεν
3406 4660 3434 4710 6
3454 4657 3695 4719 τοιοῦτος

2028 4753 2335 4823 ἀκροατής;
2372 4752 2494 4806 είπέ
2525 4769 2634 4822 μοι,
2667 4748 2792 4812 Πῶς
2827 4749 2882 4801 δέ
2909 4748 3008 4800 οὑκ
3037 4748 3102 4801 ἂν
3141 4747 3228 4818 εἵη
3256 4746 3454 4809 παντὸς
3486 4745 3696 4814 ἀλογώ-

2029 4855 2182 4910 τερος
2221 4840 2439 4907 ἀλόγου,
2472 4841 2500 4892 ό
2535 4836 2670 4889 Θεοῦ
2707 4834 3090 4912 διαλεγομένου
3142 4833 3217 4905 μὴ
3255 4833 3580 4905 προσέχωνς
3635 4833 3697 4884 Ei

2029 4927 2138 4996 7&9
2179 4927 2234 4980 εδ
2266 4928 2580 4996 εὐαρεστεῖν
2610 4927 2624 4967 ἱ
2664 4924 2743 4994 τῷ
2765 4924 2905 4995 Θεῷ,
2937 4923 3094 4977 τοῦτό
3126 4924 3271 4977 ἐστιν
3301 4923 3586 4993 ἄνθρωπον
3621 4916 3700 4972 εἴη

2029 5031 2116 5066 ναι
2137 5030 2150 5045 ο
2181 5014 2210 5066 6
2253 5014 2409 5083 μηδὲ,
2445 5015 2594 5076 ὅπως
2621 5011 2781 5065 τοῦτο
2802 5009 3218 5082 κατορθώσειεν,
3246 5009 3476 5066 ἀκοῦσαι
3505 5007 3695 5069 θέλων,

2031 5100 2182 5152 οὐδὲν
2215 5100 2402 5171 ἕτερον
2433 5099 2676 5172 ἢθηρίον
2702 5097 2869 5152 ἐστίν.
2920 5097 3202 5168 Ἐννόησον
3241 5095 3336 5151 οῦν
3367 5098 3490 5150 ὅσον
3517 5094 3582 5147 ἂν
3608 5092 3696 5164 εἴη

2031 5190 2221 5253 κακὸν,
2251 5189 2346 5244 τοῦ
2387 5187 2625 5260 Χριστοῦ
2655 5188 2900 5249 θέλοντος
2931 5188 3079 5256 ἡμᾶς
3109 5186 3167 5250 ἐξ
3206 5182 3508 5252 ἀνθρώπων
3545 5182 3698 5247 ίσαγ-

2029 5278 2219 5345 γέλους
2270 5280 2465 5340 ποιεῖν,
2511 5276 2710 5338 αὐτοὺς
2754 5274 2812 5340 ἐξ
2851 5271 3156 5345 ἀνθρώπων
3205 5274 3284 5336 εἰς
3329 5272 3495 5343 θηρία
3536 5285 3700 5340 μετα-

2036 5372 2207 5422 ποιεῖν
2240 5379 2286 5420 1.
2331 5367 2403 5418 Τὸ
2433 5366 2544 5434 γὰρ
2576 5366 2642 5434 τῇ
2673 5365 2872 5437 γαστρὶ
2900 5362 3192 5428 δουλεύειν,
3224 5365 3317 5416 καὶ
3334 5367 3400 5434 τῇ
3434 5361 3540 5415 τῶν
3564 5375 3700 5430 χρη·-
3737 5410 3746 5414 .

2095 5527 2119 5566 d
2154 5523 2402 5576 Ariiculus
2433 5518 2641 5570 accessit
2671 5535 2699 5568 ρ
2724 5521 2874 5569 Savil.
2899 5521 2986 5570 Em
2999 5535 3035 5567 ιη.

2099 5590 2120 5615 °
2145 5574 2256 5636 ἕξιν.
2289 5583 2424 5637 οὗτός
2453 5582 2573 5639 ἐστι,
2601 5589 2652 5629 el
2687 5585 2832 5643 paulo
2857 5590 2967 5642 post
2993 5575 3188 5626 ἐνταῦθα
3210 5591 3297 5638 pro
3322 5574 3546 5624 ἐντεῦθεν.

2102 5647 2118 5684 τ
2143 5647 2372 5706 Quidam.
2386 5645 2446 5690 τὰ
2465 5643 2707 5706 πρότερον.

2097 5711 2121 5748 ε
2143 5699 2225 5758 Sic
2246 5699 2397 5755 Savil.
2420 5711 2474 5752 et
2496 5699 2665 5751 6man
2687 5715 2950 5764 [)eneimss.
2972 5699 3090 5746 Mor.
3118 5699 3356 5760 χρώμενον
3396 5699 3533 5744 πάλιν
3573 5699 3702 5759 πυρί.

2099 5769 2124 5807 ιι
2152 5774 2260 5818 θ’δν.
2289 5773 2340 5814 et.
2359 5766 2554 5826 quidam
2578 5763 2775 5826 ηιεςάτὰ
2808 5763 2909 5806 ὼτα
2931 5763 3083 5816 ἡμῶν.

2103 5842 2116 5868 ι
2150 5830 2351 5888 Quidam
2372 5825 2678 5888 εὐχαριστεῖν.
2967 5875 2984 5884 ν

2108 5902 2120 5938 ι
2153 5893 2261 5935 Suv.
2287 5892 2334 5934 ci
2357 5887 2552 5943 quidam
2587 5896 2700 5928 msH.
2732 5890 3030 5937 μεταπεσειν.
