  <div class='ocr_page' id='page_1' title='image "/cluster/home/n/w/nwhite01/storage/ocr_20150623/59/hvd.32044052786589/039.png"; bbox 0 0 4008 6208; ppageno 0'>
   <div class='ocr_carea' id='block_1_1' title="bbox 368 290 3808 385">
    <p class='ocr_par' dir='ltr' id='par_1_1' title="bbox 368 290 3808 385">
     <span class='ocr_line' id='line_1_1' title="bbox 368 290 3808 385; baseline -0.001 -2"><span class='ocrx_word' id='word_1_1' title='bbox 368 318 442 373; x_wconf 67' lang='lat'>37</span> <span class='ocrx_word' id='word_1_2' title='bbox 1178 327 1236 382; x_wconf 88' lang='lat' dir='ltr'>S.</span> <span class='ocrx_word' id='word_1_3' title='bbox 1276 327 1563 385; x_wconf 75' lang='lat' dir='ltr'>JOANNIS</span> <span class='ocrx_word' id='word_1_4' title='bbox 1601 321 2082 385; x_wconf 73' lang='lat' dir='ltr'>CIIBYSOSTOMI</span> <span class='ocrx_word' id='word_1_5' title='bbox 2123 322 2446 380; x_wconf 74' lang='lat' dir='ltr'>ARCHIEP.</span> <span class='ocrx_word' id='word_1_6' title='bbox 2485 327 3031 384; x_wconf 73' lang='lat' dir='ltr'>CONSTANTINOP.</span> <span class='ocrx_word' id='word_1_7' title='bbox 3465 290 3470 294; x_wconf 22' lang='grc'><strong>1</strong></span> <span class='ocrx_word' id='word_1_8' title='bbox 3731 327 3808 380; x_wconf 74' lang='grc'>58</span> 
     </span>
    </p>
   </div>
   <div class='ocr_carea' id='block_1_2' title="bbox 367 431 2030 512">
    <p class='ocr_par' dir='ltr' id='par_1_2' title="bbox 367 431 2030 512">
     <span class='ocr_line' id='line_1_2' title="bbox 367 431 2030 512; baseline 0.001 -26"><span class='ocrx_word' id='word_1_9' title='bbox 367 431 558 500; x_wconf 80' lang='grc' dir='ltr'>μάτων</span> <span class='ocrx_word' id='word_1_10' title='bbox 580 435 846 508; x_wconf 63' lang='grc' dir='ltr'>ἐπιθυμίᾳ</span> <span class='ocrx_word' id='word_1_11' title='bbox 879 437 1222 508; x_wconf 75' lang='grc' dir='ltr'>κατέχεσθαι,</span> <span class='ocrx_word' id='word_1_12' title='bbox 1252 442 1347 495; x_wconf 77' lang='grc' dir='ltr'>καὶ</span> <span class='ocrx_word' id='word_1_13' title='bbox 1365 441 1677 512; x_wconf 80' lang='grc' dir='ltr'>ὀργίζεσθαι</span> <span class='ocrx_word' id='word_1_14' title='bbox 1703 439 1798 494; x_wconf 73' lang='grc' dir='ltr'>καὶ</span> <span class='ocrx_word' id='word_1_15' title='bbox 1816 437 2030 491; x_wconf 78' lang='grc' dir='ltr'>δάκνειν</span> 
     </span>
    </p>
   </div>
   <div class='ocr_carea' id='block_1_3' title="bbox 365 520 2029 600">
    <p class='ocr_par' dir='ltr' id='par_1_3' title="bbox 365 520 2029 600">
     <span class='ocr_line' id='line_1_3' title="bbox 365 520 2029 600; baseline 0.003 -28"><span class='ocrx_word' id='word_1_16' title='bbox 365 521 460 573; x_wconf 79' lang='grc' dir='ltr'>καὶ</span> <span class='ocrx_word' id='word_1_17' title='bbox 492 520 786 589; x_wconf 80' lang='grc' dir='ltr'>λακτίζειν,</span> <span class='ocrx_word' id='word_1_18' title='bbox 813 526 912 578; x_wconf 86' lang='grc' dir='ltr'>ούκ</span> <span class='ocrx_word' id='word_1_19' title='bbox 934 527 1256 598; x_wconf 85' lang='grc' dir='ltr'>ἀνθρώπων.</span> <span class='ocrx_word' id='word_1_20' title='bbox 1276 529 1413 583; x_wconf 89' lang='grc' dir='ltr'>ἀλλά</span> <span class='ocrx_word' id='word_1_21' title='bbox 1435 528 1640 600; x_wconf 90' lang='grc' dir='ltr'>θηρίων</span> <span class='ocrx_word' id='word_1_22' title='bbox 1669 529 1806 582; x_wconf 88' lang='grc' dir='ltr'>ἐστί.</span> <span class='ocrx_word' id='word_1_23' title='bbox 1834 526 2029 580; x_wconf 82' lang='grc' dir='ltr'>Καίτοι</span> 
     </span>
    </p>
   </div>
   <div class='ocr_carea' id='block_1_4' title="bbox 364 604 2033 685">
    <p class='ocr_par' dir='ltr' id='par_1_4' title="bbox 364 604 2033 685">
     <span class='ocr_line' id='line_1_4' title="bbox 364 604 2033 685; baseline 0 -22"><span class='ocrx_word' id='word_1_24' title='bbox 364 604 435 657; x_wconf 75' lang='grc' dir='ltr'>τὰ</span> <span class='ocrx_word' id='word_1_25' title='bbox 463 605 564 676; x_wconf 71' lang='grc' dir='ltr'>μὲν</span> <span class='ocrx_word' id='word_1_26' title='bbox 596 607 782 680; x_wconf 89' lang='grc' dir='ltr'>θηρία,</span> <span class='ocrx_word' id='word_1_27' title='bbox 818 610 876 664; x_wconf 80' lang='grc' dir='ltr'>ἐν</span> <span class='ocrx_word' id='word_1_28' title='bbox 909 611 1158 677; x_wconf 77' lang='grc' dir='ltr'>ἕκαστον,</span> <span class='ocrx_word' id='word_1_29' title='bbox 1196 614 1272 678; x_wconf 84' lang='grc' dir='ltr'>ὡς</span> <span class='ocrx_word' id='word_1_30' title='bbox 1304 616 1506 678; x_wconf 82' lang='grc' dir='ltr'>εἰπεῖν,</span> <span class='ocrx_word' id='word_1_31' title='bbox 1549 614 1664 685; x_wconf 76' lang='grc' dir='ltr'>ἔχει</span> <span class='ocrx_word' id='word_1_32' title='bbox 1703 613 1894 677; x_wconf 88' lang='grc' dir='ltr'>πάθος,</span> <span class='ocrx_word' id='word_1_33' title='bbox 1937 611 2033 664; x_wconf 74' lang='grc' dir='ltr'>καὶ</span> 
     </span>
    </p>
   </div>
   <div class='ocr_carea' id='block_1_5' title="bbox 362 690 2029 772">
    <p class='ocr_par' dir='ltr' id='par_1_5' title="bbox 362 690 2029 772">
     <span class='ocr_line' id='line_1_5' title="bbox 362 690 2029 772; baseline 0.016 -29"><span class='ocrx_word' id='word_1_34' title='bbox 362 690 522 746; x_wconf 82' lang='grc' dir='ltr'>τοῦτο</span> <span class='ocrx_word' id='word_1_35' title='bbox 558 696 699 750; x_wconf 81' lang='grc' dir='ltr'>κατὰ</span> <span class='ocrx_word' id='word_1_36' title='bbox 729 696 926 766; x_wconf 76' lang='grc' dir='ltr'>φύσιν⁸</span> <span class='ocrx_word' id='word_1_37' title='bbox 958 701 986 753; x_wconf 91' lang='lat'>6</span> <span class='ocrx_word' id='word_1_38' title='bbox 1019 700 1078 753; x_wconf 82' lang='grc' dir='ltr'>δέ</span> <span class='ocrx_word' id='word_1_39' title='bbox 1113 700 1398 772; x_wconf 74' lang='grc' dir='ltr'>ἄνθρωπος</span> <span class='ocrx_word' id='word_1_40' title='bbox 1431 703 1460 754; x_wconf 87' lang='grc' dir='ltr'>ό</span> <span class='ocrx_word' id='word_1_41' title='bbox 1487 701 1594 754; x_wconf 89' lang='grc' dir='ltr'>τῶν</span> <span class='ocrx_word' id='word_1_42' title='bbox 1625 699 1903 770; x_wconf 76' lang='grc' dir='ltr'>λογισμῶν</span> <span class='ocrx_word' id='word_1_43' title='bbox 1930 699 2029 768; x_wconf 72' lang='grc' dir='ltr'>τὴν</span> 
     </span>
    </p>
   </div>
   <div class='ocr_carea' id='block_1_6' title="bbox 363 778 2029 858">
    <p class='ocr_par' dir='ltr' id='par_1_6' title="bbox 363 778 2029 858">
     <span class='ocr_line' id='line_1_6' title="bbox 363 778 2029 858; baseline 0.004 -29"><span class='ocrx_word' id='word_1_44' title='bbox 363 778 798 850; x_wconf 80' lang='grc' dir='ltr'>ἀρχὴνέκϐαλὼν</span> <span class='ocrx_word' id='word_1_45' title='bbox 822 787 918 838; x_wconf 73' lang='grc' dir='ltr'>καὶ</span> <span class='ocrx_word' id='word_1_46' title='bbox 937 785 1040 856; x_wconf 79' lang='grc' dir='ltr'>τῆς</span> <span class='ocrx_word' id='word_1_47' title='bbox 1061 787 1202 840; x_wconf 90' lang='grc' dir='ltr'>κατά</span> <span class='ocrx_word' id='word_1_48' title='bbox 1223 787 1356 841; x_wconf 84' lang='grc' dir='ltr'>Θεὸν</span> <span class='ocrx_word' id='word_1_49' title='bbox 1377 787 1648 851; x_wconf 78' lang='grc' dir='ltr'>πολιτείας</span> <span class='ocrx_word' id='word_1_50' title='bbox 1667 785 2029 858; x_wconf 72' lang='grc' dir='ltr'>ἀπορῤαγεὶς,</span> 
     </span>
    </p>
   </div>
   <div class='ocr_carea' id='block_1_7' title="bbox 363 865 2029 942">
    <p class='ocr_par' dir='ltr' id='par_1_7' title="bbox 363 865 2029 942">
     <span class='ocr_line' id='line_1_7' title="bbox 363 865 2029 942; baseline 0.007 -25"><span class='ocrx_word' id='word_1_51' title='bbox 363 865 530 918; x_wconf 69' lang='grc' dir='ltr'>πᾶσιν</span> <span class='ocrx_word' id='word_1_52' title='bbox 556 869 750 922; x_wconf 87' lang='grc' dir='ltr'>ἐαυτὸν</span> <span class='ocrx_word' id='word_1_53' title='bbox 779 872 1068 942; x_wconf 81' lang='grc' dir='ltr'>ἐπιτρέπει</span> <span class='ocrx_word' id='word_1_54' title='bbox 1094 877 1206 938; x_wconf 88' lang='grc' dir='ltr'>τοῖς</span> <span class='ocrx_word' id='word_1_55' title='bbox 1230 874 1426 928; x_wconf 81' lang='grc' dir='ltr'>πάθεσι</span> <span class='ocrx_word' id='word_1_56' title='bbox 1445 891 1464 904; x_wconf 69' lang='grc' dir='ltr'><em>υ</em></span> <span class='ocrx_word' id='word_1_57' title='bbox 1488 875 1581 927; x_wconf 75' lang='grc' dir='ltr'>καί.</span> <span class='ocrx_word' id='word_1_58' title='bbox 1616 873 1814 928; x_wconf 78' lang='grc' dir='ltr'>οὐκέτι</span> <span class='ocrx_word' id='word_1_59' title='bbox 1843 873 2029 942; x_wconf 73' lang='grc' dir='ltr'>θηρίον</span> 
     </span>
    </p>
   </div>
   <div class='ocr_carea' id='block_1_8' title="bbox 361 951 2026 1031">
    <p class='ocr_par' dir='ltr' id='par_1_8' title="bbox 361 951 2026 1031">
     <span class='ocr_line' id='line_1_8' title="bbox 361 951 2026 1031; baseline 0.004 -27"><span class='ocrx_word' id='word_1_60' title='bbox 361 951 574 1018; x_wconf 82' lang='grc' dir='ltr'>γίνεται</span> <span class='ocrx_word' id='word_1_61' title='bbox 604 956 786 1026; x_wconf 81' lang='grc' dir='ltr'>μόνον,</span> <span class='ocrx_word' id='word_1_62' title='bbox 825 959 962 1013; x_wconf 87' lang='grc' dir='ltr'>ἀλλά</span> <span class='ocrx_word' id='word_1_63' title='bbox 989 961 1155 1031; x_wconf 82' lang='grc' dir='ltr'>τέρας</span> <span class='ocrx_word' id='word_1_64' title='bbox 1186 960 1535 1031; x_wconf 86' lang='grc' dir='ltr'>πολύμορφόν</span> <span class='ocrx_word' id='word_1_65' title='bbox 1565 977 1614 1012; x_wconf 90' lang='grc' dir='ltr'>τι</span> <span class='ocrx_word' id='word_1_66' title='bbox 1640 961 1734 1012; x_wconf 66' lang='grc' dir='ltr'>καὶ.</span> <span class='ocrx_word' id='word_1_67' title='bbox 1765 957 2026 1020; x_wconf 84' lang='grc' dir='ltr'>ποικίλον,</span> 
     </span>
    </p>
   </div>
   <div class='ocr_carea' id='block_1_9' title="bbox 361 1037 2029 1118">
    <p class='ocr_par' dir='ltr' id='par_1_9' title="bbox 361 1037 2029 1118">
     <span class='ocr_line' id='line_1_9' title="bbox 361 1037 2029 1118; baseline 0.003 -29"><span class='ocrx_word' id='word_1_68' title='bbox 361 1037 460 1090; x_wconf 73' lang='grc' dir='ltr'>καὶ</span> <span class='ocrx_word' id='word_1_69' title='bbox 491 1040 614 1092; x_wconf 89' lang='grc' dir='ltr'>ούδέ</span> <span class='ocrx_word' id='word_1_70' title='bbox 647 1043 746 1114; x_wconf 80' lang='grc' dir='ltr'>τὴν</span> <span class='ocrx_word' id='word_1_71' title='bbox 775 1044 885 1099; x_wconf 87' lang='grc' dir='ltr'>ἀπὸ</span> <span class='ocrx_word' id='word_1_72' title='bbox 917 1049 1018 1116; x_wconf 84' lang='grc' dir='ltr'>τῆς</span> <span class='ocrx_word' id='word_1_73' title='bbox 1051 1046 1267 1115; x_wconf 86' lang='grc' dir='ltr'>φύσεως</span> <span class='ocrx_word' id='word_1_74' title='bbox 1303 1045 1633 1118; x_wconf 82' lang='grc' dir='ltr'>συγγνώμην</span> <span class='ocrx_word' id='word_1_75' title='bbox 1656 1045 1790 1114; x_wconf 83' lang='grc' dir='ltr'>ἔχει.</span> <span class='ocrx_word' id='word_1_76' title='bbox 1824 1045 2029 1115; x_wconf 88' lang='grc' dir='ltr'>Προαι-</span> 
     </span>
    </p>
   </div>
   <div class='ocr_carea' id='block_1_10' title="bbox 363 1121 2030 1202">
    <p class='ocr_par' dir='ltr' id='par_1_10' title="bbox 363 1121 2030 1202">
     <span class='ocr_line' id='line_1_10' title="bbox 363 1121 2030 1202; baseline -0.007 -10"><span class='ocrx_word' id='word_1_77' title='bbox 363 1121 568 1192; x_wconf 66' lang='grc' dir='ltr'>θέσεως</span> <span class='ocrx_word' id='word_1_78' title='bbox 589 1124 700 1198; x_wconf 80' lang='grc' dir='ltr'>γὰρ</span> <span class='ocrx_word' id='word_1_79' title='bbox 717 1129 808 1181; x_wconf 71' lang='grc' dir='ltr'>καὶ</span> <span class='ocrx_word' id='word_1_80' title='bbox 829 1129 1102 1202; x_wconf 80' lang='grc' dir='ltr'>γνώμηςή</span> <span class='ocrx_word' id='word_1_81' title='bbox 1128 1131 1294 1185; x_wconf 80' lang='grc' dir='ltr'>κακία</span> <span class='ocrx_word' id='word_1_82' title='bbox 1320 1133 1490 1186; x_wconf 78' lang='grc' dir='ltr'>πᾶσα.</span> <span class='ocrx_word' id='word_1_83' title='bbox 1534 1131 1692 1184; x_wconf 81' lang='grc' dir='ltr'>Ἀλλά</span> <span class='ocrx_word' id='word_1_84' title='bbox 1719 1129 1794 1200; x_wconf 81' lang='grc' dir='ltr'>μὴ</span> <span class='ocrx_word' id='word_1_85' title='bbox 1821 1127 2030 1196; x_wconf 89' lang='grc' dir='ltr'>γένοιτό</span> 
     </span>
    </p>
   </div>
   <div class='ocr_carea' id='block_1_11' title="bbox 361 1212 2028 1288">
    <p class='ocr_par' dir='ltr' id='par_1_11' title="bbox 361 1212 2028 1288">
     <span class='ocr_line' id='line_1_11' title="bbox 361 1212 2028 1288; baseline 0.001 -25"><span class='ocrx_word' id='word_1_86' title='bbox 361 1225 490 1263; x_wconf 61' lang='lat' dir='ltr'>una</span> <span class='ocrx_word' id='word_1_87' title='bbox 519 1212 694 1268; x_wconf 81' lang='grc' dir='ltr'>ταῦτα</span> <span class='ocrx_word' id='word_1_88' title='bbox 730 1217 860 1286; x_wconf 72' lang='grc' dir='ltr'>περὶ</span> <span class='ocrx_word' id='word_1_89' title='bbox 887 1217 988 1286; x_wconf 77' lang='grc' dir='ltr'>τῆς</span> <span class='ocrx_word' id='word_1_90' title='bbox 1032 1218 1359 1288; x_wconf 81' lang='grc' dir='ltr'>Ἐκκλησίας</span> <span class='ocrx_word' id='word_1_91' title='bbox 1398 1215 1737 1271; x_wconf 78' lang='grc' dir='ltr'>ὑποπτεῦσαι</span> <span class='ocrx_word' id='word_1_92' title='bbox 1761 1213 1856 1268; x_wconf 87' lang='grc' dir='ltr'>τοῦ</span> <span class='ocrx_word' id='word_1_93' title='bbox 1885 1213 2028 1284; x_wconf 66' lang='lat' dir='ltr'><strong>X9:-</strong></span> 
     </span>
    </p>
   </div>
   <div class='ocr_carea' id='block_1_12' title="bbox 2139 437 3810 514">
    <p class='ocr_par' dir='ltr' id='par_1_12' title="bbox 2139 437 3810 514">
     <span class='ocr_line' id='line_1_12' title="bbox 2139 437 3810 514; baseline 0.007 -25"><span class='ocrx_word' id='word_1_94' title='bbox 2139 437 2295 491; x_wconf 85' lang='grc' dir='ltr'>στοῦ·</span> <span class='ocrx_word' id='word_1_95' title='bbox 2341 443 2682 513; x_wconf 82' lang='grc' dir='ltr'>πεπείσμεθα</span> <span class='ocrx_word' id='word_1_96' title='bbox 2724 443 2834 514; x_wconf 80' lang='grc' dir='ltr'>γὰρ</span> <span class='ocrx_word' id='word_1_97' title='bbox 2875 442 3008 513; x_wconf 77' lang='grc' dir='ltr'>περί⁵</span> <span class='ocrx_word' id='word_1_98' title='bbox 3049 439 3203 510; x_wconf 81' lang='grc' dir='ltr'>ὑμῶν</span> <span class='ocrx_word' id='word_1_99' title='bbox 3243 438 3359 512; x_wconf 76' lang='grc' dir='ltr'>με]</span> <span class='ocrx_word' id='word_1_100' title='bbox 3404 440 3474 494; x_wconf 91' lang='grc' dir='ltr'>τά</span> <span class='ocrx_word' id='word_1_101' title='bbox 3517 445 3810 513; x_wconf 82' lang='grc' dir='ltr'>κρείττονα</span> 
     </span>
    </p>
   </div>
   <div class='ocr_carea' id='block_1_13' title="bbox 2136 525 3812 600">
    <p class='ocr_par' dir='ltr' id='par_1_13' title="bbox 2136 525 3812 600">
     <span class='ocr_line' id='line_1_13' title="bbox 2136 525 3812 600; baseline 0.001 -19"><span class='ocrx_word' id='word_1_102' title='bbox 2136 529 2232 582; x_wconf 55' lang='grc' dir='ltr'>καὶ⁵</span> <span class='ocrx_word' id='word_1_103' title='bbox 2265 530 2496 600; x_wconf 85' lang='grc' dir='ltr'>ἐχόμενα</span> <span class='ocrx_word' id='word_1_104' title='bbox 2531 527 2820 599; x_wconf 79' lang='grc' dir='ltr'>σωτηρίας.</span> <span class='ocrx_word' id='word_1_105' title='bbox 2859 527 2998 579; x_wconf 80' lang='grc' dir='ltr'>Ἀλλ’</span> <span class='ocrx_word' id='word_1_106' title='bbox 3037 528 3148 598; x_wconf 82' lang='grc' dir='ltr'>ὅσῳ</span> <span class='ocrx_word' id='word_1_107' title='bbox 3177 525 3541 596; x_wconf 83' lang='grc' dir='ltr'>πεπείσμεθα,</span> <span class='ocrx_word' id='word_1_108' title='bbox 3564 529 3812 600; x_wconf 81' lang='grc' dir='ltr'>τοσούτῳ</span> 
     </span>
    </p>
   </div>
   <div class='ocr_carea' id='block_1_14' title="bbox 2135 609 3807 688">
    <p class='ocr_par' dir='ltr' id='par_1_14' title="bbox 2135 609 3807 688">
     <span class='ocr_line' id='line_1_14' title="bbox 2135 609 3807 688; baseline -0.002 -17"><span class='ocrx_word' id='word_1_109' title='bbox 2135 619 2246 672; x_wconf 88' lang='grc' dir='ltr'>τῶν</span> <span class='ocrx_word' id='word_1_110' title='bbox 2278 615 2731 688; x_wconf 83' lang='grc' dir='ltr'>προφυλακτικῶν</span> <span class='ocrx_word' id='word_1_111' title='bbox 2763 615 2914 668; x_wconf 82' lang='grc' dir='ltr'>οὐδὲν</span> <span class='ocrx_word' id='word_1_112' title='bbox 2947 609 3108 685; x_wconf 88' lang='grc' dir='ltr'>ἦττον</span> <span class='ocrx_word' id='word_1_113' title='bbox 3129 614 3552 684; x_wconf 86' lang='grc' dir='ltr'>ἀποστησόμεθα</span> <span class='ocrx_word' id='word_1_114' title='bbox 3587 615 3763 684; x_wconf 81' lang='grc' dir='ltr'>λόγων</span> <span class='ocrx_word' id='word_1_115' title='bbox 3788 631 3807 646; x_wconf 74' lang='grc' dir='ltr'><strong>ο</strong></span> 
     </span>
    </p>
   </div>
   <div class='ocr_carea' id='block_1_15' title="bbox 2141 700 3808 778">
    <p class='ocr_par' dir='ltr' id='par_1_15' title="bbox 2141 700 3808 778">
     <span class='ocr_line' id='line_1_15' title="bbox 2141 700 3808 778; baseline -0.002 -18"><span class='ocrx_word' id='word_1_116' title='bbox 2141 707 2230 760; x_wconf 76' lang='grc' dir='ltr'>ἵνα</span> <span class='ocrx_word' id='word_1_117' title='bbox 2267 705 2404 778; x_wconf 81' lang='grc' dir='ltr'>πρὸς</span> <span class='ocrx_word' id='word_1_118' title='bbox 2436 703 2603 774; x_wconf 73' lang='grc' dir='ltr'>αὐτὴν</span> <span class='ocrx_word' id='word_1_119' title='bbox 2648 703 2963 765; x_wconf 74' lang='grc' dir='ltr'>ἀνελθόντες</span> <span class='ocrx_word' id='word_1_120' title='bbox 2991 701 3090 772; x_wconf 81' lang='grc' dir='ltr'>τὴν</span> <span class='ocrx_word' id='word_1_121' title='bbox 3137 700 3380 773; x_wconf 79' lang='grc' dir='ltr'>κορυφήν</span> <span class='ocrx_word' id='word_1_122' title='bbox 3420 702 3528 755; x_wconf 88' lang='grc' dir='ltr'>τῶν</span> <span class='ocrx_word' id='word_1_123' title='bbox 3571 703 3808 773; x_wconf 79' lang='grc' dir='ltr'>ἀρετῶν,</span> 
     </span>
    </p>
   </div>
   <div class='ocr_carea' id='block_1_16' title="bbox 2135 782 3811 866">
    <p class='ocr_par' dir='ltr' id='par_1_16' title="bbox 2135 782 3811 866">
     <span class='ocr_line' id='line_1_16' title="bbox 2135 782 3811 866; baseline -0.001 -21"><span class='ocrx_word' id='word_1_124' title='bbox 2135 795 2386 866; x_wconf 82' lang='grc' dir='ltr'>τύχωμεν</span> <span class='ocrx_word' id='word_1_125' title='bbox 2413 792 2521 846; x_wconf 88' lang='grc' dir='ltr'>τῶν</span> <span class='ocrx_word' id='word_1_126' title='bbox 2541 789 2964 861; x_wconf 71' lang='grc' dir='ltr'>ἐπηγγελμένων</span> <span class='ocrx_word' id='word_1_127' title='bbox 2994 788 3214 857; x_wconf 82' lang='grc' dir='ltr'>ἀγαθῶν</span> <span class='ocrx_word' id='word_1_128' title='bbox 3235 782 3337 843; x_wconf 80' lang='grc' dir='ltr'>’ὧν</span> <span class='ocrx_word' id='word_1_129' title='bbox 3359 789 3569 856; x_wconf 88' lang='grc' dir='ltr'>γένοιτο</span> <span class='ocrx_word' id='word_1_130' title='bbox 3596 790 3811 854; x_wconf 82' lang='grc' dir='ltr'>πάντας</span> 
     </span>
    </p>
   </div>
   <div class='ocr_carea' id='block_1_17' title="bbox 2135 875 3808 956">
    <p class='ocr_par' dir='ltr' id='par_1_17' title="bbox 2135 875 3808 956">
     <span class='ocr_line' id='line_1_17' title="bbox 2135 875 3808 956; baseline -0.005 -19"><span class='ocrx_word' id='word_1_131' title='bbox 2135 885 2285 956; x_wconf 80' lang='grc' dir='ltr'>ἡμᾶς</span> <span class='ocrx_word' id='word_1_132' title='bbox 2325 882 2624 951; x_wconf 74' lang='grc' dir='ltr'>ἐπιτυχεῖν,</span> <span class='ocrx_word' id='word_1_133' title='bbox 2671 880 2854 949; x_wconf 87' lang='grc' dir='ltr'>χάριτι</span> <span class='ocrx_word' id='word_1_134' title='bbox 2893 877 2996 956; x_wconf 1' lang='grc' dir='ltr'>καὶ,</span> <span class='ocrx_word' id='word_1_135' title='bbox 3024 875 3406 956; x_wconf 67' lang='grc' dir='ltr'>φιλανθρωπία</span> <span class='ocrx_word' id='word_1_136' title='bbox 3451 875 3546 928; x_wconf 89' lang='grc' dir='ltr'>τοῦ</span> <span class='ocrx_word' id='word_1_137' title='bbox 3597 877 3808 948; x_wconf 83' lang='grc' dir='ltr'>Κυρίου</span> 
     </span>
    </p>
   </div>
   <div class='ocr_carea' id='block_1_18' title="bbox 2131 953 3806 1040">
    <p class='ocr_par' dir='ltr' id='par_1_18' title="bbox 2131 953 3806 1040">
     <span class='ocr_line' id='line_1_18' title="bbox 2131 953 3806 1040; baseline -0.007 -17"><span class='ocrx_word' id='word_1_138' title='bbox 2131 953 2294 1040; x_wconf 80' lang='grc' dir='ltr'>ημῶν</span> <span class='ocrx_word' id='word_1_139' title='bbox 2333 967 2510 1040; x_wconf 86' lang='grc' dir='ltr'>ἰησοῦ</span> <span class='ocrx_word' id='word_1_140' title='bbox 2543 966 2803 1036; x_wconf 88' lang='grc' dir='ltr'>Χριστοῦ,</span> <span class='ocrx_word' id='word_1_141' title='bbox 2836 964 2902 1017; x_wconf 87' lang='grc' dir='ltr'>δι’</span> <span class='ocrx_word' id='word_1_142' title='bbox 2941 955 3002 1016; x_wconf 72' lang='grc' dir='ltr'>οὗ</span> <span class='ocrx_word' id='word_1_143' title='bbox 3048 964 3141 1016; x_wconf 72' lang='grc' dir='ltr'>καὶ</span> <span class='ocrx_word' id='word_1_144' title='bbox 3187 961 3304 1033; x_wconf 87' lang='grc' dir='ltr'>μεθ’</span> <span class='ocrx_word' id='word_1_145' title='bbox 3349 953 3410 1015; x_wconf 75' lang='grc' dir='ltr'>οὗ</span> <span class='ocrx_word' id='word_1_146' title='bbox 3447 960 3523 1032; x_wconf 83' lang='grc' dir='ltr'>τῷ</span> <span class='ocrx_word' id='word_1_147' title='bbox 3551 961 3726 1032; x_wconf 79' lang='grc' dir='ltr'>Πατρὶ</span> <span class='ocrx_word' id='word_1_148' title='bbox 3768 964 3806 1032; x_wconf 84' lang='grc' dir='ltr'>ή</span> 
     </span>
    </p>
   </div>
   <div class='ocr_carea' id='block_1_19' title="bbox 2134 1046 3808 1126">
    <p class='ocr_par' dir='ltr' id='par_1_19' title="bbox 2134 1046 3808 1126">
     <span class='ocr_line' id='line_1_19' title="bbox 2134 1046 3808 1126; baseline -0.007 -14"><span class='ocrx_word' id='word_1_149' title='bbox 2134 1055 2261 1122; x_wconf 81' lang='grc' dir='ltr'>δόξα</span> <span class='ocrx_word' id='word_1_150' title='bbox 2297 1057 2414 1124; x_wconf 76' lang='grc' dir='ltr'>ἅμα</span> <span class='ocrx_word' id='word_1_151' title='bbox 2451 1052 2530 1126; x_wconf 82' lang='grc' dir='ltr'>τῷ</span> <span class='ocrx_word' id='word_1_152' title='bbox 2555 1052 2698 1123; x_wconf 83' lang='grc' dir='ltr'>ἁγίῳ</span> <span class='ocrx_word' id='word_1_153' title='bbox 2727 1049 3005 1122; x_wconf 82' lang='grc' dir='ltr'>Πνεύματι</span> <span class='ocrx_word' id='word_1_154' title='bbox 3036 1051 3116 1114; x_wconf 82' lang='grc' dir='ltr'>είς</span> <span class='ocrx_word' id='word_1_155' title='bbox 3149 1050 3275 1114; x_wconf 84' lang='grc' dir='ltr'>τοὺς</span> <span class='ocrx_word' id='word_1_156' title='bbox 3304 1048 3508 1113; x_wconf 89' lang='grc' dir='ltr'>αἰῶνας</span> <span class='ocrx_word' id='word_1_157' title='bbox 3537 1048 3646 1102; x_wconf 87' lang='grc' dir='ltr'>τῶν</span> <span class='ocrx_word' id='word_1_158' title='bbox 3673 1046 3808 1102; x_wconf 76' lang='grc' dir='ltr'>αίώο</span> 
     </span>
    </p>
   </div>
   <div class='ocr_carea' id='block_1_20' title="bbox 2133 1138 2496 1208">
    <p class='ocr_par' dir='ltr' id='par_1_20' title="bbox 2133 1138 2496 1208">
     <span class='ocr_line' id='line_1_20' title="bbox 2133 1138 2496 1208; baseline -0.011 -14"><span class='ocrx_word' id='word_1_159' title='bbox 2133 1157 2259 1194; x_wconf 91' lang='grc' dir='ltr'>νων.</span> <span class='ocrx_word' id='word_1_160' title='bbox 2305 1138 2496 1208; x_wconf 71' lang='grc' dir='ltr'>Ἀμήν.</span> 
     </span>
    </p>
   </div>
   <div class='ocr_carea' id='block_1_21' title="bbox 1822 1325 3658 1356">
    <p class='ocr_par' dir='ltr' id='par_1_21' title="bbox 1822 1325 3658 1356">
     <span class='ocr_line' id='line_1_21' title="bbox 1822 1325 3658 1356; baseline 0 -2"><span class='ocrx_word' id='word_1_161' title='bbox 1822 1325 3658 1356; x_wconf 60' lang='lat'>-.~_————-—————_——-———_—_—-</span> 
     </span>
    </p>
   </div>
   <div class='ocr_carea' id='block_1_22' title="bbox 1905 1420 2244 1476">
    <p class='ocr_par' dir='ltr' id='par_1_22' title="bbox 1905 1420 2244 1476">
     <span class='ocr_line' id='line_1_22' title="bbox 1905 1420 2244 1476; baseline -0.012 0"><span class='ocrx_word' id='word_1_162' title='bbox 1905 1421 2143 1476; x_wconf 70' lang='lat' dir='ltr'>UMIAIA</span> <span class='ocrx_word' id='word_1_163' title='bbox 2170 1420 2244 1472; x_wconf 76' lang='lat' dir='ltr'>I&quot;.</span> 
     </span>
    </p>
   </div>
   <div class='ocr_carea' id='block_1_23' title="bbox 844 1513 1543 1588">
    <p class='ocr_par' dir='ltr' id='par_1_23' title="bbox 844 1513 1543 1588">
     <span class='ocr_line' id='line_1_23' title="bbox 844 1513 1543 1588; baseline 0.007 -21"><span class='ocrx_word' id='word_1_164' title='bbox 844 1515 946 1568; x_wconf 80' lang='grc' dir='ltr'><em>Ἔν</em></span> <span class='ocrx_word' id='word_1_165' title='bbox 971 1516 1131 1585; x_wconf 76' lang='grc' dir='ltr'>ἀρχῇ</span> <span class='ocrx_word' id='word_1_166' title='bbox 1168 1513 1246 1588; x_wconf 76' lang='grc' dir='ltr'>ἦν</span> <span class='ocrx_word' id='word_1_167' title='bbox 1275 1521 1309 1572; x_wconf 87' lang='grc' dir='ltr'><em>ὁ</em></span> <span class='ocrx_word' id='word_1_168' title='bbox 1329 1519 1543 1587; x_wconf 72' lang='grc' dir='ltr'>Λόγος.</span> 
     </span>
    </p>
   </div>
   <div class='ocr_carea' id='block_1_24' title="bbox 429 1623 2033 1699">
    <p class='ocr_par' dir='ltr' id='par_1_24' title="bbox 429 1623 2033 1699">
     <span class='ocr_line' id='line_1_24' title="bbox 429 1623 2033 1699; baseline 0.001 -24"><span class='ocrx_word' id='word_1_169' title='bbox 429 1628 500 1676; x_wconf 74' lang='grc' dir='ltr'>α’.</span> <span class='ocrx_word' id='word_1_170' title='bbox 541 1623 821 1694; x_wconf 79' lang='grc' dir='ltr'>Προσοχῆς</span> <span class='ocrx_word' id='word_1_171' title='bbox 859 1626 958 1691; x_wconf 83' lang='grc' dir='ltr'>μὲν</span> <span class='ocrx_word' id='word_1_172' title='bbox 990 1627 1177 1680; x_wconf 76' lang='grc' dir='ltr'>ἕνεκεν</span> <span class='ocrx_word' id='word_1_173' title='bbox 1202 1629 1300 1698; x_wconf 81' lang='grc' dir='ltr'>τῆς</span> <span class='ocrx_word' id='word_1_174' title='bbox 1335 1630 1464 1699; x_wconf 89' lang='grc' dir='ltr'>περί</span> <span class='ocrx_word' id='word_1_175' title='bbox 1487 1628 1583 1698; x_wconf 76' lang='grc' dir='ltr'>τὴν</span> <span class='ocrx_word' id='word_1_176' title='bbox 1607 1627 1890 1698; x_wconf 88' lang='grc' dir='ltr'>ἀκρόασιν,</span> <span class='ocrx_word' id='word_1_177' title='bbox 1931 1639 2033 1677; x_wconf 82' lang='grc' dir='ltr'>πε-</span> 
     </span>
    </p>
   </div>
   <div class='ocr_carea' id='block_1_25' title="bbox 364 1707 2033 1785">
    <p class='ocr_par' dir='ltr' id='par_1_25' title="bbox 364 1707 2033 1785">
     <span class='ocr_line' id='line_1_25' title="bbox 364 1707 2033 1785; baseline 0.004 -27"><span class='ocrx_word' id='word_1_178' title='bbox 364 1707 543 1776; x_wconf 82' lang='grc' dir='ltr'>ριττὸν</span> <span class='ocrx_word' id='word_1_179' title='bbox 564 1707 750 1762; x_wconf 86' lang='grc' dir='ltr'>λοιπὸν</span> <span class='ocrx_word' id='word_1_180' title='bbox 777 1711 906 1780; x_wconf 70' lang='grc' dir='ltr'>ὑμῖν</span> <span class='ocrx_word' id='word_1_181' title='bbox 943 1716 1254 1777; x_wconf 73' lang='grc' dir='ltr'>παραινεῖν·</span> <span class='ocrx_word' id='word_1_182' title='bbox 1288 1714 1431 1766; x_wconf 74' lang='grc' dir='ltr'>οὕτω</span> <span class='ocrx_word' id='word_1_183' title='bbox 1467 1714 1678 1785; x_wconf 83' lang='grc' dir='ltr'>ταχέως</span> <span class='ocrx_word' id='word_1_184' title='bbox 1703 1714 1804 1783; x_wconf 81' lang='grc' dir='ltr'>τὴν</span> <span class='ocrx_word' id='word_1_185' title='bbox 1833 1712 2033 1781; x_wconf 86' lang='grc' dir='ltr'>παραί-</span> 
     </span>
    </p>
   </div>
   <div class='ocr_carea' id='block_1_26' title="bbox 361 1794 2032 1870">
    <p class='ocr_par' dir='ltr' id='par_1_26' title="bbox 361 1794 2032 1870">
     <span class='ocr_line' id='line_1_26' title="bbox 361 1794 2032 1870; baseline 0.004 -24"><span class='ocrx_word' id='word_1_186' title='bbox 361 1809 512 1846; x_wconf 78' lang='grc' dir='ltr'>νεσιν</span> <span class='ocrx_word' id='word_1_187' title='bbox 539 1794 768 1848; x_wconf 75' lang='grc' dir='ltr'>ἐπὶτῶν</span> <span class='ocrx_word' id='word_1_188' title='bbox 791 1797 968 1868; x_wconf 80' lang='grc' dir='ltr'>ἐργων</span> <span class='ocrx_word' id='word_1_189' title='bbox 995 1799 1254 1864; x_wconf 77' lang='grc' dir='ltr'>ἐδείξατε.</span> <span class='ocrx_word' id='word_1_190' title='bbox 1291 1801 1365 1852; x_wconf 89' lang='grc' dir='ltr'><strong>Ἦ</strong></span> <span class='ocrx_word' id='word_1_191' title='bbox 1397 1817 1458 1853; x_wconf 91' lang='grc' dir='ltr'>τε</span> <span class='ocrx_word' id='word_1_192' title='bbox 1496 1801 1604 1870; x_wconf 83' lang='grc' dir='ltr'>γὰρ</span> <span class='ocrx_word' id='word_1_193' title='bbox 1640 1797 1936 1868; x_wconf 83' lang='grc' dir='ltr'>συνδρομὴ,</span> <span class='ocrx_word' id='word_1_194' title='bbox 1971 1796 2032 1849; x_wconf 85' lang='grc' dir='ltr'>τό</span> 
     </span>
    </p>
   </div>
   <div class='ocr_carea' id='block_1_27' title="bbox 359 1878 2032 1952">
    <p class='ocr_par' dir='ltr' id='par_1_27' title="bbox 359 1878 2032 1952">
     <span class='ocr_line' id='line_1_27' title="bbox 359 1878 2032 1952; baseline 0.002 -22"><span class='ocrx_word' id='word_1_195' title='bbox 359 1893 422 1930; x_wconf 85' lang='grc' dir='ltr'>τε</span> <span class='ocrx_word' id='word_1_196' title='bbox 447 1878 636 1942; x_wconf 84' lang='grc' dir='ltr'>ἀτενὲς</span> <span class='ocrx_word' id='word_1_197' title='bbox 673 1880 778 1951; x_wconf 72' lang='grc' dir='ltr'>τῆς</span> <span class='ocrx_word' id='word_1_198' title='bbox 821 1885 1086 1948; x_wconf 89' lang='grc' dir='ltr'>στάσεως,</span> <span class='ocrx_word' id='word_1_199' title='bbox 1138 1886 1233 1938; x_wconf 72' lang='grc' dir='ltr'>καὶ</span> <span class='ocrx_word' id='word_1_200' title='bbox 1268 1886 1330 1938; x_wconf 84' lang='grc' dir='ltr'>τὸ</span> <span class='ocrx_word' id='word_1_201' title='bbox 1360 1886 1734 1948; x_wconf 81' lang='grc' dir='ltr'>συνωθοῦντας</span> <span class='ocrx_word' id='word_1_202' title='bbox 1773 1883 2032 1952; x_wconf 78' lang='grc' dir='ltr'>ἀλλήλους</span> 
     </span>
    </p>
   </div>
   <div class='ocr_carea' id='block_1_28' title="bbox 359 1962 2032 2038">
    <p class='ocr_par' dir='ltr' id='par_1_28' title="bbox 359 1962 2032 2038">
     <span class='ocr_line' id='line_1_28' title="bbox 359 1962 2032 2038; baseline 0.003 -22"><span class='ocrx_word' id='word_1_203' title='bbox 359 1962 454 2017; x_wconf 76' lang='grc' dir='ltr'>τὸν</span> <span class='ocrx_word' id='word_1_204' title='bbox 492 1965 753 2036; x_wconf 80' lang='grc' dir='ltr'>ἐνδοτέρω</span> <span class='ocrx_word' id='word_1_205' title='bbox 773 1968 937 2021; x_wconf 85' lang='grc' dir='ltr'>τόπον</span> <span class='ocrx_word' id='word_1_206' title='bbox 965 1969 1282 2038; x_wconf 73' lang='grc' dir='ltr'>ἐπείγεσθαι</span> <span class='ocrx_word' id='word_1_207' title='bbox 1311 1971 1660 2032; x_wconf 87' lang='grc' dir='ltr'>καταλαϐεῖν,</span> <span class='ocrx_word' id='word_1_208' title='bbox 1699 1971 1791 2024; x_wconf 70' lang='grc' dir='ltr'>καὶ</span> <span class='ocrx_word' id='word_1_209' title='bbox 1815 1970 1936 2024; x_wconf 83' lang='grc' dir='ltr'>ὅθεν</span> <span class='ocrx_word' id='word_1_210' title='bbox 1965 1968 2032 2022; x_wconf 83' lang='grc' dir='ltr'>ἀν</span> 
     </span>
    </p>
   </div>
   <div class='ocr_carea' id='block_1_29' title="bbox 360 2048 2034 2127">
    <p class='ocr_par' dir='ltr' id='par_1_29' title="bbox 360 2048 2034 2127">
     <span class='ocr_line' id='line_1_29' title="bbox 360 2048 2034 2127; baseline 0.004 -25"><span class='ocrx_word' id='word_1_211' title='bbox 360 2048 709 2122; x_wconf 82' lang='grc' dir='ltr'>εὐσημοτέρα</span> <span class='ocrx_word' id='word_1_212' title='bbox 742 2052 954 2121; x_wconf 86' lang='grc' dir='ltr'>γένοιτο</span> <span class='ocrx_word' id='word_1_213' title='bbox 1004 2057 1132 2126; x_wconf 84' lang='grc' dir='ltr'>ὑμῖν</span> <span class='ocrx_word' id='word_1_214' title='bbox 1159 2059 1192 2125; x_wconf 79' lang='grc' dir='ltr'>ἡ</span> <span class='ocrx_word' id='word_1_215' title='bbox 1241 2057 1368 2127; x_wconf 87' lang='grc' dir='ltr'>παρ’</span> <span class='ocrx_word' id='word_1_216' title='bbox 1423 2057 1579 2127; x_wconf 85' lang='grc' dir='ltr'>ήμῶν</span> <span class='ocrx_word' id='word_1_217' title='bbox 1613 2055 1785 2126; x_wconf 80' lang='grc' dir='ltr'>φωνὴ,</span> <span class='ocrx_word' id='word_1_218' title='bbox 1838 2056 1932 2109; x_wconf 73' lang='grc' dir='ltr'>καὶ</span> <span class='ocrx_word' id='word_1_219' title='bbox 1970 2055 2034 2108; x_wconf 87' lang='grc' dir='ltr'>τὸ</span> 
     </span>
    </p>
   </div>
   <div class='ocr_carea' id='block_1_30' title="bbox 358 2135 2028 2213">
    <p class='ocr_par' dir='ltr' id='par_1_30' title="bbox 358 2135 2028 2213">
     <span class='ocr_line' id='line_1_30' title="bbox 358 2135 2028 2213; baseline 0.002 -25"><span class='ocrx_word' id='word_1_220' title='bbox 358 2135 720 2207; x_wconf 78' lang='grc' dir='ltr'>πιεζομένους</span> <span class='ocrx_word' id='word_1_221' title='bbox 754 2139 827 2210; x_wconf 77' lang='grc' dir='ltr'>μὴ</span> <span class='ocrx_word' id='word_1_222' title='bbox 851 2141 1024 2193; x_wconf 81' lang='grc' dir='ltr'>θέλειν</span> <span class='ocrx_word' id='word_1_223' title='bbox 1046 2141 1371 2213; x_wconf 84' lang='grc' dir='ltr'>ἀναχωρεῖν,</span> <span class='ocrx_word' id='word_1_224' title='bbox 1398 2144 1500 2206; x_wconf 74' lang='grc' dir='ltr'>ἕως</span> <span class='ocrx_word' id='word_1_225' title='bbox 1531 2141 1597 2194; x_wconf 75' lang='grc' dir='ltr'>ἂν</span> <span class='ocrx_word' id='word_1_226' title='bbox 1627 2143 1687 2194; x_wconf 86' lang='grc' dir='ltr'>τὸ</span> <span class='ocrx_word' id='word_1_227' title='bbox 1729 2158 2028 2211; x_wconf 82' lang='grc' dir='ltr'>πνευματι-</span> 
     </span>
    </p>
   </div>
   <div class='ocr_carea' id='block_1_31' title="bbox 359 2221 2032 2299">
    <p class='ocr_par' dir='ltr' id='par_1_31' title="bbox 359 2221 2032 2299">
     <span class='ocr_line' id='line_1_31' title="bbox 359 2221 2032 2299; baseline 0.004 -25"><span class='ocrx_word' id='word_1_228' title='bbox 359 2221 461 2276; x_wconf 83' lang='grc' dir='ltr'>κὸν</span> <span class='ocrx_word' id='word_1_229' title='bbox 495 2223 656 2278; x_wconf 86' lang='grc' dir='ltr'>τοῦτο</span> <span class='ocrx_word' id='word_1_230' title='bbox 681 2225 904 2298; x_wconf 71' lang='grc' dir='ltr'>διαλυθῇ</span> <span class='ocrx_word' id='word_1_231' title='bbox 935 2227 1181 2299; x_wconf 84' lang='grc' dir='ltr'>θέατρον,</span> <span class='ocrx_word' id='word_1_232' title='bbox 1214 2230 1308 2282; x_wconf 72' lang='grc' dir='ltr'>καὶ</span> <span class='ocrx_word' id='word_1_233' title='bbox 1337 2230 1386 2282; x_wconf 86' lang='grc' dir='ltr'><strong>οἱ</strong></span> <span class='ocrx_word' id='word_1_234' title='bbox 1409 2229 1616 2299; x_wconf 84' lang='grc' dir='ltr'>κρότοι,</span> <span class='ocrx_word' id='word_1_235' title='bbox 1659 2228 1754 2281; x_wconf 79' lang='grc' dir='ltr'>καὶ</span> <span class='ocrx_word' id='word_1_236' title='bbox 1791 2230 1840 2280; x_wconf 86' lang='grc' dir='ltr'>οἰ</span> <span class='ocrx_word' id='word_1_237' title='bbox 1879 2227 2032 2298; x_wconf 83' lang='grc' dir='ltr'>θόρυ-</span> 
     </span>
    </p>
   </div>
   <div class='ocr_carea' id='block_1_32' title="bbox 358 2309 2030 2387">
    <p class='ocr_par' dir='ltr' id='par_1_32' title="bbox 358 2309 2030 2387">
     <span class='ocr_line' id='line_1_32' title="bbox 358 2309 2030 2387; baseline 0.004 -26"><span class='ocrx_word' id='word_1_238' title='bbox 358 2309 464 2373; x_wconf 74' lang='grc' dir='ltr'>σοι,</span> <span class='ocrx_word' id='word_1_239' title='bbox 511 2313 610 2364; x_wconf 74' lang='grc' dir='ltr'>καὶ</span> <span class='ocrx_word' id='word_1_240' title='bbox 649 2314 829 2367; x_wconf 88' lang='grc' dir='ltr'>πάντα</span> <span class='ocrx_word' id='word_1_241' title='bbox 861 2313 1046 2378; x_wconf 79' lang='grc' dir='ltr'>ἁπλῶς</span> <span class='ocrx_word' id='word_1_242' title='bbox 1069 2316 1139 2368; x_wconf 79' lang='grc' dir='ltr'>τὰ</span> <span class='ocrx_word' id='word_1_243' title='bbox 1169 2317 1415 2379; x_wconf 85' lang='grc' dir='ltr'>τοιαῦτα,</span> <span class='ocrx_word' id='word_1_244' title='bbox 1453 2320 1753 2387; x_wconf 82' lang='grc' dir='ltr'>τεκμήριον</span> <span class='ocrx_word' id='word_1_245' title='bbox 1780 2329 1804 2357; x_wconf 73' lang='grc' dir='ltr'>ι</span> <span class='ocrx_word' id='word_1_246' title='bbox 1833 2319 1933 2386; x_wconf 83' lang='grc' dir='ltr'>τῆς</span> <span class='ocrx_word' id='word_1_247' title='bbox 1970 2317 2030 2368; x_wconf 84' lang='grc' dir='ltr'>ἐν</span> 
     </span>
    </p>
   </div>
   <div class='ocr_carea' id='block_1_33' title="bbox 357 2396 2030 2473">
    <p class='ocr_par' dir='ltr' id='par_1_33' title="bbox 357 2396 2030 2473">
     <span class='ocr_line' id='line_1_33' title="bbox 357 2396 2030 2473; baseline 0.005 -25"><span class='ocrx_word' id='word_1_248' title='bbox 357 2399 426 2466; x_wconf 77' lang='grc' dir='ltr'>τῇ</span> <span class='ocrx_word' id='word_1_249' title='bbox 449 2396 594 2468; x_wconf 74' lang='grc' dir='ltr'>ψυχῇ</span> <span class='ocrx_word' id='word_1_250' title='bbox 613 2396 949 2470; x_wconf 76' lang='grc' dir='ltr'>θερμότητος</span> <span class='ocrx_word' id='word_1_251' title='bbox 980 2401 1052 2454; x_wconf 80' lang='grc' dir='ltr'>ἂν</span> <span class='ocrx_word' id='word_1_252' title='bbox 1078 2402 1163 2471; x_wconf 72' lang='grc' dir='ltr'>εἴη</span> <span class='ocrx_word' id='word_1_253' title='bbox 1191 2404 1288 2456; x_wconf 73' lang='grc' dir='ltr'>καὶ</span> <span class='ocrx_word' id='word_1_254' title='bbox 1311 2404 1415 2472; x_wconf 77' lang='grc' dir='ltr'>τῆς</span> <span class='ocrx_word' id='word_1_255' title='bbox 1431 2403 1719 2472; x_wconf 75' lang='grc' dir='ltr'>φιληκοΐας</span> <span class='ocrx_word' id='word_1_256' title='bbox 1736 2404 1910 2473; x_wconf 81' lang='grc' dir='ltr'>ὑμῶν.</span> <span class='ocrx_word' id='word_1_257' title='bbox 1937 2404 2030 2456; x_wconf 85' lang='grc' dir='ltr'>Διὸ</span> 
     </span>
    </p>
   </div>
   <div class='ocr_carea' id='block_1_34' title="bbox 358 2483 2030 2561">
    <p class='ocr_par' dir='ltr' id='par_1_34' title="bbox 358 2483 2030 2561">
     <span class='ocr_line' id='line_1_34' title="bbox 358 2483 2030 2561; baseline 0.004 -27"><span class='ocrx_word' id='word_1_258' title='bbox 358 2483 452 2535; x_wconf 81' lang='grc' dir='ltr'>καὶ</span> <span class='ocrx_word' id='word_1_259' title='bbox 479 2485 732 2553; x_wconf 79' lang='grc' dir='ltr'>περιττὸν</span> <span class='ocrx_word' id='word_1_260' title='bbox 762 2486 896 2557; x_wconf 79' lang='grc' dir='ltr'>περὶ</span> <span class='ocrx_word' id='word_1_261' title='bbox 929 2487 1120 2541; x_wconf 92' lang='grc' dir='ltr'>τούτου</span> <span class='ocrx_word' id='word_1_262' title='bbox 1157 2491 1504 2561; x_wconf 81' lang='grc' dir='ltr'>παρεγγυᾷν·</span> <span class='ocrx_word' id='word_1_263' title='bbox 1533 2491 1705 2543; x_wconf 88' lang='grc' dir='ltr'>ἐκεῖνο</span> <span class='ocrx_word' id='word_1_264' title='bbox 1733 2490 1912 2560; x_wconf 88' lang='grc' dir='ltr'>μέντοι</span> <span class='ocrx_word' id='word_1_265' title='bbox 1951 2491 2030 2542; x_wconf 84' lang='grc' dir='ltr'>εἰ-</span> 
     </span>
    </p>
   </div>
   <div class='ocr_carea' id='block_1_35' title="bbox 334 2571 2030 2648">
    <p class='ocr_par' dir='ltr' id='par_1_35' title="bbox 334 2571 2030 2648">
     <span class='ocr_line' id='line_1_35' title="bbox 334 2571 2030 2648; baseline 0.005 -27"><span class='ocrx_word' id='word_1_266' title='bbox 334 2571 483 2638; x_wconf 19' lang='grc' dir='ltr'>⁸ἰιιιεῖν</span> <span class='ocrx_word' id='word_1_267' title='bbox 512 2572 608 2625; x_wconf 79' lang='grc' dir='ltr'>καὶ</span> <span class='ocrx_word' id='word_1_268' title='bbox 637 2574 1016 2643; x_wconf 81' lang='grc' dir='ltr'>παρακαλέσαι</span> <span class='ocrx_word' id='word_1_269' title='bbox 1037 2576 1334 2644; x_wconf 85' lang='grc' dir='ltr'>ἀναγκαῖον</span> <span class='ocrx_word' id='word_1_270' title='bbox 1356 2579 1508 2648; x_wconf 83' lang='grc' dir='ltr'>ήμῖν,</span> <span class='ocrx_word' id='word_1_271' title='bbox 1527 2577 1667 2630; x_wconf 82' lang='grc' dir='ltr'>ὥστε</span> <span class='ocrx_word' id='word_1_272' title='bbox 1697 2580 1875 2647; x_wconf 85' lang='grc' dir='ltr'>μεῖναι</span> <span class='ocrx_word' id='word_1_273' title='bbox 1897 2576 2030 2630; x_wconf 86' lang='grc' dir='ltr'>ταύ-</span> 
     </span>
    </p>
   </div>
   <div class='ocr_carea' id='block_1_36' title="bbox 355 2656 2030 2734">
    <p class='ocr_par' dir='ltr' id='par_1_36' title="bbox 355 2656 2030 2734">
     <span class='ocr_line' id='line_1_36' title="bbox 355 2656 2030 2734; baseline 0.002 -24"><span class='ocrx_word' id='word_1_274' title='bbox 355 2670 462 2727; x_wconf 73' lang='grc' dir='ltr'>την</span> <span class='ocrx_word' id='word_1_275' title='bbox 487 2656 711 2727; x_wconf 64' lang='grc' dir='ltr'>ἔχοντας</span> <span class='ocrx_word' id='word_1_276' title='bbox 739 2659 836 2731; x_wconf 63' lang='grc' dir='ltr'>τὴν</span> <span class='ocrx_word' id='word_1_277' title='bbox 860 2661 1096 2733; x_wconf 83' lang='grc' dir='ltr'>σπουδήν</span> <span class='ocrx_word' id='word_1_278' title='bbox 1114 2680 1129 2694; x_wconf 85' lang='grc'>·</span> <span class='ocrx_word' id='word_1_279' title='bbox 1160 2663 1255 2716; x_wconf 75' lang='grc' dir='ltr'>καὶ</span> <span class='ocrx_word' id='word_1_280' title='bbox 1289 2664 1363 2734; x_wconf 84' lang='grc' dir='ltr'>μὴ</span> <span class='ocrx_word' id='word_1_281' title='bbox 1395 2663 1555 2733; x_wconf 87' lang='grc' dir='ltr'>μόνον</span> <span class='ocrx_word' id='word_1_282' title='bbox 1593 2663 1824 2716; x_wconf 86' lang='grc' dir='ltr'>ἐνταῦθα</span> <span class='ocrx_word' id='word_1_283' title='bbox 1861 2662 2030 2732; x_wconf 81' lang='grc' dir='ltr'>αὐτὴν</span> 
     </span>
    </p>
   </div>
   <div class='ocr_carea' id='block_1_37' title="bbox 356 2740 2028 2818">
    <p class='ocr_par' dir='ltr' id='par_1_37' title="bbox 356 2740 2028 2818">
     <span class='ocr_line' id='line_1_37' title="bbox 356 2740 2028 2818; baseline 0.005 -26"><span class='ocrx_word' id='word_1_284' title='bbox 356 2740 784 2808; x_wconf 74' lang='grc' dir='ltr'>ἐπιδείκνυσθαι,</span> <span class='ocrx_word' id='word_1_285' title='bbox 821 2745 956 2800; x_wconf 85' lang='grc' dir='ltr'>ἀλλά</span> <span class='ocrx_word' id='word_1_286' title='bbox 997 2747 1091 2800; x_wconf 73' lang='grc' dir='ltr'>καὶ</span> <span class='ocrx_word' id='word_1_287' title='bbox 1145 2748 1282 2801; x_wconf 83' lang='grc' dir='ltr'>οἰκοι</span> <span class='ocrx_word' id='word_1_288' title='bbox 1322 2749 1668 2818; x_wconf 88' lang='grc' dir='ltr'>γενομένους,</span> <span class='ocrx_word' id='word_1_289' title='bbox 1720 2747 1813 2801; x_wconf 87' lang='grc' dir='ltr'>τὸν</span> <span class='ocrx_word' id='word_1_290' title='bbox 1863 2747 2028 2818; x_wconf 80' lang='grc' dir='ltr'>ἄνδρα</span> 
     </span>
    </p>
   </div>
   <div class='ocr_carea' id='block_1_38' title="bbox 355 2823 2031 2900">
    <p class='ocr_par' dir='ltr' id='par_1_38' title="bbox 355 2823 2031 2900">
     <span class='ocr_line' id='line_1_38' title="bbox 355 2823 2031 2900; baseline 0.003 -25"><span class='ocrx_word' id='word_1_291' title='bbox 355 2823 496 2894; x_wconf 81' lang='grc' dir='ltr'>πρὸς</span> <span class='ocrx_word' id='word_1_292' title='bbox 525 2824 623 2896; x_wconf 76' lang='grc' dir='ltr'>τὴν</span> <span class='ocrx_word' id='word_1_293' title='bbox 645 2831 899 2894; x_wconf 84' lang='grc' dir='ltr'>γυναῖκα,</span> <span class='ocrx_word' id='word_1_294' title='bbox 933 2827 1024 2882; x_wconf 80' lang='grc' dir='ltr'>τὸν</span> <span class='ocrx_word' id='word_1_295' title='bbox 1045 2829 1257 2900; x_wconf 84' lang='grc' dir='ltr'>πατέρα</span> <span class='ocrx_word' id='word_1_296' title='bbox 1281 2831 1417 2900; x_wconf 84' lang='grc' dir='ltr'>πρὸς</span> <span class='ocrx_word' id='word_1_297' title='bbox 1440 2830 1530 2882; x_wconf 81' lang='grc' dir='ltr'>τὸν</span> <span class='ocrx_word' id='word_1_298' title='bbox 1569 2829 1732 2882; x_wconf 86' lang='grc' dir='ltr'>παῖδα</span> <span class='ocrx_word' id='word_1_299' title='bbox 1758 2829 1884 2900; x_wconf 89' lang='grc' dir='ltr'>περί</span> <span class='ocrx_word' id='word_1_300' title='bbox 1909 2828 2031 2881; x_wconf 83' lang='grc' dir='ltr'>τού-</span> 
     </span>
    </p>
   </div>
   <div class='ocr_carea' id='block_1_39' title="bbox 354 2909 2032 2986">
    <p class='ocr_par' dir='ltr' id='par_1_39' title="bbox 354 2909 2032 2986">
     <span class='ocr_line' id='line_1_39' title="bbox 354 2909 2032 2986; baseline 0.003 -25"><span class='ocrx_word' id='word_1_301' title='bbox 354 2925 466 2963; x_wconf 90' lang='grc' dir='ltr'>των</span> <span class='ocrx_word' id='word_1_302' title='bbox 489 2909 865 2980; x_wconf 84' lang='grc' dir='ltr'>διαλέγεσθαι·</span> <span class='ocrx_word' id='word_1_303' title='bbox 896 2915 990 2967; x_wconf 69' lang='grc' dir='ltr'>καὶ</span> <span class='ocrx_word' id='word_1_304' title='bbox 1023 2915 1206 2983; x_wconf 84' lang='grc' dir='ltr'>λέγειν</span> <span class='ocrx_word' id='word_1_305' title='bbox 1236 2916 1336 2986; x_wconf 81' lang='grc' dir='ltr'>μὲν</span> <span class='ocrx_word' id='word_1_306' title='bbox 1372 2915 1440 2968; x_wconf 86' lang='grc' dir='ltr'>τὰ</span> <span class='ocrx_word' id='word_1_307' title='bbox 1468 2916 1598 2986; x_wconf 86' lang='grc' dir='ltr'>παρ’</span> <span class='ocrx_word' id='word_1_308' title='bbox 1623 2914 1835 2979; x_wconf 87' lang='grc' dir='ltr'>ἐαυτοῦ,</span> <span class='ocrx_word' id='word_1_309' title='bbox 1872 2915 2032 2967; x_wconf 87' lang='grc' dir='ltr'>ἀπαι-</span> 
     </span>
    </p>
   </div>
   <div class='ocr_carea' id='block_1_40' title="bbox 357 2997 2029 3072">
    <p class='ocr_par' dir='ltr' id='par_1_40' title="bbox 357 2997 2029 3072">
     <span class='ocr_line' id='line_1_40' title="bbox 357 2997 2029 3072; baseline 0.003 -24"><span class='ocrx_word' id='word_1_310' title='bbox 357 2999 477 3050; x_wconf 71' lang='grc' dir='ltr'>τεῖν</span> <span class='ocrx_word' id='word_1_311' title='bbox 499 2997 557 3051; x_wconf 81' lang='grc' dir='ltr'>δέ</span> <span class='ocrx_word' id='word_1_312' title='bbox 586 2999 659 3052; x_wconf 87' lang='grc' dir='ltr'>τά</span> <span class='ocrx_word' id='word_1_313' title='bbox 685 3003 815 3071; x_wconf 82' lang='grc' dir='ltr'>παρ’</span> <span class='ocrx_word' id='word_1_314' title='bbox 845 3001 1093 3065; x_wconf 89' lang='grc' dir='ltr'>ἐκείνων,</span> <span class='ocrx_word' id='word_1_315' title='bbox 1126 3003 1220 3056; x_wconf 85' lang='grc' dir='ltr'>καί</span> <span class='ocrx_word' id='word_1_316' title='bbox 1247 3003 1338 3055; x_wconf 84' lang='grc' dir='ltr'>τὸν</span> <span class='ocrx_word' id='word_1_317' title='bbox 1359 3001 1520 3056; x_wconf 81' lang='grc' dir='ltr'>καλὸν</span> <span class='ocrx_word' id='word_1_318' title='bbox 1543 3002 1732 3055; x_wconf 90' lang='grc' dir='ltr'>τοῦτον</span> <span class='ocrx_word' id='word_1_319' title='bbox 1753 3001 2029 3072; x_wconf 73' lang='grc' dir='ltr'>εἰσφέρειν</span> 
     </span>
    </p>
   </div>
   <div class='ocr_carea' id='block_1_41' title="bbox 359 3083 2029 3161">
    <p class='ocr_par' dir='ltr' id='par_1_41' title="bbox 359 3083 2029 3161">
     <span class='ocr_line' id='line_1_41' title="bbox 359 3083 2029 3161; baseline 0.002 -23"><span class='ocrx_word' id='word_1_320' title='bbox 359 3083 608 3151; x_wconf 73' lang='grc' dir='ltr'>ἅπαντας</span> <span class='ocrx_word' id='word_1_321' title='bbox 636 3087 850 3159; x_wconf 76' lang='grc' dir='ltr'>ἔρανον.</span> <span class='ocrx_word' id='word_1_322' title='bbox 881 3089 973 3161; x_wconf 78' lang='grc' dir='ltr'>Μὴ</span> <span class='ocrx_word' id='word_1_323' title='bbox 1008 3090 1117 3161; x_wconf 88' lang='grc' dir='ltr'>γάρ</span> <span class='ocrx_word' id='word_1_324' title='bbox 1145 3107 1235 3160; x_wconf 84' lang='grc' dir='ltr'>μοι</span> <span class='ocrx_word' id='word_1_325' title='bbox 1274 3089 1478 3158; x_wconf 79' lang='grc' dir='ltr'>λεγέτω</span> <span class='ocrx_word' id='word_1_326' title='bbox 1511 3107 1613 3152; x_wconf 83' lang='grc' dir='ltr'>τις,</span> <span class='ocrx_word' id='word_1_327' title='bbox 1639 3091 1720 3142; x_wconf 83' lang='grc' dir='ltr'>ὅτι</span> <span class='ocrx_word' id='word_1_328' title='bbox 1747 3089 1814 3141; x_wconf 84' lang='grc' dir='ltr'>τὰ</span> <span class='ocrx_word' id='word_1_329' title='bbox 1843 3088 2029 3141; x_wconf 85' lang='grc' dir='ltr'>παιδία</span> 
     </span>
    </p>
   </div>
   <div class='ocr_carea' id='block_1_42' title="bbox 362 3172 2030 3247">
    <p class='ocr_par' dir='ltr' id='par_1_42' title="bbox 362 3172 2030 3247">
     <span class='ocr_line' id='line_1_42' title="bbox 362 3172 2030 3247; baseline 0.005 -24"><span class='ocrx_word' id='word_1_330' title='bbox 362 3172 501 3242; x_wconf 81' lang='grc' dir='ltr'>πρὸς</span> <span class='ocrx_word' id='word_1_331' title='bbox 530 3175 705 3229; x_wconf 85' lang='grc' dir='ltr'>ταῦτα</span> <span class='ocrx_word' id='word_1_332' title='bbox 728 3178 860 3247; x_wconf 85' lang='grc' dir='ltr'>ήμῖν</span> <span class='ocrx_word' id='word_1_333' title='bbox 892 3177 1300 3247; x_wconf 85' lang='grc' dir='ltr'>ἀπησχολῆσθαι</span> <span class='ocrx_word' id='word_1_334' title='bbox 1327 3178 1388 3230; x_wconf 87' lang='grc' dir='ltr'>οὐ</span> <span class='ocrx_word' id='word_1_335' title='bbox 1428 3178 1529 3247; x_wconf 83' lang='grc' dir='ltr'>χρή</span> <span class='ocrx_word' id='word_1_336' title='bbox 1553 3193 1568 3208; x_wconf 77' lang='grc'><em>’</em></span> <span class='ocrx_word' id='word_1_337' title='bbox 1591 3177 1758 3247; x_wconf 86' lang='grc' dir='ltr'>ἐχρῆν</span> <span class='ocrx_word' id='word_1_338' title='bbox 1789 3176 1887 3246; x_wconf 85' lang='grc' dir='ltr'>μὲν</span> <span class='ocrx_word' id='word_1_339' title='bbox 1920 3175 2030 3246; x_wconf 82' lang='grc' dir='ltr'>γὰρ</span> 
     </span>
    </p>
   </div>
   <div class='ocr_carea' id='block_1_43' title="bbox 355 3259 2029 3335">
    <p class='ocr_par' dir='ltr' id='par_1_43' title="bbox 355 3259 2029 3335">
     <span class='ocr_line' id='line_1_43' title="bbox 355 3259 2029 3335; baseline 0.002 -24"><span class='ocrx_word' id='word_1_340' title='bbox 355 3259 417 3312; x_wconf 85' lang='grc' dir='ltr'>ού</span> <span class='ocrx_word' id='word_1_341' title='bbox 453 3260 612 3330; x_wconf 90' lang='grc' dir='ltr'>μόνον</span> <span class='ocrx_word' id='word_1_342' title='bbox 634 3263 1066 3335; x_wconf 76' lang='grc' dir='ltr'>ἀπησχολῆσθαι,</span> <span class='ocrx_word' id='word_1_343' title='bbox 1092 3263 1227 3316; x_wconf 90' lang='grc' dir='ltr'>ἀλλά</span> <span class='ocrx_word' id='word_1_344' title='bbox 1249 3264 1343 3316; x_wconf 78' lang='grc' dir='ltr'>καὶ</span> <span class='ocrx_word' id='word_1_345' title='bbox 1361 3265 1420 3316; x_wconf 88' lang='grc' dir='ltr'>ἐν</span> <span class='ocrx_word' id='word_1_346' title='bbox 1446 3263 1656 3322; x_wconf 82' lang='grc' dir='ltr'>τούτοις</span> <span class='ocrx_word' id='word_1_347' title='bbox 1687 3263 1867 3332; x_wconf 86' lang='grc' dir='ltr'>μόνοις</span> <span class='ocrx_word' id='word_1_348' title='bbox 1885 3261 2029 3330; x_wconf 82' lang='grc' dir='ltr'>ἐχειν</span> 
     </span>
    </p>
   </div>
   <div class='ocr_carea' id='block_1_44' title="bbox 357 3345 2030 3420">
    <p class='ocr_par' dir='ltr' id='par_1_44' title="bbox 357 3345 2030 3420">
     <span class='ocr_line' id='line_1_44' title="bbox 357 3345 2030 3420; baseline 0.002 -23"><span class='ocrx_word' id='word_1_349' title='bbox 357 3345 458 3416; x_wconf 79' lang='grc' dir='ltr'>τὴν</span> <span class='ocrx_word' id='word_1_350' title='bbox 480 3349 737 3417; x_wconf 81' lang='grc' dir='ltr'>σπουδήν.</span> <span class='ocrx_word' id='word_1_351' title='bbox 761 3350 906 3420; x_wconf 81' lang='grc' dir='ltr'>Πλὴν</span> <span class='ocrx_word' id='word_1_352' title='bbox 935 3349 1072 3404; x_wconf 85' lang='grc' dir='ltr'>ἀλλὰ</span> <span class='ocrx_word' id='word_1_353' title='bbox 1093 3349 1182 3402; x_wconf 83' lang='grc' dir='ltr'>διὰ</span> <span class='ocrx_word' id='word_1_354' title='bbox 1206 3349 1305 3418; x_wconf 85' lang='grc' dir='ltr'>τὴν</span> <span class='ocrx_word' id='word_1_355' title='bbox 1327 3348 1611 3402; x_wconf 82' lang='grc' dir='ltr'>ἀσθένειαν</span> <span class='ocrx_word' id='word_1_356' title='bbox 1631 3349 1782 3417; x_wconf 87' lang='grc' dir='ltr'>ὑμῶν</span> <span class='ocrx_word' id='word_1_357' title='bbox 1804 3349 1865 3400; x_wconf 86' lang='grc' dir='ltr'>ού</span> <span class='ocrx_word' id='word_1_358' title='bbox 1886 3347 2030 3415; x_wconf 84' lang='grc' dir='ltr'>λέγω</span> 
     </span>
    </p>
   </div>
   <div class='ocr_carea' id='block_1_45' title="bbox 357 3433 2029 3504">
    <p class='ocr_par' dir='ltr' id='par_1_45' title="bbox 357 3433 2029 3504">
     <span class='ocr_line' id='line_1_45' title="bbox 357 3433 2029 3504; baseline 0.001 -20"><span class='ocrx_word' id='word_1_359' title='bbox 357 3433 542 3497; x_wconf 79' lang='grc' dir='ltr'>τοῦτο,</span> <span class='ocrx_word' id='word_1_360' title='bbox 585 3435 707 3488; x_wconf 80' lang='grc' dir='ltr'>οὑδέ</span> <span class='ocrx_word' id='word_1_361' title='bbox 745 3436 886 3488; x_wconf 85' lang='grc' dir='ltr'>αύτά</span> <span class='ocrx_word' id='word_1_362' title='bbox 907 3439 1006 3504; x_wconf 88' lang='grc' dir='ltr'>τῆς</span> <span class='ocrx_word' id='word_1_363' title='bbox 1049 3435 1250 3498; x_wconf 79' lang='grc' dir='ltr'>ἐξωθεν</span> <span class='ocrx_word' id='word_1_364' title='bbox 1281 3435 1480 3502; x_wconf 86' lang='grc' dir='ltr'>ἀπάγω</span> <span class='ocrx_word' id='word_1_365' title='bbox 1519 3434 1713 3503; x_wconf 83' lang='grc' dir='ltr'>σχολῆς</span> <span class='ocrx_word' id='word_1_366' title='bbox 1757 3434 1806 3496; x_wconf 69' lang='grc' dir='ltr'>δ,</span> <span class='ocrx_word' id='word_1_367' title='bbox 1839 3433 2029 3504; x_wconf 82' lang='grc' dir='ltr'>ὥσπερ</span> 
     </span>
    </p>
   </div>
   <div class='ocr_carea' id='block_1_46' title="bbox 358 3518 2028 3590">
    <p class='ocr_par' dir='ltr' id='par_1_46' title="bbox 358 3518 2028 3590">
     <span class='ocr_line' id='line_1_46' title="bbox 358 3518 2028 3590; baseline 0.001 -19"><span class='ocrx_word' id='word_1_368' title='bbox 358 3518 480 3572; x_wconf 73' lang='grc' dir='ltr'>οὐδὲ</span> <span class='ocrx_word' id='word_1_369' title='bbox 523 3520 667 3590; x_wconf 80' lang='grc' dir='ltr'>ὑμᾶς</span> <span class='ocrx_word' id='word_1_370' title='bbox 698 3521 808 3574; x_wconf 90' lang='grc' dir='ltr'>τῶν</span> <span class='ocrx_word' id='word_1_371' title='bbox 843 3520 1136 3574; x_wconf 83' lang='grc' dir='ltr'>πολιτικῶν</span> <span class='ocrx_word' id='word_1_372' title='bbox 1187 3519 1410 3588; x_wconf 86' lang='grc' dir='ltr'>ἀφέλκω</span> <span class='ocrx_word' id='word_1_373' title='bbox 1455 3519 1817 3590; x_wconf 86' lang='grc' dir='ltr'>πραγμάτων.</span> <span class='ocrx_word' id='word_1_374' title='bbox 1889 3521 2028 3572; x_wconf 83' lang='grc' dir='ltr'>Ἀλλ’</span> 
     </span>
    </p>
   </div>
   <div class='ocr_carea' id='block_1_47' title="bbox 357 3604 2028 3676">
    <p class='ocr_par' dir='ltr' id='par_1_47' title="bbox 357 3604 2028 3676">
     <span class='ocr_line' id='line_1_47' title="bbox 357 3604 2028 3676; baseline 0.002 -20"><span class='ocrx_word' id='word_1_375' title='bbox 357 3605 469 3658; x_wconf 78' lang='grc' dir='ltr'>ἀπὸ</span> <span class='ocrx_word' id='word_1_376' title='bbox 491 3605 604 3656; x_wconf 87' lang='grc' dir='ltr'>τῶν</span> <span class='ocrx_word' id='word_1_377' title='bbox 634 3606 775 3659; x_wconf 82' lang='grc' dir='ltr'>ἐπτά</span> <span class='ocrx_word' id='word_1_378' title='bbox 799 3605 1004 3658; x_wconf 90' lang='grc' dir='ltr'>τούτων</span> <span class='ocrx_word' id='word_1_379' title='bbox 1039 3604 1262 3676; x_wconf 83' lang='grc' dir='ltr'>ἡμερῶν</span> <span class='ocrx_word' id='word_1_380' title='bbox 1287 3604 1414 3674; x_wconf 84' lang='grc' dir='ltr'>μίαν</span> <span class='ocrx_word' id='word_1_381' title='bbox 1442 3605 1578 3670; x_wconf 81' lang='grc' dir='ltr'>ἀξιῶ</span> <span class='ocrx_word' id='word_1_382' title='bbox 1606 3606 1683 3674; x_wconf 82' lang='grc' dir='ltr'>τῷ</span> <span class='ocrx_word' id='word_1_383' title='bbox 1704 3605 1870 3675; x_wconf 83' lang='grc' dir='ltr'>κοινῷ</span> <span class='ocrx_word' id='word_1_384' title='bbox 1892 3606 2028 3660; x_wconf 89' lang='grc' dir='ltr'>πάν-</span> 
     </span>
    </p>
   </div>
   <div class='ocr_carea' id='block_1_48' title="bbox 357 3689 2025 3762">
    <p class='ocr_par' dir='ltr' id='par_1_48' title="bbox 357 3689 2025 3762">
     <span class='ocr_line' id='line_1_48' title="bbox 357 3689 2025 3762; baseline 0.001 -19"><span class='ocrx_word' id='word_1_385' title='bbox 357 3705 468 3744; x_wconf 84' lang='grc' dir='ltr'>των</span> <span class='ocrx_word' id='word_1_386' title='bbox 506 3689 663 3760; x_wconf 79' lang='grc' dir='ltr'>ἡμῶν</span> <span class='ocrx_word' id='word_1_387' title='bbox 708 3691 986 3746; x_wconf 81' lang='grc' dir='ltr'>ἀναθεῖναι</span> <span class='ocrx_word' id='word_1_388' title='bbox 1029 3690 1294 3762; x_wconf 77' lang='grc' dir='ltr'>Δεσπότῃ.</span> <span class='ocrx_word' id='word_1_389' title='bbox 1343 3689 1468 3754; x_wconf 83' lang='grc' dir='ltr'>Πῶς</span> <span class='ocrx_word' id='word_1_390' title='bbox 1513 3689 1623 3759; x_wconf 78' lang='grc' dir='ltr'>γὰρ</span> <span class='ocrx_word' id='word_1_391' title='bbox 1665 3691 1764 3742; x_wconf 88' lang='grc' dir='ltr'>ούκ</span> <span class='ocrx_word' id='word_1_392' title='bbox 1805 3690 2025 3758; x_wconf 76' lang='grc' dir='ltr'>ἄτοπον,</span> 
     </span>
    </p>
   </div>
   <div class='ocr_carea' id='block_1_49' title="bbox 359 3776 2028 3848">
    <p class='ocr_par' dir='ltr' id='par_1_49' title="bbox 359 3776 2028 3848">
     <span class='ocr_line' id='line_1_49' title="bbox 359 3776 2028 3848; baseline 0.001 -17"><span class='ocrx_word' id='word_1_393' title='bbox 359 3777 486 3840; x_wconf 80' lang='grc' dir='ltr'>τοὺς</span> <span class='ocrx_word' id='word_1_394' title='bbox 519 3777 626 3847; x_wconf 79' lang='grc' dir='ltr'>μὲν</span> <span class='ocrx_word' id='word_1_395' title='bbox 650 3779 866 3842; x_wconf 87' lang='grc' dir='ltr'>οἰκέτας</span> <span class='ocrx_word' id='word_1_396' title='bbox 912 3779 1043 3848; x_wconf 74' lang='grc' dir='ltr'>ἡμῖν</span> <span class='ocrx_word' id='word_1_397' title='bbox 1087 3776 1327 3830; x_wconf 85' lang='grc' dir='ltr'>κελεύειν</span> <span class='ocrx_word' id='word_1_398' title='bbox 1370 3776 1584 3830; x_wconf 73' lang='grc' dir='ltr'>ἅπαντα</span> <span class='ocrx_word' id='word_1_399' title='bbox 1625 3776 1896 3830; x_wconf 84' lang='grc' dir='ltr'>δουλεύειν</span> <span class='ocrx_word' id='word_1_400' title='bbox 1938 3779 2028 3832; x_wconf 86' lang='grc' dir='ltr'>τὸν</span> 
     </span>
    </p>
   </div>
   <div class='ocr_carea' id='block_1_50' title="bbox 358 3861 2031 3935">
    <p class='ocr_par' dir='ltr' id='par_1_50' title="bbox 358 3861 2031 3935">
     <span class='ocr_line' id='line_1_50' title="bbox 358 3861 2031 3935; baseline 0.001 -20"><span class='ocrx_word' id='word_1_401' title='bbox 358 3862 550 3933; x_wconf 88' lang='grc' dir='ltr'>χρόνον</span> <span class='ocrx_word' id='word_1_402' title='bbox 571 3902 588 3927; x_wconf 92' lang='grc'>,</span> <span class='ocrx_word' id='word_1_403' title='bbox 619 3864 767 3933; x_wconf 78' lang='grc' dir='ltr'>ἡμᾶς</span> <span class='ocrx_word' id='word_1_404' title='bbox 789 3863 847 3917; x_wconf 84' lang='grc' dir='ltr'>δὲ</span> <span class='ocrx_word' id='word_1_405' title='bbox 878 3864 1009 3934; x_wconf 87' lang='grc' dir='ltr'>μηδέ</span> <span class='ocrx_word' id='word_1_406' title='bbox 1047 3862 1145 3934; x_wconf 81' lang='grc' dir='ltr'>τὴν</span> <span class='ocrx_word' id='word_1_407' title='bbox 1174 3863 1382 3916; x_wconf 78' lang='grc' dir='ltr'>ἐλάττω</span> <span class='ocrx_word' id='word_1_408' title='bbox 1413 3861 1606 3933; x_wconf 79' lang='grc' dir='ltr'>σχολὴν</span> <span class='ocrx_word' id='word_1_409' title='bbox 1635 3863 1929 3932; x_wconf 83' lang='grc' dir='ltr'>ἀπονέμειν</span> <span class='ocrx_word' id='word_1_410' title='bbox 1950 3865 2031 3935; x_wconf 83' lang='grc' dir='ltr'>τῷ</span> 
     </span>
    </p>
   </div>
   <div class='ocr_carea' id='block_1_51' title="bbox 359 3946 2029 4020">
    <p class='ocr_par' dir='ltr' id='par_1_51' title="bbox 359 3946 2029 4020">
     <span class='ocr_line' id='line_1_51' title="bbox 359 3946 2029 4020; baseline 0.002 -19"><span class='ocrx_word' id='word_1_411' title='bbox 359 3946 502 4018; x_wconf 77' lang='grc' dir='ltr'>Θεῷ,</span> <span class='ocrx_word' id='word_1_412' title='bbox 528 3950 621 4002; x_wconf 78' lang='grc' dir='ltr'>καὶ</span> <span class='ocrx_word' id='word_1_413' title='bbox 659 3951 830 4003; x_wconf 87' lang='grc' dir='ltr'>ταῦτα</span> <span class='ocrx_word' id='word_1_414' title='bbox 859 3951 960 4019; x_wconf 83' lang='grc' dir='ltr'>τῆς</span> <span class='ocrx_word' id='word_1_415' title='bbox 983 3950 1224 4014; x_wconf 88' lang='grc' dir='ltr'>δουλείας</span> <span class='ocrx_word' id='word_1_416' title='bbox 1260 3951 1476 4019; x_wconf 81' lang='grc' dir='ltr'>ἀπάσης</span> <span class='ocrx_word' id='word_1_417' title='bbox 1512 3949 1704 4013; x_wconf 82' lang='grc' dir='ltr'>ἐκείνῳ</span> <span class='ocrx_word' id='word_1_418' title='bbox 1754 3951 1850 4020; x_wconf 84' lang='grc' dir='ltr'>μὲν</span> <span class='ocrx_word' id='word_1_419' title='bbox 1875 3951 2029 4004; x_wconf 78' lang='grc' dir='ltr'>οὐδὲν</span> 
     </span>
    </p>
   </div>
   <div class='ocr_carea' id='block_1_52' title="bbox 361 4035 2027 4108">
    <p class='ocr_par' dir='ltr' id='par_1_52' title="bbox 361 4035 2027 4108">
     <span class='ocr_line' id='line_1_52' title="bbox 361 4035 2027 4108; baseline 0.001 -20"><span class='ocrx_word' id='word_1_420' title='bbox 361 4035 750 4106; x_wconf 78' lang='grc' dir='ltr'>προστιθείσης</span> <span class='ocrx_word' id='word_1_421' title='bbox 780 4035 1044 4102; x_wconf 68' lang='grc' dir='ltr'>ιάνενδεές</span> <span class='ocrx_word' id='word_1_422' title='bbox 1059 4037 1169 4108; x_wconf 90' lang='grc' dir='ltr'>γάρ</span> <span class='ocrx_word' id='word_1_423' title='bbox 1189 4037 1250 4090; x_wconf 84' lang='grc' dir='ltr'>τὸ</span> <span class='ocrx_word' id='word_1_424' title='bbox 1271 4037 1470 4106; x_wconf 86' lang='grc' dir='ltr'>Θεῖον),</span> <span class='ocrx_word' id='word_1_425' title='bbox 1495 4037 1574 4100; x_wconf 88' lang='grc' dir='ltr'>είς</span> <span class='ocrx_word' id='word_1_426' title='bbox 1591 4036 1651 4088; x_wconf 91' lang='grc' dir='ltr'>τὸ</span> <span class='ocrx_word' id='word_1_427' title='bbox 1670 4036 1949 4106; x_wconf 84' lang='grc' dir='ltr'>συμφέρον</span> <span class='ocrx_word' id='word_1_428' title='bbox 1969 4036 2027 4089; x_wconf 85' lang='grc' dir='ltr'>δέ</span> 
     </span>
    </p>
   </div>
   <div class='ocr_carea' id='block_1_53' title="bbox 359 4122 2028 4196">
    <p class='ocr_par' dir='ltr' id='par_1_53' title="bbox 359 4122 2028 4196">
     <span class='ocr_line' id='line_1_53' title="bbox 359 4122 2028 4196; baseline 0.002 -23"><span class='ocrx_word' id='word_1_429' title='bbox 359 4123 791 4193; x_wconf 81' lang='grc' dir='ltr'>περιισταμένης</span> <span class='ocrx_word' id='word_1_430' title='bbox 831 4125 1004 4192; x_wconf 59' lang='lat' dir='ltr'><strong>Mdv;</strong></span> <span class='ocrx_word' id='word_1_431' title='bbox 1057 4123 1196 4178; x_wconf 81' lang='grc' dir='ltr'>Ἀλλ’</span> <span class='ocrx_word' id='word_1_432' title='bbox 1242 4125 1322 4186; x_wconf 90' lang='grc' dir='ltr'>εἰς</span> <span class='ocrx_word' id='word_1_433' title='bbox 1372 4122 1576 4196; x_wconf 84' lang='grc' dir='ltr'>θέατρα</span> <span class='ocrx_word' id='word_1_434' title='bbox 1611 4133 1634 4162; x_wconf 70' lang='grc' dir='ltr'><strong>θ</strong></span> <span class='ocrx_word' id='word_1_435' title='bbox 1683 4125 1781 4192; x_wconf 85' lang='grc' dir='ltr'>μὲν</span> <span class='ocrx_word' id='word_1_436' title='bbox 1829 4125 2028 4188; x_wconf 74' lang='grc' dir='ltr'>αὐτοὺς</span> 
     </span>
    </p>
   </div>
   <div class='ocr_carea' id='block_1_54' title="bbox 359 4206 2028 4282">
    <p class='ocr_par' dir='ltr' id='par_1_54' title="bbox 359 4206 2028 4282">
     <span class='ocr_line' id='line_1_54' title="bbox 359 4206 2028 4282; baseline 0.001 -19"><span class='ocrx_word' id='word_1_437' title='bbox 359 4209 608 4276; x_wconf 81' lang='grc' dir='ltr'>ἄγοντες,</span> <span class='ocrx_word' id='word_1_438' title='bbox 639 4206 764 4262; x_wconf 70' lang='grc' dir='ltr'>οὔτε</span> <span class='ocrx_word' id='word_1_439' title='bbox 789 4209 1108 4280; x_wconf 82' lang='grc' dir='ltr'>μαθήματα,</span> <span class='ocrx_word' id='word_1_440' title='bbox 1128 4208 1251 4262; x_wconf 77' lang='grc' dir='ltr'>οὔτε</span> <span class='ocrx_word' id='word_1_441' title='bbox 1275 4209 1402 4282; x_wconf 76' lang='grc' dir='ltr'>ἄλλο</span> <span class='ocrx_word' id='word_1_442' title='bbox 1420 4227 1473 4262; x_wconf 90' lang='grc' dir='ltr'>τι</span> <span class='ocrx_word' id='word_1_443' title='bbox 1490 4209 1599 4262; x_wconf 89' lang='grc' dir='ltr'>τῶν</span> <span class='ocrx_word' id='word_1_444' title='bbox 1621 4209 1879 4263; x_wconf 89' lang='grc' dir='ltr'>τοιούτων</span> <span class='ocrx_word' id='word_1_445' title='bbox 1897 4227 2028 4280; x_wconf 84' lang='grc' dir='ltr'>προ-</span> 
     </span>
    </p>
   </div>
   <div class='ocr_carea' id='block_1_55' title="bbox 362 4283 2028 4367">
    <p class='ocr_par' dir='ltr' id='par_1_55' title="bbox 362 4283 2028 4367">
     <span class='ocr_line' id='line_1_55' title="bbox 362 4283 2028 4367; baseline -0.001 -17"><span class='ocrx_word' id='word_1_446' title='bbox 362 4283 656 4350; x_wconf 51' lang='grc' dir='ltr'>ϐάλλεσθελ</span> <span class='ocrx_word' id='word_1_447' title='bbox 686 4296 752 4350; x_wconf 85' lang='grc' dir='ltr'>ἂν</span> <span class='ocrx_word' id='word_1_448' title='bbox 773 4297 832 4350; x_wconf 86' lang='grc' dir='ltr'>δέ</span> <span class='ocrx_word' id='word_1_449' title='bbox 858 4314 911 4349; x_wconf 89' lang='grc' dir='ltr'>τι</span> <span class='ocrx_word' id='word_1_450' title='bbox 937 4296 1047 4350; x_wconf 83' lang='grc' dir='ltr'>τῶν</span> <span class='ocrx_word' id='word_1_451' title='bbox 1082 4297 1466 4367; x_wconf 85' lang='grc' dir='ltr'>πνευματικῶν</span> <span class='ocrx_word' id='word_1_452' title='bbox 1495 4297 1754 4366; x_wconf 83' lang='grc' dir='ltr'>κερδᾶναι</span> <span class='ocrx_word' id='word_1_453' title='bbox 1790 4296 1899 4350; x_wconf 87' lang='grc' dir='ltr'>δέοι</span> <span class='ocrx_word' id='word_1_454' title='bbox 1933 4297 2028 4350; x_wconf 77' lang='grc' dir='ltr'>καὶ</span> 
     </span>
    </p>
   </div>
   <div class='ocr_carea' id='block_1_56' title="bbox 366 4383 2025 4454">
    <p class='ocr_par' dir='ltr' id='par_1_56' title="bbox 366 4383 2025 4454">
     <span class='ocr_line' id='line_1_56' title="bbox 366 4383 2025 4454; baseline -0.001 -18"><span class='ocrx_word' id='word_1_455' title='bbox 366 4385 716 4451; x_wconf 73' lang='grc' dir='ltr'>συναγαγεῖν,</span> <span class='ocrx_word' id='word_1_456' title='bbox 747 4383 1000 4454; x_wconf 89' lang='grc' dir='ltr'>ἀσχολίαν</span> <span class='ocrx_word' id='word_1_457' title='bbox 1021 4384 1082 4438; x_wconf 84' lang='grc' dir='ltr'>τὸ</span> <span class='ocrx_word' id='word_1_458' title='bbox 1108 4385 1342 4454; x_wconf 79' lang='grc' dir='ltr'>πρᾶγμα</span> <span class='ocrx_word' id='word_1_459' title='bbox 1360 4383 1670 4453; x_wconf 81' lang='grc' dir='ltr'>ὀνομάζετε.</span> <span class='ocrx_word' id='word_1_460' title='bbox 1701 4384 1812 4436; x_wconf 72' lang='grc' dir='ltr'>Καὶ</span> <span class='ocrx_word' id='word_1_461' title='bbox 1834 4383 1951 4446; x_wconf 85' lang='grc' dir='ltr'>πῶς</span> <span class='ocrx_word' id='word_1_462' title='bbox 1965 4383 2025 4436; x_wconf 89' lang='grc' dir='ltr'><strong>οὐ</strong></span> 
     </span>
    </p>
   </div>
   <div class='ocr_carea' id='block_1_57' title="bbox 363 4467 2028 4541">
    <p class='ocr_par' dir='ltr' id='par_1_57' title="bbox 363 4467 2028 4541">
     <span class='ocr_line' id='line_1_57' title="bbox 363 4467 2028 4541; baseline -0.001 -17"><span class='ocrx_word' id='word_1_463' title='bbox 363 4467 717 4541; x_wconf 79' lang='grc' dir='ltr'>παροξυνεῖτε</span> <span class='ocrx_word' id='word_1_464' title='bbox 737 4469 830 4524; x_wconf 86' lang='grc' dir='ltr'>τὸν</span> <span class='ocrx_word' id='word_1_465' title='bbox 864 4469 1015 4534; x_wconf 85' lang='grc' dir='ltr'>Θεὸν,</span> <span class='ocrx_word' id='word_1_466' title='bbox 1049 4471 1184 4523; x_wconf 81' lang='grc' dir='ltr'>πᾶσι</span> <span class='ocrx_word' id='word_1_467' title='bbox 1215 4471 1312 4540; x_wconf 77' lang='grc' dir='ltr'>μὲν</span> <span class='ocrx_word' id='word_1_468' title='bbox 1334 4472 1445 4532; x_wconf 80' lang='grc' dir='ltr'>τοῖς</span> <span class='ocrx_word' id='word_1_469' title='bbox 1470 4469 1648 4533; x_wconf 77' lang='grc' dir='ltr'>ἄλλοις</span> <span class='ocrx_word' id='word_1_470' title='bbox 1679 4469 2028 4539; x_wconf 78' lang='grc' dir='ltr'>σχολάζοντες</span> 
     </span>
    </p>
   </div>
   <div class='ocr_carea' id='block_1_58' title="bbox 362 4555 2024 4628">
    <p class='ocr_par' dir='ltr' id='par_1_58' title="bbox 362 4555 2024 4628">
     <span class='ocr_line' id='line_1_58' title="bbox 362 4555 2024 4628; baseline 0.001 -20"><span class='ocrx_word' id='word_1_471' title='bbox 362 4556 460 4610; x_wconf 67' lang='grc' dir='ltr'>καὶ⁵</span> <span class='ocrx_word' id='word_1_472' title='bbox 497 4555 691 4626; x_wconf 79' lang='grc' dir='ltr'>καιρὸν</span> <span class='ocrx_word' id='word_1_473' title='bbox 714 4556 1106 4626; x_wconf 78' lang='grc' dir='ltr'>ἀπονέμοντες.</span> <span class='ocrx_word' id='word_1_474' title='bbox 1123 4555 1184 4609; x_wconf 81' lang='grc' dir='ltr'>τὸ</span> <span class='ocrx_word' id='word_1_475' title='bbox 1218 4556 1274 4608; x_wconf 87' lang='grc' dir='ltr'>δέ</span> <span class='ocrx_word' id='word_1_476' title='bbox 1305 4555 1373 4609; x_wconf 84' lang='grc' dir='ltr'>τὰ</span> <span class='ocrx_word' id='word_1_477' title='bbox 1402 4556 1565 4609; x_wconf 86' lang='grc' dir='ltr'>αὐτοῦ</span> <span class='ocrx_word' id='word_1_478' title='bbox 1605 4555 2024 4628; x_wconf 80' lang='grc' dir='ltr'>μεταχειρίζειν,</span> 
     </span>
    </p>
   </div>
   <div class='ocr_carea' id='block_1_59' title="bbox 357 4637 1992 4714">
    <p class='ocr_par' dir='ltr' id='par_1_59' title="bbox 357 4637 1992 4714">
     <span class='ocr_line' id='line_1_59' title="bbox 357 4637 1992 4714; baseline 0.002 -20"><span class='ocrx_word' id='word_1_479' title='bbox 357 4641 592 4714; x_wconf 77' lang='grc' dir='ltr'>ὀχληρὸν</span> <span class='ocrx_word' id='word_1_480' title='bbox 616 4642 713 4697; x_wconf 74' lang='grc' dir='ltr'>καὶ</span> <span class='ocrx_word' id='word_1_481' title='bbox 738 4644 839 4697; x_wconf 83' lang='grc' dir='ltr'>οὐκ</span> <span class='ocrx_word' id='word_1_482' title='bbox 860 4642 1114 4714; x_wconf 77' lang='grc' dir='ltr'>εὔκαιρον</span> <span class='ocrx_word' id='word_1_483' title='bbox 1143 4637 1284 4696; x_wconf 77' lang='grc' dir='ltr'>εἶναι</span> <span class='ocrx_word' id='word_1_484' title='bbox 1311 4641 1622 4713; x_wconf 78' lang='grc' dir='ltr'>νομίζοντες</span> <span class='ocrx_word' id='word_1_485' title='bbox 1642 4646 1754 4706; x_wconf 87' lang='grc' dir='ltr'>τοῖς</span> <span class='ocrx_word' id='word_1_486' title='bbox 1775 4643 1992 4710; x_wconf 84' lang='grc' dir='ltr'>παισίν;</span> 
     </span>
    </p>
   </div>
   <div class='ocr_carea' id='block_1_60' title="bbox 429 4731 2027 4804">
    <p class='ocr_par' dir='ltr' id='par_1_60' title="bbox 429 4731 2027 4804">
     <span class='ocr_line' id='line_1_60' title="bbox 429 4731 2027 4804; baseline 0 -18"><span class='ocrx_word' id='word_1_487' title='bbox 429 4733 522 4802; x_wconf 80' lang='grc' dir='ltr'>Μὴ</span> <span class='ocrx_word' id='word_1_488' title='bbox 571 4732 766 4796; x_wconf 80' lang='grc' dir='ltr'>ταῦτα,</span> <span class='ocrx_word' id='word_1_489' title='bbox 805 4732 900 4804; x_wconf 79' lang='grc' dir='ltr'>μὴ,</span> <span class='ocrx_word' id='word_1_490' title='bbox 933 4732 1174 4801; x_wconf 82' lang='grc' dir='ltr'>ἀδελφοί.</span> <span class='ocrx_word' id='word_1_491' title='bbox 1220 4733 1328 4785; x_wconf 74' lang='grc' dir='ltr'>Καὶ</span> <span class='ocrx_word' id='word_1_492' title='bbox 1370 4733 1478 4802; x_wconf 85' lang='grc' dir='ltr'>γὰρ</span> <span class='ocrx_word' id='word_1_493' title='bbox 1527 4731 1664 4804; x_wconf 76' lang='grc' dir='ltr'>αὕτη</span> <span class='ocrx_word' id='word_1_494' title='bbox 1720 4733 1953 4803; x_wconf 88' lang='grc' dir='ltr'>μάλιστα</span> <span class='ocrx_word' id='word_1_495' title='bbox 1993 4735 2027 4804; x_wconf 86' lang='grc' dir='ltr'>ή</span> 
     </span>
    </p>
   </div>
   <div class='ocr_carea' id='block_1_61' title="bbox 360 4816 2027 4892">
    <p class='ocr_par' dir='ltr' id='par_1_61' title="bbox 360 4816 2027 4892">
     <span class='ocr_line' id='line_1_61' title="bbox 360 4816 2027 4892; baseline 0.002 -22"><span class='ocrx_word' id='word_1_496' title='bbox 360 4816 546 4888; x_wconf 84' lang='grc' dir='ltr'>ήλικία</span> <span class='ocrx_word' id='word_1_497' title='bbox 566 4819 769 4871; x_wconf 70' lang='grc' dir='ltr'>τούτων</span> <span class='ocrx_word' id='word_1_498' title='bbox 793 4819 965 4871; x_wconf 85' lang='grc' dir='ltr'>δεῖται</span> <span class='ocrx_word' id='word_1_499' title='bbox 989 4818 1098 4871; x_wconf 86' lang='grc' dir='ltr'>τῶν</span> <span class='ocrx_word' id='word_1_500' title='bbox 1117 4819 1500 4889; x_wconf 87' lang='grc' dir='ltr'>ἀκουσμάτων.</span> <span class='ocrx_word' id='word_1_501' title='bbox 1515 4819 1722 4891; x_wconf 79' lang='grc' dir='ltr'>Ἀπαλὴ</span> <span class='ocrx_word' id='word_1_502' title='bbox 1743 4819 1850 4892; x_wconf 84' lang='grc' dir='ltr'>γάρ</span> <span class='ocrx_word' id='word_1_503' title='bbox 1870 4817 2027 4887; x_wconf 83' lang='grc' dir='ltr'>οὖσα,</span> 
     </span>
    </p>
   </div>
   <div class='ocr_carea' id='block_1_62' title="bbox 358 4901 2028 4979">
    <p class='ocr_par' dir='ltr' id='par_1_62' title="bbox 358 4901 2028 4979">
     <span class='ocr_line' id='line_1_62' title="bbox 358 4901 2028 4979; baseline 0.004 -23"><span class='ocrx_word' id='word_1_504' title='bbox 358 4903 566 4974; x_wconf 82' lang='grc' dir='ltr'>ταχέως</span> <span class='ocrx_word' id='word_1_505' title='bbox 612 4901 726 4976; x_wconf 75' lang='grc' dir='ltr'>[ιη</span> <span class='ocrx_word' id='word_1_506' title='bbox 772 4904 1150 4959; x_wconf 87' lang='grc' dir='ltr'>ἐναποτίθεται</span> <span class='ocrx_word' id='word_1_507' title='bbox 1182 4905 1256 4959; x_wconf 82' lang='grc' dir='ltr'>τά</span> <span class='ocrx_word' id='word_1_508' title='bbox 1281 4905 1566 4977; x_wconf 86' lang='grc' dir='ltr'>λεγόμενα,</span> <span class='ocrx_word' id='word_1_509' title='bbox 1607 4907 1859 4979; x_wconf 87' lang='grc' dir='ltr'>καθάπερ</span> <span class='ocrx_word' id='word_1_510' title='bbox 1884 4907 2028 4971; x_wconf 84' lang='grc' dir='ltr'>τινὸς</span> 
     </span>
    </p>
   </div>
   <div class='ocr_carea' id='block_1_63' title="bbox 363 4989 2029 5065">
    <p class='ocr_par' dir='ltr' id='par_1_63' title="bbox 363 4989 2029 5065">
     <span class='ocr_line' id='line_1_63' title="bbox 363 4989 2029 5065; baseline 0.005 -24"><span class='ocrx_word' id='word_1_511' title='bbox 363 4989 657 5060; x_wconf 75' lang='grc' dir='ltr'>σφραγῖδος</span> <span class='ocrx_word' id='word_1_512' title='bbox 684 4990 784 5060; x_wconf 84' lang='grc' dir='ltr'>τῆς</span> <span class='ocrx_word' id='word_1_513' title='bbox 808 4991 1124 5060; x_wconf 85' lang='grc' dir='ltr'>ἀκροάσεως</span> <span class='ocrx_word' id='word_1_514' title='bbox 1147 4993 1203 5046; x_wconf 93' lang='grc' dir='ltr'>ἐν</span> <span class='ocrx_word' id='word_1_515' title='bbox 1224 4992 1379 5063; x_wconf 84' lang='grc' dir='ltr'>κηρῷ</span> <span class='ocrx_word' id='word_1_516' title='bbox 1401 4997 1468 5064; x_wconf 80' lang='grc' dir='ltr'>τῇ</span> <span class='ocrx_word' id='word_1_517' title='bbox 1494 4993 1702 5065; x_wconf 83' lang='grc' dir='ltr'>διανοίᾳ</span> <span class='ocrx_word' id='word_1_518' title='bbox 1726 4997 1792 5065; x_wconf 82' lang='grc' dir='ltr'>τῇ</span> <span class='ocrx_word' id='word_1_519' title='bbox 1823 4995 2029 5050; x_wconf 83' lang='grc' dir='ltr'>τούτων</span> 
     </span>
    </p>
   </div>
   <div class='ocr_carea' id='block_1_64' title="bbox 359 5074 2028 5151">
    <p class='ocr_par' dir='ltr' id='par_1_64' title="bbox 359 5074 2028 5151">
     <span class='ocr_line' id='line_1_64' title="bbox 359 5074 2028 5151; baseline 0.002 -23"><span class='ocrx_word' id='word_1_520' title='bbox 359 5074 1004 5146; x_wconf 77' lang='grc' dir='ltr'>ἐντυπουμένης.”Αλλως</span> <span class='ocrx_word' id='word_1_521' title='bbox 1049 5094 1110 5131; x_wconf 91' lang='grc' dir='ltr'>τε</span> <span class='ocrx_word' id='word_1_522' title='bbox 1161 5080 1254 5134; x_wconf 78' lang='grc' dir='ltr'>καὶ</span> <span class='ocrx_word' id='word_1_523' title='bbox 1282 5079 1311 5132; x_wconf 96' lang='lat'>6</span> <span class='ocrx_word' id='word_1_524' title='bbox 1338 5078 1450 5150; x_wconf 84' lang='grc' dir='ltr'>βίος</span> <span class='ocrx_word' id='word_1_525' title='bbox 1481 5079 1665 5142; x_wconf 81' lang='grc' dir='ltr'>αὐτοῖς</span> <span class='ocrx_word' id='word_1_526' title='bbox 1693 5081 1815 5134; x_wconf 81' lang='grc' dir='ltr'>τότε</span> <span class='ocrx_word' id='word_1_527' title='bbox 1854 5081 2028 5151; x_wconf 79' lang='grc' dir='ltr'>ἀρχὴν</span> 
     </span>
    </p>
   </div>
   <div class='ocr_carea' id='block_1_65' title="bbox 357 5163 2028 5239">
    <p class='ocr_par' dir='ltr' id='par_1_65' title="bbox 357 5163 2028 5239">
     <span class='ocr_line' id='line_1_65' title="bbox 357 5163 2028 5239; baseline 0.003 -23"><span class='ocrx_word' id='word_1_528' title='bbox 357 5163 475 5234; x_wconf 75' lang='grc' dir='ltr'>ἔχει</span> <span class='ocrx_word' id='word_1_529' title='bbox 494 5164 631 5232; x_wconf 78' lang='grc' dir='ltr'>πρὸς</span> <span class='ocrx_word' id='word_1_530' title='bbox 655 5165 853 5218; x_wconf 85' lang='grc' dir='ltr'>κακίαν</span> <span class='ocrx_word' id='word_1_531' title='bbox 875 5164 1163 5220; x_wconf 79' lang='grc' dir='ltr'>ἀποκλῖναι</span> <span class='ocrx_word' id='word_1_532' title='bbox 1195 5165 1227 5237; x_wconf 80' lang='grc' dir='ltr'>ἢ</span> <span class='ocrx_word' id='word_1_533' title='bbox 1259 5168 1586 5239; x_wconf 79' lang='grc' dir='ltr'>ἀρετήν.Ἀν</span> <span class='ocrx_word' id='word_1_534' title='bbox 1609 5165 1701 5220; x_wconf 77' lang='grc' dir='ltr'>οὖν</span> <span class='ocrx_word' id='word_1_535' title='bbox 1727 5185 1811 5231; x_wconf 93' lang='grc' dir='ltr'>τις</span> <span class='ocrx_word' id='word_1_536' title='bbox 1834 5169 2028 5232; x_wconf 81' lang='grc' dir='ltr'>αὐτοὺς</span> 
     </span>
    </p>
   </div>
   <div class='ocr_carea' id='block_1_66' title="bbox 359 5252 2024 5326">
    <p class='ocr_par' dir='ltr' id='par_1_66' title="bbox 359 5252 2024 5326">
     <span class='ocr_line' id='line_1_66' title="bbox 359 5252 2024 5326; baseline 0.002 -22"><span class='ocrx_word' id='word_1_537' title='bbox 359 5252 456 5304; x_wconf 83' lang='grc' dir='ltr'>ἀπ’</span> <span class='ocrx_word' id='word_1_538' title='bbox 484 5252 663 5308; x_wconf 79' lang='grc' dir='ltr'>αὐτῶν</span> <span class='ocrx_word' id='word_1_539' title='bbox 688 5252 796 5307; x_wconf 81' lang='grc' dir='ltr'>τῶν</span> <span class='ocrx_word' id='word_1_540' title='bbox 823 5253 1009 5326; x_wconf 84' lang='grc' dir='ltr'>ἀρχῶν</span> <span class='ocrx_word' id='word_1_541' title='bbox 1033 5255 1128 5308; x_wconf 74' lang='grc' dir='ltr'>καὶ</span> <span class='ocrx_word' id='word_1_542' title='bbox 1152 5254 1258 5308; x_wconf 89' lang='grc' dir='ltr'>τῶν</span> <span class='ocrx_word' id='word_1_543' title='bbox 1284 5253 1570 5326; x_wconf 89' lang='grc' dir='ltr'>προθύρων</span> <span class='ocrx_word' id='word_1_544' title='bbox 1586 5252 1613 5293; x_wconf 70' lang='grc' dir='ltr'><em>δ</em></span> <span class='ocrx_word' id='word_1_545' title='bbox 1638 5255 1902 5326; x_wconf 80' lang='grc' dir='ltr'>ἀπαγάγῃ</span> <span class='ocrx_word' id='word_1_546' title='bbox 1926 5259 2024 5325; x_wconf 83' lang='grc' dir='ltr'>μεν</span> 
     </span>
    </p>
   </div>
   <div class='ocr_carea' id='block_1_67' title="bbox 355 5339 2025 5415">
    <p class='ocr_par' dir='ltr' id='par_1_67' title="bbox 355 5339 2025 5415">
     <span class='ocr_line' id='line_1_67' title="bbox 355 5339 2025 5415; baseline 0.004 -26"><span class='ocrx_word' id='word_1_547' title='bbox 355 5341 458 5408; x_wconf 84' lang='grc' dir='ltr'>τῆς</span> <span class='ocrx_word' id='word_1_548' title='bbox 487 5339 770 5410; x_wconf 87' lang='grc' dir='ltr'>πονηρίας,</span> <span class='ocrx_word' id='word_1_549' title='bbox 795 5343 1185 5415; x_wconf 72' lang='grc' dir='ltr'>χειραγωγήσῃ</span> <span class='ocrx_word' id='word_1_550' title='bbox 1225 5340 1281 5394; x_wconf 75' lang='grc' dir='ltr'>δὲ</span> <span class='ocrx_word' id='word_1_551' title='bbox 1324 5340 1462 5412; x_wconf 89' lang='grc' dir='ltr'>πρὸς</span> <span class='ocrx_word' id='word_1_552' title='bbox 1501 5339 1599 5410; x_wconf 78' lang='grc' dir='ltr'>τὴν</span> <span class='ocrx_word' id='word_1_553' title='bbox 1632 5339 1858 5411; x_wconf 87' lang='grc' dir='ltr'>ἀρίστην</span> <span class='ocrx_word' id='word_1_554' title='bbox 1887 5341 2025 5406; x_wconf 78' lang='grc' dir='ltr'>ὁδὸν,</span> 
     </span>
    </p>
   </div>
   <div class='ocr_carea' id='block_1_68' title="bbox 358 5420 2024 5497">
    <p class='ocr_par' dir='ltr' id='par_1_68' title="bbox 358 5420 2024 5497">
     <span class='ocr_line' id='line_1_68' title="bbox 358 5420 2024 5497; baseline 0.001 -19"><span class='ocrx_word' id='word_1_555' title='bbox 358 5420 549 5494; x_wconf 77' lang='grc' dir='ltr'>ὥσπερ</span> <span class='ocrx_word' id='word_1_556' title='bbox 568 5427 650 5488; x_wconf 80' lang='grc' dir='ltr'>εἰς</span> <span class='ocrx_word' id='word_1_557' title='bbox 667 5422 780 5490; x_wconf 82' lang='grc' dir='ltr'>ἐξιν</span> <span class='ocrx_word' id='word_1_558' title='bbox 799 5426 922 5481; x_wconf 90' lang='grc' dir='ltr'>τινά</span> <span class='ocrx_word' id='word_1_559' title='bbox 942 5427 1035 5480; x_wconf 78' lang='grc' dir='ltr'>καί</span> <span class='ocrx_word' id='word_1_560' title='bbox 1058 5427 1220 5497; x_wconf 86' lang='grc' dir='ltr'>φύσιν</span> <span class='ocrx_word' id='word_1_561' title='bbox 1237 5427 1430 5490; x_wconf 78' lang='grc' dir='ltr'>αὐτοὺς</span> <span class='ocrx_word' id='word_1_562' title='bbox 1455 5427 1784 5495; x_wconf 77' lang='grc' dir='ltr'>καταστήσει</span> <span class='ocrx_word' id='word_1_563' title='bbox 1805 5425 1990 5480; x_wconf 86' lang='grc' dir='ltr'>λοιπόν</span> <span class='ocrx_word' id='word_1_564' title='bbox 2011 5443 2024 5456; x_wconf 76' lang='grc' dir='ltr'><strong><em>ο</em></strong></span> 
     </span>
    </p>
   </div>
   <div class='ocr_carea' id='block_1_69' title="bbox 421 5569 1931 5642">
    <p class='ocr_par' dir='ltr' id='par_1_69' title="bbox 421 5569 1931 5642">
     <span class='ocr_line' id='line_1_69' title="bbox 421 5569 1931 5642; baseline 0.003 -22"><span class='ocrx_word' id='word_1_565' title='bbox 421 5571 447 5642; x_wconf 63' lang='grc' dir='ltr'><strong>ξ</strong></span> <span class='ocrx_word' id='word_1_566' title='bbox 473 5569 593 5642; x_wconf 64' lang='grc' dir='ltr'>ῌρτ.</span> <span class='ocrx_word' id='word_1_567' title='bbox 610 5574 892 5642; x_wconf 82' lang='lat' dir='ltr'>_et_quidam</span> <span class='ocrx_word' id='word_1_568' title='bbox 917 5588 1036 5642; x_wconf 68' lang='lat' dir='ltr'>Ipsa.</span> <span class='ocrx_word' id='word_1_569' title='bbox 1062 5575 1333 5638; x_wconf 80' lang='grc' dir='ltr'>τεκμήριον.</span> <span class='ocrx_word' id='word_1_570' title='bbox 1361 5574 1477 5624; x_wconf 70' lang='grc' dir='ltr'>δον.</span> <span class='ocrx_word' id='word_1_571' title='bbox 1503 5583 1553 5624; x_wconf 78' lang='grc' dir='ltr'>οι</span> <span class='ocrx_word' id='word_1_572' title='bbox 1573 5573 1656 5624; x_wconf 75' lang='lat' dir='ltr'>alii</span> <span class='ocrx_word' id='word_1_573' title='bbox 1679 5574 1931 5638; x_wconf 80' lang='grc' dir='ltr'>τεκμήρια.</span> 
     </span>
    </p>
   </div>
   <div class='ocr_carea' id='block_1_70' title="bbox 415 5631 1020 5694">
    <p class='ocr_par' dir='ltr' id='par_1_70' title="bbox 415 5631 1020 5694">
     <span class='ocr_line' id='line_1_70' title="bbox 415 5631 1020 5694; baseline 0.005 -12"><span class='ocrx_word' id='word_1_574' title='bbox 415 5631 448 5671; x_wconf 69' lang='grc' dir='ltr'>δ</span> <span class='ocrx_word' id='word_1_575' title='bbox 471 5631 567 5683; x_wconf 70' lang='lat' dir='ltr'><strong>Alii</strong></span> <span class='ocrx_word' id='word_1_576' title='bbox 598 5631 770 5694; x_wconf 79' lang='grc' dir='ltr'>άπάγω</span> <span class='ocrx_word' id='word_1_577' title='bbox 794 5639 1020 5693; x_wconf 79' lang='grc' dir='ltr'>σπουδῆς.</span> 
     </span>
    </p>
   </div>
   <div class='ocr_carea' id='block_1_71' title="bbox 417 5694 1043 5758">
    <p class='ocr_par' dir='ltr' id='par_1_71' title="bbox 417 5694 1043 5758">
     <span class='ocr_line' id='line_1_71' title="bbox 417 5694 1043 5758; baseline 0.005 -19"><span class='ocrx_word' id='word_1_578' title='bbox 417 5694 443 5758; x_wconf 79' lang='lat'>°_</span> <span class='ocrx_word' id='word_1_579' title='bbox 471 5695 575 5758; x_wconf 47' lang='lat' dir='ltr'>5M</span> <span class='ocrx_word' id='word_1_580' title='bbox 591 5694 672 5742; x_wconf 74' lang='grc' dir='ltr'>νῦν</span> <span class='ocrx_word' id='word_1_581' title='bbox 693 5697 747 5745; x_wconf 70' lang='grc' dir='ltr'>δὲ</span> <span class='ocrx_word' id='word_1_582' title='bbox 767 5698 832 5752; x_wconf 82' lang='grc' dir='ltr'>εἰς</span> <span class='ocrx_word' id='word_1_583' title='bbox 853 5698 1043 5758; x_wconf 80' lang='grc' dir='ltr'>θέατρα.</span> 
     </span>
    </p>
   </div>
   <div class='ocr_carea' id='block_1_72' title="bbox 416 5753 2022 5820">
    <p class='ocr_par' dir='ltr' id='par_1_72' title="bbox 416 5753 2022 5820">
     <span class='ocr_line' id='line_1_72' title="bbox 416 5753 2022 5820; baseline -0.002 -16"><span class='ocrx_word' id='word_1_584' title='bbox 416 5753 448 5794; x_wconf 81' lang='grc' dir='ltr'>⁴ι</span> <span class='ocrx_word' id='word_1_585' title='bbox 467 5754 617 5820; x_wconf 50' lang='lat' dir='ltr'>sev&quot;:</span> <span class='ocrx_word' id='word_1_586' title='bbox 645 5762 833 5820; x_wconf 23' lang='lat' dir='ltr'>elﬂmsa.</span> <span class='ocrx_word' id='word_1_587' title='bbox 868 5753 1066 5820; x_wconf 69' lang='lat' dir='ltr'>plul‘igni</span> <span class='ocrx_word' id='word_1_588' title='bbox 1090 5756 1174 5804; x_wconf 81' lang='grc' dir='ltr'>ἀπ’</span> <span class='ocrx_word' id='word_1_589' title='bbox 1191 5756 1351 5820; x_wconf 66' lang='grc' dir='ltr'>αὐτῶν</span> <span class='ocrx_word' id='word_1_590' title='bbox 1375 5759 1468 5805; x_wconf 82' lang='grc' dir='ltr'>τῶν</span> <span class='ocrx_word' id='word_1_591' title='bbox 1491 5759 1653 5820; x_wconf 80' lang='grc' dir='ltr'>θυρῶν.</span> <span class='ocrx_word' id='word_1_592' title='bbox 1685 5759 1806 5810; x_wconf 72' lang='lat' dir='ltr'>Mor.</span> <span class='ocrx_word' id='word_1_593' title='bbox 1830 5759 1912 5808; x_wconf 82' lang='grc' dir='ltr'>ἀπ’</span> <span class='ocrx_word' id='word_1_594' title='bbox 1935 5759 2022 5808; x_wconf 74' lang='grc' dir='ltr'>αὑ.</span> 
     </span>
    </p>
   </div>
   <div class='ocr_carea' id='block_1_73' title="bbox 353 5814 2020 5922">
    <p class='ocr_par' dir='ltr' id='par_1_73' title="bbox 353 5814 2020 5922">
     <span class='ocr_line' id='line_1_73' title="bbox 353 5814 2020 5922; baseline 0.003 -59"><span class='ocrx_word' id='word_1_595' title='bbox 353 5814 576 5922; x_wconf 44' lang='grc' dir='ltr'>ἷῇἆᾶἐζ</span> <span class='ocrx_word' id='word_1_596' title='bbox 587 5817 747 5878; x_wconf 83' lang='grc' dir='ltr'>ἀρχῶν</span> <span class='ocrx_word' id='word_1_597' title='bbox 769 5814 881 5864; x_wconf 57' lang='grc' dir='ltr'>τῶν</span> <span class='ocrx_word' id='word_1_598' title='bbox 906 5817 1161 5880; x_wconf 69' lang='grc' dir='ltr'>προθύρων.</span> <span class='ocrx_word' id='word_1_599' title='bbox 1191 5816 1326 5868; x_wconf 77' lang='lat' dir='ltr'>Unus</span> <span class='ocrx_word' id='word_1_600' title='bbox 1369 5820 1448 5867; x_wconf 84' lang='grc' dir='ltr'>ἀπ’</span> <span class='ocrx_word' id='word_1_601' title='bbox 1476 5814 1630 5869; x_wconf 72' lang='grc' dir='ltr'>αὐτῶν</span> <span class='ocrx_word' id='word_1_602' title='bbox 1666 5821 1760 5868; x_wconf 87' lang='grc' dir='ltr'>τῶν</span> <span class='ocrx_word' id='word_1_603' title='bbox 1780 5820 2020 5883; x_wconf 78' lang='grc' dir='ltr'>προθύρων</span> 
     </span>
    </p>
   </div>
   <div class='ocr_carea' id='block_1_74' title="bbox 2134 1497 3806 1575">
    <p class='ocr_par' dir='ltr' id='par_1_74' title="bbox 2134 1497 3806 1575">
     <span class='ocr_line' id='line_1_74' title="bbox 2134 1497 3806 1575; baseline -0.009 -10"><span class='ocrx_word' id='word_1_604' title='bbox 2134 1513 2229 1565; x_wconf 76' lang='grc' dir='ltr'>καὶ</span> <span class='ocrx_word' id='word_1_605' title='bbox 2261 1509 2380 1564; x_wconf 76' lang='grc' dir='ltr'>οὐδὲ</span> <span class='ocrx_word' id='word_1_606' title='bbox 2410 1507 2628 1569; x_wconf 78' lang='grc' dir='ltr'>ἑκόντες</span> <span class='ocrx_word' id='word_1_607' title='bbox 2659 1497 3086 1575; x_wconf 83' lang='grc' dir='ltr'>μεταϐαλοῦνται</span> <span class='ocrx_word' id='word_1_608' title='bbox 3120 1499 3316 1572; x_wconf 75' lang='grc' dir='ltr'>ῥᾳδίως</span> <span class='ocrx_word' id='word_1_609' title='bbox 3348 1499 3484 1570; x_wconf 79' lang='grc' dir='ltr'>πρὸς</span> <span class='ocrx_word' id='word_1_610' title='bbox 3505 1499 3568 1553; x_wconf 85' lang='grc' dir='ltr'>τὸ</span> <span class='ocrx_word' id='word_1_611' title='bbox 3598 1502 3806 1571; x_wconf 75' lang='grc' dir='ltr'>χεῖρον,</span> 
     </span>
    </p>
   </div>
   <div class='ocr_carea' id='block_1_75' title="bbox 2132 1587 3808 1668">
    <p class='ocr_par' dir='ltr' id='par_1_75' title="bbox 2132 1587 3808 1668">
     <span class='ocr_line' id='line_1_75' title="bbox 2132 1587 3808 1668; baseline -0.008 -16"><span class='ocrx_word' id='word_1_612' title='bbox 2132 1600 2231 1668; x_wconf 77' lang='grc' dir='ltr'>τῆς</span> <span class='ocrx_word' id='word_1_613' title='bbox 2280 1593 2568 1664; x_wconf 76' lang='grc' dir='ltr'>συνηθείας</span> <span class='ocrx_word' id='word_1_614' title='bbox 2617 1590 2821 1660; x_wconf 80' lang='grc' dir='ltr'>ταύτης</span> <span class='ocrx_word' id='word_1_615' title='bbox 2853 1588 3116 1656; x_wconf 87' lang='grc' dir='ltr'>ἐλκούσης</span> <span class='ocrx_word' id='word_1_616' title='bbox 3160 1588 3356 1650; x_wconf 80' lang='grc' dir='ltr'>αὐτοὺς</span> <span class='ocrx_word' id='word_1_617' title='bbox 3403 1587 3536 1657; x_wconf 83' lang='grc' dir='ltr'>πρὸς</span> <span class='ocrx_word' id='word_1_618' title='bbox 3571 1587 3668 1658; x_wconf 84' lang='grc' dir='ltr'>τὴν</span> <span class='ocrx_word' id='word_1_619' title='bbox 3692 1587 3808 1640; x_wconf 90' lang='grc' dir='ltr'>τῶν</span> 
     </span>
    </p>
   </div>
   <div class='ocr_carea' id='block_1_76' title="bbox 2134 1673 3808 1752">
    <p class='ocr_par' dir='ltr' id='par_1_76' title="bbox 2134 1673 3808 1752">
     <span class='ocr_line' id='line_1_76' title="bbox 2134 1673 3808 1752; baseline -0.008 -14"><span class='ocrx_word' id='word_1_620' title='bbox 2134 1683 2354 1752; x_wconf 87' lang='grc' dir='ltr'>ἀγαθῶν</span> <span class='ocrx_word' id='word_1_621' title='bbox 2384 1680 2665 1752; x_wconf 88' lang='grc' dir='ltr'>ἐργασίαν.</span> <span class='ocrx_word' id='word_1_622' title='bbox 2695 1676 2880 1738; x_wconf 82' lang='grc' dir='ltr'>Οὓτως</span> <span class='ocrx_word' id='word_1_623' title='bbox 2901 1678 3032 1744; x_wconf 79' lang='grc' dir='ltr'>ἡμῖν</span> <span class='ocrx_word' id='word_1_624' title='bbox 3058 1673 3168 1727; x_wconf 88' lang='grc' dir='ltr'>τῶν</span> <span class='ocrx_word' id='word_1_625' title='bbox 3189 1673 3575 1744; x_wconf 83' lang='grc' dir='ltr'>γεγηρακότων</span> <span class='ocrx_word' id='word_1_626' title='bbox 3603 1674 3808 1728; x_wconf 78' lang='grc' dir='ltr'>αἰδεσι-</span> 
     </span>
    </p>
   </div>
   <div class='ocr_carea' id='block_1_77' title="bbox 2137 1758 3806 1841">
    <p class='ocr_par' dir='ltr' id='par_1_77' title="bbox 2137 1758 3806 1841">
     <span class='ocr_line' id='line_1_77' title="bbox 2137 1758 3806 1841; baseline -0.006 -18"><span class='ocrx_word' id='word_1_627' title='bbox 2137 1770 2371 1841; x_wconf 86' lang='grc' dir='ltr'>μὼτεροι</span> <span class='ocrx_word' id='word_1_628' title='bbox 2398 1768 2737 1835; x_wconf 82' lang='grc' dir='ltr'>γενήσονται,</span> <span class='ocrx_word' id='word_1_629' title='bbox 2766 1763 2858 1815; x_wconf 78' lang='grc' dir='ltr'>καὶ</span> <span class='ocrx_word' id='word_1_630' title='bbox 2903 1763 3015 1823; x_wconf 88' lang='grc' dir='ltr'>τοῖς</span> <span class='ocrx_word' id='word_1_631' title='bbox 3067 1762 3360 1822; x_wconf 79' lang='grc' dir='ltr'>πολιτικοῖς</span> <span class='ocrx_word' id='word_1_632' title='bbox 3400 1758 3806 1830; x_wconf 82' lang='grc' dir='ltr'>χρησιμώτεροι</span> 
     </span>
    </p>
   </div>
   <div class='ocr_carea' id='block_1_78' title="bbox 2135 1847 3805 1928">
    <p class='ocr_par' dir='ltr' id='par_1_78' title="bbox 2135 1847 3805 1928">
     <span class='ocr_line' id='line_1_78' title="bbox 2135 1847 3805 1928; baseline -0.008 -18"><span class='ocrx_word' id='word_1_633' title='bbox 2135 1858 2474 1928; x_wconf 86' lang='grc' dir='ltr'>πράγμασιν,</span> <span class='ocrx_word' id='word_1_634' title='bbox 2503 1854 2560 1904; x_wconf 89' lang='grc' dir='ltr'>ἐν</span> <span class='ocrx_word' id='word_1_635' title='bbox 2589 1850 2800 1919; x_wconf 87' lang='grc' dir='ltr'>νεότητι</span> <span class='ocrx_word' id='word_1_636' title='bbox 2837 1849 2904 1902; x_wconf 82' lang='grc' dir='ltr'>τά</span> <span class='ocrx_word' id='word_1_637' title='bbox 2931 1848 3040 1900; x_wconf 85' lang='grc' dir='ltr'>τῶν</span> <span class='ocrx_word' id='word_1_638' title='bbox 3067 1847 3449 1918; x_wconf 87' lang='grc' dir='ltr'>πρεσϐυτέρων</span> <span class='ocrx_word' id='word_1_639' title='bbox 3493 1847 3805 1899; x_wconf 82' lang='grc' dir='ltr'>ἐπιδεικνύ-</span> 
     </span>
    </p>
   </div>
   <div class='ocr_carea' id='block_1_79' title="bbox 2137 1932 3802 2013">
    <p class='ocr_par' dir='ltr' id='par_1_79' title="bbox 2137 1932 3802 2013">
     <span class='ocr_line' id='line_1_79' title="bbox 2137 1932 3802 2013; baseline -0.005 -18"><span class='ocrx_word' id='word_1_640' title='bbox 2137 1959 2306 2013; x_wconf 89' lang='grc' dir='ltr'>μενοι.</span> <span class='ocrx_word' id='word_1_641' title='bbox 2339 1941 2414 1993; x_wconf 78' lang='grc' dir='ltr'>Οὐ</span> <span class='ocrx_word' id='word_1_642' title='bbox 2448 1939 2555 2006; x_wconf 87' lang='grc' dir='ltr'>γὰρ</span> <span class='ocrx_word' id='word_1_643' title='bbox 2581 1937 2747 1998; x_wconf 78' lang='grc' dir='ltr'>ἔστιν,</span> <span class='ocrx_word' id='word_1_644' title='bbox 2769 1935 2954 2006; x_wconf 85' lang='grc' dir='ltr'>ῶσπερ</span> <span class='ocrx_word' id='word_1_645' title='bbox 2981 1934 3148 2002; x_wconf 77' lang='grc' dir='ltr'>ἔφθην</span> <span class='ocrx_word' id='word_1_646' title='bbox 3177 1932 3368 1994; x_wconf 83' lang='grc' dir='ltr'>εἰπὼν,</span> <span class='ocrx_word' id='word_1_647' title='bbox 3392 1933 3644 2002; x_wconf 85' lang='grc' dir='ltr'>τοιαύτης</span> <span class='ocrx_word' id='word_1_648' title='bbox 3666 1935 3802 1987; x_wconf 85' lang='grc' dir='ltr'>ἀπο-</span> 
     </span>
    </p>
   </div>
   <div class='ocr_carea' id='block_1_80' title="bbox 2131 2019 3802 2096">
    <p class='ocr_par' dir='ltr' id='par_1_80' title="bbox 2131 2019 3802 2096">
     <span class='ocr_line' id='line_1_80' title="bbox 2131 2019 3802 2096; baseline -0.007 -16"><span class='ocrx_word' id='word_1_649' title='bbox 2131 2029 2391 2088; x_wconf 89' lang='grc' dir='ltr'>λαύοντας</span> <span class='ocrx_word' id='word_1_650' title='bbox 2425 2024 2764 2096; x_wconf 88' lang='grc' dir='ltr'>ἀκροάσεως,</span> <span class='ocrx_word' id='word_1_651' title='bbox 2799 2021 2892 2075; x_wconf 77' lang='grc' dir='ltr'>καὶ</span> <span class='ocrx_word' id='word_1_652' title='bbox 2919 2021 3200 2089; x_wconf 83' lang='grc' dir='ltr'>ἀποστόλῳ</span> <span class='ocrx_word' id='word_1_653' title='bbox 3225 2019 3450 2091; x_wconf 85' lang='grc' dir='ltr'>τοιούτῳ</span> <span class='ocrx_word' id='word_1_654' title='bbox 3478 2019 3802 2090; x_wconf 87' lang='grc' dir='ltr'>συγγινομέ-</span> 
     </span>
    </p>
   </div>
   <div class='ocr_carea' id='block_1_81' title="bbox 2132 2106 3796 2184">
    <p class='ocr_par' dir='ltr' id='par_1_81' title="bbox 2132 2106 3796 2184">
     <span class='ocr_line' id='line_1_81' title="bbox 2132 2106 3796 2184; baseline -0.005 -16"><span class='ocrx_word' id='word_1_655' title='bbox 2132 2132 2276 2179; x_wconf 89' lang='grc' dir='ltr'>νους,</span> <span class='ocrx_word' id='word_1_656' title='bbox 2302 2113 2376 2184; x_wconf 85' lang='grc' dir='ltr'>μὴ</span> <span class='ocrx_word' id='word_1_657' title='bbox 2407 2111 2549 2183; x_wconf 88' lang='grc' dir='ltr'>μέγα</span> <span class='ocrx_word' id='word_1_658' title='bbox 2569 2129 2619 2163; x_wconf 92' lang='grc' dir='ltr'>τι</span> <span class='ocrx_word' id='word_1_659' title='bbox 2643 2111 2734 2163; x_wconf 81' lang='grc' dir='ltr'>καί</span> <span class='ocrx_word' id='word_1_660' title='bbox 2755 2111 3003 2177; x_wconf 88' lang='grc' dir='ltr'>γενναῖον</span> <span class='ocrx_word' id='word_1_661' title='bbox 3021 2107 3224 2176; x_wconf 88' lang='grc' dir='ltr'>ἀγαθὸν</span> <span class='ocrx_word' id='word_1_662' title='bbox 3244 2107 3505 2170; x_wconf 85' lang='grc' dir='ltr'>λαϐόντας</span> <span class='ocrx_word' id='word_1_663' title='bbox 3524 2106 3796 2172; x_wconf 75' lang='grc' dir='ltr'>ἀπελθεῖν,</span> 
     </span>
    </p>
   </div>
   <div class='ocr_carea' id='block_1_82' title="bbox 2131 2195 3802 2272">
    <p class='ocr_par' dir='ltr' id='par_1_82' title="bbox 2131 2195 3802 2272">
     <span class='ocr_line' id='line_1_82' title="bbox 2131 2195 3802 2272; baseline -0.007 -16"><span class='ocrx_word' id='word_1_664' title='bbox 2131 2203 2234 2256; x_wconf 84' lang='grc' dir='ltr'>κᾶν</span> <span class='ocrx_word' id='word_1_665' title='bbox 2277 2203 2440 2272; x_wconf 82' lang='grc' dir='ltr'>ἀνὴρ,</span> <span class='ocrx_word' id='word_1_666' title='bbox 2467 2199 2572 2252; x_wconf 75' lang='grc' dir='ltr'>κᾶν</span> <span class='ocrx_word' id='word_1_667' title='bbox 2622 2199 2782 2266; x_wconf 80' lang='grc' dir='ltr'>γυνὴ,</span> <span class='ocrx_word' id='word_1_668' title='bbox 2813 2196 2916 2250; x_wconf 80' lang='grc' dir='ltr'>κᾶν</span> <span class='ocrx_word' id='word_1_669' title='bbox 2944 2195 3062 2258; x_wconf 87' lang='grc' dir='ltr'>νέος</span> <span class='ocrx_word' id='word_1_670' title='bbox 3109 2197 3139 2248; x_wconf 88' lang='lat'>6</span> <span class='ocrx_word' id='word_1_671' title='bbox 3179 2196 3384 2262; x_wconf 90' lang='grc' dir='ltr'>ταύτης</span> <span class='ocrx_word' id='word_1_672' title='bbox 3435 2196 3673 2264; x_wconf 82' lang='grc' dir='ltr'>μετέχων</span> <span class='ocrx_word' id='word_1_673' title='bbox 3698 2195 3802 2262; x_wconf 83' lang='grc' dir='ltr'>τῆς</span> 
     </span>
    </p>
   </div>
   <div class='ocr_carea' id='block_1_83' title="bbox 2130 2280 3800 2359">
    <p class='ocr_par' dir='ltr' id='par_1_83' title="bbox 2130 2280 3800 2359">
     <span class='ocr_line' id='line_1_83' title="bbox 2130 2280 3800 2359; baseline -0.007 -15"><span class='ocrx_word' id='word_1_674' title='bbox 2130 2290 2406 2359; x_wconf 78' lang='grc' dir='ltr'>τραπέζης</span> <span class='ocrx_word' id='word_1_675' title='bbox 2518 2286 2582 2338; x_wconf 84' lang='grc' dir='ltr'>Εἰ</span> <span class='ocrx_word' id='word_1_676' title='bbox 2606 2283 2714 2354; x_wconf 82' lang='grc' dir='ltr'>γάρ</span> <span class='ocrx_word' id='word_1_677' title='bbox 2758 2283 2828 2336; x_wconf 87' lang='grc' dir='ltr'>τά</span> <span class='ocrx_word' id='word_1_678' title='bbox 2855 2283 3018 2352; x_wconf 87' lang='grc' dir='ltr'>θηρία</span> <span class='ocrx_word' id='word_1_679' title='bbox 3057 2282 3123 2334; x_wconf 84' lang='grc' dir='ltr'>τὰ</span> <span class='ocrx_word' id='word_1_680' title='bbox 3171 2283 3300 2351; x_wconf 82' lang='grc' dir='ltr'>παρ’</span> <span class='ocrx_word' id='word_1_681' title='bbox 3331 2282 3459 2350; x_wconf 80' lang='grc' dir='ltr'>ἡμῖν</span> <span class='ocrx_word' id='word_1_682' title='bbox 3481 2280 3624 2349; x_wconf 82' lang='grc' dir='ltr'>λόγῳ</span> <span class='ocrx_word' id='word_1_683' title='bbox 3649 2292 3672 2318; x_wconf 76' lang='grc' dir='ltr'>ε</span> <span class='ocrx_word' id='word_1_684' title='bbox 3703 2282 3800 2350; x_wconf 65' lang='lat'>96-</span> 
     </span>
    </p>
   </div>
   <div class='ocr_carea' id='block_1_84' title="bbox 2132 2367 3798 2448">
    <p class='ocr_par' dir='ltr' id='par_1_84' title="bbox 2132 2367 3798 2448">
     <span class='ocr_line' id='line_1_84' title="bbox 2132 2367 3798 2448; baseline -0.008 -17"><span class='ocrx_word' id='word_1_685' title='bbox 2132 2378 2416 2448; x_wconf 79' lang='grc' dir='ltr'>θμίζοντες</span> <span class='ocrx_word' id='word_1_686' title='bbox 2477 2371 2812 2445; x_wconf 87' lang='grc' dir='ltr'>ἠμεροῦμεν,</span> <span class='ocrx_word' id='word_1_687' title='bbox 2870 2370 3022 2438; x_wconf 85' lang='grc' dir='ltr'>πόσῳ</span> <span class='ocrx_word' id='word_1_688' title='bbox 3075 2367 3274 2438; x_wconf 78' lang='grc' dir='ltr'>μᾶλλον</span> <span class='ocrx_word' id='word_1_689' title='bbox 3326 2370 3392 2437; x_wconf 82' lang='grc' dir='ltr'>τῇ</span> <span class='ocrx_word' id='word_1_690' title='bbox 3457 2369 3798 2436; x_wconf 69' lang='grc' dir='ltr'>πνευματικῇ</span> 
     </span>
    </p>
   </div>
   <div class='ocr_carea' id='block_1_85' title="bbox 2130 2453 3802 2533">
    <p class='ocr_par' dir='ltr' id='par_1_85' title="bbox 2130 2453 3802 2533">
     <span class='ocr_line' id='line_1_85' title="bbox 2130 2453 3802 2533; baseline -0.007 -16"><span class='ocrx_word' id='word_1_691' title='bbox 2130 2465 2300 2533; x_wconf 83' lang='grc' dir='ltr'>ταύτῃ</span> <span class='ocrx_word' id='word_1_692' title='bbox 2329 2461 2645 2530; x_wconf 80' lang='grc' dir='ltr'>διδασκαλίᾳ</span> <span class='ocrx_word' id='word_1_693' title='bbox 2672 2460 2799 2521; x_wconf 82' lang='grc' dir='ltr'>τοὺς</span> <span class='ocrx_word' id='word_1_694' title='bbox 2846 2457 3044 2527; x_wconf 80' lang='grc' dir='ltr'>ἄνδρας</span> <span class='ocrx_word' id='word_1_695' title='bbox 3081 2455 3241 2508; x_wconf 85' lang='grc' dir='ltr'>τοῦτο</span> <span class='ocrx_word' id='word_1_696' title='bbox 3275 2453 3639 2525; x_wconf 85' lang='grc' dir='ltr'>ἐργασόμεθα,</span> <span class='ocrx_word' id='word_1_697' title='bbox 3669 2455 3802 2507; x_wconf 84' lang='grc' dir='ltr'>ὅταν</span> 
     </span>
    </p>
   </div>
   <div class='ocr_carea' id='block_1_86' title="bbox 2131 2541 3799 2618">
    <p class='ocr_par' dir='ltr' id='par_1_86' title="bbox 2131 2541 3799 2618">
     <span class='ocr_line' id='line_1_86' title="bbox 2131 2541 3799 2618; baseline -0.005 -15"><span class='ocrx_word' id='word_1_698' title='bbox 2131 2551 2226 2604; x_wconf 78' lang='grc' dir='ltr'>καὶ</span> <span class='ocrx_word' id='word_1_699' title='bbox 2248 2548 2341 2601; x_wconf 89' lang='grc' dir='ltr'>τοῦ</span> <span class='ocrx_word' id='word_1_700' title='bbox 2374 2548 2667 2618; x_wconf 83' lang='grc' dir='ltr'>φαρμάκου</span> <span class='ocrx_word' id='word_1_701' title='bbox 2697 2546 2790 2598; x_wconf 76' lang='grc' dir='ltr'>καὶ</span> <span class='ocrx_word' id='word_1_702' title='bbox 2811 2543 2905 2596; x_wconf 87' lang='grc' dir='ltr'>τοῦ</span> <span class='ocrx_word' id='word_1_703' title='bbox 2933 2541 3371 2612; x_wconf 79' lang='grc' dir='ltr'>θεραπευομένου</span> <span class='ocrx_word' id='word_1_704' title='bbox 3397 2541 3528 2594; x_wconf 83' lang='grc' dir='ltr'>πολὺ</span> <span class='ocrx_word' id='word_1_705' title='bbox 3551 2541 3610 2592; x_wconf 87' lang='grc' dir='ltr'>τὸ</span> <span class='ocrx_word' id='word_1_706' title='bbox 3635 2541 3799 2609; x_wconf 85' lang='grc' dir='ltr'>μέσον</span> 
     </span>
    </p>
   </div>
   <div class='ocr_carea' id='block_1_87' title="bbox 2129 2625 3800 2708">
    <p class='ocr_par' dir='ltr' id='par_1_87' title="bbox 2129 2625 3800 2708">
     <span class='ocr_line' id='line_1_87' title="bbox 2129 2625 3800 2708; baseline -0.014 -19"><span class='ocrx_word' id='word_1_707' title='bbox 2129 2631 2163 2708; x_wconf 84' lang='grc' dir='ltr'>ᾗ</span> <span class='ocrx_word' id='word_1_708' title='bbox 2189 2652 2203 2699; x_wconf 87' lang='grc'><strong>;</strong></span> <span class='ocrx_word' id='word_1_709' title='bbox 2227 2633 2366 2689; x_wconf 77' lang='grc' dir='ltr'>Οὔτε</span> <span class='ocrx_word' id='word_1_710' title='bbox 2391 2634 2497 2703; x_wconf 82' lang='grc' dir='ltr'>γὰρ</span> <span class='ocrx_word' id='word_1_711' title='bbox 2525 2634 2558 2700; x_wconf 89' lang='grc' dir='ltr'>ή</span> <span class='ocrx_word' id='word_1_712' title='bbox 2589 2633 2647 2683; x_wconf 90' lang='grc' dir='ltr'>ἐν</span> <span class='ocrx_word' id='word_1_713' title='bbox 2670 2631 2801 2701; x_wconf 76' lang='grc' dir='ltr'>ἡμῖν</span> <span class='ocrx_word' id='word_1_714' title='bbox 2827 2629 3086 2698; x_wconf 88' lang='grc' dir='ltr'>ἀγριότης</span> <span class='ocrx_word' id='word_1_715' title='bbox 3106 2627 3365 2697; x_wconf 82' lang='grc' dir='ltr'>τοσαύτη,</span> <span class='ocrx_word' id='word_1_716' title='bbox 3385 2627 3482 2696; x_wconf 78' lang='grc' dir='ltr'>ὅση</span> <span class='ocrx_word' id='word_1_717' title='bbox 3509 2628 3541 2696; x_wconf 73' lang='grc' dir='ltr'>ἡ</span> <span class='ocrx_word' id='word_1_718' title='bbox 3576 2628 3633 2679; x_wconf 79' lang='grc' dir='ltr'>ὲν</span> <span class='ocrx_word' id='word_1_719' title='bbox 3656 2625 3800 2679; x_wconf 70' lang='grc' dir='ltr'>ἐκεῖ.</span> 
     </span>
    </p>
   </div>
   <div class='ocr_carea' id='block_1_88' title="bbox 2130 2712 3800 2790">
    <p class='ocr_par' dir='ltr' id='par_1_88' title="bbox 2130 2712 3800 2790">
     <span class='ocr_line' id='line_1_88' title="bbox 2130 2712 3800 2790; baseline -0.006 -14"><span class='ocrx_word' id='word_1_720' title='bbox 2130 2739 2239 2784; x_wconf 91' lang='grc' dir='ltr'>νοις</span> <span class='ocrx_word' id='word_1_721' title='bbox 2264 2739 2278 2752; x_wconf 85' lang='grc'><strong>·</strong></span> <span class='ocrx_word' id='word_1_722' title='bbox 2307 2723 2340 2790; x_wconf 84' lang='grc' dir='ltr'><strong>ἡ</strong></span> <span class='ocrx_word' id='word_1_723' title='bbox 2382 2721 2479 2790; x_wconf 83' lang='grc' dir='ltr'>μὲν</span> <span class='ocrx_word' id='word_1_724' title='bbox 2512 2718 2620 2788; x_wconf 85' lang='grc' dir='ltr'>γὰρ</span> <span class='ocrx_word' id='word_1_725' title='bbox 2655 2716 2888 2786; x_wconf 85' lang='grc' dir='ltr'>φύσεως,</span> <span class='ocrx_word' id='word_1_726' title='bbox 2920 2718 2952 2784; x_wconf 85' lang='grc' dir='ltr'>ἡ</span> <span class='ocrx_word' id='word_1_727' title='bbox 2987 2715 3043 2767; x_wconf 82' lang='grc' dir='ltr'>δὲ</span> <span class='ocrx_word' id='word_1_728' title='bbox 3077 2712 3447 2784; x_wconf 86' lang='grc' dir='ltr'>προαιρέσεώς</span> <span class='ocrx_word' id='word_1_729' title='bbox 3471 2714 3616 2766; x_wconf 85' lang='grc' dir='ltr'>ἐστιν</span> <span class='ocrx_word' id='word_1_730' title='bbox 3637 2729 3651 2744; x_wconf 76' lang='grc' dir='ltr'><strong><em>ο</em></strong></span> <span class='ocrx_word' id='word_1_731' title='bbox 3673 2713 3800 2766; x_wconf 81' lang='grc' dir='ltr'>οὔτε</span> 
     </span>
    </p>
   </div>
   <div class='ocr_carea' id='block_1_89' title="bbox 2128 2800 3802 2876">
    <p class='ocr_par' dir='ltr' id='par_1_89' title="bbox 2128 2800 3802 2876">
     <span class='ocr_line' id='line_1_89' title="bbox 2128 2800 3802 2876; baseline -0.007 -14"><span class='ocrx_word' id='word_1_732' title='bbox 2128 2809 2238 2862; x_wconf 87' lang='grc' dir='ltr'>τῶν</span> <span class='ocrx_word' id='word_1_733' title='bbox 2261 2808 2436 2875; x_wconf 86' lang='grc' dir='ltr'>λόγων</span> <span class='ocrx_word' id='word_1_734' title='bbox 2463 2808 2496 2876; x_wconf 87' lang='grc' dir='ltr'>ή</span> <span class='ocrx_word' id='word_1_735' title='bbox 2530 2805 2681 2876; x_wconf 86' lang='grc' dir='ltr'>ἰσχὺς</span> <span class='ocrx_word' id='word_1_736' title='bbox 2712 2807 2745 2874; x_wconf 89' lang='grc' dir='ltr'>ή</span> <span class='ocrx_word' id='word_1_737' title='bbox 2782 2805 2938 2871; x_wconf 83' lang='grc' dir='ltr'>αὐτή.</span> <span class='ocrx_word' id='word_1_738' title='bbox 2959 2803 3170 2872; x_wconf 84' lang='grc' dir='ltr'>Ἑκείνη</span> <span class='ocrx_word' id='word_1_739' title='bbox 3203 2801 3305 2870; x_wconf 81' lang='grc' dir='ltr'>μὲν</span> <span class='ocrx_word' id='word_1_740' title='bbox 3328 2801 3432 2872; x_wconf 85' lang='grc' dir='ltr'>γάρ</span> <span class='ocrx_word' id='word_1_741' title='bbox 3454 2800 3802 2870; x_wconf 80' lang='grc' dir='ltr'>ἀνθρωπίνης</span> 
     </span>
    </p>
   </div>
   <div class='ocr_carea' id='block_1_90' title="bbox 2129 2887 3798 2962">
    <p class='ocr_par' dir='ltr' id='par_1_90' title="bbox 2129 2887 3798 2962">
     <span class='ocr_line' id='line_1_90' title="bbox 2129 2887 3798 2962; baseline -0.005 -14"><span class='ocrx_word' id='word_1_742' title='bbox 2129 2897 2246 2948; x_wconf 79' lang='grc' dir='ltr'>ἐστί</span> <span class='ocrx_word' id='word_1_743' title='bbox 2298 2892 2555 2956; x_wconf 88' lang='grc' dir='ltr'>διανοίας,</span> <span class='ocrx_word' id='word_1_744' title='bbox 2591 2891 2727 2960; x_wconf 78' lang='grc' dir='ltr'>αὕτη</span> <span class='ocrx_word' id='word_1_745' title='bbox 2777 2890 2834 2943; x_wconf 79' lang='grc' dir='ltr'>δὲ</span> <span class='ocrx_word' id='word_1_746' title='bbox 2881 2889 2981 2957; x_wconf 79' lang='grc' dir='ltr'>τῆς</span> <span class='ocrx_word' id='word_1_747' title='bbox 3029 2887 3123 2941; x_wconf 84' lang='grc' dir='ltr'>τοῦ</span> <span class='ocrx_word' id='word_1_748' title='bbox 3173 2888 3485 2956; x_wconf 88' lang='grc' dir='ltr'>Πνεύματος</span> <span class='ocrx_word' id='word_1_749' title='bbox 3516 2888 3798 2962; x_wconf 80' lang='grc' dir='ltr'>δυνάμεως</span> 
     </span>
    </p>
   </div>
   <div class='ocr_carea' id='block_1_91' title="bbox 2129 2971 3798 3051">
    <p class='ocr_par' dir='ltr' id='par_1_91' title="bbox 2129 2971 3798 3051">
     <span class='ocr_line' id='line_1_91' title="bbox 2129 2971 3798 3051; baseline -0.006 -16"><span class='ocrx_word' id='word_1_750' title='bbox 2129 2981 2224 3035; x_wconf 76' lang='grc' dir='ltr'>καὶ</span> <span class='ocrx_word' id='word_1_751' title='bbox 2243 2982 2341 3051; x_wconf 88' lang='grc' dir='ltr'>τῆς</span> <span class='ocrx_word' id='word_1_752' title='bbox 2365 2980 2604 3051; x_wconf 91' lang='grc' dir='ltr'>χάριτος.</span> <span class='ocrx_word' id='word_1_753' title='bbox 2623 2978 2680 3030; x_wconf 86' lang='lat'><strong>&#39;0</strong></span> <span class='ocrx_word' id='word_1_754' title='bbox 2701 2977 2877 3029; x_wconf 86' lang='grc' dir='ltr'>τοίνυν</span> <span class='ocrx_word' id='word_1_755' title='bbox 2901 2971 3289 3042; x_wconf 83' lang='grc' dir='ltr'>ἀπογινώσκων</span> <span class='ocrx_word' id='word_1_756' title='bbox 3313 2973 3524 3037; x_wconf 82' lang='grc' dir='ltr'>ἐαυτοῦ,</span> <span class='ocrx_word' id='word_1_757' title='bbox 3543 2973 3612 3025; x_wconf 88' lang='grc' dir='ltr'>τά</span> <span class='ocrx_word' id='word_1_758' title='bbox 3631 2973 3696 3042; x_wconf 88' lang='grc' dir='ltr'>θη</span> <span class='ocrx_word' id='word_1_759' title='bbox 3708 2973 3798 3043; x_wconf 85' lang='grc' dir='ltr'>ρεα</span> 
     </span>
    </p>
   </div>
   <div class='ocr_carea' id='block_1_92' title="bbox 2129 3062 3800 3137">
    <p class='ocr_par' dir='ltr' id='par_1_92' title="bbox 2129 3062 3800 3137">
     <span class='ocr_line' id='line_1_92' title="bbox 2129 3062 3800 3137; baseline -0.005 -15"><span class='ocrx_word' id='word_1_760' title='bbox 2129 3069 2379 3122; x_wconf 83' lang='grc' dir='ltr'>ἐννοείτω</span> <span class='ocrx_word' id='word_1_761' title='bbox 2397 3069 2465 3120; x_wconf 79' lang='grc' dir='ltr'>τά</span> <span class='ocrx_word' id='word_1_762' title='bbox 2485 3069 2689 3137; x_wconf 78' lang='grc' dir='ltr'>ἣμερα.</span> <span class='ocrx_word' id='word_1_763' title='bbox 2709 3065 2802 3118; x_wconf 76' lang='grc' dir='ltr'>καὶ</span> <span class='ocrx_word' id='word_1_764' title='bbox 2823 3064 3072 3118; x_wconf 81' lang='grc' dir='ltr'>οὐδέποτε</span> <span class='ocrx_word' id='word_1_765' title='bbox 3091 3063 3248 3116; x_wconf 80' lang='grc' dir='ltr'>τοῦτο</span> <span class='ocrx_word' id='word_1_766' title='bbox 3265 3063 3536 3115; x_wconf 87' lang='grc' dir='ltr'>πείσεται·</span> <span class='ocrx_word' id='word_1_767' title='bbox 3562 3062 3800 3132; x_wconf 82' lang='grc' dir='ltr'>συνεχῶς</span> 
     </span>
    </p>
   </div>
   <div class='ocr_carea' id='block_1_93' title="bbox 2130 3149 3802 3226">
    <p class='ocr_par' dir='ltr' id='par_1_93' title="bbox 2130 3149 3802 3226">
     <span class='ocr_line' id='line_1_93' title="bbox 2130 3149 3802 3226; baseline -0.004 -17"><span class='ocrx_word' id='word_1_768' title='bbox 2130 3155 2282 3226; x_wconf 83' lang='grc' dir='ltr'>παρὰ</span> <span class='ocrx_word' id='word_1_769' title='bbox 2307 3154 2464 3208; x_wconf 86' lang='grc' dir='ltr'>τοῦτο</span> <span class='ocrx_word' id='word_1_770' title='bbox 2487 3155 2584 3206; x_wconf 86' lang='grc' dir='ltr'>ῐτω</span> <span class='ocrx_word' id='word_1_771' title='bbox 2611 3153 2672 3206; x_wconf 85' lang='grc' dir='ltr'>τὸ</span> <span class='ocrx_word' id='word_1_772' title='bbox 2697 3153 2952 3222; x_wconf 88' lang='grc' dir='ltr'>ἰατρεῖον,</span> <span class='ocrx_word' id='word_1_773' title='bbox 2974 3149 3080 3202; x_wconf 88' lang='grc' dir='ltr'>τῶν</span> <span class='ocrx_word' id='word_1_774' title='bbox 3102 3149 3196 3203; x_wconf 85' lang='grc' dir='ltr'>τοῦ</span> <span class='ocrx_word' id='word_1_775' title='bbox 3221 3151 3534 3218; x_wconf 86' lang='grc' dir='ltr'>Πνεύματος</span> <span class='ocrx_word' id='word_1_776' title='bbox 3555 3149 3802 3202; x_wconf 80' lang='grc' dir='ltr'>ἀκουέτω</span> 
     </span>
    </p>
   </div>
   <div class='ocr_carea' id='block_1_94' title="bbox 2131 3235 3798 3313">
    <p class='ocr_par' dir='ltr' id='par_1_94' title="bbox 2131 3235 3798 3313">
     <span class='ocr_line' id='line_1_94' title="bbox 2131 3235 3798 3313; baseline -0.005 -17"><span class='ocrx_word' id='word_1_777' title='bbox 2131 3243 2309 3313; x_wconf 87' lang='grc' dir='ltr'>νόμων</span> <span class='ocrx_word' id='word_1_778' title='bbox 2337 3241 2425 3295; x_wconf 89' lang='grc' dir='ltr'>διά</span> <span class='ocrx_word' id='word_1_779' title='bbox 2456 3240 2654 3302; x_wconf 88' lang='grc' dir='ltr'>παντὸς</span> <span class='ocrx_word' id='word_1_780' title='bbox 2677 3238 2770 3291; x_wconf 88' lang='grc' dir='ltr'>τοῦ</span> <span class='ocrx_word' id='word_1_781' title='bbox 2805 3237 3020 3307; x_wconf 81' lang='grc' dir='ltr'>καιροῦ,</span> <span class='ocrx_word' id='word_1_782' title='bbox 3051 3237 3146 3290; x_wconf 71' lang='grc' dir='ltr'>καὶ</span> <span class='ocrx_word' id='word_1_783' title='bbox 3179 3236 3359 3289; x_wconf 77' lang='grc' dir='ltr'>οἶκαδε</span> <span class='ocrx_word' id='word_1_784' title='bbox 3391 3235 3634 3288; x_wconf 84' lang='grc' dir='ltr'>ἀπελθὼν</span> <span class='ocrx_word' id='word_1_785' title='bbox 3661 3237 3798 3288; x_wconf 81' lang='grc' dir='ltr'>ἀπο-</span> 
     </span>
    </p>
   </div>
   <div class='ocr_carea' id='block_1_95' title="bbox 2129 3321 3797 3399">
    <p class='ocr_par' dir='ltr' id='par_1_95' title="bbox 2129 3321 3797 3399">
     <span class='ocr_line' id='line_1_95' title="bbox 2129 3321 3797 3399; baseline -0.005 -17"><span class='ocrx_word' id='word_1_786' title='bbox 2129 3329 2389 3399; x_wconf 86' lang='grc' dir='ltr'>γραφέτω</span> <span class='ocrx_word' id='word_1_787' title='bbox 2417 3328 2486 3381; x_wconf 88' lang='grc' dir='ltr'>τά</span> <span class='ocrx_word' id='word_1_788' title='bbox 2514 3326 2847 3380; x_wconf 88' lang='grc' dir='ltr'>ἀκουσθέντα</span> <span class='ocrx_word' id='word_1_789' title='bbox 2881 3327 2946 3394; x_wconf 78' lang='grc' dir='ltr'>τῇ</span> <span class='ocrx_word' id='word_1_790' title='bbox 2979 3323 3188 3394; x_wconf 73' lang='grc' dir='ltr'>διανοίᾳ.</span> <span class='ocrx_word' id='word_1_791' title='bbox 3209 3340 3222 3355; x_wconf 78' lang='grc'><em>’</em></span> <span class='ocrx_word' id='word_1_792' title='bbox 3256 3323 3348 3376; x_wconf 75' lang='grc' dir='ltr'>καὶ</span> <span class='ocrx_word' id='word_1_793' title='bbox 3376 3321 3546 3385; x_wconf 76' lang='grc' dir='ltr'>οὕτως</span> <span class='ocrx_word' id='word_1_794' title='bbox 3565 3322 3718 3374; x_wconf 80' lang='grc' dir='ltr'>ἔσται</span> <span class='ocrx_word' id='word_1_795' title='bbox 3737 3323 3797 3373; x_wconf 83' lang='grc' dir='ltr'>ἐν</span> 
     </span>
    </p>
   </div>
   <div class='ocr_carea' id='block_1_96' title="bbox 2131 3410 3798 3487">
    <p class='ocr_par' dir='ltr' id='par_1_96' title="bbox 2131 3410 3798 3487">
     <span class='ocr_line' id='line_1_96' title="bbox 2131 3410 3798 3487; baseline -0.004 -18"><span class='ocrx_word' id='word_1_796' title='bbox 2131 3416 2311 3470; x_wconf 88' lang='grc' dir='ltr'>ἐλπίσι</span> <span class='ocrx_word' id='word_1_797' title='bbox 2339 3417 2603 3487; x_wconf 82' lang='grc' dir='ltr'>χρησταῖς</span> <span class='ocrx_word' id='word_1_798' title='bbox 2633 3413 2725 3466; x_wconf 76' lang='grc' dir='ltr'>καὶ</span> <span class='ocrx_word' id='word_1_799' title='bbox 2749 3411 3018 3480; x_wconf 79' lang='grc' dir='ltr'>ἀσφαλείᾳ</span> <span class='ocrx_word' id='word_1_800' title='bbox 3043 3411 3234 3480; x_wconf 77' lang='grc' dir='ltr'>πολλῇ,</span> <span class='ocrx_word' id='word_1_801' title='bbox 3257 3413 3321 3480; x_wconf 83' lang='grc' dir='ltr'>τῇ</span> <span class='ocrx_word' id='word_1_802' title='bbox 3352 3410 3520 3481; x_wconf 79' lang='grc' dir='ltr'>πείρα</span> <span class='ocrx_word' id='word_1_803' title='bbox 3541 3411 3640 3480; x_wconf 87' lang='grc' dir='ltr'>τῆς</span> <span class='ocrx_word' id='word_1_804' title='bbox 3662 3427 3798 3480; x_wconf 84' lang='grc' dir='ltr'>προ-</span> 
     </span>
    </p>
   </div>
   <div class='ocr_carea' id='block_1_97' title="bbox 2130 3498 3798 3573">
    <p class='ocr_par' dir='ltr' id='par_1_97' title="bbox 2130 3498 3798 3573">
     <span class='ocr_line' id='line_1_97' title="bbox 2130 3498 3798 3573; baseline -0.004 -15"><span class='ocrx_word' id='word_1_805' title='bbox 2130 3505 2306 3573; x_wconf 85' lang='grc' dir='ltr'>κοπῆς</span> <span class='ocrx_word' id='word_1_806' title='bbox 2350 3502 2735 3570; x_wconf 88' lang='grc' dir='ltr'>αἰσθανόμενος</span> <span class='ocrx_word' id='word_1_807' title='bbox 2761 3501 2930 3553; x_wconf 87' lang='grc' dir='ltr'>Ὅταν</span> <span class='ocrx_word' id='word_1_808' title='bbox 2952 3501 3062 3570; x_wconf 84' lang='grc' dir='ltr'>γὰρ</span> <span class='ocrx_word' id='word_1_809' title='bbox 3087 3502 3116 3553; x_wconf 88' lang='lat'>6</span> <span class='ocrx_word' id='word_1_810' title='bbox 3153 3498 3395 3562; x_wconf 88' lang='grc' dir='ltr'>διάϐολος</span> <span class='ocrx_word' id='word_1_811' title='bbox 3425 3499 3508 3568; x_wconf 79' lang='grc' dir='ltr'>ίδῃ</span> <span class='ocrx_word' id='word_1_812' title='bbox 3540 3499 3635 3552; x_wconf 84' lang='grc' dir='ltr'>τοῦ</span> <span class='ocrx_word' id='word_1_813' title='bbox 3660 3499 3798 3553; x_wconf 79' lang='grc' dir='ltr'>Θεοῦ</span> 
     </span>
    </p>
   </div>
   <div class='ocr_carea' id='block_1_98' title="bbox 2129 3585 3797 3659">
    <p class='ocr_par' dir='ltr' id='par_1_98' title="bbox 2129 3585 3797 3659">
     <span class='ocr_line' id='line_1_98' title="bbox 2129 3585 3797 3659; baseline -0.004 -15"><span class='ocrx_word' id='word_1_814' title='bbox 2129 3590 2220 3644; x_wconf 86' lang='grc' dir='ltr'>τὸν</span> <span class='ocrx_word' id='word_1_815' title='bbox 2246 3591 2408 3659; x_wconf 88' lang='grc' dir='ltr'>νόμον</span> <span class='ocrx_word' id='word_1_816' title='bbox 2438 3589 2779 3658; x_wconf 85' lang='grc' dir='ltr'>ἐγγραφέντα</span> <span class='ocrx_word' id='word_1_817' title='bbox 2795 3589 2861 3657; x_wconf 78' lang='grc' dir='ltr'>τῇ</span> <span class='ocrx_word' id='word_1_818' title='bbox 2891 3587 3059 3658; x_wconf 71' lang='grc' dir='ltr'>ψυχῇ.</span> <span class='ocrx_word' id='word_1_819' title='bbox 3089 3587 3180 3640; x_wconf 73' lang='grc' dir='ltr'>καὶ</span> <span class='ocrx_word' id='word_1_820' title='bbox 3205 3586 3416 3647; x_wconf 86' lang='grc' dir='ltr'>πλάκας</span> <span class='ocrx_word' id='word_1_821' title='bbox 3448 3585 3612 3639; x_wconf 81' lang='grc' dir='ltr'>αὑτοῦ</span> <span class='ocrx_word' id='word_1_822' title='bbox 3639 3602 3797 3653; x_wconf 85' lang='grc' dir='ltr'>γενο-</span> 
     </span>
    </p>
   </div>
   <div class='ocr_carea' id='block_1_99' title="bbox 2134 3671 3796 3747">
    <p class='ocr_par' dir='ltr' id='par_1_99' title="bbox 2134 3671 3796 3747">
     <span class='ocr_line' id='line_1_99' title="bbox 2134 3671 3796 3747; baseline -0.002 -19"><span class='ocrx_word' id='word_1_823' title='bbox 2134 3677 2302 3746; x_wconf 86' lang='grc' dir='ltr'>μένην</span> <span class='ocrx_word' id='word_1_824' title='bbox 2338 3677 2438 3745; x_wconf 78' lang='grc' dir='ltr'>τὴν</span> <span class='ocrx_word' id='word_1_825' title='bbox 2463 3676 2710 3747; x_wconf 90' lang='grc' dir='ltr'>καρδίαν,</span> <span class='ocrx_word' id='word_1_826' title='bbox 2739 3675 2798 3727; x_wconf 87' lang='grc' dir='ltr'>ού</span> <span class='ocrx_word' id='word_1_827' title='bbox 2831 3674 3253 3745; x_wconf 87' lang='grc' dir='ltr'>προσελεύσεται</span> <span class='ocrx_word' id='word_1_828' title='bbox 3281 3672 3662 3725; x_wconf 82' lang='grc' dir='ltr'>λοιπόν.¹¹Ενθα</span> <span class='ocrx_word' id='word_1_829' title='bbox 3687 3671 3796 3742; x_wconf 82' lang='grc' dir='ltr'>γὰρ</span> 
     </span>
    </p>
   </div>
   <div class='ocr_carea' id='block_1_100' title="bbox 2129 3757 3796 3835">
    <p class='ocr_par' dir='ltr' id='par_1_100' title="bbox 2129 3757 3796 3835">
     <span class='ocr_line' id='line_1_100' title="bbox 2129 3757 3796 3835; baseline -0.005 -19"><span class='ocrx_word' id='word_1_830' title='bbox 2129 3759 2246 3835; x_wconf 84' lang='grc' dir='ltr'>ἃνῇ</span> <span class='ocrx_word' id='word_1_831' title='bbox 2268 3762 2570 3832; x_wconf 87' lang='grc' dir='ltr'>γράμματα</span> <span class='ocrx_word' id='word_1_832' title='bbox 2594 3759 2866 3830; x_wconf 71' lang='grc' dir='ltr'>βασιλικά,</span> <span class='ocrx_word' id='word_1_833' title='bbox 2881 3761 2982 3814; x_wconf 82' lang='grc' dir='ltr'>οὐκ</span> <span class='ocrx_word' id='word_1_834' title='bbox 3004 3761 3061 3812; x_wconf 83' lang='grc' dir='ltr'>ἐν</span> <span class='ocrx_word' id='word_1_835' title='bbox 3088 3760 3252 3830; x_wconf 81' lang='grc' dir='ltr'>στήλῃ</span> <span class='ocrx_word' id='word_1_836' title='bbox 3277 3758 3583 3829; x_wconf 85' lang='grc' dir='ltr'>χαραγέντα</span> <span class='ocrx_word' id='word_1_837' title='bbox 3595 3757 3796 3827; x_wconf 74' lang='grc' dir='ltr'>χαλκῇ,</span> 
     </span>
    </p>
   </div>
   <div class='ocr_carea' id='block_1_101' title="bbox 2129 3845 3796 3916">
    <p class='ocr_par' dir='ltr' id='par_1_101' title="bbox 2129 3845 3796 3916">
     <span class='ocr_line' id='line_1_101' title="bbox 2129 3845 3796 3916; baseline -0.004 -13"><span class='ocrx_word' id='word_1_838' title='bbox 2129 3850 2242 3903; x_wconf 82' lang='grc' dir='ltr'>ἀλλ’</span> <span class='ocrx_word' id='word_1_839' title='bbox 2275 3850 2369 3902; x_wconf 78' lang='grc' dir='ltr'>ἐπὶ</span> <span class='ocrx_word' id='word_1_840' title='bbox 2399 3849 2676 3916; x_wconf 80' lang='grc' dir='ltr'>θεοφιλοῦς</span> <span class='ocrx_word' id='word_1_841' title='bbox 2708 3849 2945 3910; x_wconf 87' lang='grc' dir='ltr'>διανοίας</span> <span class='ocrx_word' id='word_1_842' title='bbox 2976 3847 3118 3916; x_wconf 87' lang='grc' dir='ltr'>ἀγίῳ</span> <span class='ocrx_word' id='word_1_843' title='bbox 3147 3845 3424 3916; x_wconf 85' lang='grc' dir='ltr'>Πνεύματι</span> <span class='ocrx_word' id='word_1_844' title='bbox 3452 3845 3796 3905; x_wconf 82' lang='grc' dir='ltr'>τυπωθέντα,</span> 
     </span>
    </p>
   </div>
   <div class='ocr_carea' id='block_1_102' title="bbox 2131 3931 3799 4004">
    <p class='ocr_par' dir='ltr' id='par_1_102' title="bbox 2131 3931 3799 4004">
     <span class='ocr_line' id='line_1_102' title="bbox 2131 3931 3799 4004; baseline -0.004 -14"><span class='ocrx_word' id='word_1_845' title='bbox 2131 3937 2222 3990; x_wconf 74' lang='grc' dir='ltr'>καὶ</span> <span class='ocrx_word' id='word_1_846' title='bbox 2254 3935 2456 4004; x_wconf 82' lang='grc' dir='ltr'>πολλῆς</span> <span class='ocrx_word' id='word_1_847' title='bbox 2491 3934 2885 3988; x_wconf 88' lang='grc' dir='ltr'>ἀποστίλϐοντα</span> <span class='ocrx_word' id='word_1_848' title='bbox 2915 3935 3014 4002; x_wconf 89' lang='grc' dir='ltr'>τῆς</span> <span class='ocrx_word' id='word_1_849' title='bbox 3043 3934 3286 4003; x_wconf 86' lang='grc' dir='ltr'>χάριτος,</span> <span class='ocrx_word' id='word_1_850' title='bbox 3319 3933 3438 3985; x_wconf 78' lang='grc' dir='ltr'>οὐδὲ</span> <span class='ocrx_word' id='word_1_851' title='bbox 3480 3931 3799 3999; x_wconf 77' lang='grc' dir='ltr'>ἀντιϐλέψαι</span> 
     </span>
    </p>
   </div>
   <div class='ocr_carea' id='block_1_103' title="bbox 2130 4016 3794 4090">
    <p class='ocr_par' dir='ltr' id='par_1_103' title="bbox 2130 4016 3794 4090">
     <span class='ocr_line' id='line_1_103' title="bbox 2130 4016 3794 4090; baseline -0.002 -16"><span class='ocrx_word' id='word_1_852' title='bbox 2130 4024 2335 4086; x_wconf 86' lang='grc' dir='ltr'>ἐκεῖνος</span> <span class='ocrx_word' id='word_1_853' title='bbox 2362 4021 2668 4090; x_wconf 83' lang='grc' dir='ltr'>δυνήσεται,</span> <span class='ocrx_word' id='word_1_854' title='bbox 2699 4019 2835 4072; x_wconf 89' lang='grc' dir='ltr'>ἀλλά</span> <span class='ocrx_word' id='word_1_855' title='bbox 2863 4019 3148 4090; x_wconf 70' lang='grc' dir='ltr'>πόρρωθεν</span> <span class='ocrx_word' id='word_1_856' title='bbox 3176 4019 3306 4088; x_wconf 83' lang='grc' dir='ltr'>ἡμῖν</span> <span class='ocrx_word' id='word_1_857' title='bbox 3347 4017 3506 4070; x_wconf 85' lang='grc' dir='ltr'>δώσει</span> <span class='ocrx_word' id='word_1_858' title='bbox 3531 4017 3600 4070; x_wconf 83' lang='grc' dir='ltr'>τά</span> <span class='ocrx_word' id='word_1_859' title='bbox 3628 4016 3794 4072; x_wconf 89' lang='grc' dir='ltr'>νῶτα.</span> 
     </span>
    </p>
   </div>
   <div class='ocr_carea' id='block_1_104' title="bbox 2129 4105 3800 4176">
    <p class='ocr_par' dir='ltr' id='par_1_104' title="bbox 2129 4105 3800 4176">
     <span class='ocr_line' id='line_1_104' title="bbox 2129 4105 3800 4176; baseline -0.004 -14"><span class='ocrx_word' id='word_1_860' title='bbox 2129 4109 2293 4162; x_wconf 80' lang='grc' dir='ltr'>υύδέν</span> <span class='ocrx_word' id='word_1_861' title='bbox 2342 4107 2449 4176; x_wconf 86' lang='grc' dir='ltr'>γὰρ</span> <span class='ocrx_word' id='word_1_862' title='bbox 2479 4106 2622 4160; x_wconf 78' lang='grc' dir='ltr'>οὕτω</span> <span class='ocrx_word' id='word_1_863' title='bbox 2659 4106 2888 4176; x_wconf 87' lang='grc' dir='ltr'>φοϐερὸν</span> <span class='ocrx_word' id='word_1_864' title='bbox 2921 4105 3112 4174; x_wconf 85' lang='grc' dir='ltr'>ἐκείνῳ</span> <span class='ocrx_word' id='word_1_865' title='bbox 3156 4105 3248 4158; x_wconf 81' lang='grc' dir='ltr'>καὶ</span> <span class='ocrx_word' id='word_1_866' title='bbox 3277 4107 3388 4167; x_wconf 87' lang='grc' dir='ltr'>τοῖς</span> <span class='ocrx_word' id='word_1_867' title='bbox 3424 4106 3552 4175; x_wconf 83' lang='grc' dir='ltr'>παρ’</span> <span class='ocrx_word' id='word_1_868' title='bbox 3586 4105 3800 4156; x_wconf 84' lang='grc' dir='ltr'>ἐκείνου</span> 
     </span>
    </p>
   </div>
   <div class='ocr_carea' id='block_1_105' title="bbox 2129 4189 3799 4262">
    <p class='ocr_par' dir='ltr' id='par_1_105' title="bbox 2129 4189 3799 4262">
     <span class='ocr_line' id='line_1_105' title="bbox 2129 4189 3799 4262; baseline -0.002 -16"><span class='ocrx_word' id='word_1_869' title='bbox 2129 4190 2573 4262; x_wconf 72' lang='grc' dir='ltr'>ὐποτιθεμένοιςΐ</span> <span class='ocrx_word' id='word_1_870' title='bbox 2599 4191 2896 4261; x_wconf 82' lang='grc' dir='ltr'>λογισμοῖς,</span> <span class='ocrx_word' id='word_1_871' title='bbox 2926 4191 3002 4254; x_wconf 85' lang='grc' dir='ltr'>ὡς</span> <span class='ocrx_word' id='word_1_872' title='bbox 3023 4191 3226 4244; x_wconf 88' lang='grc' dir='ltr'>διάνοια</span> <span class='ocrx_word' id='word_1_873' title='bbox 3255 4189 3323 4243; x_wconf 88' lang='grc' dir='ltr'>τά</span> <span class='ocrx_word' id='word_1_874' title='bbox 3347 4191 3465 4243; x_wconf 90' lang='grc' dir='ltr'>θεῖα</span> <span class='ocrx_word' id='word_1_875' title='bbox 3494 4190 3799 4260; x_wconf 86' lang='grc' dir='ltr'>μελετῶσα,</span> 
     </span>
    </p>
   </div>
   <div class='ocr_carea' id='block_1_106' title="bbox 2128 4277 3802 4350">
    <p class='ocr_par' dir='ltr' id='par_1_106' title="bbox 2128 4277 3802 4350">
     <span class='ocr_line' id='line_1_106' title="bbox 2128 4277 3802 4350; baseline -0.002 -17"><span class='ocrx_word' id='word_1_876' title='bbox 2128 4280 2222 4334; x_wconf 75' lang='grc' dir='ltr'>καὶ</span> <span class='ocrx_word' id='word_1_877' title='bbox 2253 4279 2398 4350; x_wconf 74' lang='grc' dir='ltr'>ψυχὴ</span> <span class='ocrx_word' id='word_1_878' title='bbox 2424 4277 2600 4350; x_wconf 86' lang='grc' dir='ltr'>ταύτῃ</span> <span class='ocrx_word' id='word_1_879' title='bbox 2627 4278 2916 4340; x_wconf 85' lang='grc' dir='ltr'>διαπαντὸς</span> <span class='ocrx_word' id='word_1_880' title='bbox 2942 4279 3232 4348; x_wconf 86' lang='grc' dir='ltr'>ἐγκειμένη</span> <span class='ocrx_word' id='word_1_881' title='bbox 3259 4281 3327 4347; x_wconf 80' lang='grc' dir='ltr'>τῇ</span> <span class='ocrx_word' id='word_1_882' title='bbox 3357 4280 3527 4348; x_wconf 76' lang='grc' dir='ltr'>πηγῇ.</span> <span class='ocrx_word' id='word_1_883' title='bbox 3553 4278 3664 4348; x_wconf 76' lang='grc' dir='ltr'>Τὴν</span> <span class='ocrx_word' id='word_1_884' title='bbox 3687 4278 3802 4348; x_wconf 72' lang='grc' dir='ltr'>γὰρ</span> 
     </span>
    </p>
   </div>
   <div class='ocr_carea' id='block_1_107' title="bbox 2127 4364 3802 4436">
    <p class='ocr_par' dir='ltr' id='par_1_107' title="bbox 2127 4364 3802 4436">
     <span class='ocr_line' id='line_1_107' title="bbox 2127 4364 3802 4436; baseline -0.001 -17"><span class='ocrx_word' id='word_1_885' title='bbox 2127 4366 2384 4436; x_wconf 88' lang='grc' dir='ltr'>τοιαύτην</span> <span class='ocrx_word' id='word_1_886' title='bbox 2407 4365 2468 4418; x_wconf 87' lang='grc' dir='ltr'>ού</span> <span class='ocrx_word' id='word_1_887' title='bbox 2502 4364 2740 4433; x_wconf 85' lang='grc' dir='ltr'>λυπῆσαί</span> <span class='ocrx_word' id='word_1_888' title='bbox 2769 4381 2823 4417; x_wconf 90' lang='grc' dir='ltr'>τι</span> <span class='ocrx_word' id='word_1_889' title='bbox 2866 4364 2972 4417; x_wconf 89' lang='grc' dir='ltr'>τῶν</span> <span class='ocrx_word' id='word_1_890' title='bbox 3015 4364 3298 4434; x_wconf 85' lang='grc' dir='ltr'>παρόντων</span> <span class='ocrx_word' id='word_1_891' title='bbox 3343 4365 3651 4432; x_wconf 83' lang='grc' dir='ltr'>δυνήσεται,</span> <span class='ocrx_word' id='word_1_892' title='bbox 3692 4364 3802 4418; x_wconf 79' lang='grc' dir='ltr'>κᾶν</span> 
     </span>
    </p>
   </div>
   <div class='ocr_carea' id='block_1_108' title="bbox 2128 4446 3802 4523">
    <p class='ocr_par' dir='ltr' id='par_1_108' title="bbox 2128 4446 3802 4523">
     <span class='ocr_line' id='line_1_108' title="bbox 2128 4446 3802 4523; baseline -0.001 -20"><span class='ocrx_word' id='word_1_893' title='bbox 2128 4451 2288 4520; x_wconf 79' lang='grc' dir='ltr'>ἀηδὲς</span> <span class='ocrx_word' id='word_1_894' title='bbox 2317 4446 2373 4523; x_wconf 79' lang='grc' dir='ltr'>ᾗ,</span> <span class='ocrx_word' id='word_1_895' title='bbox 2407 4450 2467 4503; x_wconf 84' lang='grc' dir='ltr'><strong>οὐ</strong></span> <span class='ocrx_word' id='word_1_896' title='bbox 2492 4449 2728 4518; x_wconf 83' lang='grc' dir='ltr'>φυσῆσαι</span> <span class='ocrx_word' id='word_1_897' title='bbox 2759 4449 2851 4503; x_wconf 76' lang='grc' dir='ltr'>καὶ</span> <span class='ocrx_word' id='word_1_898' title='bbox 2877 4451 3099 4520; x_wconf 77' lang='grc' dir='ltr'>ἐπᾶραι,</span> <span class='ocrx_word' id='word_1_899' title='bbox 3133 4449 3236 4503; x_wconf 75' lang='grc' dir='ltr'>κᾶν</span> <span class='ocrx_word' id='word_1_900' title='bbox 3263 4446 3486 4522; x_wconf 80' lang='grc' dir='ltr'>αἶσιονῇ</span> <span class='ocrx_word' id='word_1_901' title='bbox 3511 4451 3538 4489; x_wconf 70' lang='grc' dir='ltr'><strong>Β</strong></span> <span class='ocrx_word' id='word_1_902' title='bbox 3557 4465 3569 4476; x_wconf 90' lang='grc'><strong>·</strong></span> <span class='ocrx_word' id='word_1_903' title='bbox 3599 4449 3714 4502; x_wconf 82' lang='grc' dir='ltr'>ἀλλ’</span> <span class='ocrx_word' id='word_1_904' title='bbox 3739 4449 3802 4502; x_wconf 88' lang='grc' dir='ltr'>ἐν</span> 
     </span>
    </p>
   </div>
   <div class='ocr_carea' id='block_1_109' title="bbox 2126 4535 3797 4607">
    <p class='ocr_par' dir='ltr' id='par_1_109' title="bbox 2126 4535 3797 4607">
     <span class='ocr_line' id='line_1_109' title="bbox 2126 4535 3797 4607; baseline -0.001 -15"><span class='ocrx_word' id='word_1_905' title='bbox 2126 4537 2364 4607; x_wconf 85' lang='grc' dir='ltr'>τοσούτῳ</span> <span class='ocrx_word' id='word_1_906' title='bbox 2389 4537 2616 4607; x_wconf 89' lang='grc' dir='ltr'>χειμῶνι</span> <span class='ocrx_word' id='word_1_907' title='bbox 2646 4538 2738 4590; x_wconf 70' lang='grc' dir='ltr'>καὶ</span> <span class='ocrx_word' id='word_1_908' title='bbox 2758 4537 2894 4607; x_wconf 79' lang='grc' dir='ltr'>ζάλῃ</span> <span class='ocrx_word' id='word_1_909' title='bbox 2922 4537 3160 4607; x_wconf 84' lang='grc' dir='ltr'>γαλήνης</span> <span class='ocrx_word' id='word_1_910' title='bbox 3181 4535 3545 4590; x_wconf 85' lang='grc' dir='ltr'>ἀπολαύσεται</span> <span class='ocrx_word' id='word_1_911' title='bbox 3575 4535 3797 4605; x_wconf 79' lang='grc' dir='ltr'>πολλῆς.</span> 
     </span>
    </p>
   </div>
   <div class='ocr_carea' id='block_1_110' title="bbox 2201 4621 3800 4694">
    <p class='ocr_par' dir='ltr' id='par_1_110' title="bbox 2201 4621 3800 4694">
     <span class='ocr_line' id='line_1_110' title="bbox 2201 4621 3800 4694; baseline -0.003 -17"><span class='ocrx_word' id='word_1_912' title='bbox 2201 4623 2266 4694; x_wconf 85' lang='grc' dir='ltr'>β’.</span> <span class='ocrx_word' id='word_1_913' title='bbox 2306 4624 2382 4677; x_wconf 87' lang='grc' dir='ltr'>Ού</span> <span class='ocrx_word' id='word_1_914' title='bbox 2412 4623 2521 4692; x_wconf 83' lang='grc' dir='ltr'>γὰρ</span> <span class='ocrx_word' id='word_1_915' title='bbox 2548 4622 2700 4694; x_wconf 86' lang='grc' dir='ltr'>παρὰ</span> <span class='ocrx_word' id='word_1_916' title='bbox 2722 4623 2820 4690; x_wconf 80' lang='grc' dir='ltr'>τὴν</span> <span class='ocrx_word' id='word_1_917' title='bbox 2845 4622 2954 4677; x_wconf 89' lang='grc' dir='ltr'>τῶν</span> <span class='ocrx_word' id='word_1_918' title='bbox 2983 4623 3320 4693; x_wconf 86' lang='grc' dir='ltr'>πραγμάτων</span> <span class='ocrx_word' id='word_1_919' title='bbox 3344 4621 3503 4689; x_wconf 86' lang='grc' dir='ltr'>φύσιν</span> <span class='ocrx_word' id='word_1_920' title='bbox 3523 4625 3552 4674; x_wconf 90' lang='lat'>6</span> <span class='ocrx_word' id='word_1_921' title='bbox 3571 4621 3800 4692; x_wconf 85' lang='grc' dir='ltr'>θόρυϐος</span> 
     </span>
    </p>
   </div>
   <div class='ocr_carea' id='block_1_111' title="bbox 2129 4707 3802 4782">
    <p class='ocr_par' dir='ltr' id='par_1_111' title="bbox 2129 4707 3802 4782">
     <span class='ocr_line' id='line_1_111' title="bbox 2129 4707 3802 4782; baseline -0.002 -18"><span class='ocrx_word' id='word_1_922' title='bbox 2129 4712 2261 4782; x_wconf 86' lang='grc' dir='ltr'>ήμῖν</span> <span class='ocrx_word' id='word_1_923' title='bbox 2285 4709 2579 4779; x_wconf 86' lang='grc' dir='ltr'>ἐγγίνεται.</span> <span class='ocrx_word' id='word_1_924' title='bbox 2611 4709 2747 4763; x_wconf 88' lang='grc' dir='ltr'>ἀλλά</span> <span class='ocrx_word' id='word_1_925' title='bbox 2790 4708 2942 4779; x_wconf 80' lang='grc' dir='ltr'>παρὰ</span> <span class='ocrx_word' id='word_1_926' title='bbox 2980 4709 3079 4781; x_wconf 85' lang='grc' dir='ltr'>τὴν</span> <span class='ocrx_word' id='word_1_927' title='bbox 3121 4709 3402 4763; x_wconf 84' lang='grc' dir='ltr'>ἀσθένειαν</span> <span class='ocrx_word' id='word_1_928' title='bbox 3423 4711 3526 4777; x_wconf 77' lang='grc' dir='ltr'>τῆς</span> <span class='ocrx_word' id='word_1_929' title='bbox 3557 4707 3802 4769; x_wconf 78' lang='grc' dir='ltr'>διανοίας</span> 
     </span>
    </p>
   </div>
   <div class='ocr_carea' id='block_1_112' title="bbox 2126 4793 3805 4869">
    <p class='ocr_par' dir='ltr' id='par_1_112' title="bbox 2126 4793 3805 4869">
     <span class='ocr_line' id='line_1_112' title="bbox 2126 4793 3805 4869; baseline -0.003 -17"><span class='ocrx_word' id='word_1_930' title='bbox 2126 4801 2226 4868; x_wconf 84' lang='grc' dir='ltr'>τῆς</span> <span class='ocrx_word' id='word_1_931' title='bbox 2271 4797 2563 4869; x_wconf 78' lang='grc' dir='ltr'>ἡμετέρας.</span> <span class='ocrx_word' id='word_1_932' title='bbox 2603 4797 2752 4850; x_wconf 76' lang='grc' dir='ltr'>Ἐπεὶ</span> <span class='ocrx_word' id='word_1_933' title='bbox 2807 4799 2856 4850; x_wconf 88' lang='grc' dir='ltr'>εἰ</span> <span class='ocrx_word' id='word_1_934' title='bbox 2899 4795 3051 4868; x_wconf 86' lang='grc' dir='ltr'>παρά</span> <span class='ocrx_word' id='word_1_935' title='bbox 3091 4795 3160 4848; x_wconf 84' lang='grc' dir='ltr'>τά</span> <span class='ocrx_word' id='word_1_936' title='bbox 3227 4793 3592 4863; x_wconf 87' lang='grc' dir='ltr'>συμϐαίνοντα</span> <span class='ocrx_word' id='word_1_937' title='bbox 3639 4795 3805 4847; x_wconf 88' lang='grc' dir='ltr'>τοῦτο</span> 
     </span>
    </p>
   </div>
   <div class='ocr_carea' id='block_1_113' title="bbox 2128 4880 3801 4957">
    <p class='ocr_par' dir='ltr' id='par_1_113' title="bbox 2128 4880 3801 4957">
     <span class='ocr_line' id='line_1_113' title="bbox 2128 4880 3801 4957; baseline -0.004 -17"><span class='ocrx_word' id='word_1_938' title='bbox 2128 4887 2460 4957; x_wconf 80' lang='grc' dir='ltr'>ἐπάσχομεν,</span> <span class='ocrx_word' id='word_1_939' title='bbox 2478 4885 2684 4944; x_wconf 79' lang='grc' dir='ltr'>πάντας</span> <span class='ocrx_word' id='word_1_940' title='bbox 2713 4882 3029 4956; x_wconf 86' lang='grc' dir='ltr'>ἀνθρώπους</span> <span class='ocrx_word' id='word_1_941' title='bbox 3047 4880 3408 4952; x_wconf 87' lang='grc' dir='ltr'>ταράττεσθαι</span> <span class='ocrx_word' id='word_1_942' title='bbox 3430 4880 3558 4935; x_wconf 77' lang='grc' dir='ltr'>ἔδει.</span> <span class='ocrx_word' id='word_1_943' title='bbox 3590 4881 3801 4943; x_wconf 83' lang='grc' dir='ltr'>Πάντες</span> 
     </span>
    </p>
   </div>
   <div class='ocr_carea' id='block_1_114' title="bbox 2129 4968 3798 5046">
    <p class='ocr_par' dir='ltr' id='par_1_114' title="bbox 2129 4968 3798 5046">
     <span class='ocr_line' id='line_1_114' title="bbox 2129 4968 3798 5046; baseline -0.004 -19"><span class='ocrx_word' id='word_1_944' title='bbox 2129 4974 2241 5046; x_wconf 70' lang='grc' dir='ltr'>γὰρ</span> <span class='ocrx_word' id='word_1_945' title='bbox 2281 4974 2377 5045; x_wconf 79' lang='grc' dir='ltr'>τὴν</span> <span class='ocrx_word' id='word_1_946' title='bbox 2428 4973 2595 5044; x_wconf 82' lang='grc' dir='ltr'>αὐτὴν</span> <span class='ocrx_word' id='word_1_947' title='bbox 2642 4973 2876 5042; x_wconf 85' lang='grc' dir='ltr'>πλέομεν</span> <span class='ocrx_word' id='word_1_948' title='bbox 2923 4971 3213 5030; x_wconf 87' lang='grc' dir='ltr'>θάλατταν,</span> <span class='ocrx_word' id='word_1_949' title='bbox 3262 4969 3356 5021; x_wconf 74' lang='grc' dir='ltr'>καὶ</span> <span class='ocrx_word' id='word_1_950' title='bbox 3403 4968 3664 5038; x_wconf 79' lang='grc' dir='ltr'>κυμάτων</span> <span class='ocrx_word' id='word_1_951' title='bbox 3701 4969 3798 5020; x_wconf 79' lang='grc' dir='ltr'>καὶ</span> 
     </span>
    </p>
   </div>
   <div class='ocr_carea' id='block_1_115' title="bbox 2129 5052 3796 5132">
    <p class='ocr_par' dir='ltr' id='par_1_115' title="bbox 2129 5052 3796 5132">
     <span class='ocr_line' id='line_1_115' title="bbox 2129 5052 3796 5132; baseline -0.005 -16"><span class='ocrx_word' id='word_1_952' title='bbox 2129 5060 2308 5132; x_wconf 69' lang='grc' dir='ltr'>ἅλμης</span> <span class='ocrx_word' id='word_1_953' title='bbox 2355 5060 2511 5123; x_wconf 83' lang='grc' dir='ltr'>ἐκτὸς</span> <span class='ocrx_word' id='word_1_954' title='bbox 2564 5056 2702 5113; x_wconf 85' lang='grc' dir='ltr'>εἶναι</span> <span class='ocrx_word' id='word_1_955' title='bbox 2745 5061 3045 5128; x_wconf 83' lang='grc' dir='ltr'>ἀμήχανον.</span> <span class='ocrx_word' id='word_1_956' title='bbox 3091 5058 3157 5110; x_wconf 83' lang='grc' dir='ltr'>Εἰ</span> <span class='ocrx_word' id='word_1_957' title='bbox 3184 5056 3242 5109; x_wconf 83' lang='grc' dir='ltr'>δέ</span> <span class='ocrx_word' id='word_1_958' title='bbox 3272 5057 3430 5117; x_wconf 80' lang='grc' dir='ltr'>εἰσιν,</span> <span class='ocrx_word' id='word_1_959' title='bbox 3461 5056 3510 5108; x_wconf 82' lang='grc' dir='ltr'>οἳ</span> <span class='ocrx_word' id='word_1_960' title='bbox 3558 5053 3649 5108; x_wconf 90' lang='grc' dir='ltr'>τοῦ</span> <span class='ocrx_word' id='word_1_961' title='bbox 3681 5052 3796 5126; x_wconf 78' lang='grc'>[18]</span> 
     </span>
    </p>
   </div>
   <div class='ocr_carea' id='block_1_116' title="bbox 2131 5142 3794 5218">
    <p class='ocr_par' dir='ltr' id='par_1_116' title="bbox 2131 5142 3794 5218">
     <span class='ocr_line' id='line_1_116' title="bbox 2131 5142 3794 5218; baseline -0.004 -18"><span class='ocrx_word' id='word_1_962' title='bbox 2131 5147 2395 5218; x_wconf 83' lang='grc' dir='ltr'>χειμῶνος</span> <span class='ocrx_word' id='word_1_963' title='bbox 2422 5148 2717 5216; x_wconf 77' lang='grc' dir='ltr'>ἑστήκασιν</span> <span class='ocrx_word' id='word_1_964' title='bbox 2744 5145 2849 5209; x_wconf 78' lang='grc' dir='ltr'>ἔξω</span> <span class='ocrx_word' id='word_1_965' title='bbox 2879 5146 2975 5198; x_wconf 77' lang='grc' dir='ltr'>καὶ</span> <span class='ocrx_word' id='word_1_966' title='bbox 3015 5146 3114 5214; x_wconf 86' lang='grc' dir='ltr'>τῆς</span> <span class='ocrx_word' id='word_1_967' title='bbox 3142 5144 3408 5213; x_wconf 86' lang='grc' dir='ltr'>θαλάττης</span> <span class='ocrx_word' id='word_1_968' title='bbox 3440 5142 3794 5212; x_wconf 82' lang='grc' dir='ltr'>μαινομένης,</span> 
     </span>
    </p>
   </div>
   <div class='ocr_carea' id='block_1_117' title="bbox 2128 5228 3794 5306">
    <p class='ocr_par' dir='ltr' id='par_1_117' title="bbox 2128 5228 3794 5306">
     <span class='ocr_line' id='line_1_117' title="bbox 2128 5228 3794 5306; baseline -0.005 -18"><span class='ocrx_word' id='word_1_969' title='bbox 2128 5235 2350 5306; x_wconf 73' lang='grc' dir='ltr'>εὔδηλον</span> <span class='ocrx_word' id='word_1_970' title='bbox 2388 5235 2472 5286; x_wconf 77' lang='grc' dir='ltr'>ὅτι</span> <span class='ocrx_word' id='word_1_971' title='bbox 2517 5233 2608 5286; x_wconf 82' lang='grc' dir='ltr'>τὸν</span> <span class='ocrx_word' id='word_1_972' title='bbox 2639 5231 2882 5302; x_wconf 86' lang='grc' dir='ltr'>χειμῶνα</span> <span class='ocrx_word' id='word_1_973' title='bbox 2910 5233 2970 5285; x_wconf 82' lang='grc' dir='ltr'>οὐ</span> <span class='ocrx_word' id='word_1_974' title='bbox 3001 5232 3070 5284; x_wconf 87' lang='grc' dir='ltr'>τὰ</span> <span class='ocrx_word' id='word_1_975' title='bbox 3100 5229 3400 5300; x_wconf 86' lang='grc' dir='ltr'>πράγματα</span> <span class='ocrx_word' id='word_1_976' title='bbox 3429 5231 3590 5286; x_wconf 86' lang='grc' dir='ltr'>ποιεῖ.</span> <span class='ocrx_word' id='word_1_977' title='bbox 3617 5228 3732 5281; x_wconf 72' lang='grc' dir='ltr'>ἀλλ’</span> <span class='ocrx_word' id='word_1_978' title='bbox 3757 5229 3794 5297; x_wconf 77' lang='grc' dir='ltr'>ἡ</span> 
     </span>
    </p>
   </div>
   <div class='ocr_carea' id='block_1_118' title="bbox 2131 5312 3798 5390">
    <p class='ocr_par' dir='ltr' id='par_1_118' title="bbox 2131 5312 3798 5390">
     <span class='ocr_line' id='line_1_118' title="bbox 2131 5312 3798 5390; baseline -0.006 -14"><span class='ocrx_word' id='word_1_979' title='bbox 2131 5323 2462 5384; x_wconf 90' lang='grc' dir='ltr'>κατάστασις</span> <span class='ocrx_word' id='word_1_980' title='bbox 2503 5320 2604 5390; x_wconf 78' lang='grc' dir='ltr'>τῆς</span> <span class='ocrx_word' id='word_1_981' title='bbox 2644 5319 2880 5382; x_wconf 91' lang='grc' dir='ltr'>διανοίας</span> <span class='ocrx_word' id='word_1_982' title='bbox 2912 5319 3010 5388; x_wconf 84' lang='grc' dir='ltr'>τῆς</span> <span class='ocrx_word' id='word_1_983' title='bbox 3052 5317 3451 5388; x_wconf 79' lang='grc' dir='ltr'>ήμετέρας.“Αν</span> <span class='ocrx_word' id='word_1_984' title='bbox 3496 5312 3588 5369; x_wconf 81' lang='grc' dir='ltr'>οὖν</span> <span class='ocrx_word' id='word_1_985' title='bbox 3626 5313 3798 5384; x_wconf 73' lang='grc' dir='ltr'>αὐτὴν</span> 
     </span>
    </p>
   </div>
   <div class='ocr_carea' id='block_1_119' title="bbox 2129 5400 3798 5475">
    <p class='ocr_par' dir='ltr' id='par_1_119' title="bbox 2129 5400 3798 5475">
     <span class='ocr_line' id='line_1_119' title="bbox 2129 5400 3798 5475; baseline -0.005 -12"><span class='ocrx_word' id='word_1_986' title='bbox 2129 5408 2628 5475; x_wconf 85' lang='grc' dir='ltr'>κατασκευάσωμεν</span> <span class='ocrx_word' id='word_1_987' title='bbox 2661 5403 2850 5467; x_wconf 75' lang='grc' dir='ltr'>οὕτως,</span> <span class='ocrx_word' id='word_1_988' title='bbox 2886 5403 2960 5464; x_wconf 85' lang='grc' dir='ltr'>ὼς</span> <span class='ocrx_word' id='word_1_989' title='bbox 2991 5403 3168 5456; x_wconf 86' lang='grc' dir='ltr'>πάντα</span> <span class='ocrx_word' id='word_1_990' title='bbox 3199 5403 3385 5475; x_wconf 82' lang='grc' dir='ltr'>φέρειν</span> <span class='ocrx_word' id='word_1_991' title='bbox 3411 5403 3665 5466; x_wconf 81' lang='grc' dir='ltr'>εὐκόλως,</span> <span class='ocrx_word' id='word_1_992' title='bbox 3693 5400 3798 5454; x_wconf 80' lang='grc' dir='ltr'>οὐκ</span> 
     </span>
    </p>
   </div>
   <div class='ocr_carea' id='block_1_120' title="bbox 2129 5487 3797 5565">
    <p class='ocr_par' dir='ltr' id='par_1_120' title="bbox 2129 5487 3797 5565">
     <span class='ocr_line' id='line_1_120' title="bbox 2129 5487 3797 5565; baseline -0.007 -15"><span class='ocrx_word' id='word_1_993' title='bbox 2129 5497 2280 5550; x_wconf 73' lang='grc' dir='ltr'>ἔσται</span> <span class='ocrx_word' id='word_1_994' title='bbox 2310 5491 2514 5565; x_wconf 84' lang='grc' dir='ltr'>χειμὼν</span> <span class='ocrx_word' id='word_1_995' title='bbox 2547 5493 2699 5562; x_wconf 79' lang='grc' dir='ltr'>ἡμῖν,</span> <span class='ocrx_word' id='word_1_996' title='bbox 2740 5490 2858 5544; x_wconf 82' lang='grc' dir='ltr'>ούδέ</span> <span class='ocrx_word' id='word_1_997' title='bbox 2884 5487 3190 5550; x_wconf 83' lang='grc' dir='ltr'>κλυδώνιον,</span> <span class='ocrx_word' id='word_1_998' title='bbox 3233 5488 3433 5558; x_wconf 79' lang='grc' dir='ltr'>λευκῆς</span> <span class='ocrx_word' id='word_1_999' title='bbox 3462 5489 3547 5540; x_wconf 79' lang='grc' dir='ltr'>ἀεὶ</span> <span class='ocrx_word' id='word_1_1000' title='bbox 3573 5487 3671 5558; x_wconf 82' lang='grc' dir='ltr'>τῆς</span> <span class='ocrx_word' id='word_1_1001' title='bbox 3696 5503 3797 5554; x_wconf 81' lang='grc' dir='ltr'>γα·-</span> 
     </span>
    </p>
   </div>
   <div class='ocr_carea' id='block_1_121' title="bbox 2128 5574 3798 5656">
    <p class='ocr_par' dir='ltr' id='par_1_121' title="bbox 2128 5574 3798 5656">
     <span class='ocr_line' id='line_1_121' title="bbox 2128 5574 3798 5656; baseline -0.007 -18"><span class='ocrx_word' id='word_1_1002' title='bbox 2128 5585 2295 5656; x_wconf 85' lang='grc' dir='ltr'>λήνης</span> <span class='ocrx_word' id='word_1_1003' title='bbox 2318 5581 2504 5651; x_wconf 74' lang='grc' dir='ltr'>οὔσης.</span> <span class='ocrx_word' id='word_1_1004' title='bbox 2522 5580 2680 5634; x_wconf 81' lang='grc' dir='ltr'>’Λλλά</span> <span class='ocrx_word' id='word_1_1005' title='bbox 2708 5579 2934 5649; x_wconf 78' lang='grc' dir='ltr'>γὰρούκ</span> <span class='ocrx_word' id='word_1_1006' title='bbox 2964 5575 3081 5632; x_wconf 78' lang='grc' dir='ltr'>οἴδα</span> <span class='ocrx_word' id='word_1_1007' title='bbox 3116 5577 3233 5640; x_wconf 71' lang='grc' dir='ltr'>πιῖις</span> <span class='ocrx_word' id='word_1_1008' title='bbox 3262 5577 3595 5649; x_wconf 86' lang='grc' dir='ltr'>προθέμενος</span> <span class='ocrx_word' id='word_1_1009' title='bbox 3629 5574 3798 5645; x_wconf 79' lang='grc' dir='ltr'>μηδὲν</span> 
     </span>
    </p>
   </div>
   <div class='ocr_carea' id='block_1_122' title="bbox 2190 5693 2871 5759">
    <p class='ocr_par' dir='ltr' id='par_1_122' title="bbox 2190 5693 2871 5759">
     <span class='ocr_line' id='line_1_122' title="bbox 2190 5693 2871 5759; baseline -0.006 -14"><span class='ocrx_word' id='word_1_1010' title='bbox 2190 5699 2212 5759; x_wconf 61' lang='grc' dir='ltr'>ξ</span> <span class='ocrx_word' id='word_1_1011' title='bbox 2245 5699 2342 5759; x_wconf 67' lang='lat' dir='ltr'>Alii</span> <span class='ocrx_word' id='word_1_1012' title='bbox 2365 5698 2434 5756; x_wconf 87' lang='grc' dir='ltr'><strong>τῷ</strong></span> <span class='ocrx_word' id='word_1_1013' title='bbox 2467 5693 2578 5758; x_wconf 83' lang='grc' dir='ltr'>παρ’</span> <span class='ocrx_word' id='word_1_1014' title='bbox 2598 5695 2708 5759; x_wconf 68' lang='grc' dir='ltr'>ἡμῖν</span> <span class='ocrx_word' id='word_1_1015' title='bbox 2729 5693 2871 5759; x_wconf 79' lang='grc' dir='ltr'>λόγῳ.</span> 
     </span>
    </p>
   </div>
   <div class='ocr_carea' id='block_1_123' title="bbox 2192 5745 3797 5817">
    <p class='ocr_par' dir='ltr' id='par_1_123' title="bbox 2192 5745 3797 5817">
     <span class='ocr_line' id='line_1_123' title="bbox 2192 5745 3797 5817; baseline -0.006 -8"><span class='ocrx_word' id='word_1_1016' title='bbox 2192 5756 2212 5797; x_wconf 69' lang='grc' dir='ltr'><strong><em>ἲ</em></strong></span> <span class='ocrx_word' id='word_1_1017' title='bbox 2246 5745 2805 5817; x_wconf 20' lang='grc' dir='ltr'>ίὟποτίθεμένοιξσεεεῐ</span> <span class='ocrx_word' id='word_1_1018' title='bbox 2830 5745 2889 5807; x_wconf 80' lang='grc' dir='ltr'>’ἰιι</span> <span class='ocrx_word' id='word_1_1019' title='bbox 2932 5769 3046 5806; x_wconf 85' lang='lat' dir='ltr'><strong>mss.</strong></span> <span class='ocrx_word' id='word_1_1020' title='bbox 3095 5755 3336 5817; x_wconf 77' lang='lat' dir='ltr'>plurimis,</span> <span class='ocrx_word' id='word_1_1021' title='bbox 3363 5757 3410 5802; x_wconf 80' lang='lat' dir='ltr'>el</span> <span class='ocrx_word' id='word_1_1022' title='bbox 3464 5765 3492 5800; x_wconf 71' lang='grc' dir='ltr'>α</span> <span class='ocrx_word' id='word_1_1023' title='bbox 3535 5745 3797 5800; x_wconf 76' lang='lat' dir='ltr'>Savilioin</span> 
     </span>
    </p>
   </div>
   <div class='ocr_carea' id='block_1_124' title="bbox 2125 5820 2709 5880">
    <p class='ocr_par' dir='ltr' id='par_1_124' title="bbox 2125 5820 2709 5880">
     <span class='ocr_line' id='line_1_124' title="bbox 2125 5820 2709 5880; baseline -0.01 -9"><span class='ocrx_word' id='word_1_1024' title='bbox 2125 5821 2345 5880; x_wconf 78' lang='lat' dir='ltr'>margine</span> <span class='ocrx_word' id='word_1_1025' title='bbox 2369 5823 2579 5880; x_wconf 72' lang='lat' dir='ltr'>positum</span> <span class='ocrx_word' id='word_1_1026' title='bbox 2605 5820 2709 5866; x_wconf 75' lang='lat' dir='ltr'><strong>fuit.</strong></span> 
     </span>
    </p>
   </div>
   <div class='ocr_carea' id='block_1_125' title="bbox 2192 5877 2776 5940">
    <p class='ocr_par' dir='ltr' id='par_1_125' title="bbox 2192 5877 2776 5940">
     <span class='ocr_line' id='line_1_125' title="bbox 2192 5877 2776 5940; baseline -0.009 -10"><span class='ocrx_word' id='word_1_1027' title='bbox 2192 5885 2215 5924; x_wconf 67' lang='grc'>⁸</span> <span class='ocrx_word' id='word_1_1028' title='bbox 2234 5877 2380 5930; x_wconf 48' lang='grc' dir='ltr'><strong><em>διον(</em></strong></span> <span class='ocrx_word' id='word_1_1029' title='bbox 2398 5882 2484 5928; x_wconf 75' lang='grc' dir='ltr'>κᾶν</span> <span class='ocrx_word' id='word_1_1030' title='bbox 2509 5879 2708 5935; x_wconf 66' lang='grc' dir='ltr'>ἐξαῖοιαν</span> 
     </span>
    </p>
   </div>
  </div>
