4000 6210
309 275 383 330 37
1502 281 1564 337 IN
1601 279 1912 338 JUANNEM
1953 281 2183 338 l-lObllL.
2227 283 2316 339 Ill.
2355 286 2427 340 al.
2467 284 2531 342 ll.
3544 299 3616 356 38

309 406 489 471 (Paul.
519 404 612 459 57.
647 401 730 471 5).
761 400 876 468 Qua
902 399 954 452 in
990 413 1070 462 re,
1093 411 1296 466 qumso,
1329 411 1359 450 a
1391 395 1503 451 fera
1529 395 1705 450 differt
1731 396 1912 464 hujus-

312 496 460 552 modi
486 492 750 548 auditor?
797 489 1081 557 Quomodo
1113 504 1217 542 non
1246 488 1314 541 sit
1345 487 1700 541 irrationabili
1731 486 1918 556 quovis

311 584 770 648 irrationabilior,
812 581 903 650 qui
938 580 1048 634 Deo
1075 579 1322 646 loquente
1345 593 1453 631 non
1490 575 1758 630 attendit?
1787 575 1916 630 Nam

315 681 364 734 si
390 679 607 747 placere
640 675 776 734 Deo,
812 670 942 725 illud
977 677 1060 723 est
1091 668 1252 721 homo
1277 683 1400 722 esse
1428 684 1442 722 :
1473 667 1561 735 qui
1590 675 1646 719 ut
1672 665 1774 720 hoc
1799 665 1913 718 adi-

314 772 578 840 piscatur,
609 765 801 820 audire
839 778 948 816 non
979 761 1110 826 vult,
1155 757 1285 812 nihil
1311 757 1450 811 aliud
1477 773 1634 826 quam
1665 758 1771 810 fera
1799 770 1918 810 esse

310 861 549 915 dicatur.
577 856 768 924 Cogita
815 868 947 921 ergo
982 859 1240 919 quantum
1274 848 1342 901 sit
1371 847 1588 910 malum,
1617 861 1737 899 cum
1764 843 1917 899 Chri-

315 960 436 1004 stus
479 963 581 1001 nos
619 946 753 999 velit
781 959 848 998 ex
876 941 1186 995 hominibus
1213 939 1421 1007 angelis
1451 938 1684 1006 aequales
1716 935 1913 996 facere,

318 1040 366 1092 si
394 1051 490 1091 nos
527 1051 595 1090 ex
640 1033 950 1088 hominibus
993 1031 1045 1084 in
1095 1028 1236 1082 feras
1291 1035 1722 1081 transmutcmus.
1782 1023 1915 1077 Nam

317 1128 494 1182 ventri
526 1125 754 1186 servire,
787 1121 1130 1190 pecuniarum
1165 1117 1454 1187 cupiditate
1502 1116 1691 1178 teneri,
1737 1112 1914 1178 irasci,

314 1219 584 1279 mordere,
614 1216 920 1275 calcitrare,
950 1227 1053 1264 non
1085 1209 1382 1272 hominum,
1410 1206 1500 1259 sed
1540 1206 1774 1259 ferarum
1809 1213 1913 1259 est.

316 1311 477 1380 Atqui
513 1309 640 1363 ferte
671 1306 903 1376 singula:
933 1319 1085 1358 suum
1114 1301 1314 1355 habent
1336 1298 1602 1363 affectum,
1651 1297 1808 1365 idque
1832 1311 1917 1350 se—

315 1402 552 1454 cundum
576 1410 820 1453 naturam
856 1415 869 1450 :
902 1405 959 1449 at
990 1394 1151 1448 humo
1172 1393 1261 1462 qui
1294 1390 1610 1460 principium
1637 1387 1920 1456 cogitatio-

319 1506 472 1554 num,
501 1499 556 1544 et
584 1491 748 1542 vitam
779 1484 1071 1542 secundum
1118 1483 1286 1536 Deum
1336 1477 1716 1534 instituendam
1766 1474 1915 1545 ahje-

320 1586 416 1643 cit,
465 1581 712 1634 omnibus
749 1592 871 1632 sese
913 1575 1077 1629 animi
1115 1572 1317 1627 morbis
1361 1568 1592 1634 addicit;
1633 1580 1731 1620 nec
1755 1565 1916 1618 modo

2018 393 2130 448 fera
2181 393 2430 462 efﬁcitur,
2477 397 2568 452 sed
2618 407 2674 453 et
2699 400 3027 458 multiforme
3067 415 3387 471 monstrum,
3440 425 3614 480 neque

2024 483 2312 538 secundum
2343 495 2583 541 naturam
2613 491 2824 545 veniam
2851 503 3105 549 meretur.
3153 495 3395 566 Nequitia
3418 501 3614 570 quippe

2021 577 2197 630 omnis
2225 592 2289 630 ex
2320 579 2542 632 arbitrio
2569 590 2624 635 et
2654 583 2927 640 voluntate
2953 595 3053 642 est.
3099 588 3204 644 Sed
3245 591 3384 646 absu
3423 602 3478 646 ut
3507 593 3613 649 hoc

2026 682 2259 735 unquam
2304 668 2371 723 de
2436 669 2676 726 Ecclesia
2719 674 2916 730 Christi
2958 680 3293 749 suspicemur
3326 701 3339 736 :
3367 683 3434 738 de
3460 684 3612 741 vobis

2021 755 2161 808 enim
2195 756 2438 824 meliora,
2485 776 2711 831 qumque
2737 764 2802 818 ad
2831 768 3054 821 salutem
3084 769 3300 836 ducant,
3328 773 3608 828 sentimus.

2026 844 2223 899 Verum
2252 860 2452 916 quanto
2482 853 2651 922 magis
2679 854 2780 908 hoc
2820 857 2886 909 ita
2915 873 3034 912 esse
3063 859 3414 925 coniidemus,
3465 873 3612 919 tanto

2023 938 2278 1006 majorem
2305 943 2567 996 cautelam
2603 945 2653 998 in
2686 948 3032 1004 concionibus
3061 951 3319 1007 adhibere
3351 970 3455 1008 non
3487 971 3610 1010 ces-

2022 1028 2300 1096 Sabimus;
2347 1043 2405 1085 ut
2448 1045 2724 1104 postquam
2774 1039 2839 1091 ad
2891 1040 3062 1109 ipsum
3100 1042 3352 1099 virtutum
3396 1046 3609 1100 culmen

2023 1123 2457 1189 pervenerimus,
2506 1125 2661 1180 nobis
2704 1130 2964 1196 promissa
2998 1131 3135 1185 bona
3163 1148 3555 1204 consequamur
3587 1153 3600 1189 :

2021 1225 2138 1279 qua:
2179 1213 2378 1266 utinam
2429 1214 2806 1285 adipiscamur,
2851 1223 3021 1291 gratia
3059 1233 3110 1278 et
3149 1225 3472 1296 benignitate
3503 1229 3607 1282 Do-

2020 1302 2150 1354 mini
2183 1304 2351 1358 nostri
2381 1304 2506 1361 Jesu
2547 1308 2766 1374 Christi,
2823 1328 2920 1380 per
2949 1329 3107 1382 quem
3139 1325 3194 1369 et
3221 1332 3342 1372 eum
3375 1333 3482 1388 quo
3513 1319 3611 1372 Pa-

2024 1396 2086 1445 tri
2133 1393 2322 1462 gloria,
2371 1397 2639 1468 simulque
2664 1400 2882 1470 Spiritui
2911 1414 3095 1458 sancto
3126 1405 3178 1459 in
3204 1409 3396 1462 smcula
3440 1424 3610 1464 δευου-

2021 1483 2215 1538 lorum.
2253 1487 2444 1541 Amen.

1687 1768 2031 1834 HOMILIA
2074 1769 2184 1831 IlI.

755 1911 819 1965 In
845 1910 1089 1980 principio
1118 1917 1226 1961 erat
1258 1905 1494 1961 Verbum.

401 2006 450 2060 Ι.
505 2005 969 2073 Supervacaneum
1013 2001 1124 2068 jam
1172 2009 1318 2054 esset
1365 2013 1462 2050 vos
1509 1995 1576 2050 de
1624 1993 1917 2047 attentione

321 2094 571 2149 concioni
621 2090 923 2146 adhibenda
969 2104 1226 2151 monere;
1278 2098 1383 2141 tam
1434 2087 1540 2140 cito
1587 2098 1779 2152 nempe
1822 2082 1917 2136 ad-

321 2185 631 2240 monitionis
664 2183 890 2237 fructum
919 2196 975 2236 re
1006 2191 1058 2235 et
1095 2195 1260 2250 opere
1286 2177 1623 2233 exhibuistis.
1669 2176 1913 2229 Concitr-

320 2293 413 2332 sus
437 2278 608 2336 enim,
631 2274 860 2343 diligens
892 2272 1134 2335 attentio,
1162 2284 1506 2340 praepropera
1534 2283 1653 2320 cum
1683 2266 1914 2333 impulsu

324 2370 595 2424 festinatio
643 2368 709 2421 ad
752 2367 1062 2423 interiorem
1107 2363 1474 2433 occupandum
1529 2361 1726 2424 locum,
1775 2356 1916 2411 unde

330 2460 541 2514 facilius
569 2474 751 2513 vocem
783 2467 1018 2512 nostram
1048 2455 1233 2510 audire
1263 2454 1480 2524 possitis
1507 2469 1519 2515 ;
1568 2462 1917 2520 perseveran-

325 2548 416 2610 tia,
474 2563 579 2617 qua
627 2548 710 2602 vel
754 2550 806 2601 in
830 2547 1071 2618 angustia
1102 2545 1259 2615 positi
1293 2544 1544 2599 recedere
1588 2557 1694 2598 non
1727 2543 1910 2606 vultis,

319 2637 491 2693 donec
536 2639 817 2709 spirituale
863 2638 1126 2692 theatrum
1175 2636 1402 2690 solutum
1446 2633 1644 2699 fuerit;
1693 2635 1933 2704 plausus,

319 2731 598 2798 strepitus,
656 2739 960 2798 ett-[eraque
1002 2730 1305 2797 similia,,et
1343 2727 1603 2783 fervorem
1647 2727 1809 2780 animi
1857 2735 1912 2779 et

321 2815 579 2873 intentam
611 2819 860 2873 concioni
891 2832 1121 2875 mentem
1152 2820 1406 2873 iudicant.
1457 2819 1794 2887 Quapropter
1820 2832 1910 2870 su-

321 2910 587 2976 perilnum
617 2917 762 2965 esset
795 2913 894 2964 hac
922 2908 987 2964 de
1014 2926 1071 2962 re
1097 2925 1320 2964 monere
1348 2927 1362 2973 ;
1415 2909 1508 2963 sed
1553 2908 1677 2961 illud
1730 2908 1909 2962 dicere

317 3009 370 3053 et
409 3017 634 3055 monere
676 3016 855 3071 operte
904 3001 1130 3070 pretium
1162 3001 1337 3066 fuerit,
1370 3008 1428 3054 ut
1451 2999 1549 3053 hoc
1583 2999 1760 3052 animo
1787 3013 1908 3052 esse

324 3093 681 3158 perseveretis
715 3110 727 3146 :
759 3107 859 3146 nec
890 3092 1048 3145 modo
1073 3092 1159 3145 hic
1189 3091 1327 3146 idem
1373 3092 1606 3146 studium
1651 3090 1906 3143 exhibea-

326 3183 409 3241 tis,
437 3183 532 3236 sed
561 3183 726 3237 etiam
755 3183 900 3236 domi
935 3185 1014 3236 vir
1045 3199 1305 3249 uxorem,
1356 3194 1509 3251 pater
1535 3181 1698 3233 lilium
1730 3179 1796 3233 de
1825 3178 1909 3233 his

323 3274 697 3343 alloquamur;
729 3291 826 3328 sua
859 3275 912 3328 hi
941 3276 1140 3340 dicant,
1181 3285 1233 3328 et
1268 3274 1413 3343 paria
1442 3272 1508 3324 al)
1539 3271 1642 3325 illis
1671 3271 1904 3338 exigant,

329 3379 616 3433 omnesque
663 3366 765 3419 hoc
815 3374 1055 3418 tnutuum
1085 3365 1271 3433 pignus
1301 3364 1351 3416 in
1391 3362 1624 3416 medium
1656 3360 1900 3415 afferant.

321 3454 398 3510 Ne
434 3457 553 3525 quis
602 3456 734 3510 mihi
787 3456 1006 3520 dixerit,
1057 3470 1253 3525 pueros
1297 3455 1347 3508 iu
1391 3453 1492 3506 hoc
1521 3451 1767 3521 occupari
1799 3467 1903 3504 non

319 3556 565 3615 oportere
599 3565 612 3600 :
646 3562 784 3613 Opus
827 3555 970 3602 esset
1017 3547 1158 3599 enim
1209 3561 1312 3598 non
1363 3543 1523 3597 modo
1570 3543 1650 3596 his
1703 3543 1907 3595 incum-

318 3637 464 3701 bere,
486 3638 584 3693 sed
618 3640 760 3692 hanc
792 3639 956 3690 solam
990 3637 1189 3692 habere
1218 3652 1422 3691 curam.
1477 3639 1724 3690 Attamen
1757 3636 1903 3688 inlir-

311 3727 514 3782 mitatis
547 3739 746 3781 vestra:
776 3743 933 3781 causa
965 3728 1014 3780 id
1049 3745 1153 3781 non
1191 3728 1331 3793 dico,
1378 3743 1550 3794 neque
1595 3742 1789 3797 pueros
1836 3729 1903 3782 ab

308 3827 538 3870 esterno
585 3819 681 3871 illo
719 3818 894 3871 studio
939 3834 1144 3882 avoco;
1197 3827 1247 3872 ut
1289 3835 1459 3888 neque
1486 3834 1582 3872 vos
1608 3834 1635 3871 a
1659 3818 1901 3872 civilibus

309 3908 569 3976 negotiis.
613 3907 806 3962 Verum
850 3924 912 3962 ex
955 3918 1157 3976 septem
1205 3909 1286 3962 his
1322 3909 1506 3962 diebus
1537 3924 1720 3973 unum,
1748 3922 1895 3976 rogo,

308 4000 583 4052 communi
615 4000 842 4053 Domino
868 4010 1052 4055 nostro
1085 4001 1436 4054 consecretis.
1486 4004 1674 4054 Annon
1705 3999 1888 4052 absur-

307 4091 436 4143 dum
469 4091 650 4155 fuerit,
679 4091 721 4145 si
749 4107 869 4145 cum
897 4108 1080 4146 servos
1106 4103 1316 4146 nostros
1342 4091 1593 4160 obsequia
1623 4106 1716 4144 sua
1746 4090 1899 4144 nobis

306 4198 525 4249 semper
549 4195 804 4252 pnestare
829 4184 1128 4252 iubeamus,
1157 4200 1255 4237 nos
1285 4200 1352 4238 ne
1379 4184 1652 4237 minimum
1680 4182 1896 4252 quidem

305 4276 394 4326 otii
429 4272 601 4327 nostri
645 4274 754 4327 Deo
780 4275 1092 4328 addicamus
1120 4292 1134 4336 ;
1166 4275 1463 4344 prmsertim
1490 4289 1609 4327 cum
1638 4273 1752 4326 hate
1779 4289 1897 4327 ser-

307 4365 450 4417 vitus
477 4365 588 4418 Deo
637 4363 766 4417 nihil
809 4365 1053 4418 conferat
1085 4365 1248 4436 (Deus
1276 4365 1418 4419 enim
1461 4364 1602 4418 nulla
1633 4379 1690 4417 re
1714 4364 1852 4432 eget)
1877 4403 1893 4428 ,

308 4455 397 4505 sed
431 4454 497 4504 ad
529 4461 767 4506 nostram
800 4455 1063 4508 redundet
1094 4454 1418 4508 utilitatem?
1460 4453 1654 4508 Verum
1682 4469 1800 4507 cum
1829 4452 1894 4505 ad

305 4540 513 4595 theatra
547 4543 686 4596 filios
701 4543 983 4609 addueitis,
1014 4561 1182 4614 neque
1200 4545 1526 4613 disciplinas,
1551 4560 1723 4614 neque
1750 4544 1894 4598 aliud

301 4631 578 4699 quidpiam
609 4633 930 4697 ohtenditis;
954 4636 998 4688 si
1031 4651 1157 4688 vero
1198 4635 1466 4703 quidpiam
1495 4637 1787 4706 Spiritualis
1815 4637 1898 4689 lu-

297 4724 373 4775 cri
402 4724 478 4776 sit
501 4724 886 4794 colligendum,
917 4728 1246 4781 vacationem
1287 4728 1414 4781 illud
1445 4743 1565 4784 esse
1603 4728 1798 4783 dicitis.
1827 4729 1893 4784 Et

297 4816 577 4881 quomodo
617 4818 749 4869 iram
791 4817 883 4870 Dei
931 4834 1036 4871 non
1081 4820 1460 4888 provocabitis,
1515 4821 1640 4874 dum
1681 4821 1893 4876 cteteris

297 4905 558 4958 munibus
585 4921 686 4959 suo
713 4916 951 4976 tempore
981 4924 1201 4978 operam
1228 4909 1435 4976 dantes,
1458 4911 1652 4964 divinis
1671 4927 1888 4980 operam

296 4993 450 5059 dare,
483 4995 771 5050 molestum
798 5007 852 5051 et
887 4999 1248 5066 importunum
1278 5002 1398 5054 filiis
1426 5002 1782 5056 existimatis?

361 5085 590 5142 Iuvenes
604 5089 854 5157 quomodo
871 5091 1178 5144 instituendi.
1202 5091 1458 5147 Doctrina:
1473 5092 1690 5148 Joannis
1705 5105 1892 5162 quanta

293 5178 385 5229 eis.
415 5177 474 5232 ιι
478 5197 570 5233 ens
597 5197 712 5250 quia
737 5183 905 5236 divina
927 5184 1202 5238 meditatur
1221 5184 1422 5238 diabolo
1440 5187 1775 5258 formidabilis
1795 5198 1889 5242 est.

289 5296 360 5309 —
387 5269 467 5324 Ne
492 5273 606 5338 ita,
632 5289 698 5327 ne
723 5273 825 5337 ita,
866 5274 1054 5330 fratres
1098 5276 1242 5343 mei,
1291 5279 1475 5347 agatis.
1527 5279 1732 5337 Etenim
1779 5283 1891 5335 haec

289 5363 530 5417 maxime
556 5376 686 5418 :rtas
718 5367 814 5419 ista
852 5377 973 5437 eget
1016 5369 1335 5438 disciplina:
1370 5379 1550 5425 tenera
1599 5373 1739 5426 enim
1769 5389 1887 5428 cum

287 5455 382 5518 sit,
418 5457 530 5508 cito
559 5456 644 5509 illa
674 5473 792 5525 qua:
821 5459 1102 5524 dicuntur,
1147 5461 1390 5525 imbibit,
1435 5461 1783 5533 doctrinaque
1817 5464 1890 5520 ibi

286 5560 390 5598 ceu
426 5545 659 5615 sigillum
689 5549 741 5602 iu
769 5563 888 5604 cera
923 5551 1256 5618 imprimitur.
1297 5552 1543 5622 Alioquin
1572 5563 1748 5609 autem
1789 5555 1888 5611 hac

291 5635 555 5704 primaeva
582 5647 740 5693 aetate
761 5639 843 5694 vel
864 5640 930 5696 ad
961 5643 1141 5698 vitium
1172 5645 1255 5701 vel
1284 5644 1350 5700 ad
1378 5646 1625 5702 virtutem
1647 5645 1885 5702 declina-

2026 1904 2126 1950 tur.
2161 1899 2214 1953 Si
2266 1902 2384 1970 quis
2433 1903 2591 1973 igitur
2632 1922 2660 1960 a
2709 1909 2970 1980 principio
3008 1923 3061 1966 et
3090 1915 3239 1983 quasi
3270 1931 3298 1969 a
3346 1918 3609 1973 vestibulo

2022 1987 2140 2040 illos
2165 2005 2194 2042 a
2217 1992 2364 2046 vitiis
2393 1994 2695 2058 abduxerit,
2721 2008 2776 2053 et
2799 2001 2865 2054 ad
2889 2002 3144 2070 Optimam
3174 2005 3308 2060 viam
3331 2007 3603 2073 direxerit,

2020 2095 2118 2136 ceu
2167 2083 2218 2136 in
2260 2087 2544 2154 quemdam
2594 2088 2830 2145 habitum
2863 2101 2916 2146 et
2945 2106 3143 2148 rectam
3195 2098 3317 2151 vita:
3347 2102 3606 2155 rationem

2019 2189 2112 2229 eos
2153 2178 2475 2233 constituet:
2529 2196 2698 2250 neque
2737 2193 2929 2253 sponte
2972 2201 3066 2240 sua
3098 2187 3254 2243 facile
3298 2189 3364 2244 ad
3408 2191 3606 2246 malmu

2019 2265 2798 2334 declinabunt,consuetudine
2845 2275 2964 2330 illos
2989 2276 3055 2330 ad
3103 2277 3239 2332 bona
3288 2295 3448 2348 opera
3495 2290 3606 2336 tra-

2019 2355 2199 2414 hente.
2257 2360 2330 2414 ita
2383 2363 2534 2417 nobis
2595 2365 2677 2420 vel
2732 2365 2860 2436 ipsis
2923 2369 3140 2425 senibus
3192 2373 3605 2430 venerabiliores

2018 2459 2206 2515 erunt,
2237 2461 2289 2507 et
2319 2454 2536 2510 urbanis
2558 2458 2782 2527 negotiis
2813 2459 3060 2530 gerendis
3091 2463 3357 2532 aptiores,
3392 2464 3518 2518 dum
3551 2468 3603 2521 in

2010 2542 2292 2611 iuventute
2334 2547 2556 2602 senilem
2607 2559 2815 2605 aetatem
2863 2554 3182 2620 expriment.
3232 2556 3416 2625 Neque
3461 2559 3603 2612 enim

2015 2635 2132 2689 ﬁeri
2160 2646 2366 2705 potest.
2403 2652 2458 2692 ut
2480 2640 2590 2708 jam
2634 2643 2741 2696 dixi
2765 2685 2778 2709 ,
2812 2646 2981 2714 utqui
3016 2645 3317 2715 hujusmodi
3346 2649 3604 2705 concione

2014 2723 2294 2790 fruuntur,
2325 2737 2378 2783 et
2421 2739 2622 2784 tantum
2654 2735 2953 2803 apostolum
2983 2735 3351 2807 frequentant,
3385 2755 3489 2794 non
3519 2743 3603 2794 in-

2013 2831 2144 2885 gens
2175 2818 2456 2888 quodpiam
2481 2823 2676 2877 bonum
2720 2841 2902 2880 secum
2946 2828 3206 2892 referant;
3235 2831 3346 2884 sive
3390 2831 3603 2886 tandem

2013 2911 2112 2970 vir.
2146 2911 2258 2965 sive
2285 2912 2492 2975 mulier,
2523 2915 2635 2969 sive
2670 2916 2882 2985 juvenis
2913 2918 2981 2971 sit
3009 2919 3052 2972 is
3092 2920 3179 2988 qui
3216 2920 3372 2987 hujus
3401 2937 3602 2976 mensa:

2013 3000 2278 3068 particeps
2308 3001 2556 3056 efficitur.
2589 3004 2721 3058 Nam
2753 3009 2796 3059 si
2833 3007 2970 3061 feras
2999 3009 3164 3063 verbo
3192 3008 3421 3063 domitas
3457 3012 3604 3065 cicu~

2012 3105 2193 3143 ramus
2213 3132 2226 3154 ,
2256 3102 2452 3159 quanto
2479 3096 2645 3162 magis
2668 3096 2910 3150 homines
2937 3098 3035 3151 hac
3065 3100 3328 3166 spirituali
3355 3101 3600 3157 doctrina

2011 3182 2076 3234 ad
2108 3182 2310 3249 frugem
2335 3183 2662 3238 deducemus
2682 3228 2695 3250 ,
2725 3201 2845 3240 cum
2886 3189 3022 3241 inter
3051 3190 3367 3245 medicinam
3399 3203 3451 3247 et
3477 3210 3600 3250 eum

2012 3272 2098 3340 qui
2131 3281 2344 3326 curatur
2376 3282 2578 3328 tantmn
2606 3276 2674 3329 sit
2700 3276 3025 3332 disctimen?
3062 3279 3245 3349 Neque
3282 3283 3422 3336 enim
3457 3294 3599 3340 tanta

2011 3363 2164 3416 nobis
2211 3361 2348 3417 inest
2400 3365 2613 3425 feritas.
2663 3379 2855 3436 quanta
2905 3369 3093 3425 hellnis
3130 3389 3143 3426 :
3187 3388 3307 3426 nam
3367 3374 3482 3430 haec
3531 3393 3597 3431 ex

2010 3461 2214 3514 natura,
2248 3452 2334 3505 illa
2358 3469 2422 3507 ex
2450 3455 2673 3509 arbitrio
2701 3458 3079 3526 proﬁciscitur:
3112 3476 3283 3531 neque
3309 3465 3594 3521 verborum

2009 3543 2196 3597 eadem
2241 3545 2320 3597 vis
2363 3555 2461 3600 est.
2508 3547 2597 3600 Illa
2630 3549 2771 3603 enim
2819 3566 2882 3604 ex
2917 3551 3143 3606 humana
3179 3565 3356 3612 mente
3388 3560 3595 3627 prodit,

2011 3634 2124 3688 haec
2155 3650 2217 3688 ex
2249 3635 2477 3704 Spiritus
2505 3639 2699 3694 virtute
2727 3650 2779 3693 et
2803 3642 2991 3710 gratia.
3023 3643 3076 3698 Si
3109 3645 3226 3713 quis
3259 3647 3416 3715 igitur
3444 3649 3510 3704 de
3537 3666 3597 3706 su

2007 3725 2276 3794 desperet,
2311 3738 2616 3782 mansuetas
2645 3729 2760 3783 illas
2791 3732 2928 3785 feras
2955 3735 3186 3803 cogitet,
3230 3745 3284 3790 et
3322 3754 3592 3808 nunquam

2007 3817 2059 3870 in
2085 3817 2518 3887 .deSperationem
2563 3821 2796 3876 incidet:
2839 3837 2981 3892 smpe
3009 3824 3145 3881 hanc
3174 3828 3594 3885 medicamento-

2006 3925 2126 3962 rum
2167 3908 2433 3963 ofliciuam
2479 3910 2668 3976 adeat,
2715 3910 2922 3968 divinas
2971 3914 3110 3984 leges
3162 3918 3308 3971 ontni
3355 3927 3595 3990 tempore

2004 4001 2213 4066 audiat,
2246 4011 2299 4055 ct
2335 4001 2550 4054 domum
2598 4019 2878 4070 reversus,
2922 4021 3040 4075 qua:
3067 4007 3302 4073 audivit,
3334 4012 3384 4065 in
3416 4025 3596 4068 mente

2005 4093 2270 4147 describat
2295 4111 2308 4144 :
2340 4092 2522 4162 sicque
2547 4094 2598 4147 in
2626 4094 2760 4148 bona
2791 4113 2884 4165 spe
2905 4107 2958 4150 et
2983 4101 3271 4154 securitate
3299 4105 3595 4159 constitue-

2005 4195 2109 4248 tur,
2141 4196 2193 4239 et
2219 4185 2548 4254 esperientia
2581 4188 2872 4255 profectum
2898 4191 3112 4244 sentiet.
3144 4191 3276 4246 Cum
3305 4195 3448 4248 enim
3477 4196 3594 4250 dia-

2003 4279 2154 4332 bolus
2188 4279 2354 4348 legem
2400 4277 2492 4332 Dei
2541 4278 2591 4332 in
2620 4279 2794 4331 anima
2824 4279 3145 4350 descriptam
3179 4283 3397 4350 videbit,
3427 4297 3480 4341 et
3507 4296 3590 4341 ta-

2003 4369 2157 4423 bulas
2183 4382 2301 4422 esse
2327 4383 2422 4422 cor
2448 4368 2617 4432 illius,
2651 4384 2754 4422 non
2783 4370 3000 4426 aCCcdet
3037 4373 3278 4428 ulterius.
3311 4375 3412 4431 Ubi
3443 4380 3586 4432 enim

2003 4459 2172 4513 litera:
2217 4458 2396 4529 regize,
2445 4475 2549 4513 non
2599 4460 2650 4513 in
2701 4476 2842 4514 ωτιξο
2888 4463 3044 4532 cippo
3089 4465 3337 4533 sculptm,
3387 4469 3478 4523 sed
3538 4469 3591 4527 in

2003 4551 2254 4618 religioso
2304 4550 2481 4605 animo
2522 4565 2552 4604 a
2597 4550 2798 4621 Spiritu
2849 4563 3033 4606 sancto
3076 4553 3369 4611 ell'ormatte
3423 4559 3588 4615 multa

2003 4640 2204 4710 fulgent
2229 4642 2427 4710 gratia,
2461 4659 2558 4696 nec
2597 4653 2780 4697 eontra
2828 4647 3094 4713 respicere
3135 4646 3223 4700 ille
3252 4650 3464 4714 poterit,
3496 4650 3588 4706 sed

1999 4732 2182 4802 procul
2214 4733 2364 4786 nobis
2409 4744 2552 4801 terga
2579 4744 2769 4789 vertet.
2812 4734 2949 4789 Nihil
2978 4738 3117 4791 enim
3146 4737 3215 4791 ita
3257 4738 3590 4800 formidabile

1998 4834 2080 4878 est
2105 4835 2157 4878 et
2188 4825 2258 4878 illi
2289 4835 2342 4878 et
2371 4827 2779 4894 cogitationibus
2806 4829 2873 4882 ab
2913 4830 3004 4882 illo
3035 4829 3317 4893 iuunissis.
3352 4843 3405 4888 ut
3435 4851 3587 4892 mens

1996 4932 2115 4984 quae
2157 4915 2335 4970 divina
2387 4917 2701 4982 meditatur,
2747 4929 2802 4972 et
2831 4919 2952 4973 huic
2979 4936 3191 4989 semper
3219 4922 3386 4979 lueret
3433 4926 3585 4982 fonti.

1997 5005 2144 5060 llanc
2172 5007 2314 5062 nulla
2343 5024 2518 5062 rerum
2565 5010 2906 5078 pra-sentiunt
2957 5013 3216 5080 turbabit,
3249 5021 3588 5086 quantumvis

2003 5098 2224 5152 molesta
2272 5099 2371 5163 sit,
2425 5100 2565 5152 nulla
2610 5099 2810 5153 inllahit
2849 5110 2902 5155 et
2944 5105 3198 5169 extollet,
3249 5111 3588 5176 quantumvis

2003 5203 2257 5257 prospera
2287 5189 2481 5244 fuerit:
2521 5190 2611 5242 sed
2645 5192 2693 5243 in
2727 5200 2867 5246 tanta
2901 5196 3128 5262 procella
3157 5205 3211 5250 et
3235 5206 3583 5267 tempestate,

2004 5279 2386 5350 tranquillitate
2426 5297 2612 5349 magna
2647 5281 2868 5336 fruetur.
3151 5297 3156 5302 ‘

2067 5372 2124 5427 2.
2161 5372 2278 5426 Non
2307 5372 2566 5425 turbantur
2585 5373 2682 5426 nisi
2701 5390 2762 5427 ea:
2778 5377 2934 5430 animi
2952 5380 3109 5432 nostri
3124 5380 3435 5450 inﬁrmitate.
3464 5383 3580 5436 flm-

1997 5466 2263 5519 reticornm
2287 5465 2350 5517 de
2387 5462 2545 5517 Verbo
2571 5468 2830 5522 sententia.
2847 5499 2918 5510 —
2935 5469 3116 5540 Neque
3141 5474 3283 5528 enim
3310 5492 3371 5529 ex
3404 5490 3580 5530 rerum

1998 5567 2186 5612 natura
2234 5555 2530 5620 turbamur,
2569 5558 2661 5612 sed
2711 5574 2774 5612 ex
2824 5560 2983 5614 animi
3037 5564 3201 5618 nostri
3253 5564 3577 5617 infirmitate.

1999 5649 2129 5704 Nam
2176 5649 2220 5704 si
2250 5665 2312 5704 ex
2361 5647 2518 5704 rebus
2545 5666 2664 5721 qua:
2709 5651 2956 5707 accidunt
2986 5654 3349 5721 turbarentur,
3393 5669 3582 5709 omnes
