4012 6210
429 327 496 383 39
1179 312 1234 366 S.
1275 305 1552 366 JUANNIS
1588 301 2063 360 CllBYSOSTOMI
2104 305 2419 364 ARCIIIEP.
2461 308 2992 368 CONSTANTINOP.
3635 328 3705 383 ιο

429 441 670 498 homines
718 432 919 489 turbari
963 441 1184 484 necesse
1227 433 1388 481 esset.
1439 421 1636 477 Omnes
1685 418 1829 474 enim
1873 413 2012 468 idem

426 535 737 602 navigamus
774 526 1011 597 pelagus,
1044 536 1217 590 neque
1259 517 1372 572 fieri
1405 522 1620 585 potest,
1655 520 1711 566 ut
1735 519 1880 565 extra
1912 507 2013 561 llu-

429 636 547 680 ctus
576 631 625 678 et
659 626 1004 689 tempestates
1029 627 1323 669 versemur.
1366 607 1517 675 Quod
1547 605 1590 660 si
1620 603 1833 675 quidam
1863 609 2013 656 extra

429 722 802 785 tempestatem
829 719 881 766 et
911 707 1250 763 furibundtun
1281 719 1426 756 mare
1452 701 1684 769 degant,
1729 695 1900 766 palam
1930 702 2009 748 est

424 783 793 876 tempestatem
827 815 930 855 non
961 815 990 852 a
1030 796 1257 868 negotiis
1285 793 1433 856 oriri,
1465 790 1559 846 sed
1585 803 1616 842 a
1654 796 1792 841 statu
1819 783 2012 838 mentis

424 875 642 954 nostrae.
687 893 743 948 Si
792 891 927 945 hanc
975 889 1134 958 igitur
1176 885 1245 939 ita
1290 892 1681 950 comparemus,
1733 885 1789 929 ut
1831 875 2008 928 omnia

423 991 579 1046 facile
611 988 763 1051 ferat,
810 982 938 1038 nulli
971 980 1183 1044 ﬂuctus,
1224 975 1365 1030 nulla
1396 979 1703 1040 tempestas,
1735 966 1829 1021 sed
1861 975 2007 1019 tran-

423 1081 658 1152 quillitas
705 1074 858 1130 nobis
912 1086 1123 1137 semper
1169 1065 1360 1121 aderit.
1412 1063 1612 1116 Verum
1671 1057 1850 1112 nescio
1900 1069 2008 1124 quo

427 1183 605 1244 pacto,
629 1184 748 1224 cum
772 1165 901 1220 nihil
930 1164 1119 1218 horum
1143 1158 1326 1213 dicere
1353 1157 1404 1208 in
1429 1149 1701 1223 proposito
1729 1147 2003 1212 haberem,

422 1240 474 1320 in
496 1273 690 1318 tantam
710 1255 1126 1314 admonitionem
1148 1247 1482 1305 devenerim.
1502 1240 1779 1312 Ignoscite,
1802 1252 2003 1308 quaeso,

418 1541 461 1592 si
493 1538 619 1592 fisus
649 1549 847 1599 essent,
877 1531 1182 1598 neutiquam
1206 1539 1302 1578 vos
1323 1522 1405 1575 his
1427 1519 1492 1573 de
1522 1517 1680 1572 rebus
1700 1514 2004 1582 alloqnutus

419 1645 618 1684 essem.
649 1625 792 1681 Satis
817 1631 962 1677 certe
991 1628 1115 1673 sunt
1139 1632 1258 1687 quae
1285 1613 1536 1674 diximus,
1567 1616 1623 1661 ut
1649 1606 1826 1660 omnia
1853 1602 2004 1656 vobis

420 1723 593 1777 facilia
620 1718 929 1773 reddantur.
958 1713 1192 1779 Tempus
1222 1715 1398 1761 autem
1427 1710 1508 1756 est
1535 1709 1589 1753 ut
1621 1698 1686 1751 ad
1728 1711 1836 1750 rem
1881 1708 2002 1762 pro-

421 1814 644 1884 positam
693 1809 1004 1869 veniamus,
1054 1817 1120 1856 ne
1172 1813 1266 1852 vos
1310 1793 1504 1850 defessi
1550 1792 1663 1844 lucc
1711 1785 2000 1842 certamina

416 1901 638 1956 adeatis.
671 1895 969 1952 Certamina
999 1892 1196 1962 quippe
1243 1887 1397 1940 nobis
1429 1890 1667 1952 prosmnt
1691 1887 1875 1932 contra
1906 1891 1998 1930 ve-

417 1994 588 2050 ritatis
634 1990 835 2053 hostes,
886 1994 1069 2039 contra
1119 1995 1213 2036 eos
1263 1978 1351 2047 qui
1402 1975 1532 2028 nihil
1578 1987 1682 2026 non
1712 1976 1908 2040 agunt,
1944 1976 2001 2021 ut

417 2085 536 2140 Filii
582 2084 671 2139 Dei
719 2080 964 2152 gloriam,
1017 2076 1126 2130 imo
1176 2073 1348 2142 potius
1393 2083 1540 2122 suam
1586 2065 1854 2134 dejiciant.
1910 2061 1996 2114 Illa

413 2181 608 2248 quippe
653 2189 866 2245 semper
910 2178 1091 2227 manet
1137 2176 1193 2220 ιιι
1235 2173 1350 2227 est,
1384 2162 1512 2215 nihil
1546 2175 1638 2228 per
1684 2155 1995 2210 maledicam

416 2270 646 2339 linguam
687 2264 1008 2318 imminuta:
1053 2258 1125 2311 illi
1169 2270 1315 2318 vero,
1364 2251 1489 2306 dum
1529 2263 1685 2310 eum,
1737 2260 1894 2315 quem
1937 2259 1997 2298 se

413 2336 638 2412 adorare
680 2354 900 2416 dicunt,
953 2355 1291 2418 prosternere
1319 2340 1567 2402 student,
1611 2336 1812 2389 vultum
1839 2350 1992 2388 suum

415 2449 628 2505 infamia
656 2445 883 2514 replent,
907 2449 962 2496 et
985 2440 1216 2494 animam
1243 2431 1503 2503 supplicio
1532 2427 1804 2482 addicunt.
1839 2426 1997 2492 Qua:-

412 2559 535 2598 uam
565 2555 692 2609 ergo
713 2537 893 2591 dicunt
915 2533 1011 2598 illi,
1041 2531 1167 2585 dum
1192 2542 1290 2582 nos
1312 2527 1426 2580 haec
1455 2519 1814 2592 proferimus?
1839 2516 1988 2580 lllud,

412 2632 480 2688 In
505 2607 750 2704 principio
775 2636 880 2682 erat
902 2624 1138 2687 verbum,
1171 2635 1277 2673 non
1306 2616 1654 2671 mternitatem
1680 2607 1994 2678 simpliciter

413 2699 684 2778 indicare:
716 2732 836 2772 nam
870 2714 968 2769 hoc
997 2713 1063 2766 de
1103 2709 1236 2764 caelo
1265 2707 1423 2760 etiam
1447 2713 1500 2758 et
1529 2702 1595 2756 de
1623 2711 1762 2756 terra
1793 2699 1991 2753 dictum

413 2816 528 2870 fuit.
559 2815 604 2868 0
628 2807 1008 2880 impudentiam
1035 2813 1085 2859 et
1113 2801 1436 2870 impietatem
1459 2793 1755 2864 ingentem!
1788 2791 1861 2844 De
1883 2788 1991 2842 Deo

411 2917 463 2959 te
489 2904 747 2972 alloquor,
777 2910 833 2955 et
861 2907 913 2952 tu
943 2895 1073 2950 mihi
1105 2903 1299 2948 terram
1322 2897 1375 2944 et
1404 2887 1646 2940 homines
1675 2893 1813 2937 terra
1844 2888 1991 2935 ortos

408 2995 568 3049 aﬂ'ers
599 2971 650 3046 iu
681 2988 953 3047 medium?
985 2987 1124 3057 Ergo
1149 2985 1270 3054 quia
1301 2981 1541 3036 Christus
1581 2976 1746 3030 Filius
1787 2975 1876 3028 Dei
1906 2971 1989 3026 di-

411 3085 546 3140 citur
589 3091 646 3137 et
684 3081 844 3144 Deus,
895 3086 950 3132 et
979 3076 1138 3130 homo
1186 3071 1432 3127 similiter
1467 3067 1606 3121 {ilius
1637 3065 1727 3119 Dei
1759 3072 1811 3118 et
1856 3061 1988 3116 deus

407 3173 724 3243 pra-dicatur
753 3171 770 3239 (
801 3183 925 3223 nam
962 3165 1073 3236 Ego
1103 3164 1236 3226 dixi,
1282 3160 1485 3230 inquit,
1514 3157 1586 3209 dii
1626 3155 1763 3218 estis,
1807 3164 1855 3207 et
1891 3151 1988 3220 ﬁlii

411 3264 608 3321 Excelsi
630 3277 799 3315 omnes
821 3258 1004 3331 [PsaL
1029 3257 1118 3312 8|.
1148 3252 1221 3326 6]
1241 3251 1280 3322 ),
1309 3265 1432 3304 cum
1457 3247 1740 3317 Unigenito
1769 3253 1989 3298 conten-

406 3356 499 3410 des
521 3355 592 3409 de
620 3353 904 3412 liliatione,
953 3356 1006 3402 et
1047 3346 1194 3400 dices
1239 3344 1408 3411 ipsum
1439 3339 1565 3392 nihil
1597 3335 1712 3404 plus
1759 3333 1985 3399 habere,

408 3462 564 3519 quam
595 3453 650 3499 tu
689 3441 924 3498 habeas?
951 3438 1317 3507 Nequaquam,
1345 3432 1438 3484 ait.
1473 3430 1630 3498 Atqui
1662 3425 1786 3480 illud
1816 3425 1986 3493 ipsum

406 3541 550 3612 agis,
578 3538 676 3592 etsi
720 3549 825 3589 non
855 3531 1018 3587 dicas.
1053 3524 1369 3596 Quomodo?
1409 3522 1542 3590 Quia
1589 3519 1754 3581 dicis,
1802 3525 1854 3571 te
1895 3531 1989 3584 per

407 3609 629 3704 gratiam
656 3626 994 3696 adoptionem
1024 3618 1328 3691 percepisse
1347 3657 1359 3681 ,
1397 3615 1673 3684 ipsumque
1699 3609 1983 3665 similiter:

407 3703 526 3780 cum
553 3732 731 3776 autem
767 3719 899 3773 dicis
926 3717 1097 3786 ipaum
1127 3728 1231 3767 non
1266 3719 1448 3764 natura
1494 3707 1655 3760 lilium
1681 3719 1834 3770 esse,
1858 3703 1985 3758 nihil

405 3815 547 3869 aliud
574 3813 783 3882 probas,
813 3825 969 3880 quam
999 3823 1094 3878 per
1118 3805 1341 3874 gratiam
1371 3803 1532 3855 lilium
1561 3814 1704 3854 esse.
1725 3799 1984 3853 Craterum

407 3908 679 3962 videmnus
735 3919 832 3966 ea,
885 3915 1002 3970 quae
1054 3898 1206 3952 nobis
1257 3894 1485 3948 all'erunt
1530 3890 1862 3946 testimonia:
1920 3886 1986 3941 In

407 3996 654 4068 priuetpio
691 3994 805 4065 fecit
833 3989 970 4043 Deus
994 3989 1171 4042 etclam
1199 3995 1246 4039 el
1268 3995 1470 4038 terram.
1505 3981 1660 4035 Terra
1686 3990 1851 4032 autent
1878 3987 1986 4032 erat

407 4087 666 4158 invisibilis
696 4095 741 4139 et
765 4080 1097 4150 incomposita
1119 4077 1270 4150 (Gen.
1303 4072 1533 4143 1.1.2).
1569 4073 1653 4137 Et,
1689 4069 1814 4124 Erat
1837 4070 1985 4122 homo

406 4195 468 4233 ea:
508 4173 822 4230 Armathaim
851 4171 1018 4239 Sipha
1046 4170 1064 4236 (
1090 4169 1141 4222 1.
1174 4167 1299 4236 Reg.
1332 4165 1384 4219 1.
1411 4163 1496 4233 1).
1529 4162 1651 4215 Iltcc
1683 4161 1808 4227 ipsis
1835 4159 1984 4212 firma

405 4269 669 4325 videntur.
704 4265 767 4318 Et
793 4278 915 4316 vere
942 4259 1091 4314 ﬁrma
1121 4265 1243 4311 sunt
1261 4296 1276 4319 ,
1303 4253 1398 4310 sed
1424 4253 1487 4306 ad
1517 4247 1985 4308 demonstrandam

404 4360 661 4416 doctrinae
681 4365 878 4411 nostrae
907 4353 1181 4406 veritatem
1205 4366 1219 4404 :
1240 4363 1368 4402 nam
1400 4345 1465 4399 ad
1503 4345 1714 4400 illorum
1746 4342 1986 4411 blasphe-

405 4453 564 4507 miam
591 4445 1037 4518 comprobandam
1059 4441 1293 4497 omnium
1320 4437 1643 4494 debilissima
1673 4443 1818 4489 sunt.
1849 4432 1985 4499 Quid

404 4545 568 4605 enim,
596 4555 798 4611 quzrso,
831 4549 1113 4592 commune
1143 4533 1305 4586 habet
1334 4529 1460 4584 illttd
1483 4569 1498 4595 ,
1523 4527 1695 4594 Fecit,
1726 4541 1848 4581 cum
1871 4525 1982 4588 illo,

408 4635 576 4691 Erat?
603 4633 728 4705 quid
761 4632 902 4686 Deus
942 4644 1062 4682 cum
1093 4623 1342 4680 homine?
1385 4621 1494 4676 Cur
1522 4636 1584 4674 ea
1632 4621 1825 4674 misces
1865 4632 1984 4686 qua:

403 4727 616 4784 misceri
659 4739 766 4781 non
816 4719 1076 4792 possunt?
1105 4733 1199 4772 cur
1242 4713 1524 4771 confundis
1567 4727 1628 4766 ea
1670 4727 1790 4780 qua:
1816 4710 1984 4763 divisa

403 4829 560 4884 sunt,
611 4827 666 4873 et
712 4831 830 4886 quae
875 4827 1123 4876 sursum,
1172 4809 1420 4864 deorsum
1461 4805 1655 4874 ponis?
1701 4803 1798 4857 llic
1842 4803 1984 4856 enim

403 4911 529 4967 illini
549 4951 564 4975 ,
593 4907 738 4970 Erat,
768 4921 870 4960 non
899 4906 1247 4960 aeternitatem
1274 4897 1540 4962 ostendit,
1568 4897 1610 4950 si
1653 4895 1825 4950 solum
1863 4907 1987 4962 spe-

402 5012 606 5066 ctetur;
634 4998 728 5054 sed
754 4997 798 5051 si
825 4996 1048 5050 addatur
1073 5010 1194 5049 cum
1226 4992 1350 5053 illis,
1380 4987 1446 5042 In
1474 4987 1722 5059 principio
1750 4992 1876 5049 erat,
1909 4993 1983 5046 et,

417 5092 628 5145 Verbum
666 5097 794 5144 erat.
827 5084 1280 5153 Quemadmodum
1321 5094 1449 5150 ergo
1481 5077 1604 5133 illud
1624 5115 1639 5142 ,
1669 5077 1799 5131 Esse
1819 5115 1835 5138 ,
1864 5090 1987 5129 cum

404 5184 472 5238 de
503 5182 715 5235 homine
744 5179 958 5240 dicitur,
989 5189 1224 5246 praesens
1266 5181 1466 5226 tantum
1513 5169 1709 5224 indicat
1735 5176 1983 5237 tempus;

405 5291 524 5328 cum
554 5285 731 5327 autem
759 5273 826 5326 de
859 5272 996 5336 Deo,
1039 5267 1388 5322 arternitatem
1418 5264 1783 5318 demonstrat:
1829 5261 1906 5312 sic
1934 5268 1989 5315 et

407 5367 570 5432 illud,
611 5364 770 5425 Erat,
815 5362 882 5416 de
925 5371 1103 5416 nostra
1151 5359 1349 5413 dictum
1396 5366 1610 5418 natura,
1665 5355 1986 5421 praeteritum

408 5471 614 5528 tempus
648 5455 940 5525 significat,
980 5452 1259 5521 ipsumque
1291 5451 1524 5512 finitum;
1557 5462 1675 5501 cmn
1716 5455 1892 5500 autem
1923 5443 1990 5498 de

410 5552 550 5614 lico,
580 5547 926 5604 :eteruitatem
959 5542 1174 5598 indicat.
1203 5539 1341 5594 Satis
1371 5553 1499 5606 ergo
1529 5547 1643 5592 erat
1672 5537 1719 5591 ei
1743 5577 1756 5599 ,
1785 5534 1873 5604 qui
1896 5549 1991 5587 au-

408 5641 545 5693 diret
572 5638 824 5700 Terram,
868 5646 922 5690 et
967 5631 1285 5694 llomiucm,
1339 5627 1469 5680 nihil
1513 5627 1739 5695 amplius
1781 5624 1846 5677 de
1887 5622 1990 5676 illis

408 5730 664 5799 rogitare,
709 5743 865 5796 quam
908 5733 1110 5780 natura:
1137 5729 1328 5775 crcata:
1359 5717 1657 5773 conveniat.
1689 5714 1818 5769 Nam
1847 5712 1989 5783 quod

2128 417 2322 474 factum
2354 429 2435 476 est
2456 461 2472 488 ,
2502 422 2756 493 quidquid
2788 424 3000 480 tandem
3022 425 3124 491 sit,
3150 426 3200 480 in
3231 433 3470 498 tempore
3491 429 3577 486 vel
3607 447 3710 488 saa-

2120 511 2242 565 culo
2267 511 2462 568 factum
2484 527 2603 570 est:
2633 525 2688 570 at
2726 515 2892 571 Filius
2934 517 3064 584 Dei,
3095 534 3200 574 non
3232 521 3557 588 temporibus
3583 531 3709 579 unr-

2120 609 2233 656 tum
2254 644 2268 666 ,
2296 605 2390 659 sed
2416 606 2627 662 saeculis
2652 607 2897 662 omnibus
2923 609 3166 678 superior
3195 618 3310 664 est:
3339 625 3461 664 nam
3492 611 3704 668 illorum

2119 701 2172 747 ct
2196 704 2404 748 creator
2433 704 2487 749 et
2513 697 2688 765 opifex
2725 705 2807 752 est
2831 715 2844 753 :
2867 697 3062 752 dicitur
3083 698 3250 763 enim,
3285 698 3388 752 Per
3412 716 3558 770 quem
3589 701 3707 770 fecit

2118 791 2165 836 et
2191 783 2377 836 stzcula
2425 784 2623 855 (Hebr.
2655 787 2707 841 1'.
2737 786 2836 856 2).
2863 787 2964 854 Qui
3007 797 3183 842 autem
3208 786 3387 857 Opifes
3434 801 3536 855 est,
3578 802 3704 850 ante

2117 872 2326 940 opilic'ra
2357 873 2495 928 haud
2525 875 2686 930 dubie
2717 877 2830 930 fuit.
2853 876 3116 944 Quoniam
3145 893 3273 932 vero
3293 877 3506 947 quidam
3529 881 3598 934 ita
3623 882 3703 936 in-

2113 963 2312 1016 sensati
2336 973 2479 1029 sunt,
2516 975 2572 1018 ut
2597 975 2776 1035 postea
2807 967 2978 1034 majus
3005 966 3274 1036 quidpiam
3304 967 3373 1022 de
3401 984 3495 1022 sua
3521 969 3700 1039 digni-

2116 1061 2222 1106 tate
2246 1054 2600 1122 suspicentur,
2635 1056 2724 1110 illo
2749 1057 2934 1120 verbo,
2965 1057 3129 1123 Fecit,
3152 1067 3207 1112 et
3233 1058 3352 1121 illo,
3384 1058 3549 1114 Homo
3567 1073 3695 1128 erat,

2112 1145 2371 1200 auditoris
2410 1157 2641 1203 mentem
2676 1157 3040 1218 praeoccupat,
3069 1157 3126 1204 et
3167 1166 3377 1206 omnem
3415 1153 3696 1223 impuden-

2113 1238 2238 1291 tiam
2265 1238 2546 1294 exscindit.
2580 1239 2712 1294 Nam
2742 1255 2861 1310 quae
2888 1240 3024 1295 facta
3067 1251 3192 1296 sunt
3231 1243 3440 1308 omnia,
3469 1245 3691 1312 celum,

2113 1337 2274 1396 terra,
2309 1342 2546 1401 tempore
2577 1333 2709 1387 facta
2740 1341 2884 1401 sunt,
2917 1336 3207 1402 temporale
3242 1337 3558 1406 principium
3588 1337 3686 1392 ha-

2111 1419 2263 1486 bent,
2297 1436 2589 1492 eorumque
2626 1423 2760 1477 nihil
2801 1424 2916 1478 sine
2953 1425 3215 1494 principio
3251 1435 3372 1492 est,
3406 1427 3526 1497 quia
3554 1425 3692 1483 facta

2108 1521 2251 1565 sunt.
2282 1512 2462 1582 Itaque
2486 1529 2606 1570 cum
2647 1515 2798 1569 audis
2826 1515 2998 1584 ipsum
3024 1515 3214 1571 fecisse
3255 1527 3480 1581 terram,
3514 1528 3568 1574 et
3591 1518 3689 1574 ho-

2108 1603 2305 1658 minem
2333 1620 2485 1669 esse,
2520 1605 2788 1674 superﬂue
2831 1608 3045 1678 nugaris
3067 1648 3082 1672 ,
3117 1617 3170 1661 et
3199 1607 3403 1662 inutilia
3435 1609 3614 1664 ellutis
3647 1621 3686 1665 ι.

2109 1694 2220 1764 Ego
2249 1695 2389 1748 enim
2420 1696 2574 1749 aliam
2604 1695 2930 1767 hyperbolen
2953 1697 3148 1752 allerre
3175 1713 3413 1766 possum.
3433 1699 3685 1767 Qumnam

2106 1785 2194 1838 illa
2221 1786 2345 1839 est?
2373 1785 2426 1841 Si
2452 1786 2519 1840 de
2553 1795 2691 1841 terra
2720 1787 2920 1841 dictum
2951 1797 3125 1854 esset,
3158 1788 3213 1842 lu
3247 1788 3506 1858 principio
3548 1800 3685 1846 terra

2105 1885 2254 1940 erat;
2283 1887 2336 1931 et
2363 1877 2429 1930 de
2460 1877 2674 1932 homine
2695 1920 2710 1943 ,
2745 1877 2799 1932 lu
2847 1879 3105 1947 principio
3131 1889 3246 1932 erat
3291 1881 3468 1945 homo,
3513 1896 3685 1949 neque

2105 1966 2173 2020 ita
2213 1967 2336 2037 quid
2365 1967 2535 2037 majus
2574 1967 2643 2023 de
2688 1969 2790 2023 illis
2835 1967 3210 2039 suspicandum
3252 1968 3386 2032 fore,
3414 1985 3570 2039 quam
3598 1970 3684 2025 illa

2105 2073 2225 2127 qua:
2248 2073 2388 2112 nunc
2425 2059 2820 2128 cognoscimus.
2850 2058 2979 2112 Nam
3006 2059 3279 2127 przrmissa
3310 2070 3466 2112 terrm
3502 2068 3556 2114 et
3587 2061 3680 2115 ho-

2103 2150 2262 2203 minis
2302 2149 2690 2218 appellatione,
2740 2148 2992 2219 quidquid
3043 2147 3111 2203 tle
3160 2149 3264 2202 illis
3307 2148 3530 2208 dicatur.
3580 2165 3681 2202 non

2102 2248 2276 2307 potest
2323 2240 2530 2294 animus
2581 2239 2752 2308 majus
2796 2239 3063 2309 quidpiam
3112 2239 3179 2293 de
3225 2239 3325 2293 illis
3378 2239 3681 2308 imaginari,

2101 2347 2257 2401 quam
2288 2347 2349 2387 ea
2391 2348 2508 2402 qua:
2557 2333 2793 2386 scimus:
2828 2340 2886 2385 ut
2926 2339 3106 2384 contra
3130 2371 3144 2394 ,
3176 2329 3431 2394 Verbum,
3477 2331 3682 2384 etiamsi

2101 2429 2259 2477 tenue
2289 2422 2557 2491 quidpiam
2589 2422 2655 2477 de
2695 2423 2785 2476 illo
2813 2421 3009 2476 dictum
3043 2419 3227 2482 fuerit,
3279 2437 3380 2474 non
3431 2421 3682 2488 permittit

2099 2521 2276 2565 tamen
2327 2512 2525 2581 aliquid
2576 2511 2840 2580 abjcctum
2887 2520 2942 2566 et
2990 2511 3092 2566 vile
3139 2511 3207 2565 de
3259 2526 3318 2566 se
3363 2512 3677 2566 existimari.

2100 2603 2386 2657 Enimvero
2429 2605 2498 2658 de
2543 2613 2682 2658 terra
2727 2605 2803 2658 sic
2845 2612 3024 2672 postea
3069 2603 3298 2657 dicitur:
3331 2602 3486 2656 Terra
3514 2614 3680 2656 autem

2098 2703 2201 2748 erat
2230 2693 2491 2748 invisibilis
2530 2705 2574 2747 et
2600 2695 2931 2766 incomposita
2960 2691 3128 2763 (Gen.
3157 2694 3203 2747 1.
3229 2692 3268 2746 2'
3287 2693 3327 2763 ).
3357 2692 3488 2747 Cum
3514 2693 3680 2747 dixis-

2097 2796 2179 2840 set
2208 2787 2348 2840 enim
2380 2787 2550 2854 ipsum
2575 2786 2763 2840 fecisse
2794 2796 3011 2848 terram,
3059 2794 3112 2838 et
3142 2784 3239 2851 ipsi
3273 2784 3542 2852 proprium
3571 2791 3678 2838 ter-

2097 2877 2297 2930 minum
2323 2876 2603 2946 posuisset,
2629 2890 2816 2929 secure
2837 2874 2948 2943 jam
2969 2889 3088 2944 qua:
3111 2884 3404 2943 sequuntur
3425 2883 3636 2928 enarrat
3658 2890 3676 2938 ;

2094 2985 2291 3040 gnarus
2320 2970 2584 3024 neminem
2617 2970 2685 3023 ita
2716 2968 2934 3023 stultum
2959 2984 3097 3032 esse,
3131 2977 3186 3023 ut
3217 2968 3357 3022 illam
3385 2968 3500 3022 sine
3528 2968 3674 3036 priu-

2094 3063 2234 3133 cipio
2278 3071 2332 3118 et
2378 3078 2483 3117 non
2529 3063 2717 3116 factam
2759 3076 2878 3116 esse
2911 3061 3227 3130 suspicetur.
3259 3059 3440 3114 Terra:
3479 3059 3676 3128 quippe

2095 3170 2310 3218 nomen,
2355 3163 2408 3208 et
2439 3153 2590 3220 illud,
2639 3151 2811 3217 Fecit,
2841 3152 2971 3206 satis
3009 3159 3133 3206 sunt
3177 3159 3234 3204 ut
3277 3149 3357 3203 vel
3387 3147 3670 3202 admodum

2092 3247 2255 3301 stulto
2281 3245 2538 3300 suadeant
2555 3285 2570 3309 ,
2601 3246 2767 3313 ipsam
2792 3258 2890 3297 nec
2915 3253 3166 3297 aeternam
3185 3283 3198 3305 ,
3222 3257 3323 3297 nec
3343 3256 3449 3296 non
3479 3239 3675 3295 factam

2093 3350 2240 3401 esse,
2272 3335 2366 3390 sed
2391 3350 2460 3389 ex
2484 3349 2667 3389 eorum
2697 3348 2919 3388 numero
2963 3348 3082 3403 qum
3108 3333 3160 3386 in
3193 3341 3433 3401 tempore
3459 3329 3673 3386 condita

2092 3435 2238 3481 sunt.

2163 3517 2216 3570 ‘5.
2243 3515 2507 3569 Praeterea
2536 3522 2712 3567 autem
2744 3511 2871 3567 illud
2892 3553 2907 3578 ,
2944 3510 3105 3575 Erat,
3138 3510 3204 3566 de
3233 3519 3368 3566 terra
3393 3520 3446 3566 et
3470 3509 3537 3566 de
3569 3509 3670 3566 ho-

2093 3609 2236 3662 mine
2270 3609 2291 3638 ²
2328 3607 2558 3670 dictum,
2589 3621 2692 3658 non
2721 3604 3034 3674 simpliciter
3057 3603 3421 3659 exsistentiam
3463 3603 3669 3672 signiti-

2091 3708 2208 3761 cat;
2232 3696 2325 3752 sed
2353 3696 2419 3750 de
2450 3697 2665 3750 homine
2685 3695 2907 3760 dictum,
2938 3694 3138 3749 indicat
3158 3694 3328 3763 ipsum
3352 3709 3418 3748 ex
3442 3695 3529 3747 tali
3551 3709 3671 3749 esse

2093 3790 2252 3854 loco;
2301 3788 2370 3843 de
2401 3798 2539 3841 terra
2577 3797 2775 3851 autem,
2806 3785 2947 3839 illam
2981 3785 3070 3839 tali
3111 3799 3230 3840 esse
3269 3783 3448 3839 modo.
3492 3784 3669 3853 Neque

2091 3883 2232 3936 enim
2261 3879 2575 3950 simpliciter
2609 3878 2775 3941 dixit,
2804 3876 2967 3931 Terra
2993 3886 3141 3942 erat,
3168 3884 3219 3931 et
3251 3885 3436 3944 postea
3473 3876 3666 3940 tacuit;

2091 3971 2184 4026 sed
2228 3970 2399 4041 qualis
2449 3977 2565 4038 post
2611 3969 2934 4023 creationem
2983 3973 3125 4020 esset
3166 3963 3406 4030 addidit,
3455 3979 3666 4035 nempe,

2091 4062 2364 4116 Invisibilis
2390 4069 2494 4114 erat
2521 4069 2567 4113 et
2605 4057 2974 4128 incomposita,
3007 4055 3181 4108 adhuc
3221 4053 3375 4123 aquis
3409 4062 3592 4122 operta
3615 4062 3670 4108 et

2090 4153 2344 4208 admixta.
2376 4151 2442 4206 Et
2481 4151 2547 4204 de
2587 4151 2784 4204 Elcana
2830 4163 2933 4201 non
2979 4146 3114 4200 dixit
3150 4145 3321 4200 solum
3356 4144 3499 4215 quod
3529 4153 3674 4199 esset

2091 4245 2273 4308 homo,
2302 4242 2395 4298 sed
2424 4241 2619 4311 adjecit
2645 4239 2784 4295 unde
2813 4247 2988 4303 esset,
3027 4235 3102 4290 De
3131 4235 3450 4290 Armathaim
3481 4234 3666 4305 Siplm.

2093 4338 2167 4391 De
2194 4335 2369 4390 Verbo
2395 4343 2569 4388 autem
2606 4348 2712 4387 non
2738 4331 2836 4386 sic.
2873 4329 2937 4383 Et
2973 4342 3058 4381 me
3090 4325 3252 4394 pudet
3280 4323 3515 4394 profecto
3557 4325 3671 4377 haec

2091 4427 2246 4481 simul
2276 4425 2544 4492 indagare.
2577 4423 2630 4478 Si
2659 4422 2798 4477 enim
2825 4417 3265 4488 reprehendimus
3292 4428 3382 4469 eos
3415 4414 3502 4483 qui
3529 4413 3675 4468 circa

2091 4518 2334 4572 homines
2362 4517 2464 4570 hoc
2490 4524 2671 4583 agunt,
2700 4511 2913 4583 quando
2939 4511 3162 4564 multum
3186 4517 3268 4563 est
3293 4507 3430 4561 inter
3457 4521 3550 4560 eos
3581 4507 3672 4574 qui

2089 4618 2462 4681 comparantur
2488 4605 2695 4659 virtutis
2723 4603 3033 4666 discrimen,
3067 4601 3191 4654 licet
3217 4598 3293 4653 illi
3331 4613 3399 4650 ex
3435 4613 3537 4651 una
3582 4613 3671 4652 ea-

2090 4705 2321 4774 demque
2347 4697 2642 4756 substantia
2669 4697 2775 4750 sint
2799 4711 2813 4748 :
2837 4692 3050 4763 quando
3074 4701 3130 4746 et
3164 4691 3304 4744 circa
3335 4696 3575 4740 naturam
3619 4696 3673 4740 et

2089 4799 2229 4853 circa
2259 4797 2361 4850 alia
2392 4792 2655 4848 infinitum
2704 4796 2786 4844 est
2835 4784 3206 4844 iuterstitium,
3253 4778 3521 4851 quomodo
3567 4794 3670 4831 non

2089 4897 2345 4944 extremm
2384 4881 2668 4939 dementia:
2715 4878 2873 4932 fuerit
2919 4875 3015 4928 has
3061 4873 3380 4942 quaestiones
3417 4868 3673 4923 movete?

2091 4980 2194 5035 Sed
2226 4977 2378 5032 nobis
2421 4975 2508 5029 ille
2555 4971 2812 5042 propitius
2849 4968 2946 5032 sit,
2994 4961 3280 5034 quem'ipsi
3327 4958 3672 5026 blasphemita

2091 5072 2370 5141 impctuut.
2425 5060 2734 5133 llnjusmodi
2784 5071 3010 5126 namque
3049 5054 3309 5108 (lictorum
3340 5047 3672 5104 adhibendo-

2091 5139 2206 5221 rutn
2240 5159 2609 5216 necessitatem
2656 5170 2759 5208 non
2792 5166 2890 5205 nos
2922 5146 3228 5203 indusimus
3250 5185 3266 5210 ,
3295 5144 3388 5198 sed
3413 5141 3489 5197 illi
3517 5139 3672 5195 nobis

2089 5257 2348 5312 obtulere.
2377 5251 2466 5320 qui
2492 5248 2713 5302 salutem
2744 5243 3053 5310 itnpuguant
3073 5251 3249 5289 suam.

2161 5346 2447 5402 Asternitas
2480 5340 2605 5394 Filii
2637 5336 2896 5406 probatur.
2918 5361 2982 5371 -—
3007 5328 3144 5394 Quid
3177 5341 3304 5396 ergo
3333 5325 3486 5379 dico?
3513 5322 3667 5381 Illud.

2092 5439 2256 5499 Erat,
2287 5438 2354 5491 de
2383 5432 2560 5488 Verbo
2602 5429 2802 5483 dictum
2823 5464 2837 5484 ,
2871 5418 3170 5491 significare
3215 5417 3384 5485 ipsum
3415 5423 3670 5467 mternum

2158 5594 2173 5624 ¹
2213 5585 2374 5638 Morel.
2401 5584 2579 5639 habet,
2605 5577 2702 5627 noli
2726 5571 2964 5636 super/lue
2988 5567 3187 5629 nugari,
3215 5571 3258 5614 te
3300 5558 3546 5612 inutilibus
3578 5555 3664 5605 im—

2093 5643 2612 5717 ριξσιιιιτς-,νεηὶιιιισμιὶςξοΔ
2642 5697 2748 5717 mh
2794 5706 2878 5717 ’-Α
2930 5691 2988 5717 λ,
3009 5685 3133 5717 ,mm-

2159 5689 2313 5759 ἷψιιῖιῖ
2329 5689 2613 5766 Ῐῦξῖιὶίιξᾶρ
2631 5697 2768 5758 rtrlo,
2794 5706 2899 5758 pro,
2927 5691 2988 5741 de
3006 5689 3211 5740 nomine.
