4012 6210
212 243 280 301 ιιι

218 370 350 412 esse
369 372 391 414 τ
423 373 558 414 nam
589 359 691 429 ait,
712 360 781 416 In
811 358 1038 431 principio
1064 365 1174 411 erat
1209 355 1466 425 Verbum;
1490 374 1825 431 consequens

226 460 421 505 autem
454 462 579 507 erat
605 493 621 518 ,
656 462 715 508 ut
738 452 870 523 apud
895 451 1112 520 aliquem
1135 459 1304 507 esset.
1337 447 1469 505 Cum
1496 452 1638 507 enim
1665 454 1833 508 maxi-

237 557 331 596 me
361 541 500 598 illud
529 544 623 600 Dei
646 546 713 599 sit
736 543 1016 614 proprium,
1036 550 1092 595 ιιι
1115 541 1185 596 sit
1206 551 1443 596 aeternus
1463 552 1513 596 et
1544 543 1659 597 sine
1681 544 1831 613 prin-

237 632 411 702 cipio,
435 633 538 688 hoc
555 636 722 704 primo
743 634 926 704 posuit.
947 632 1163 697 Deinde,
1192 648 1262 688 ne
1289 633 1409 704 quis
1433 634 1655 689 audiens
1681 634 1825 702 illud,

250 722 320 776 In
365 726 617 795 principio
646 736 790 791 erat,
836 724 990 779 etiam
1037 723 1332 794 ingenitum
1377 724 1620 791 diceret,
1652 729 1829 781 statim

248 814 349 881 ipsi
378 816 614 869 occurrit
639 858 654 881 ,
685 826 965 884 antequam
997 813 1203 868 diceret
1225 813 1352 882 quid
1379 823 1493 867 erat
1515 856 1530 879 ,
1559 813 1786 869 dicendo
1807 857 1821 881 ,

243 903 375 958 Erat
415 906 559 975 apud
590 904 771 959 Deum.
804 905 871 959 Et
899 920 965 959 ne
992 905 1110 974 quis
1141 905 1317 973 ipsum
1344 902 1578 957 Verbum
1608 905 1825 974 prolati-

243 994 376 1049 tium
414 1006 503 1049 aut
543 996 812 1051 internum
852 1010 971 1049 esse
1010 1004 1221 1065 putaret
1264 990 1397 1065 (a),
1428 1008 1523 1063 per
1547 996 1826 1051 articulum

238 1085 571 1152 praemissum
606 1086 710 1158 (b)
732 1128 747 1148 ,
777 1095 831 1140 et
861 1101 958 1156 per
983 1085 1273 1139 secundam
1304 1082 1624 1138 additionem
1645 1127 1661 1152 ,
1689 1085 1829 1142 hanc

244 1189 452 1230 amovet
497 1178 885 1242 suspicionem.
925 1177 1042 1231 Non
1075 1178 1216 1230 enim
1250 1175 1417 1241 dixit,
1449 1176 1505 1230 ln
1538 1177 1642 1231 Deo
1668 1187 1778 1231 erat
1809 1220 1824 1242 ,

246 1267 340 1322 sed
362 1308 378 1332 ,
409 1269 562 1339 Apud
603 1268 774 1324 Deum
793 1309 810 1334 ,
841 1269 958 1336 ejus
985 1267 1138 1323 nobis
1186 1267 1474 1322 secundum
1519 1268 1827 1340 bypostasin

240 1358 598 1414 :eternitatem
628 1361 938 1414 declarans.
970 1357 1169 1412 Deinde
1192 1357 1320 1411 illud
1347 1358 1538 1414 clarius
1564 1360 1832 1429 signifiea~

232 1448 312 1500 vit
351 1448 649 1518 adjiciens,
680 1449 923 1503 Verbum
970 1448 1112 1503 istud
1156 1447 1322 1503 fuisse
1353 1450 1539 1503 Deum.
1573 1450 1713 1517 Sed,
1746 1453 1830 1505 iu-

225 1537 407 1606 quies.
433 1538 659 1593 factum.
686 1538 827 1605 Quid
852 1554 980 1609 ergo
1004 1538 1171 1592 obluit
1196 1539 1320 1608 quin
1348 1539 1545 1594 diceret
1565 1581 1580 1606 ,
1606 1541 1661 1595 In
1687 1542 1833 1610 prin-

223 1625 377 1696 cipio
407 1627 541 1682 fecit
584 1628 727 1682 Deus
766 1629 1030 1683 Verbum?
1069 1629 1200 1706 Nam
1228 1646 1344 1684 cum
1374 1630 1442 1684 dc
1472 1641 1607 1685 terra
1635 1633 1823 1701 loque-

229 1727 388 1772 retur
417 1717 655 1788 Moyses,
686 1733 791 1772 non
815 1719 960 1783 dixit,
991 1718 1045 1772 lu
1082 1719 1338 1787 principio
1358 1729 1470 1774 erat
1492 1729 1627 1773 terra
1649 1762 1663 1786 ,
1693 1722 1815 1787 sed,

223 1808 383 1864 Fecit
410 1809 572 1879 (Gen.
604 1811 654 1864 1.
694 1810 715 1864 Ι
741 1810 759 1880 )
786 1824 902 1863 eam
927 1849 942 1874 ,
970 1820 1024 1864 et
1050 1818 1172 1864 tunc
1202 1810 1314 1863 fuit.
1337 1810 1472 1878 Quid
1501 1812 1659 1881 igitur
1688 1828 1812 1882 pro-

228 1899 410 1954 hibuit
438 1900 727 1969 quominus
753 1882 985 1955 Joannes
1013 1901 1081 1953 ita
1110 1900 1343 1965 diceret,
1374 1901 1429 1954 ln
1460 1903 1716 1973 principio
1744 1903 1816 1958 fe-

224 1991 309 2046 cit
336 1991 480 2045 Deus
509 1989 784 2045 Verbum?
809 1990 864 2045 Si
887 1991 1024 2045 enim
1048 1991 1117 2044 ita
1139 1991 1273 2046 dixit
1296 1991 1506 2058 Moyses
1533 1994 1725 2048 timens
1750 2010 1816 2048 ne

225 2083 348 2153 quis
373 2091 570 2137 terram
593 2096 700 2135 non
729 2080 921 2137 factam
948 2081 1185 2148 diceret;
1216 2084 1381 2136 multo
1405 2084 1570 2151 magis
1590 2084 1659 2139 de
1680 2083 1815 2139 Filio

226 2185 467 2231 metuere
496 2174 779 2244 oportebat
802 2174 1092 2242 Joannem,
1123 2176 1168 2230 si
1194 2185 1406 2230 creatus
1436 2178 1638 2231 fuisset.
1667 2177 1815 2232 Mnu-

235 2265 337 2320 rlus
363 2265 505 2319 enim
528 2280 648 2319 cum
674 2265 739 2318 sit
773 2265 1013 2333 vjsibilis,
1043 2264 1145 2320 hoc
1173 2266 1288 2334 ipso
1311 2266 1657 2320 Conditorem
1683 2284 1819 2335 prm-

225 2355 369 2409 dicat
399 2355 561 2427 (nam
598 2355 752 2422 Caeli,
792 2356 984 2426 iuqttit,
1011 2358 1479 2428 enarrantgloriam
1496 2357 1593 2412 Dei
1629 2356 1812 2431 [PsuL

234 2446 319 2499 18.
350 2447 370 2500 1
394 2443 416 2519 ]
445 2445 648 2501 :Filius
673 2455 851 2501 autem
884 2447 1164 2501 invisibilis
1185 2457 1301 2515 est,
1333 2457 1385 2502 et
1409 2459 1704 2503 creaturam
1728 2450 1814 2504 in—

228 2536 379 2591 liuilo
404 2536 580 2592 medio
603 2539 835 2593 excedit.
860 2537 1122 2609 Si'itaque
1146 2540 1232 2593 tibi
1257 2556 1428 2611 neque
1456 2544 1619 2597 verbo
1640 2559 1813 2615 neque

224 2626 472 2681 doctrina
500 2642 633 2697 opus
675 2639 826 2694 erat,
861 2639 917 2683 nt
945 2630 1279 2685 disceremus
1307 2631 1560 2686 mundum
1589 2647 1708 2688 esse
1736 2633 1813 2689 la-

224 2727 391 2786 etum,
416 2726 593 2773 tamen
615 2719 757 2774 clare
779 2720 905 2774 illud
929 2730 982 2775 et
1001 2731 1126 2774 ante
1146 2721 1323 2775 omnia
1350 2723 1493 2791 ponit
1519 2723 1807 2793 propheta;

225 2808 396 2862 multo
443 2809 612 2879 magis
652 2809 701 2863 id
731 2810 797 2864 de
828 2809 962 2864 Filio
992 2809 1252 2865 Joannem
1282 2810 1461 2865 dicere
1486 2813 1765 2882 oportebat
1790 2855 1807 2880 ,

224 2900 269 2953 si
294 2912 508 2955 creatus
537 2899 741 2955 fuisset.
773 2901 943 2954 Etiam
964 2942 979 2965 ,
1014 2901 1199 2955 dices:
1229 2898 1334 2956 Sed
1365 2901 1559 2957 Petrus
1590 2901 1640 2957 id
1667 2903 1811 2958 clare

224 2993 360 3048 dixit
384 3004 439 3049 et
470 2996 776 3065 perspicue.
809 2995 1035 3051 Ubinam
1067 3005 1122 3051 et
1162 2997 1411 3067 quando?
1439 2996 1574 3052 Cum
1601 2996 1814 3053 Judteos

224 3083 511 3154 alloquens
538 3085 743 3138 diceret
769 3101 782 3136 :
818 3083 845 3137 1
853 3101 998 3154 psum
1028 3084 1302 3138 Dominum
1327 3096 1373 3138 et
1400 3086 1655 3138 Christum
1682 3085 1818 3139 Deus

215 3175 358 3245 fecit.
387 3174 498 3228 Cur
541 3189 670 3243 ergo
697 3173 748 3228 id
778 3172 919 3243 quod
949 3175 1191 3242 sequitur
1219 3188 1322 3226 non
1365 3172 1605 3240 adjecisti
1627 3214 1642 3237 ,
1673 3172 1820 3226 Hunc

211 3260 250 3315 .l
259 3280 402 3316 esum
429 3279 580 3333 quem
606 3262 1052 3331 uos'cruriﬁxt‘stis
1079 3261 1224 3331 (Act.
1251 3262 1305 3318 2.
1338 3262 1478 3334 56)?
1503 3265 1582 3316 An
1609 3264 1819 3334 ignoras

217 3370 287 3408 ex
318 3352 483 3408 dictis
506 3353 613 3407 alia
644 3353 711 3407 ad
740 3353 1102 3407 immortalem-
1122 3364 1384 3420 naturam,
1413 3354 1511 3408 alia
1541 3353 1606 3409 ad
1639 3356 1813 3410 incaro

218 3446 496 3500 nationem
531 3443 846 3514 pertinere?
873 3443 928 3500 Si
958 3452 1135 3499 autem
1173 3460 1279 3498 non
1312 3446 1380 3499 ita
1412 3461 1471 3499 se
1500 3461 1586 3500 res
1618 3446 1808 3514 habet,

218 3536 315 3592 sed
355 3537 540 3591 omnia
567 3535 636 3590 de
664 3535 859 3590 deitate
898 3536 1165 3605 accipias,
1201 3537 1362 3591 Deum
1393 3537 1692 3606 passibilem
1723 3538 1808 3592 in-

219 3628 425 3683 duces:
459 3628 505 3682 si
534 3642 667 3682 vero
695 3641 805 3681 non
840 3627 1123 3696 passibilis,
1155 3643 1262 3681 non
1295 3627 1464 3682 factus
1494 3629 1673 3698 utique
1702 3641 1802 3683 est.

220 3719 351 3775 Nam
386 3720 432 3775 si
457 3736 523 3774 ex
556 3719 732 3774 divina
764 3731 817 3774 et
849 3718 1096 3774 ineffabili
1129 3729 1314 3775 natura
1343 3720 1555 3790 sanguis
1582 3721 1804 3776 elllnxe-

220 3812 323 3877 rit,
350 3822 407 3867 et
444 3812 490 3866 si
529 3812 648 3866 vice
687 3812 860 3866 carnis
912 3812 1023 3882 ipsa
1052 3812 1103 3866 in
1135 3828 1293 3867 cruce
1320 3813 1485 3868 clavis
1552 3812 1803 3867 transﬁxa

219 3904 534 3959 etdissecta
582 3904 689 3970 sit,
738 3904 943 3958 ratione
988 3904 1168 3958 nixum
1200 3918 1284 3960 est
1329 3905 1596 3975 sophisma
1631 3914 1800 3960 tuum.

220 3995 368 4063 Quod
395 3995 441 4049 si
470 4010 539 4049 ne
568 3994 813 4049 diabolus
836 3995 1048 4067 quidem
1081 3997 1149 4049 ita
1196 3997 1644 4065 blasphemaverit
1663 4037 1678 4061 ,
1706 4012 1804 4051 cur

220 4088 596 4160 inexpiabilem
620 4088 968 4158 ignorantiam
995 4088 1235 4152 simulas,
1259 4089 1401 4159 quali
1430 4104 1498 4143 ne
1530 4089 1803 4142 tia-mones

224 4178 443 4247 quidem
492 4193 723 4249 unquam
761 4178 839 4232 usi
880 4177 1042 4231 sunt?
1073 4177 1335 4232 Prmterea
1363 4178 1477 4231 haec
1501 4220 1516 4245 ,
1549 4178 1804 4233 Dominus

222 4278 273 4322 et
298 4267 569 4333 Christus,
598 4283 702 4323 non
736 4266 1321 4333 suutsubstanttte,sed
1348 4268 1648 4336 dignitatis;
1674 4267 1807 4322 alte-

221 4374 339 4414 rum
368 4359 513 4416 enim
540 4368 623 4415 est
648 4359 925 4429 potentite,
962 4360 1189 4413 alterum
1248 4357 1532 4412 unctionis.
1564 4358 1698 4427 Quid
1729 4375 1807 4414 οτι

218 4465 288 4521 go
312 4450 516 4506 dixeris
546 4450 615 4506 de
644 4449 783 4514 Filio
815 4450 946 4505 Dei?
973 4448 1107 4504 Nam
1155 4449 1200 4504 si
1245 4458 1455 4504 creatus
1479 4451 1579 4515 sit,
1608 4462 1666 4506 ut
1708 4467 1805 4506 vos

219 4540 400 4595 dicitis
420 4582 438 4606 ,
468 4541 672 4595 nullum
721 4540 822 4595 hoc
854 4538 1077 4594 haberet
1110 4539 1306 4595 locum.
1338 4539 1452 4594 Non
1484 4542 1625 4596 enim
1657 4542 1804 4611 prius

217 4629 396 4686 factus
426 4641 509 4686 cst
532 4671 548 4695 ,
580 4640 634 4687 et
662 4640 784 4685 tunc
813 4629 955 4684 Deus
989 4630 1162 4701 ipsum
1190 4630 1485 4696 ordinavit;
1510 4647 1681 4700 neque
1707 4633 1804 4687 ah-

210 4722 416 4793 jectum
448 4721 611 4777 habet
658 4721 1006 4792 principium,
1050 4720 1143 4777 sed
1171 4736 1237 4775 ex
1277 4731 1461 4777 natura
1491 4731 1651 4791 atque
1677 4722 1804 4777 sub-

214 4816 435 4870 stantia.
460 4813 822 4884 Interrogatus
848 4814 988 4866 enim
1012 4827 1138 4866 num
1160 4827 1250 4865 rex
1273 4822 1415 4867 esset
1438 4853 1453 4877 ,
1484 4810 1597 4883 Ego
1626 4811 1680 4866 in
1710 4812 1804 4867 hoc

216 4914 368 4960 natus
391 4919 503 4959 sunt
530 4902 719 4975 (Joan.
747 4901 832 4958 18.
861 4903 929 4958 57
947 4899 968 4976 )
988 4944 1004 4969 ,
1035 4903 1224 4972 inqult.
1249 4901 1439 4958 Petrus
1457 4912 1637 4957 autem
1657 4904 1807 4972 quasi

299 5017 356 5079 a)
380 5022 629 5079 mteruum
652 5014 1453 5079 rerumntvsttnmwmemorat
1473 5013 1696 5079 Irenazns
1711 5013 1807 5079 1,2,

212 5092 261 5130 c.
286 5073 381 5139 ης
418 5076 631 5128 Verbum
652 5073 947 5140 prolatitium
967 5112 981 5137 ,
1005 5073 1233 5140 ᾳρργορξιρν,
1258 5074 1475 5138 appellat
1503 5073 1811 5140 Theophilus

216 5135 583 5210 Antiocheptts,
606 5135 681 5210 μί
697 5140 786 5210 illi
810 5152 837 5210 ;¹
859 5141 920 5210 et
954 5135 1163 5187 Subinde
1186 5135 1264 5210 lue
1291 5135 1447 5210 voces
1474 5137 1537 5210 ab
1554 5135 1814 5210 haereticis

218 5203 429 5252 mxima
453 5201 803 5265 frequentatae,
823 5201 1037 5310 “eme
1070 5201 1352 5262 proscripta:
1384 5204 1518 5268 sunt.
1554 5201 1698 5245 Erant
1721 5201 1804 5258 qui

218 5262 444 5312 (ﬁcerent
462 5270 658 5329 patrem
675 5269 791 5312 ante
822 5272 903 5310 mu
986 5258 1314 5329 _creatio_nem
1336 5257 1573 5329 habuisse
1591 5255 1811 5329 verbum

219 5332 439 5387 ῌιάθησν,
453 5323 736 5375 internum:
763 5329 816 5372 et
836 5320 1035 5387 quando
1055 5320 1288 5370 mundum
1308 5320 1533 5387 creavit,
1541 5315 1814 5387 protulisse

219 5376 439 5436 Verbum
465 5399 612 5436 suum
635 5420 650 5445 ,
676 5391 729 5435 et
751 5376 1053 5452 tunéfuisse
1087 5393 1315 5452 timeas»,
1354 5376 1814 5452 prolatitittnt._sem

392 5461 430 5497 in
450 5459 513 5496 ιιι
536 5442 740 5496 uno...
757 5484 771 5503 .
792 5443 989 5494 uerbum
1011 5442 1307 5507 prolatitium
1325 5446 1377 5507 et
1392 5442 1653 5507 internum,
1669 5444 1817 5507 prout

219 5495 694 5574 sit
708 5495 962 5574 memorat
983 5495 1266 5574 Plutarchus
1286 5500 1476 5574 ,_libro,
1500 5496 1634 5562 quod
1668 5495 1820 5546 Philo-

217 5570 402 5631 sophus
431 5568 858 5631 demtmexime
879 5563 1347 5631 minsipgesalloqui-
1406 5620 1420 5631 .
1565 5617 1598 5631 η
1780 5619 1792 5630 .

276 5617 369 5695 '(Ef
380 5617 623 5695 equidem
655 5627 774 5677 illud
792 5663 806 5686 ,
835 5617 895 5675 ni
914 5617 1154 5687 principio
1172 5617 1278 5674 erui
1308 5620 1534 5681 uerbum,
1562 5617 1734 5668 Graece
1754 5619 1823 5669 sic

215 5693 526 5757 exprimitur,
546 5694 595 5742 ἐν
627 5702 719 5754 an;
740 5695 784 5749 ιν
806 5699 826 5738 δ
849 5702 977 5748 Λόγος.

215 5203 429 5265 maxime
453 5199 803 5265 frequentatae,
823 5200 906 5249 ide

1345 245 1414 303 IN
1448 246 1760 308 JOANNEM
1791 253 2029 313 ROMIL.
2075 255 2159 312 lll.
2201 258 2271 316 al.
2312 257 2375 314 ll.
3464 278 3533 332 43

1936 367 2005 422 de
2030 367 2258 437 quodam
2303 369 2391 439 qui
2432 368 2705 428 ordinatus
2733 374 2802 429 sit
2828 373 3060 446 loquitur
3131 395 3261 437 nam
3291 383 3359 439 de
3382 401 3529 444 meo.

1937 458 2111 510 nomia
2137 498 2150 521 ,
2180 458 2292 513 sive
2318 459 2384 514 de
2415 458 2742 518 humanitate
2772 464 2867 535 ipsi
2894 480 3075 524 sermo
3105 481 3211 528 est.

2003 547 2057 601 4.
2086 546 2191 603 Cur
2238 548 2419 604 Petrus
2463 550 2677 608 Judwos
2723 556 2980 627 alloquens
3022 558 3089 613 de
3130 562 3337 618 Christo
3365 577 3419 620 ut
3456 568 3521 623 de

1933 639 2152 710 simplici
2180 642 2381 695 homine
2410 644 2568 697 multa
2599 647 2662 699 sit
2689 647 2899 703 locutus.
2933 647 3170 705 Christus
3195 654 3248 707 in
3278 668 3518 726 quantum

1936 725 2102 784 Filius
2130 728 2228 783 Dei
2260 741 2364 798 est,
2398 750 2498 788 non
2536 745 2728 790 creatus
2754 747 2844 790 est.
2869 740 3156 810 —Ecquid
3192 725 3404 801 miraris
3425 788 3441 816 ,
3471 751 3515 804 si

1934 820 2123 876 Petrus
2151 823 2201 878 id
2229 824 2402 879 dicat?
2424 825 2557 881 Nam
2586 827 2777 883 Paulus
2806 830 3163 888 Atheuienses
3190 835 3469 907 alloquens
3495 882 3511 900 .

1932 914 2104 970 virum
2134 915 2307 984 ipsum
2339 928 2538 972 tantum
2582 921 2813 990 appellat
2839 922 3023 979 dicens
3051 943 3065 980 :
3099 924 3167 980 In
3207 928 3312 981 uiro
3338 930 3390 983 in
3413 948 3514 995 quo

1929 1008 2107 1059 statuit
2146 1007 2297 1075 ﬁdem
2322 1009 2546 1074 praebens
2575 1012 2837 1079 omnibus,
2877 1017 3125 1070 suscitans
3161 1034 3276 1072 eum
3304 1038 3336 1072 a
3376 1037 3508 1074 inor.

1932 1097 2031 1149 tuis
2062 1096 2210 1167 (Act.
2253 1099 2429 1173 17,551
2457 1098 2473 1168 )
2504 1118 2517 1153 :
2546 1101 2784 1172 nihilque
2808 1104 2874 1158 de
2906 1104 3074 1159 forma
3119 1108 3211 1163 Dei
3239 1110 3472 1180 loquitur
3491 1154 3507 1180 ,

1934 1200 2108 1254 neque
2140 1186 2250 1240 Deo
2281 1188 2536 1255 mqualem
2569 1188 2729 1256 dicit,
2761 1208 2932 1261 neque
2976 1195 3120 1264 quod
3157 1199 3223 1251 sit
3260 1201 3511 1269 Splendor

1931 1274 2117 1343 gloria:
2138 1276 2288 1344 ejus;
2318 1276 2474 1348 idque
2500 1279 2715 1332 merito.
2741 1280 2985 1336 Nondum
3006 1286 3145 1338 enim
3168 1297 3371 1358 tempus
3397 1290 3511 1345 lucc

1934 1364 2147 1418 dicendi
2177 1377 2423 1429 venerat;
2453 1367 2544 1422 sed
2574 1370 2704 1423 satis
2734 1369 2907 1426 adhuc
2942 1384 3057 1427 erat
3076 1416 3092 1441 ,
3121 1388 3176 1430 nt
3217 1378 3385 1448 ipsum
3413 1382 3510 1435 hoc

1939 1454 2135 1508 minem
2180 1471 2299 1510 esse
2326 1466 2379 1510 et
2403 1461 2768 1516 rcsnrrexisse
2809 1462 3169 1520 admitterent.
3198 1469 3288 1524 Sic
3314 1483 3366 1525 et
3402 1473 3511 1541 ipse

1935 1545 2180 1599 Christus
2208 1547 2361 1611 fecit;
2387 1564 2416 1601 a
2444 1564 2551 1616 quo
2577 1549 2798 1604 edoctus
2819 1551 3014 1606 Paulus
3039 1596 3052 1617 ,
3086 1558 3155 1609 ita
3184 1574 3268 1612 res
3299 1560 3509 1630 diSpen-

1925 1637 2096 1691 Sabat.
2127 1638 2240 1692 Non
2269 1640 2407 1693 enim
2440 1641 2618 1693 statim
2651 1642 2806 1696 nobis
2836 1643 3085 1698 deitatem
3117 1664 3265 1703 suam
3298 1655 3504 1711 revela-

1922 1726 2031 1792 vit,
2077 1727 2170 1782 scd
2201 1730 2346 1797 prius
2372 1730 2628 1800 propheta
2660 1741 2715 1787 et
2760 1732 3004 1790 Christus
3039 1738 3054 1768 ¹
3086 1738 3308 1809 simplex
3345 1743 3505 1803 homo

1922 1817 2235 1887 putabatur;
2262 1819 2457 1877 deinde
2487 1832 2540 1875 et
2568 1823 2745 1877 verbis
2773 1832 2826 1877 et
2849 1827 3103 1894 operibus
3134 1830 3184 1884 id
3214 1834 3353 1900 quod
3381 1852 3503 1893 vere

1919 1916 2033 1961 erat
2057 1910 2308 1964 ostendit.
2340 1910 2465 1965 Ideo
2496 1912 2686 1965 Petrus
2717 1914 2768 1965 in
2792 1914 3054 1983 principio
3085 1917 3186 1973 hoc
3210 1922 3375 1977 utitur
3394 1942 3506 1979 mo-

1917 1997 2017 2053 do:
2043 2016 2164 2053 nam
2186 2002 2322 2056 hanc
2343 2005 2575 2072 priorem
2595 2005 2616 2035 ²
2639 2003 2703 2057 ad
2726 2003 2945 2059 Judaeos
2966 2010 3278 2066 concionem
3304 2014 3503 2071 habuit.

1919 2093 2052 2161 Quia
2094 2096 2237 2149 enim
2265 2096 2333 2150 de
2359 2096 2639 2151 divinitate
2679 2096 2797 2163 ejus
2828 2097 2960 2152 nihil
2989 2099 3243 2158 hactenus
3267 2105 3506 2163 ediscere

1925 2196 2230 2255 potuerant,
2258 2188 2378 2241 ideo
2403 2187 2470 2242 de
2490 2186 2684 2241 Christi
2710 2186 2937 2242 lmmana
2964 2200 3152 2246 natura
3176 2195 3335 2250 verba
3361 2197 3501 2266 facit,

1921 2285 1980 2330 ut
2005 2275 2088 2331 bis
2111 2277 2432 2331 exercitatus
2460 2276 2701 2339 auditus,
2730 2276 2796 2331 ad
2823 2278 3079 2349 reliquam
3107 2284 3501 2354 percipiendam

1917 2365 2214 2421 doctrinam
2238 2375 2530 2437 aptaretur.
2555 2365 2708 2434 Quod
2732 2368 2775 2420 si
2797 2368 2916 2436 quis
2939 2371 3166 2426 voluerit
3188 2382 3350 2428 totam
3372 2390 3499 2430 eon-

1914 2462 2120 2516 ciouem
2141 2461 2299 2516 altius
2318 2471 2591 2531 repetere,
2622 2464 2671 2518 id
2702 2465 2843 2534 quod
2864 2463 2984 2519 dico
3013 2469 3356 2538 conspicuum
3379 2486 3500 2527 esse

1915 2552 2169 2609 inveniet.
2198 2549 2330 2609 Nam
2356 2565 2411 2611 et
2430 2557 2601 2610 virum
2634 2556 2780 2611 illum
2807 2567 2996 2623 vorat,
3029 2559 3203 2629 deque
3228 2562 3495 2630 passione,

1913 2648 2339 2717 resurrectione,
2367 2656 2421 2702 et
2449 2650 2794 2718 generatione
2822 2650 3116 2706 secundum
3139 2667 3354 2707 carnem
3379 2655 3497 2723 plu-

1916 2734 2066 2789 ribus
2107 2736 2237 2806 agit.
2268 2736 2462 2791 Paulus
2495 2753 2621 2792 vero
2651 2755 2770 2793 cum
2803 2741 2965 2802 dicit,
3001 2739 3102 2808 Qui
3144 2745 3309 2812 [actus
3337 2753 3408 2799 est
3437 2763 3501 2800 ex

1911 2825 2103 2879 semine
2138 2824 2307 2879 David
2354 2828 2626 2881 secundum
2669 2844 2874 2883 carnem
2919 2828 3106 2902 (Rom.
3139 2833 3191 2887 1.
3229 2833 3332 2901 5).
3367 2833 3497 2890 nihil

1913 2914 2058 2968 aliud
2090 2931 2188 2969 nos
2214 2916 2371 2970 docet
2394 2957 2408 2979 ,
2436 2933 2596 2987 quam
2617 2919 2755 2988 quod
2782 2919 2908 2973 illud
2931 2961 2948 2987 ,
2980 2919 3155 2986 Fecit,
3189 2922 3256 2978 de
3283 2938 3502 2978 meoun-

1915 3004 2020 3057 mia
2044 3003 2243 3056 dictum
2267 3005 2364 3067 sit;
2393 3006 2443 3058 id
2471 3006 2608 3075 quod
2635 3009 2793 3061 etiam
2817 3024 2914 3061 nos
2935 3012 3271 3065 coalitemur.
3292 3012 3489 3070 Verum

1920 3091 2062 3145 ﬁlius
2090 3093 2308 3145 tonitrui
2337 3093 2404 3147 de
2447 3095 2696 3148 inell‘abili
2738 3109 2793 3149 et
2815 3106 2940 3150 ante
2966 3101 3157 3151 saecula
3186 3105 3499 3160 exsistentia

1925 3197 2065 3236 nunc
2089 3197 2185 3236 nos
2214 3182 2520 3248 alloquitur.
2555 3183 2679 3239 Ideo
2708 3186 2801 3239 illo
2825 3226 2839 3250 ,
2873 3185 3055 3253 Fecit,
3086 3190 3272 3244 relicto
3295 3232 3311 3257 ,
3342 3191 3463 3245 Erat
3482 3236 3500 3262 ,

1921 3272 2073 3327 dixit.
2101 3272 2391 3343 Oportebat
2413 3275 2552 3328 enim
2571 3316 2586 3339 ,
2615 3277 2659 3329 si
2682 3287 2919 3331 creatum
2948 3277 3162 3347 fuisset,
3192 3280 3241 3334 id
3265 3282 3499 3341 maxime
3528 3290 3537 3295 “

1917 3366 2159 3422 delinire.
2192 3364 2249 3421 Si
2288 3365 2430 3421 enim
2463 3367 2655 3423 Paulus
2688 3368 2859 3423 timuit
2893 3385 2959 3423 ne
2986 3374 3106 3441 quis
3132 3387 3195 3426 ex
3233 3373 3491 3442 insipien-

1917 3459 2055 3514 tibus
2075 3458 2432 3529 suSpicaretur
2455 3458 2642 3514 Filium
2670 3460 2825 3515 Patre
2845 3461 3102 3531 majorem
3129 3463 3267 3529 fore,
3300 3475 3354 3519 et
3389 3466 3492 3523 Ge-

1913 3551 2142 3604 nitorem
2173 3549 2276 3604 sibi
2318 3550 2612 3620 subjectum
2663 3551 2969 3606 habiturum
3007 3569 3173 3611 esse:
3222 3572 3344 3613 nam
3377 3558 3497 3615 ideo

1910 3641 2201 3698 Corinthiis
2227 3642 2466 3696 scribens
2493 3642 2704 3697 dicebat
2728 3658 2742 3698 :
2774 3642 2899 3698 Cum
2928 3656 3096 3700 autem
3124 3648 3282 3713 dicit,
3315 3648 3492 3720 Subje-

1908 3743 1990 3786 cta
2013 3741 2162 3799 sunt,
2198 3732 2305 3786 sine
2330 3730 2479 3785 dubia
2514 3742 2697 3803 praeter
2727 3750 2839 3788 eum
2873 3735 2960 3804 qui
3001 3737 3210 3807 subjecit
3245 3739 3291 3790 ei
3320 3741 3494 3796 omnia

1908 3825 1998 3894 (l.
2025 3822 2143 3879 Cor.
2169 3824 2254 3879 15.
2282 3822 2371 3880 26.
2398 3825 2466 3879 27
2485 3827 2503 3895 )
2525 3841 2538 3889 ;
2562 3826 2708 3896 atqui
2732 3828 2853 3895 quis
2880 3828 3243 3897 suspicaretur
3273 3829 3486 3889 Patrem

1906 3933 2024 3971 eum
2063 3916 2314 3971 omnibus
2342 3916 2636 3985 subjectum
2669 3918 2780 3971 fore
2811 3916 2988 3973 Filio?
3018 3929 3070 3974 et
3107 3931 3285 3975 tamen
3315 3921 3359 3976 si
3391 3921 3490 3976 has

1906 4006 2166 4061 absurdus
2190 4004 2525 4072 suspiciones
2560 4006 2737 4058 timuit
2765 4015 2819 4060 et
2844 4007 2969 4062 dicit
2994 4048 3009 4070 ,
3045 4007 3244 4063 Praeter
3266 4027 3379 4064 eum
3406 4016 3494 4077 qui

1906 4098 2115 4169 subjecit
2136 4096 2181 4149 ei
2205 4095 2413 4158 omnia;
2442 4095 2607 4148 multo
2630 4095 2796 4164 magis
2820 4095 3100 4162 Joannem,
3126 4099 3171 4152 si
3198 4099 3366 4153 Filius
3393 4100 3488 4157 Dei

1907 4198 2115 4244 creatus
2144 4187 2332 4240 fuisset
2354 4224 2370 4250 ,
2403 4185 2590 4239 timere
2637 4186 2934 4251 oportebat,
2964 4202 3031 4240 ne
3056 4188 3172 4256 quis
3198 4189 3369 4256 ipsum
3402 4188 3484 4242 iu-

1908 4289 2145 4334 creatutn
2174 4286 2403 4346 putaret,
2434 4274 2673 4344 illudque
2692 4289 2804 4345 pra:
2831 4276 3078 4329 omnibus
3106 4276 3321 4333 docere.
3355 4277 3495 4340 Cum

1908 4379 2086 4424 autem
2120 4366 2332 4437 genitus
2361 4366 2450 4429 sit,
2474 4365 2595 4435 jure
2623 4379 2794 4432 neque
2817 4365 2949 4434 ipse,
2979 4380 3153 4435 neque
3180 4367 3318 4422 alius
3348 4370 3496 4438 quis-

1911 4459 2072 4529 piam,
2092 4455 2177 4510 vel
2200 4456 2470 4525 apostolus
2490 4455 2570 4510 vel
2595 4454 2852 4525 prapheta
2875 4464 3111 4510 creatum
3134 4456 3304 4522 ipsum
3330 4457 3495 4519 fuisse

1911 4548 2059 4603 dicit.
2090 4545 2203 4599 lmo
2246 4561 2415 4615 neque
2444 4547 2556 4615 ipse
2587 4544 2901 4615 Uuigenitus
2927 4544 2977 4599 id
3012 4547 3441 4614 prn-termisisset
3471 4594 3490 4618 ,

1912 4638 1956 4691 si
1982 4644 2198 4691 creatus
2219 4651 2343 4692 vere
2367 4635 2572 4691 fuisset.
2596 4635 2694 4702 Qui
2713 4636 2855 4691 enim
2886 4645 2991 4689 tam
3019 4634 3235 4689 humilia
3259 4651 3380 4691 sese
3399 4637 3502 4692 de-

1913 4726 2177 4782 mittendo
2207 4726 2471 4796 loquitur,
2512 4725 2679 4781 multo
2719 4727 2896 4780 minus
2936 4724 2988 4778 id
3048 4724 3318 4779 tacuisset.
3355 4724 3485 4784 Nam

1918 4817 2271 4872 verisimilius
2302 4827 2430 4887 puto
2461 4819 2633 4886 ipsum
2677 4831 2834 4887 quam
2885 4814 3103 4869 haberet
3132 4818 3492 4885 praestantiam

1913 4911 2089 4979 potius
2122 4910 2348 4964 tacuisse
2371 4950 2387 4975 ,
2428 4924 2586 4978 quam
2616 4908 2661 4962 si
2698 4922 2805 4960 non
2838 4906 3058 4960 haberet
3100 4906 3153 4962 id
3181 4911 3482 4977 praetermi-

1914 5002 2049 5057 sisse
2068 5041 2084 5063 ,
2113 5016 2212 5056 nee
2233 5000 2566 5070 signiﬁcasse
2591 4997 2642 5051 id
2664 5012 2724 5050 se
2754 5012 2858 5049 non
2886 4993 3100 5053 habere.
3129 4997 3237 5054 Illic
3261 5013 3493 5055 consen-

1914 5102 2068 5149 tanea
2094 5091 2303 5148 tacendi
2325 5104 2485 5145 causa
2508 5095 2646 5151 erat,
2677 5086 2817 5156 quod
2847 5086 3004 5144 vellet
3022 5089 3219 5146 docere
3251 5090 3502 5150 homines

1915 5184 2268 5243 humilitatem
2295 5222 2311 5245 ,
2355 5181 2583 5246 ideoque
2608 5177 2966 5247 prmalantiam
2998 5195 3150 5235 suam
3181 5178 3496 5249 obtegeret;

1914 5272 2006 5328 hic
2037 5282 2219 5327 autem
2260 5284 2330 5324 ne
2368 5267 2645 5322 minimam
2677 5265 2894 5335 quidem
2926 5267 3262 5336 probabilem
3294 5275 3501 5329 tacendi

1918 5378 2136 5420 causam
2183 5360 2367 5414 dicere
2411 5355 2603 5424 possis.
2634 5356 2741 5410 Cur
2779 5354 2924 5411 enim
2953 5360 2997 5415 si
3025 5369 3236 5418 creatus
3265 5369 3415 5425 erat,
3445 5376 3505 5421 se

1987 5561 2006 5592 ί
2033 5560 2185 5619 Juxta
2201 5547 2343 5600 savii.
2369 5555 2424 5598 et
2445 5545 2559 5595 Cod.
2593 5549 2706 5612 706,
2733 5552 2991 5613 teget-eun
3015 5563 3179 5616 recte,
3199 5553 3370 5606 W8.
3394 5560 3519 5619 μθ.

1927 5616 2163 5681 ηπίξεως
2268 5668 2280 5679 .

1992 5665 2177 5734 (Vox,
2202 5668 2436 5730 priorem,
2460 5665 2602 5719 deest
2625 5671 2674 5719 in
2702 5667 2997 5731 quihusdam
3034 5683 3143 5726 Mss.
