4000 6210
747 311 814 364 Β
1507 297 1564 354 S.
1604 294 1881 352 JOANNIS
1918 284 2392 349 CllRYSOSTOMl
2429 283 2745 343 ARCHIEP.
2785 285 3315 343 CONSTANTINOI’.

755 423 950 476 factum
983 433 1104 474 esse
1147 415 1436 482 tacuisset,
1487 416 1576 486 qui
1625 415 1793 469 multa
1838 413 1939 467 sibi
1989 408 2333 480 congruentia

755 510 1239 582 praetermittebat?
1265 509 1448 579 itaque
1469 509 1513 563 is
1528 507 1617 578 qui
1643 507 1710 562 ad
1739 506 2037 562 docendum
2061 501 2334 556 humilita-

759 613 864 658 tem
887 604 1117 672 abjecta,
1141 601 1242 655 sibi
1265 616 1374 656 non
1403 595 1794 671 competentia;
1811 613 1953 667 szepe
1978 595 2131 661 dixit,
2165 593 2334 649 multo

757 697 946 770 magis,
973 696 1016 750 si
1040 703 1251 750 creatus
1275 692 1486 758 fuisset,
1511 692 1561 746 id
1587 707 1690 746 non
1720 689 2176 760 praetermissurus
2196 693 2331 740 erat.

754 787 943 843 Nonm:
971 788 1118 840 vides
1152 786 1357 854 ipsum,
1403 799 1470 838 ne
1493 785 1613 852 quis
1644 782 1935 851 ingenitum
1965 779 2336 848 suspicaretur

753 877 882 931 nihil
915 892 1018 928 non
1053 885 1298 942 agentem
1328 883 1382 928 et
1413 872 1700 937 dicentem,
1737 871 1844 925 imo
1873 869 2086 937 indigna
2113 868 2335 936 loquen-

758 978 865 1023 tem
895 983 987 1022 sua
1031 967 1285 1037 dignitate
1313 973 1368 1020 et
1414 964 1705 1018 substantia
1737 964 1753 994 ³
1774 1003 1790 1029 ,
1819 972 1976 1032 atque
2022 961 2073 1014 in
2102 956 2332 1028 prophe-

753 1069 820 1114 ta:
846 1058 1199 1112 humilitatem
1229 1071 1348 1110 sese
1374 1055 1789 1110 demittentem?
1823 1053 1950 1108 Illud
1979 1052 2154 1115 enim,
2189 1050 2333 1105 Sicut

751 1149 928 1212 audio,
953 1149 1166 1218 judico:
1194 1155 1249 1201 el.
1287 1145 1413 1200 illud
1433 1187 1448 1208 ,
1482 1144 1585 1199 Ille
1613 1145 1736 1198 mihi
1764 1144 1890 1197 didit
1932 1143 2055 1212 quid
2096 1143 2261 1196 dicant
2288 1149 2335 1194 et

749 1238 873 1309 quid
896 1241 1072 1307 loquar
1093 1234 1283 1303 (Joan.
1313 1236 1366 1290 5.
1397 1236 1485 1290 50.
1535 1245 1580 1288 et
1609 1233 1694 1288 12.
1724 1233 1793 1288 49
1815 1234 1856 1304 ),
1890 1241 1944 1287 et
1970 1232 2182 1297 similia,
2215 1247 2336 1300 pro-

753 1329 1032 1398 phetarum
1063 1337 1268 1379 tantum
1298 1325 1457 1378 verba
1482 1335 1627 1378 sunt.
1653 1324 1707 1378 Si
1731 1339 1860 1393 ergo
1885 1333 1940 1376 ut
1964 1323 2099 1377 hanc
2125 1323 2336 1377 tolleret

753 1419 1112 1489 suspicionem
1135 1457 1150 1482 ,
1193 1426 1301 1470 tam
1332 1415 1552 1470 humilia
1582 1415 1819 1484 proferre
1852 1413 2014 1469 verba
2046 1428 2150 1468 non
2179 1413 2332 1468 dedi-

751 1518 940 1576 gnatus
965 1517 1045 1562 est
1081 1527 1094 1562 :
1141 1507 1307 1560 multo
1351 1507 1519 1575 magis
1539 1548 1554 1572 ,
1597 1507 1641 1559 si
1673 1515 1884 1560 creatus
1911 1515 2091 1568 esset,
2120 1519 2188 1559 ne
2217 1503 2336 1574 quis

753 1595 1046 1648 increatum
1078 1592 1227 1644 illum
1249 1591 1635 1660 suSpicaretur,
1660 1590 1829 1643 multa
1853 1589 2047 1643 similia
2077 1588 2334 1653 dixisset;

753 1683 899 1736 verbi
931 1698 1087 1736 causa
1113 1721 1127 1745 ,
1156 1680 1330 1734 Nolite
1362 1690 1547 1748 putare
1575 1694 1661 1733 me
1681 1678 1921 1748 genitum
1945 1692 2066 1733 esse
2087 1693 2116 1730 a
2139 1677 2331 1742 Patre;

755 1789 878 1828 nam
910 1773 1078 1826 factus
1098 1813 1113 1831 ,
1149 1786 1254 1825 non
1303 1772 1514 1840 genitus
1559 1783 1674 1823 sum
1698 1811 1712 1836 ,
1742 1784 1915 1839 neque
1957 1783 2024 1824 ex
2053 1768 2239 1823 eadem
2270 1783 2335 1821 ex

752 1881 854 1935 qua
879 1865 966 1918 ille
984 1863 1300 1917 substantia.
1326 1861 1478 1915 Nunc
1498 1872 1675 1916 autem
1701 1862 1925 1915 omnino
1950 1871 2140 1915 contra
2167 1861 2291 1915 facit
2317 1877 2330 1925 ;

754 1973 874 2011 nam
914 1972 977 2010 ea
1019 1955 1285 2024 loquitur,
1314 1969 1433 2023 quae
1462 1954 1545 2007 vel
1575 1954 1770 2007 invitos
1795 1963 1989 2023 cogant
2019 1953 2084 2008 ad
2115 1963 2336 2007 contra-

753 2048 886 2102 riam
929 2045 1353 2115 amplectendam
1392 2044 1752 2106 sententiam;
1795 2053 1852 2097 ut
1882 2059 2107 2113 nempe:
2145 2043 2254 2115 Ego
2283 2045 2336 2098 iu

761 2138 936 2204 Patre,
979 2149 1024 2192 et
1050 2137 1210 2192 Pater
1230 2137 1284 2191 in
1312 2153 1390 2190 tne
1411 2135 1597 2204 (Joan.
1629 2137 1716 2190 M.
1747 2136 1881 2206 10);
1910 2145 1991 2200 et,
2024 2135 2067 2189 Τ
2071 2148 2189 2190 auto
2216 2146 2336 2190 tent-

754 2247 874 2302 pore
901 2230 1151 2283 uobiscum
1175 2245 1307 2294 sum,
1327 2238 1372 2281 et
1394 2244 1494 2281 non
1521 2227 1793 2296 cognouisti
1811 2244 1907 2294 me,
1927 2225 2169 2297 Philippe
2184 2228 2210 2282 1’
2239 2226 2336 2292 Qui

754 2323 884 2375 videt
922 2336 1027 2385 me,
1060 2320 1190 2373 videt
1214 2331 1259 2373 et
1291 2317 1495 2372 Patrem
1521 2317 1693 2390 (Ibid.
1718 2317 1817 2389 9);
1841 2329 1894 2373 et
1919 2359 1934 2385 ,
1973 2318 2038 2373 Ut
2055 2336 2225 2374 omnes
2253 2321 2338 2374 ho-

755 2420 930 2464 norent
959 2409 1003 2463 F
1006 2411 1167 2473 ilium,
1192 2410 1318 2464 sicut
1359 2409 1605 2463 honorant
1636 2409 1841 2462 Patrem
1870 2408 1981 2479 (Id.
2006 2411 2058 2466 5.
2081 2411 2194 2482 23).
2220 2413 2338 2466 Sic-

754 2513 810 2556 ut
837 2501 996 2556 Pater
1021 2503 1231 2555 suscitat
1261 2513 1518 2570 mortuos,
1566 2512 1612 2558 et
1648 2505 1868 2569 viviﬁcat
1891 2520 1910 2558 :
1937 2504 2009 2559 sic
2053 2515 2100 2558 et
2130 2504 2295 2560 Filius
2318 2547 2333 2572 ,

753 2611 876 2665 quos
921 2595 1060 2660 vult’,
1102 2596 1317 2664 viviﬁcat
1367 2595 1542 2665 (Ibid.
1595 2594 1718 2668 2|).
1780 2595 1936 2651 Pater
1992 2615 2131 2652 meus
2180 2615 2338 2669 usque

754 2687 902 2738 modo
945 2697 1182 2754 operatur
1205 2727 1218 2750 ,
1264 2697 1310 2740 et
1339 2703 1429 2757 ego
1472 2703 1653 2756 aperor
1695 2686 1868 2757 (Ibid.
1903 2689 2001 2758 l7)
2030 2729 2043 2743 .
2069 2689 2214 2744 Sicut
2241 2707 2336 2744 no-

754 2778 820 2829 vit
843 2792 920 2829 me
949 2774 1126 2840 Pater,
1158 2787 1205 2830 et
1227 2793 1317 2848 ego
1347 2793 1497 2831 nosco
1519 2775 1749 2832 Patrem.
1779 2778 1891 2848 Ego
1916 2788 1963 2832 et
1993 2778 2148 2834 Pater
2179 2797 2336 2835 unum

753 2886 929 2924 sunms
951 2869 968 2940 (
994 2866 1076 2922 Id.
1101 2870 1189 2936 l0,
1212 2869 1295 2924 ~15.
1314 2879 1360 2923 et
1383 2869 1494 2940 50).
1523 2869 1587 2924 Et
1615 2871 1808 2942 ubique
1822 2871 1965 2926 Sicut
1986 2881 2036 2927 et
2061 2871 2146 2926 Ita
2165 2874 2332 2943 ponit,

755 2963 989 3031 dicitque
1017 2978 1074 3017 se
1104 2974 1158 3017 et
1187 2961 1406 3018 Patrem
1457 2978 1619 3018 unum
1663 2978 1782 3018 esse
1803 3005 1818 3030 ,
1853 2965 2161 3036 nullamque
2212 2981 2333 3021 esse

752 3055 1104 3110 diti‘erentiam
1145 3054 1401 3111 declarat.
1433 3057 1817 3112 Auctoritatem
1858 3074 1986 3112 vero
2013 3069 2067 3113 et
2098 3074 2193 3129 per
2220 3059 2335 3116 luce

756 3155 812 3200 et
842 3160 936 3215 per
973 3146 1074 3199 alia
1131 3145 1280 3216 plura
1325 3144 1693 3213 demonstrat;
1722 3157 1776 3202 ut
1806 3164 1926 3203 cum
1969 3149 2128 3216 dicit,
2160 3149 2294 3206 Tace
2314 3193 2331 3216 ,

756 3237 1073 3302 obmutcsce;
1111 3235 1269 3303 Volo,
1301 3238 1584 3302 mundare;
1617 3237 1730 3292 Tibi
1755 3241 1906 3294 dico:
1937 3240 2104 3295 Surda.
2127 3253 2172 3296 et
2202 3253 2338 3298 mute

751 3329 972 3393 daemon,
1002 3329 1085 3382 exi
1106 3329 1168 3382 ab
1193 3345 1250 3382 eo
1292 3328 1492 3400 (Marc.
1536 3331 1592 3385 4.
1642 3331 1732 3385 59.
1766 3329 1953 3385 Matth.
1983 3334 2035 3387 8.
2066 3334 2120 3388 5.
2167 3333 2332 3390 Marc.

754 3421 808 3474 9.
836 3419 938 3489 24)
967 3438 980 3473 :
1025 3420 1292 3489 illudque,
1325 3421 1550 3474 Audistis
1574 3422 1692 3490 quia
1735 3423 1926 3476 dictum
1967 3435 2038 3479 est
2078 3427 2332 3496 antiquis,

755 3513 878 3568 Non
898 3514 1093 3567 occides
1116 3527 1135 3565 :
1160 3530 1249 3584 ego
1271 3523 1435 3566 autem
1459 3515 1572 3568 dico
1601 3517 1736 3570 vobis
1755 3556 1769 3582 ,
1799 3517 1900 3583 Qui
1927 3519 2163 3572 irascitur
2183 3522 2335 3592 fratri

756 3620 846 3658 suo
884 3605 1104 3672 frustra,
1137 3619 1253 3658 reus
1283 3604 1376 3656 erit
1407 3603 1628 3673 (Matth.
1661 3605 1714 3660 5.
1755 3606 1846 3660 2|.
1878 3605 2000 3677 22).
2027 3609 2337 3680 Similiaque

755 3695 973 3760 statuit,
1004 3701 1058 3748 et
1084 3694 1335 3748 miracula
1367 3695 1512 3761 edit,
1535 3711 1655 3765 qua:
1676 3697 1881 3766 possint
1902 3699 2016 3768 ejus
2041 3704 2331 3770 potentiam

752 3785 1121 3840 demonstrare
1150 3803 1164 3839 :
1210 3788 1317 3840 imo
1348 3786 1434 3842 vel
1473 3788 1691 3842 minima
1718 3791 1932 3858 quidem
1966 3793 2177 3849 illorum
2211 3811 2332 3865 pars

752 3892 848 3933 eos
867 3918 882 3942 ,
905 3878 993 3946 qui
1022 3893 1126 3932 non
1150 3879 1292 3932 omni
1319 3893 1536 3949 prorsus
1558 3894 1720 3935 sensu
1746 3891 1964 3950 carent,
1995 3885 2259 3943 adducere
2279 3898 2335 3945 et

753 3968 1074 4038 persuadere
1104 3969 1292 4038 possit.

824 4059 878 4114 5.
908 4057 1089 4112 Inanis
1115 4057 1291 4130 gloria:
1316 4060 1576 4115 damnum.
1606 4092 1681 4104 —
1717 4063 1916 4120 Verum
1951 4082 2014 4122 ea
2052 4077 2135 4124 est
2159 4070 2335 4126 inanis

750 4149 934 4220 gloriae
958 4152 978 4182 ³
1006 4151 1119 4217 vis,
1168 4159 1225 4206 ut
1265 4152 1347 4206 vel
1392 4151 1445 4206 in
1491 4152 1652 4209 rebus
1695 4155 2140 4214 manifestissimis
2168 4163 2336 4231 possit

751 4258 937 4298 eorum
980 4244 1071 4314 qui
1114 4243 1204 4298 illa
1243 4245 1382 4314 capti
1412 4254 1536 4300 sunt.
1578 4260 1812 4304 mentem
1843 4266 2135 4321 excmcare,
2177 4265 2334 4325 atque

752 4334 858 4388 illis
883 4334 1109 4389 suadere
1128 4375 1142 4398 ,
1185 4342 1244 4388 ut
1270 4335 1431 4390 etiam
1473 4339 1730 4394 adversus
1770 4355 1833 4395 ea
1859 4357 1976 4412 qua:
2006 4345 2056 4398 in
2087 4344 2334 4402 confesso

751 4434 873 4479 sunt
901 4427 1261 4492 contendant;
1294 4429 1551 4499 aliosque,
1605 4435 1796 4501 quibus
1842 4448 1965 4492 nota
2010 4441 2206 4494 veritas
2227 4451 2330 4507 est,

751 4514 816 4568 ad
866 4515 1224 4570 simulandum
1273 4527 1326 4571 et
1377 4528 1559 4574 contra
1605 4523 1879 4580 nitendum
1922 4527 2150 4584 incitet:
2191 4531 2332 4600 quod

750 4607 908 4662 etiam
940 4606 1139 4662 Judzcis
1167 4609 1377 4664 accidit.
1420 4610 1535 4665 Non
1565 4614 1707 4668 enim
1737 4629 1831 4683 per
1869 4617 2218 4686 ignorantiam
2247 4622 2334 4677 Fi-

750 4699 879 4753 lium
911 4699 1003 4753 Dei
1032 4698 1315 4769 negabant,
1340 4700 1433 4756 sed
1473 4713 1531 4757 ut
1558 4705 1697 4774 apud
1727 4707 1913 4778 vulgus
1943 4711 2199 4768 honorem
2233 4716 2332 4771 sibi

750 4792 1113 4847 conciliarent.
1147 4791 1278 4846 Nam
1307 4791 1583 4848 Credebant
1624 4797 1674 4850 in
1718 4814 1829 4852 eum
1859 4799 2037 4869 (Jour.
2084 4805 2172 4860 Η.
2214 4806 2328 4875 42),

751 4884 939 4953 inquit,
971 4883 1064 4939 sed
1093 4885 1348 4941 timebant
1386 4901 1451 4940 ne
1475 4895 1622 4942 extra
1657 4906 1977 4962 synagogam
2011 4895 2199 4952 fierent
2221 4940 2236 4963 ,
2277 4901 2328 4956 in

747 4973 1081 5044 aliorumque
1132 4978 1354 5045 gratiam
1399 4978 1622 5032 salutem
1662 4995 1810 5034 suam
1859 4983 2170 5052 prodebant.
2213 4989 2329 5046 Non

750 5075 923 5133 potest
945 5067 1109 5134 enim,
1141 5084 1244 5121 non
1269 5078 1446 5140 potest
1474 5071 1656 5142 utique
1687 5073 1731 5126 is
1758 5074 1846 5142 qui
1873 5086 2190 5144 prmsentem
2211 5081 2328 5152 glo-

748 5162 883 5217 riam
913 5161 986 5218 ita
1012 5167 1210 5232 captat,
1253 5161 1393 5216 illam
1441 5160 1571 5233 qua:
1599 5177 1630 5219 a
1679 5164 1789 5220 Deo
1815 5175 1897 5222 est
1924 5170 2158 5241 assequi.
2185 5173 2331 5242 Qua-

749 5264 967 5323 propter
1006 5254 1299 5322 increpavit
1327 5269 1418 5310 eos
1464 5255 1546 5310 his
1579 5257 1753 5312 verbis
1784 5276 1796 5311 :
1831 5259 2096 5326 Quomodo
2125 5268 2332 5333 pitestis

747 5345 969 5408 credere,
1013 5346 1099 5411 qui
1142 5346 1356 5413 gloriam
1400 5345 1461 5399 ab
1509 5348 1791 5406 hominibus
1821 5352 2082 5421 accipitis,
2114 5365 2161 5410 et
2190 5356 2330 5410 illam

747 5451 860 5502 qua:
886 5453 918 5488 a
950 5433 1057 5488 Dco
1083 5443 1153 5488 est
1181 5450 1281 5487 non
1319 5437 1541 5503 quaeritis
1567 5436 1746 5506 (Joau.
1775 5441 1833 5508 5,
1861 5441 1993 5514 45)?
2026 5445 2099 5498 Ea
2136 5449 2328 5517 quippe

811 5593 826 5624 ι
863 5591 1079 5650 Quidam,
1103 5589 1300 5653 indigna
1326 5589 1592 5653 loquentem
1624 5607 1710 5643 sua
1747 5594 2024 5648 substmttia.

779 5656 829 5764 ὦ
860 5653 1053 5725 Quidam
1078 5651 1274 5713 habent,
1299 5651 1584 5714 (intuitionis,
1606 5665 1656 5706 et
1679 5655 1778 5719 alii,
1803 5658 2035 5720 avaritite,
2056 5672 2161 5723 pro,
2175 5655 2328 5712 {tenuis

825 5728 928 5767 νιν.

745 5727 928 5778 φονεῖ.

2442 401 2699 474 profunda
2751 403 2992 473 qumdam
3041 402 3272 458 ebrietas
3314 410 3397 458 est
3425 421 3436 454 :
3465 401 3697 472 ideoque
3739 402 3752 456 i

2441 495 2602 549 animi
2635 495 2821 550 morbo
2846 503 3032 566 captus
3053 505 3156 561 est,
3184 494 3403 550 difficile
3430 493 3716 564 resipiscit.
3747 494 3752 548 l

2441 586 2770 654 captivorum
2797 586 3030 640 animam
3062 601 3091 639 a
3113 586 3244 640 czelo
3283 585 3624 647 abscindens,
3656 594 3752 640 teri

2443 691 2541 732 nec
2571 677 2696 730 sinit
2723 693 2900 731 veram
2931 678 3122 731 intueri
3154 678 3355 741 lucem,
3402 676 3497 730 sed
3541 677 3596 731 in
3641 691 3752 731 ca‘er

2443 767 2667 822 volutari
2697 779 2868 832 curat,
2900 769 3148 823 dominos
3177 769 3306 838 ipsis
3347 784 3539 839 parans
3572 769 3644 823 ita
3676 785 3743 839 po

2441 859 2558 915 sine
2592 859 2741 930 jussu
2771 861 2950 929 aliquo
2995 860 3124 930 ipsis
3154 860 3434 929 imperent.
3477 859 3612 914 Nam
3652 860 3698 913 is
3728 878 3752 930 q

2442 952 2584 1008 modi
2624 953 2814 1008 morbo
2846 953 3068 1016 laborat,
3111 953 3273 1007 etiam
3304 951 3514 1006 nemine
3539 951 3752 1022 jubentt

2442 1042 2531 1096 illa
2580 1043 2758 1097 omnia
2799 1043 2979 1107 efllcit,
3037 1058 3156 1113 qua:
3203 1051 3353 1112 putat
3394 1041 3627 1097 dominis
3672 1042 3746 1096 illi

2443 1149 2619 1204 posse.
2653 1133 2868 1189 Illorum
2913 1135 3108 1204 quippe
3136 1135 3302 1204 gratia
3335 1133 3570 1204 pulchris
3608 1134 3752 1188 indui

2442 1223 2563 1282 bus.
2591 1223 2778 1278 faciem
2809 1234 2982 1288 ornat,
3029 1239 3134 1278 non
3181 1225 3317 1291 sibi,
3365 1225 3459 1279 sed
3504 1224 3662 1290 aliis;
3717 1225 3748 1278 f:

2446 1313 2652 1368 turbam
2680 1315 2733 1368 in
2761 1314 2877 1368 foro
2903 1314 3279 1380 circumducit,
3315 1324 3370 1368 ut
3400 1315 3520 1369 aliis
3550 1316 3620 1368 sit
3647 1314 3751 1369 adn

2443 1406 2697 1475 quidquid
2729 1406 2961 1478 denique
2987 1405 3130 1472 facit,
3156 1418 3208 1462 ut
3240 1408 3357 1462 aliis
3385 1409 3609 1478 placeat,
3639 1409 3751 1462 exh

2443 1494 2547 1550 hoc
2569 1496 2731 1550 animi
2761 1497 2948 1551 morbo
2978 1497 3266 1567 quidquam
3296 1498 3537 1552 deterius
3580 1514 3703 1554 esse
3736 1517 3752 1569 ι

2443 1587 2565 1641 aliis
2589 1589 2659 1642 sit
2685 1588 3044 1654 admirationi,
3077 1605 3218 1659 saepe
3261 1606 3322 1645 se
3352 1591 3684 1661 prmcipitem
3729 1594 3752 1647 u‘

2442 1691 2591 1736 certe
2626 1692 2807 1736 essent
2843 1698 2904 1736 ea
2949 1698 3067 1752 quae
3117 1697 3147 1736 a
3193 1682 3408 1738 Christo
3452 1683 3590 1738 dicta
3623 1694 3748 1738 sunt

2441 1772 2612 1828 morbi
2641 1773 2972 1843 tyrannidem
2995 1773 3468 1828 demonstrandam
3491 1789 3709 1828 :verum
3729 1774 3752 1827 ll

2443 1864 2529 1921 illa
2557 1874 2930 1936 cognoscatur.
2984 1867 3114 1921 Nam
3158 1867 3200 1921 si
3231 1868 3533 1937 quempiam
3579 1882 3646 1921 ex
3699 1868 3751 1921 ill

2443 1955 2532 2024 qui
2580 1965 2823 2024 sumptus
2868 1955 3194 2026 profundunt
3244 1956 3505 2011 maximos
3551 1956 3752 2011 interro

2444 2054 2646 2100 tantum
2673 2046 2786 2099 auri
2816 2051 3144 2116 unpendant,
3187 2047 3312 2117 quid
3358 2047 3459 2100 sibi
3505 2047 3689 2100 volunt
3727 2047 3752 2101 ll

2442 2144 2706 2204 sumptus,
2740 2137 2870 2192 nihil
2911 2137 3054 2192 aliud
3098 2137 3526 2205 respondebunt,
3559 2153 3718 2208 quam
3749 2154 3751 2164 ⁴

2446 2229 2709 2298 placeant.
2755 2228 2811 2284 Si
2860 2244 3074 2284 rursum
3128 2229 3416 2284 scisciteris
3441 2269 3454 2294 ,
3495 2229 3623 2299 quid
3655 2231 3724 2283 sit

2444 2319 2746 2391 Quidpiam,
2767 2322 3024 2393 inquient,
3047 2322 3271 2376 tumultu
3302 2322 3512 2392 plenum
3534 2331 3589 2377 et
3611 2331 3752 2390 pertu

2443 2426 2507 2466 ex
2538 2412 2838 2481 insipientia
2871 2413 3183 2484 plerumque
3202 2422 3474 2480 constans,
3497 2414 3640 2485 quod
3665 2424 3750 2468 ten

2445 2505 2587 2560 ultro
2626 2507 2868 2576 citroque
2898 2506 3084 2570 fertur,
3115 2507 3285 2561 instar
3313 2509 3639 2560 marinorum
3672 2505 3752 2559 “Ut

2442 2609 2621 2652 secum
2665 2607 2931 2667 pugnante
2975 2599 3238 2652 sententia
3280 2598 3591 2667 plerumque
3613 2598 3751 2666 jaeta

2445 2689 2602 2743 talem
2635 2689 2794 2744 habet
2822 2689 3118 2752 dominum,
3149 2705 3253 2760 quo
3285 2704 3387 2743 non
3432 2689 3752 2744 miserabilia

2443 2775 2549 2832 Sed
2603 2779 2743 2849 quod
2791 2779 3075 2834 szcculares
3119 2779 3362 2834 homines
3407 2779 3492 2833 his
3543 2779 3751 2834 inhient

2441 2884 2604 2938 grave
2636 2879 2737 2934 est,
2772 2871 2873 2926 etsi
2915 2887 3077 2941 grave
3114 2886 3298 2926 revera
3328 2872 3400 2926 sit
3429 2888 3441 2926 :
3471 2871 3612 2940 quod
3643 2881 3752 2928 autt

2442 2961 2642 3017 mundo
2671 2965 3008 3019 renuntiasse
3039 2963 3241 3028 dicunt,
3274 2963 3377 3018 hoc
3411 2964 3596 3019 morbo
3625 2964 3746 3018 labo

2443 3051 2667 3121 majore,
2693 3052 2743 3106 id
2768 3063 2915 3107 certe
2943 3054 3333 3120 gravissimum.
3369 3053 3479 3107 Illis
3505 3054 3648 3108 enim
3680 3070 3752 3124 pe.

2445 3151 2648 3198 tantum
2673 3153 2754 3198 est
2774 3143 2980 3211 jactura
3015 3162 3030 3200 :
3063 3143 3146 3199 his
3167 3159 3292 3200 vero
3319 3145 3509 3199 animat
3545 3147 3751 3215 periculi

2443 3249 2565 3289 eum
2608 3234 2790 3304 gloriae
2827 3249 2985 3289 causa
3035 3250 3063 3288 a
3111 3246 3252 3290 recta
3282 3233 3384 3289 [ide
3412 3234 3728 3301 desciscunt,

2442 3324 2667 3394 gloriam
2699 3323 2927 3394 pariant,
2975 3324 3140 3378 Deum
3169 3324 3433 3380 dedecore
3459 3325 3716 3390 afliciunt,
3747 3348 3752 3376 t

2443 3429 2662 3484 qureso,
2695 3414 2961 3484 torporis,
3008 3423 3263 3484 quantum
3307 3416 3526 3470 insaniae
3566 3431 3653 3471 res
3693 3416 3752 3470 ha

2445 3505 2549 3560 fert
2567 3507 2591 3558 ?

2517 3597 2693 3653 Gloria
2714 3598 2993 3668 popularis,
3025 3615 3123 3652 non
3149 3608 3220 3652 est
3245 3615 3355 3654 vere
3378 3598 3752 3670 glorior-Camn

2447 3691 2591 3756 vitia,
2625 3692 2748 3746 licet
2790 3691 3013 3744 multum
3043 3690 3221 3745 damni
3269 3689 3528 3755 inferant,
3577 3692 3748 3760 aliqua

2445 3782 2674 3838 afferunt
2716 3783 3064 3853 voluptatem,
3108 3783 3208 3837 etsi
3257 3792 3648 3852 temporaneam
3685 3794 3738 3838 et

2445 3878 2575 3932 Nam
2603 3893 2815 3943 avarus,
2845 3877 3114 3942 ebriosus,
3145 3877 3533 3947 mulierumque
3566 3892 3748 3931 amans

2444 3968 2638 4022 danmo
2661 3969 2971 4032 admixtam,
3003 3969 3100 4023 etsi
3147 3970 3358 4023 brevem
3380 4010 3394 4035 ,
3433 3970 3751 4037 voluptatem

2443 4060 2531 4129 qui
2561 4070 2738 4113 autem
2764 4057 2864 4112 hoc
2895 4057 3084 4112 morbo
3104 4058 3242 4126 capti
3271 4068 3413 4121 sunt,
3443 4059 3685 4112 acerbam
3725 4072 3751 4111 s

2443 4149 2715 4220 voluptate
2737 4164 2954 4204 vacuam
2985 4158 3149 4218 agunt
3175 4150 3356 4205 vitam.
3389 4149 3569 4220 Neque
3608 4152 3746 4204 enim

2444 4243 2675 4297 maxime
2697 4250 2876 4296 amant
2891 4250 3275 4311 assequuntur;
3302 4243 3522 4312 gloriam
3549 4258 3737 4312 nempe

2445 4333 2789 4404 popularem;
2822 4332 2915 4388 sed
2945 4333 3191 4388 videntur
3219 4334 3430 4403 quidem
3473 4335 3558 4389 illa
3588 4334 3709 4398 frui,
3742 4352 3752 4387 ι

2444 4441 2565 4480 men
2592 4425 2856 4495 fruuntur,
2897 4427 3036 4497 quod
3071 4427 3196 4481 illud
3235 4428 3451 4482 minime
3475 4427 3722 4498 sitgloria

2443 4518 2625 4573 vitium
2659 4519 2808 4584 illud,
2835 4534 2941 4573 non
2965 4520 3157 4590 gloria,
3189 4518 3281 4574 sed
3309 4534 3395 4574 res
3418 4519 3585 4589 gloria
3612 4535 3752 4574 vacu:

2441 4625 2740 4681 vanamque
2764 4610 2986 4680 gloriam
3022 4620 3231 4666 veteres
3276 4627 3465 4667 oumes
3503 4611 3554 4667 id
3591 4612 3709 4680 jure
3741 4629 3752 4658 ι

2387 4733 2395 4740 -
2444 4699 2619 4756 Vacua
2648 4715 2874 4771 namque
2902 4708 3006 4768 est,
3035 4701 3164 4755 nihil
3191 4701 3332 4757 intus
3352 4701 3553 4756 habens
3575 4702 3752 4770 splend

2442 4792 2750 4862 gloriosum.
2769 4788 2872 4846 Sed
2897 4791 3341 4862 quemadmodum
3367 4792 3525 4846 larva:
3545 4792 3752 4847 videntu

2441 4884 2651 4940 decorae
2670 4894 2728 4940 et
2755 4885 3030 4948 amabiles,
3053 4884 3148 4939 sed
3179 4900 3357 4938 vacua:
3387 4885 3526 4938 intus
3553 4890 3676 4938 sunt
3705 4901 3716 4935 :
3745 4884 3752 4938 i

2443 4975 2788 5031 formosiores
2831 4977 2938 5030 sint
2983 4978 3193 5030 caeteris
3230 4975 3562 5044 corporibus,
3603 4975 3752 5030 nemil

2442 5084 2600 5139 quam
2624 5069 2693 5124 ad
2723 5070 2802 5124 sui
2825 5085 3059 5124 amorem
3090 5069 3421 5134 allexernnt;
3450 5068 3527 5123 sic
3556 5069 3640 5122 illa
3666 5083 3751 5136 api

2441 5159 2646 5228 gloria;
2680 5161 2788 5215 imo
2815 5161 2970 5232 longe
2995 5160 3368 5224 miserabilius,
3402 5160 3538 5212 hunc
3567 5159 3746 5213 morbu

2442 5250 2711 5310 difficilem
2737 5262 2790 5308 et
2836 5253 3167 5323 tyrannieum
3201 5251 3352 5306 nobis
3381 5247 3751 5304 ctformatdlot

2442 5347 2640 5418 quippe
2660 5348 2832 5399 solum
2867 5342 3202 5412 splendidum
3233 5341 3419 5404 habet;
3450 5339 3694 5394 interiora
3729 5355 3752 5386 ν

2441 5454 2604 5493 vacua
2634 5437 2812 5500 modo,
2845 5433 2940 5488 sed
2967 5434 3124 5487 etiam
3156 5431 3418 5485 dedecore
3444 5439 3497 5484 et
3522 5428 3712 5483 crudeli
3738 5437 3752 5478 ι

2440 5531 2594 5600 plena
2624 5534 2764 5581 sunt.
2798 5524 2950 5580 Unde
2977 5537 3106 5592 ergo
3132 5524 3385 5587 nascitur,
3418 5519 3640 5591 inquies,
3671 5533 3752 5572 mo

2438 5623 2736 5687 absurdus,
2782 5618 3029 5688 nullaque
3071 5614 3306 5670 alliciens
3352 5612 3658 5684 voluptate?
3691 5609 3751 5664 Ur

2443 5712 2655 5769 aliunde
2679 5726 2834 5780 quam
2862 5725 2891 5764 a
2915 5709 3000 5763 vili
3023 5716 3078 5764 et
3099 5705 3308 5776 abiecto
3331 5703 3528 5760 animo.
3547 5701 3658 5757 Non
3680 5713 3751 5769 pol
