4012 6210
321 278 390 334 43
1101 269 1160 326 S.
1197 270 1484 329 JOANNIS
1520 274 2011 334 CHRYSOSTOMI
2049 278 2369 338 ARClllEP.
2411 278 2964 337 CONST.\.\TINOP.
3711 282 3783 339 ιο

312 390 411 454 ξαν
458 385 730 460 θηρεύειν,
764 377 840 440 ὧν
872 384 973 440 οὐκ
1013 384 1079 439 ἂν
1122 386 1264 441 ἕλοιο
1309 389 1563 457 γενέσθαι
1610 393 1989 464 παραπλήσιός

313 492 561 631 m:.’El
604 565 660 618 δὲ
690 564 887 634 λέγοις,
935 564 1016 617 ὅτι
1052 562 1237 617 πολλοὶ
1270 564 1366 616 καὶ
1419 566 1810 637 συνεστηκότες
1844 564 1992 628 τινές

316 656 443 716 εἰσι,
478 653 565 707 διὰ
604 653 762 706 τοῦτο
798 652 1032 723 μάλιστα
1072 651 1253 705 αὐτῶν
1300 655 1661 723 καταφρονεῖν
1710 655 1897 724 ἐχρῆν.
1928 653 1992 705 Εἰ

197 744 206 751 ’
316 741 426 812 γὰρ
453 741 571 794 καθ’
593 741 818 803 ἑαυτοὺς
844 739 997 801 ὅντες
1027 740 1168 792 εἰσὶν
1198 739 1686 811 εὐκαταφρόνητοι,
1714 742 1840 794 ὅταν
1874 739 1993 813 [23]

316 827 502 882 πολλοί
542 828 827 896 γένωνται,
877 826 1139 897 μειζόνως
1182 824 1339 879 τοῦτο
1380 826 1742 899 συμϐήσεται.
1779 828 1843 880 Ἢ
1887 826 1996 898 γάρ
2059 824 2073 845 ⁸

316 915 427 969 τῶν
456 914 575 968 καθ’
601 914 830 967 ἕκαστον
856 914 1034 977 άνοια,
1067 912 1435 981 συλλεγέντων
1461 913 1622 984 ὁμοῦ,
1657 911 1859 983 μείζων
1894 914 1997 967 ὐπὲ

317 1000 411 1054 τοῦ
444 1000 679 1071 πλήθους
711 1000 1005 1071 αὐξηθεῖσα
1044 1002 1273 1069 γίνεται.
1300 1001 1391 1053 Διὸ
1421 1001 1517 1053 καὶ
1560 1000 1681 1054 καθ’
1708 1001 1803 1054 ’ἐνα
1825 1013 1851 1041 ⁸
1897 1001 1997 1070 μὲν

320 1087 501 1142 αὐτῶν
543 1089 592 1141 εἰ
628 1087 801 1153 λάϐοι,
844 1088 971 1141 ποτὲ
1011 1087 1077 1141 ἄν
1108 1105 1192 1151 τις
1231 1088 1326 1142 καὶ
1356 1086 1729 1157 διορθώσειεν·
1768 1086 1905 1157 ὁμοῦ
1940 1087 1997 1140 δὲ

319 1176 499 1239 ὄντας,
532 1176 631 1229 οὐκ
666 1176 733 1229 ἂν
767 1175 1015 1247 δυνηθείη
1050 1175 1267 1247 ῥᾳδίως,
1311 1176 1399 1228 διὰ
1430 1176 1489 1228 τὸ
1529 1175 1627 1246 τὴν
1661 1174 1845 1228 ἄνοιαν
1875 1177 1998 1228 ἐπι-

320 1262 611 1325 τείνεσθαι,
643 1264 738 1317 καὶ
763 1263 917 1332 δίκην
949 1262 1283 1334 θρεμμάτων
1315 1262 1566 1331 ἄγεσθαι,
1596 1263 1692 1318 καὶ
1725 1263 1999 1332 πανταχοῦ

321 1353 444 1415 ταῖς
478 1351 605 1421 παρ’
647 1350 892 1421 ἀλλήλων
934 1349 1166 1403 ἔπεσθαι
1209 1349 1408 1414 δόξαις.
1461 1348 1678 1420 Ταύτης
1713 1345 1827 1413 οὖν,
1879 1349 2000 1402 εἰπέ

328 1455 452 1509 μοι,
495 1442 595 1511 τῆς
616 1440 764 1511 παρὰ
803 1438 912 1492 τῶν
944 1437 1153 1493 πολλῶν
1210 1439 1627 1508 ἀντιποιήσεσθε
1663 1438 1855 1508 δόξης;
1887 1439 1999 1510 Μὴ,

323 1526 517 1597 δέομαι
560 1528 654 1582 καὶ
691 1526 978 1581 ἀντιϐολῶ.
1010 1527 1181 1580 Τοῦτο
1213 1527 1322 1598 γὰρ
1367 1528 1544 1581 πάντα
1572 1526 1687 1580 ἄνω
1715 1527 1810 1580 καὶ
1852 1527 2005 1581 κάτω

328 1613 624 1685 πεποίηκε.⁸
650 1614 809 1667 τοῦτο
840 1613 1153 1677 πλεονεξίαν
1193 1613 1370 1674 ἔτεκε,
1405 1612 1724 1683 βασκανίαν,
1768 1630 2004 1685 κατηγο-

329 1702 473 1773 ρίαν,
515 1701 842 1764 ἐπιϐουλάς’
887 1699 1045 1754 τοῦτο
1090 1700 1217 1764 τοὺς
1260 1700 1414 1754 οὐδὲν
1458 1701 1822 1772 ἠδικημένους
1866 1700 2007 1754 κατά

328 1790 439 1844 τῶν
468 1791 619 1844 οὐδὲν
659 1790 996 1861 ἠδικηκότων
1043 1789 1253 1854 ὁπλίζει
1294 1789 1391 1843 καί
1435 1789 1701 1861 ἐκθηριοῖ.
1743 1792 1853 1847 Καὶ
1883 1789 2007 1844 οὐτε

331 1877 514 1946 φιλίαν
545 1872 687 1931 οἶδεν
728 1879 756 1930 6
790 1877 965 1948 τούτῳ
992 1876 1070 1947 τῷ
1097 1877 1366 1946 νοσήματι
1398 1874 1733 1946 περιπεσὼν,
1778 1877 1837 1929 οὐ
1881 1892 2009 1928 συν-

329 1963 521 2034 ηθείας
564 1964 864 2032 μέμνηται,
916 1963 1018 2015 οὐκ
1058 1963 1325 2016 αἰδεῖσθαι
1378 1963 1568 2017 οὐδένα
1606 1964 1744 2026 ὅλως
1786 1963 2011 2017 ἐπίστα-

329 2068 455 2105 ται·
486 2051 620 2104 ἀλλά
661 2051 837 2104 πάντα
866 2050 976 2103 ἀπὸ
1018 2051 1118 2120 τῆς
1150 2051 1330 2123 ψυχῆς
1370 2050 1533 2123 ῥίψας
1570 2051 1638 2104 τὰ
1681 2051 1842 2115 καλά,
1876 2052 2011 2124 πρὸς

332 2139 541 2202 πάντας
576 2138 1047 2209 ἐκπεπολέμωται,
1090 2136 1341 2203 ἄστατος,
1386 2139 1651 2210 ἄστοργος
1678 2137 1773 2192 ῶν.
1807 2138 1916 2191 Καὶ
1950 2139 2011 2191 1b

336 2226 435 2295 μὲν
468 2225 567 2294 τῆς
597 2226 765 2296 ὀργῆς
807 2225 978 2289 πάθος
1000 2265 1014 2284 ,
1051 2226 1100 2278 εἰ
1145 2226 1239 2279 καὶ
1278 2226 1410 2278 αὐτὸ
1438 2226 1761 2290 τυραννικόν
1797 2225 1850 2278 τί
1894 2225 2011 2279 ἐστι

333 2313 429 2365 καὶ
461 2314 749 2385 ἀφόρητον,
778 2313 892 2366 ἀλλ’
915 2314 1016 2366 οὐκ
1043 2314 1128 2366 ἀεὶ
1164 2314 1451 2384 διενοχλεῖν
1484 2313 1695 2379 είωθεν,
1739 2313 1853 2368 ἀλλ’
1882 2315 2011 2367 ὅταν

333 2398 437 2471 ἔχῃ
492 2401 618 2461 τούς
662 2398 1062 2469 παροξύνοντας
1114 2400 1305 2470 μόνον·
1348 2400 1409 2453 τὸ
1452 2401 1510 2454 δὲ
1558 2400 1661 2468 τῆς
1712 2399 2012 2463 κενοδοξίας

334 2486 643 2551 διαπαντὸς,
674 2487 769 2542 καὶ
800 2489 901 2541 οὐκ
945 2488 1061 2541 ἐστι
1095 2488 1307 2559 καιρὸς,
1353 2489 1431 2552 ὡς
1461 2490 1657 2552 εἰπεῖν,
1691 2490 1751 2541 ἐν
1780 2480 1825 2556 ᾧ
1854 2486 2014 2558 λῆξαι

333 2574 639 2645 δυνήσεται,
675 2575 750 2645 μὴ
780 2575 1045 2646 λογισμοῦ
1071 2575 1372 2640 κωλύοντος
1399 2575 1568 2647 αὐτὴν
1603 2577 1697 2630 καὶ
1726 2574 2016 2628 καταστέλ-

335 2659 539 2726 λοντος,
568 2661 684 2715 ἀλλ’
708 2663 795 2716 ἀεὶ
833 2662 1115 2733 πάρεστιν,
1144 2664 1204 2717 οὐ
1243 2664 1404 2735 μόνον
1433 2662 1803 2717 ἀναπείθουσα
1833 2663 2016 2733 ἀμαρ-

337 2749 539 2814 τάνειν,
585 2749 720 2803 άλλά
766 2749 870 2804 κᾶν
900 2749 1153 2821 τύχωμέν
1182 2769 1234 2804 τι
1278 2748 1696 2821 κατορθοῦντες,
1730 2749 1825 2803 καὶ
1857 2748 2017 2802 τοῦτο

338 2835 741 2908 ἁφαρπάζουσα
787 2835 896 2890 τῶν
934 2837 1152 2909 χειρῶν,
1197 2837 1313 2891 ἔστι
1351 2838 1408 2891 δὲ
1456 2838 1545 2891 ὅτε
1585 2837 1707 2891 οὐδέ
1744 2837 2015 2905 ἀφιεῖσαι»

338 2924 441 2994 τὴν
468 2925 643 2996 ἀρχὴν
677 2924 1040 2996 κατορθῶσαι.
1070 2926 1133 2978 Εἰ
1177 2924 1233 2979 δὲ
1263 2924 1361 2997 τὴν
1401 2924 1713 2992 πλεονεξίαν
1738 2928 1766 2979 6
1805 2925 2016 2989 Παῦλος

340 3010 782 3083 εἰδωλολατρείαν
808 3011 989 3065 καλεῖ⁹
1019 3012 1118 3083 τὴν
1144 3011 1350 3084 ταύτης
1385 3013 1596 3084 μητέρα
1621 3013 1713 3066 καὶ
1742 3010 1899 3084 ῥίζαν
1925 3014 2019 3066 καὶ

342 3102 547 3171 πηγὴν,
578 3100 675 3171 τὴν
702 3101 1008 3167 κενοδοξίαν
1038 3100 1201 3169 λέγω,
1232 3100 1285 3153 τί
1322 3102 1529 3155 δίκαιον
1561 3101 1853 3171 ὀνομάσαι;
1883 3101 2018 3155 Οὐδέ

342 3187 452 3257 γάρ
479 3187 847 3259 προσηγορίαν
874 3189 971 3258 τῆς
1005 3187 1206 3250 κακίας
1233 3186 1391 3253 ἀξίαν
1423 3185 1572 3239 ἐστιν
1601 3186 1801 3259 εὑρεῖν.

428 3274 814 3346 Ἀνανήψωμεν
842 3275 1041 3337 τοίνυν,
1070 3273 1366 3344 ἀγαπητοὶ,
1396 3273 1490 3328 καὶ
1530 3272 1590 3327 τὸ
1621 3274 1857 3344 πονηρὸν
1887 3274 2022 3327 ἀπο-

344 3361 633 3432 δυσώμεθα
666 3361 823 3414 τοῦτο
871 3359 1107 3430 ἱμάτιον,
1152 3360 1247 3413 καὶ
1283 3359 1667 3430 διαρῤήξωμεν
1706 3360 1795 3412 καὶ
1825 3360 2024 3414 ἀποτέ-

352 3466 543 3520 μωμεν
568 3457 614 3514 ⁸³,
638 3450 731 3501 καὶ
770 3447 1056 3517 γενώμεθά
1089 3463 1217 3500 ποτε
1259 3446 1533 3517 ἐλεύθεροι
1574 3447 1672 3517 τὴν
1710 3447 2022 3519 ἐλευθερίαν

347 3537 448 3606 τὴν
467 3535 663 3605 ἀληθῆ,
685 3536 778 3589 καὶ
797 3535 1050 3605 λάϐωμεν
1069 3533 1320 3605 αἴσθησιν
1341 3534 1441 3605 τῆς
1463 3534 1738 3603 εὐγενείας
1757 3534 1858 3605 τῆς
1875 3538 2026 3607 παρά

347 3621 445 3675 τοῦ
489 3621 626 3675 Θεοῦ
667 3621 955 3692 δεδομένης
1002 3623 1134 3692 ἡμῖν
1157 3638 1173 3653 ·
1223 3622 1730 3693 καταφρονήσωμεν
1771 3622 1873 3693 τῆς
1915 3625 2026 3678 τῶν

352 3708 561 3764 πολλῶν
605 3709 783 3782 δόξης.
813 3709 978 3763 Οὐδὲν
1009 3709 1119 3781 γάρ
1146 3708 1289 3763 οὕτω
1321 3709 1728 3778 καταγέλαστον
1769 3711 1866 3765 καὶ
1907 3712 2024 3768 άτιο

354 3814 476 3868 μον,
503 3797 578 3861 ώς
607 3796 767 3851 τοῦτο
803 3797 866 3849 τὸ
904 3796 1110 3861 πάθος·
1139 3797 1294 3851 οὐδὲν
1338 3795 1512 3861 οὕτως
1556 3798 1817 3871 αἰσχύνης
1858 3799 2028 3871 γέμον

351 3885 448 3940 καὶ
476 3884 678 3954 πολλῆς
711 3883 945 3948 ἀδοξίας.
979 3884 1088 3938 Καὶ
1134 3882 1293 3940 τοῦτο
1324 3884 1655 3957 πολλαχόθεν
1688 3887 1784 3942 ῖδοι
1817 3904 1901 3951 τις
1938 3888 2026 3952 ἂν,

353 3974 436 4031 ὅτι
465 3974 527 4030 τὸ
559 3975 658 4046 μὲν
683 3973 838 4046 δόξης
869 3975 1023 4047 ἐρᾷν,
1052 3975 1256 4041 ἀδοξία,
1283 3975 1410 4043 δόξα
1434 3976 1491 4030 δὲ
1524 3976 1712 4040 ὅντως,
1739 3976 1798 4030 τὸ
1826 3976 2029 4049 ταύτης

354 4067 653 4137 ὐπερορᾷν,
683 4065 777 4119 καὶ
809 4064 1010 4135 μηδένα
1034 4065 1201 4136 αὐτῆς
1230 4064 1497 4120 ποιεῖσθαι
1525 4064 1703 4134 λόγον,
1731 4065 1869 4120 άλλά
1891 4067 2029 4138 πρὸς

354 4169 581 4279 καὲνὲεέ.
621 4169 695 4218 διὸ
733 4169 816 4217 καί
842 4169 941 4219 ἕνα.
991 4168 1090 4218 Sed
1132 4169 1313 4219 metlus
1352 4168 1473 4219 Mor.
1509 4177 1561 4220 el
1584 4183 1698 4220 mss.
1741 4182 1916 4220 omnes
1943 4172 2024 4219 καὶ

419 4291 447 4330 Ι»
470 4291 567 4355 Alii
588 4291 778 4355 ἀφεῖσα.

415 4355 443 4383 ⁸
468 4351 588 4401 Mor.
613 4351 966 4416 ἆποιέμνωμεν.

2094 394 2159 447 16
2185 395 2264 465 τῷ
2297 395 2415 466 Θεῷ
2447 395 2638 451 δοκοῦν
2672 396 2888 450 ἅπαντα
2918 397 3012 451 καὶ
3044 397 3222 468 λέγειν
3255 398 3348 452 καὶ
3395 398 3592 451 ποιεῖν.
3625 394 3783 450 Οὕτω

2097 480 2207 551 γὰρ
2251 480 2594 552 δυνησόμεθα
2624 484 2719 537 καὶ
2753 482 2941 555 μισθὸν
2975 483 3161 538 λαϐεῖν
3209 483 3361 555 παρά
3408 482 3502 537 τοῦ
3532 483 3603 536 τά
3646 482 3782 552 ήμέ·

2097 585 2230 639 τερα
2247 568 2481 639 ὁρῶντος
2501 569 2763 641 ἀκριϐῶς,
2782 571 2909 624 ὅταν
2930 570 3074 641 αὐτῷ
3101 572 3246 642 μόνῳ
3264 570 3568 643 ἀρκώμεθα
3592 569 3779 643 θεατῇ.

2099 655 2165 706 Τί
2199 655 2307 726 γάρ
2338 657 2471 726 ἡμῖν
2510 657 2603 709 καὶ
2632 657 2834 728 ἑτέρων
2869 657 3164 728 ὀφθαλμῶν
3190 657 3291 722 δεῖ,
3317 656 3413 711 τοῦ
3445 658 3612 728 τιμᾷν
3650 657 3784 728 μέλ·

2099 741 2280 806 λοντος
2298 741 2323 781 δ
2355 745 2501 813 ἡμᾶς
2526 742 2760 814 ὁρῶντος
2790 745 2876 798 ἀεὶ
2899 744 2968 798 τὰ
2992 745 3253 815 γινόμενα
3282 746 3414 815 παρ’
3439 746 3629 815 ἡμῶν;
3661 743 3785 808 Πῶς

2101 829 2158 882 δὲ
2196 829 2297 882 οὐκ
2329 829 2552 895 ἄτοπον,
2583 830 2675 884 τὸν
2708 831 2806 902 μέν
2841 831 3057 901 οἰκέτην
3086 833 3265 885 πάντα
3297 831 3505 901 ὅσαπερ
3532 831 3598 885 ἂν
3631 834 3780 902 ποιῇ,

2102 916 2181 978 εἰς
2229 915 2523 986 ἀρέσκειαν
2570 916 2664 969 τοῦ
2712 917 2972 971 δεσπότου
3023 920 3216 985 ποιεῖν,
3264 919 3361 972 καί¹
3413 918 3580 988 μηδὲν
3616 918 3779 972 πλέον

2102 1000 2380 1070 ἐπιζητεῖν
2407 1005 2505 1075 τῆς
2544 1002 2776 1075 θεωρίας
2803 1005 2903 1075 τῆς
2934 1003 3143 1069 τούτου,
3174 1004 3311 1076 μηδέ
3343 1002 3559 1075 ἐτέρους
3581 1003 3782 1074 ὀφθαλο

2108 1088 2243 1158 μούς
2274 1089 2595 1158 ἐφέλκεσθαι
2625 1091 2762 1161 πρὸς
2787 1092 2883 1163 τὴν
2916 1093 3136 1162 πρᾶξιν,
3169 1093 3273 1145 κᾶν
3308 1091 3531 1163 μεγάλοι
3561 1091 3611 1143 οἱ
3653 1090 3785 1145 θεω-

2108 1174 2327 1246 ροῦντες
2355 1170 2510 1243 ὦσιν,
2539 1178 2653 1231 ἀλλ’
2693 1178 2752 1232 ἓν
2797 1179 2957 1249 μόνον
2999 1182 3221 1234 σκοπεῖν
3268 1181 3415 1243 ὃπως
3453 1179 3483 1231 ὁ
3520 1178 3787 1250 δεσπότης

2107 1262 2408 1334 θεάσηται⁹
2449 1266 2595 1336 ἡμᾶς
2638 1266 2695 1319 δὲ
2743 1265 2983 1319 τοιοῦτον
3026 1266 3249 1338 ἔχοντας
3295 1266 3522 1338 Κύριον,
3567 1267 3788 1338 ἐτέρους

2108 1350 2386 1422 ἐπιζητεῖν
2433 1351 2629 1417 θεατὰς
2674 1355 2801 1418 τούς
2845 1354 3125 1424 ώφελῆσαι
3162 1355 3260 1425 μὲν
3297 1353 3470 1418 οὐδὲν,
3505 1353 3705 1424 βλάψαι
3730 1354 3788 1408 δέ

2108 1438 2174 1490 ἐκ
2221 1439 2321 1507 τῆς
2368 1437 2601 1511 θεωρίας
2646 1440 3006 1510 δυναμένους,
3052 1441 3149 1495 καὶ
3201 1441 3436 1495 κενῶσαι
3474 1440 3653 1494 πάντα
3699 1442 3789 1494 16v

2110 1525 2273 1579 πόνον
2298 1527 2465 1596 ἡμῖν;
2499 1528 2613 1599 Μὴ,
2646 1528 2949 1599 παρακαλῶ
2970 1545 2984 1559 ·
3017 1528 3133 1581 ἀλλ’
3158 1528 3282 1581 ὅθεν
3311 1528 3509 1599 ἔχομεν
3544 1529 3671 1592 τούς
3704 1546 3790 1598 μι-

2114 1613 2275 1676 σθοὺς
2313 1612 2518 1676 λαϐεῖν,
2542 1613 2657 1686 [26]
2691 1614 2877 1668 τοῦτον
2908 1615 3164 1686 καλῶμεν
3190 1615 3484 1686 ἐπαινέτην
3506 1614 3613 1667 τῶν
3646 1632 3792 1684 γινο-

2113 1699 2311 1769 μένων,
2356 1701 2545 1753 τοῦτον
2598 1700 2814 1771 θεατήν.
2861 1702 3044 1771 Μηδὲν
3092 1704 3224 1773 ἡμῖν
3272 1703 3368 1756 καὶ
3421 1702 3793 1773 ἀνθρωπίνοις

2109 1785 2403 1857 ὀφθαλμοῖς
2444 1787 2603 1843 έστω.
2636 1789 2698 1841 Εἰ
2746 1788 2856 1859 γὰρ
2901 1790 3180 1860 ἐθέλοιμεν
3227 1790 3322 1843 καὶ
3366 1789 3569 1860 ταύτης
3601 1792 3793 1843 ἐπιτυ-

2110 1876 2225 1945 χεῖν
2274 1874 2374 1945 τῆς
2402 1872 2589 1944 δόξης,
2633 1875 2755 1928 τότε
2802 1876 2972 1946 αὐτῆς
3013 1876 3425 1947 ἐπιτευξόμεθα,
3472 1878 3603 1931 ὃταν
3631 1889 3656 1917 ο
3694 1878 3795 1948 τὴν

2111 1959 2262 2031 παρά
2286 1959 2380 2013 τοῦ
2411 1960 2547 2014 Θεοῦ
2584 1961 2838 2033 ζητῶμεν
2882 1962 3071 2034 μόνην.
3106 1964 3253 2031 Τοὺς
3295 1963 3406 2032 γὰρ
3435 1963 3797 2031 δοξάζοντάς

2106 2064 2183 2118 με
2215 2047 2474 2114 δοξάσω,
2507 2049 2660 2118 φησί.
2696 2050 2804 2103 Καὶ
2832 2048 3021 2120 ῶσπερ
3064 2052 3365 2122 χρημάτων
3400 2052 3521 2104 τότε
3559 2050 3795 2122 μάλιστα

2111 2134 2476 2205 εὐποροῦμεν,
2518 2136 2647 2190 ὅταν
2677 2136 3105 2208 καταφρονῶμεν
3150 2136 3351 2203 αὐτῶν,
3383 2137 3482 2191 καὶ
3516 2138 3608 2191 τὸν
3646 2139 3795 2208 παρὰ

2113 2219 2207 2275 τοῦ
2228 2221 2379 2274 θεοῦ
2423 2221 2678 2294 ζητῶμεν
2724 2222 2951 2277 πλοῦτον
2985 2223 3145 2294 μόνον
3188 2224 3450 2294 (Ζητεῖτε
3477 2225 3607 2297 γὰρ,
3637 2226 3793 2295 φησὶ,

2112 2310 2229 2379 τὴν
2263 2311 2594 2376 ,βασιλείαν
2623 2312 2730 2367 τοῦ
2761 2312 2930 2379 Θεοῦ,
2965 2313 3062 2366 καί
3102 2313 3289 2368 ταῦτα
3323 2313 3521 2367 πάντα
3547 2328 3798 2382 προστε-

2114 2398 2361 2464 θήσεται
2393 2398 2586 2470 ὑμῖν)ο
2616 2398 2759 2453 οὓτω
2787 2400 2884 2453 καὶ
2918 2400 3010 2453 ἐπὶ
3038 2401 3136 2471 τῆς
3165 2400 3352 2473 δόξης,
3383 2401 3511 2455 ὅταν
3536 2403 3666 2472 ἡμῖν
3696 2401 3799 2455 λοι·

2116 2485 2216 2539 πδν
2256 2486 2538 2550 ἀκίνδυνος
2567 2488 2601 2558 ή
2629 2486 2776 2551 δόσις
2804 2482 2884 2560 ᾖ(
2931 2487 3025 2541 καί
3057 2489 3091 2559 ή
3136 2487 3245 2540 τῶν
3291 2488 3590 2560 χρημάτων
3631 2489 3724 2542 καὶ
3765 2488 3797 2561 ἡ

2114 2573 2214 2644 τῆς
2248 2573 2436 2644 δόξης,
2470 2574 2593 2628 τότε
2640 2575 2812 2651 αὐτὴν
2857 2575 3330 2646 ἐπιδαψιλεύσεται
3359 2578 3388 2629 6
3433 2575 3586 2639 Θεός.
3624 2574 3800 2628 ’Δκίν-

2115 2658 2269 2723 δυνος
2305 2661 2363 2715 δὲ
2394 2662 2516 2716 τότε
2548 2662 2716 2728 ἐστὶν,
2744 2664 2870 2716 ὅταν
2899 2663 3055 2734 ήμῶν
3102 2663 3174 2734 μὴ
3210 2666 3420 2735 κρατῇ,
3466 2663 3603 2735 μηδὲ
3643 2679 3802 2729 περι-

2117 2746 2367 2815 γίνηται,
2409 2746 2544 2818 μηδὲ
2572 2747 2649 2809 ώς
2692 2748 2897 2813 δούλοις
2949 2749 3087 2819 αὐτὴ
3131 2749 3426 2822 ἐπιτάττῃ,
3462 2748 3577 2802 ἀλλ’
3602 2748 3679 2810 ὡς
3714 2748 3802 2802 δε-

2120 2835 2346 2898 σπόταις
2377 2836 2472 2889 καὶ
2503 2835 2579 2900 ῶς
2607 2836 2912 2909 ἐλευθέροις
2950 2838 3340 2910 παραγίνηται.
3371 2837 3471 2890 Διά
3501 2837 3611 2907 γὰρ
3646 2835 3804 2890 τοῦτο

2121 2919 2241 2973 οὐδὲ⁹
2294 2919 2541 2991 βούλεται
2590 2923 2771 2977 αὐτῶν
2818 2926 2964 2998 ἡμᾶς
3014 2927 3167 2996 ἐρᾷν,
3212 2924 3300 2977 ἵνα
3342 2925 3416 2995 μὴ
3470 2923 3807 2995 κρατώμεθα

2121 3009 2252 3079 παρ’
2298 3008 2495 3063 αὐτῶν.
2547 3008 2665 3064 Κᾶν
2703 3010 2860 3065 τοῦτο
2910 3010 3365 3083 κατορθώσωμεν,
3421 3011 3638 3065 δίδωσιν
3673 3012 3805 3081 ἡμῖν

2122 3094 2260 3148 αὐτά
2301 3096 2441 3166 μετά
2482 3096 2683 3169 πολλῆς
2721 3099 2819 3171 τῆς
2850 3099 3148 3169 δαψιλείας.
3178 3099 3244 3153 Τί
3274 3100 3382 3169 γὰρ
3420 3097 3636 3152 Παύλου
3670 3097 3807 3168 λαμο

2123 3182 2411 3255 πρότερον,
2443 3184 2566 3238 εἰπέ
2602 3203 2714 3257 μοι,
2744 3185 2838 3239 τοῦ
2871 3186 3154 3256 λέγοντος’
3198 3189 3280 3241 Οὐ
3323 3185 3610 3253 ζητοῦμεν
3646 3185 3808 3253 παρὰ

2122 3270 2448 3338 ἀνθρώπων
2491 3271 2700 3342 δόξαν,
2727 3273 2867 3328 οὔτε
2898 3276 3000 3344 ἀφ’
3032 3271 3220 3344 ὑμῶν,
3259 3275 3394 3329 οὔτε
3423 3274 3523 3327 ἀπ’
3561 3271 3808 3340 ddum;

2123 3354 2263 3408 τίδὲ
2295 3357 2669 3430 εὐπορώτερον
2713 3360 2805 3413 τοῦ
2846 3360 3012 3432 μηδὲν
3058 3361 3293 3431 ἔχοντος,
3320 3361 3414 3414 καὶ
3454 3358 3636 3413 πάντα
3678 3377 3808 3415 κατ-

2126 3441 2370 3512 έχοντος;
2402 3445 2573 3498 Ὅταν
2600 3446 2731 3517 γάρ,
2758 3447 2897 3518 ὅπερ
2941 3446 3096 3519 ἔφην,
3130 3448 3204 3519 μὴ
3232 3446 3564 3518 κρατώμεθα
3593 3448 3688 3501 ὐπ’
3711 3447 3808 3501 αὐ-

2125 3530 2256 3594 τῶν,
2284 3530 2405 3584 τότε
2447 3532 2626 3586 αὐτῶν
2664 3535 3032 3606 κρατήσομεν,
3070 3535 3190 3589 τότε
3233 3533 3376 3588 αὐτά
3406 3533 3709 3604 ληψόμεθα.
3742 3535 3807 3588 Εἰ

2125 3619 2306 3674 τοίνυν
2334 3622 2712 3694 ἐπιθυμοῦμεν
2751 3625 3029 3695 ἐπιτυχεῖν
3069 3624 3247 3692 δόξης,
3292 3623 3584 3694 φεύγωμεν
3609 3624 3802 3690 δόξανο

2127 3707 2270 3762 οὕτω
2300 3710 2407 3782 γὰρ
2433 3709 2775 3782 δυνησόμεθα
2803 3713 2896 3766 τοῦ
2927 3711 3064 3766 Θεοῦ
3093 3713 3220 3775 τούς
3260 3711 3458 3782 νόμους
3486 3711 3804 3774 ἀνύσαντες,

2127 3799 2312 3868 τυχεῖν
2352 3800 2448 3853 καὶ
2486 3800 2596 3853 τῶν
2629 3799 2862 3856 ἐνταῦθα
2911 3800 3006 3854 καὶ
3046 3799 3155 3854 τῶν
3199 3798 3624 3871 ἐπηγγελμένων
3668 3799 3810 3864 ἀγα-

2131 3885 2263 3949 θῶν,
2302 3887 2484 3959 χάριτι
2510 3891 2536 3930 ε
2564 3888 2660 3943 τοῦ
2683 3887 2943 3961 Χριστοῦ,
2988 3887 3107 3959 μεθ’
3149 3883 3211 3943 οὐ
3250 3886 3329 3958 τῷ
3368 3887 3544 3958 Πατρί.
3584 3888 3617 3955 ή
3647 3885 3808 3950 δόξαι

2131 3972 2248 4044 ἅμα
2293 3973 2371 4046 τῷ
2399 3975 2539 4047 ἁγίῳ
2581 3975 2859 4047 Πνεύματι
2879 4014 2895 4040 ,
2928 3976 3010 4039 εἰς
3037 3976 3165 4040 τοὺς
3194 3974 3399 4040 αἰῶνας
3434 3973 3542 4031 τῶν
3573 3972 3809 4028 αἰώνων.

2145 4063 2332 4134 Ἀμήν.

2192 4166 2219 4206 ιι
2242 4167 2337 4216 Alii
2359 4167 2445 4217 τοῦ
2463 4172 2603 4233 τιμᾷν
2633 4169 2860 4224 θέλοντος.

2199 4240 2222 4268 ο
2246 4228 2342 4277 Alii
2362 4230 2459 4278 ὅτε.

2388 4247 2459 4280 τε.

2204 4288 2220 4328 ί
2250 4288 2319 4354 fl;
2339 4292 2485 4341 deest
2500 4292 2550 4340 in
2570 4289 2859 4354 quibusdam
2892 4304 3007 4354 m3?-

2198 4353 2224 4392 Β
2251 4351 2369 4401 Hor.
2392 4351 2600 4415 ἀγαθῶν,
2618 4353 2685 4402 ὧν
2702 4354 2886 4415 γένοιτο
2907 4353 3085 4409 πάντας
3105 4355 3231 4417 ἡμᾶς
3253 4352 3507 4417 ἂπιτυχεῖν,
3524 4351 3699 4415 χάριτι,
3713 4355 3812 4400 em.

3415 4477 3672 4493 --

1903 4554 2147 4608 UMIAIA
2183 4555 2255 4606 A'.

369 4672 467 4723 Ἐν
500 4670 657 4740 ἀρχῇ
707 4667 786 4744 ἦν
820 4674 855 4727 δ
887 4674 1078 4743 Λόγος
1095 4672 1267 4799 ,Θκὲιί
1312 4675 1346 4728 ὁ
1381 4674 1569 4744 Λόγος
1614 4668 1695 4741 ἦν
1731 4669 1880 4739 πρὸς
1924 4669 2034 4722 τὸν

1158 4761 1189 4796 ε
1226 4761 1283 4797 ν.

1158 4761 1283 4797 εον.

428 4836 499 4883 α’.
538 4830 665 4891 Τοῖς
694 4829 819 4902 ἄρτι
863 4830 971 4885 τῶν
1004 4832 1210 4885 παίδων
1243 4831 1620 4899 εἰσαγομένοις
1657 4829 1795 4900 πρὸς
1823 4827 1892 4881 τὰ
1928 4843 2033 4896 μα-

360 4915 581 4987 θήματα
618 4916 742 4972 οὐτε
783 4917 954 4974 πολλά
983 4917 1184 4987 ἐφεξῆς
1208 4928 1234 4957 ι
1271 4916 1611 4969 ἐπιτιθέασιν
1639 4915 1689 4966 οἰ
1727 4912 2035 4966 διδάσκαλοι

358 5003 431 5057 τά
465 5007 681 5075 φορτία,
706 5004 831 5059 οὐτε
861 5004 1096 5069 εἰσάπαξ
1134 5001 1289 5055 τοῦτο
1328 5000 1593 5062 ποιοῦσιν,
1620 4998 1755 5053 ἀλλά
1783 5000 1875 5052 καὶ
1904 4999 2036 5071 βρα-

358 5092 483 5164 χέα,
511 5092 606 5145 καὶ
632 5092 700 5146 τὰ
727 5091 866 5144 αὐτά
890 5090 1148 5151 πολλάκις
1173 5086 1458 5157 ἐνηχοῦσιν
1480 5087 1682 5151 αὐτοῖς,
1702 5085 1840 5140 ῶστε
1859 5085 2037 5141 αὐτῶν

360 5179 562 5253 ῥᾳδίως
603 5178 883 5249 ἐντεθῆναι
924 5178 992 5245 τῇ
1020 5174 1229 5243 διανοίᾳ
1254 5173 1322 5225 τά
1353 5172 1645 5242 λεγόμενα,
1678 5172 1814 5227 ἀλλά
1863 5173 1937 5245 μὴ
1973 5173 2038 5226 ἐκ

362 5269 663 5339 προοιμίων
685 5264 1118 5337 δυσχεράναντας
1141 5261 1336 5324 αὐτοὺς
1365 5261 1502 5331 πρὸς
1527 5259 1588 5313 τὸ
1619 5260 1819 5332 πλῆθος
1852 5262 1947 5316 καὶ
1979 5261 2039 5315 τὸ

358 5357 460 5425 τῆς
486 5355 707 5425 μνήμης
747 5350 1132 5413 δυσκάθεκτον,
1161 5347 1553 5420 όκνηροτέρους
1605 5347 1863 5418 γενέσθαι
1912 5350 2041 5420 περὶ

360 5442 462 5511 τὴν
495 5438 758 5509 συλλογὴν
794 5436 902 5490 τῶν
955 5434 1236 5496 δοθέντων,
1278 5434 1485 5506 νάρκης
1523 5435 1669 5501 τινὸς
1711 5437 1896 5499 αὐτοῖς
1934 5435 2045 5489 ἀπὸ

360 5530 461 5600 τῆς
502 5526 786 5590 δυσκολίας
827 5524 1202 5595 ἐγγινομένης.
1233 5523 1403 5578 Τοῦτο
1427 5523 1491 5595 δὴ
1536 5524 1632 5578 καὶ
1660 5524 1822 5588 αὐτὸς
1870 5538 2039 5576 καταο

364 5618 628 5671 σκευάσαι
667 5613 1009 5687 βουλόμενος,
1039 5612 1134 5665 καὶ
1171 5612 1260 5667 τὸν
1290 5612 1452 5665 πόνον
1490 5613 1618 5683 ὐμῖν
1653 5612 1875 5681 ποιῆσαι
1910 5602 2038 5664 κοῦ-

364 5719 485 5773 φον,
518 5703 659 5757 κατά
704 5702 899 5774 μικρὸν
931 5698 1336 5771 ἀπολαμϐάνων
1386 5699 1453 5753 τὰ
1497 5701 1554 5752 ἐν
1586 5703 1654 5771 τῇ
1708 5699 1828 5770 θεία
1868 5696 2041 5770 ταύτῃ

366 5788 633 5862 τραπέζῃ,
668 5790 746 5853 εἰς
770 5791 868 5853 τὰς
895 5787 1163 5859 ὑμετέρας
1189 5787 1363 5852 οὕτως
1391 5785 1571 5857 ἐνίημι
1600 5785 1798 5857 ψυχάς.
1829 5782 1918 5838 Διὸ
1947 5783 2040 5837 καὶ

434 5909 457 5937 ⁸
492 5905 840 5973 Ἔφεξῆςᾴρεει
862 5908 909 5955 in
929 5904 1215 5968 quibusdam
1242 5920 1358 5956 mss.

2132 4670 2240 4723 τῶν
2270 4668 2450 4723 αὐτῶν
2497 4667 2704 4738 ἅψομαι
2735 4668 2900 4723 πάλιν
2937 4670 3218 4742 ῥημάτων,
3263 4670 3360 4739 οὐχ
3388 4669 3530 4722 ὥστε
3562 4671 3632 4723 τὰ
3678 4672 3821 4726 αὐτά

2133 4756 2295 4811 πάλιν
2342 4757 2549 4820 εἰπεῖν,
2592 4754 2710 4809 ἀλλ’
2743 4755 2885 4809 ὥστε
2933 4757 3002 4811 τὰ
3045 4756 3300 4810 λείποντα
3352 4752 3670 4823 προσθεῖναι
3717 4759 3819 4828 μό-

2133 4861 2242 4898 νον.
2265 4844 2401 4914 Φέρε
2425 4838 2539 4905 οὖν,
2585 4842 2677 4895 τὸν
2712 4842 2870 4912 λόγον
2898 4843 2991 4896 ἐπὶ
3020 4843 3088 4895 τὰ
3115 4841 3378 4912 προοίμια
3408 4838 3569 4894 πάλιν
3595 4841 3822 4912 ἀγάγω-

2139 4949 2259 5002 μεν.
2315 4932 2411 4983 Ἐν
2439 4927 2596 4999 ἀρχῇ
2616 4929 2696 4998 ἦν
2716 4933 2750 4984 ὁ
2770 4931 2981 4999 Λόγος,
3013 4928 3112 4980 καί
3150 4930 3183 4980 ό
3213 4927 3404 4996 Λόγος
3429 4923 3508 4997 ἦν
3539 4929 3691 4997 πρὸς
3710 4932 3821 4985 τὸν

2138 5019 2304 5074 Θεόν.
2330 5018 2487 5080 Τίνος
2515 5017 2724 5080 ἕνεκεν,
2757 5017 2869 5071 τῶν
2913 5015 3087 5071 ἀλλων
3132 5013 3390 5068 ἀπάντων
3414 5014 3818 5083 εὐαγγελιστῶν

2136 5106 2244 5161 ἀπὸ
2262 5105 2360 5176 τῆς
2376 5104 2688 5172 οἰκονομίας
2705 5102 3029 5175 ἀρξαμένων
3051 5101 3175 5171 (καί
3190 5101 3299 5173 γάρ
3314 5104 3342 5156 6
3363 5101 3638 5164 Ματθαῖός
3657 5120 3814 5174 φησι,

2138 5193 2354 5259 Βίϐλος
2379 5191 2670 5262 γενέσεως
2724 5189 2931 5258 Ἰησοῦ
2965 5188 3226 5256 Χριστοῦ
3265 5188 3398 5244 υἱοῦ
3438 5186 3559 5262 [27]
3599 5189 3779 5243 Δαυτδ
3800 5207 3815 5221 ·

2139 5280 2233 5334 καὶ
2262 5281 2292 5333 6
2322 5280 2536 5342 Λουκᾶς
2555 5277 2623 5332 τά
2648 5276 2792 5332 κατὰ
2816 5278 2915 5347 τὴν
2944 5275 3164 5348 Μαρίαν
3190 5277 3323 5348 ἡμῖν
3355 5277 3414 5329 ἐν
3445 5277 3588 5347 ἀρχῇ
3615 5275 3819 5346 διηγεῖ-

2137 5386 2228 5423 ται
2252 5383 2268 5398 ο
2296 5367 2392 5421 καὶ
2446 5370 2475 5421 6
2522 5367 2742 5438 Μάρκος
2770 5365 2829 5419 δὲ
2870 5365 3073 5435 ὁμοίως
3101 5367 3213 5428 τοῖς
3256 5365 3440 5428 αὐτοῖς
3492 5362 3818 5434 ἐνδιατρίϐει

2136 5456 2337 5524 λόγοις,
2363 5455 2461 5527 τὴν
2486 5454 2630 5509 κατὰ
2657 5454 2749 5508 τὸν
2778 5452 3090 5525 Βαπτιστὴν
3109 5453 3351 5525 ἱστορίαν
3380 5452 3631 5507 ἐντεῦθεν
3659 5449 3820 5520 ὑφαί-

2138 5561 2244 5596 νων
2261 5542 2304 5613 ),
2338 5544 2368 5596 6
2399 5544 2653 5612 Ἰωάννης
2676 5542 2836 5597 τοῦτο
2875 5541 2974 5614 μὲν
3012 5543 3071 5595 ἐν
3097 5540 3288 5613 βραχεῖ
3333 5541 3429 5595 καὶ
3466 5538 3605 5610 μετά
3644 5537 3818 5591 ταῦτα

2139 5631 2357 5701 ⁴ᾐνίξατο
2381 5628 2569 5692 εἰπὼν,
2601 5630 2710 5684 Καί
2735 5633 2767 5684 d
2791 5631 2983 5700 Λόγγος
3001 5629 3158 5698 σὰρξ
3181 5629 3420 5701 ἐγένετο
3442 5642 3457 5658 ο
3497 5625 3565 5679 τὰ
3601 5625 3658 5678 δὲ
3683 5624 3819 5679 ἀλλα

2142 5718 2321 5772 πάντα
2371 5716 2768 5788 παραδραμὼν,
2823 5716 2922 5788 τὴν
2979 5715 3259 5786 σύλληψιν,
3328 5714 3421 5767 τὸν
3470 5710 3650 5774 τόκον,
3719 5710 3816 5779 τὴν

2142 5803 2473 5875 ἀνατροφὴν,
2500 5804 2597 5876 τὴν
2619 5803 2864 5873 αὔξησιν,
2907 5803 3109 5867 εὐθέως
3150 5801 3279 5871 περί
3303 5800 3399 5870 τῆς
3425 5796 3594 5850 ἀϊδίου
3621 5796 3813 5867 γεννή-

2148 5907 2282 5954 σεως
2304 5892 2433 5961 ἡμῖν
2461 5892 2758 5963 διηγεῖται;
2788 5891 2853 5943 Τί
2880 5890 2998 5943 ποτ’
3027 5882 3121 5941 οῦν
3148 5889 3261 5939 ἐστι
3294 5885 3353 5938 τὸ
3386 5883 3556 5938 αἴτιον
3582 5880 3813 5947 τούτων,
