4000 6210
208 224 277 278 ιε
1304 223 1369 280 ΙΝ
1406 223 1714 281 JOANNEM
1752 222 1797 278 Η

1907 222 1978 278 ιι.
2029 226 2114 280 ιν.
2159 232 2230 282 al.
2273 229 2358 287 Ill.
3435 246 3498 300 ω

208 341 253 389 is
280 339 375 405 qui
410 336 603 404 gloriae
634 349 817 390 amore
845 344 1032 404 captus
1057 343 1173 403 est,
1201 350 1450 407 magnum
1475 347 1566 391 aut
1591 350 1814 407 genero-

208 447 330 484 sum
360 429 642 498 quidpiam
674 427 831 483 facile
854 428 1127 498 cogitare;
1154 427 1249 483 sed
1273 443 1490 484 necesse
1517 437 1601 482 est
1623 438 1680 482 ut
1702 437 1814 482 tur-

209 523 314 590 pis,
350 520 496 583 vilis,
531 520 791 589 inglorius
819 530 872 572 et
902 520 1127 586 exiguus
1154 519 1242 572 sit.
1273 517 1373 585 Qui
1411 520 1553 573 enim
1580 534 1678 588 pro
1711 519 1815 571 vir-

212 621 328 665 tute
368 611 527 674 nihil,
566 610 662 665 sed
690 621 751 664 ut
792 610 1098 664 hominibus
1141 610 1336 663 nullius
1374 610 1528 679 pretii
1577 609 1809 678 placeat,

216 703 400 755 omnia
426 700 577 765 facit,
608 702 810 770 quique
851 701 1060 754 illorutn
1100 702 1420 755 sententiam
1447 715 1725 755 erroueam
1759 709 1813 753 et

217 794 463 848 fallacem
495 794 672 847 ubivis
701 793 964 862 sequitur,
993 793 1265 862 quomodo
1285 793 1448 864 gloria
1480 793 1667 862 dignus
1692 807 1811 846 esse

217 887 428 954 possit?
455 884 842 940 Animadverte
868 893 1067 940 autem.
1094 885 1148 940 Si
1182 887 1300 956 quis
1322 887 1466 940 illum
1490 887 1808 955 interroget:

217 979 368 1043 Quid
397 988 453 1031 tu
483 977 671 1046 vulgus
701 991 824 1031 esse
849 976 1167 1030 arbitraris?
1207 978 1446 1045 ignavam
1479 976 1614 1030 haud
1653 975 1812 1030 dubie

223 1079 286 1124 et
314 1071 550 1124 desidem
577 1069 969 1123 multitudinem
991 1084 1110 1123 esse
1137 1069 1297 1122 dicet.
1331 1068 1466 1135 Quid
1493 1068 1652 1122 vero?
1684 1083 1809 1122 num

226 1161 344 1214 illis
383 1160 567 1213 similis
594 1175 713 1214 esse
743 1160 1048 1228 optaveris?
1096 1161 1149 1212 Si
1179 1160 1295 1226 quis
1323 1169 1495 1213 autem
1536 1159 1680 1212 illum
1711 1158 1809 1212 de-

224 1268 337 1304 nuo
379 1252 456 1304 sic
503 1253 862 1318 percontetur,
898 1265 1003 1303 non
1036 1261 1162 1318 puto
1190 1250 1360 1318 ipsum
1402 1264 1459 1302 se
1499 1248 1655 1302 talem
1692 1263 1812 1302 esse

221 1351 550 1407 optaturum.
579 1339 862 1406 Quomodo
899 1339 1059 1408 igitur
1095 1355 1198 1392 non
1227 1340 1507 1391 admodum
1532 1339 1808 1393 ridiculum

223 1433 404 1496 fuerit,
435 1433 648 1486 illorum
669 1447 854 1485 auram
885 1431 1155 1500 nuncupari,
1198 1432 1386 1500 quibus
1416 1448 1702 1500 numquam
1734 1431 1807 1484 si-

223 1524 369 1577 milis
405 1537 525 1576 esse
553 1521 721 1576 velis?

301 1615 353 1668 6.
387 1615 486 1667 Sin
505 1615 700 1669 dixeris
720 1613 913 1667 multos
933 1627 1052 1666 esse
1077 1621 1130 1666 et
1160 1613 1209 1666 in
1237 1627 1399 1665 unum
1425 1621 1658 1674 coactos,
1693 1612 1809 1665 ideo

230 1707 472 1758 maxime
499 1703 884 1758 contemnendi.
926 1702 1056 1756 Nam
1098 1703 1140 1755 si
1171 1702 1361 1771 singuli
1391 1711 1695 1768 contemptu
1721 1701 1805 1754 di-

236 1796 348 1864 gni,
403 1795 612 1862 pinrimi
653 1795 818 1847 coacti
861 1794 1014 1862 Iutth
1052 1793 1220 1860 magis
1255 1791 1582 1858 deSpicieudi
1628 1801 1802 1844 erunt.

227 1885 511 1938 Multorum
536 1885 681 1938 enim
705 1885 1023 1953 insipientia,
1054 1883 1275 1936 collecta
1305 1881 1660 1944 multitudine,
1687 1897 1802 1933 ma-

224 1978 306 2042 gis
335 1984 580 2043 augetur.
608 1973 938 2042 Quapmpter
966 1974 1012 2026 si
1042 1973 1279 2041 singulos
1307 1971 1530 2024 seorsim
1558 1972 1674 2038 quis
1703 1970 1802 2022 dn-

227 2066 359 2118 xerit
392 2066 431 2128 ‘,
455 2065 746 2119 emendare
791 2065 1014 2134 poterit;
1059 2063 1214 2116 simul
1256 2073 1469 2117 coactos
1497 2079 1597 2115 non
1631 2062 1800 2128 facile,

225 2171 289 2209 eo
314 2155 454 2224 quod
484 2155 787 2224 insipientia
831 2155 902 2208 sit
928 2154 1098 2222 major
1123 2197 1138 2214 .
1165 2163 1218 2206 et
1252 2153 1324 2207 illi
1357 2153 1520 2206 instar
1553 2168 1800 2221 pecorum

226 2257 465 2315 agantur,
485 2257 830 2316 mutuamque
851 2257 1142 2317 sequantur
1161 2246 1502 2300 sententiam.
1527 2246 1800 2309 'l‘alemne,

221 2348 429 2402 qua-so,
478 2337 830 2390 multitudinis
858 2352 1040 2390 auram
1087 2334 1453 2390 sectabimini?
1498 2335 1594 2400 Ne,
1622 2351 1804 2404 qureso

219 2436 274 2476 et
303 2426 553 2479 obsecro.
586 2426 637 2478 Id
669 2426 808 2479 enim
834 2427 1010 2480 omnia
1048 2441 1139 2479 sns
1166 2425 1337 2494 deque
1363 2425 1558 2479 vertit:
1593 2425 1641 2478 id
1673 2441 1798 2478 ava-

221 2518 402 2569 ritiam
431 2521 651 2586 peperit,
685 2519 954 2580 invidiam,
991 2518 1407 2580 criminationes,
1441 2517 1659 2571 insidias
1691 2533 1703 2568 :
1735 2517 1798 2569 il-

221 2604 312 2658 lud
369 2620 462 2660 eos
509 2609 596 2672 qui
657 2608 853 2660 nullam
911 2606 1048 2674 passi
1099 2615 1225 2660 sunt
1275 2605 1518 2674 iujuriam
1551 2646 1563 2668 ,
1618 2617 1796 2659 eontra

220 2709 314 2748 eos
365 2697 452 2765 qui
501 2697 702 2749 nullam
755 2698 1046 2750 intulerunt
1082 2737 1096 2757 ,
1134 2704 1306 2749 armat
1355 2705 1409 2750 et
1454 2696 1656 2750 elTerat.
1699 2698 1796 2762 Qui

222 2788 322 2840 hoc
343 2787 547 2842 laborat
573 2789 782 2854 morbo,
815 2804 918 2842 non
941 2788 1411 2852 amicitiam'novil,
1442 2803 1545 2842 non
1575 2802 1799 2844 consue-

222 2879 309 2931 tud
333 2895 476 2945 nem,
507 2882 775 2934 neminem
804 2896 1020 2950 prorsus
1045 2892 1349 2945 reveretur;
1380 2881 1470 2935 sed
1500 2882 1656 2936 bonis
1680 2897 1796 2936 om-

219 2971 371 3022 nibus
397 2986 461 3024 ex
489 2972 670 3024 animo
698 2971 940 3039 rejectis,
983 2987 1103 3026 cum
1143 2972 1387 3026 omnibus
1421 2973 1614 3027 bellum
1637 2974 1792 3043 gerit,

222 3062 526 3115 inconstans
572 3072 628 3116 et
681 3062 1021 3118 inhumanus.
1064 3061 1160 3116 Ira:
1204 3072 1348 3117 certe
1392 3064 1641 3128 morbus,
1697 3064 1794 3118 etsi

223 3152 526 3221 tyrannicus
551 3153 620 3206 sit
648 3161 703 3206 et
747 3152 1112 3216 intolerabilis,
1153 3168 1256 3207 non
1287 3168 1503 3223 semper
1530 3154 1796 3223 exagitare

217 3242 375 3299 solet.
407 3242 499 3296 sed
525 3258 644 3295 eum
669 3242 737 3295 ab
760 3241 1025 3310 aliquibus
1061 3244 1294 3296 irritatur
1323 3261 1336 3297 :
1363 3253 1418 3296 at
1445 3258 1592 3296 vana:
1618 3243 1797 3310 gloriae

219 3345 379 3386 amm'
407 3345 617 3399 semper
645 3332 805 3401 viget,
833 3331 1039 3385 nullum
1067 3342 1292 3401 tempus,
1327 3342 1382 3386 ut
1410 3333 1478 3386 ita
1500 3333 1692 3396 dicam,
1717 3342 1798 3386 est

218 3440 331 3494 quo
349 3424 593 3480 desinere
611 3425 797 3495 possit,
820 3423 921 3478 nisi
955 3423 1092 3478 ratio
1113 3424 1254 3478 illam
1283 3425 1532 3479 cohibeat
1555 3434 1610 3480 et
1646 3440 1796 3479 com-

219 3520 434 3586 primat,
464 3516 557 3572 sed
581 3533 794 3587 semper
819 3518 1006 3581 adest,
1038 3530 1144 3573 non
1185 3515 1345 3573 modo
1378 3515 1444 3572 ad
1477 3516 1798 3586 peccandum

217 3611 475 3675 incitans,
501 3609 595 3664 sed
623 3610 782 3664 etiam
806 3610 848 3663 si
871 3609 994 3679 quid
1022 3620 1169 3665 recte
1195 3611 1478 3680 egerimus,
1502 3625 1532 3664 c
1553 3607 1798 3664 manibus

220 3700 534 3767 praeripicns
566 3716 580 3749 :
611 3699 896 3767 aliquando
936 3713 1064 3752 vero
1094 3713 1197 3753 non
1237 3699 1361 3753 sinit
1389 3708 1532 3753 recte
1565 3699 1794 3768 operari.

216 3787 366 3852 Quod
393 3789 438 3842 si
467 3788 665 3842 Paulus
694 3786 902 3857 (Ephes.
925 3788 978 3843 5.
1007 3787 1066 3853 5)
1088 3788 1360 3842 avaritiam
1401 3787 1659 3841 idolorum
1681 3803 1796 3841 scr-

217 3879 437 3931 vitutem
465 3886 650 3939 vocet;
702 3877 817 3944 ejus
863 3887 1125 3942 matrem,
1171 3878 1406 3932 radicem
1450 3886 1505 3932 et
1561 3881 1794 3939 fontem,

218 3984 407 4021 vanam
455 3970 678 4037 gloriam
735 3969 978 4034 scilicet,
1023 3983 1130 4036 quo
1174 3969 1389 4024 nomine
1442 3969 1799 4024 vocabimus?

209 4059 398 4128 Neque
419 4060 559 4112 enim
583 4059 712 4112 illud
743 4067 900 4112 ιειιιωι
924 4058 1171 4127 nequitia:
1191 4058 1410 4128 dignum
1446 4059 1796 4113 inveniemus.

293 4147 508 4200 Moralis
553 4148 836 4202 exhortatio
886 4147 956 4201 ad
999 4163 1181 4201 vanam
1227 4149 1444 4218 gloriam
1483 4150 1796 4219 fugiendam.

221 4237 383 4290 Deum
428 4255 581 4290 unum
619 4249 946 4306 spectatorem
972 4237 1384 4308 laudatoremque
1411 4254 1631 4306 querere
1650 4255 1800 4305 opor-

221 4339 308 4381 tet.
331 4359 399 4368 --
419 4327 816 4396 Resipiscamus
854 4328 1030 4398 igitur,
1074 4328 1253 4382 dilecti
1278 4369 1293 4392 ,
1324 4337 1378 4383 et
1404 4328 1504 4381 hoc
1533 4329 1798 4397 pernicio-

222 4434 338 4472 sum
381 4435 640 4474 esuamus
684 4419 1057 4476 vestimentum
1090 4437 1103 4472 :
1146 4419 1318 4487 ipsum
1353 4418 1714 4473 discindamns
1747 4429 1801 4472 et

219 4512 568 4574 dissecemus,
605 4524 834 4580 veraque
873 4509 1118 4564 libertate
1148 4508 1361 4564 tandem
1407 4509 1559 4564 liberi
1596 4508 1797 4563 efﬁcia-

219 4715 246 4748 l
273 4645 301 4712 ,'
335 4643 679 4754 επίὲὲίιθςίι,
706 4649 1008 4706 (Μαρτυρία
1043 4643 1086 4693 si
1109 4655 1256 4694 unum
1290 4643 1397 4706 quis
1441 4639 1753 4704 assimzpserit
1781 4653 1798 4699 ,-

249 4718 376 4752 ηοω
408 4718 432 4752 Ι¹
518 4719 566 4753 8.

249 4718 376 4752 unus
408 4718 566 4753 recte.

228 4812 582 4822 *—

939 4815 1418 4822 _.—___-__——

324 4958 388 5012 In
410 4959 661 5028 principio
679 4969 786 5010 erat
811 4955 1046 5022 Verbum,
1084 4969 1130 5010 et
1169 4957 1380 5010 Verbum
1416 4969 1521 5011 erat
1548 4961 1685 5028 apud

913 5047 1093 5102 Deum.

285 5229 332 5280 l.
371 5226 614 5280 Hethodo
643 5243 795 5293 quam
832 5227 884 5279 in
909 5224 1266 5278 commentario
1293 5241 1537 5286 usurpare
1558 5226 1792 5288 destinat,

217 5322 455 5388 exposita,
487 5317 875 5389 Chrysostomus
900 5318 1118 5387 explicat
1146 5331 1237 5370 cur
1275 5315 1593 5388 evangelista:
1620 5318 1711 5370 alii
1733 5320 1793 5371 ab

217 5411 557 5466 incarnatione
575 5409 679 5461 orsi
705 5410 804 5460 sint
828 5450 841 5472 ,
873 5407 1098 5461 Joannes
1119 5423 1255 5473 vero,
1279 5423 1454 5470 secus;
1479 5407 1659 5460 deinde
1675 5410 1797 5477 quid

215 5505 272 5554 sit
309 5504 523 5556 Verbum
552 5502 776 5570 exponit.
804 5531 875 5540 —
901 5499 1135 5554 Traditis
1163 5498 1228 5554 ad
1268 5499 1574 5569 disciplinas
1595 5500 1792 5568 pueris,

218 5612 314 5646 nun
354 5595 536 5663 gravia
582 5593 816 5661 magistri
860 5593 1037 5644 statim
1087 5592 1359 5661 imponunt
1387 5606 1582 5655 onera,
1621 5605 1790 5660 nequc

571 5713 838 5770 I'ATROL.
888 5713 1002 5768 Gn.
1058 5713 1211 5772 ll.\'.

1921 351 2060 402 mur,
2091 347 2252 408 atque
2282 340 2336 394 in
2378 355 2592 396 sensum
2624 343 2776 399 nobis
2803 359 2831 398 a
2865 346 2976 402 Deo
2999 362 3271 404 concessae
3303 354 3465 406 nobili
3487 385 3502 394 -

1921 427 2044 483 tatis
2071 430 2346 485 veniamus
2373 449 2389 486 :
2418 434 2774 491 multitudinis
2799 452 2980 492 auram
3007 442 3383 510 despiciemus.
3407 444 3469 497 Ni

1919 518 1990 573 hil
2021 519 2161 574 enim
2183 523 2350 592 magis
2387 523 2488 579 hoc
2524 527 2713 581 morbo
2743 529 3026 585 ridiculum
3058 543 3112 587 et
3140 533 3450 589 indecorum
3481 555 3494 590 :

1918 607 2052 664 nihil
2100 620 2242 664 tanta
2287 614 2612 682 turpitudine
2659 626 2713 671 et
2748 619 2963 674 infamia
3009 621 3243 688 plenum.
3282 623 3499 694 Hocque

1918 700 2096 754 multis
2123 715 2187 756 ex
2217 701 2509 758 rationibus
2538 706 2719 762 videre
2743 716 2858 762 est:
2888 711 3026 779 quod
3058 729 3250 783 nempe
3276 715 3494 782 gloriam

1915 793 2325 866 concupiscere,
2370 800 2690 868 ignominia;
2731 801 2869 854 illam
2912 811 3087 858 autem
3131 805 3406 874 deSpicere
3444 819 3498 861 et

1917 883 2050 938 nihil
2072 897 2337 956 reputare,
2370 907 2496 946 vere
2524 891 2691 960 gloria
2720 893 2819 956 sit;
2849 893 2939 947 sed
2963 893 3140 950 omnia
3172 897 3239 950 ad
3273 897 3362 952 Dei
3387 900 3498 968 pla-

1917 973 2080 1029 citum
2107 986 2161 1031 et
2180 978 2400 1035 dicenda
2435 991 2490 1036 et
2519 981 2720 1052 agenda
2750 993 2891 1036 sunt.
2923 985 3010 1039 Sic
3035 987 3176 1041 enim
3203 991 3497 1057 poterimus

1918 1067 2220 1124 mercedem
2250 1072 2492 1141 accipere
2521 1075 2588 1127 ab
2625 1088 2690 1128 eo
2717 1074 2802 1144 qui
2835 1085 3012 1128 nostra
3050 1088 3296 1132 accurate
3325 1080 3496 1147 respi-

1915 1157 2007 1222 cit,
2030 1159 2242 1228 quando
2269 1162 2360 1215 illo
2388 1164 2502 1217 solo
2527 1165 2764 1218 contenti
2792 1167 2991 1219 erimus
3019 1177 3336 1234 spectatore.
3359 1167 3494 1235 Quid

1915 1251 2058 1304 enim
2091 1251 2245 1306 nobis
2275 1253 2393 1307 aliis
2427 1255 2596 1308 oculis
2624 1270 2775 1324 opus,
2807 1271 2926 1310 cum
2960 1257 3004 1311 is
3031 1258 3117 1327 qui
3150 1258 3302 1313 nobis
3329 1261 3495 1314 Ιιοιιο-

1918 1355 2028 1394 rem
2055 1350 2108 1395 et
2136 1344 2409 1410 praemium
2443 1344 2726 1414 largiturus
2764 1356 2866 1410 est,
2895 1356 3042 1415 gesta
3076 1358 3253 1401 nostra
3284 1364 3497 1419 semper

1919 1430 2127 1485 videat?
2152 1433 2429 1498 Quomodo
2460 1449 2564 1488 non
2595 1435 2884 1489 absurdum
2923 1437 3011 1502 sit,
3044 1451 3253 1491 servum
3281 1440 3492 1508 quidem

1915 1522 1979 1574 ad
2019 1522 2134 1576 heri
2181 1524 2262 1578 sui
2308 1524 2554 1592 placitum
2605 1526 2781 1578 omnia
2823 1525 3034 1590 facere,
3083 1528 3316 1598 nihilque
3353 1531 3493 1583 aliud

1913 1627 2174 1680 quaerere,
2200 1629 2356 1682 quam
2404 1623 2458 1667 ul
2492 1616 2559 1668 ab
2604 1615 2717 1684 ipso
2758 1615 3018 1682 videatur,
3068 1633 3238 1686 neque
3268 1619 3402 1672 alios
3429 1623 3492 1672 ad

1911 1713 2059 1771 gesta
2089 1719 2181 1757 sua
2222 1704 2407 1758 oculos
2441 1707 2756 1774 exquirere,
2791 1707 3131 1773 quantumvis
3175 1707 3347 1776 magni
3387 1708 3495 1761 sint

1911 1795 1998 1848 alii
2019 1804 2365 1863 spectatores,
2399 1795 2492 1849 sed
2525 1811 2684 1848 unum
2714 1810 2934 1864 scopum
2966 1797 3165 1850 habere
3194 1797 3336 1850 ntab
3364 1798 3492 1852 hero

1910 1901 2008 1940 suo
2038 1886 2315 1952 videatur;
2365 1902 2462 1941 nos
2503 1896 2678 1941 autem
2708 1887 2864 1941 talem
2898 1888 3154 1940 habentes
3189 1889 3490 1950 Dominum,

1910 1978 2043 2031 alios
2065 1993 2306 2046 qturrere
2353 1986 2701 2046 spectatores,
2740 1977 2830 2046 qui
2877 1992 2974 2031 nos
3013 1978 3141 2030 nihil
3165 1978 3370 2046 juvare,
3397 1981 3491 2033 sed

1909 2068 2216 2137 aspicienda
2237 2083 2428 2122 nocere
2446 2077 2687 2137 possunt,
2702 2075 2976 2136 totumque
2999 2067 3230 2121 laborem
3251 2080 3490 2122 nostrum

1911 2161 2082 2215 {metu
2109 2174 2330 2214 vacuum
2367 2159 2634 2213 reddere?
2662 2157 2758 2221 Ne,
2787 2172 2988 2227 quaso,
3022 2157 3070 2211 id
3101 2173 3318 2227 agamus
3351 2177 3363 2212 :
3396 2159 3489 2212 sed

1908 2269 1938 2308 a
1983 2269 2088 2324 quo
2132 2252 2436 2308 mercedem
2481 2252 2748 2321 accepturi
2791 2266 3008 2315 sumus,
3055 2267 3178 2306 eum
3219 2261 3486 2322 gestorum

1909 2345 2236 2404 laudatorem
2281 2343 2602 2398 advocemus
2647 2353 2699 2395 et
2743 2351 3118 2412 spectatorem.
3167 2342 3302 2396 Nihil
3336 2344 3489 2398 nobis

1907 2452 2189 2490 commune
2217 2451 2336 2490 cum
2369 2435 2614 2489 humanis
2640 2435 2808 2488 oculis
2835 2434 2918 2487 sil.
2946 2435 3000 2488 Si
3030 2435 3170 2487 enim
3207 2434 3340 2488 hanc
3368 2435 3486 2504 glo-

1908 2529 2038 2580 riam
2065 2527 2274 2596 asseqni
2302 2526 2642 2591 voluerimus,
2674 2540 2790 2579 eam
2815 2524 3052 2594 profecto
3072 2539 3480 2594 consequemur.

1905 2637 2024 2673 enm
2055 2621 2220 2674 solam
2253 2620 2342 2672 Dei
2375 2632 2677 2688 quaeremus
2703 2619 2946 2687 gloriam.
2971 2617 3107 2671 Nam
3137 2618 3483 2687 gloriﬁcantes

1905 2727 1981 2763 me
2006 2711 2296 2781 glori/icabo
2326 2711 2371 2778 (l
2436 2711 2568 2779 Reg.
2592 2707 2646 2762 2.
2680 2710 2790 2779 30),
2820 2709 3003 2778 inquit.
3037 2709 3113 2762 Ae
3141 2707 3485 2778 quemadmoo

1903 2802 2026 2856 dum
2057 2811 2180 2856 tunc
2227 2803 2454 2858 maxime
2493 2803 2691 2856 divitiis
2715 2802 3002 2868 aflluimus,
3033 2816 3154 2856 cum
3193 2801 3309 2856 illas
3334 2817 3486 2871 Spero

1906 2893 2099 2952 nimus,
2132 2902 2185 2946 et
2212 2907 2238 2944 a
2280 2893 2388 2946 Deo
2421 2901 2621 2946 tantum
2649 2891 2861 2946 divitias
2888 2891 3180 2962 quaerimus
3213 2889 3359 2962 (nam
3384 2892 3478 2955 ait,

1906 2987 2124 3051 anrite
2144 3002 2348 3055 regnum
2393 2985 2504 3048 Dei,
2533 2996 2577 3038 et
2622 2987 2728 3040 litvo
2771 2987 2940 3040 omnia
2994 2986 3298 3053 adjiciantur
3343 2985 3481 3037 vobis

1902 3073 2112 3144 [Matt/1.
2146 3075 2196 3128 6.
2228 3074 2378 3145 53]);
2413 3076 2488 3127 sic
2516 3086 2569 3129 et
2603 3076 2668 3129 de
2697 3077 2861 3143 gloria
2892 3075 3198 3129 dicendum.
3223 3075 3352 3129 Cum
3377 3076 3481 3128 lar-

1901 3165 2028 3232 gitio
2058 3164 2167 3216 sive
2187 3165 2547 3232 pecuniarum,
2566 3165 2677 3216 sive
2703 3165 2885 3232 gloria:
2903 3164 3137 3232 periculo
3161 3173 3328 3226 vacat,
3359 3174 3480 3217 tunc

1904 3253 2044 3306 illam
2090 3253 2229 3306 Deus
2276 3251 2606 3306 abundanter
2650 3253 2903 3320 impertit.
2947 3252 3103 3306 'l‘unc
3149 3261 3325 3307 autent
3370 3253 3482 3305 hinc

1902 3343 2017 3396 sine
2043 3342 2279 3411 periculo
2306 3353 2450 3407 sunt,
2481 3358 2600 3397 cum
2634 3343 2788 3397 nobis
2819 3359 2922 3396 non
2951 3344 3234 3412 imperant,
3264 3359 3363 3398 nec
3383 3343 3478 3396 do-

1903 3434 2202 3496 minantur;
2230 3448 2326 3486 nec
2357 3433 2510 3486 nobis
2539 3443 2804 3502 tamquam
2841 3436 3010 3486 servis
3037 3442 3273 3500 utuntur,
3303 3433 3396 3487 Sed
3427 3448 3482 3486 ut

1905 3521 2048 3576 heris
2071 3532 2126 3577 et
2153 3521 2337 3576 liberis
2356 3521 2569 3576 adsunt.
2595 3521 2717 3575 Ideo
2745 3536 2848 3575 non
2879 3522 2993 3576 vult
3019 3536 3117 3576 nos
3139 3522 3256 3576 illas
3278 3538 3480 3584 amare.

1902 3628 1969 3668 ne
1998 3612 2065 3669 iis
2092 3609 2456 3682 subjiciamur.
2490 3610 2640 3680 Quod
2681 3613 2725 3667 si
2773 3625 3148 3684 assequamur,
3182 3611 3300 3669 iilas
3329 3613 3480 3668 nobis

1901 3723 2022 3763 cum
2049 3707 2364 3761 abundantia
2390 3708 2552 3760 multa
2583 3707 2820 3776 largitur.
2854 3705 2990 3774 Quid
3015 3707 3160 3760 enim
3188 3706 3352 3760 Paulo
3380 3707 3481 3760 cla-

1903 3800 2034 3862 rius.
2062 3812 2263 3868 quaeso,
2294 3798 2383 3866 qui
2409 3799 2479 3851 ait
2505 3814 2518 3852 :
2544 3796 2663 3850 Non
2692 3799 2960 3865 quoniam:
2980 3795 3040 3848 ab
3064 3795 3346 3849 hominibus
3366 3797 3479 3865 glo-

1904 3891 2050 3954 riam,
2097 3904 2254 3957 neque
2290 3905 2321 3939 a
2367 3886 2521 3949 vobis,
2565 3902 2721 3956 neque
2759 3887 2820 3939 ab
2845 3886 2959 3940 aliis
2991 3886 3068 3952 (Ι.
3099 3884 3276 3939 Thess.
3308 3883 3365 3937 2.
3393 3886 3479 3949 li)?

1900 3980 2038 4048 Quid
2057 3978 2369 4047 locupletius
2399 3977 2489 4030 illo
2518 3978 2605 4046 qui
2638 3976 2767 4029 nihil
2815 3974 2994 4038 habet,
3023 3985 3076 4028 et
3101 3976 3277 4027 omnia
3309 3976 3475 4042 possi-

1904 4070 2033 4122 det?
2059 4069 2187 4122 Cum
2218 4066 2384 4132 enim,
2436 4077 2492 4119 ut
2530 4066 2659 4131 dixi,
2701 4082 2805 4119 non
2849 4065 3192 4134 subjicietnur
3215 4067 3314 4123 eis,
3358 4075 3480 4115 tunc

1905 4164 2020 4216 illas
2048 4160 2365 4221 tenebimus,
2412 4169 2534 4210 tunc
2572 4157 2916 4226 accipiemus.
2966 4156 3022 4209 Si
3054 4156 3230 4222 itaque
3259 4153 3481 4220 gloriam

1903 4253 2112 4322 assequi
2138 4251 2431 4321 cupiamus,
2462 4248 2686 4318 gloriam
2729 4246 3020 4316 fugiamus;
3053 4246 3130 4299 sic
3162 4244 3300 4297 enim
3331 4254 3482 4309 pote-

1905 4345 2089 4406 rimus,
2124 4340 2346 4398 servatis
2389 4341 2481 4394 Dei
2513 4337 2811 4408 prmceptis,
2838 4347 2892 4390 et
2919 4334 3197 4404 prmsentia
3227 4343 3279 4388 et
3309 4332 3482 4385 futura

1903 4436 2155 4506 consequi
2199 4435 2359 4495 bona,
2402 4449 2496 4502 per
2553 4430 2776 4500 gratiam
2813 4428 3046 4491 Christi,
3087 4430 3300 4496 quicum
3341 4426 3482 4478 Patri

1901 4528 2091 4599 gloria,
2119 4539 2328 4594 unaque
2354 4523 2569 4590 Spiritui
2602 4531 2808 4586 sancto,
2839 4520 2891 4574 in
2921 4518 3113 4573 sarcula
3140 4515 3480 4571 saeculorum.

1904 4623 2096 4674 Amen.

3093 4780 3454 4793 ———————

2472 4797 2595 4804 __._____
2607 4788 3063 4803 ’ῤ’-.-ῤ-
3076 4789 3088 4794 ,

1590 4813 2086 4921 uouit—inv.
2115 4811 2118 4813 λ

1902 4955 2182 5013 confertim
2208 4951 2309 5005 hoc
2351 4949 2546 5004 faciunt
2569 4989 2584 5012 ,
2613 4945 2703 5000 sed
2733 4943 2983 5015 paulatim
3008 4985 3024 5010 ,
3055 4953 3109 4998 et
3145 4944 3329 4998 eadem
3357 4944 3484 5014 ipsis

1901 5062 2043 5117 s:rpe
2071 5051 2336 5114 repetunt,
2364 5051 2501 5096 utea
2536 5037 2740 5092 facilius
2765 5037 2816 5090 in
2839 5045 3017 5091 mente
3044 5037 3349 5127 imprimam
3369 5079 3383 5101 ,
3417 5053 3486 5091 ne

1901 5153 1928 5188 τι
1963 5137 2221 5206 principio
2247 5133 2486 5188 deterriti
2523 5127 2860 5183 multitudine
2889 5143 3074 5182 eorum
3102 5143 3220 5196 quae
3250 5143 3336 5181 vni
3361 5145 3480 5182 me-

1903 5228 2067 5279 moria
2106 5225 2338 5279 retinere
2363 5223 2576 5284 valeat,
2619 5218 2890 5288 segniores
2916 5218 3142 5272 evadant
3166 5216 3232 5270 ad
3261 5231 3326 5270 ea
3363 5231 3484 5286 qua)

1904 5317 2002 5370 sibi
2031 5316 2218 5371 tradita
2245 5323 2372 5368 sunt
2399 5311 2692 5380 colligenda
2721 5352 2735 5374 ,
2767 5308 2969 5363 desidia
3004 5307 3214 5362 tandem
3243 5323 3306 5362 ex
3336 5308 3482 5362 difﬁ-

1902 5408 2188 5461 cultatibus
2216 5415 2385 5474 parta.
2417 5403 2566 5456 Hunc
2591 5416 2691 5472 ego
2716 5417 2918 5456 morem
2951 5416 3166 5469 sequar,
3204 5401 3482 5469 levemque

1901 5500 2050 5554 vobis
2090 5499 2325 5553 laborem
2375 5494 2595 5550 reddam
2638 5515 2651 5551 :
2691 5510 2754 5550 ac
2794 5494 3043 5566 paulatim
3088 5503 3145 5550 et
3185 5508 3278 5561 per
3305 5502 3482 5561 partes

1899 5590 2128 5661 acceptis
2158 5589 2220 5644 iis
2242 5630 2255 5656 ,
2289 5602 2407 5658 qua:
2435 5591 2485 5641 in
2514 5587 2611 5641 hac
2655 5601 2804 5642 sacra
2851 5600 3032 5640 mensa
3076 5590 3440 5652 proponuntur
3463 5621 3480 5648 ,

3093 5697 3127 5749 3
