4000 6210
726 265 789 319 ιτ
1435 262 1491 315 s.
1532 257 1810 313 :oanms
1847 248 2320 309 cttuvsosrout
2357 250 2672 307 ARCIIIEP.
2712 252 3240 313 CONSTANTINOP.

725 387 801 438 sic
827 398 886 437 ea
914 381 965 435 in
996 380 1201 434 annuos
1232 383 1437 432 vestros
1464 372 1767 428 immittam.
1808 369 2037 438 Ideoque
2064 367 2177 438 ipsa
2208 366 2309 419 ite—

730 490 845 529 rum
877 472 1037 527 verba
1067 482 1357 540 proponam
1379 508 1393 532 ,
1425 479 1528 519 non
1577 474 1631 517 ut
1662 462 1801 516 idem
1836 471 2071 530 repetam
2092 499 2105 523 ,
2133 456 2226 512 sed
2258 465 2315 510 ut

726 564 917 620 addam
934 562 1150 615 omissa.
1171 561 1277 628 Age
1294 572 1420 627 ergo
1438 555 1597 610 verba
1615 569 1802 608 rursus
1821 552 1887 605 ab
1912 551 2061 606 initio
2082 549 2313 603 adduca-

736 671 853 710 mus
883 672 896 707 :
932 652 993 705 In
1018 651 1269 721 principio
1303 658 1408 705 erat
1453 647 1682 708 Verbum,
1712 656 1755 702 et
1796 642 2013 697 Verbum
2042 650 2146 695 erat
2175 640 2315 709 apud

730 758 911 810 Deum.
959 755 1071 809 Cur
1121 768 1240 807 cnm
1291 751 1379 804 alii
1434 746 1773 817 evangelisuc
1824 741 1891 794 ab
1951 735 2314 793 incarnatione

725 849 922 902 Christi
947 850 1052 901 orsi
1094 855 1216 901 sunt
1246 842 1266 911 (
1294 859 1413 896 nam
1460 840 1733 894 lllatthams
1778 836 1856 890 sic
1882 833 2087 889 orditur
2116 851 2127 884 :
2166 828 2315 882 Liber

729 941 1066 1008 generationis
1091 933 1216 991 Jesu
1249 933 1470 998 Christi,
1499 932 1593 1000 filii
1622 928 1825 993 David;
1855 927 2023 980 Lucas
2063 922 2216 976 nobis
2249 935 2310 973 ea

728 1048 845 1100 qua:
868 1030 1084 1085 Mariam
1111 1036 1352 1099 spectant
1373 1026 1423 1079 in
1445 1023 1701 1094 principio
1715 1028 1947 1076 enarrat.
1968 1017 2172 1070 Marcus
2188 1027 2314 1068 vero

730 1123 922 1175 similia
948 1121 1058 1175 fere
1082 1120 1298 1189 profert,
1317 1133 1382 1171 ex
1412 1115 1659 1183 Baptista:
1685 1111 1904 1166 historia
1926 1106 2124 1175 orsus),
2148 1104 2314 1159 Joan-

733 1229 826 1267 nos
852 1214 901 1266 id
928 1213 1107 1282 paucis
1126 1220 1178 1265 et
1208 1219 1326 1280 post
1345 1210 1426 1262 illa
1459 1209 1630 1276 priora
1651 1202 2002 1259 subindicavit
2020 1200 2101 1254 his
2116 1198 2310 1261 verbis,

729 1304 798 1358 Et
833 1303 1042 1357 Verbum
1069 1319 1186 1356 caro
1216 1307 1402 1373 factum
1433 1309 1502 1354 est
1530 1301 1548 1369 (
1577 1297 1734 1352 Joan.
1768 1297 1817 1350 I.
1843 1296 1909 1350 M
1939 1294 1980 1365 ),
2002 1293 2315 1362 caeterisqne

732 1396 979 1449 oumibus
1007 1391 1399 1463 praetermissis,
1431 1389 1811 1457 conceptione,
1842 1394 2017 1456 partu,
2045 1383 2310 1438 educatio-

733 1502 820 1551 ne,
855 1487 1205 1549 incremento,
1236 1493 1491 1537 :rternam
1523 1480 1700 1535 statim
1728 1477 2129 1549 generationem
2160 1474 2314 1529 nobis

730 1580 984 1631 enarrat?
1006 1577 1260 1643 Quaenam
1277 1574 1471 1629 horum
1495 1587 1654 1627 causa
1680 1573 1767 1634 sit,
1794 1570 1904 1639 jam
1935 1568 2086 1622 vobis
2112 1566 2307 1621 dicam.

730 1667 863 1721 Cum
910 1668 1088 1720 cancri
1131 1664 1467 1735 evangelista!
1497 1663 1563 1718 de
1586 1662 1653 1716 iis
1682 1676 1800 1731 qua:
1829 1674 2044 1713 carnem
2072 1666 2313 1727 spectant

734 1772 788 1812 ut
837 1759 1120 1828 plurimum
1172 1758 1327 1810 verba
1377 1755 1664 1816 fecissent,
1715 1749 2003 1805 timendum
2052 1756 2201 1810 erat,
2246 1760 2315 1800 ne

730 1848 961 1917 quipiam
990 1846 1135 1900 humi
1163 1853 1412 1913 repentes
1437 1844 1487 1897 in
1519 1842 1664 1896 hisce
1687 1840 2021 1909 dogmatibus
2049 1837 2310 1891 consiste-

733 1946 881 1999 rent;
927 1935 1068 2005 quod
1112 1944 1165 1989 et
1218 1934 1380 1989 Paulo
1423 1931 1789 1985 Samosatensi
1822 1928 2062 1997 contigit.
2106 1926 2182 1980 Ex
2217 1924 2314 1978 hac

737 2028 895 2098 igitur
912 2026 1115 2094 abjccta
1140 2025 1390 2095 Opinione
1412 2022 1671 2078 reducens
1694 2034 1787 2075 eos
1807 2019 1896 2089 qui
1921 2017 2117 2085 lapsuri
2139 2023 2311 2080 erant,

734 2130 788 2173 et
817 2120 881 2173 ad
913 2120 1070 2173 caelos
1101 2118 1341 2187 erigens,
1390 2115 1507 2185 jure
1534 2129 1597 2169 ex
1630 2126 1857 2182 superna
1885 2119 2188 2177 :eternaqne
2218 2124 2315 2161 ex-

733 2212 970 2266 sistcntia
1013 2209 1258 2265 narrandi
1293 2207 1605 2278 principium
1636 2203 1800 2259 ducit.
1846 2201 1977 2255 Nam
2021 2214 2141 2254 cum
2180 2198 2312 2252 Mat-

735 2303 903 2355 thaeus
948 2300 1015 2354 ab
1068 2300 1278 2354 Herode
1325 2314 1485 2367 rege,
1534 2296 1703 2350 Lucas
1748 2309 1777 2347 a
1828 2292 2044 2347 Tiberio
2070 2290 2313 2355 Caesare,

735 2392 942 2447 Marcus
964 2407 994 2445 a
1022 2390 1338 2459 baptismate
1357 2386 1576 2441 Joannis
1603 2385 1963 2438 narrationem
1985 2381 2270 2448 cmpissent
2300 2395 2314 2431 :

735 2486 850 2539 istis
894 2483 1141 2537 omnibus
1184 2480 1275 2535 ille
1324 2478 1567 2539 omissis,
1597 2476 1773 2530 statim
1820 2488 1979 2543 supra
2027 2482 2235 2540 tempus
2265 2478 2319 2524 et

735 2576 987 2631 saeculum
1016 2589 1175 2628 omne
1204 2571 1545 2636 conscendit,
1580 2570 1806 2638 illucque
1831 2568 2131 2621 auditorum
2160 2580 2315 2619 men-

740 2680 845 2723 tem
873 2668 1022 2738 quasi
1046 2667 1329 2736 jaculatnr,
1355 2680 1475 2719 eum
1496 2664 1587 2729 ait,
1620 2661 1687 2715 1n
1709 2662 1957 2731 principio
1980 2669 2086 2714 erat
2109 2677 2128 2714 :
2146 2674 2317 2728 neque

735 2759 1061 2814 consistendi
1095 2759 1265 2813 locum
1298 2757 1548 2826 reli'nqnit
1573 2798 1587 2820 ,
1618 2770 1789 2824 neque
1821 2754 2102 2809 terminum
2137 2752 2313 2821 ponit,

736 2862 795 2906 ut
823 2852 932 2917 illi,
965 2850 1227 2906 llerodem
1282 2864 1474 2919 nempe
1499 2891 1512 2914 ,
1538 2848 1812 2903 Tiberium
1838 2856 1894 2902 et
1916 2845 2196 2901 Joannem.
2235 2843 2316 2899 Ad

738 2941 851 2995 hare
871 2982 886 3007 ,
919 2940 1059 3010 quod
1090 2954 1430 3009 summopere
1459 2937 1788 3003 mirandum,
1820 2952 1993 3005 neque
2025 2935 2110 2989 hic
2146 2933 2316 2989 subli-

735 3034 960 3090 miorem
1009 3048 1287 3103 aggressus
1334 3046 1667 3095 sermonem,
1701 3028 2051 3084 oeconomiam
2091 3027 2202 3082 sive
2228 3026 2314 3081 in-

736 3125 1099 3180 carnationem
1150 3123 1415 3193 neglexit;
1447 3136 1636 3191 neque,
1666 3121 1753 3190 qni
1782 3134 1899 3174 eam
1927 3126 2278 3172 narraverunt
2299 3157 2314 3181 ,

740 3216 881 3271 illius
908 3224 1035 3269 ante
1060 3214 1249 3268 sarcula
1275 3215 1638 3268 exsistentiam
1677 3219 1990 3273 tacuerunt;
2022 3208 2179 3279 idque
2197 3209 2318 3277 jure

737 3308 947 3361 merito.
971 3304 1118 3362 Unus
1138 3306 1333 3374 quippe
1354 3304 1581 3373 Spiritus
1602 3312 1715 3356 erat
1735 3302 1821 3371 qui
1844 3314 2028 3355 omnes
2051 3299 2314 3363 movebat;

738 3399 961 3467 ideoque
992 3412 1237 3465 magnum
1271 3395 1322 3448 in
1356 3397 1657 3448 narratione
1700 3407 2018 3448 consensum
2063 3390 2318 3445 exhibue-

738 3498 880 3541 rttnt.
915 3486 992 3541 Tu
1023 3502 1171 3549 vero,
1201 3485 1413 3550 dilecte,
1439 3500 1558 3537 eum
1593 3482 1820 3536 Verbum
1862 3482 2032 3548 audis,
2064 3497 2131 3535 ne
2178 3479 2316 3534 feras

734 3594 829 3632 eos
858 3579 944 3647 qui
973 3578 1153 3631 dicunt
1200 3577 1368 3645 ipsum
1416 3575 1683 3645 opiﬁcium
1715 3589 1864 3637 esse;
1898 3587 2069 3642 neque
2095 3586 2187 3626 eos
2226 3572 2313 3640 qui

739 3678 926 3738 putant
956 3668 1125 3736 ipsum
1158 3666 1470 3734 simpliciter
1501 3664 1717 3718 verbum
1765 3677 1904 3718 esse.
1934 3662 2093 3715 Multa
2125 3676 2314 3729 nempe

736 3771 859 3815 sunt
915 3761 1006 3815 Dei
1048 3760 1239 3826 verba,
1279 3774 1396 3827 quae
1427 3767 1480 3811 et
1505 3756 1678 3825 angeli
1725 3754 1952 3818 faciunt;
1984 3753 2078 3809 sed
2114 3753 2312 3807 nnllmn

738 3854 989 3906 horumce
1023 3851 1306 3905 verborum
1340 3850 1474 3903 Deus
1505 3859 1618 3913 est;
1647 3862 1830 3901 verum
1878 3845 1964 3899 illa
1989 3844 2163 3899 omnia
2192 3853 2316 3898 sunt

739 3941 1029 4011 prophetia:
1057 3950 1109 3994 et
1143 3950 1403 4009 praecepta
1437 3938 1555 4009 (sic
1583 3938 1724 3992 enim
1756 3936 1892 3991 solet
1917 3936 2188 4005 Scriptura
2220 3950 2313 3988 vo-

732 4050 855 4089 care
884 4035 1024 4104 leges
1054 4034 1139 4087 Dei
1162 4076 1175 4097 ,
1213 4041 1469 4101 prmcepta
1509 4038 1562 4084 et
1609 4027 1915 4099 prophetias
1950 4045 1964 4083 :
1995 4027 2220 4097 ideoque
2247 4026 2313 4081 de

733 4126 932 4195 angelis
961 4124 1174 4191 adjicit,
1214 4122 1447 4176 Potentes
1472 4123 1651 4174 virtute
1675 4120 1912 4188 facientes
1943 4117 2143 4171 verbum
2173 4115 2312 4169 illius

734 4217 753 4291 [
787 4218 929 4272 Psal.
971 4216 1091 4271 102.
1119 4214 1210 4287 20]
1248 4234 1259 4268 :
1297 4217 1394 4268 hoc
1423 4225 1600 4269 antem
1645 4213 1878 4268 Verbum
1912 4211 2201 4265 substantia
2230 4220 2312 4264 est

734 4309 782 4360 in
816 4307 1121 4378 hyposmsi,
1154 4322 1272 4375 qua:
1321 4322 1349 4358 a
1397 4305 1551 4358 Patre
1594 4304 1708 4357 sine
1754 4302 2001 4372 passione
2050 4300 2308 4369 procedit.

733 4399 865 4453 Illud
904 4399 1045 4453 enim
1073 4440 1087 4464 ,
1122 4408 1178 4451 nt
1207 4397 1351 4463 dixi,
1383 4412 1477 4461 per
1514 4395 1667 4449 Verbi
1709 4394 2115 4465 appellationem
2147 4390 2311 4461 signi-

732 4492 924 4546 licavit.
949 4490 1405 4558 Quemadmodum
1445 4488 1601 4557 igitur
1638 4485 1764 4540 illud
1789 4528 1803 4553 ,
1837 4486 1901 4539 In
1933 4485 2181 4555 principio
2205 4494 2310 4537 erat

742 4581 988 4647 Verbum,
1021 4583 1373 4637 a-teruitatem
1402 4580 1621 4633 denotat
1651 4595 1663 4630 :
1702 4579 1767 4632 ita
1796 4588 1845 4632 cl
1880 4578 2027 4642 illud,
2061 4575 2176 4631 Hoc
2202 4586 2308 4630 erat

726 4678 778 4729 in
811 4675 1059 4747 principio
1089 4675 1226 4745 apud
1252 4672 1450 4736 Deum,
1489 4672 1909 4726 comternitatcm
1933 4671 2085 4726 nobis
2107 4671 2308 4739 signiti-

726 4776 833 4821 cat.
867 4766 1079 4822 Etenim
1128 4782 1193 4821 ne
1234 4764 1491 4827 audiens,
1527 4760 1589 4817 In
1630 4763 1881 4833 principio
1909 4772 2015 4816 erat
2054 4761 2303 4827 Verbum,

729 4865 986 4910 :ctcrnnm
1015 4856 1231 4925 quidem
1261 4855 1596 4909 existimares
1615 4896 1629 4919 ,
1659 4853 1751 4907 sed
1784 4853 1993 4907 Patrem
2023 4854 2201 4923 aliquo
2231 4854 2308 4905 vi.

730 4959 796 5001 ta:
827 4949 1112 5002 interstitio
1158 4948 1464 5008 seniorem,
1515 4955 1569 5000 et
1610 4946 1828 5015 majoris
1867 4946 1964 4998 aevi
2014 4946 2303 5014 crederes,

728 5056 862 5095 neve
895 5040 1207 5110 principium
1249 5040 1532 5110 Unigeuito
1577 5038 1769 5104 dares,
1816 5037 2031 5106 adjecit,
2080 5036 2208 5091 Erat
2252 5041 2304 5092 in

724 5114 973 5203 principio
999 5133 1138 5203 apud
1183 5131 1340 5185 Deum
1382 5150 1401 5187 :
1445 5133 1515 5186 ita
1546 5139 1779 5186 internus
1810 5141 1867 5183 ιιι
1911 5130 2103 5192 Pater;
2147 5148 2301 5185 nunt-

722 5240 879 5294 quam
931 5225 1073 5279 enim
1123 5222 1297 5278 Verbo
1342 5238 1539 5278 vacuus
1589 5221 1722 5285 fuit;
1780 5221 1872 5276 sed
1925 5222 2303 5290 sempermens

721 5315 861 5384 apud
906 5316 1070 5369 Deum
1103 5314 1196 5368 fuit
1231 5315 1282 5368 in
1310 5314 1520 5384 propria
1550 5313 1651 5369 sibi
1702 5312 1992 5382 ltypostasi.
2026 5312 2301 5378 Quomodo

720 5419 870 5476 ergo,
896 5404 1104 5474 inquies
1122 5443 1137 5468 ,
1166 5403 1377 5471 adjecit,
1410 5404 1473 5457 In
1500 5403 1686 5457 mundo
1711 5412 1817 5457 erat
1843 5400 2017 5472 (Ioan.
2044 5402 2094 5455 ι.
2127 5399 2237 5473 10),
2255 5403 2297 5455 si

719 5507 828 5552 crat
858 5495 994 5564 apud
1028 5496 1188 5549 Deum
1210 5495 1232 5548 ?
1256 5493 1387 5561 Quia
1414 5503 1466 5548 et
1491 5496 1628 5564 apud
1653 5494 1818 5549 Deum
1841 5494 1978 5547 Deus
2004 5502 2136 5556 erat,
2168 5502 2220 5547 et
2247 5494 2297 5546 itt

720 5588 918 5644 mutulo
960 5595 1116 5643 erat:
1161 5588 1306 5641 nullo
1357 5585 1550 5655 quippe
1607 5584 1868 5639 clauditur
1915 5584 2143 5661 termino
2185 5586 2297 5637 sive

724 5681 897 5763 Pater:
931 5681 1042 5737 sive
1070 5681 1255 5737 Filius.
1306 5678 1434 5732 Nam
1470 5678 1513 5733 si
1561 5676 1929 5746 Mugnilttdittis
1961 5677 2069 5739 eius
2096 5691 2193 5729 non
2223 5686 2295 5729 est

2422 364 2573 431 ﬁnis,
2608 363 2674 417 Et
2719 367 2983 435 sapientia:
3023 370 3133 438 ejus
3158 386 3257 425 non
3302 379 3375 426 est
3402 387 3623 429 numerus
3648 373 3748 444 (Pst

2420 455 2473 514 5.
2492 466 2538 508 et
2558 455 2678 510 N6.
2695 456 2772 527 5),
2791 457 2956 528 liquet
2974 474 3146 529 neque
3161 461 3472 517 substantia:
3492 464 3621 519 illius
3638 480 3745 522 esse

2420 547 2732 615 temporale.
2758 548 2962 604 Audisti
2985 592 2999 614 ,
3042 550 3109 605 In
3150 553 3399 624 principio
3424 556 3538 625 fecit
3564 556 3689 612 Deus
3716 576 3748 613 Cl

2420 647 2605 691 terram
2629 639 2653 690 ?
2680 638 2817 706 Quid
2847 642 3049 711 cogitas
3076 643 3144 698 de
3210 646 3308 700 hoc
3354 648 3641 718 principio?
3668 649 3748 707 Cet

2422 730 2534 782 lucc
2562 740 2689 785 ante
2712 733 2889 788 omnia
2918 735 3145 789 visibilia
3196 737 3333 793 facta
3383 740 3509 795 sint.
3555 741 3638 797 Sic
3673 755 3722 798 et

2422 818 2703 889 Unigcnito
2742 822 2894 877 audis
2917 865 2931 888 ,
2960 823 3024 877 In
3052 826 3300 895 principio
3328 840 3464 894 erat,
3495 840 3611 884 ante.
3639 833 3748 889 intel

2420 915 2596 967 omnia
2627 926 2680 969 et
2708 927 2833 971 ante
2879 920 3073 973 sarcula
3108 921 3280 989 ipsum
3314 938 3436 977 esse
3478 925 3723 996 intelligas

2418 1005 2568 1072 Quod
2617 1008 2661 1061 si
2707 1009 2827 1078 quis
2856 1009 3049 1065 dixerit
3088 1028 3100 1063 :
3136 1012 3199 1065 Et
3228 1015 3496 1082 quomodo
3540 1016 3645 1071 lieri
3689 1034 3748 1088 po

2423 1097 2592 1153 Filius
2635 1114 2757 1154 cum
2798 1102 2897 1168 sit,
2952 1117 3055 1157 non
3105 1104 3174 1158 sit
3216 1104 3398 1174 jnnior
3439 1107 3621 1163 Patre?
3660 1126 3748 1167 nan

2418 1188 2595 1258 aliquo
2636 1199 2751 1252 est,
2798 1193 3103 1247 necessario
3143 1197 3411 1263 posterior
3436 1208 3515 1253 est
3562 1200 3695 1255 illoa
3723 1220 3748 1272 q

2420 1282 2859 1349 respondebimus
2878 1324 2891 1347 ,
2924 1284 3039 1338 hare
3065 1299 3130 1339 ex
3162 1286 3407 1342 humanis
3438 1291 3748 1358 cogitationil

2419 1368 2602 1435 ﬁcisci,
2624 1383 2678 1427 et
2707 1388 2828 1427 eum
2858 1375 2947 1444 qui
2974 1374 3088 1430 haec
3114 1378 3322 1447 qutcrit,
3340 1380 3639 1436 absurdiora
3669 1385 3748 1439 eti:

2418 1460 2642 1515 siturum
2671 1477 2823 1529 esse;
2848 1480 2946 1520 nec
2984 1480 3106 1521 esse
3149 1466 3235 1522 illa
3274 1472 3356 1523 vel
3397 1471 3607 1525 auribus
3629 1489 3746 1541 perc

2423 1555 2494 1609 De
2545 1556 2650 1610 Deo
2680 1558 2875 1629 quippe
2915 1560 3068 1615 nobis
3111 1571 3193 1616 est
3237 1577 3448 1626 sermo,
3492 1581 3591 1618 non
3617 1567 3679 1620 de
3711 1571 3747 1619 lt

2420 1656 2642 1714 natura,
2697 1649 2999 1719 bujusmodi
3053 1655 3451 1710 ratiociniormn
3500 1673 3747 1729 conseque

2420 1739 2722 1793 necessitati
2752 1741 3009 1811 subjecta.
3038 1743 3415 1800 Verumtamen
3443 1747 3508 1801 ad
3539 1748 3748 1805 inﬁrmia

2419 1828 2683 1885 borandos
2712 1833 3170 1898 respondebimus.

2489 1921 2545 1976 2.
2579 1923 2673 1978 Dic
2698 1939 2826 1994 ergo
2854 1926 3017 1979 mihi:
3049 1926 3248 1983 Radius
3289 1931 3419 1986 solis
3452 1947 3517 1987 ex
3565 1944 3747 1988 natura

2419 2013 2591 2068 exsilit
2615 2057 2630 2080 ,
2661 2030 2727 2069 an
2754 2015 3010 2083 aliunde?
3036 2017 3347 2075 Necessario
3385 2022 3669 2091 fatendum,
3698 2027 3748 2081 ni

2419 2104 2517 2159 bus
2548 2107 2698 2160 vacui
2742 2106 2930 2171 simus,
2958 2123 3023 2163 ex
3054 2109 3169 2177 ejus
3208 2119 3395 2165 natura
3438 2115 3662 2183 prodire.
3696 2118 3748 2171 Et

2421 2195 2542 2251 licet
2562 2212 2624 2251 ex
2650 2197 2763 2251 sole
2785 2198 2964 2253 radius
2987 2200 3226 2270 prodeat,
3255 2218 3539 2273 numquam
3563 2206 3748 2262 dicemt

2420 2300 2539 2341 esse
2567 2288 2725 2341 solari
2760 2300 2945 2342 natura
2978 2292 3329 2358 posteriorem
3356 2310 3369 2347 :
3398 2295 3748 2366 quandoquidt

2419 2393 2581 2447 quam
2610 2379 2691 2434 sol
2718 2381 2833 2435 sine
2863 2381 3012 2435 radio
3040 2384 3190 2438 visus
3216 2392 3317 2439 est.
3345 2384 3496 2452 Quod
3525 2388 3568 2441 si
3611 2389 3661 2442 in
3702 2389 3748 2443 lti

2422 2470 2557 2525 libus
2585 2481 2639 2525 et
2679 2473 3017 2528 sensibilibus
3043 2474 3313 2544 quidpiam
3341 2478 3410 2531 sit
3444 2478 3581 2547 quod
3612 2481 3679 2534 sit
3706 2497 3748 2535 e:

2422 2574 2592 2630 neque
2622 2562 2882 2630 posterius
2923 2564 2992 2617 sit
3023 2564 3148 2630 illo;
3184 2580 3281 2620 cur
3308 2567 3357 2620 id
3390 2584 3492 2622 non
3520 2569 3692 2624 credis
3717 2572 3747 2625 d

2420 2652 2510 2707 bili
2533 2662 2589 2708 et
2610 2654 2858 2710 ineffabili
2884 2658 3108 2711 natura?
3128 2659 3289 2714 Certe
3313 2659 3412 2714 hoc
3434 2661 3601 2730 ipsum
3634 2663 3702 2717 ita
3730 2679 3748 2717 s

2420 2753 2478 2798 ut
2528 2744 2671 2799 illam
2713 2746 3063 2802 substantiam
3094 2749 3266 2804 decet.
3323 2750 3547 2823 Ideoque
3575 2753 3748 2809 Paulus

2422 2835 2475 2889 I.
2503 2836 2574 2906 5)
2603 2851 2669 2891 eo
2697 2836 2867 2906 ipsum
2892 2841 3103 2893 vocavit
3129 2842 3358 2906 nomine,
3380 2844 3534 2897 simul
3562 2845 3748 2900 declar:

2420 2925 2537 2995 ipso
2560 2935 2615 2981 et
2639 2936 2964 2982 coaeternum
3004 2930 3099 2999 ipsi
3144 2946 3283 2985 esse.
3315 2932 3448 2998 Quid
3494 2935 3683 3004 igitur?
3707 2937 3747 2991 d1

2418 3033 2594 3073 annon
2616 3020 2809 3075 saecula
2831 3022 3005 3075 omnia
3030 3030 3083 3076 et
3108 3024 3334 3091 spatium
3365 3039 3522 3079 omne
3548 3042 3642 3095 per
3663 3028 3742 3096 ips

2420 3111 2592 3165 sunt?
2621 3111 2732 3166 Hoc
2756 3112 3074 3167 conﬁteatur
3114 3128 3334 3169 necesse
3361 3124 3442 3169 est
3470 3115 3514 3169 is
3539 3157 3554 3183 ,
3584 3117 3673 3185 qui
3705 3134 3748 3172 ιιι

2421 3211 2541 3272 ptus
2567 3217 2671 3258 non
2701 3205 2788 3257 sit.
2825 3205 2960 3274 Ergo
2990 3205 3117 3259 nihil
3150 3206 3385 3261 medium
3426 3217 3510 3262 est
3553 3209 3691 3265 inter
3720 3209 3748 3263 Ii

2421 3294 2652 3348 Patrem.
2686 3294 2743 3349 Si
2770 3295 2932 3359 nihil,
2963 3311 3090 3365 ergo
3139 3312 3243 3350 non
3272 3298 3551 3367 posterior,
3579 3300 3671 3353 sed
3698 3315 3748 3355 ο(

2419 3393 2519 3438 est.
2544 3384 2673 3438 Nam
2704 3395 2820 3437 ante
2848 3396 2899 3439 et
2930 3396 3040 3453 post
3065 3397 3300 3456 tempora
3329 3388 3651 3457 signiﬁcant.
3684 3390 3748 3443 Ila

2421 3492 2576 3531 voces
2604 3493 2710 3530 non
2744 3488 2964 3546 possunt
2991 3479 3108 3533 sine
3146 3480 3342 3534 szeculo
3368 3481 3449 3534 vel
3478 3488 3723 3550 tempore

2421 3568 2560 3621 Deus
2589 3582 2719 3621 vero
2744 3569 2991 3637 superior
3019 3579 3101 3623 est
3131 3570 3458 3640 temporibus
3486 3580 3545 3625 et
3570 3573 3748 3626 saeculi

2418 3663 2462 3715 si
2500 3663 2717 3717 omnino
2757 3663 2957 3718 dixeris
3001 3664 3138 3718 Filio
3186 3666 3501 3735 principium
3548 3681 3671 3721 esse
3698 3708 3712 3731 ,

2419 3751 2626 3806 Patrem
2658 3767 2864 3823 quoque
2911 3754 3009 3809 sub
3034 3755 3296 3824 principio
3332 3754 3519 3810 eadem
3564 3757 3748 3809 ration.

2420 3853 2570 3899 tuere
2598 3846 2838 3914 cogaris;
2879 3846 3179 3916 antiquiore
3207 3846 3440 3915 quidem,
3471 3846 3568 3903 sed
3601 3857 3741 3902 tame

2418 3933 2523 4002 pio.
2554 3934 2646 3988 Dic
2674 3935 2815 3989 enim
2857 3934 2985 3989 mihi
3024 3951 3037 3988 :
3075 3938 3266 3990 Annon
3296 3938 3579 3993 terminum
3617 3947 3742 4008 atqu

2418 4024 2560 4094 pium
2591 4022 2729 4079 Filio
2757 4025 3066 4082 adscribens
3086 4068 3099 4087 .
3139 4036 3298 4097 atque
3327 4029 3394 4083 ab
3432 4028 3526 4083 illo
3554 4032 3748 4100 princil

2417 4115 2699 4183 prodiens,
2763 4117 2971 4171 Patrem
3020 4118 3163 4186 prius
3226 4118 3488 4174 exsistere
3527 4119 3709 4174 dicis?

2414 4205 2771 4260 manifestum.
2805 4207 2897 4261 Dic
2943 4222 3069 4278 ergo
3108 4208 3238 4263 milti
3266 4220 3464 4280 quanto
3495 4212 3671 4281 spatio
3710 4228 3742 4281 p

2415 4297 2613 4352 Pater?
2639 4298 2762 4353 Sive
2790 4300 2931 4353 enim
2962 4314 3202 4368 parvum,
3232 4300 3344 4355 sive
3376 4315 3631 4370 magnum
3653 4302 3741 4355 dix

2417 4391 2547 4443 tium
2570 4430 2583 4454 ,
2617 4388 2715 4444 sub
2741 4389 3002 4460 principio
3042 4389 3252 4444 Patrem
3285 4391 3524 4459 posuisti.
3554 4390 3690 4445 Nam
3723 4408 3748 4460 Γ

2414 4496 2717 4535 mensuram
2745 4482 2898 4550 spatii
2932 4480 3072 4536 illius
3096 4480 3340 4545 duxeris,
3373 4483 3450 4536 sic
3484 4481 3635 4537 dices
3665 4484 3748 4536 vel

2411 4573 2496 4627 vel
2527 4586 2775 4641 maguum
2818 4586 2938 4627 esse
2965 4590 2978 4626 :
3009 4586 3260 4628 mensura
3302 4587 3430 4628 vero
3468 4573 3594 4628 duci
3646 4590 3748 4629 non

2413 4665 2512 4719 nisi
2542 4665 2789 4734 utrinque
2820 4664 3137 4733 principium
3177 4665 3266 4718 sit.
3302 4664 3486 4733 Itaque
3518 4664 3701 4729 Patri,
3746 4696 3747 4707 ι

2414 4758 2463 4812 in
2499 4768 2549 4814 te
2576 4756 2700 4821 fuit,
2731 4757 3046 4827 principium
3074 4757 3270 4812 dedisti
3298 4772 3313 4810 :
3346 4757 3532 4827 sicque
3577 4760 3747 4812 seen'n

2419 4865 2485 4906 ne
2532 4851 2687 4905 Pater
2727 4850 2939 4920 quidem
2990 4850 3105 4904 sine
3136 4850 3396 4920 principio
3435 4851 3562 4905 erit.
3599 4850 3747 4903 Videt

2409 4957 2529 4997 esse
2550 4934 2606 4996 id
2633 4941 2773 5011 quod
2809 4957 2839 4996 a
2877 4940 3163 4996 Servatore
3193 4940 3389 4994 dictum
3427 4950 3531 5005 est,
3557 4950 3611 4994 et
3645 4940 3748 4995 dict

2410 5036 2620 5088 virtutis
2668 5032 2784 5103 ejus
2836 5034 3031 5104 ubique
3074 5043 3445 5102 argumentum
3498 5033 3669 5087 esse?
3722 5033 3748 5097 (ξ

2410 5131 2534 5185 illud
2564 5130 2681 5184 est?
2714 5127 2815 5196 Qui
2854 5144 2953 5181 non
2983 5129 3195 5181 honorat
3248 5126 3471 5192 Filium,
3509 5142 3617 5180 non
3649 5129 3748 5180 han

2408 5231 2531 5275 (rem
2558 5219 2738 5291 (Joan.
2769 5221 2822 5275 5.
2858 5220 2973 5289 23).
3002 5218 3140 5273 Novi
3166 5218 3352 5272 multis
3382 5218 3495 5271 lucc
3527 5218 3748 5287 incomp

2407 5311 2532 5366 bilia
2558 5326 2679 5367 esse
2709 5332 2723 5367 :
2757 5310 2980 5379 ideoque
3001 5309 3273 5363 ratiocinia
3294 5307 3601 5376 bujusmodi
3624 5324 3748 5361 mov

2404 5410 2717 5457 cunctamur
2740 5442 2754 5466 ,
2786 5401 2927 5471 quod
2956 5400 3143 5469 vulgus
3184 5399 3269 5453 illa
3298 5399 3511 5469 assequi
3543 5412 3748 5469 neque:

2404 5500 2739 5561 assequatur,
2770 5491 2857 5544 illa
2898 5504 3001 5544 non
3029 5488 3178 5542 lirma
3205 5498 3259 5543 et
3285 5497 3428 5542 certa
3457 5497 3745 5542 maneant.

2404 5586 2488 5638 nia
2516 5583 2709 5654 quippe
2731 5581 2989 5635 hominum
3022 5580 3204 5634 timida
3222 5590 3339 5634 sunt
3359 5622 3373 5645 ,
3404 5592 3450 5635 et
3481 5581 3707 5652 fallaces
3738 5601 3748 5631 t

2405 5693 2490 5728 nes
2519 5690 2690 5728 eorum
2718 5670 2886 5742 (Sap.
2914 5671 2965 5728 9.
2999 5673 3064 5727 Ut
3087 5672 3125 5741 ).
3158 5670 3409 5726 Libenter
3437 5682 3622 5727 autem
3656 5673 3748 5725 ad~
