4012 6210
516 349 586 403 49
1201 345 1255 398 S.
1298 344 1578 400 JOANNIS
1615 344 2091 400 CHRYSOSTOM

2196 343 2462 401 RCIIIEP.
2503 344 3033 402 CONSTANTINOP
3703 345 3780 398 σο
3830 352 3831 355 ‘

507 463 670 522 ὄντα,
699 461 835 523 ἀλλ’,
875 463 968 513 Ἐν
997 460 1153 529 ἀρχῇ
1194 456 1294 529 ἦν,
1325 460 1456 530 φησί
1483 477 1498 525 ;
1528 460 1686 514 τοῦτο
1716 462 1823 531 709
1848 462 2084 514 ἐναντίον

506 544 717 615 ἐκείνῳ·
740 546 832 599 καὶ
851 544 993 615 μάλα
1012 545 1255 606 είκότως.
1274 543 1405 605 Θεὸς
1433 546 1539 615 7&9
1569 543 1692 597 οὐτε
1713 545 1939 611 γίνεται,
1960 543 2081 596 οὔτε

506 629 617 700 ἔχει
650 646 703 681 τι
726 626 1092 698 πρεσϐύτερον
1119 638 1165 666 ιι·
1190 625 1327 679 ἀλλά
1348 626 1521 680 ταῦτα
1549 627 1814 697 Ἐλλήνων
1840 627 2081 698 ῥήματα.

506 712 641 766 Εἰπὲ
671 711 735 780 δή
773 727 861 780 μοι
902 711 1149 765 κάκεῖνο·
1200 709 1291 763 τὸν
1331 710 1553 781 κτίστην
1597 709 1707 762 τῶν
1751 709 1926 781 ἔργων
1970 710 2088 777 οὐχὶ

503 793 849 865 ἀσυγκρίτως
879 791 1165 862 ὑπερέχειν
1194 791 1367 856 εἴποις
1398 793 1497 857 ἇν;
1539 793 1706 845 Ὅταν
1732 788 1823 844 οὖν
1853 792 2034 852 αὐτοῖς
2060 790 2087 829 ι)

505 878 689 946 ὅμοιον
785 876 844 928 τὸ
869 876 927 940 ἐξ
948 877 1047 928 οὐκ
1075 876 1261 940 ὄντων,
1286 876 1390 928 ποῦ
1417 878 1449 945 ἡ
1474 876 1800 947 ἀσύγκριτος
1828 874 2085 948 ὑπεροχῆς

508 960 572 1011 Τί
602 959 658 1012 δέ
706 964 851 1013 ἐστιν
892 959 1027 1021 ὅλως
1063 958 1143 1022 τὸ,
1176 956 1322 1026 Ἐγὼ
1356 957 1584 1025 πρῶτος
1606 997 1621 1020 ,
1659 959 1753 1009 καὶ
1786 956 1901 1026 ἐγὼ
1941 956 2090 1025 μετὰ

506 1044 720 1106 ταῦτα,
758 1043 871 1105 καὶ,
899 1041 1281 1111 Ἐμπροσθέν
1320 1059 1440 1109 μου
1479 1044 1589 1094 οὐκ
1633 1040 1869 1109 ἐγένετο
1905 1041 2091 1105 ἄλλος

509 1128 653 1193 Θεός
678 1142 696 1188 ;
724 1127 783 1178 Et
810 1127 916 1195 709
937 1127 965 1178 0
993 1125 1120 1188 Υἱὸς
1145 1124 1219 1196 μή
1241 1123 1325 1193 εἴη
1348 1124 1448 1193 τῆς
1466 1123 1637 1192 αὐτῆς
1674 1123 1882 1183 οὐσίας,
1906 1122 2092 1192 ἓτερός

507 1211 623 1261 ἐστι
645 1208 798 1271 Θεός·
827 1209 919 1260 καὶ
940 1209 987 1260 εί
1012 1206 1086 1277 μή
1109 1206 1400 1269 πναῖδιος,
1434 1207 1548 1258 ἐστι
1581 1207 1696 1274 μετ’
1724 1205 1906 1257 αὐτόν·
1929 1204 2023 1259 καὶ
2043 1206 2092 1257 εί

508 1294 584 1363 μὴ
611 1295 672 1345 ἐκ
704 1291 801 1362 τῆς
840 1291 1025 1352 οὐσίας
1057 1288 1347 1360 προῆλθεν,
1378 1288 1600 1359 εὔδηλον
1638 1289 1720 1342 ὅτι
1752 1288 1987 1356 ἐγένετο.
2028 1288 2090 1341 Εί

503 1375 561 1428 δὲ
609 1375 849 1442 λέγοιεν,
881 1372 1017 1443 πρὸς
1058 1371 1464 1441 ἀντιδιαστολὴν
1500 1371 1609 1423 τῶν
1654 1370 1886 1424 είδώλων
1918 1368 2093 1423 ταῦτα

504 1458 773 1529 εἰρῆσθαι.
803 1456 920 1519 πῶς
940 1457 1000 1509 οὐ
1032 1454 1373 1525 συγχωροῦσι
1402 1454 1537 1525 πρὸς
1561 1453 1962 1524 ἀντιδιαστολὴν
1982 1453 2092 1506 τῶν

505 1540 737 1594 είδώλων
758 1539 936 1607 λέγειν
951 1538 1042 1591 τὸν
1065 1538 1224 1608 μόνον
1241 1536 1493 1607 ἀληθινὸν
1508 1536 1671 1597 Θεόν;
1690 1537 1754 1589 Ei
1778 1536 1833 1588 δὲ
1849 1537 1942 1589 καὶ
1955 1536 2091 1606 πρὸς

506 1621 914 1692 ἁντιδιαστολὴν
935 1620 1042 1672 τῶν
1076 1618 1308 1672 εἰδώλων
1330 1618 1545 1689 εἴρηται
1567 1617 1746 1680 τοῦτο,
1776 1618 1891 1680 πῶς
1919 1619 2092 1689 ἑρμη-

505 1704 716 1768 νεύσεις
739 1704 839 1774 τὴν
867 1703 1024 1772 ῥῆσιν
1045 1701 1297 1768 ἀπασανς
1327 1701 1463 1754 Μετ’
1488 1699 1593 1770 ἐμὲ
1614 1699 1744 1769 γὰρ,
1780 1701 1964 1771 φησὶν,
1981 1701 2093 1754 οὐκ

504 1790 679 1845 ἔστιν
695 1787 886 1851 ἄλλος
907 1787 1069 1849 Θεός.
1097 1786 1211 1838 Οὐκ
1242 1783 1518 1839 ἐκϐάλλων
1545 1783 1637 1837 τὸν
1660 1783 1787 1836 Υίὸν
1807 1782 1963 1836 τοῦτό
1992 1798 2091 1852 φη-

510 1888 614 1931 σιν,
630 1869 745 1922 ἀλλ’
769 1869 852 1921 ὃτι
871 1868 1001 1929 Θεὸς
1016 1867 1290 1929 είδωλικὸς
1314 1864 1432 1935 μετ’
1449 1865 1551 1935 ἐμὲ
1572 1867 1671 1919 οὐκ
1692 1865 1859 1918 ἐστιν·
1885 1864 1984 1934 οὐχ
2011 1865 2093 1917 ὅτι

508 1950 637 2014 Υἱὸς
658 1951 759 2003 οὐκ
796 1948 933 2003 ἐστι.
961 1948 1089 2012 N01,
1119 1948 1252 2018 φησί
1280 1958 1326 2001 ο.
1367 1947 1433 2001 Τί
1455 1943 1583 2013 οὗν;
1618 1947 1808 2010 καὶτὸ,
1836 1949 2091 2015 Ἐμπρο-

508 2032 788 2100 σθένμυυ
817 2034 927 2085 οὐκ
952 2031 1192 2099 ἐγένετο
1229 2029 1419 2096 ἄλλος
1449 2029 1612 2096 Θεὸς,
1657 2028 1828 2093 οὕτως
1860 2028 2092 2101 ἐκλήψῃ,

507 2119 588 2169 ὅτι
617 2115 891 2177 είδωλικδς
929 2114 1030 2185 μὲν
1062 2114 1164 2167 οὐκ
1193 2113 1431 2181 ἐγένετο.
1472 2113 1692 2181 ἐγένετο
1728 2112 1773 2166 δ’
1813 2107 1907 2165 οὖν
1943 2112 2091 2182 ὅμως

508 2200 638 2264 Υἱὸς
668 2197 983 2271 ἔμπροσθεν
1006 2195 1206 2261 αὐτοῦ;
1262 2198 1372 2250 K01
1401 2198 1553 2259 ποῖος
1598 2195 1666 2249 ἀν
1705 2195 1865 2249 τοῦτο
1886 2194 2091 2265 δαίμων

510 2282 654 2336 εἴποι
674 2298 691 2347 ;
720 2281 853 2335 Οὐδὲ
870 2279 979 2351 7&9
995 2278 1157 2333 αὐτὸν
1172 2275 1326 2349 οῐμαι
1351 2278 1445 2331 τὸν
1468 2277 1711 2332 διάὼλον
1730 2275 1889 2330 τοῦτο
1922 2278 2091 2349 ἐρεῖν.

515 2365 725 2429 Ἀλλως
757 2365 815 2417 δὲ
850 2364 902 2430 ὸ,
939 2364 989 2417 εἰ
1020 2363 1121 2416 οὐκ
1149 2361 1265 2415 ἐστι
1304 2361 1574 2424 συναΐδιος
1613 2360 1693 2431 τῷ
1738 2360 1916 2431 Πατρὶ
1952 2358 2089 2431 [δθῖν

511 2449 630 2513 πῶς
669 2448 895 2517 ἄπειρον
930 2444 1097 2498 αὐτοῦ
1129 2444 1227 2515 τὴν
1261 2443 1407 2514 ζωὴν
1448 2443 1628 2514 ὲρεῖς;
1677 2443 1740 2495 Εἰ
1766 2441 1876 2513 γὰρ
1918 2442 2093 2512 ἀρχὴν

510 2529 716 2584 ἀνωθεν
745 2528 877 2599 ἔχει,
905 2525 1006 2581 κᾶν
1039 2524 1392 2595 ἀτελεύτητος
1438 2523 1495 2598 ᾗ,
1537 2524 1760 2596 ἄπειρος
1803 2525 1951 2593 ὅμως
1994 2524 2093 2576 οὐκ

511 2613 628 2665 εστι
651 2628 665 2641 ·
692 2610 751 2662 τὸ
778 2609 887 2680 γὰρ
909 2608 1133 2679 ἀπειρον
1172 2608 1511 2677 ἑκατέρωθεν
1550 2605 1774 2677 ἄπειρον
1799 2599 1936 2657 εἶναι
1961 2607 2089 2676 χρή.

516 2694 690 2765 Ὅπερ
718 2689 812 2748 οῦν
839 2693 932 2745 καὶ
959 2692 988 2743 0
1019 2690 1230 2753 Παῦλος
1253 2689 1428 2761 δηλῶν
1456 2690 1607 2754 ἔλεγε
1628 2707 1643 2721 ·
1689 2688 1852 2755 Μήτε
1897 2689 2095 2757 ἀρχὴν

512 2777 766 2850 ἡμερῶν,
786 2776 938 2846 μήτε
970 2773 1120 2842 ζωῆς
1147 2773 1318 2839 τέλος
1344 2774 1522 2843 ἔχων,
1554 2774 1614 2827 τό
1641 2790 1702 2826 τε
1735 2774 1970 2844 ἄναρχον
2000 2775 2095 2827 καὶ

511 2860 865 2931 ἀτελεύτητον
890 2858 1105 2921 δεικνὺς
1126 2856 1320 2929 ταύτῃ.
1360 2857 1570 2929 Ὥσπερ
1599 2868 1624 2897 ο
1662 2857 1769 2926 γὰρ
1811 2855 1969 2909 τοῦτο
1995 2857 2094 2910 οὐκ

510 2945 625 3014 ἔχει
647 2942 839 3014 πέρας,
860 2941 1033 3003 οὕτως
1051 2939 1173 2993 οὐδὲ
1194 2938 1389 2994 ἐκιῐνο·
1412 2937 1532 2993 οὔτε
1548 2939 1658 3011 709
1672 2938 1906 2993 ἐνταῦθα
1921 2938 2092 3003 τέλος,

510 3027 634 3081 οὔτε
664 3029 781 3080 ἐκεῖ
800 3026 967 3097 ἀρχή.

581 3116 653 3177 γ’.
674 3108 797 3171 ῐιῶς
820 3107 878 3160 δέ
893 3106 988 3160 x01
1010 3105 1125 3176 ζωὴ
1149 3104 1245 3171 ῶν,
1264 3100 1333 3176 ἦν
1358 3122 1486 3159 ποτε
1508 3106 1598 3159 ὅτε
1614 3105 1713 3159 οὐκ
1732 3100 1833 3176 ἧν;
1860 3104 1971 3175 Τὴν
1989 3104 2097 3175 γὰρ

512 3192 657 3261 ζωήν
685 3190 769 3243 ἀεί
792 3207 852 3242 τε
870 3186 1031 3252 εἶναι,
1062 3190 1158 3243 καὶ
1177 3189 1427 3258 ἀνάρχως
1453 3184 1592 3241 εἶναι
1615 3189 1707 3241 καὶ
1727 3188 2096 3257 ἀτελευτήτως

510 3276 713 3336 πάντες
732 3272 798 3326 ἂν
829 3273 1242 3341 ὁμολογήσαιεν,
1265 3273 1422 3341 εἰπερ
1445 3271 1612 3333 ὅντως
1633 3274 1718 3340 εἴη
1747 3274 1881 3342 ζωὴ,
1908 3272 2096 3342 ῶσπερ

511 3355 604 3411 οὖν
637 3356 732 3410 καὶ
763 3355 931 3408 ἐστιν.
976 3354 1038 3406 Εἰ
1063 3354 1120 3406 δὲ
1147 3354 1294 3405 ἔστιν
1325 3354 1414 3406 ὅτε
1439 3354 1539 3406 οὐκ
1572 3354 1704 3418 ἐστι,
1749 3353 1865 3417 πῶς
1904 3354 1970 3407 ἂν
2008 3356 2094 3425 είη

513 3439 630 3509 ζωὴ
657 3437 764 3491 τῶν
791 3436 988 3495 ἄλλων,
1024 3434 1163 3503 αὐτή
1186 3450 1315 3486 ποτε
1344 3435 1447 3487 οὐκ
1473 3429 1610 3487 οῦσα
1634 3452 1649 3500 ;
1694 3435 1818 3497 Πῶς
1846 3430 1961 3498 οῦν,
1990 3452 2095 3505 φη-

514 3524 621 3584 σιν,
649 3518 822 3591 ἀρχὴν
850 3518 1047 3587 έθηκεν
1072 3519 1101 3570 0
1149 3516 1403 3587 Ἰωάννης
1430 3515 1623 3581 εἰπὼν,
1668 3518 1765 3570 Ἐν
1792 3517 1954 3586 ἀρχῇ
1981 3514 2093 3588 ἥν;

515 3604 629 3676 Τῷ,
669 3606 772 3657 Ἔν
805 3599 987 3669 ὀρχῇ,
1023 3599 1344 3669 προσέσχες,
1379 3597 1472 3651 καὶ
1504 3599 1602 3668 τῷ,
1636 3595 1768 3663 'Hr,
1808 3600 1928 3653 εἰπέ
1972 3617 2090 3671 μοι.

516 3689 611 3742 καὶ
637 3686 718 3747 τὸ,
764 3685 827 3737 '0
849 3685 1038 3753 Λόγος
1065 3679 1162 3753 ἦν,
1204 3682 1303 3735 οὐκ
1332 3683 1563 3746 ἐννοεῖς;
1606 3681 1668 3733 Τί
1703 3682 1779 3744 δὲ,
1809 3682 1937 3735 ὃταν
1969 3685 2096 3757 περὶ

515 3770 613 3824 τοῦ
646 3767 859 3840 [ἰατρὸς
896 3768 924 3820 ὁ
950 3767 1243 3837 Προφήτης
1284 3764 1448 3836 λέγῃ·
1512 3763 1655 3818 Ἀπὸ
1698 3763 1805 3818 τοῦ
1848 3763 2092 3831 αἰῶνος,

518 3852 613 3907 καί
642 3851 752 3915 ἕως
778 3850 883 3904 τοῦ
921 3847 1135 3913 αίῶνος
1163 3847 1246 3901 σὺ
1283 3841 1369 3899 εἴ·
1403 3842 1512 3916 ἄρα
1555 3846 1714 3918 ὅρους
1745 3846 1892 3917 αὐτῷ
1926 3847 2095 3911 τιθεὶς

515 3935 659 3989 οὕτω
692 3933 891 4003 φησίν;
935 3927 1221 3999 Οὐδαμῶς,
1254 3927 1392 3982 ἀλλά
1422 3928 1484 3981 τὸ
1516 3928 1685 3981 ἀΐδιον
1711 3928 1903 3998 δηλῶν.
1940 3929 2098 3984 υῦτω

516 4017 698 4071 τοίνυν
723 4017 816 4069 καὶ
849 4011 1084 4067 ἐνταῦθα
1129 4012 1259 4065 νόει.
1297 4010 1371 4065 06
1402 4010 1512 4081 7&9
1543 4012 1703 4082 ὅρους
1727 4011 1917 4076 τιθεὶς,
1939 4013 2096 4065 τοῦτο

517 4103 757 4172 εἴρηκεν.
782 4096 914 4151 Οὐδὲ
942 4094 1050 4164 7&9
1066 4089 1234 4157 εἶπεν,
1266 4092 1437 4164 ἀρχὴν
1452 4093 1631 4164 ἔσχεν,
1662 4093 1795 4156 ἀλλ’,
1813 4094 1915 4145 Ἐν
1937 4092 2094 4162 ἀρχῇ

516 4184 618 4250 ἦν,
648 4181 734 4236 διὰ
774 4178 892 4239 τοῦ,
941 4174 1082 4240 Ἷιν,
1126 4175 1513 4246 παραπέμπων
1560 4192 1619 4227 σε
1658 4175 1749 4228 ἐπὶ
1776 4175 1836 4227 τὸ
1862 4174 2094 4247 ἄναρχον

516 4268 717 4318 ἐννοεῖν
742 4263 830 4316 τὸν
857 4260 1006 4314 Υίόν.
1066 4258 1203 4312 Ἀλλ’
1240 4258 1369 4321 ἰδοὺ,
1416 4258 1600 4328 φησὶν,
1655 4259 1683 4311 0
1731 4258 1920 4329 Πατὴρ
1956 4259 2093 4328 μετά

517 4349 615 4417 τῆς
651 4346 745 4400 τοῦ
776 4344 979 4418 ἄρθρου
1015 4342 1330 4415 προσθήκης
1354 4342 1590 4413 εἴρηται,
1618 4343 1646 4395 0
1677 4341 1733 4395 δὲ
1772 4342 1898 4403 Υἱὸς
1925 4342 2091 4411 χωρὶς

516 4429 819 4500 ταύτης.Ἰ“ί
848 4423 961 4490 οὖν,
984 4428 1109 4481 ὅταν
1131 4425 1487 4488 όἌπόστολος
1505 4425 1659 4495 λέγῃ.
1696 4425 1804 4478 Τοῦ
1826 4423 2092 4493 μεγάλου

522 4511 670 4565 Θεοῦ
721 4511 819 4564 καί
863 4506 1138 4575 Σωτῆρος
1187 4507 1354 4575 ήμῶν
1406 4508 1606 4574 Ἰησοῦ
1653 4506 1942 4574 Χριστοῦ·
2001 4508 2094 4559 x01

521 4593 703 4657 πάλιν,
751 4594 811 4645 '0
834 4591 919 4644 ὢν
945 4590 1042 4643 ἐπὶ
1076 4589 1318 4642 πάντων
1354 4589 1529 4655 Θεός;
1568 4589 1676 4641 ἰδοὺ
1715 4589 1823 4658 709
1862 4586 2095 4641 ἐνταῦθα

519 4677 689 4750 χωρὶς
724 4674 819 4729 τοῦ
851 4673 1054 4746 ἄρθρου
1106 4671 1201 4725 τοῦ
1244 4670 1374 4725 Υίοῦ
1410 4671 1798 4742 ἐμνημόνευσε.
1846 4671 1995 4724 Ποιεί
2036 4671 2093 4724 δὲ

517 4759 677 4814 τοῦτο
701 4760 795 4812 καὶ
826 4759 919 4811 ἐπὶ
956 4752 1063 4810 τοῦ
1095 4755 1325 4827 Πατρός.
1370 4755 1494 4818 Τοῖς
1544 4754 1676 4823 γοῦν
1713 4754 2094 4824 Φιλιππησίοις

521 4842 868 4904 ἐπιστέλλων,
901 4838 1043 4893 οὐτω
1071 4839 1234 4908 φησίν
1252 4855 1265 4868 ·
1303 4839 1407 4904 Ὃς
1432 4838 1501 4891 ἐν
1521 4836 1724 4907 μορφῇ
1746 4836 1894 4891 Θεοῦ
1915 4837 2093 4907 ὑπάρ-

521 4943 665 4996 χων.
700 4926 811 4977 οὐκ
838 4922 1151 4993 ἁρπαγμόν
1181 4918 1456 4990 ἡγήσατο
1488 4919 1554 4972 τὸ
1590 4915 1743 4975 εἶναι
1788 4921 1893 4974 ἴσα
1932 4922 2053 4987 Θεῷ
2076 4939 2089 4951 ·

521 5010 613 5062 καὶ
649 5005 1008 5077 Ῥωμαίοιςδὲ
1039 5005 1220 5061 πάλιν·
1253 5002 1433 5071 Χάρις
1458 5001 1601 5072 ὑμῖν
1619 5002 1716 5056 καί
1744 5003 1950 5072 ειρήνη
1974 5004 2093 5058 ἀπὸ

523 5091 670 5147 Θεοῦ
709 5088 937 5157 Πατρός
967 5088 1155 5157 ἡμῶν,
1191 5089 1285 5141 κοί
1324 5086 1544 5154 Kvplov
1585 5086 1781 5152 Ἰησοῦ
1818 5087 2090 5154 Χριστοῦ.

523 5173 732 5236 ’Ἄλλως
758 5188 816 5224 τε
835 5171 927 5224 καὶ.
952 5170 1202 5240 περιττὸν
1229 5164 1296 5240 ἦν
1316 5167 1545 5222 ἐνταῦθα
1560 5168 1691 5222 αὐτὸ
1711 5168 2090 5240 προστεθῆναι.

519 5258 631 5309 ἄνω
662 5253 899 5325 συνεχῶς
931 5250 1226 5323 προστεθὲν
1256 5251 1334 5321 τῷ
1362 5251 1524 5322 λόγῳ.
1576 5251 1786 5322 Ὥσπερ
1827 5253 1936 5321 γὰρ
1968 5253 2094 5325 περὶ

518 5340 613 5391 τοῦ
653 5338 865 5408 Πατρὸς
903 5336 1080 5404 λέγων
1106 5335 1261 5404 φησὶ,
1293 5335 1533 5405 Πνεῦμα
1566 5335 1599 5389 ὸ
1642 5336 1786 5400 Θεός
1806 5352 1821 5366 ·
1870 5330 1963 5391 κ”αὶ
1994 5338 2093 5390 οὐκ

521 5420 707 5491 ἐπειδὴ
748 5419 825 5490 τῷ
872 5418 1147 5487 Πνεύματι
1189 5418 1249 5471 16
1286 5418 1487 5489 ἄρθρον
1523 5420 1585 5471 οὐ
1615 5419 1958 5490 πρόσκειται,
1995 5421 2095 5472 οὐκ

578 5577 609 5644 ἦ
636 5574 756 5624 Mor.
776 5574 822 5621 τί
844 5571 1016 5623 ἑαυτοῦ
1030 5570 1370 5644 πρεσϐύτεροη
1393 5571 1479 5621 sed
1503 5569 1675 5620 ἑαυτοῦ
1697 5571 1844 5621 deesl
1864 5572 1912 5619 in
1938 5572 2091 5621 Savil.

516 5647 563 5686 ei
588 5639 635 5688 in
661 5649 762 5686 mss
802 5648 931 5697 pene
953 5634 1194 5697 omni_b_ns.

577 5699 605 5738 ιι
632 5701 713 5745 Sic
737 5694 847 5747 Sai'.
875 5702 925 5744 ει
950 5709 1064 5745 mss.
1080 5694 1200 5745 Mor.
1222 5694 1397 5750 ἄλλοις.

579 5763 601 5789 ε
629 5760 749 5807 Mor.
785 5766 838 5808 οι
863 5759 973 5806 $.17.
1000 5758 1088 5806 οὐκ
1132 5757 1250 5805 ἔστι.
1273 5757 1362 5805 Ναί
1402 5773 1535 5819 φησι.
1580 5755 1679 5807 Alii
1698 5756 1785 5804 οὐκ
1824 5754 1968 5811 ἐστιν,
1995 5752 2094 5801 ἔστι

514 5823 621 5922 7&3'
638 5821 895 5937 Ϊῇῗίνώως
938 5882 1005 5930 δέ.

571 5944 592 5969 ⁸
614 5945 711 5996 Αιὶι
737 5944 1043 6002 ἀτελεύτητον
1063 5947 1142 6004 δη)
1152 5947 1239 5993 ῶν.
1259 5944 1465 5993 "Qa-nan.

2190 460 2487 530 ἀθετοῦμεν
2534 461 2622 515 διὰ
2661 460 2818 515 τοῦτο
2859 461 2921 514 τὸ
2954 460 3241 529 ἀσώματον
3285 458 3380 512 τοῦ
3408 457 3580 511 Θεοῦ·
3623 456 3778 510 οὕτω

2189 543 2283 595 καὶ
2309 543 2559 607 ἐνταῦθα,
2593 544 2696 597 κᾶν
2725 544 2799 615 μὴ
2833 544 3148 615 πρόσκειται
3186 542 3265 613 τῷ
3299 540 3410 612 Υίῷ
3442 541 3503 593 τὸ
3531 539 3739 611 ἄρθρον
3763 579 3777 600 ,

2189 626 2250 676 οὐ
2283 625 2369 678 διὰ
2400 626 2557 679 τοῦτο
2585 627 2760 695 ἥττων
2785 626 2958 690 Θεὸςό
2983 626 3130 689 Υίός.
3153 624 3218 678 Τί
3240 625 3437 696 δήποτε
3462 640 3477 682 :
3502 624 3636 675 Θεὸν
3663 623 3783 692 709

2190 709 2281 760 καὶ
2321 707 2451 761 Θεὸν
2493 710 2684 774 εἰπὼν,
2725 712 2826 763 οὐκ
2876 711 3131 781 ἐμφαίνει
3181 728 3233 763 τι
3284 710 3449 779 μέσον
3491 710 3627 778 ἡμῖν
3672 707 3785 777 τῆς

2191 791 2439 860 θεότητος
2464 792 2685 863 ταύτης,
2708 793 2841 846 ἀλλά
2863 797 2955 847 καὶ
2977 792 3300 847 τούναντίον.
3334 789 3620 863 Προειπὼν
3640 789 3779 860 γὰρ.

2190 876 2295 926 Καὶ
2327 875 2468 941 Θεὸς
2498 875 2577 941 ἦν
2615 880 2648 929 ό
2688 879 2898 945 Λόγος,
2938 878 3022 930 ἵνα
3053 875 3129 947 μὴ
3168 875 3362 947 νομίσῃ
3394 891 3476 937 τις
3517 873 3782 926 ἐλάττονα

2195 953 2461 1026 εἶναιτὴν
2501 958 2727 1029 θεότητα
2762 958 2859 1012 τοῦ
2904 960 3055 1023 Υίοῦ,
3106 958 3306 1022 εὐθέως
3357 956 3522 1011 αὐτοῦ
3565 955 3662 1009 καὶ
3708 955 3782 1007 10

2193 1040 2526 1111 γνωριστικά
2550 1041 2649 1111 τῆς
2679 1042 2905 1112 γνησίας
2928 1042 3110 1114 τίθησι
3128 1041 3400 1112 θεότητος.
3429 1040 3491 1093 τό
3523 1056 3581 1092 τε
3604 1038 3783 1091 ἀίδιον

2192 1122 2491 1177 ἀναλαϐών.
2518 1119 2705 1190 Οὗτος
2733 1124 2840 1197 7&9
2869 1121 2968 1194 ἦν,
2989 1126 3174 1195 φησιν,
3204 1124 3276 1177 ἐν
3304 1121 3464 1192 ἀρχῇ
3486 1120 3639 1189 πρὸς
3668 1120 3787 1172 τὸν

2196 1206 2375 1259 Θεόν·
2405 1207 2585 1260 καὶτὸ
2613 1208 2998 1281 δημιουργικὸν
3040 1205 3347 1279 προστιθείς
3368 1221 3381 1235 ⁸
3420 1203 3625 1258 Πάντα
3666 1204 3786 1273 γὰρ

2192 1286 2266 1339 δι’
2294 1288 2481 1342 αὐτοῦ
2511 1289 2767 1358 ἐγένετο,
2806 1290 2904 1343 καί
2938 1289 3116 1358 χωρὶς
3146 1289 3333 1343 αὑτοῦ
3358 1286 3596 1356 ἐγένετο
3633 1284 3785 1338 οὐδὲ

2192 1368 2283 1432 ἓν.
2329 1370 2361 1424 ὃ
2405 1371 2683 1441 γέγονεν·
2724 1372 2753 1425 6
2788 1373 3021 1443 μάλιστα
3051 1375 3144 1426 καὶ
3179 1375 3208 1426 0
3249 1371 3438 1440 Πατὴρ
3486 1367 3654 1421 αὐτοῦ
3688 1367 3785 1420 διὰ

2193 1452 2301 1504 τῶν
2324 1454 2619 1522 προφητῶν
2649 1453 2961 1525 ἁπανταχοῦ
2984 1454 3086 1524 τῆς
3116 1455 3303 1515 οὐσίας
3321 1454 3421 1523 τῆς
3436 1450 3602 1505 αὐτοῦ
3634 1469 3780 1519 γνω-

2199 1537 2437 1605 ριστικὸν
2477 1533 2615 1590 εἷναί
2641 1553 2791 1606 φησι.
2836 1538 2946 1591 K01
2976 1536 3214 1607 συνεχῶς
3238 1536 3396 1590 τοῦτο
3424 1536 3523 1606 τῆς
3557 1534 3781 1588 ἀποδεί-

2197 1615 2329 1679 ξεως
2363 1617 2424 1669 τὸ
2448 1612 2588 1681 εἶδος
2626 1618 2743 1691 [Si]
2771 1620 3221 1690 περιστρέφουσιν
3257 1621 3306 1672 οί
3337 1618 3611 1689 προφῆται
3630 1633 3643 1646 ·
3680 1616 3780 1670 καὶ

2195 1698 2293 1766 οὐχ
2335 1699 2541 1761 ἁπλῶς,
2569 1700 2706 1753 άλλὰ
2737 1702 2830 1754 καὶ
2872 1702 3009 1771 πρὸς
3039 1701 3137 1771 τὴν
3166 1700 3273 1754 τῶν
3299 1699 3532 1753 εἰδώλων
3571 1701 3777 1766 ἀγωνι-

2196 1778 2409 1848 ζόμενοι
2440 1781 2616 1845 δόξαν.
2651 1782 2783 1836 Θεοί
2804 1783 2934 1855 709,
2967 1785 3150 1854 φησὶν,
3171 1783 3229 1837 οῖ
3249 1782 3358 1836 τὸν
3383 1782 3644 1851 οὐρανὸν
3672 1778 3775 1834 καί

2194 1863 2309 1929 τὴν
2326 1862 2444 1933 γῆν
2473 1868 2584 1919 οὐκ
2622 1866 2941 1933 ἐποίησαν,
2964 1866 3406 1921 ἀπολέσθωσαν
3426 1883 3439 1895 ·
3469 1864 3564 1919 x01
3586 1861 3773 1916 πάλιν·

2206 1947 2347 2016 Ἐγὼ
2393 1947 2469 2017 τῇ
2514 1950 2670 2019 χειρί
2705 1967 2824 2019 μου
2864 1949 3131 2013 ἐξέτεινα
3178 1950 3287 2004 τὸν
3341 1950 3597 2017 οὐρανόν
3619 1962 3634 1975 ·
3676 1946 3777 1999 καὶ

2192 2026 2404 2094 δεικνὺς
2445 2030 2697 2103 θεότητος
2749 2027 2890 2087 εἶναι
2941 2032 3257 2102 δηλωτικὸν,
3310 2030 3583 2099 πανταχοῦ
3643 2028 3781 2082 αὐτὸ

2192 2112 2428 2183 τίθησιν.
2470 2113 2643 2176 Αὐτὸς
2677 2114 2734 2167 δέ
2766 2116 2797 2167 0
2833 2115 3224 2187 εὐαγγελιστὴς
3257 2114 3376 2167 οὐδὲ
3418 2111 3628 2175 τούτοις
3670 2112 3773 2181 ηρ-

2194 2196 2364 2265 κέσθη
2411 2200 2522 2261 τοῖς
2557 2199 2816 2268 ῥήμασιν,
2847 2197 2984 2251 ἀλλά
3022 2199 3117 2252 καὶ
3153 2197 3297 2269 ζωὴν
3337 2197 3502 2250 αὐτὸν
3547 2194 3775 2247 ἐκάλεσε

2194 2280 2289 2333 καὶ
2322 2279 2457 2349 φῶς.
2493 2278 2554 2332 El
2584 2281 2762 2333 τοίνυν
2779 2281 2864 2334 ἀεὶ
2892 2280 3031 2352 μετά
3048 2281 3143 2335 τοῦ
3166 2281 3377 2353 Πατρὸς
3398 2275 3485 2349 ἦν,
3518 2279 3567 2330 εί
3595 2278 3777 2331 πάντα

2194 2361 2354 2421 αὐτὸς
2382 2362 2802 2434 ἐδημιούργησε,
2845 2366 2893 2417 εἰ
2940 2366 3117 2418 πάντα
3152 2364 3312 2425 αὐτὸς
3359 2363 3648 2433 παρήγαγε
3678 2361 3777 2414 καὶ

2196 2448 2491 2515 συγκροτεῖ
2536 2445 2555 2483 ί
2603 2445 2792 2516 (τοῦτο
2830 2448 2939 2517 γὰρ
2966 2446 3055 2500 διά
3097 2446 3197 2516 τῆς
3224 2444 3369 2517 ζωῆς
3399 2444 3674 2515 ᾐνίξατο).
3729 2445 3775 2495 εἰ

2196 2527 2375 2581 πάντα
2413 2528 2677 2597 φωτίζει·
2721 2530 2805 2594 τίς
2837 2529 3011 2593 οὕτως
3051 2530 3297 2600 ἀνόητος,
3330 2528 3406 2593 ὡς
3444 2530 3639 2591 εἰπεῖν,
3680 2527 3777 2579 τὸν

2196 2610 2582 2683 εὐαγγελιστὴν
2633 2612 2722 2666 διὰ
2770 2613 2973 2667 τούτων
3034 2612 3424 2666 ἐσπουδακέναι
3481 2611 3776 2665 ἐλάττωσιν

2195 2692 2447 2764 θεότητος
2480 2696 2893 2767 εἰσηγήσασθαι,
2937 2695 3004 2750 δι’
3045 2689 3124 2749 ὧν
3160 2696 3391 2768 μάλιστα
3424 2694 3644 2763 ίσότητα
3678 2694 3777 2745 καὶ

2194 2777 2606 2848 ἀπαραλλαξίαν
2665 2779 3001 2846 ἐνδείξασθαι
3068 2778 3293 2833 δυνατόν
3340 2780 3502 2843 ἐστι;
3560 2776 3651 2846 Μή
3706 2774 3776 2844 δὴ

2197 2861 2515 2931 συγχέωμεν
2544 2864 2641 2934 τὴν
2688 2863 2865 2915 κτίσιν
2907 2861 3045 2932 μετά
3090 2862 3184 2916 τοῦ
3221 2861 3524 2925 κτίσαντος,
3577 2860 3661 2914 ἵνα
3695 2858 3776 2929 μὴ

2196 2944 2290 2996 καὶ
2316 2946 2479 3013 ἡμεῖς
2514 2943 2854 3015 ἀκούσωμεν,
2885 2946 2966 2997 ὃτι
3001 2944 3454 3011 Ἑσεσάσθησαν
3481 2942 3556 3011 τῇ
3584 2942 3776 2997 κτίσει

2196 3028 2355 3095 παρὰ
2396 3026 2503 3079 τὸν
2536 3028 2847 3081 κτίσαντα.
2897 3025 2959 3078 Ei
3003 3025 3113 3098 709
3138 3028 3231 3082 καὶ
3261 3026 3389 3097 περὶ
3415 3024 3657 3097 οὐρανῶν
3682 3024 3776 3076 λέ-

2196 3125 2343 3177 γοιεν
2371 3108 2529 3162 τοῦτο
2557 3109 2826 3179 εἰρῆσθαι,
2860 3110 2974 3163 ἀλλ’
3013 3109 3161 3178 ὅμως
3192 3110 3251 3162 ἐν
3289 3107 3368 3177 τῷ
3404 3108 3531 3178 περὶ
3571 3106 3775 3159 τούτων

2196 3190 2340 3263 λόγῳ
2365 3190 2641 3255 παντελῶς
2669 3193 2867 3247 ἀπεῖπε
2904 3192 2965 3245 τὸ
3013 3193 3089 3262 μή
3120 3192 3231 3247 δεῖν
3264 3190 3437 3244 κτίσει
3465 3187 3773 3259 λατρεύειν,

2197 3274 2273 3336 ὥς
2314 3272 2621 3343 Ἑλληνικὸν
2642 3274 2720 3328 ὃν.

2267 3355 2328 3410 δ’.
2361 3356 2452 3424 Μὴ
2482 3356 2658 3410 τοίνυν
2684 3354 2860 3427 ταύτῃ
2884 3353 3241 3423 ὐποδάλωμεν
3264 3354 3289 3393 ε
3318 3353 3513 3413 αὐτοὺς
3542 3354 3610 3424 τῇ
3641 3352 3771 3423 ἀρᾷ.

2198 3437 2296 3491 Διὰ
2315 3436 2472 3490 τοῦτο
2500 3432 2663 3507 ἦλθεν
2689 3440 2717 3490 0
2756 3437 2850 3490 τοῦ
2892 3436 3030 3490 Θεοῦ
3071 3437 3218 3500 Υἱὸς,
3260 3437 3346 3490 ἴνα
3388 3434 3589 3507 ταύτης
3627 3438 3773 3507 ἡμᾶς

2195 3517 2478 3589 ἀπαλλάξῃ
2512 3519 2611 3588 τῆς
2654 3518 2945 3590 λατρείας·
2994 3518 3083 3572 διὰ
3125 3519 3283 3572 τοῦτο
3323 3518 3508 3573 δούλου
3559 3522 3776 3590 μορφὴν

2196 3600 2406 3663 ἔλασεν,
2450 3600 2537 3654 ἴνα
2584 3600 2681 3669 τῆς
2725 3600 2965 3663 δουλείας
3013 3600 3350 3673 ἐλευθερώσῃ
3399 3599 3634 3672 ταύτης·
3685 3601 3772 3654 διὰ

2195 3683 2353 3738 τοῦτο
2404 3680 2727 3751 ἐνεπτύσθη,
2770 3681 2858 3737 διὰ
2916 3682 3076 3736 τοῦτο
3125 3683 3453 3756 ἐρῤαπίσθη,
3488 3683 3579 3737 διά
3615 3683 3774 3736 τοῦτο

2197 3768 2425 3821 θάνατον
2476 3765 2734 3835 ὑπέμεινε
2770 3764 2861 3817 τὸν
2905 3765 3288 3821 ἐπονείδιστον.
3349 3766 3446 3837 Μὴ
3484 3766 3550 3838 δὴ
3601 3766 3773 3820 ταῦτα

2201 3849 2373 3903 πάντα
2395 3847 2627 3916 ἀνόνητα
2655 3845 2916 3918 ποιῶμεν,
2959 3847 3095 3918 μηδέ
3138 3848 3300 3903 πάλιν
3327 3850 3420 3902 ἐπὶ
3444 3849 3542 3919 τὴν
3582 3851 3773 3920 προτέ-

2201 3950 2298 4002 ραν
2340 3927 2769 4000 ἐπανερχώμεθα
2798 3929 3076 3994 ἀσέϐειαν,
3127 3930 3326 4001 μᾶλλον
3363 3930 3419 3984 δὲ
3454 3932 3548 3984 ἐπὶ
3595 3932 3774 4003 πολλῷ

2198 4011 2600 4082 χαλεπωτέραν.
2635 4012 2710 4066 Οὐ
2736 4010 2842 4081 γάρ
2864 4014 3011 4065 ἐστιν
3042 4011 3154 4065 ἴσον
3176 4015 3243 4084 τῇ
3272 4014 3447 4066 κτίσει
3466 4012 3769 4085 λατρεύειν,

2198 4098 2291 4149 καὶ
2347 4095 2508 4149 αὐτὸν
2560 4095 2651 4148 τὸν
2699 4095 3040 4166 Δημιουργδν
3104 4095 3187 4158 είς
3234 4095 3464 4159 κτίσεως
3512 4098 3775 4164 κατάγειν

2197 4179 2493 4244 εὐτέλειαν,
2528 4178 2588 4231 τό
2627 4194 2690 4246 γε
2732 4180 2812 4241 εἰς
2858 4180 3004 4247 ἡμᾶς
3038 4173 3191 4250 ἧκον.
3243 4178 3415 4243 Αὐτὸς
3465 4181 3575 4251 γὰρ
3621 4182 3771 4251 μένει

2197 4262 2435 4326 τοιοῦτος
2462 4260 2536 4315 ῶν
2556 4256 2666 4325 οἷός
2696 4264 2830 4315 ἐστι.
2866 4262 2951 4315 Σὺ
2985 4261 3093 4333 7&9
3121 4265 3153 4316 ὀ
3184 4263 3369 4329 αὐτὸς
3394 4260 3467 4325 εἴ,
3492 4266 3647 4335 φησὶ,
3674 4265 3772 4318 καί

2198 4344 2270 4398 τὰ
2297 4345 2400 4411 ἐτη
2430 4361 2547 4398 σου
2572 4346 2682 4398 οὐκ
2719 4343 3096 4411 ἐκλείψουσι.
3122 4343 3442 4415 Δοξάξωμεν
3471 4343 3563 4400 οὖν
3587 4348 3769 4409 αὐτὸν,

2196 4426 2384 4498 ὥσπερ
2416 4426 2797 4498 παρελάὸομεν
2823 4427 2974 4496 παρὰ
3000 4426 3109 4479 τῶν
3141 4429 3421 4499 πατέρων·
3458 4428 3770 4499 δοξάζωμεν

2196 4512 2380 4573 αὐτὸν,
2408 4513 2504 4566 καὶ
2531 4510 2619 4564 διά
2644 4511 2879 4574 πίστεως
2900 4513 2992 4565 καὶ
3011 4512 3078 4565 δι’
3104 4511 3299 4584 ἔργων.
3326 4512 3490 4566 Οὐδὲν
3519 4514 3629 4583 709
3656 4515 3774 4582 ὄφε-

2193 4595 2284 4659 λος
2311 4596 2443 4666 ἡμῖν
2475 4596 2556 4658 είς
2585 4593 2856 4664 σωτηρίαν
2893 4594 3179 4664 δογμάτων
3207 4596 3397 4664 ὐγιῶν,
3442 4596 3770 4667 διεφθαρμέ-

2196 4696 2293 4747 νης
2321 4680 2450 4749 ήμῖν
2477 4678 2576 4749 τῆς
2600 4678 2763 4749 ζωῆς.
2790 4677 2881 4731 Διὸ
2912 4678 3267 4748 ρυθμίσωμεν
3316 4679 3485 4749 αὐτὴν
3529 4681 3667 4750 πρὸς
3711 4680 3771 4733 10

2196 4760 2275 4831 τῷ
2304 4760 2424 4831 Θεῷ
2456 4761 2670 4823 δοκοῦν,
2702 4761 3054 4832 αἰσχρότητος
3093 4759 3329 4829 ἀπάσης,
3367 4760 3604 4823 ἀδικίας.
3640 4762 3771 4815 πλε-

2196 4844 2405 4910 ονεξίας
2441 4844 2628 4915 πόρρω
2678 4843 3038 4906 καθιστῶντες
3072 4842 3315 4904 ἑαυτοὺς,
3366 4841 3442 4905 ὡς
3493 4840 3635 4905 ξένοι
3683 4846 3773 4898 καὶ

2198 4926 2584 4999 παρεπίδημοι,
2617 4927 2711 4979 καὶ
2744 4925 2853 4979 τῶν
2881 4925 3117 4979 ἐνταῦθα
3144 4923 3433 4993 ἀλλότριοι.
3477 4924 3596 4979 Κᾶν
3636 4933 3769 4998 χρή-

2201 5011 2348 5081 ματά
2375 5027 2456 5072 τις
2491 5009 2587 5079 ἔχῃ
2633 5008 2804 5062 πολλὰ
2833 5010 2926 5063 καὶ
2955 5009 3227 5079 κτήματα,
3269 5006 3442 5072 οὕτως
3467 5008 3652 5073 αὐτοῖς
3681 5028 3770 5064 κε-

2196 5093 2438 5166 χρήσθω,
2488 5092 2563 5155 ὼς
2622 5093 2880 5163 πάροικος
2932 5092 3026 5145 καὶ
3076 5090 3273 5163 μικρὸν
3312 5090 3540 5162 ὕστερον
3593 5092 3771 5147 αὐτῶν

2202 5174 2637 5247 ἀποστησόμενος
2666 5176 2760 5227 καὶ
2787 5173 2927 5227 ἑκὼν
2958 5175 3051 5227 καὶ
3079 5174 3247 5227 ἄκων.
3290 5174 3409 5227 Κᾶν
3445 5176 3769 5247 ᾒδικημένος

2196 5277 2278 5323 τις
2370 5259 2520 5326 παρὰ
2550 5273 2713 5320 τινος,
2741 5254 2816 5326 μὴ
2846 5255 3085 5309 ἀθάνατα
3117 5256 3437 5327 ὀργιζὲσθω,
3479 5259 3678 5328 μᾶλλον
3713 5259 3767 5311 δὲ

2199 5343 2332 5416 μηδὲ
2360 5342 2691 5414 πρόσκαιρα.
2727 5340 2873 5401 Μιᾶς
2905 5337 3013 5409 709
3041 5340 3171 5409 ήμῖν
3198 5338 3359 5393 πλέον
3393 5343 3493 5395 οὐκ
3518 5342 3716 5396 ἔδωκεν
3741 5344 3769 5393 0

2209 5423 2523 5485 Ἀπόστολος
2576 5422 2793 5492 ἡμέρας
2854 5424 2920 5491 τῇ
2986 5421 3124 5491 ὀργῇ
3173 5424 3619 5495 καταχρήσασθαι
3644 5442 3657 5454 ·
3710 5426 3774 5476 '0

2166 5534 2173 5542 .
2196 5508 2368 5576 ἣλιος
2399 5506 2529 5575 γὰρ,
2567 5505 2721 5573 φησὶ,
2737 5503 2825 5571 μὴ
2850 5502 3139 5558 ἐπιδυέτω
3168 5504 3266 5558 ἐπί
3290 5504 3371 5572 τῷ
3389 5506 3769 5577 παροργισμῷ

2196 5590 2380 5659 ὑμῶν.
2411 5591 2519 5644 Καὶ
2547 5587 2771 5649 εἰκότως
2788 5601 2801 5615 ·
2826 5586 3109 5657 ἀγαπητὸν
3134 5586 3243 5658 709
3270 5589 3366 5643 καὶ
3391 5591 3449 5642 ἐν
3471 5589 3617 5644 οῦτω
3646 5590 3769 5662 βρα-

2196 5674 2281 5743 χεῖ
2304 5672 2480 5742 καιρῷ
2502 5670 2665 5741 μηδὲν
2682 5667 2935 5737 γενέσθαι
2955 5668 3138 5739 ἀηδές.
3164 5669 3227 5724 Εἰ
3247 5670 3304 5725 δὲ
3326 5672 3421 5725 καὶ
3438 5673 3470 5743 ή
3490 5672 3587 5740 νὺξ
3604 5689 3771 5728 καταοο

2196 5757 2372 5818 λάϐοι,
2402 5754 2673 5823 δεινότερα
2701 5751 2909 5819 γίνεται
2942 5752 3011 5804 τά
3036 5754 3398 5824 γεγενημένα,
3443 5756 3640 5825 μυρίον
3671 5774 3769 5811 πυ-

2264 5867 2283 5907 !
2314 5867 2410 5916 Alii
2440 5877 2534 5913 non
2560 5863 2697 5924 pauci
2720 5863 2986 5923 συγκρατεῖ.

2265 5933 2287 5968 ε
2311 5929 2405 5979 Alii
2426 5925 2601 5976 ῦποϐἀὶ
2612 5926 2765 5987 λωμεν
