4000 6210
305 285 379 344 ω
1460 275 1526 337 lN
1564 282 1872 338 ,ιοΑΝΝιίιι

2000 282 2139 337 MIL.
2183 284 2268 340 ιν.
2312 287 2382 341 al.
2425 288 2531 383 lli:
3532 303 3599 356 50

303 401 795 472 interrogaverunt,
842 398 968 467 quid
1012 399 1083 454 sit
1126 395 1254 453 illud
1302 413 1330 451 a
1359 397 1614 468 propheta
1660 399 1901 452 dictum:

306 495 444 547 Ante
491 508 572 545 me
619 506 722 544 non
766 490 866 559 fuit
912 489 1048 543 alius
1094 486 1270 553 Deus,
1328 497 1372 541 et
1417 498 1528 557 post
1572 505 1774 547 menon
1814 491 1908 543 erit

305 582 469 651 (hat.
498 582 591 637 ιδ.
626 580 759 647 l0)?
788 578 919 634 Nam
942 579 985 633 si
1013 578 1194 648 jtmior
1227 588 1309 633 est
1356 576 1510 631 Patre
1555 577 1740 642 Filius,
1770 594 1899 647 quo-

303 673 473 727 modo
506 671 674 735 dicit,
709 667 835 723 Post
866 686 945 723 me
985 686 1085 723 non
1130 669 1267 723 erit?
1294 668 1430 723 Num
1482 684 1611 738 ergo
1644 669 1904 737 Unigeoiti

303 765 668 818 sntmantiatn
701 761 939 815 tolletis?
970 761 1201 815 Necesse
1231 760 1372 815 enim
1402 771 1486 815 est
1525 771 1615 815 aut
1640 777 1704 815 eo
1743 761 1906 814 auda-

304 856 409 907 τὶν
422 852 745 925 procedere,
764 861 857 905 aut
877 866 1038 906 unam
1058 851 1339 905 admittere
1358 851 1683 905 divinitatem
1711 851 1763 904 in
1779 866 1903 918 pro-

309 944 427 1011 pria
456 943 733 1014 hypostasi
765 941 938 997 Patris
961 950 1015 996 et
1056 939 1195 995 Filii.
1228 942 1508 1008 Quomodo
1533 952 1706 995 autem
1738 941 1864 995 illud
1886 984 1900 1007 ,

317 1035 504 1087 Omnia
533 1050 622 1102 per
647 1033 817 1101 ipsum
840 1036 979 1101 facta
1005 1040 1122 1085 sunt
1150 1028 1311 1101 (Joan
1364 1033 1415 1087 1.
1448 1032 1483 1086 5
1507 1034 1545 1101 ),
1577 1047 1756 1086 verum
1786 1034 1903 1088 est?

317 1126 450 1179 Nam
496 1126 538 1180 si
583 1140 754 1178 :cvunt
800 1132 887 1179 est
920 1123 1013 1178 illo
1056 1124 1345 1192 antiquius,
1375 1124 1642 1193 quomodo
1668 1125 1718 1179 id
1760 1125 1899 1195 quod

309 1228 438 1271 ante
461 1217 606 1270 illum
633 1225 713 1271 est
736 1257 750 1282 ,
779 1231 875 1285 per
897 1216 1068 1284 ipsum
1101 1213 1299 1268 factum
1327 1215 1522 1270 fuerit?
1548 1214 1821 1271 Videtisne
1848 1216 1899 1270 in

308 1315 561 1375 quantam
594 1307 951 1361 temeritatem
982 1305 1151 1361 semel
1181 1306 1386 1374 abjecta
1415 1307 1639 1361 veritate
1677 1323 1893 1378 proces-

308 1395 512 1450 serint?
537 1394 651 1450 Cur
683 1411 791 1450 non
820 1394 956 1450 dixit
977 1394 1323 1465 evangelista,
1370 1394 1541 1465 ipsum
1579 1411 1645 1452 ex
1675 1413 1778 1452 non
1804 1414 1901 1452 ex-

309 1488 577 1542 stantibus
622 1486 817 1541 factum
863 1500 1021 1551 esse,
1075 1498 1131 1541 ut
1177 1487 1244 1543 de
1288 1489 1540 1543 omnibus
1573 1490 1768 1543 Paulus
1818 1489 1900 1543 his

307 1578 492 1631 verbis
529 1578 724 1632 asserit
750 1593 764 1630 :
796 1577 896 1642 Qui
924 1578 1117 1630 rocuvit
1145 1592 1202 1630 ea
1230 1592 1346 1647 qua
1370 1593 1473 1631 non
1502 1588 1623 1630 sunt
1663 1588 1899 1648 tanquam

311 1686 372 1721 eu
414 1685 532 1736 qua
557 1679 673 1722 sunt
718 1676 737 1740 ί
763 1669 913 1724 Rom.
944 1670 994 1723 4.
1026 1669 1088 1725 I7
1125 1668 1180 1739 );
1208 1668 1302 1723 sed
1332 1668 1495 1734 dicit,
1544 1666 1610 1722 In
1651 1669 1898 1739 principio

314 1759 463 1812 erat?
478 1760 581 1813 hoc
594 1760 732 1813 enim
751 1758 1075 1813 contrarium
1095 1768 1179 1812 est
1194 1758 1266 1812 illi
1287 1775 1301 1823 ;
1323 1756 1515 1827 acjure
1537 1759 1742 1812 merito.
1758 1759 1897 1812 Deus

311 1850 455 1902 enim
475 1863 651 1917 neque
672 1848 749 1913 lit,
772 1863 942 1918 neque
963 1848 1089 1918 quid
1134 1863 1194 1903 se
1209 1848 1475 1918 antiquius
1493 1847 1686 1913 habet;
1712 1864 1894 1903 verum

307 1938 427 1993 haec
450 1936 729 2008 gentilium
755 1939 913 1993 verba
949 1946 1093 1992 sunt.
1137 1939 1230 1994 Dic
1254 1946 1310 1993 et
1339 1938 1467 1993 illud
1503 1937 1631 1992 mihi
1657 1956 1672 1993 :
1702 1941 1891 1994 Annon

304 2026 512 2081 dixeris
537 2034 833 2082 Creatorem
878 2028 1073 2083 creatis
1108 2027 1361 2098 operibus
1402 2028 1894 2097 incomparabiliter

301 2116 744 2172 excellentiorem
770 2115 931 2173 esse?
957 2116 1092 2173 Cum
1132 2132 1261 2188 ergo
1299 2117 1431 2189 ipsis
1454 2119 1628 2174 simile
1672 2118 1809 2174 foret
1839 2120 1888 2173 id

302 2207 439 2278 quod
466 2222 540 2261 ex
572 2223 681 2263 non
707 2209 1039 2263 exstantibus
1062 2219 1240 2273 esset,
1283 2210 1371 2264 ubi
1400 2217 1545 2265 esset
1571 2210 1655 2265 illa
1686 2209 1891 2265 incom-

302 2298 561 2367 parabilis
584 2299 939 2356 excellentia?
965 2299 1105 2366 Quid
1129 2307 1306 2355 autem
1337 2309 1420 2355 est
1444 2300 1568 2355 illud
1587 2342 1601 2364 ,
1637 2300 1746 2371 Ego
1787 2302 1891 2371 pri.

299 2406 441 2454 ntus,
481 2399 532 2443 et
556 2406 650 2460 ego
677 2399 785 2460 post
810 2391 935 2457 hac,
969 2400 1046 2455 et,
1075 2391 1208 2446 Ante
1230 2408 1307 2445 me
1335 2408 1435 2446 non
1466 2393 1566 2463 fuit
1590 2394 1725 2447 alius
1757 2392 1892 2448 Deus

305 2477 464 2547 (lsai.
492 2479 585 2534 ιι.
615 2480 669 2534 ι.
697 2490 747 2534 et
770 2481 857 2536 43.
892 2480 1020 2552 l0)?
1045 2482 1177 2537 Nam
1207 2482 1252 2537 si
1285 2481 1448 2537 Filius
1478 2497 1583 2538 non
1614 2485 1683 2538 sit
1705 2500 1769 2540 ex
1801 2501 1891 2541 ea-

299 2569 428 2625 dem
455 2571 754 2625 substantia
778 2614 794 2639 ,
816 2573 951 2628 alius
971 2582 1056 2628 est
1100 2574 1275 2639 Deus;
1319 2574 1363 2629 si
1411 2589 1517 2630 non
1556 2584 1887 2641 coartet-nus,

300 2670 385 2716 est
422 2671 547 2731 post
573 2662 725 2717 illum
759 2680 774 2718 :
816 2677 880 2718 ac
904 2664 951 2718 si
976 2679 1083 2719 non
1107 2672 1176 2720 e’x
1203 2664 1500 2719 substantia
1538 2665 1766 2735 prodiit,
1796 2680 1890 2737 pa-

301 2755 405 2806 lam
431 2763 517 2809 est
542 2755 716 2824 ipsum
743 2756 940 2811 iactum
967 2771 1108 2813 esse.
1141 2756 1293 2826 Quod
1323 2757 1371 2813 si
1408 2758 1641 2814 dixerint
1682 2758 1795 2815 hate
1821 2761 1885 2814 ad

302 2844 658 2900 diderentiam
702 2845 967 2903 idolorum
1007 2849 1148 2903 dicta
1200 2848 1362 2904 fuisse
1389 2888 1407 2916 ,
1456 2850 1725 2919 quomodo
1778 2866 1884 2906 non

301 2935 598 2990 roricedem
640 2936 708 2990 ad
754 2935 1109 2993 diderentiam
1162 2938 1424 2995 idolorum
1472 2939 1643 2995 solum
1696 2955 1881 2995 verum

307 3026 471 3080 Deum
497 3024 645 3080 dici?
672 3026 826 3093 Quod
853 3028 897 3081 si
928 3027 1031 3083 hoc
1055 3029 1215 3084 etiam
1243 3028 1310 3083 ad
1332 3027 1684 3085 diﬂ‘ercntiam
1709 3031 1882 3086 idolo-

308 3131 422 3169 rum
449 3115 651 3171 dictum
697 3117 804 3181 sit,
835 3119 1106 3188 quomodo
1148 3127 1312 3175 totam
1356 3121 1674 3175 sententiam
1717 3122 1883 3175 inter-

309 3207 602 3274 pretaberis
617 3207 647 3259 ’ἒ
677 3204 804 3261 Post
828 3223 908 3261 me
929 3208 1094 3273 enim,
1123 3208 1321 3277 inquit,
1347 3224 1450 3263 non
1474 3217 1549 3262 est
1570 3208 1702 3264 alius
1723 3207 1883 3264 Deus.

309 3295 428 3349 Non
453 3295 675 3364 eiiciens
716 3297 911 3352 Filium
960 3298 1062 3353 hoc
1088 3298 1251 3365 dicit,
1284 3300 1376 3354 sed
1419 3298 1678 3368 signilltnt
1701 3340 1715 3362 ,
1747 3298 1887 3353 Dens

313 3386 540 3441 idolium
566 3396 682 3455 post
708 3403 797 3443 me
843 3405 953 3443 non
996 3398 1112 3455 est;
1160 3403 1264 3444 non
1294 3388 1434 3460 quod
1460 3387 1633 3444 Filius
1660 3403 1764 3443 non
1793 3389 1880 3443 sit.

307 3478 480 3531 Etiam
501 3519 518 3541 ,
548 3479 777 3549 inquies.
801 3479 936 3547 Quid
980 3479 1171 3550 igitur?
1198 3480 1323 3534 illttd
1342 3521 1357 3545 ,
1404 3480 1532 3534 Ante
1560 3495 1639 3533 me
1662 3496 1763 3533 non
1788 3480 1885 3549 fuit

311 3569 447 3622 alius
477 3569 617 3623 Deus
639 3610 657 3634 ,
688 3570 760 3623 ita
785 3571 1014 3641 accipies
1039 3611 1054 3635 ,
1093 3569 1235 3639 quod
1281 3585 1474 3640 nempe
1502 3570 1724 3626 idolicus
1752 3570 1885 3625 deus

305 3673 410 3714 non
438 3657 637 3723 luerit;
674 3671 725 3713 at
754 3659 915 3716 fuerit
941 3661 1131 3716 saltem
1161 3671 1285 3716 ante
1306 3677 1427 3717 eum
1456 3661 1663 3717 Filius?
1689 3661 1885 3731 Ecquis

302 3751 512 3805 daanon
560 3751 681 3806 ba-c
707 3752 936 3807 dixerit?
982 3753 1060 3807 Ne
1088 3754 1260 3822 ipsum
1288 3753 1503 3823 quidem
1533 3753 1801 3807 diabolum
1832 3753 1883 3807 id

303 3850 429 3908 [atto
455 3841 730 3895 dicturum
761 3855 901 3896 esse.
930 3843 1177 3912 Alioquin
1204 3852 1403 3906 autem,
1433 3842 1478 3897 si
1505 3856 1610 3896 non
1638 3850 1721 3896 est
1743 3856 1885 3896 coae-

302 3941 486 3984 tcrnos
516 3930 664 3984 Patri
686 3971 701 3993 .
729 3933 997 3997 quomodo
1022 3933 1281 3986 inﬁnitam
1311 3933 1428 4001 ejus
1455 3934 1614 3986 vitam
1640 3932 1884 3987 dixeris?

303 4019 431 4074 Nam
460 4021 506 4075 si
536 4022 855 4091 principium
899 4022 1139 4077 anterius
1175 4023 1363 4087 habet;
1397 4023 1607 4078 etiamsi
1648 4022 1885 4077 inﬁnitus

302 4110 403 4171 sit,
454 4125 565 4164 non
607 4120 786 4164 tamen
835 4112 1129 4167 immensus
1168 4113 1271 4167 erit
1320 4130 1335 4166 :
1381 4116 1698 4168 immensum
1741 4112 1881 4167 enim

303 4201 555 4269 utrinque
608 4203 927 4256 immensum
977 4217 1099 4258 esse
1141 4211 1385 4271 oportet;
1435 4202 1489 4257 id
1534 4203 1675 4272 quod
1723 4204 1882 4257 etiam

305 4291 499 4347 Paulos
542 4292 827 4347 declarans
851 4292 1060 4347 dicebat
1087 4311 1102 4348 :
1130 4292 1306 4363 Neque
1331 4294 1634 4362 principium
1665 4293 1882 4357 dierum,

306 4398 459 4449 neque
485 4384 645 4452 (vim
674 4384 788 4437 vita
809 4383 995 4438 habens
1023 4384 1044 4455 (
1066 4383 1225 4439 Hebr.
1259 4385 1310 4439 7.
1340 4385 1375 4439 5
1397 4385 1437 4453 ),
1470 4394 1523 4438 et
1554 4384 1810 4453 principio
1832 4394 1884 4440 et

307 4476 408 4527 liae
433 4489 624 4529 carere
648 4473 928 4529 declarans
952 4512 966 4528 .
995 4475 1452 4541 Quemadmodum
1475 4477 1616 4530 enim
1649 4476 1771 4541 hoc,
1804 4478 1882 4531 sic

309 4580 473 4632 neque
518 4564 650 4618 illud
700 4564 860 4619 liuent
893 4565 1086 4629 habet;
1113 4581 1234 4621 cum
1272 4581 1443 4637 neque
1489 4566 1573 4620 hic
1621 4567 1740 4621 linis
1777 4569 1882 4630 sit,

309 4667 477 4723 neque
506 4655 619 4709 illic
653 4655 883 4710 initium.

373 4745 429 4799 5.
482 4742 703 4799 Verbum
729 4745 774 4798 si
809 4746 909 4798 vita
934 4754 1028 4808 est,
1059 4755 1297 4800 cterntuu
1325 4745 1651 4814 est.0bjertio
1680 4746 1879 4800 ha'reti-

306 4850 475 4888 rora
504 4849 523 4887 :
557 4833 725 4888 Filius
748 4842 860 4897 om
901 4835 1085 4890 dicitur
1122 4836 1232 4889 sine
1255 4836 1491 4897 articulo,
1519 4824 1789 4906 refutatur.
1816 4867 1886 4876 -—

306 4924 587 4991 Quomodo
610 4934 791 4979 autem
818 4941 941 4980 cum
968 4926 1076 4981 vita
1100 4927 1191 4990 sit,
1212 4925 1370 4981 luerit
1398 4936 1606 4995 tempus
1630 4942 1752 4981 eum
1779 4945 1882 4982 non

306 5016 480 5070 esset?
526 5014 647 5069 Vita
687 5016 833 5070 enim
873 5032 1106 5086 semper,
1135 5032 1201 5071 ac
1244 5019 1358 5073 sine
1390 5019 1649 5089 principio
1680 5028 1735 5073 et
1779 5022 1886 5073 llnc

306 5121 423 5160 esse
447 5121 613 5160 nemo
640 5120 746 5160 non
772 5105 1022 5170 fateatur,
1039 5108 1085 5162 si
1113 5108 1203 5163 ille
1231 5124 1359 5163 vere
1380 5110 1482 5163 vita
1504 5111 1594 5175 sit,
1614 5118 1671 5164 ut
1699 5126 1885 5164 revera

309 5205 406 5250 est.
435 5196 494 5250 Si
522 5210 656 5251 vero
681 5195 779 5251 fuit
803 5196 1092 5267 aliquando
1126 5211 1250 5253 cum
1281 5213 1386 5252 non
1424 5209 1589 5263 esset,
1615 5201 1885 5269 quomodo

313 5288 413 5341 vita
439 5286 673 5342 aliorum
712 5286 803 5352 sit,
830 5302 948 5356 quae
976 5288 1260 5357 aliquando
1290 5303 1393 5342 non
1427 5288 1565 5342 luit?
1607 5288 1886 5357 Quomodo

313 5379 488 5447 igitur,
521 5379 717 5449 inquit,
745 5377 981 5434 Joannes
1005 5379 1320 5449 principium
1366 5381 1541 5449 posuit
1583 5379 1786 5443 dicens.
1817 5378 1883 5433 lu

318 5470 562 5539 principio
582 5480 691 5524 erat
709 5470 735 5523 .’
762 5469 915 5526 llliue
935 5470 1070 5535 voci,
1102 5485 1303 5541 quaeso,
1324 5470 1388 5524 In
1415 5472 1685 5541 principio,
1709 5480 1763 5525 ct
1788 5471 1884 5535 illi,

321 5557 463 5621 Erat.
504 5561 773 5625 attendis;
821 5570 879 5615 et
916 5559 1085 5627 illam,
1126 5559 1337 5616 Verbum
1364 5572 1489 5625 erat,
1517 5578 1619 5616 non
1650 5563 1888 5633 cogitas?

313 5650 444 5717 οη
476 5667 624 5718 vero,
656 5652 872 5725 quando
925 5653 989 5707 dc
1038 5656 1188 5709 Patre
1220 5656 1348 5711 dirit
1378 5655 1634 5726 propheta
1667 5670 1678 5706 :
1726 5654 1762 5709 Α
1793 5669 1887 5707 δαν-

2022 400 2135 452 eulo
2162 411 2209 454 et
2238 418 2394 471 usque
2420 405 2472 456 in
2499 405 2738 458 strrulutn
2764 419 2816 459 tu
2846 423 2897 463 es
2926 406 3095 481 (Psal.
3127 410 3218 467 89.
3261 413 3318 485 2)
3348 432 3361 467 :
3408 431 3473 469 an
3517 421 3598 472 his

2019 488 2196 543 verbis
2226 493 2482 547 terminos
2514 494 2610 563 ipsi
2657 497 2843 564 ponit?
2885 497 3266 569 Nequaquam;
3315 503 3409 560 sed
3439 516 3595 560 σιμ-ι·-

2017 580 2234 635 nitatem
2266 582 2551 652 signiﬁcat.
2597 584 2827 656 ldipsnm
2861 588 2946 645 hic
2974 592 3170 661 cogita.
3197 592 3310 647 Non
3342 599 3598 652 terminos

2016 686 2219 739 ponens
2263 674 2332 728 ita
2361 675 2615 746 loquutus
2644 689 2724 734 est
2752 697 2766 734 :
2802 697 2975 751 neque
3016 684 3158 739 enim
3207 686 3361 752 dixit,
3392 687 3598 744 Princi-

2016 764 2156 832 piutn
2186 767 2404 833 habuit;
2431 772 2547 828 sed.
2580 771 2645 825 In
2674 774 2923 844 principio
2944 786 3095 840 erat;
3135 777 3233 833 hac
3260 794 3409 844 voce,
3443 780 3591 846 Erat,

2014 862 2064 907 te
2092 854 2366 914 deducens
2396 871 2451 913 ιιι
2483 861 2673 917 Filium
2706 867 2822 920 sine
2854 867 3110 937 principio
3144 885 3268 925 esse
3306 873 3590 944 cogitares.

2012 945 2103 1009 At,
2150 947 2379 1017 inquies,
2413 950 2573 1006 Pater
2599 969 2720 1007 cum
2762 955 2985 1012 articulo
3014 959 3227 1025 dicitur,
3260 959 3422 1015 Filius
3465 978 3592 1017 vero

2008 1036 2123 1089 sine
2139 1039 2363 1093 articulo
2378 1041 2478 1111 (a).
2499 1042 2634 1108 Quid
2658 1060 2784 1111 ergo
2805 1061 2925 1101 cum
2950 1050 3223 1116 apostolus
3243 1049 3392 1115 dicit,
3413 1050 3588 1122 Magni

2014 1124 2107 1178 Dei
2132 1137 2178 1179 et
2209 1128 2489 1184 Saluatoris
2536 1134 2695 1186 nostri
2733 1132 2859 1188 Iesu
2907 1134 3093 1190 Christi
3121 1138 3246 1206 (Tit.
3277 1139 3328 1192 9..
3361 1141 3486 1209 l5);
3535 1152 3590 1195 ct

2008 1232 2238 1281 rursum,
2276 1219 2376 1286 Qui
2404 1232 2476 1274 est
2501 1239 2652 1289 super
2678 1225 2846 1276 omnia
2883 1224 3027 1280 Deus
3047 1227 3236 1299 (Rom.
3253 1229 3309 1283 9.
3339 1230 3434 1299 5)?
3462 1244 3589 1285 erce

2008 1321 2236 1374 namque
2264 1307 2350 1362 hic
2379 1310 2493 1365 sine
2516 1312 2741 1366 articulo
2765 1314 2955 1367 Filium
2990 1318 3323 1371 memoravit.
3356 1319 3592 1391 ldipsnm

2007 1398 2072 1451 de
2105 1397 2261 1452 Patre
2286 1399 2558 1455 observes.
2592 1402 2721 1456 Nam
2749 1404 2813 1456 ad
2847 1403 3217 1474 Philippenses
3240 1409 3482 1463 scribens
3507 1411 3584 1464 sic

2005 1489 2079 1541 ait
2107 1504 2120 1542 :
2151 1489 2251 1554 Qui
2274 1506 2388 1542 cum
2427 1493 2478 1544 in
2505 1496 2669 1561 [anna
2696 1493 2791 1547 Dei
2818 1503 2965 1561 esset,
2988 1512 3088 1549 non
3117 1498 3584 1567 rapinamarbitra-

2006 1588 2087 1632 tus
2110 1588 2181 1632 est
2201 1597 2308 1635 esse
2329 1598 2384 1636 se
2405 1576 2649 1652 aqualem
2678 1584 2785 1639 Deo
2826 1585 3081 1656 (Philipp.
3102 1589 3157 1642 2.
3182 1587 3276 1660 6):
3304 1600 3353 1643 et
3382 1592 3447 1644 ad
3479 1591 3583 1644 Ro-

2003 1684 2224 1724 manos:
2251 1669 2429 1725 Gratia
2451 1672 2587 1726 vobis
2610 1683 2658 1727 et
2681 1692 2784 1743 pax
2807 1692 2837 1728 a
2862 1675 2974 1730 Deo
2996 1676 3154 1732 Patre
3180 1688 3373 1744 nostra,
3402 1691 3451 1734 et
3474 1680 3581 1734 ουρ

2002 1762 2137 1814 mino
2163 1759 2288 1815 Jesu
2312 1761 2512 1817 Christo
2553 1764 2710 1836 (llam
2760 1768 2811 1821 ί.
2841 1765 2915 1836 7).
2951 1768 3199 1836 Alioquin
3230 1784 3363 1824 vero
3390 1785 3579 1838 supera

2001 1863 2287 1905 vacaneum
2309 1852 2489 1908 luisset
2517 1855 2604 1910 hic
2623 1856 2905 1910 articulum
2930 1873 3262 1925 praeponere,
3276 1875 3397 1914 eum
3419 1876 3589 1928 supra

2002 1939 2308 2009 frequenter
2326 1945 2601 2013 appositus
2624 1945 2805 1999 fuerit.
2822 1945 3283 2011 Quemadmodum
3300 1951 3439 2003 enim
3458 1967 3593 2004 cum.

1998 2030 2067 2085 de
2099 2032 2258 2088 Patre
2295 2033 2445 2099 dicit,
2480 2034 2707 2104 Spiritus
2728 2047 2799 2089 est
2829 2036 2962 2090 Deus
2992 2035 3171 2107 (Joan.
3200 2039 3253 2093 ι.
3279 2039 3370 2106 ει)
3397 2056 3411 2104 ς
3455 2046 3592 2110 quia.

2000 2123 2259 2178 articulus
2285 2124 2504 2193 Spiritui
2560 2140 2664 2180 non
2711 2128 3032 2197 praepositus
3057 2138 3159 2194 est,
3192 2145 3297 2183 non
3348 2131 3468 2185 ideo
3496 2133 3575 2184 in-

1999 2228 2316 2282 corporeum
2363 2230 2485 2271 esse
2528 2217 2690 2270 Deum
2742 2232 2998 2287 negamus
3026 2236 3041 2273 :
3073 2220 3152 2273 sic
3194 2231 3247 2273 et
3291 2219 3393 2275 hoc
3439 2222 3575 2283 loco,

1998 2305 2207 2360 etiamsi
2252 2305 2388 2361 Filio
2415 2309 2670 2362 articulus
2722 2324 2826 2362 non
2860 2318 3217 2378 przepouatur,
3250 2327 3353 2364 non
3403 2312 3577 2367 ttiilltts

2000 2404 2175 2451 tamen
2197 2395 2347 2453 Deus,
2361 2408 2442 2452 est
2464 2398 2650 2455 Filius.
2671 2400 2782 2467 Qua
2811 2415 2939 2455 vero
2964 2400 3031 2455 de
3050 2402 3249 2457 causa?
3276 2401 3408 2456 Cum
3432 2404 3575 2458 enim

1998 2488 2166 2544 Deum
2193 2501 2248 2545 et
2273 2489 2439 2546 Deum
2469 2490 2624 2557 dixit,
2648 2492 2851 2547 nullum
2884 2492 3082 2547 indicat
3104 2491 3261 2548 nobis
3283 2492 3577 2549 divinitatis

1994 2578 2315 2644 discrimen;
2375 2582 2483 2635 imo
2533 2596 2755 2652 prorsus
2809 2592 3016 2637 contra.
3072 2582 3203 2638 Cum
3233 2583 3375 2637 enim
3431 2585 3588 2653 prius.

1993 2668 2240 2735 dixisset,
2271 2668 2339 2723 Et
2364 2669 2499 2725 Deus
2523 2680 2630 2724 erat
2663 2669 2899 2732 Verbum,
2927 2686 2994 2726 ne
3017 2670 3142 2741 quis
3161 2680 3370 2743 putaret
3397 2673 3569 2727 mino-

1992 2773 2106 2813 rem
2136 2774 2255 2816 esse
2281 2759 2400 2815 Filii
2427 2760 2777 2829 divinitatem,
2801 2762 2976 2816 statim
2998 2777 3138 2816 verte
3157 2759 3445 2817 divinitatis
3458 2764 3585 2833 ejus.

1992 2848 2311 2904 documenta
2338 2849 2559 2919 profert;
2580 2854 2929 2908 atternitatem
2951 2867 3140 2921 nempe
3168 2851 3247 2906 sic
3271 2867 3583 2916 resmneus..

1997 2937 2095 2992 llic
2141 2950 2247 2993 erat
2300 2957 2332 2993 a
2375 2940 2624 3010 principio
2683 2942 2823 3009 apud
2886 2941 3051 2997 Deum
3098 2941 3300 3013 (leua.
3350 2943 3404 2999 l.
3452 2942 3567 3013 2);

1991 3030 2207 3085 creandi
2236 3032 2342 3085 vim
2380 3048 2501 3087 cum
2540 3033 2706 3099 addit,
2737 3034 2921 3087 (inuria
2952 3049 3041 3101 per
3065 3034 3232 3103 ipsum
3266 3036 3401 3103 facta
3426 3044 3580 3097 sunt,

1991 3133 2036 3175 et
2064 3123 2172 3175 sine
2188 3122 2300 3187 ipso
2320 3126 2509 3192 factum
2538 3132 2609 3175 est
2639 3123 2766 3176 nihil
2794 3123 2929 3188 quod
2956 3125 3146 3191 factum
3173 3131 3245 3176 est
3273 3120 3437 3187 (Ibid.
3468 3124 3524 3192 5)
3553 3141 3565 3173 :

1993 3209 2044 3264 id
2065 3209 2208 3279 quod
2231 3210 2460 3264 maxime
2479 3209 2634 3265 Pater
2657 3211 2774 3277 ejus
2799 3225 2893 3280 per
2920 3209 3205 3279 prophetas
3224 3211 3419 3284 ubique
3445 3214 3569 3265 sub-

1993 3300 2204 3354 stantia:
2233 3300 2351 3368 ejus
2394 3309 2763 3369 argumentum
2790 3313 2912 3354 esse
2948 3298 3098 3353 dicit.
3146 3299 3223 3354 Ac
3267 3297 3571 3368 frequenter

1993 3391 2094 3447 hoc
2118 3390 2590 3447 demonstrationis
2614 3404 2783 3461 genus
2808 3389 3085 3461 prophetae
3109 3397 3325 3444 versant
3352 3405 3367 3442 :
3398 3403 3585 3458 neque-

1991 3482 2057 3537 ad
2086 3481 2189 3537 hoc
2213 3482 2409 3547 solum,
2441 3481 2534 3536 sed
2561 3482 2802 3537 utetiam
2830 3480 3095 3535 idolorum
3123 3479 3326 3535 cultum
3357 3478 3562 3533 tollant.

1991 3572 2125 3628 Nam
2167 3572 2262 3637 dii,
2308 3573 2497 3641 inquit,
2527 3574 2613 3642 qui
2657 3571 2838 3627 mlum
2883 3580 2931 3627 et
2959 3580 3147 3625 terram
3172 3586 3281 3624 non
3320 3568 3565 3638 fecerunt,

1993 3672 2199 3731 pereant
2226 3661 2361 3733 (Jer.
2397 3663 2486 3718 l0.
2513 3662 2637 3733 ll);
2670 3678 2733 3718 ac
2761 3677 2994 3727 rursum,
3021 3659 3134 3732 Ego
3162 3677 3315 3715 manu
3345 3676 3456 3714 mea
3475 3676 3565 3714 ea:-

1992 3751 2128 3805 tendi
2171 3751 2351 3804 carlum
2388 3750 2542 3820 (lsai.
2576 3752 2664 3806 44.
2695 3749 2827 3822 2t):
2868 3749 3268 3820 ostendensque
3294 3748 3422 3803 illud
3447 3762 3569 3803 esse

1991 3842 2282 3897 divinitatis
2310 3852 2705 3912 argumentum,
2735 3842 2786 3896 id
2812 3840 3007 3911 ubique
3047 3841 3214 3910 ponit.
3245 3839 3363 3909 Ipse
3387 3848 3566 3893 autem

1992 3935 2339 4002 evangelista,
2371 3933 2455 3987 his
2496 3949 2601 3987 non
2629 3940 2916 3987 contentus
2954 3930 3152 3998 verbis,
3179 3931 3341 3984 vitam
3394 3929 3565 3997 ipsum

1992 4026 2196 4079 vocavit
2225 4033 2278 4076 et
2307 4024 2497 4077 lucent.
2526 4022 2582 4077 Si
2626 4022 2803 4091 itaque
2843 4036 3056 4090 semper
3092 4035 3215 4074 cum
3243 4020 3401 4074 Patre
3428 4027 3564 4078 erat.

1991 4115 2035 4167 si
2057 4113 2232 4167 omnia
2258 4112 2373 4181 ipse
2392 4110 2651 4173 condidit,
2683 4110 2931 4180 produxit
2953 4121 3005 4164 et
3025 4109 3262 4164 continet
3282 4109 3405 4178 (hoc
3421 4108 3571 4162 enim

1995 4219 2090 4272 per
2117 4204 2279 4257 vitam
2308 4200 2621 4272 signiﬁcavit
2642 4201 2681 4270 ),
2710 4201 2756 4255 si
2782 4201 2959 4254 omnia
2987 4200 3286 4263 illuminat;
3335 4197 3455 4268 quis
3494 4197 3581 4251 ita.

1991 4294 2184 4349 stultus
2208 4293 2311 4347 erit
2338 4300 2396 4347 ut
2420 4292 2582 4358 dicat,
2613 4291 2993 4361 evangelistam
3025 4291 3140 4346 haec
3165 4291 3325 4346 verba
3352 4299 3408 4344 ut
3433 4290 3567 4344 divi-

1994 4386 2211 4439 nitatem
2243 4386 2360 4453 ejns
2403 4384 2671 4438 minueret
2717 4381 3018 4447 induxisse,
3052 4381 3244 4450 quibus
3292 4381 3568 4450 inqualitas

1995 4476 2294 4546 paritasque
2323 4475 2677 4531 demonstrari
2706 4475 2952 4545 poterat?
2979 4473 3076 4538 Ne,
3107 4489 3314 4543 quaeso,
3346 4474 3587 4528 conruit--

1991 4568 2180 4621 damus
2209 4576 2506 4621 creaturam
2541 4582 2661 4621 cum
2689 4567 2964 4632 Creatore,
2996 4582 3063 4621 ne
3091 4581 3190 4619 nos
3228 4581 3440 4636 quoque
3468 4584 3563 4619 an-

1992 4658 2205 4711 cliamus
2232 4672 2246 4712 :
2278 4655 2550 4711 Coluerunt
2577 4665 2860 4711 creaturam
2900 4672 3006 4726 pro:
3031 4655 3273 4712 Creatore
3306 4654 3480 4727 (Rom.
3520 4658 3571 4711 l.

1990 4748 2104 4818 εδ).
2130 4748 2348 4803 Etiamsi
2373 4748 2516 4804 enim
2544 4749 2610 4803 de
2636 4749 2782 4803 etclis
2823 4748 2938 4803 hate
2979 4745 3322 4817 intelligenda
3348 4745 3530 4819 dicant
3557 4766 3568 4798 :

1990 4847 2225 4893 attamen
2244 4837 2313 4893 de
2334 4838 2416 4892 his
2447 4838 2667 4909 loquens
2696 4840 2913 4892 omnino
2942 4836 3213 4909 prohibuit
3231 4853 3301 4893 ne
3324 4846 3587 4892 creatura.

1993 4931 2217 4992 colatur,
2248 4931 2337 5001 qui
2384 4932 2660 5001 gentilium
2690 4945 2841 4984 error
2866 4938 2967 4984 est.

2064 5024 2118 5076 4.
2162 5022 2199 5074 Α
2228 5023 2462 5075 seruitute
2487 5022 2736 5076 idolorum
2780 5035 2870 5072 nos
2911 5018 3134 5074 liberauit
3162 5019 3571 5075 Christus..Dn.

1993 5123 2160 5183 gtnata
2195 5130 2293 5165 non
2322 5122 2530 5179 prosunt
2558 5112 2626 5164 ad
2653 5111 2883 5175 salutem,
2905 5111 2947 5164 si
2977 5112 3076 5164 vita
3103 5113 3167 5164 sit
3191 5123 3449 5181 corrupta.
3483 5110 3586 5167 Im

1993 5203 2216 5256 celeriter
2254 5202 2630 5273 exstinguenda.
2683 5200 2881 5255 Laudes
2921 5202 3178 5255 hominum
3209 5203 3285 5255 vel
3314 5218 3376 5253 ex
3401 5204 3565 5271 gratia

2057 5357 2129 5416 (a)
2154 5362 2249 5404 lioc
2293 5355 2489 5416 respicit
2506 5353 2621 5404 illud
2653 5351 2918 5414 Evangelii,
2944 5365 3006 5403 και
3030 5362 3053 5416 ιι
3073 5366 3185 5416 item
3206 5358 3250 5414 ἦν
3269 5367 3353 5416 ιρις
3385 5364 3450 5403 τὸν
3472 5363 3571 5411 om,

1992 5412 2222 5474 ιιιὸὲὸςῆν
2245 5426 2274 5481 t
2292 5412 2419 5477 Αιτᾶς.
2436 5416 2528 5481 ubi
2554 5429 2618 5481 τίεν
2759 5412 2870 5464 cum
2886 5412 3089 5481 articulo
3110 5412 3305 5481 dicitur
3321 5414 3386 5481 de
3418 5420 3571 5481 tjatre,

1994 5490 2151 5534 «tota;
2173 5473 2216 5535 ἦ.
2239 5473 2636 5539 δίιιυάιιὶοιιΙοιιο
2652 5477 2785 5527 Filio.
2805 5477 2937 5539 Qndc
2952 5477 3226 5539 arguebant
3250 5475 3396 5534 impie
3414 5473 3575 5539 Ariani

1995 5547 2049 5588 et
2080 5534 2298 5587 Auounri
2322 5571 2336 5595 ,
2371 5536 2536 5587 Filium
2562 5552 2656 5589 uou
2683 5550 2796 5588 esse
2818 5537 2978 5589 Deum
3002 5534 3128 5587 sicut
3150 5545 3355 5593 Patrem,
3381 5534 3469 5595 sed
3490 5547 3579 5580 un.

1995 5613 2184 5663 norem,
2211 5612 2303 5647 nec
2326 5593 2533 5662 'prOprie
2552 5600 2713 5650 Deum
2742 5614 2752 5648 ι
2779 5600 2907 5663 quod
2932 5600 3187 5649 contrariis
3210 5593 3452 5657 exemplis
3473 5610 3576 5646 cum

1999 5634 2130 5710 ἵιῖίιῖί
2151 5634 2526 5724 ἠιῖξεοὲἒῖὡῖιεῖ
