4000 6210
702 248 760 303 Μ
946 281 959 311 ι

707 366 974 429 prodeunt,
1003 364 1084 422 vel
1104 379 1165 416 ex
1210 365 1327 417 odio
1378 376 1643 435 negantur.
1669 396 1741 405 --
1761 365 1838 419 Ne
1870 367 2046 434 itaque
2090 363 2279 431 hujus-

701 453 839 507 moili
874 453 1235 508 maledictiont
1270 472 1365 507 ιιιις
1389 456 1755 523 subjiciamus.
1790 455 1913 509 Ideo
1944 456 2086 510 venit
2116 454 2281 509 Filius

704 545 816 611 Dei,
844 554 899 597 ut
926 560 1022 598 nos
1049 545 1116 599 ab
1141 544 1243 599 hoc
1272 551 1417 600 cultu
1445 556 1691 609 erueret;
1740 546 1858 601 ideo
1883 546 2019 600 servi
2054 546 2277 599 formam

700 636 920 703 acet-pit,
946 645 1002 689 ut
1030 651 1128 690 nos
1148 636 1216 689 ab
1246 637 1332 691 illa
1356 639 1611 692 servitute
1642 638 1929 701 liberaret;
1962 637 2080 690 ideo
2111 636 2279 705 sputis

700 736 752 780 et
783 728 1023 796 colaphis
1073 727 1473 797 dehonestatus,
1508 730 1629 784 ideo
1658 741 1883 784 mortem
1918 731 2275 798 turpissimam

698 832 883 885 passus
909 826 1009 871 est.
1039 818 1134 882 Ne,
1155 834 1358 891 qumso,
1385 820 1498 875 hare
1528 822 1707 875 omnia
1737 821 1940 877 inutilia
1969 821 2274 886 reddamus,

701 925 873 979 neque
918 928 1132 968 rursum
1183 912 1249 966 ad
1304 913 1581 981 pristinam
1613 914 1895 967 redeamus
1928 914 2272 983 impietatem,

698 1003 805 1057 imo
837 1004 887 1056 in
920 1003 1077 1073 longe
1101 1007 1397 1073 graviorem
1427 1023 1440 1058 :
1483 1022 1588 1059 non
1617 1006 1759 1061 enim
1790 1007 1993 1075 asquale
2018 1016 2099 1060 est
2128 1022 2277 1061 crea-

693 1103 863 1146 turam
886 1096 1081 1159 colcre,
1099 1105 1150 1150 et
1174 1097 1345 1165 ipsum
1363 1098 1673 1152 Creatorem
1686 1099 1750 1151 ad
1769 1107 2131 1152 creauit-arum
2156 1098 2272 1151 vili-

697 1192 885 1248 tatem,
916 1197 1172 1254 quantum
1221 1187 1271 1241 in
1302 1188 1455 1241 nobis
1499 1198 1600 1252 est,
1632 1188 1956 1256 deprimere.
1999 1187 2130 1241 Nam
2164 1188 2275 1257 ipse

695 1285 871 1328 manet
911 1277 1083 1344 qualis
1122 1287 1224 1339 est,
1254 1277 1335 1330 Tu
1371 1288 1538 1331 mitem
1580 1277 1711 1330 idem
1760 1279 1870 1347 ipse
1903 1295 1974 1341 es,
2013 1278 2200 1347 inquit,
2230 1286 2275 1331 et

692 1368 817 1419 anui
847 1368 922 1419 tui
968 1384 1068 1420 non
1103 1368 1333 1435 deficient
1382 1367 1555 1437 (l‘sul.
1599 1368 1719 1443 101.
1753 1370 1866 1438 28).
1900 1369 2274 1425 Glorificemus

696 1458 849 1521 igitur
878 1474 1022 1521 eum,
1049 1472 1177 1511 mu
1213 1460 1520 1527 accepimus
1543 1475 1571 1511 a
1606 1460 1845 1528 patrihus
1870 1478 1886 1517 ζ
1914 1462 2274 1530 glorificcmus

691 1563 810 1602 eum
838 1559 892 1603 et
922 1550 1024 1605 lide
1048 1560 1102 1603 et
1121 1550 1407 1619 operibus,
1435 1550 1564 1604 nihil
1596 1553 1737 1605 enim
1769 1553 1925 1606 nobis
1950 1553 2016 1607 ad
2046 1555 2270 1607 salutem

693 1660 705 1709 ι
729 1652 916 1697 rosunt
943 1645 1188 1715 dogmata
1215 1644 1319 1712 pia,
1339 1646 1382 1697 si
1418 1644 1524 1698 vita
1541 1644 1897 1714 sitcorrupta.
1914 1645 2270 1712 Quamobrem

694 1739 836 1792 illam
858 1738 1243 1793 conrinnemus
1262 1738 1326 1792 ad
1350 1739 1442 1793 Dei
1463 1740 1734 1810 placitum,
1750 1740 1901 1795 omni
1921 1740 2269 1809 turpitudine,

692 1833 970 1903 injustitia,
1003 1833 1222 1887 avaritia
1269 1833 1424 1902 longe
1471 1834 1678 1899 abacta,
1714 1842 1982 1902 tamquam
2036 1833 2272 1902 hospites

688 1933 745 1977 et.
780 1924 1020 1987 advenat,
1052 1929 1107 1977 et
1136 1938 1164 1975 a
1198 1924 1549 1992 praesentibus
1592 1926 1747 1993 longe
1770 1925 1949 1979 alieni.
1981 1925 2035 1980 Si
2060 1925 2272 1980 divitias

687 2013 807 2082 quis
833 2013 1029 2068 multas
1057 2014 1249 2068 habeat
1280 2022 1334 2067 et
1365 2014 1583 2083 praedia,
1612 2014 1691 2069 sic
1720 2014 1784 2069 iis
1810 2024 2009 2081 utatur,
2034 2024 2091 2068 ut
2121 2029 2272 2084 pere-

687 2104 872 2171 grinus
898 2103 989 2172 qui
1035 2104 1194 2172 paulo
1244 2114 1362 2172 post
1392 2104 1517 2159 velit
1548 2105 1681 2159 nolit
1709 2105 2040 2160 discessurus
2082 2115 2183 2160 est.
2213 2105 2268 2161 Si

684 2196 802 2263 quis
817 2195 884 2249 ab
898 2196 1005 2248 alio
1024 2196 1209 2264 injuria
1230 2196 1387 2250 hesus
1401 2197 1501 2262 sit,
1517 2212 1582 2251 ne
1599 2197 1971 2252 immortaliter
1985 2198 2265 2263 irascatur,

687 2287 793 2338 imo
822 2301 890 2338 ne
930 2286 1108 2353 aliquo
1133 2286 1348 2355 quidem
1380 2297 1619 2356 tempore
1649 2306 1663 2340 :
1712 2302 1815 2341 non
1847 2288 1966 2358 plus
1996 2289 2137 2343 enim
2163 2304 2269 2343 uno

682 2374 771 2428 die
802 2374 955 2428 nobis
994 2375 1059 2428 ad
1093 2376 1227 2428 iram
1268 2378 1536 2430 concessit
1571 2378 1853 2445 Apostolus
1882 2396 1896 2431 :
1929 2377 2041 2443 Sol,
2075 2380 2263 2448 inquit,

684 2482 784 2518 non
817 2466 1012 2519 ocridut
1041 2483 1194 2533 super
1226 2467 1545 2521 iracundiam
1575 2480 1787 2523 uestrum
1824 2469 2039 2541 (Ephes.
2071 2472 2126 2527 4.
2147 2471 2263 2541 26).

684 2556 887 2624 Etjure
908 2558 1123 2626 quidem
1155 2576 1167 2611 :
1208 2558 1501 2627 optandum
1535 2561 1730 2629 quippe
1759 2570 1864 2627 est,
1888 2572 1943 2616 et
1969 2563 2053 2616 vix
2085 2564 2264 2617 caveri

685 2655 881 2714 potest,
913 2656 968 2700 ιιι
996 2664 1062 2701 ne
1090 2648 1147 2702 in
1192 2659 1299 2702 tam
1344 2650 1555 2705 modico
1602 2653 1779 2721 spatio
1802 2653 1927 2724 quid
1978 2654 2262 2709 molestum

680 2736 904 2791 accidat.
931 2737 989 2793 Si
1012 2748 1189 2794 autem
1218 2756 1322 2794 nox
1356 2757 1451 2796 nos
1474 2742 1858 2813 apprehendat,
1880 2759 1965 2799 res
1992 2746 2265 2814 graviores

679 2830 935 2896 evadunt,
966 2833 1221 2886 memoria
1266 2834 1531 2902 ingentem
1562 2836 1715 2890 nobis
1753 2838 1927 2904 ignem
1957 2838 2259 2908 colligente,

680 2921 941 2991 nobisque
968 2937 1064 2992 per
1109 2924 1366 2994 temporis
1411 2926 1640 2995 spatium
1691 2926 1807 2981 lucc
1835 2930 2079 2983 acerbius
2108 2945 2260 2982 scru—

678 3014 935 3068 umtibus.
994 3016 1293 3086 Antequam
1323 3032 1459 3089 ergo
1482 3020 1646 3073 otium
1699 3020 1997 3088 hujusniodl
2030 3036 2260 3089 occupe-

676 3119 816 3170 mus,
846 3115 900 3159 et
945 3106 1399 3162 vehementiorem
1456 3109 1812 3164 accendamus
1863 3128 2081 3181 rogum,
2111 3113 2261 3179 jubet

677 3195 875 3250 malum
898 3207 1241 3266 prmvertcre,
1271 3208 1326 3253 et
1354 3200 1715 3270 exstinguere.
1736 3202 2039 3257 Vehemens
2063 3204 2259 3274 quippe

674 3298 757 3341 est
788 3289 879 3342 ira:
914 3298 1111 3351 motus,
1140 3291 1393 3359 omnique
1426 3294 1635 3345 flamma
1664 3296 1888 3347 acutius.
1919 3294 2040 3348 Ideo
2065 3298 2259 3351 celeri.

677 3388 784 3432 tate
814 3380 973 3432 multa
1004 3382 1155 3434 nobis
1180 3391 1260 3434 est
1291 3396 1442 3450 opus,
1475 3395 1527 3434 ut
1552 3383 1817 3437 flammam
1850 3398 2256 3455 praevertamus,

680 3484 776 3523 nec
795 3469 1032 3523 sinamus
1058 3486 1356 3540 assurgere.
1384 3472 1481 3526 llic
1506 3474 1700 3541 quippe
1727 3476 1943 3529 morbus
1969 3477 2255 3531 multorum

673 3573 830 3613 causa
864 3561 1122 3615 malorum
1154 3562 1402 3616 efﬁcitur.
1438 3565 1632 3618 Domos
1674 3567 1816 3620 enim
1871 3577 2011 3622 totas
2038 3573 2252 3635 evertit,

674 3663 884 3706 veteres
931 3652 1089 3706 solvit
1131 3656 1564 3722 consuetudines,
1598 3672 1701 3710 non
1747 3660 2103 3716 consolabiles
2144 3673 2254 3716 tra-

670 3743 875 3807 goedias
903 3744 1051 3797 brevi
1094 3758 1331 3815 tempore
1370 3763 1433 3801 ac
1481 3756 1755 3802 momento
1779 3750 1935 3819 parit.
1969 3752 2100 3807 Nam
2132 3753 2252 3807 Mo-

671 3848 889 3889 mentum
918 3839 1105 3908 furoris
1131 3840 1259 3910 ejus.
1291 3842 1441 3894 ruina
1463 3844 1574 3913 ejus
1614 3842 1799 3911 (Eccli.
1830 3846 1882 3898 l.
1910 3846 2027 3914 ‘22),
2059 3846 2249 3915 inquit.

668 3928 744 3981 Ne
774 3929 950 3997 itaque
992 3929 1154 3983 feram
1204 3931 1339 3985 hanc
1386 3934 1503 3989 sine
1551 3936 1702 3989 freno
1749 3936 2006 4003 sinamus,
2035 3939 2128 3992 sed
2158 3953 2250 3992 ca-

670 4036 812 4072 mum
844 4021 939 4089 ipsi
965 4022 1197 4092 undique
1228 4024 1595 4091 fortissimum,
1622 4027 1779 4083 futuri
1807 4029 1989 4098 judicii
2024 4041 2244 4097 metum,

669 4114 982 4181 injiciamus.
1010 4114 1141 4170 Cum
1168 4114 1449 4187 t‘eamicus
1471 4119 1689 4187 laeserit,
1709 4134 1799 4174 aut
1825 4123 2097 4177 familiaris
2118 4140 2244 4179 con-

668 4210 935 4274 citaverit,
969 4212 1142 4279 cogita
1192 4221 1389 4281 quanta
1439 4228 1563 4283 erga
1617 4213 1783 4269 Deum
1839 4218 2168 4285 peccaveris,
2195 4226 2248 4271 et

671 4301 941 4370 perpende
974 4314 1025 4356 te
1056 4302 1098 4355 si
1131 4302 1458 4358 moderatius
1488 4320 1609 4359 cum
1637 4306 1727 4360 illo
1757 4321 1904 4377 agas,
1950 4308 2129 4363 mitius
2153 4308 2245 4363 tibi

658 4393 916 4460 judicium
944 4393 1069 4448 illud
1101 4396 1446 4450 constituere.
1468 4396 1601 4451 Nam
1627 4400 1721 4465 ait,
1754 4399 1979 4469 Dimitte,
2003 4411 2051 4453 et
2077 4402 2247 4454 dimit-

663 4493 794 4536 tetur
819 4484 953 4538 vobis
982 4484 1131 4554 (Luc.
1170 4487 1225 4540 6.
1255 4488 1382 4557 57);
1429 4490 1715 4557 statimque
1743 4491 1960 4544 morbus
1986 4493 2241 4559 aufugiet.

662 4575 740 4628 Ad
769 4575 880 4630 haec
907 4576 1214 4631 consideres
1242 4578 1424 4642 velim,
1456 4594 1581 4632 num
1616 4580 1899 4649 aliquando
1931 4583 1981 4636 in
2011 4583 2241 4638 furorem

662 4676 831 4731 actus,
870 4679 920 4721 te
944 4670 1311 4732 continueris;
1344 4679 1397 4723 et
1423 4686 1547 4722 num
1575 4671 1862 4739 aliquando
1891 4675 2051 4728 etiam
2078 4676 2146 4730 ab
2168 4677 2241 4729 ira

659 4761 911 4828 abreptus
955 4760 1159 4815 fueris:
1196 4770 1541 4831 utrorumque
1578 4765 1975 4831 comparatione
2031 4776 2240 4836 tempo-

661 4866 801 4913 rum,
831 4851 895 4903 ad
926 4852 1353 4907 emendationem
1408 4853 1560 4908 valde
1604 4854 1892 4922 juvaberis.
1948 4855 2043 4911 Dic
2097 4859 2238 4913 enim

659 4942 810 5005 tnihi,
840 4944 1176 5010 quandonam
1210 4949 1435 5015 tcipsum
1465 4945 1711 5010 laudasti,
1734 4961 1854 5001 cum
1883 4947 1952 5001 ab
1974 4949 2049 5002 ira
2080 4966 2239 5019 supe-

656 5046 803 5089 ratus
832 5051 912 5101 es,
938 5052 1003 5088 an
1030 5053 1150 5089 cum
1181 5038 1481 5106 superasti?
1523 5038 1713 5092 Annon
1738 5054 1858 5092 cum
1887 5040 2116 5107 primum
2148 5057 2237 5094 ac-

655 5129 804 5192 cidit,
831 5146 926 5182 nos
954 5129 1297 5185 vehementer
1318 5132 1642 5197 incusamus,
1660 5131 2048 5196 erubescimus,
2072 5132 2234 5187 etiam

659 5219 872 5273 nemine
900 5229 1177 5289 arguente,
1204 5236 1267 5275 ac
1314 5223 1476 5276 multa
1512 5237 1611 5277 nos
1636 5234 1689 5277 et
1718 5223 2003 5278 verborum
2049 5233 2104 5279 et
2143 5240 2238 5294 εον

656 5323 856 5368 stornm
903 5314 1046 5367 subit
1094 5315 1439 5383 pamitentia?
1489 5332 1610 5371 cum
1655 5326 1833 5372 autem
1879 5332 2229 5385 superamus,

650 5405 961 5468 gaudemus.
1012 5414 1066 5458 et
1116 5407 1265 5474 quasi
1314 5408 1543 5462 victores
1588 5409 1954 5464 exsultamus?
2000 5409 2229 5465 Victoria

649 5497 790 5548 enim
840 5504 1028 5549 contra
1064 5496 1194 5550 iram
1227 5506 1329 5562 est,
1360 5512 1463 5551 non
1494 5512 1614 5553 cum
1666 5514 1761 5568 par
1792 5500 1904 5568 pari
1950 5498 2231 5556 referimus

650 5587 796 5653 (luce
837 5586 1034 5656 quippe
1082 5596 1318 5641 extrema
1370 5587 1548 5643 clades
1598 5590 1734 5659 est),
1766 5590 1859 5645 sed
1905 5606 2028 5645 cum
2077 5606 2230 5662 aequo

654 5679 827 5734 animo
857 5681 1035 5737 omnia
1079 5681 1307 5750 patimur
1337 5690 1389 5736 ct
1431 5682 1692 5738 audimus.
1748 5684 1857 5739 lloc
1900 5683 2094 5755 quippe
2145 5694 2227 5741 est

1440 248 1495 306 S.
1536 250 1813 306 JOANNIS
1851 246 2330 305 CllllYSUSTOMI
2373 246 2687 305 ARCHIEP.
2729 252 3262 312 CONSTAN'I'INOP.

2394 364 2724 428 superiorem
2757 383 2897 434 esse,
2928 386 3030 427 non
3079 374 3216 425 mala
3263 370 3483 438 inferre,
3509 373 3598 429 sed
3645 389 3716 429 ma

2391 450 2520 507 Cum
2570 456 2816 513 irasceris
2862 461 3043 532 igitur,
3087 479 3153 517 ne
3202 462 3391 518 dicas:
3435 464 3655 522 Prorsus
3705 484 3716 517 ι

2389 560 2509 614 ego,
2541 562 2761 617 prorsus
2788 551 2980 606 irruam
3014 555 3064 607 in
3096 555 3242 609 illum
3271 573 3283 607 :
3327 572 3498 626 neque
3538 572 3715 612 monet:

2389 636 2519 690 iram
2551 639 2804 696 coliibeas
2834 644 3034 699 dixeris
3067 664 3080 700 :
3124 646 3239 700 Non
3282 647 3454 715 patiar
3479 657 3535 701 ut
3565 658 3712 718 postq

2388 727 2517 781 mihi
2551 729 2796 796 illuserit,
2827 733 3040 803 impune
3063 735 3237 789 abeat.
3272 735 3454 804 Neque
3481 738 3621 792 enim
3652 747 3702 791 te

2388 819 2649 885 irridebit,
2683 823 2786 877 nisi
2811 824 3027 893 quando
3050 826 3115 879 ad
3144 826 3429 881 vindictam
3458 835 3507 880 te
3530 828 3718 881 contuli

2387 918 2438 963 te
2466 912 2775 981 quiescente
2826 915 3087 981 irriserit,
3117 925 3174 969 ut
3202 917 3398 971 stultus
3445 917 3494 971 id
3542 926 3676 988 aget.
3712 918 3718 935 ‘

2385 1015 2505 1055 cum
2537 1004 2747 1067 viceris,
2770 1021 2837 1059 ne
2865 1021 3070 1075 quaeras
3099 1007 3323 1077 gloriam
3353 1023 3380 1059 a
3410 1008 3604 1073 stultis,
3626 1010 3714 1062 sed

2385 1100 2563 1159 tentus
2588 1106 2725 1158 esto,
2755 1112 2911 1165 quam
2938 1111 2966 1150 a
2994 1098 3324 1165 sapientibus
3354 1100 3671 1167 assequeris.
3704 1101 3718 1154 l

2383 1198 2479 1236 cur
2509 1186 2601 1239 tibi
2662 1202 2883 1255 parvum
2928 1188 3054 1242 illud
3104 1204 3165 1242 ac
3218 1190 3323 1244 vile
3377 1189 3635 1245 theatrum
3687 1192 3715 1243 Ιι

2383 1277 2689 1331 constituo?
2718 1278 2796 1331 Ad
2826 1279 2990 1332 Deum
3019 1279 3195 1332 statim
3223 1279 3454 1349 respice,
3484 1291 3535 1333 et
3563 1281 3673 1347 ipse
3705 1292 3718 1333 t

2383 1364 2457 1420 bit
2484 1382 2497 1415 :
2528 1382 2634 1435 quo
2661 1368 2910 1423 laudante
2938 1384 3095 1423 nemo
3124 1369 3283 1424 debet
3311 1370 3378 1425 ab
3411 1371 3709 1426 hominibus

2380 1471 2641 1525 qumrere.
2673 1458 2958 1513 lloniinum
2987 1461 3182 1530 quippe
3208 1461 3394 1515 laudes
3435 1462 3718 1533 plerumch

2380 1547 2548 1615 gratia
2581 1548 2863 1616 prodeunt,
2887 1554 2968 1605 vel
2998 1566 3063 1605 ex
3089 1550 3212 1605 odio
3243 1562 3532 1621 negantur;
3566 1555 3718 1624 nihin

2380 1636 2636 1692 aﬂ'eruut:
2668 1639 2758 1693 Dei
2786 1656 2913 1695 vero
2936 1640 3192 1710 judicium
3220 1641 3318 1696 hac
3351 1642 3718 1712 inzequabilitat

2383 1728 2710 1798 multamque
2734 1729 2949 1785 laudato.
2970 1730 3127 1787 affert
3167 1732 3468 1788 utilitatem.
3498 1734 3643 1791 llanc
3665 1737 3709 1806 ig

2379 1816 2500 1873 dem
2534 1835 2843 1887 sequamur.

2449 1911 2500 1966 5.
2533 1910 2616 1964 Ea:
2631 1912 2863 1966 iracundi
2887 1914 3122 1982 imagine,
3152 1926 3395 1985 quantum
3426 1918 3610 1971 malum
3635 1920 3696 1971 sit

2376 1998 2543 2053 batur.
2576 2000 2764 2056 Contra
2793 2020 2876 2057 eos
2903 2005 2991 2074 qui
3018 2007 3358 2075 superstitiose
3402 2018 3625 2076 tempora
3674 2009 3720 2062 οι

2375 2120 2447 2130 —-
2472 2092 2633 2148 Visne
2658 2093 2865 2151 discere
2896 2106 3150 2165 quantum
3196 2098 3267 2152 sit
3312 2100 3508 2153 malum
3561 2101 3673 2154 ira?
3714 2102 3720 2156 Ι

2375 2192 2494 2238 esto
2521 2182 2647 2238 dum
2678 2185 2767 2239 alii
2793 2186 3036 2241 rixantur
3072 2188 3122 2241 in
3155 2186 3295 2243 foro.
3327 2189 3510 2260 Neque
3535 2193 3676 2246 enim
3708 2194 3719 2245 i

2377 2275 2756 2344 turpitudinem
2809 2278 2953 2333 illam
2998 2288 3102 2332 tam
3152 2279 3305 2335 facile
3339 2282 3708 2351 deprehendes

2376 2381 2569 2433 nempe
2602 2373 2729 2422 tunc
2756 2368 2990 2422 tenebris
3016 2378 3073 2423 et
3101 2370 3359 2424 ebrietate
3397 2372 3680 2437 obvoluto;
3713 2392 3720 2427 ε

2375 2456 2451 2510 ira
2480 2472 2677 2513 vacuus
2701 2474 2762 2514 cs
2783 2501 2801 2525 ,
2824 2469 2947 2515 tunc
2980 2461 3029 2515 iu
3058 2461 3177 2515 aliis
3206 2473 3289 2515 tua
3317 2466 3715 2534 contemplare;

2368 2547 2625 2616 judicium
2654 2560 2807 2607 tuum
2832 2564 3142 2623 corruptum
3175 2570 3280 2609 non
3305 2564 3405 2610 est.
3439 2555 3570 2612 Vide
3593 2558 3718 2611 mihi

2372 2639 2851 2707 circtimllucntem,
2893 2653 2947 2698 et
2992 2645 3177 2711 iratos,
3224 2660 3288 2700 ac
3324 2646 3380 2700 si.
3397 2647 3652 2713 furerent,
3700 2650 3712 2702 i

2374 2733 2600 2801 turpiter
2634 2742 2874 2804 agentes.
2894 2734 3032 2790 Cum
3055 2737 3195 2790 enim
3224 2737 3299 2791 ira
3328 2738 3380 2791 in
3412 2749 3625 2807 pectore
3655 2741 3720 2793 ei]

2370 2835 2423 2876 et
2454 2823 2738 2891 efferatur,
2767 2842 2827 2881 os
2854 2827 3026 2897 ignem
3055 2829 3251 2899 spirat,
3284 2831 3429 2885 oculi
3463 2831 3639 2901 ignem
3666 2849 3713 2887 ei

2372 2914 2585 2968 inﬂatur
2614 2916 2847 2986 undique
2890 2918 3091 2983 vultus,
3137 2920 3488 2990 incomposite
3526 2938 3713 2978 manus

2372 3015 2477 3073 tur,
2510 3009 2733 3063 ridicule
2763 3010 2930 3078 pedes
2956 3012 3242 3080 exsiliunt,
3276 3023 3329 3068 et
3362 3014 3618 3068 insultant
3645 3016 3719 3070 litt

2370 3113 2518 3153 mere
2555 3100 2903 3167 conantibus;
2949 3101 3078 3156 nihil
3108 3104 3225 3157 irati
3254 3104 3510 3159 differunt
3552 3122 3581 3158 a
3614 3107 3722 3161 fure

2368 3204 2489 3245 cum
2524 3191 2635 3245 lucc
2664 3193 2843 3247 omnia
2888 3195 3033 3248 nullo
3078 3195 3281 3264 prmditi
3328 3211 3489 3251 sensu
3521 3214 3715 3267 perago

2368 3300 2434 3338 ne
2460 3285 2529 3339 ab
2553 3286 2718 3341 asinis
2742 3288 3058 3356 agrestibus,
3082 3289 3440 3354 caleitrautes,
3466 3289 3722 3345 mordenti

2366 3375 2447 3428 vir
2477 3375 2762 3430 iracundus
2788 3376 3028 3432 modeste
3054 3394 3216 3447 agere
3245 3379 3432 3434 nescit.
3462 3380 3661 3434 Deinde
3686 3397 3721 3448 pi

2367 3476 2476 3520 tum
2516 3468 2803 3522 excitatum
2830 3469 3027 3535 risum,
3062 3471 3148 3523 tibi
3176 3470 3393 3525 domum
3435 3470 3722 3534 redierint,

2364 3559 2570 3612 rewrsi
2592 3600 2606 3623 ,
2636 3558 2823 3613 dolore
2849 3560 3005 3613 simul
3034 3576 3096 3614 ac
3125 3574 3268 3615 metu
3295 3562 3562 3630 agitantur
3586 3580 3601 3626 ;
3626 3564 3713 3615 ani

2361 3663 2588 3719 ventes,
2628 3654 2843 3723 quinam
2894 3656 3023 3708 rixa:
3052 3665 3345 3723 prazsentes
3390 3654 3607 3709 fuerint.
3660 3656 3722 3709 Ρ(

2360 3746 2501 3799 enim
2529 3761 2626 3799 ceu
2656 3745 2893 3801 furentes
2920 3748 2986 3801 de
3011 3747 3375 3817 spectantibus
3401 3748 3528 3801 nihil
3559 3749 3721 3817 cogit:

2358 3838 2734 3907 resipisceutcs
2783 3847 2963 3906 postea
3013 3854 3193 3893 secum
3243 3848 3528 3908 reputant,
3579 3857 3706 3894 num

2359 3946 2485 3984 num
2518 3930 2715 3985 inimici
2742 3940 3073 4000 Spectatores
3103 3931 3319 3986 fuerint.
3347 3930 3477 3985 Nam
3512 3932 3721 4001 perinde

2358 4036 2462 4089 que
2494 4029 2775 4086 metuunt;
2810 4022 2963 4087 illos,
3009 4031 3065 4075 ut
3090 4037 3149 4076 se
3187 4022 3553 4091 improbantes
3583 4024 3722 4091 majo

2356 4112 2646 4167 inferentes
2674 4114 2957 4182 pudorem;
2993 4114 3122 4179 bos,
3158 4123 3215 4167 ut
3241 4114 3307 4168 de
3333 4130 3426 4169 sua
3460 4117 3717 4184 turpitudi

2352 4208 2562 4263 dentes.
2596 4208 2750 4274 Quod
2792 4211 2837 4263 si
2881 4209 2946 4263 ad
2992 4210 3171 4278 plagas
3202 4223 3369 4278 usque
3418 4219 3629 4263 mutuas
3674 4211 3716 4263 ri

2354 4300 2575 4369 ruperit,
2614 4309 2722 4353 tum
2755 4309 2929 4354 metus
2958 4301 3189 4369 gravior,
3222 4314 3290 4353 ne
3320 4298 3445 4368 quid
3476 4298 3717 4353 deterius

2352 4400 2467 4445 rato
2495 4392 2734 4456 accidat,
2785 4406 2854 4445 ne
2896 4392 3227 4460 subsequens
3259 4390 3421 4444 febris
3450 4400 3678 4445 mortem
3714 4392 3722 4443 i

2350 4482 2435 4537 vel
2477 4490 2653 4535 tumor
2698 4476 3157 4535 curatu‘difiicilis
3199 4482 3253 4535 in
3297 4492 3595 4536 extremum
3647 4498 3713 4552 pe

2354 4574 2621 4641 conjiciat.
2665 4574 2800 4641 Quid
2849 4574 2991 4626 enim
3043 4574 3171 4627 ιιιλΙιὶ
3224 4590 3394 4644 pugna
3449 4588 3585 4642 opus
3631 4590 3720 4627 era

2349 4666 2687 4721 contumeliis
2713 4675 2767 4720 et
2789 4666 2958 4719 rixis?
2989 4675 3209 4735 pereant
3241 4677 3295 4721 et
3321 4667 3434 4721 lucc
3460 4676 3515 4720 et
3542 4666 3654 4719 illa.
3687 4667 3722 4719 Ἰ

2348 4758 2598 4812 omnibus
2628 4756 2776 4811 hisce
2805 4756 2961 4810 fluxis
2988 4756 3150 4811 rebus
3192 4757 3549 4823 maledicunt,
3581 4772 3703 4826 qua:

2345 4867 2504 4908 causa
2534 4852 2700 4906 fuere.
2734 4850 3135 4920 lusipientiores
3176 4865 3305 4904 vero
3338 4859 3393 4904 et
3437 4850 3701 4917 malignos

2346 4959 2475 5009 nas,
2517 4953 2571 4998 et
2612 4943 2798 4997 horam
2848 4950 3164 5012 tempusque
3192 4942 3566 4995 criminantur.
3605 4942 3722 4995 Veri

2349 5036 2478 5090 liora
2510 5035 2647 5089 mala
2693 5035 2744 5089 in
2786 5049 2945 5089 causa
2989 5042 3104 5097 est;
3158 5032 3299 5086 nulla
3342 5033 3538 5103 quippe
3585 5032 3718 5085 hora

2343 5145 2515 5197 neque
2537 5128 2651 5183 ha:c
2686 5144 2715 5181 a
2744 5127 2978 5198 maligno
3006 5125 3252 5180 dtemone
3277 5128 3715 5196 proficiscuntur,

2341 5220 2576 5290 nequitia
2629 5220 2933 5273 rixantium.
2968 5217 3032 5272 Hi
3076 5233 3305 5288 namque
3346 5228 3401 5273 et
3439 5219 3719 5273 dmmonas

2340 5313 2495 5379 bunt,
2524 5320 2579 5368 et
2608 5313 2709 5367 sibi
2742 5312 2871 5382 ipsis
2900 5311 3038 5365 mala
3069 5310 3320 5367 inferunt.
3348 5310 3452 5365 Sed
3481 5325 3576 5365 cor
3601 5311 3712 5363 intu

2340 5406 2546 5476 inquies
2570 5447 2584 5473 ,
2617 5416 2671 5459 et
2697 5420 2725 5458 a
2753 5402 3095 5459 contumeliis
3122 5402 3435 5457 mordetur?
3458 5402 3512 5456 ld
3547 5411 3602 5455 et
3627 5418 3722 5469 ego

2340 5500 2565 5571 ideoque
2593 5498 2759 5553 miror
2785 5511 2877 5551 eos
2907 5496 2997 5565 qui
3041 5495 3238 5549 malam
3270 5493 3408 5549 hanc
3452 5491 3620 5548 feram
3651 5508 3721 5547 co

2336 5594 2394 5646 Si
2427 5593 2567 5648 enim
2610 5591 2833 5645 velimus
2858 5630 2872 5654 ,
2904 5604 3186 5659 possumus
3214 5588 3456 5643 morbum
3488 5587 3721 5656 depelle:

2338 5687 2476 5741 enim
2505 5699 2622 5739 cum
2656 5683 2921 5753 principes
2949 5681 3044 5737 viri
3070 5698 3165 5735 nos
3193 5681 3517 5735 contumelia
3554 5678 3721 5733 al‘lii-ii
