4000 6210
300 322 380 354 εὶι)

305 428 422 468 mn
466 407 717 480 agimus?
763 419 944 460 nonne
988 403 1109 473 quia
1157 403 1348 468 timor,
1397 418 1502 457 tton
1542 403 1717 456 minor
1744 417 1902 471 quam

312 504 418 567 ira,
452 516 555 553 nos
583 498 843 560 deterret,
873 509 973 548 nec
1002 494 1087 547 vel
1117 508 1147 546 a
1179 493 1437 561 principio
1467 493 1596 545 iram
1626 506 1906 560 ertnnpere

309 594 485 648 sinit?
531 590 645 644 Cur
686 602 848 657 porro
900 585 1040 640 servi
1088 600 1118 636 a
1170 583 1327 637 nobis
1374 583 1523 637 mille
1575 580 1908 636 contumeliis

314 683 534 738 onerati
561 722 575 744 ,
608 679 785 732 omnia
818 676 960 730 taciti
993 674 1205 728 ferunt?
1234 687 1413 728 nonne
1456 673 1580 741 quia
1610 682 1659 725 et
1691 671 1787 740 ipsi
1808 686 1905 725 c.0-

313 775 445 828 dem
487 770 701 824 vinculo
746 765 1017 835 ligantur?
1046 763 1124 817 Tu
1165 779 1294 817 vero
1320 778 1389 817 ne
1427 764 1599 816 solum
1629 762 1721 816 Dei
1750 762 1906 814 timo-

318 881 436 918 rem
479 863 705 932 cogites,
751 860 846 913 sed
900 859 1061 912 etiam
1109 866 1161 910 te
1206 866 1331 909 tunc
1378 870 1408 909 a
1437 855 1544 908 Deo
1572 852 1909 907 contumeliis

320 954 463 1007 aflici
494 995 508 1014 .
538 953 626 1023 qui
652 950 802 1017 jubet
850 959 900 1002 te
935 957 1144 1009 tacere,
1181 956 1236 1001 et
1260 945 1434 999 omnia
1460 944 1720 1014 patienter
1747 942 1905 997 feres.

325 1045 420 1097 Dic
463 1053 517 1097 te
565 1040 852 1095 lacessenti
888 1038 1067 1104 :Quid
1110 1037 1298 1090 faciam
1351 1035 1482 1094 tibi;
1529 1035 1664 1087 alius
1693 1033 1820 1087 mihi
1857 1043 1912 1086 et

326 1150 541 1189 manum
571 1142 629 1186 et
654 1132 890 1201 linguam
917 1129 1132 1184 cohibet
1156 1144 1170 1181 :
1197 1127 1405 1195 eritque
1432 1124 1633 1179 dictum
1665 1123 1793 1177 illud
1815 1163 1831 1184 ,
1856 1132 1910 1177 et

327 1226 419 1281 tibi
462 1234 519 1279 ct
545 1223 645 1293 ipsi
679 1219 1035 1291 philosOphia:
1065 1218 1309 1273 materia.
1337 1217 1484 1271 Nunc
1523 1223 1700 1270 autem
1742 1213 1912 1267 homi-

326 1331 454 1369 num
477 1315 647 1384 gratia
676 1313 841 1366 etiam
866 1308 1221 1364 intolerabilia
1252 1306 1471 1363 ferimus
1494 1349 1509 1371 ,
1536 1314 1590 1361 et
1614 1306 1677 1360 iis
1701 1308 1788 1374 qui
1817 1319 1913 1358 nos

324 1407 597 1461 lacessunt
619 1418 769 1472 saepe
804 1401 1029 1455 dicimus
1059 1418 1074 1455 :
1106 1400 1199 1455 llle
1225 1414 1309 1453 me
1334 1398 1642 1462 lacessivit,
1683 1413 1789 1451 non
1814 1405 1866 1448 tu
1896 1413 1909 1448 :

327 1498 437 1552 Deo
460 1505 639 1550 autem
667 1509 738 1548 ne
765 1507 949 1562 parem
994 1489 1207 1560 quidem
1252 1488 1607 1544 reverentiam
1642 1486 1919 1541 exhibebi-

328 1590 485 1643 mus?
506 1589 683 1657 Ecqua
706 1586 861 1640 nobis
888 1584 989 1638 erit
1015 1582 1203 1638 venia?
1223 1582 1429 1636 Anima:
1445 1590 1638 1634 nostrzr
1657 1579 1914 1633 dicamus:

334 1682 482 1736 Deus
504 1695 600 1734 nos
624 1692 760 1733 nunc
780 1676 1014 1740 lacessit,
1037 1675 1122 1743 qui
1148 1689 1334 1726 manus
1352 1682 1562 1726 nostras
1590 1670 1798 1725 cohibet
1818 1687 1829 1722 ε
1849 1684 1915 1722 ne

338 1772 667 1834 insiliamus,
704 1783 804 1821 nec
848 1766 1056 1821 minore
1088 1765 1254 1819 Deum
1286 1779 1443 1832 quam
1478 1762 1719 1814 homines
1756 1758 1913 1814 obse-

330 1861 545 1928 quentia
596 1870 1002 1926 prosequamur.
1030 1854 1109 1908 Ad
1141 1854 1243 1907 ltoc
1267 1853 1485 1905 verbum
1519 1848 1916 1906 exhorruistis?

327 1949 435 2005 Sed
479 1965 586 2002 non
639 1955 839 2001 tantum
869 1945 936 1999 ad
982 1945 1163 2009 verba,
1196 1942 1291 1997 sed
1336 1945 1496 1997 etiam
1528 1942 1591 1995 ad
1620 1957 1754 2011 Opus
1780 1943 1910 1994 vos‘

328 2041 717 2093 exhorrescere
742 2037 919 2105 cupio.
945 2034 1110 2089 Jussit
1142 2033 1283 2087 Deus
1313 2047 1411 2086 nos
1436 2030 1674 2101 colaphis
1712 2045 1911 2095 ca'sos,

393 2215 413 2246 ν
445 2213 531 2261 Alii
555 2213 761 2272 habent,
789 2225 891 2271 nos,
916 2210 1043 2272 loco,
1070 2223 1167 2262 ros.

1432 287 1497 341 lN
1535 285 1841 341 JOANNI'LM
1886 286 2110 342 llOMlL.
2157 289 2216 341 V.
2259 288 2328 341 al.
2372 286 2457 341 IV.
3496 281 3565 335 Si

2002 415 2109 454 non
2141 401 2297 455 modo
2326 401 2481 466 ferre,
2514 397 2605 453 sed
2633 399 2793 452 etiam
2820 398 2884 451 ad
2908 397 3057 466 pejus
3076 396 3340 467 quidpiam
3371 401 3569 468 patiere.

2002 489 2127 544 dum
2159 506 2255 543 nos
2298 489 2510 543 olli-rrc.
2542 489 2646 543 Nos
2673 499 2847 542 autem
2878 504 2998 542 cum
3028 498 3169 542 tanta
3198 489 3446 544 violentia
3471 494 3569 545 ob-

1997 579 2252 643 sistimus,
2300 591 2351 632 ut
2401 595 2505 632 non
2545 578 2701 632 modo
2727 593 2825 632 nos
2847 577 2916 632 ad
2954 579 3094 632 male
3135 579 3440 648 patiendum
3468 598 3573 634 non

1999 667 2322 730 oll‘eratnus,
2367 667 2460 721 sed
2512 668 2669 721 etiam
2714 681 2813 722 nos
2864 666 3218 731 ulciscamur;
3272 668 3378 722 imo
3433 683 3572 737 saepe

2001 758 2204 826 priores
2256 774 2446 812 manus
2495 757 2801 823 inferamus,
2850 773 3053 827 nosque
3099 758 3239 813 vinci
3285 771 3528 828 putemm
3555 804 3568 820 ,

1999 849 2099 903 nisi
2134 850 2347 917 paribus
2377 849 2692 904 afficiamus.
2740 850 2869 903 Nam
2913 850 3038 903 illud
3077 851 3293 920 gravius
3319 861 3398 904 eSt
3429 853 3568 920 quod

2000 954 2098 993 nos
2126 940 2333 994 vincere
2358 940 2741 1002 existimemus,
2770 940 2980 1010 quando
3006 951 3242 995 extrema
3267 942 3418 996 clade
3458 942 3576 996 nfli-

1998 1031 2191 1094 cimur,
2222 1040 2276 1085 ct
2305 1032 2448 1085 humi
2476 1034 2727 1101 prostrati
2755 1033 3027 1101 jacemus;
3057 1048 3119 1087 ac
3155 1033 3302 1088 mille
3346 1035 3575 1102 acceptis

2001 1138 2031 1175 a
2078 1123 2289 1176 diabolo
2338 1123 2663 1188 vulneribus,
2712 1124 2779 1178 de
2820 1123 2910 1178 illo
2954 1124 3227 1178 victoriam
3271 1132 3576 1190 reportasse

2000 1213 2290 1268 credamus.
2327 1214 2704 1281 Quamobrem,
2724 1228 2872 1282 rogo,
2893 1212 3160 1267 discamus
3184 1213 3302 1281 quis
3322 1213 3390 1267 sit
3416 1213 3572 1280 hujus

2004 1304 2239 1357 victoria:
2283 1303 2503 1366 modus,
2550 1312 2604 1357 et
2631 1303 2767 1358 hanc
2808 1317 3014 1356 morum
3044 1303 3277 1372 speciem
3303 1302 3574 1357 adeamus.

2004 1395 2276 1463 Siquidem
2325 1395 2463 1449 male
2506 1395 2649 1463 pati,
2678 1393 2905 1462 idipsum
2951 1401 3034 1446 est
3059 1392 3198 1461 quod
3223 1393 3486 1446 coronari.
3517 1392 3576 1445 Si

2004 1503 2131 1556 ergo
2161 1487 2406 1540 volumus
2437 1500 2537 1539 nos
2562 1501 2591 1538 a
2621 1486 2729 1539 Deo
2766 1485 2996 1538 victores
3027 1483 3340 1550 proclamari
3362 1523 3376 1547 ,
3409 1482 3462 1536 in
3494 1482 3576 1535 his

2006 1577 2386 1631 certaminibus
2436 1592 2501 1630 ne
2549 1576 2719 1642 legem
2764 1574 3093 1628 sazctilarium
3123 1586 3351 1642 agonum
3400 1585 3582 1625 serve-

2005 1681 2142 1729 nms,
2173 1666 2268 1719 sed
2302 1667 2471 1736 legem
2502 1680 2530 1717 a
2559 1665 2666 1719 Deo
2698 1679 2794 1733 pro
2822 1665 2904 1718 Itis
2927 1663 3303 1718 certaminibus
3332 1664 3581 1732 positam,

2008 1765 2068 1810 ut
2104 1755 2278 1810 omnia
2309 1771 2462 1824 mquo
2491 1754 2667 1808 animo
2687 1752 2937 1808 feramus.
2969 1752 3040 1807 lta
3069 1752 3212 1807 enim
3241 1761 3294 1806 el
3335 1751 3585 1805 adversa-

2009 1849 2119 1903 rios
2168 1857 2221 1903 ct
2268 1848 2548 1917 prtesentia
2577 1846 2752 1900 omnia
2783 1844 3172 1916 superabimus,
3221 1851 3276 1896 et
3323 1842 3582 1912 promissa

2004 1952 2395 2005 consequemur
2442 1937 2576 1989 bona
2603 1975 2620 2003 ,
2664 1936 2835 2003 gratia
2877 1941 2931 1988 et
2979 1933 3303 2001 benignitate
3356 1932 3558 1985 Domini

2006 2030 2171 2079 nostri
2199 2026 2324 2080 Jesu
2354 2025 2549 2079 Christi
2572 2065 2586 2087 ,
2618 2039 2713 2094 per
2741 2038 2897 2093 quem
2926 2032 2982 2077 et
3013 2037 3133 2076 cum
3160 2037 3265 2091 quo
3291 2021 3430 2076 Patri
3458 2062 3474 2087 ,
3516 2022 3588 2074 si-

2010 2117 2227 2185 mulque
2271 2116 2489 2186 Spiritui
2536 2126 2753 2179 sancto,
2794 2115 3000 2186 gloria,
3046 2114 3362 2183 imperium,
3395 2112 3584 2174 honor,

2013 2221 2153 2259 nunc
2174 2216 2226 2260 ct
2251 2220 2484 2273 semper,
2511 2216 2564 2260 et
2591 2207 2641 2257 iu
2670 2205 2861 2258 s;ecul.-i
2889 2203 3226 2258 smculorum.
3263 2203 3456 2257 Amen.

3305 2334 3592 2347 —__—_.

1743 2429 2084 2490 HOMILIA
2128 2432 2204 2489 V.

332 2569 461 2622 ϐιιυ.
498 2568 534 2621 Ι.
570 2586 619 2619 v.
653 2568 707 2623 5.
744 2569 924 2621 Omnia
947 2585 1036 2638 per
1062 2569 1225 2637 ipsum
1256 2570 1391 2638 facta
1421 2577 1535 2620 sunt
1556 2609 1569 2629 ,
1601 2578 1649 2620 cl
1678 2569 1784 2621 sine
1809 2569 1918 2638 ipso

668 2661 856 2728 factum
883 2669 952 2711 cst
979 2658 1107 2711 nihil
1132 2657 1265 2726 quod
1290 2657 1480 2726 factum
1507 2666 1599 2710 est.

404 2795 454 2846 Ι.
484 2791 692 2862 Moyses
721 2791 993 2846 historiam
1025 2790 1583 2853 Veteris'l‘esmmenti
1633 2805 1663 2844 a
1706 2791 1916 2847 sensili-

334 2886 431 2938 bus
478 2883 637 2936 nobis
680 2883 921 2947 orditur,
952 2891 1004 2937 et
1047 2898 1107 2935 ea
1160 2881 1399 2950 pluribus
1440 2890 1763 2934 enumerat:
1797 2899 1916 2934 nam

331 2974 424 3036 ait,
456 2971 525 3025 In
552 2971 807 3042 principia
830 2971 948 3039 fecit
977 2970 1109 3025 Dm
1137 2969 1378 3025 cwlumel
1398 2981 1579 3024 terram
1599 2969 1753 3037 (Gen.
1776 2971 1825 3025 l.
1846 2971 1917 3041 l):

335 3062 527 3116 deinde
554 3060 743 3128 adjicit
770 3061 945 3115 lucem
988 3059 1218 3123 factam,
1260 3059 1548 3115 secundum
1583 3060 1770 3113 ca-lum
1798 3061 1874 3129 (α)
1901 3099 1920 3126 ,

338 3154 614 3207 stellarum
644 3162 890 3207 naturam
916 3193 932 3216 ,
958 3154 1236 3221 omnigena
1261 3152 1568 3205 animalium
1596 3165 1788 3220 genera
1810 3190 1823 3213 ,
1856 3166 1924 3205 ne

338 3244 543 3313 singula
605 3254 992 3312 prosequentes
1052 3243 1319 3313 longiores
1360 3242 1552 3296 simus.
1601 3241 1698 3295 llic
1743 3250 1923 3293 autem

343 3335 664 3404 evangelista
705 3349 813 3387 uno
859 3333 1020 3387 verbo
1063 3332 1432 3402 complcctintr
1473 3332 1647 3385 omnia
1672 3372 1686 3393 ,
1737 3342 1788 3386 et
1832 3331 1921 3384 illa

344 3439 539 3491 nempe
563 3433 619 3478 et
644 3424 751 3477 illis
772 3425 1071 3493 superiora.
1105 3423 1170 3477 Et
1192 3424 1314 3490 jure
1356 3432 1531 3485 certe,
1564 3423 1684 3491 quia
1716 3422 1799 3474 illa
1829 3438 1925 3475 au-

340 3514 603 3568 ditoribus
628 3524 757 3568 nota
779 3524 928 3576 sunt,
955 3523 1010 3567 et
1038 3514 1149 3583 ipse
1179 3512 1245 3566 ad
1276 3512 1614 3581 praestantius
1638 3527 1926 3581 argumen-

343 3615 454 3658 tum
478 3612 755 3674 properat,
782 3618 845 3658 ac
878 3611 1044 3657 totum
1070 3618 1204 3673 opus
1230 3603 1552 3673 aggreditur,
1583 3619 1688 3657 non
1714 3602 1779 3656 de
1795 3618 1926 3672 ope-

343 3693 521 3759 ribus,
572 3693 673 3747 sed
725 3692 794 3747 de
850 3692 1051 3762 Opifice
1106 3702 1160 3747 et
1213 3691 1467 3747 Creatore
1510 3692 1772 3747 dicturus.
1806 3691 1929 3748 Ideo

343 3787 552 3857 Moyses
577 3784 795 3856 quidem
821 3826 837 3850 ,
866 3784 965 3839 etsi
990 3785 1250 3838 minorem
1288 3783 1571 3839 creationis
1598 3791 1799 3851 portent
1836 3798 1929 3852 ag-

343 3876 620 3943 grediatur
649 3876 667 3942 (
695 3874 827 3928 nihil
871 3875 1010 3929 enim
1050 3874 1204 3929 nobis
1224 3874 1291 3929 de
1318 3874 1670 3928 invisibilibus
1701 3882 1930 3941 potesta-

350 3970 486 4022 tibus
525 3967 810 4036 narravit)
835 4008 851 4031 ,
899 3967 951 4021 in
981 3966 1088 4020 illis
1112 3975 1363 4020 verszttur
1393 3983 1406 4020 :
1444 3966 1529 4020 hic
1556 3981 1684 4020 vero
1704 4005 1720 4030 ,
1750 3966 1838 4034 qui
1866 3964 1930 4017 ad

350 4062 521 4129 ipsum
574 4057 890 4115 Creatorem
937 4056 1228 4112 ascendere
1282 4056 1533 4123 festinat,
1583 4056 1704 4125 jure
1756 4055 1933 4108 omnia

354 4151 715 4221 praetercurrit
736 4191 753 4214 ,
780 4158 837 4205 et
874 4148 988 4203 lure
1011 4164 1129 4218 qua:
1177 4149 1266 4204 ille
1304 4147 1473 4214 dixit,
1505 4157 1559 4202 ct
1587 4163 1646 4201 ea
1677 4163 1794 4217 quia:
1823 4148 1935 4214 ipse

356 4244 546 4309 tacuit,
593 4243 781 4312 paucis
818 4242 1227 4311 complectitur,
1262 4239 1446 4294 Omnia
1487 4256 1576 4309 per
1612 4240 1776 4309 ipsum
1804 4240 1938 4308 facta

354 4345 483 4389 sunt.
515 4333 596 4389 Ne
626 4348 755 4388 vero
786 4340 938 4401 putes
963 4332 1133 4400 ipsum
1163 4346 1224 4386 ea
1257 4340 1458 4383 tantum
1485 4344 1786 4384 memorare
1819 4345 1937 4398 qu.e

360 4425 563 4496 lloyses
588 4424 859 4486 narravit,
885 4422 1188 4493 subjungit,
1223 4420 1289 4474 Et
1327 4422 1437 4475 sine
1478 4421 1588 4491 ipso
1633 4423 1821 4491 factum
1866 4430 1938 4473 est

361 4519 482 4572 nihil
496 4517 640 4589 quod
667 4522 897 4588 factum:
924 4516 1027 4571 hoc
1050 4525 1162 4579 est,
1197 4516 1275 4570 Ex
1304 4515 1466 4570 rebus
1497 4514 1669 4576 factis,
1694 4514 1805 4567 sive
1835 4514 1938 4566 sub

361 4622 630 4682 aspectum
650 4650 667 4673 ,
698 4610 815 4664 sive
839 4609 938 4663 sub
964 4609 1290 4664 intellectum
1321 4615 1524 4660 tantum
1547 4604 1781 4669 cadant,
1812 4603 1941 4657 nihil

362 4704 471 4758 sine
499 4703 623 4759 Filii
666 4703 860 4755 virtute
888 4700 1202 4770 productum
1247 4711 1348 4753 est.
1396 4697 1579 4766 Ncqtte
1621 4697 1762 4751 enim
1806 4712 1944 4765 pnn-

363 4808 502 4850 rtum
526 4809 861 4866 apponemus
883 4803 1003 4861 post
1024 4792 1175 4856 illud,
1195 4790 1363 4855 Nihil,
1389 4801 1443 4844 ut
1462 4789 1698 4844 lueretici
1723 4788 1942 4855 faciunt.

367 4886 440 4941 Illi
467 4887 612 4941 enim
641 4900 763 4940 cum
805 4884 970 4940 velint
1001 4883 1256 4952 Spiritum
1287 4890 1522 4936 creatum
1551 4893 1673 4935 esse
1693 4916 1713 4937 .
1755 4879 1825 4933 ita
1869 4878 1946 4933 le-

365 4987 491 5046 gunt
522 4995 537 5032 :
576 4976 731 5043 Quod
754 4976 943 5045 factum
975 4984 1071 5039 est,
1104 4974 1159 5027 in
1187 4974 1296 5043 ipso
1335 4974 1435 5026 vita
1473 4980 1599 5026 erat.
1632 4976 1702 5025 At
1726 4971 1804 5024 sic
1834 4970 1949 5025 lucc

367 5068 509 5122 nullo
552 5066 716 5123 modo
746 5065 966 5135 intelligi
1012 5072 1278 5134 poterunt.
1330 5062 1510 5117 Primo
1549 5060 1691 5115 enim
1723 5057 1811 5113 hic
1843 5073 1947 5113 non

367 5170 661 5230 ottportuna
691 5157 922 5227 Spiritus
946 5157 1147 5211 mentio
1180 5163 1362 5210 esset:
1392 5152 1533 5223 quod
1569 5153 1612 5205 si
1654 5150 1864 5204 tandem
1897 5149 1947 5203 id

374 5253 641 5311 voluisset.
668 5264 765 5305 cur
793 5258 900 5302 tam
928 5247 1156 5302 obscure
1182 5246 1432 5316 loquutus
1449 5242 1629 5297 esset?
1652 5239 1790 5295 unde
1810 5238 1949 5293 enim

368 5350 577 5396 constat
620 5338 724 5394 hoc
759 5339 827 5394 de
853 5338 1052 5408 Spiritu
1081 5336 1281 5392 dictum
1310 5334 1465 5390 esse?
1490 5331 1735 5401 Alioquin
1774 5340 1951 5384 autem

374 5431 663 5487 secundum
692 5429 830 5483 hanc
850 5428 1045 5483 seriem
1071 5426 1466 5495 compcriemus
1486 5464 1500 5487 ,
1525 5436 1630 5475 non
1654 5419 1908 5490 Spiritum
1935 5456 1950 5482 ,

375 5524 464 5577 sed
510 5523 685 5593 ipsum
731 5519 926 5574 Filium
956 5534 1051 5590 per
1077 5518 1309 5589 seipsum
1347 5515 1541 5572 factum
1583 5527 1724 5570 esse.
1756 5508 1951 5566 Verum

438 5658 515 5718 tu)
546 5654 603 5706 Id
634 5663 734 5715 est,
748 5654 1124 5706 tutamentum.

2028 2571 2305 2637 attendite,
2334 2589 2400 2627 ne
2427 2588 2521 2627 vos
2550 2573 2647 2626 hoc
2675 2572 2875 2626 dictum
2895 2571 3138 2640 effugiat;
3169 2578 3222 2624 et
3244 2586 3342 2639 age
3382 2568 3591 2623 interim

2023 2663 2088 2715 ad
2121 2662 2325 2716 illormn
2358 2678 2556 2717 morem
2585 2664 2824 2732 legamus
2856 2680 2869 2714 :
2900 2661 3000 2716 hoc
3044 2670 3198 2729 pacto
3244 2660 3384 2713 enim
3428 2658 3596 2710 maui-

2026 2754 2206 2807 festior
2233 2754 2336 2807 erit
2363 2753 2658 2806 absurditas
2686 2771 2699 2806 :
2736 2752 2882 2817 Quod
2907 2754 3097 2822 factum
3132 2759 3200 2804 est
3228 2791 3243 2816 ,
3276 2750 3328 2802 in
3360 2749 3470 2818 ipso
3498 2749 3596 2800 rita

2029 2854 2154 2895 erat.
2189 2843 2358 2896 Vitam
2389 2842 2472 2896 hic
2500 2843 2753 2910 Spiritum
2781 2841 3077 2910 signiﬁcare
3105 2840 3304 2893 dicunt.
3349 2837 3452 2894 Sed
3492 2839 3596 2890 vita

2027 2935 2186 2988 etiam
2234 2933 2320 2986 lux
2368 2933 2641 3001 appellata
2661 2931 2744 2984 hic
2778 2931 3044 2994 occurrit;
3090 2927 3501 2997 sulijicitcnim,
3533 2924 3598 2979 Et

2025 3023 2126 3075 vita
2169 3032 2276 3074 erat
2308 3021 2398 3074 lux
2427 3022 2705 3074 hominum.
2737 3019 3037 3075 Secundum
3087 3018 3209 3071 illos
3254 3032 3381 3086 ergo
3426 3017 3595 3070 lucem

2031 3114 2301 3166 hominum
2335 3111 2420 3164 hic
2448 3110 2703 3180 Spiritum
2732 3109 2877 3163 dicit.
2910 3108 3045 3174 Quid
3090 3106 3285 3175 igitur?
3309 3104 3440 3159 Cum
3471 3105 3597 3158 sub‘

2030 3204 2128 3266 dit,
2159 3203 2278 3256 Fuit
2307 3205 2454 3257 homo
2484 3203 2662 3255 missus
2690 3217 2722 3252 a
2748 3199 2874 3261 Deo,
2897 3207 2947 3250 ut
2968 3198 3302 3250 testimonium
3325 3195 3602 3264 perhiberet

2032 3295 2094 3349 de
2122 3295 2329 3359 lumine,
2361 3307 2579 3347 necesse
2605 3301 2687 3346 est
2729 3300 2783 3343 ut
2809 3289 3007 3352 dicant,
3042 3286 3143 3340 hoc
3170 3286 3328 3339 etiam
3370 3284 3437 3339 de
3478 3284 3600 3355 Spi-

2031 3389 2133 3442 ritu
2178 3386 2421 3456 proferri.
2468 3384 2601 3439 Eum
2646 3383 2786 3436 enim
2815 3395 2969 3450 quem
3002 3393 3159 3447 supra
3187 3375 3417 3430 Verbum
3443 3374 3599 3441 dixit,

2034 3481 2082 3533 in
2113 3477 2453 3547 sequentibus
2487 3476 2670 3535 Deum,
2702 3475 2884 3534 vitam,
2914 3480 2965 3524 et
2993 3470 3163 3523 lucem
3192 3467 3448 3520 nominat.
3494 3464 3604 3518 Vita

2032 3579 2158 3633 erat,
2192 3569 2381 3638 inquit,
2415 3566 2515 3620 hoc
2541 3563 2771 3618 Verbum
2796 3599 2814 3629 ,
2857 3570 2911 3615 et
2938 3559 3049 3614 ha‘c
3077 3560 3186 3628 ipsa
3221 3557 3322 3611 vita
3352 3557 3437 3610 lux
3467 3565 3602 3610 erat.

2034 3662 2089 3717 Si
2137 3663 2312 3729 itaque
2359 3658 2586 3712 Verbum
2630 3654 2735 3708 vita
2778 3661 2936 3716 erat;
2965 3650 3195 3706 Verbum
3226 3660 3399 3704 autem
3421 3689 3436 3711 ,
3466 3647 3604 3717 quod

2038 3761 2118 3806 est
2150 3752 2254 3803 vita
2287 3751 2300 3780 ⁸
2327 3789 2343 3812 ,
2375 3763 2501 3802 caro
2542 3744 2736 3800 factum
2761 3749 2882 3798 est:
2915 3742 3017 3795 vita
3044 3754 3167 3794 caro
3195 3737 3332 3793 facta
3361 3746 3474 3798 est,
3508 3737 3610 3790 hoc

2036 3852 2138 3903 est.
2170 3840 2396 3895 Verbum
2420 3855 2434 3903 ;
2460 3849 2508 3891 et
2537 3838 2654 3905 ejus
2689 3835 2912 3907 gloriam
2944 3832 3172 3887 vidimus
3192 3872 3207 3898 ,
3240 3832 3388 3901 quasi
3416 3828 3609 3900 Uuigc-

2037 3932 2129 3985 niti
2152 3947 2180 3984 a
2205 3929 2384 3983 Patre.
2412 3927 2467 3981 Si
2492 3941 2619 3993 ergo
2643 3925 2816 3978 dicant
2842 3921 3094 3991 Spiritum
3119 3919 3205 3973 hic
3226 3919 3383 3973 vitam
3410 3917 3611 3983 vocari,

2039 4024 2160 4078 vide
2188 4032 2379 4092 quanta
2410 4018 2638 4071 absurda
2666 4024 2978 4085 sequantur.
3012 4013 3240 4081 Spiritus
3268 4010 3409 4065 enim
3442 4010 3613 4063 incar-

2041 4123 2195 4167 natus
2236 4110 2434 4174 fnerit,
2485 4122 2587 4159 non
2637 4104 2803 4159 Filius
2836 4122 2849 4157 :
2880 4103 3112 4172 Spiritus
3159 4101 3263 4154 erit
3315 4099 3615 4168 unigenitus

2041 4204 2225 4258 Filius.
2259 4200 2314 4255 Si
2348 4216 2450 4254 non
2484 4199 2553 4250 ita
2584 4211 2669 4251 res
2698 4195 2881 4258 fuerit,
2928 4194 3053 4247 dum
3102 4192 3203 4245 hoc
3245 4188 3517 4258 effugient,
3562 4188 3614 4241 in

2042 4294 2184 4347 aliud
2230 4293 2386 4361 longe
2428 4286 2710 4342 absurdius
2743 4284 2976 4338 incident
3018 4284 3085 4336 ita
3117 4281 3371 4351 legentes.
3401 4278 3531 4333 Nam
3571 4280 3616 4333 si

2042 4384 2393 4437 confiteantur
2419 4376 2542 4431 illttd
2574 4376 2641 4430 de
2671 4375 2806 4429 Filio
2834 4372 3032 4427 dictum
3064 4385 3216 4436 esse,
3245 4385 3414 4439 neque
3458 4369 3623 4423 inter-

2045 4482 2299 4545 puugant,
2331 4485 2429 4525 nec
2455 4470 2635 4539 legant
2661 4474 2721 4521 ut
2748 4481 2844 4520 nos
2871 4464 3095 4535 legimus
3115 4505 3129 4529 ,
3168 4463 3340 4531 ipsum
3368 4459 3558 4514 Filium
3588 4474 3619 4511 a

2045 4567 2222 4636 seipso
2270 4564 2462 4619 factum
2504 4576 2624 4617 esse
2661 4560 2839 4615 dicant
2878 4565 3108 4628 oportet.
3140 4554 3194 4608 Si
3218 4553 3359 4608 enim
3385 4551 3622 4605 Verbum

2049 4658 2150 4712 vita
2173 4663 2321 4719 erat;
2352 4654 2395 4709 si
2434 4652 2574 4725 quod
2607 4652 2799 4707 factum
2833 4660 2948 4716 est,
2979 4648 3030 4702 iu
3067 4648 3181 4717 ipso
3211 4645 3313 4697 vita
3346 4652 3499 4697 erat:
3534 4641 3621 4709 ip-

2048 4766 2167 4804 sum
2195 4750 2246 4803 in
2274 4748 2451 4817 seipso
2489 4756 2544 4802 et
2592 4761 2687 4815 per
2725 4744 2959 4813 seipsum
2996 4740 3186 4794 factum
3217 4746 3297 4791 est
3334 4732 3628 4790 secundum

2050 4842 2188 4897 hanc
2215 4842 2517 4895 lectionem.
2547 4836 2748 4892 Deinde
2786 4831 3103 4906 quibusdam
3139 4829 3465 4899 interpositis
3490 4828 3626 4897 adji-

2050 4933 2159 4989 cit:
2191 4931 2256 4985 Et
2281 4932 2495 4985 vidimus
2536 4928 2750 5000 gloriam
2775 4926 2883 4995 ejus
2905 4965 2921 4989 ,
2956 4923 3168 4995 gloriam
3198 4921 3342 4992 quasi
3374 4919 3628 4990 Nnigeniti

2051 5042 2084 5077 a
2128 5023 2297 5077 Putre.
2335 5023 2472 5077 Ecce
2500 5019 2794 5075 secundum
2844 5015 3055 5071 illorum
3099 5014 3188 5084 qui
3236 5013 3304 5066 ita
3346 5010 3633 5081 loquuntur

2054 5116 2335 5173 lectionem
2362 5113 2587 5183 Spiritus
2613 5118 2825 5165 sanctus
2843 5148 2857 5173 ,
2887 5105 3186 5176 unigenitus
3212 5118 3331 5158 esse
3350 5100 3514 5155 Filius
3538 5099 3637 5154 ἀθ-

2058 5205 2421 5277 prehenditur.
2456 5203 2533 5257 De
2574 5201 2665 5254 illo
2688 5200 2829 5253 enim
2858 5198 2973 5252 haec
3001 5196 3174 5250 onmis
3202 5194 3434 5248 narratio
3478 5191 3632 5244 insti-

2058 5296 2239 5350 tuitur.
2263 5293 2554 5356 Videtisnc,
2580 5286 2791 5360 quando
2813 5301 2843 5341 a
2866 5286 3089 5339 veritate
3113 5296 3293 5337 sermo
3320 5281 3552 5340 aberrat,
3582 5278 3641 5330 in

2060 5401 2178 5457 qum
2210 5382 2498 5454 praecipitia
2525 5381 2715 5445 abeat;
2744 5386 2800 5434 et
2839 5386 2967 5448 quot
3001 5373 3232 5430 absurda
3262 5372 3472 5443 pariat?
3500 5369 3639 5436 Quid

2081 5512 2093 5538 ¹
2122 5526 2259 5568 iuxta
2290 5517 2496 5580 Boisium
2527 5515 2632 5565 haec
2656 5512 2821 5580 ,ψιρᾴ
2850 5517 2918 5562 εει
2958 5510 3053 5560 vim
3079 5486 3637 5580 ’,ἀριθέίὲθῖεδίξῧξῖἓῗῖ

2060 5595 2080 5626 ι
2092 5561 2175 5627 ero
2192 5561 2599 5688 igniiiuiiiéiiciiij
2610 5561 2683 5625 vati
2694 5561 2889 5625 iutilius
2908 5561 3208 5633 exemplaris
3228 5561 3391 5620 ﬁdem.
3406 5561 3644 5625 indter

2060 5652 2213 5705 εαξη
2266 5647 2361 5689 tur.
