4000 6210
617 234 685 289 65
1333 230 1390 287 5.
1428 231 1706 289 .IOANNIS
1741 232 2215 288 CHRYSOSTOMI
2261 232 2575 289 AﬂClllEP.
2605 235 3133 294 CONSTANTINOI’.

618 349 815 419 igitur?
865 346 1113 417 Spiritus,
1164 346 1390 415 inquies,
1442 362 1547 401 non
1587 357 1670 402 est
1704 347 1832 401 lux?
1862 347 2189 415 Estquidetn

618 441 725 504 iux,
756 454 940 493 verum
970 437 1057 492 hic
1094 453 1202 492 non
1230 438 1299 493 de
1327 438 1417 491 illo
1444 438 1618 509 agitur
1645 454 1658 489 :
1687 437 2111 508 quandoquidem
2142 446 2196 492 et

619 532 758 585 Deus
778 529 1024 600 Spiritus,
1052 528 1154 583 hoc
1178 538 1277 593 est,
1304 529 1681 599 incorporeus;
1706 529 1797 583 sed
1826 545 1931 582 non
1959 528 2196 583 ubicum-

617 636 724 690 quc
752 621 981 692 Spiritus
1010 622 1229 685 dicitur,
1262 622 1423 676 Deum
1469 637 1588 677 esse
1622 621 1942 676 declaratur.
1978 621 2043 675 Et
2071 620 2193 690 quid

619 711 853 777 miraris,
882 714 927 766 si
957 712 1007 766 id
1035 712 1103 766 de
1131 712 1287 767 Patre
1307 713 1583 767 dicamus?
1611 713 1792 782 Neque
1823 713 1965 767 enim
1994 712 2062 765 de
2092 713 2190 766 Pa-

620 803 821 857 racleto
850 819 1062 873 quoque
1093 803 1141 857 id
1172 804 1467 859 dixerimus
1489 846 1503 867 ,
1542 804 1682 873 quod
1728 804 2045 873 ubicumque
2073 803 2194 871 Spi-

620 894 754 947 ritus
791 894 1021 960 dicitur,
1064 895 1113 948 id
1154 894 1223 949 de
1262 895 1536 950 Paracleto
1576 895 1929 965 intelligatur:
1956 895 2196 964 quamvis

622 985 723 1040 hoc
751 1001 947 1040 nomen
981 987 1078 1054 ipsi
1109 987 1339 1042 maxime
1364 995 1631 1056 competat
1657 1005 1670 1041 :
1701 995 1930 1040 attamen
1960 985 2046 1038 ubi
2079 984 2199 1053 Spi-

619 1077 752 1130 ritus
773 1075 986 1146 legitur.
1011 1092 1115 1130 non
1139 1091 1348 1145 semper
1369 1076 1672 1130 Pararletus
1696 1086 1777 1130 est
1803 1076 2193 1145 intelligendus.

621 1166 751 1220 Nam
779 1176 833 1220 et
858 1166 1099 1221 Christus
1130 1167 1220 1220 Dei
1246 1167 1414 1221 virtus
1438 1177 1493 1221 et
1524 1168 1613 1220 Dei
1644 1167 1901 1237 sapientia
1931 1176 2153 1221 vocatur
2178 1182 2193 1232 ;

619 1266 675 1310 at
701 1272 806 1311 non
837 1272 1052 1327 semper
1077 1258 1163 1310 ubi
1194 1257 1286 1311 Dei
1318 1260 1483 1311 virtus
1504 1266 1558 1310 et
1588 1258 1679 1312 Dei
1702 1257 1955 1326 sapientia
1983 1256 2193 1323 dicitur,

620 1347 898 1401 Christus‘
926 1346 1207 1401 indicatur.
1254 1347 1341 1403 Sic
1388 1357 1441 1402 et
1482 1347 1583 1402 hoc
1628 1348 1780 1412 loco,
1812 1348 1934 1402 licet
1972 1347 2198 1417 Spiritus

625 1437 920 1502 illuminet,
948 1454 1051 1491 non
1086 1446 1261 1493 tamen
1292 1439 1359 1494 de
1392 1439 1505 1509 ipso
1534 1456 1675 1493 lllltlc
1702 1440 1936 1510 loquitur
1972 1454 2198 1508 evange-

624 1530 763 1583 lista.
807 1530 1055 1584 Attamen
1096 1529 1177 1583 his
1215 1531 1445 1585 exclusis
1487 1531 1733 1585 absurdis
1755 1532 2065 1596 ratiociniis,
2099 1533 2196 1599 illi,

619 1620 711 1688 qui
736 1634 949 1690 semper
977 1621 1183 1675 veritati
1212 1634 1526 1692 repugnant,
1556 1622 1736 1678 dicere
1765 1639 1867 1677 non
1894 1622 2156 1678 desistunt
2182 1641 2195 1677 :

628 1711 781 1778 Quod
800 1712 991 1780 factum
1018 1722 1110 1777 est,
1141 1714 1192 1767 in
1217 1713 1328 1783 ipso
1354 1715 1453 1767 vita
1474 1725 1581 1767 erat
1603 1714 1670 1784 (υ.
1698 1716 1821 1785 li);
1847 1714 1896 1767 id
1920 1723 2021 1780 est,
2048 1713 2198 1781 Quod

624 1807 818 1857 tactum
863 1814 946 1859 est
990 1807 1097 1857 vita
1148 1814 1282 1860 erat.
1334 1805 1468 1871 Quid
1519 1806 1718 1875 igitur?
1754 1821 1819 1858 an
1846 1805 2198 1860 Sodomorum

622 1896 963 1965 supplicium,
1009 1896 1288 1957 diluvium,
1332 1897 1573 1966 geheuna
1623 1907 1677 1951 ct
1722 1896 1866 1951 mille
1893 1910 1979 1950 res
2019 1895 2199 1965 hujus-

624 1990 764 2043 modi
804 1990 911 2043 vita
950 1991 1145 2045 erant?
1177 1989 1281 2045 Sed
1320 1989 1388 2044 de
1414 1989 1684 2043 creatione
1714 1989 1863 2042 nobis
1890 1996 1972 2041 est
2000 2002 2199 2052 sermo,

624 2084 885 2154 inquiunt.
919 2084 1073 2137 Certe
1100 2083 1186 2137 illa
1216 2099 1426 2154 quoque
1460 2085 1523 2136 ad
1562 2083 1886 2135 creationem
1915 2082 2198 2150 pertinent.

631 2174 821 2229 Verum
851 2185 907 2229 ut
934 2175 1146 2229 aliunde
1171 2175 1329 2230 etiam
1371 2175 1579 2229 illorum
1619 2173 1934 2227 sententiam
1980 2170 2204 2225 validius

623 2266 962 2321 eoul'utemus
991 2307 1004 2328 ,
1060 2265 1502 2335 iutcrrogabimus
1564 2265 1682 2319 illos
1733 2282 1746 2317 :
1792 2264 1928 2318 Num
1977 2278 2200 2334 qumso,

626 2361 826 2429 lignum
868 2360 972 2412 vita
1003 2360 1128 2411 est?
1159 2374 1282 2411 num
1312 2358 1467 2427 lapis,
1500 2358 1732 2411 inanima
1779 2357 1893 2410 lucc
1935 2366 1989 2410 et
2017 2356 2205 2409 immo-

626 2452 791 2505 bilia?
831 2467 898 2505 an
948 2450 1110 2505 homo
1150 2449 1370 2504 oumino
1399 2450 1503 2503 vita
1533 2450 1650 2507 est?
1679 2448 1868 2518 Ecquis
1912 2447 2014 2502 hoc
2055 2447 2205 2502 dixe-

625 2544 730 2597 rit?
760 2542 873 2597 Non
901 2544 1042 2597 enim
1072 2543 1184 2611 ipsa
1212 2543 1316 2595 vita
1350 2542 1511 2597 homo
1536 2583 1549 2604 ,
1576 2542 1670 2596 sed
1700 2542 1821 2595 vita:
1849 2556 2015 2612 capax
2044 2541 2205 2595 homo

625 2642 726 2690 est.

695 2723 750 2777 ‘2.
786 2723 919 2779 Vide
968 2739 1176 2779 rursum
1219 2723 1304 2779 hic
1347 2724 1725 2779 ahsurditatem
1761 2742 1774 2778 :
1804 2739 1929 2781 nam
1956 2725 2092 2779 hanc
2117 2739 2207 2779 se-

625 2829 852 2886 quemur
893 2813 1102 2868 dicendi
1145 2814 1339 2868 seriem
1365 2856 1379 2878 ,
1411 2825 1469 2868 ut
1495 2813 1617 2868 hinc
1645 2829 1828 2869 eorum
1853 2814 2204 2885 insipientiam

627 2907 917 2961 discamus.
958 2907 1045 2961 Sic
1090 2906 1221 2961 nihil
1261 2922 1479 2978 usquam
1512 2908 1586 2961 illi
1617 2907 1797 2962 dicunt
1824 2907 1962 2979 quod
1989 2908 2207 2978 Spiritui

627 3008 935 3068 competere
977 2998 1162 3067 possit.
1213 2998 1495 3067 Postquam
1537 3000 1678 3052 enim
1711 3000 1831 3054 inde
1858 2999 2206 3065 esciderunt,

630 3092 930 3146 hominibus
960 3092 1047 3145 illa
1072 3090 1395 3155 adscribunt,
1428 3107 1543 3161 qua:
1565 3091 1631 3145 de
1657 3093 1853 3160 Spiritu
1883 3092 2040 3163 digne
2068 3092 2207 3147 dicta

630 3184 794 3240 fuisse
814 3185 1084 3253 putabant.
1104 3182 1367 3239 Caeterum
1391 3184 1499 3253 jam
1524 3185 1801 3239 lectionem
1824 3188 2205 3241 examinemus.

629 3276 883 3330 Cre'ttura
907 3291 1046 3329 nunc
1069 3277 1170 3328 vita
1194 3276 1412 3338 dicitur;
1438 3292 1565 3344 ergo
1589 3276 1676 3329 lux
1707 3278 1864 3330 etiam
1892 3289 1975 3332 est
2004 3297 2017 3331 :
2040 3279 2210 3347 deque

632 3367 719 3418 illa
744 3366 1116 3419 tcstilicatnrns
1134 3365 1278 3418 venit
1306 3364 1556 3419 Joannes.
1586 3367 1695 3418 Cur
1722 3382 1848 3435 ergo
1882 3384 1984 3422 non
2014 3378 2067 3422 et
2096 3370 2210 3438 ipse

634 3454 720 3507 lux
752 3454 868 3508 est?
896 3454 1026 3507 Nam
1055 3453 1175 3507 Non
1198 3464 1303 3506 erat
1325 3454 1412 3507 ille
1437 3455 1544 3520 lux,
1574 3455 1761 3525 inquit.
1790 3458 1947 3527 Atqui
1969 3474 2033 3513 ex
2061 3474 2209 3513 crea-

633 3554 870 3599 turarum
915 3560 1136 3600 numero
1177 3555 1309 3599 erat.
1356 3546 1633 3613 Quomodo
1661 3564 1789 3618 ergo
1823 3565 1927 3605 non
1968 3559 2049 3605 est.
2085 3552 2210 3605 lux?

631 3636 897 3705 quomodo
924 3635 988 3690 In
1019 3638 1205 3691 mundo
1229 3648 1356 3705 erat,
1388 3648 1433 3692 et
1463 3640 1680 3693 mundus
1712 3658 1799 3709 per
1826 3642 1991 3711 ipsum
2041 3646 2209 3716 factus

631 3732 745 3786 est?
768 3738 1080 3785 creaturane
1109 3740 1225 3784 erat
1253 3731 1304 3784 in
1330 3740 1593 3800 creatura,
1617 3742 1670 3788 ct
1687 3744 1926 3789 creatura
1952 3752 2043 3805 per
2063 3753 2211 3790 crea-

634 3832 803 3875 turam
837 3822 969 3875 l'acta
998 3821 1112 3875 cst?
1137 3822 1402 3890 quomodo
1431 3822 1655 3876 Mundus
1682 3841 1791 3875 eunt
1819 3842 1916 3877 non
1943 3828 2212 3895 cognovit?

632 3928 698 3965 an
728 3922 968 3967 creatura
998 3924 1292 3967 creaturam
1326 3930 1428 3966 non
1458 3915 1639 3967 novit?
1672 3915 1921 3983 Quotquot
1949 3927 2113 3969 autem
2134 3933 2213 3969 re-

634 4013 870 4069 ceperunt
900 4021 1011 4057 eum
1037 4046 1050 4071 ,
1081 4004 1215 4058 dedit
1244 4006 1314 4060 eis
1341 4015 1629 4075 potestatem
1662 4007 1794 4073 ﬁlios
1827 4006 1917 4060 Dei
1946 4008 2076 4074 ﬁeri.
2106 4007 2208 4063 Sed

632 4105 716 4150 sat
741 4095 868 4150 risui
889 4095 1195 4173 datumest.
1229 4096 1351 4150 Have
1373 4106 1607 4150 monstra
1639 4097 1919 4151 verborum
1944 4098 2093 4150 vobis
2118 4098 2212 4152 de-

639 4187 816 4255 inceps
860 4188 1179 4242 confutanda
1224 4189 1497 4260 relinquo,
1533 4205 1597 4242 ne
1625 4204 1722 4242 nos
1752 4189 1865 4243 lucc
1894 4190 2060 4244 risum
2093 4206 2209 4244 mo-

637 4278 789 4332 vendi
815 4294 973 4333 causa
1004 4281 1322 4347 prannisisse
1352 4282 1644 4345 videamur,
1678 4290 1990 4352 tempusque
2018 4282 2209 4339 frustra

635 4378 885 4426 teramus.
910 4369 1041 4424 Nam
1065 4371 1106 4422 si
1139 4370 1250 4424 lucc
1270 4372 1335 4425 de
1356 4373 1551 4441 Spiritu
1575 4389 1676 4426 non
1698 4373 1835 4427 dicta
1858 4383 1999 4437 sunt,
2028 4383 2085 4427 ut
2101 4374 2209 4443 jam

632 4460 1051 4515 demonstratum
1093 4472 1195 4523 cst.
1240 4480 1409 4532 neque
1443 4464 1510 4517 de
1552 4476 1828 4529 creatura;
1872 4476 1924 4519 ct
1968 4467 2208 4520 eamdem

636 4563 812 4608 tamen
845 4554 917 4610 illi
950 4554 1232 4611 lectionem
1275 4564 1518 4609 tueantur
1549 4574 1561 4607 :
1596 4557 1722 4611 illud
1753 4558 1987 4610 omnimn
2020 4558 2209 4611 absur-

632 4645 907 4701 dissimum
948 4657 1217 4717 sequetur,
1249 4659 1304 4700 ut
1344 4648 1591 4709 diximus,
1620 4649 1757 4717 quod
1803 4648 1965 4702 Filius
1997 4664 2092 4717 per
2128 4664 2213 4703 se-

636 4738 805 4805 ipsum
846 4737 1015 4793 factus
1056 4739 1141 4791 sit.
1187 4738 1240 4794 Si
1286 4738 1426 4793 enim
1476 4740 1561 4793 lux
1596 4756 1714 4794 vera
1759 4739 1927 4795 Filius
1965 4751 2075 4807 est;
2125 4741 2208 4794 lux

632 4836 808 4880 autem
837 4829 950 4881 haec
979 4829 1082 4881 vita
1111 4840 1242 4893 erat,
1276 4830 1484 4899 vitaque
1526 4831 1576 4884 in
1623 4831 1738 4899 ipso
1783 4830 1915 4884 facta
1947 4840 2029 4884 est
2062 4848 2074 4883 :
2108 4846 2207 4884 ne-

630 4917 866 4971 cessario
888 4917 1010 4970 illud
1028 4921 1364 4990 consequitur
1384 4920 1672 4974 secundum
1699 4936 1883 4975 eorum
1904 4920 2206 4976 lectionem.

633 5010 758 5064 ideo
789 5010 887 5065 hac
915 5012 1109 5063 omissa
1132 5052 1146 5075 ,
1179 5012 1241 5065 ad
1284 5013 1566 5081 legitimam
1614 5013 1884 5065 veniamus
1926 5012 2208 5067 lectionem

632 5112 687 5154 et
741 5103 1250 5172 interpretationem.
1295 5104 1545 5171 Qttzt'nallt
1600 5104 1683 5158 illa
1729 5105 1845 5158 est?
1885 5103 1951 5159 Ut
1997 5104 2048 5157 in
2098 5104 2212 5158 haec

632 5195 790 5249 verba
817 5234 831 5258 ,
874 5194 1025 5258 Quod
1072 5197 1259 5266 factum
1305 5204 1409 5261 est,
1456 5198 1798 5251 terminemus
1841 5197 2204 5250 sententiam:

630 5287 824 5342 deinde
850 5288 917 5341 ab
950 5288 1048 5343 hoc
1068 5289 1209 5343 dicto
1236 5289 1567 5358 incipiamus,
1595 5295 1660 5344 tu
1681 5290 1792 5357 ipso
1818 5289 1919 5343 vita
1939 5298 2061 5343 erat.
2098 5289 2209 5342 Hoc

630 5386 805 5431 autem
841 5377 931 5431 ille
962 5378 1071 5431 vult
1100 5379 1397 5447 signiﬁcare
1429 5397 1441 5432 :
1478 5382 1603 5434 Sine
1630 5381 1738 5449 ipso
1770 5383 1958 5448 factum
1984 5388 2057 5431 est
2082 5377 2208 5430 nihil

629 5472 763 5540 quod
784 5470 977 5538 factum
1000 5479 1092 5523 est.
1122 5470 1175 5525 Si
1203 5470 1347 5541 quid,
1384 5471 1567 5541 inquit,
1606 5471 1797 5526 factum
1826 5480 1925 5537 est,
1951 5470 2065 5529 sine
2092 5469 2207 5539 ipso

691 5639 707 5666 ι
747 5631 798 5681 in
834 5627 992 5681 Morel.
1022 5629 1219 5693 legitur,
1245 5629 1405 5682 titius.

2308 344 2498 399 faettnn
2532 365 2634 402 non
2663 363 2762 404 est.
2797 350 2980 406 Viden‘
3004 354 3271 422 quomodo
3298 372 3393 424 per
3416 357 3594 413 breve
3628 360 3739 412 hoc

2304 448 2593 491 tamentum
2623 440 2846 494 absurda
2874 444 3049 495 omnia
3093 460 3209 511 qtue
3249 445 3477 499 suboriri
3514 459 3741 515 poterat

2303 526 2555 580 minavit?
2599 527 2699 581 Per
2736 529 2785 582 id
2826 532 2966 585 enim
3002 532 3139 601 quod
3173 534 3380 601 intulit,
3413 535 3550 591 Sine
3573 538 3742 606 ipso]

2302 618 2539 681 estnihil,
2568 629 2619 673 et
2646 635 2739 688 per
2764 621 2890 675 illud
2923 624 3179 689 additum,
3211 625 3360 692 Quod
3380 634 3586 696 [actum
3618 640 3722 691 est.

2304 708 2543 762 Iectualia
2572 711 2732 764 simul
2756 714 3180 781 comprehendit.
3208 716 3584 786 Spiritumque
3614 720 3742 773 subl

2302 796 2431 851 Cum
2464 800 2602 853 enim
2629 800 2869 866 dixisset,
2897 802 3081 857 Omnia
3103 822 3191 873 per
3211 807 3374 874 ipsum
3397 810 3539 876 facta
3561 818 3715 871 sunt,
3740 844 3741 855 ι

2305 889 2412 957 ipso
2440 894 2630 959 factum
2658 901 2729 945 est
2758 893 2885 946 nihil
2909 909 2927 947 :
2957 910 3023 949 ne
3050 896 3168 964 quis
3193 896 3411 961 diceret,
3442 897 3498 953 Si
3534 900 3741 953 omnia.

2305 979 2535 1050 Spiritus
2562 998 2655 1051 per
2680 984 2847 1052 ipsmn
2881 983 3050 1039 factus
3078 997 3158 1040 est
3178 1029 3191 1049 ,
3226 986 3329 1042 hoc
3356 989 3742 1044 additamenta

2306 1072 2420 1125 fuit.
2466 1072 2608 1141 Ego,
2650 1074 2838 1143 inquit,
2869 1076 2911 1128 si
2942 1076 3065 1143 quid
3097 1076 3292 1131 factum
3324 1088 3425 1143 est,
3456 1080 3566 1133 hoc
3598 1095 3701 1148 per
3733 1081 3742 1133 i

2306 1158 2499 1214 factum
2541 1177 2660 1217 esse
2696 1163 2840 1229 dixi;
2887 1166 2998 1219 sive
3028 1165 3309 1233 invisibile,
3342 1169 3454 1222 sive
3484 1170 3742 1239 incorpm

2305 1253 2417 1308 sive
2444 1254 2495 1307 in
2525 1256 2655 1309 caelo
2676 1257 2691 1287 ⁸
2723 1256 2918 1311 factum
2945 1257 3034 1311 sit.
3073 1257 3197 1312 ld'eo
3227 1274 3330 1313 non
3366 1260 3701 1328 simpliciter
3727 1277 3742 1314 (

2305 1345 2441 1409 dixi;
2472 1347 2565 1402 sed
2595 1348 2641 1403 si
2669 1348 2794 1420 quid
2826 1349 3020 1404 factum
3041 1359 3123 1404 est
3147 1370 3159 1404 :
3184 1349 3285 1406 hoc
3309 1361 3410 1417 est,
3430 1368 3555 1421 qua:
3586 1352 3731 1407 facta

2305 1443 2533 1509 Spiritus
2555 1458 2681 1497 vero
2707 1442 2874 1498 factus
2905 1460 3007 1498 non
3030 1456 3132 1499 est.
3152 1444 3331 1499 Viden‘
3358 1458 3675 1500 accuratam
3704 1446 3736 1499 d

2308 1534 2463 1588 nam?
2487 1534 2686 1589 Rerum
2713 1535 2988 1590 sensilium
3017 1542 3337 1591 creationem
3369 1538 3715 1603 memoravit,

2306 1635 2458 1680 antea
2492 1626 2698 1698 Moyses
2724 1627 2974 1681 docuerat
3009 1645 3023 1682 :
3052 1626 3243 1682 deinde
3262 1628 3371 1701 jam
3404 1628 3643 1682 imbutos
3671 1629 3739 1682 ad

2307 1718 2514 1773 limiora
2539 1718 2762 1785 ducens,
2790 1719 3098 1789 incorporea
3133 1736 3327 1789 nempe
3349 1730 3403 1774 et
3428 1722 3742 1787 invisibilia,

2308 1809 2463 1861 ritmn
2486 1818 2725 1864 sanctum
2749 1809 2814 1864 ab
2834 1811 2977 1864 omni
2996 1820 3235 1866 creatura
3266 1811 3516 1881 sej‘uuxit.
3546 1812 3638 1867 Sic
3668 1823 3724 1866 et

2309 1901 2389 1955 lus
2429 1903 2526 1956 hac
2570 1903 2738 1972 gratia
2788 1904 3072 1972 inspiratus
3108 1905 3316 1959 diccbat
3348 1922 3361 1959 :
3396 1904 3655 1970 Quoniam
3697 1907 3742 1959 in

2308 2001 2475 2045 creata
2503 2002 2623 2046 sunt
2651 1994 2821 2047 omnia
2845 1993 2980 2064 (Col.
3006 1997 3056 2049 ί.
3083 1995 3192 2066 16).
3222 1996 3318 2050 llic
3343 2010 3469 2049 vero
3496 2010 3713 2050 rursum

2307 2083 2429 2138 dem
2475 2086 2866 2140 accurationem
2917 2089 3167 2142 observes
3218 2089 3399 2143 velim.
3463 2088 3610 2142 ldem
3661 2106 3742 2141 nm

2307 2176 2539 2246 Spiritus
2562 2177 2696 2231 hanc
2722 2195 2933 2249 quoque
2960 2180 3203 2234 movebat
3225 2180 3484 2237 animum.
3505 2179 3585 2233 Ne
3609 2180 3734 2247 quis

2310 2284 2421 2323 rem
2452 2269 2637 2322 factam
2667 2273 2967 2338 quampiam
2996 2288 3023 2322 a
3059 2270 3147 2324 Dei
3176 2271 3447 2325 creatione
3473 2287 3742 2324 removen

2310 2359 2449 2429 quod
2484 2360 2593 2428 ipsa
2626 2359 2906 2413 invisibilia
2926 2370 3131 2423 essent;
3164 2376 3294 2413 neve
3327 2360 3407 2414 bis
3440 2360 3741 2415 Paracletut

2312 2450 2593 2515 misceret,
2644 2451 3017 2520 przetermissis
3060 2450 3433 2517 scnsihilibus,
3472 2466 3595 2519 qua:
3645 2466 3741 2502 orm

2313 2552 2432 2596 nota
2460 2550 2631 2605 erant,
2659 2542 2886 2596 caalestia
2910 2552 3177 2597 enumerat
3208 2541 3291 2595 bis
3311 2540 3485 2597 verbis
3514 2557 3530 2596 :
3557 2539 3678 2595 Sive
3704 2542 3742 2593 tl

2311 2632 2413 2685 sive
2428 2632 2807 2698 dominationes,
2822 2634 2924 2688 sive
2936 2633 3267 2704 principatus,
3285 2634 3383 2686 sive
3399 2642 3666 2701 potestates
3680 2637 3695 2701 (
3708 2631 3741 2683 ll

2316 2722 2446 2776 Illud
2472 2724 2637 2790 enim,
2669 2724 2805 2788 Sive,
2842 2725 3061 2793 singulis
3092 2724 3388 2793 appositum
3415 2764 3433 2788 ,
3463 2722 3603 2775 nihil
3622 2723 3742 2776 aliut

2316 2813 2398 2868 bis
2423 2814 2707 2884 signiﬁcat,
2734 2832 2891 2886 quant
2922 2815 3040 2881 hoc,
3066 2816 3249 2870 Omnia
3276 2832 3364 2884 per
3390 2817 3553 2885 ipsum
3584 2818 3721 2889 facta

2313 2917 2359 2960 ct
2391 2909 2500 2961 sine
2533 2908 2645 2977 ipso
2679 2910 2869 2978 factum
2896 2919 2968 2962 est
3003 2906 3133 2961 nihil
3158 2908 3292 2978 quod
3319 2910 3506 2977 factum
3532 2916 3621 2961 est.
3668 2906 3742 2972 Qu

2317 2999 2465 3061 illud,
2500 2998 2622 3064 I’cr,
2650 3000 3052 3054 diminutionem
3081 3000 3380 3070 signiﬁcare
3406 2993 3580 3069 putes,
3609 2997 3730 3051 audi

2316 3094 2528 3165 pbetam
2559 3094 2821 3150 dicentem
2848 3113 2860 3147 :
2892 3093 3049 3146 Initio
3077 3103 3149 3153 tu,
3171 3092 3405 3157 Domine,
3429 3101 3614 3145 terram
3642 3093 3742 3158 [um

2315 3200 2360 3244 et
2405 3205 2559 3257 opera
2597 3205 2834 3241 manuum
2868 3198 3067 3240 tuarum
3098 3196 3209 3239 sunt
3238 3186 3347 3239 (ιειὶ
3377 3185 3393 3252 (
3426 3183 3567 3238 Psal.
3600 3185 3719 3237 101.

2315 3280 2464 3347 Quod
2513 3279 2581 3332 dc
2624 3279 2777 3332 Patre
2826 3287 2879 3331 ut
2919 3287 3158 3332 creatore
3205 3276 3407 3330 dictum
3445 3284 3545 3337 est,
3581 3273 3631 3327 id
3661 3274 3725 3327 de

2316 3371 2445 3424 dicit
2474 3388 2486 3422 :
2522 3385 2625 3422 non
2666 3368 2934 3432 dicturus,
2979 3367 3076 3421 nisi
3123 3376 3347 3423 creator.
3382 3381 3477 3420 nec
3506 3374 3702 3418 tantum
3734 3380 3742 3415 ι

2317 3468 2426 3513 ster
2447 3459 2778 3512 existimatus
2801 3467 2957 3511 essm.
2993 3455 3147 3522 Quod
3172 3457 3214 3508 si
3243 3456 3326 3509 hic
3354 3454 3451 3508 Per
3471 3455 3631 3521 ipsum
3661 3454 3741 3505 die

2318 3568 2421 3606 non
2460 3553 2558 3604 alia
2589 3551 2655 3603 de
2681 3566 2839 3604 causa
2876 3550 3102 3614 dicitur,
3135 3565 3289 3618 quam
3318 3563 3383 3601 ne
3406 3546 3522 3617 quis
3560 3545 3742 3599 Filium

2315 3644 2552 3712 genitum
2577 3657 2695 3697 esse
2723 3643 3041 3709 suspicetur.
3073 3638 3505 3707 Quandoquidem
3534 3638 3666 3704 quod
3695 3653 3741 3690 st:

2317 3733 2441 3785 dum
2467 3731 2753 3786 creationis
2780 3731 3088 3800 dignitatem
3117 3728 3246 3783 nihil
3280 3729 3453 3780 minus
3484 3727 3692 3785 habeat,
3724 3748 3733 3777 t

2318 3823 2493 3886 Pater,
2518 3822 2638 3875 audi
2669 3823 2837 3889 ipsum
2864 3823 3126 3875 dicen'em
3148 3838 3161 3873 :
3182 3818 3324 3873 Sicut
3356 3818 3507 3871 Pater
3533 3820 3729 3872 suscitat

2318 3924 2429 3967 tuos
2460 3925 2505 3966 rt
2534 3915 2768 3982 viri/ictu,
2799 3914 2869 3966 sic
2895 3922 2940 3965 et
2970 3911 3136 3965 Filius
3165 3927 3289 3978 quos
3318 3910 3420 3964 vult
3447 3911 3657 3977 vivi/icat
3688 3911 3704 3979 (
3721 3911 3742 3960 J

2317 4006 2369 4060 5.
2400 4005 2516 4073 21).
2559 4004 2615 4057 Si
2663 4005 2838 4072 itaque
2867 4002 2935 4056 de
2978 4001 3108 4055 Filio
3148 4001 3352 4054 dicatur
3391 4000 3441 4052 in
3489 3999 3656 4052 Veteri
3698 3998 3741 4051 Τι

2320 4105 2518 4156 mento,
2552 4093 2708 4147 Initio
2737 4104 2809 4158 tu,
2843 4092 3075 4156 Domine,
3103 4102 3285 4144 (errant
3315 4090 3539 4161 fundasti
3561 4130 3575 4153 ,
3611 4090 3741 4141 mani

2317 4199 2399 4243 est
2442 4186 2729 4241 creationis
2768 4184 2997 4254 dignitas
3028 4201 3040 4234 :
3066 4184 3146 4238 sin
3186 4182 3260 4234 de
3293 4182 3447 4235 Patre
3488 4180 3742 4249 prophetat

2320 4280 2597 4350 loquutum
2619 4278 2838 4341 dixeris,
2869 4276 3088 4330 Paulum
3111 4283 3287 4328 autem
3315 4272 3446 4326 Filio
3474 4272 3742 4340 adscripsis

2318 4370 2455 4439 quod
2486 4370 2552 4423 de
2582 4369 2737 4422 Patre
2767 4368 2965 4421 dictum
2992 4375 3135 4429 erat;
3166 4365 3390 4433 idipsum
3417 4373 3583 4416 tamen
3613 4379 3742 4431 st-qul

2320 4463 2500 4530 Neque
2520 4460 2662 4514 enim
2692 4459 2741 4512 id
2770 4458 2961 4512 Paulus
2992 4457 3124 4510 Filio
3149 4465 3452 4524 competere
3477 4455 3742 4519 statuisset,

2319 4552 2602 4609 admodum
2647 4562 2824 4607 certus
2848 4593 2861 4609 .
2900 4566 3078 4619 parem
3106 4566 3226 4604 esse
3254 4550 3574 4619 dignitatem.
3620 4549 3741 4601 Extr

2321 4660 2547 4715 namque
2572 4644 2805 4698 audacia:
2831 4650 2993 4703 esset,
3022 4657 3082 4695 ea
3114 4658 3231 4710 qua:
3260 4639 3642 4707 incomparabili
3676 4655 3731 4692 na

2320 4746 2705 4805 (conpeterent,
2734 4735 2923 4789 minori
2952 4743 3005 4788 et
3032 4733 3274 4787 inferiori
3302 4732 3614 4786 adscribere.

2391 4832 2442 4884 ’5.
2468 4832 2536 4882 At
2561 4842 2731 4897 neque
2754 4832 2946 4889 minor,
2972 4840 3143 4895 neque
3168 4824 3385 4878 inferior
3409 4824 3567 4877 Patris
3590 4822 3738 4875 subst:

2320 4930 2402 4973 est
2431 4918 2614 4973 Filius.
2647 4917 2979 4985 Quapropter
3012 4932 3115 4968 non
3150 4914 3249 4968 hoc
3279 4915 3447 4968 solum
3477 4914 3539 4968 de
3566 4912 3686 4966 Filio
3712 4928 3736 4963 a

2321 5023 2401 5064 est
2426 5009 2619 5064 Paulus
2646 5009 2854 5072 dicere,
2882 5007 2983 5061 sed
3005 5008 3161 5060 etiam
3192 5005 3293 5059 alia
3324 5005 3530 5057 similia.
3560 5002 3677 5057 Nam
3707 5004 3733 5055 il

2324 5102 2402 5155 Ea:
2427 5118 2543 5169 quo,
2572 5099 2713 5170 quod
2745 5109 2798 5153 tu
2827 5099 2991 5152 solius
3021 5098 3190 5152 Patris
3216 5096 3457 5167 dignitati
3480 5095 3742 5159 adscribis,

2319 5195 2385 5247 de
2432 5194 2565 5247 Filio
2606 5192 2733 5246 dicit
2781 5190 2865 5245 bis
2907 5189 3118 5244 verbis:
3150 5189 3231 5242 Ea:
3257 5205 3354 5257 quo
3385 5196 3532 5240 totmn
3556 5202 3742 5255 corpus,

2320 5300 2476 5337 nexus
2508 5292 2552 5336 et
2586 5281 2963 5350 conjunctione:
2997 5279 3429 5333 subntinislratunt
3459 5287 3499 5327 ct
3523 5286 3742 5329 construrl

2318 5374 2491 5427 crescit
2518 5374 2567 5425 in
2596 5380 2919 5442 augmentum
2944 5369 3036 5422 Dei
3067 5367 3296 5437 (Colon.
3322 5366 3376 5421 ‘2.
3410 5367 3520 5437 l9).
3562 5364 3721 5432 Neque

2318 5465 2433 5519 Solo
2456 5470 2735 5517 contentus
2756 5469 2857 5525 est,
2883 5458 2976 5514 sed
3005 5468 3063 5513 et
3083 5457 3299 5514 aliunde
3319 5458 3465 5513 vobis
3486 5456 3719 5513 obstruxit
3740 5484 3741 5493 ι

2382 5620 2394 5649 ¹
2436 5620 2518 5669 alii
2552 5619 2751 5678 habent,
2776 5618 2870 5668 sit'c
2896 5619 2942 5666 in
2964 5615 3244 5667 hominibus.
