4000 6210
255 271 340 327 Π

269 837 452 903 (Rom.
480 837 566 891 11.
590 836 701 904 56).
733 834 917 902 Itaque
944 848 1048 885 non
1079 833 1166 884 uni
1197 830 1330 883 Filio
1351 830 1500 892 illud,
1528 829 1608 883 Ea:
1629 847 1745 900 quo,
1770 829 1862 882 sed

268 930 438 980 etiam
466 925 683 994 Spiritui
722 926 989 978 tribuitur.
1023 924 1231 978 Etenim
1262 923 1496 992 Josepho
1524 924 1744 991 angelus
1774 923 1860 974 di-

266 1019 469 1070 ci-bat:
508 1016 588 1068 Ne
627 1017 805 1068 timeas
845 1016 1076 1084 accipere
1117 1012 1338 1065 Mariam
1377 1015 1637 1083 conjugem
1677 1024 1812 1066 luant
1841 1030 1860 1066 .'

263 1113 410 1175 quod
437 1111 566 1163 enim
592 1111 644 1162 in
667 1127 726 1162 ea
743 1119 915 1162 natum
939 1119 1031 1173 est,
1055 1124 1117 1160 ex
1139 1107 1337 1176 Spiritu
1358 1118 1529 1159 sancto
1552 1115 1622 1158 cst
1644 1106 1856 1175 (Matth.

268 1205 318 1251 1.
351 1201 464 1266 ‘20).
498 1199 958 1264 Quemadmodum
983 1209 1035 1250 et
1062 1198 1208 1260 illud,
1235 1196 1299 1248 In
1321 1215 1436 1267 quo,
1462 1198 1597 1266 quod
1629 1198 1857 1263 Spiritus

264 1306 371 1350 est,
408 1309 515 1345 non
545 1290 1035 1360 reettsatpropheta
1071 1290 1177 1343 Deo
1209 1291 1459 1354 tribuere,
1491 1290 1611 1342 dum
1645 1291 1717 1341 ait
1749 1309 1760 1342 :
1795 1289 1856 1342 In

265 1385 378 1435 lico
407 1387 648 1451 faciemus
672 1385 904 1436 virtutem
935 1382 1107 1452 (Psal.
1138 1384 1227 1438 59.
1261 1383 1362 1452 l-i).
1399 1383 1461 1436 Et
1490 1383 1680 1436 Paulus
1705 1424 1718 1447 ,
1751 1383 1855 1434 0b-

262 1493 470 1528 sccrans
492 1516 508 1540 ,
545 1477 654 1538 ait,
685 1477 729 1528 si
751 1476 1004 1542 quomodo
1033 1474 1233 1528 tandem
1261 1475 1530 1542 aliquando
1561 1492 1855 1544 prosperum

263 1570 366 1619 iter
395 1569 607 1620 habeam
633 1571 684 1621 in
711 1569 968 1621 voluntate
999 1567 1091 1620 Dei
1118 1569 1346 1622 veniendi
1375 1569 1444 1620 ad
1474 1585 1557 1621 vos
1589 1567 1761 1637 (Rom.
1803 1571 1849 1622 1.

268 1662 368 1728 10)
401 1680 412 1714 :
446 1671 500 1714 et
544 1663 725 1715 iterum
769 1661 817 1714 id
859 1661 927 1715 de
968 1660 1178 1714 Christo
1205 1661 1364 1723 dicit,
1397 1661 1458 1714 lu
1483 1660 1680 1715 Christo
1703 1663 1847 1714 Jesu.

275 1751 653 1816 llnjnscetnodi
697 1762 840 1804 certe
896 1751 1053 1805 verba
1113 1750 1574 1805 indiscriniioatim
1632 1763 1846 1819 accepta

268 1843 580 1911 frequenter
601 1843 925 1910 reperiemus
951 1862 963 1894 :
989 1841 1126 1908 quod
1161 1843 1378 1895 minime
1411 1841 1579 1904 fieret,
1612 1844 1708 1895 nisi
1735 1843 1844 1894 nbi-

262 1950 370 1992 qut-
401 1932 587 1985 eadem
618 1933 904 1986 substantia
937 1944 1094 1987 esset.
1140 1933 1214 1986 Nc
1248 1942 1422 1985 autem
1459 1934 1584 1986 illud
1612 1975 1623 1996 ,
1662 1932 1845 1986 Omnia

262 2041 351 2089 per
372 2025 537 2095 ipsum
556 2025 693 2092 facta
711 2035 848 2086 sunt.
867 2024 934 2079 de
954 2025 1118 2093 signis
1139 2036 1290 2094 putes
1311 2042 1448 2077 nunc
1465 2042 1580 2079 esse
1603 2025 1798 2079 dictum
1827 2044 1840 2078 :

259 2113 328 2166 de
364 2115 427 2167 iis
464 2116 605 2168 enim
647 2116 835 2184 reliqui
871 2117 1210 2185 evangelista:
1239 2117 1392 2169 verba
1427 2118 1692 2181 fecerunt;
1726 2129 1843 2186 post

264 2203 378 2258 Ita'c
400 2199 574 2258 subdit
599 2223 612 2257 :
636 2205 702 2258 In
729 2207 914 2258 mundo
936 2220 1061 2268 erat,
1086 2219 1130 2260 et
1153 2209 1369 2260 mundus
1389 2225 1474 2269 per
1491 2209 1653 2274 ipsum
1676 2212 1841 2277 {nctus

255 2305 329 2344 est
361 2309 379 2346 :
407 2310 513 2347 non
539 2304 720 2349 autem
742 2295 984 2363 Spiritus,
1017 2297 1100 2365 qui
1134 2313 1236 2349 non
1266 2313 1328 2349 ex
1358 2315 1578 2350 mimero
1606 2298 1842 2364 ορζιιυὶο-

254 2402 377 2439 rum
412 2395 517 2449 est,
549 2387 644 2440 sed
675 2402 830 2455 supra
855 2403 1036 2441 onines
1061 2389 1278 2440 onniino
1310 2397 1604 2441 creaturas.
1641 2386 1836 2442 Verum

247 2478 364 2543 jam
394 2478 597 2546 reliqua
625 2459 1021 2546 prosequamur.
1067 2479 1196 2531 Cum
1224 2479 1290 2532 de
1316 2479 1584 2532 creatione
1617 2479 1837 2548 loquens

247 2567 486 2621 Joannes
511 2567 738 2621 dixisset
769 2586 782 2620 :
814 2567 995 2620 Omnia
1026 2585 1113 2635 per
1136 2571 1297 2638 ipsum
1327 2572 1464 2639 [tota
1493 2579 1624 2628 sunt.
1654 2583 1700 2622 et
1729 2572 1838 2624 sine

248 2659 359 2724 ipso
384 2661 577 2726 factum
610 2668 683 2709 est
710 2658 841 2711 nihil
865 2658 1002 2723 quod
1027 2664 1214 2728 factum
1247 2670 1354 2724 est;
1393 2659 1460 2713 de
1503 2661 1830 2729 providentia

248 2763 552 2801 senatorem
581 2747 764 2813 adjicit
792 2748 873 2800 his
901 2748 1094 2812 verbis,
1121 2747 1181 2800 In
1204 2749 1312 2817 ipso
1335 2749 1433 2801 vita
1456 2760 1579 2802 erat.
1612 2749 1688 2802 Ne
1713 2753 1832 2819 quis

246 2838 386 2891 enim
417 2837 724 2891 incredulus
751 2837 1035 2903 dubitaret,
1059 2840 1328 2907 quomodo
1357 2849 1432 2892 tot
1457 2849 1705 2907 tantaque
1737 2857 1832 2909 per

250 2931 417 2998 ip~llttl
465 2929 602 2982 facta
652 2931 781 2995 sint,
815 2931 1047 2984 subdidit
1079 2949 1090 2984 :
1128 2929 1188 2983 In
1217 2934 1327 2999 ipso
1349 2934 1446 2985 vita
1470 2943 1592 2984 erat.
1628 2933 1827 2998 Quem-

245 3022 530 3074 admodum
561 3023 605 3076 si
642 3038 708 3076 ex
749 3021 896 3077 fonte
925 3023 1144 3094 abyssos
1174 3025 1449 3076 emittente
1477 3039 1667 3092 aquam
1699 3025 1829 3075 hau-

247 3117 406 3172 seris,
435 3126 922 3183 quantumcumque
953 3114 1162 3168 haurias
1189 3114 1383 3169 fontem
1413 3115 1543 3168 nihil
1575 3115 1779 3167 minues
1811 3133 1822 3168 :

243 3207 313 3258 ita
335 3206 403 3259 de
427 3205 688 3274 Unigenili
716 3207 764 3259 vi
786 3206 1040 3275 operaudi
1065 3208 1375 3276 putandum,
1399 3218 1826 3277 quantacumque

244 3317 343 3364 ιιι-ι·
376 3301 546 3366 ipsam
574 3299 703 3352 facta
733 3299 1029 3353 credideris
1049 3341 1064 3362 ,
1095 3315 1380 3368 numquam
1413 3300 1499 3353 illa
1533 3300 1822 3362 minuitur;

242 3391 351 3440 imo
384 3405 512 3442 vero
539 3400 591 3443 ut
622 3391 785 3460 magis
815 3392 1031 3460 proprio
1059 3402 1175 3444 utar
1199 3392 1444 3459 exemplo
1465 3434 1480 3453 ,
1515 3407 1705 3460 nempe
1736 3392 1815 3444 lu-

238 3482 334 3540 cis,
369 3482 440 3533 de
466 3495 568 3547 qua
598 3479 689 3534 ille
719 3497 840 3534 mox
868 3481 1085 3550 adjicit,
1125 3481 1186 3534 Et
1215 3483 1315 3534 vita
1345 3492 1448 3535 erat
1480 3482 1586 3534 lux.
1621 3481 1821 3546 Quem-

237 3571 529 3622 admodum
569 3586 698 3639 ergo
743 3571 824 3625 lus
847 3613 860 3632 ,
901 3581 1327 3640 quantacumque
1354 3571 1626 3625 hominum
1659 3573 1819 3625 millia

239 3662 498 3713 illuminet
523 3703 538 3723 ,
573 3662 703 3714 nihil
733 3663 1029 3731 splendoris
1059 3663 1252 3714 amittit
1281 3679 1294 3714 :
1327 3663 1402 3716 sic
1429 3678 1638 3731 quoque
1681 3663 1822 3716 Deus

237 3764 284 3804 et
319 3763 611 3822 antequam
642 3764 894 3821 Operetur
921 3763 974 3808 et
1007 3761 1123 3820 post
1150 3753 1342 3806 emissa
1374 3769 1534 3822 opera
1555 3796 1568 3816 ,
1600 3755 1820 3823 perinde

237 3855 439 3911 nui-ger
486 3852 690 3905 manet,
737 3859 832 3898 nec
877 3846 1147 3905 minuitur,
1180 3861 1350 3915 neque
1398 3862 1460 3899 ex
1509 3849 1818 3914 Operatione

238 3937 397 3985 ιι;ιιίι;ι
453 3935 733 4000 fatigatur;
779 3935 869 3988 sed
908 3937 1114 3988 etiamsi
1160 3938 1302 3990 mille
1353 3938 1578 3990 mundos
1621 3938 1819 3990 similes

236 4039 419 4075 creare
451 4033 751 4090 oporteret,
777 4025 983 4078 etiamsi
1020 4025 1274 4090 inlinitos,
1309 4027 1406 4078 illis
1436 4027 1681 4079 omnibus
1707 4027 1818 4079 suf-

239 4113 416 4165 ﬁceret
437 4151 452 4172 ,
498 4127 596 4166 nec
634 4113 878 4167 creandis
908 4114 1065 4168 modo
1084 4156 1098 4178 ,
1133 4116 1224 4170 sed
1253 4117 1410 4170 etiam
1442 4127 1561 4185 post
1590 4119 1815 4170 creatio-

241 4217 356 4255 nem
382 4204 684 4256 servandis.
717 4203 848 4258 Vita:
877 4206 1070 4274 quippe
1097 4222 1292 4258 nomen
1323 4206 1407 4260 hic
1439 4222 1540 4260 non
1573 4207 1636 4258 ad
1664 4221 1817 4260 crea-

239 4296 430 4345 tionem
459 4295 638 4349 solum
673 4295 894 4362 pertinet
921 4337 936 4360 ,
969 4296 1061 4349 sed
1091 4306 1146 4349 ct
1169 4296 1234 4350 ad
1266 4297 1649 4365 providentiam
1671 4338 1685 4361 ,
1716 4314 1815 4366 qua

238 4398 318 4435 res
339 4393 538 4437 creata:
566 4393 850 4437 servantur
871 4395 924 4438 et
950 4397 1282 4454 permanent.
1331 4385 1609 4454 Etiamque
1634 4403 1814 4440 resur-

237 4477 486 4528 rrctiouis
513 4475 815 4529 doctrinam
842 4475 951 4542 jam
987 4475 1139 4528 nobis
1167 4475 1389 4530 fundare
1425 4477 1640 4546 incipit,
1671 4487 1723 4531 et
1749 4479 1816 4531 ab

234 4565 566 4618 admirandis
619 4565 768 4620 hisce
816 4567 1107 4634 evangeliis
1153 4567 1378 4621 orditur.
1428 4567 1542 4622 Vita
1589 4585 1816 4638 namque

233 4657 293 4708 ad
322 4672 422 4711 nos
453 4657 798 4721 adveniente,
827 4658 1060 4712 solutum
1081 4670 1162 4712 est
1193 4659 1382 4712 mortis
1409 4659 1708 4726 imperium,
1739 4661 1816 4712 lu-

232 4763 393 4817 coque
441 4763 543 4802 nos
585 4748 915 4804 illuminante
940 4790 954 4812 ,
991 4751 1224 4806 tenebris:
1255 4766 1360 4804 non
1391 4751 1523 4804 ultra
1559 4762 1811 4814 tnaucnt;

232 4840 319 4892 sed
345 4850 533 4895 manet
559 4856 775 4910 semper
804 4842 856 4895 iu
887 4843 1040 4898 nobis
1066 4844 1191 4907 vita,
1219 4853 1271 4898 et
1301 4859 1444 4898 mors
1474 4845 1520 4898 ei
1554 4845 1812 4898 dominari

232 4947 328 4982 non
355 4942 557 4999 pote“.
591 4931 770 5001 Itaque
795 4934 935 5001 quod
963 4935 1030 4987 de
1057 4934 1212 4989 Patre
1233 4936 1431 4989 dictum
1463 4946 1580 4998 est,
1618 4937 1683 4990 dc
1716 4939 1814 4991 hoc

230 5035 438 5090 quoque
471 5022 692 5088 proprie
719 5021 947 5085 dicatur,
980 5021 1042 5076 In
1069 5024 1180 5091 ipso
1208 5024 1436 5089 vivimus,
1467 5043 1737 5088 uteremur,
1769 5038 1815 5080 et

233 5127 397 5165 unius
438 5113 597 5177 (Act.
629 5113 711 5167 l7.
741 5110 844 5180 28)
883 5129 895 5168 :
929 5114 978 5168 id
1009 5115 1150 5184 quod
1175 5116 1335 5169 etiam
1366 5116 1558 5169 Paulus
1583 5117 1816 5171 dctlarat

232 5199 308 5252 his
334 5202 515 5255 verbis
542 5218 558 5252 :
595 5202 848 5266 Quoniam
870 5204 922 5256 in
949 5204 1059 5271 ipso
1089 5215 1258 5258 creata
1284 5215 1398 5257 sunt
1419 5207 1607 5272 omnia,
1636 5218 1682 5258 et
1709 5225 1816 5257 om-

231 5306 312 5340 ina
339 5292 388 5342 in
415 5293 530 5358 ipso
556 5301 786 5346 constant
814 5295 830 5354 l
851 5292 962 5347 Col.
993 5295 1037 5346 1.
1073 5295 1194 5362 16).
1227 5295 1561 5363 Quapropter
1588 5310 1640 5350 et
1668 5297 1813 5350 radix

231 5377 422 5433 dicitur
445 5395 504 5433 et
535 5381 961 5437 fututamentum.

306 5466 458 5523 Potor
499 5487 600 5524 non
641 5475 982 5541 compositus,
1018 5473 1181 5528 Filius
1220 5478 1336 5530 item
1379 5495 1478 5530 non
1513 5479 1815 5545 compositus

234 5569 321 5609 at.
344 5586 418 5600 --
435 5569 572 5613 utin
604 5571 780 5615 autem
813 5563 982 5628 audis,
1014 5562 1075 5617 In
1105 5569 1214 5633 ipso
1235 5569 1333 5620 vita
1356 5579 1482 5631 erat,
1511 5585 1578 5622 ne
1606 5584 1815 5638 con-po-

231 5651 388 5702 sitqu
425 5651 718 5721 suspiceris
746 5669 757 5705 :
793 5668 914 5706 nam
945 5665 1124 5724 postea
1165 5657 1230 5712 de
1265 5658 1418 5715 Patre
1457 5658 1584 5712 dicit
1617 5677 1628 5712 :
1661 5659 1810 5714 Sicut

1387 261 1450 314 IN
1488 257 1798 316 JOANNEM
1841 260 2073 317 llOSllL.
2108 263 2170 317 ν.
2213 266 2283 322 al.
2325 265 2412 325 iV.
3501 287 3568 341 58

268 401 397 436 eum
431 381 584 443 illud,
621 379 719 432 Per
746 393 913 448 quem,
941 374 1083 445 quod
1108 373 1363 428 minorem
1393 373 1689 441 signiﬁcare
1719 371 1870 434 diris,

271 477 423 529 Patri
452 472 727 527 adscribit.
765 467 956 521 Fidelis
983 467 1123 521 enim
1157 465 1290 518 Deus
1310 507 1323 527 ,
1355 465 1555 534 inquit,
1597 481 1686 532 per
1727 480 1869 525 (ptem

269 566 446 617 vocati
470 564 588 617 estis
618 563 669 614 in
695 563 983 613 societatem
1025 556 1154 609 Filii
1192 557 1302 624 ejus
1349 557 1394 618 (l
1450 555 1566 608 Cor.
1601 556 1650 607 1.
1689 555 1788 621 9);
1819 565 1871 605 et

269 673 518 719 rursum,
555 653 655 707 Per
681 655 988 706 voluntatem
1013 652 1124 720 ejus
1153 649 1376 717 (Ep/tes.
1411 649 1458 700 1.
1488 647 1510 700 1
1540 647 1590 714 );
1623 657 1670 698 et
1702 646 1822 697 alibi
1850 686 1864 706 ,

271 749 540 813 Quoniam
586 762 646 797 ex
690 744 801 810 ipso
825 783 840 806 ,
878 751 923 794 ct
961 757 1051 809 per
1093 741 1282 808 ipsuin,
1315 750 1360 791 et
1403 739 1455 791 in
1497 739 1663 805 ipsum
1698 739 1866 788 omnia

1987 371 2142 427 Pater
2170 377 2314 432 habet
2339 383 2491 435 vitam
2521 383 2573 436 in
2595 387 2881 456 semetipso,
2903 393 2976 441 sic
2997 391 3132 443 dedit
3153 402 3200 444 et
3226 392 3360 447 Filio
3387 396 3567 451 habere

1980 465 2129 517 vitam
2160 466 2340 534 (Joan.
2365 470 2418 523 5.
2447 471 2556 542 ‘26).
2592 473 2696 528 Sed
2720 478 2861 531 sicut
2888 479 3098 534 Patrem
3124 496 3226 535 non
3261 483 3380 538 ideo
3409 501 3559 538 com-

1980 557 2210 622 positum
2257 559 2488 626 dixeris,
2535 565 2611 618 sic
2651 582 2748 622 nec
2779 567 2966 622 Filium
2995 570 3161 626 dicas.
3195 573 3402 628 Etenim
3435 577 3557 630 alibi

1977 663 2187 717 quoque
2208 652 2353 715 dicit,
2384 654 2499 708 Lux
2527 668 2597 710 est
2621 657 2757 712 Deus
2782 659 2832 728 (1
2887 659 3043 715 Joan.
3079 663 3130 717 1.
3163 665 3248 734 5);
3277 675 3330 718 et
3353 682 3557 729 rursus,

1975 738 2160 794 Lucem
2203 744 2390 796 habitat
2425 747 2809 802 inaccessibilem
2858 750 2921 822 (1
2993 751 3126 806 Tim.
3175 755 3385 824 6.19.).
3434 758 3558 810 Il:rc

1975 846 2136 899 porro
2157 834 2333 887 omnia
2365 836 2503 889 dicta
2529 849 2672 900 sunt,
2708 855 2810 893 non
2840 851 2895 895 ut
2919 846 3358 913 compositionem
3390 849 3558 916 suspi-

1969 935 2186 986 cemur,
2220 926 2311 978 sed
2343 938 2397 978 ut
2435 929 2684 995 paulatim
2717 930 2782 984 ad
2816 931 3070 986 doctrina:
3111 936 3322 989 culmen
3353 940 3552 990 eveha-

1969 1027 2088 1065 nmr
2140 1013 2270 1066 Cum
2295 1017 2434 1069 enim
2465 1034 2566 1071 non
2592 1018 2747 1074 facile
2766 1036 2794 1075 a
2818 1023 2973 1092 vulgo
2999 1023 3215 1095 intelligi
3246 1027 3428 1094 possit,
3448 1045 3548 1095 qua

1969 1103 2175 1158 ratione
2201 1106 2301 1158 vita
2344 1108 2393 1160 in
2434 1110 2548 1176 ipso
2573 1113 2814 1179 exsistat,
2846 1116 3018 1182 primo
3046 1115 3095 1169 id
3125 1118 3263 1187 quod
3295 1119 3548 1173 humilius

1965 1205 2043 1247 est
2071 1195 2226 1257 dicit;
2261 1198 2496 1253 eruditos
2532 1217 2658 1254 vero
2685 1214 2866 1271 postea
2890 1207 3048 1261 altius
3076 1209 3248 1277 erigit.
3282 1209 3380 1277 Qui
3402 1212 3543 1266 enim

1963 1284 2115 1349 dixit,
2148 1285 2300 1339 Dedit
2324 1289 2369 1340 ei
2390 1289 2539 1342 vitam
2561 1292 2761 1359 habere,
2797 1295 2840 1348 is
2871 1296 2983 1363 ipse
3008 1299 3080 1351 ait
3105 1317 3118 1351 :
3141 1297 3248 1364 Ego
3276 1317 3387 1353 sum
3414 1302 3546 1365 vita;

1962 1385 2015 1427 et
2044 1391 2246 1438 rursus,
2277 1377 2384 1448 Ego
2413 1397 2524 1432 sum
2551 1381 2639 1433 tua.
2667 1382 2840 1450 (Joan.
2872 1386 2923 1438 5.
2953 1385 3042 1440 26.
3086 1389 3172 1441 14.
3200 1388 3253 1442 6.
3287 1401 3332 1442 et
3353 1391 3406 1445 8.
3431 1391 3540 1460 19.).

1964 1465 2029 1519 Et
2055 1467 2244 1536 qualis,
2273 1484 2476 1538 qua-so,
2509 1470 2620 1526 lucc
2653 1473 2736 1526 lux
2767 1477 2884 1528 est?
2910 1477 3023 1530 Non
3049 1480 3282 1545 sensilis,
3312 1481 3406 1535 sed
3433 1483 3542 1550 spi-

1961 1557 2163 1610 ritualis
2187 1600 2199 1620 ,
2230 1574 2348 1626 qua:
2381 1561 2641 1615 illuminat
2669 1569 2918 1625 atiimam.
2968 1567 3099 1634 Quia
3131 1570 3271 1622 enim
3299 1571 3540 1624 Christus

1957 1649 2198 1702 dicturus
2223 1661 2366 1716 erat,
2397 1651 2561 1705 Nemo
2593 1667 2750 1724 potest
2795 1658 2958 1711 venire
2991 1660 3061 1711 ad
3095 1677 3204 1724 me,
3249 1663 3346 1714 nisi
3387 1661 3538 1715 Pater

1957 1741 2162 1793 traxerit
2189 1758 2297 1795 eum
2334 1743 2490 1809 (Ibid.
2525 1745 2573 1797 6.
2606 1745 2718 1814 r11),
2753 1747 2872 1800 ideo
2903 1751 3232 1817 praeveniens
3263 1755 3532 1822 cvangeli-

1953 1839 2031 1883 sta
2058 1831 2192 1884 dixit
2218 1834 2387 1899 ipsum
2419 1849 2540 1889 esse
2559 1838 2644 1904 qui
2671 1837 2962 1904 illuminat;
2993 1851 3047 1892 ut
3071 1842 3113 1893 si
3139 1842 3203 1894 de
3233 1843 3385 1897 Patre
3408 1846 3533 1914 quid

1951 1921 2124 1975 simile
2163 1923 2366 1987 audias,
2415 1940 2481 1978 ne
2527 1925 2576 1978 id
2621 1927 2784 1980 solius
2834 1927 3026 1992 Patris,
3050 1930 3143 1983 sed
3172 1930 3287 1983 Filii
3321 1949 3533 2002 quoque

1950 2028 2069 2066 esse
2096 2015 2394 2082 proﬁtearis
2430 2033 2442 2069 :
2474 2032 2594 2069 nam
2627 2016 2832 2082 Omnia,
2864 2019 3050 2087 inquit,
3083 2038 3404 2092 qtta'cnmque
3441 2025 3533 2076 hu-

1949 2106 2026 2156 bet
2055 2103 2209 2157 Pater
2230 2122 2384 2169 meus,
2421 2123 2530 2158 mea
2555 2117 2669 2160 sunt
2701 2107 2860 2176 (ibid.
2890 2111 2977 2162 16.
3006 2111 3129 2180 15
3164 2111 3344 2166 Primo
3373 2115 3530 2182 igitur

1947 2197 2272 2250 creationem
2315 2214 2409 2250 nos
2450 2199 2627 2252 docuit
2651 2217 2664 2252 :
2688 2200 2881 2255 deinde
2911 2204 3102 2254 animm
3127 2204 3258 2256 bona
3290 2220 3408 2274 quae
3440 2223 3529 2259 ve-

1948 2287 2100 2338 niens
2125 2287 2274 2341 nobis
2302 2288 2517 2356 largitus
2547 2299 2646 2352 est,
2674 2307 2778 2343 uno
2802 2292 2963 2345 verbo
2990 2293 3338 2347 subindieavit
3365 2310 3525 2350 evan-

1942 2379 2126 2448 gelista
2167 2381 2350 2434 dicens
2383 2397 2396 2434 :
2433 2379 2498 2432 Et
2538 2383 2636 2434 vita
2664 2392 2767 2434 erat
2796 2385 2886 2436 tua:
2920 2385 3192 2438 hominum.
3231 2385 3338 2440 Nec
3369 2388 3519 2448 dixit.

1944 2470 2070 2522 Erat
2121 2471 2204 2522 lux
2251 2471 2578 2534 Judmorum,
2624 2473 2737 2537 sed,
2793 2474 3170 2528 Uuiversorum
3222 2477 3518 2532 hominum.

1941 2561 2121 2631 Neque
2149 2564 2288 2616 enim
2318 2563 2484 2618 Jmlati
2516 2574 2739 2629 unitum,
2764 2567 2854 2618 Sed
2878 2567 3034 2618 etiam
3059 2569 3279 2636 gentiles
3301 2570 3364 2621 ad
3385 2571 3522 2623 hanc

1938 2655 2294 2722 cognitionem
2335 2656 2700 2718 devenerunt,
2731 2667 2777 2709 et
2816 2658 2927 2710 hau:
2960 2658 3045 2711 lux
3076 2661 3373 2713 communis
3404 2676 3521 2714 om-

1938 2746 2091 2800 nibus
2128 2749 2390 2815 preposita
2415 2758 2548 2800 erat.
2579 2748 2688 2801 (Zur
2714 2758 2889 2802 autem
2923 2765 3023 2802 non
3050 2751 3266 2820 angelos
3290 2750 3512 2815 addidit,

1935 2837 2027 2890 sed
2057 2837 2296 2892 homines
2327 2841 2499 2892 solum
2536 2841 2701 2892 dixit?
2727 2840 2856 2906 Quia
2892 2859 3029 2895 ilttltC
3059 2844 3154 2912 ipsi
3186 2843 3253 2898 de
3282 2844 3512 2899 lmmana

1935 2939 2117 2981 natura
2164 2944 2341 2983 sermo
2389 2941 2499 2993 est;
2545 2941 2598 2984 et
2644 2931 2946 2996 hominibus
2991 2935 3128 2988 bona
3171 2936 3510 2992 nuntiaturus

1933 3020 2094 3072 venit.
2128 3020 2180 3071 5.
2213 3019 2277 3072 Et
2306 3021 2396 3073 lux
2422 3022 2473 3072 in
2504 3021 2716 3073 tenebris
2743 3023 2892 3074 lucet.
2935 3022 3209 3078 Tenebras
3250 3024 3332 3078 hic
3360 3036 3511 3078 vocat

1933 3121 2160 3164 mortem
2202 3119 2257 3165 et
2295 3127 2552 3164 errorem.
2587 3112 2708 3164 lla-c
2737 3113 2931 3180 quippe
2961 3115 3045 3166 lux
3078 3114 3293 3166 sensilis
3319 3132 3422 3168 non
3458 3119 3507 3168 in

1932 3201 2169 3255 tenebris
2200 3199 2366 3266 lucet,
2399 3200 2492 3254 sed
2529 3201 2642 3252 sine
2679 3202 2911 3253 tenebris
2948 3211 3048 3258 est.
3081 3202 3392 3256 PrzcdiCaIio
3417 3221 3509 3256 au-

1931 3300 2036 3344 tem
2068 3290 2205 3343 inter
2223 3304 2366 3352 eum,
2389 3291 2477 3357 qui
2505 3289 2680 3342 omnia
2704 3299 3073 3356 occupaverat,
3102 3305 3337 3344 errorem
3360 3292 3506 3346 ell'ul-

1927 3383 2031 3447 sit,
2069 3395 2296 3449 eumque
2341 3380 2571 3433 sustulit.
2617 3379 2682 3432 Et
2729 3380 2779 3433 in
2829 3381 2993 3449 ipsam
3042 3391 3264 3436 mortem
3291 3384 3511 3439 veniens

1929 3475 2062 3542 ipse,
2092 3474 2170 3526 sic
2203 3472 2344 3524 illam
2378 3474 2648 3540 superavit
2677 3513 2689 3534 ,
2721 3483 2775 3524 ut
2806 3487 2900 3524 eos
2924 3473 3010 3542 qui
3043 3482 3212 3527 morte
3235 3473 3344 3542 jam
3373 3475 3504 3528 deti-

1927 3565 2210 3628 nebantur,
2235 3571 2465 3616 erueret.
2494 3561 2751 3628 Quoniam
2779 3564 2935 3631 igitur
2958 3581 3126 3633 neque
3147 3580 3310 3630 mors,
3337 3581 3510 3636 neque

1925 3670 2076 3710 error
2100 3654 2269 3708 lucem
2300 3653 2441 3706 illam
2467 3665 2785 3720 superarunt
2809 3669 2821 3713 ;
2865 3653 2955 3707 sed
2984 3666 3064 3708 est
3092 3655 3282 3724 ubique
3323 3658 3504 3725 splen-

1925 3745 2067 3809 dida,
2095 3754 2148 3798 et
2175 3744 2386 3812 propria
2417 3744 2466 3796 vi
2496 3744 2654 3811 fulget
2690 3761 2704 3797 :
2740 3743 2857 3796 ideo
2883 3748 2952 3796 ait
2980 3786 2995 3809 ,
3042 3742 3106 3796 Et
3145 3746 3362 3799 tenebra:
3397 3763 3507 3799 eam

1925 3855 2022 3890 non
2049 3837 2550 3906 comprehenderunt.
2601 3837 2691 3889 Est
2736 3836 2878 3889 enim
2919 3837 3376 3906 inexpugnabilis,
3408 3854 3505 3891 nec

1926 3931 2152 3982 libenter
2177 3928 2226 3981 in
2259 3928 2452 3980 animis
2476 3927 2694 3990 habitat,
2728 3928 2812 3993 qui
2845 3927 3029 3979 nolunt
3054 3928 3359 3981 illuminari.

1993 4021 2046 4074 4.
2072 4019 2262 4072 Lumen
2302 4018 2496 4071 caeleste
2535 4034 2632 4070 non
2671 4018 2920 4070 illuminat
2956 4019 3053 4070 nisi
3079 4019 3258 4078 virtute
3293 4028 3338 4070 et
3375 4020 3503 4072 bona

1922 4113 2174 4166 voluntate
2199 4111 2481 4162 instructos.
2526 4107 2769 4161 Peccntor
2793 4117 2936 4177 quasi
2961 4111 3010 4162 in
3039 4109 3273 4163 ebrietate
3296 4120 3340 4163 et
3371 4121 3504 4164 tene-

1923 4205 2024 4258 bris
2043 4212 2285 4262 versatur,
2309 4201 2478 4252 omnia
2500 4209 2607 4251 tuta
2628 4201 2819 4254 timens.
2851 4200 3024 4254 Satius
3049 4212 3120 4254 est
3137 4202 3324 4254 modum
3352 4218 3501 4270 quant

1923 4300 2138 4371 peccatis
2163 4307 2391 4351 onustum
2421 4295 2698 4348 ambulare.
2716 4324 2787 4332 —
2815 4294 2964 4358 Quod
2992 4295 3034 4347 si
3070 4310 3172 4347 non
3205 4309 3390 4346 omnes
3415 4311 3498 4349 ce-

1925 4393 2078 4460 perit,
2111 4405 2176 4442 ne
2221 4388 2349 4441 idle
2391 4387 2673 4439 conturbet
2715 4402 2728 4438 :
2765 4401 2866 4437 non
2905 4385 3045 4438 enim
3086 4402 3149 4438 ex
3181 4386 3497 4438 necessitate

1922 4494 2010 4536 aut
2039 4483 2109 4543 vi,
2141 4479 2234 4533 sed
2268 4494 2333 4532 ex
2366 4477 2634 4530 voluntate
2661 4485 2716 4529 et
2766 4475 2987 4528 arbitrio
3031 4475 3094 4527 ad
3152 4490 3248 4528 nos
3293 4475 3494 4528 accedit

1925 4573 2083 4626 Deus.
2111 4569 2184 4624 Ne
2222 4568 2323 4622 luci
2345 4567 2465 4620 huic
2487 4566 2683 4619 ostium
2714 4566 2950 4628 claudas,
2973 4575 3022 4620 et
3047 4564 3208 4618 multa
3232 4563 3499 4631 voluptan

1924 4664 2135 4718 frueris.
2158 4662 2280 4715 llaec
2311 4675 2470 4730 porro
2499 4661 2584 4713 lux
2617 4675 2708 4727 per
2734 4658 2887 4712 [idem
2918 4658 3142 4720 accedit,
3173 4666 3226 4710 et
3253 4672 3373 4709 cum
3419 4671 3503 4708 se-

1922 4758 2027 4810 tnel
2049 4755 2282 4817 advenit,
2315 4753 2668 4821 exoipientem
2699 4766 2757 4804 se
2805 4747 3088 4802 admodum
3122 4747 3381 4800 illuminat
3411 4763 3423 4798 :
3454 4757 3508 4798 et

1920 4850 1962 4902 si
2004 4862 2188 4916 puram
2230 4845 2487 4898 exhibeas
2533 4845 2716 4907 vitam,
2763 4849 3014 4909 perpetuo
3043 4840 3184 4892 intus
3225 4837 3503 4891 manebit;

1921 4954 2042 4992 ttatn
2093 4937 2192 5001 Qui
2219 4936 2384 5005 diligit
2427 4950 2526 4999 me,
2566 4933 2808 4984 mandata
2839 4946 2947 4982 mea
2978 4928 3209 4993 servabit,
3246 4938 3292 4980 et
3337 4929 3504 4980 uenir-

1923 5045 2032 5082 mus
2060 5029 2127 5080 ad
2155 5043 2266 5080 eum
2307 5042 2400 5095 ego
2444 5035 2490 5077 et
2540 5022 2692 5076 Pater
2721 5038 2876 5083 mens,
2929 5030 2972 5072 et
3019 5019 3330 5072 mansionem
3365 5019 3509 5086 apud

1921 5136 2034 5172 cum
2088 5119 2331 5187 faciemus
2364 5113 2542 5182 (Joan.
2593 5114 2679 5166 14.
2705 5111 2817 5182 25).
2864 5107 3319 5175 Quemadmodum
3363 5109 3507 5162 enim

1923 5225 2026 5262 non
2085 5217 2259 5278 potest
2299 5208 2415 5276 quis
2459 5204 2608 5258 radio
2639 5203 2796 5255 solari
2831 5201 2994 5270 probe
3026 5201 3144 5263 frui,
3191 5200 3288 5252 nisi
3320 5199 3508 5252 oculos

1921 5303 2125 5370 aperiat
2157 5319 2170 5354 :
2203 5301 2272 5353 ita
2306 5314 2476 5367 neque
2536 5295 2691 5361 hujus
2717 5294 3014 5362 splendoris
3043 5292 3252 5346 abunde
3286 5307 3510 5346 consors

1921 5409 2063 5457 esse,
2089 5390 2190 5445 nisi
2217 5389 2408 5443 anim-.e
2439 5386 2622 5439 oculos
2652 5385 2873 5454 aperiat,
2895 5397 3185 5452 eorumque
3208 5382 3377 5435 aciem
3406 5398 3505 5435 uu—

1925 5483 2082 5550 dique
2111 5489 2278 5550 paret.
2308 5478 2588 5543 Quomodo
2630 5484 2808 5529 autem
2839 5473 2890 5527 id
2924 5472 3035 5527 fieri
3065 5473 3272 5543 possit?
3314 5473 3369 5526 Si
3395 5471 3507 5522 aui-

1929 5586 2070 5623 munt
2099 5567 2244 5622 otnni
2280 5567 2407 5620 vitio
2441 5580 2744 5636 purgemus.
2779 5563 3056 5616 Peceatum
3085 5562 3226 5616 enim
3261 5559 3508 5613 tenebro-

1928 5676 2043 5715 sum
2098 5671 2174 5713 est
2207 5701 2220 5722 ,
2267 5660 2537 5728 densaque
2591 5657 2816 5726 caligine
2875 5653 3135 5719 offusam;
3184 5651 3341 5721 idque
3387 5647 3508 5702 inde
