4000 6210
649 249 718 304 ω
806 267 815 273 -
1345 246 1398 301 s.
1440 244 1717 300 JOANNIS
1752 240 2228 298 CllRYSUSTUMl
2271 242 2587 304 ARCIIIEP.
2628 247 3167 311 CONSTANTINOP.

655 363 826 433 palam
873 368 976 427 est,
1009 363 1148 432 quod
1198 360 1587 416 inconsiderate
1635 370 1687 416 et
1733 361 1847 415 sine
1889 362 2106 415 arbitris
2137 360 2229 414 ad-

654 456 913 507 mittatur.
959 450 1090 507 Nam
1148 452 1324 507 Omnis
1374 455 1460 520 qui
1507 454 1638 505 male
1681 455 1814 523 agit,
1844 454 1947 505 odit
1977 454 2159 517 lucem,
2188 464 2234 506 et

652 562 751 598 non
778 545 908 597 venit
959 544 1026 597 ad
1055 546 1214 597 lucem
1231 542 1284 613 (1
1292 527 1415 597 dan.
1434 543 1487 597 3.
1506 541 1597 610 20)
1624 559 1638 606 ;
1667 553 1741 607 et,
1775 541 1902 608 Qua:
1938 542 1990 595 in
2036 542 2233 595 occulto

652 642 804 703 ﬁunt,
834 648 980 706 turpe
999 646 1142 689 estet
1171 636 1337 689 dicere
1361 634 1577 703 (Ephes.
1601 635 1654 689 5.
1691 634 1800 705 12).
1831 634 1979 689 Sicut
2004 634 2145 689 enim
2178 634 2231 688 in

652 729 883 782 tenebris
913 741 1009 782 nec
1044 728 1275 781 amicum
1317 734 1415 780 nec
1451 722 1719 781 inimicum
1759 725 2096 795 agnoscimus
2140 734 2231 779 re-

654 835 876 887 rumque
896 816 1133 873 Omnium
1155 824 1394 872 naturam
1418 820 1741 887 ignoramus,
1772 820 1848 872 sic
1864 829 1917 872 et
1939 819 1990 872 in
2016 829 2231 886 peccato

651 911 865 964 accidit.
895 910 1022 963 Nam
1054 911 1142 979 qui
1165 910 1398 963 aVaritia:
1421 909 1618 974 studet,
1649 925 1751 964 non
1780 906 2056 979 diStinguit
2099 910 2235 963 ami-

648 1019 768 1056 cum
796 1005 863 1056 ab
893 1002 1109 1056 inimico
1144 1021 1158 1057 :
1192 1003 1509 1071 invidusque
1540 996 1933 1056 necessitudine
1974 996 2077 1056 sibi
2102 1000 2230 1069 jun-

648 1106 788 1148 ctum
821 1106 876 1147 ιιι
921 1096 1190 1148 inimicum
1225 1095 1419 1159 habet;
1478 1110 1538 1149 ac
1568 1095 1655 1163 qui
1689 1092 1997 1155 insidiatur,
2044 1103 2229 1148 contra

647 1204 831 1240 omnes
855 1188 1048 1241 bellum
1075 1191 1206 1255 gerit
1242 1204 1255 1239 :
1289 1202 1394 1239 uno
1412 1188 1592 1248 verbo,
1623 1187 1859 1257 quisquis
1887 1196 2104 1254 peccato
2129 1182 2228 1240 ob-

648 1282 835 1332 noxius
865 1289 965 1342 est,
997 1278 1125 1331 nihil
1154 1278 1331 1332 diﬂ’ert
1358 1278 1426 1332 ab
1452 1278 1611 1332 ebriis
1627 1292 1673 1331 et
1697 1274 2012 1340 furentibus,
2060 1292 2231 1345 neque

650 1386 827 1423 rerum
877 1380 1117 1423 naturam
1164 1369 1329 1423 novit.
1376 1371 1453 1424 Ac
1488 1369 1935 1435 quemadmodum
1982 1378 2139 1421 noctu
2173 1368 2234 1420 li-

647 1478 829 1530 gnum,
857 1462 1151 1530 plumbum,
1186 1464 1404 1527 ferrum,
1431 1472 1730 1531 argentum,
1761 1477 1968 1523 aurum,
2000 1460 2228 1529 lapidem

647 1556 964 1623 pretiosum,
994 1555 1278 1622 onmiaqne
1324 1554 1435 1622 pari
1483 1553 1643 1607 modo
1668 1555 1953 1618 cernimus,
1983 1568 2103 1607 cum
2141 1552 2229 1605 lux

648 1645 714 1697 ad
757 1644 871 1698 haec
900 1644 1247 1697 discernenda
1279 1659 1384 1696 non
1408 1641 1546 1696 adsit
1574 1660 1588 1694 :
1621 1642 1698 1695 sic
1738 1642 1826 1712 qui
1859 1642 1962 1694 vita
1990 1642 2229 1709 impttrus

648 1745 749 1799 est,
781 1736 1148 1801 temperantia:
1169 1735 1416 1788 virtutem
1450 1751 1553 1788 non
1587 1735 1755 1797 novit,
1785 1748 1956 1802 neque
1986 1734 2227 1803 philoso-

649 1826 785 1894 phia:
814 1826 1283 1895 pulchritudinem.
1338 1825 1391 1878 ln
1425 1824 1659 1877 tenebris
1691 1825 1853 1888 enim,
1886 1834 1939 1877 ut
1957 1825 2066 1893 jam
2095 1825 2224 1886 dixi,

649 1932 715 1971 ne
747 1916 946 1986 lapides
973 1916 1184 1986 quidem
1211 1916 1427 1985 pretiosi
1461 1915 1904 1984 pulchritudinem
1953 1932 2101 1968 suam
2132 1932 2226 1969 ex-

651 2011 853 2073 hibent,
887 2026 990 2062 non
1020 2018 1221 2063 naturae
1243 2026 1352 2062 sua:
1385 2009 1531 2070 vitio,
1564 2008 1656 2062 sed
1687 2008 2039 2078 spectantium
2081 2008 2228 2076 igno-

648 2104 840 2156 rantia.
880 2102 1059 2171 Neque
1091 2102 1190 2156 hoc
1221 2119 1381 2156 unum
1427 2101 1581 2155 nobis
1615 2101 1865 2155 damnum
1916 2102 1967 2154 in
2012 2110 2227 2169 peccato

646 2193 960 2261 degentibus
985 2192 1203 2257 accidit;
1226 2192 1317 2246 sed
1334 2204 1388 2245 et
1406 2192 1455 2245 in
1484 2201 1741 2260 perpetuo
1758 2203 1900 2246 metu
1919 2206 2224 2244 versamur:

647 2299 709 2336 ac
752 2284 1198 2352 quemadmodum
1240 2285 1272 2336 ii
1317 2284 1406 2353 qui
1456 2299 1552 2351 per
1599 2294 1807 2337 noctem
1860 2284 2078 2336 illunem
2129 2283 2229 2336 iter

650 2384 833 2443 agunt,
862 2389 1074 2442 semper
1100 2383 1351 2440 tremunt,
1378 2374 1501 2428 licet
1525 2389 1683 2426 nemo
1726 2374 1866 2426 adsit
1907 2374 1993 2443 qui
2026 2384 2227 2427 metum

651 2467 870 2519 incutiat
901 2486 913 2518 ε
941 2468 1017 2520 sic
1044 2468 1075 2519 ii
1106 2467 1191 2536 qui
1218 2468 1446 2535 peccatis
1472 2466 1636 2521 dediti
1669 2476 1813 2530 sunt,
1839 2467 2003 2521 fidere
2025 2482 2226 2537 neque-

648 2566 741 2608 unt
767 2598 780 2617 ,
811 2556 1015 2609 etiamsi
1059 2557 1233 2608 nullus
1271 2555 1407 2609 adsit
1453 2557 1542 2625 qui
1584 2556 1898 2625 redarguat;
1930 2556 2019 2609 sed
2052 2558 2226 2610 omnia

650 2646 930 2699 formidant
944 2656 998 2700 et
1019 2656 1262 2715 suspecta
1280 2647 1495 2707 habent.
1515 2648 1844 2701 conscientia
1861 2646 2225 2713 stimulante’,

648 2736 931 2806 onmiaque
962 2738 1089 2805 ipsis
1116 2749 1318 2792 terrore
1338 2750 1390 2791 et
1416 2739 1697 2792 formidine
1716 2738 1865 2808 plena
1890 2747 2035 2803 sunt,
2051 2741 2226 2792 omnia

649 2827 1254 2895 anxiicircumspiciunt.
1278 2828 1406 2881 Tam
1435 2829 1709 2883 molesmm
1733 2845 1858 2899 ergo
1875 2829 2032 2882 vitam
2058 2829 2229 2899 lugia-

653 2935 790 2972 mus.
824 2918 954 2972 Nam
981 2929 1097 2987 post
1124 2935 1377 2989 angorem
1426 2920 1749 2990 huiusmodi,
1781 2937 1925 2976 mors
1956 2930 2226 2990 sequetur,

650 3026 795 3066 mors
815 3012 1130 3065 immortalis
1154 3029 1166 3063 :
1197 3012 1305 3066 illic
1324 3013 1464 3065 enim
1491 3013 1665 3066 nulhts
1682 3012 1923 3082 supplicii
1953 3013 2072 3067 linis
2091 3012 2188 3066 erit
2211 3029 2225 3075 ;

650 3102 735 3155 hic
756 3117 879 3157 vero
905 3102 972 3156 ab
1000 3102 1388 3157 insanientibus
1410 3103 1537 3156 nihil
1561 3103 1807 3157 dill‘ernnt
1831 3104 1887 3169 ii,
1917 3105 2108 3174 quires
2129 3104 2227 3157 sibi

650 3194 872 3263 lingunt,
891 3208 1007 3263 qua:
1038 3209 1104 3248 ne
1125 3192 1339 3263 quidem
1361 3195 1649 3248 exsistunt.
1681 3193 1936 3248 Videntur
1962 3195 2100 3247 enim
2130 3195 2229 3249 sibi

646 3287 836 3340 divites
879 3301 996 3342 esse
1020 3328 1035 3351 ,
1088 3302 1208 3341 cum
1239 3303 1345 3341 non
1377 3288 1515 3350 sint;
1555 3302 1613 3340 se
1644 3288 1878 3341 deliciari
1926 3295 2131 3355 putant,
2177 3296 2232 3341 et

656 3377 820 3430 nulla:
848 3376 1055 3430 delicize
1080 3394 1094 3429 :
1127 3392 1226 3431 nec
1266 3381 1411 3447 prius
1440 3376 1701 3430 fallaciam
1729 3388 1783 3430 nt
1817 3392 1911 3445 par
1940 3388 2083 3431 esset
2110 3392 2231 3431 sen—

649 3469 808 3530 tiunt,
841 3482 996 3533 quam
1023 3467 1090 3518 ah
1112 3466 1212 3519 hac
1241 3468 1445 3521 insania
1475 3466 1784 3531 liberentur,
1816 3477 1868 3520 et
1890 3466 2062 3521 donec
2083 3483 2231 3520 som-

651 3572 774 3609 num
803 3557 1090 3610 excutiant.
1127 3556 1358 3627 Ideoque
1391 3566 1447 3610 ut
1471 3557 1635 3609 sobrii
1665 3558 1831 3611 simus
1867 3567 1921 3611 et
1952 3557 2233 3626 vigilemus

655 3649 845 3702 Paulus
870 3648 1119 3702 omnibus
1148 3648 1391 3718 praecipit.
1422 3664 1435 3703 :
1469 3658 1526 3703 et
1571 3648 1797 3717 idipsum
1830 3664 2043 3717 quoque
2074 3648 2231 3701 Chri-

650 3750 780 3793 stus.
811 3739 907 3804 Qui
930 3739 1139 3793 sobrius
1167 3752 1248 3793 est
1270 3749 1324 3793 et
1346 3738 1547 3809 vigilat,
1581 3741 1624 3793 si
1670 3755 1699 3792 a
1730 3749 1947 3809 peccato
1968 3740 2229 3810 capiatur,

656 3830 763 3882 cito
794 3830 964 3900 ipsum
1002 3829 1202 3884 excutit
1239 3847 1251 3883 :
1280 3830 1369 3900 qui
1400 3846 1528 3885 vero
1557 3830 1754 3883 dormit
1779 3841 1869 3885 aut
1919 3831 2135 3895 insanit,
2167 3846 2234 3885 ne.

714 3943 731 3972 ί
767 3940 877 4000 Alii,
903 3938 1168 3990 mordente.

2343 364 2557 433 quidem
2581 371 2735 424 sentit
2761 373 3027 442 quomodo
3047 391 3075 429 a
3105 385 3324 445 peccato
3350 385 3624 432 teneatur.
3658 380 3741 435 Ne

2340 460 2686 513 dormiamus.
2720 462 2898 533 Neque
2928 466 3067 519 enim
3097 469 3270 522 noctis
3298 477 3509 539 tempus
3536 482 3648 532 est.
3691 489 3744 528 se

2343 548 2523 618 Itaqlte
2546 548 2690 606 Sicut
2716 554 2767 606 in
2798 556 2880 609 die
2907 559 3109 612 honeste
3135 560 3448 613 ambulemus
3475 561 3665 632 (Rom.
3710 568 3731 620 l

2342 640 2479 695 Nihil
2505 644 2645 697 enim
2668 656 2885 712 peccato
2908 650 3133 715 turpius.
3164 649 3337 704 Minus
3366 663 3449 705 est
3476 654 3716 717 malum,

2340 732 2463 787 dum
2515 736 2856 804 turpitudinis
2906 740 3187 806 rationem,
3240 741 3434 807 nudos,
3492 760 3663 812 quam
3714 763 3744 815 p

2338 834 2392 879 et
2435 824 2726 883 sceleribus
2768 839 2990 884 onustos
3044 831 3408 887 obambulare.
3442 833 3578 889 lllud
3631 839 3741 890 enin

2336 906 2546 972 tantum
2577 920 2778 975 crimen
2825 932 3000 976 esset:
3048 935 3191 992 sa-pe
3229 938 3454 995 namque
3497 942 3568 981 ex
3621 945 3744 998 paul

2339 1011 2545 1065 oritur:
2578 1023 2858 1081 peccatore
2885 1025 3061 1069 autem
3089 1014 3218 1071 nihil
3250 1014 3477 1086 turpius,
3513 1020 3651 1073 nihil
3684 1036 3744 1075 co

2340 1104 2675 1174 ptudignius.
2695 1104 3000 1175 Cogitemus
3024 1124 3150 1178 ergo
3170 1124 3285 1171 eos,
3317 1107 3407 1175 qui
3439 1110 3650 1180 rapina:
3682 1122 3737 1166 et

2338 1212 2495 1252 causa
2529 1200 2579 1252 in
2605 1198 2860 1266 judicium
2889 1208 3186 1269 raptantur,
3215 1218 3371 1271 quam
3405 1214 3626 1273 turpes,
3657 1222 3744 1273 qu:

2339 1284 2499 1344 diculi
2528 1291 2826 1357 videantur,
2853 1303 2908 1347 ut
2930 1294 3020 1363 qui
3065 1297 3241 1348 omnia
3274 1294 3639 1363 impudenter,
3674 1298 3744 1351 fal

2337 1391 2391 1436 et
2419 1398 2541 1437 cum
2572 1384 2820 1439 violentia
2850 1387 3081 1454 egerint.
3110 1385 3219 1440 Nos
3245 1395 3421 1441 autem
3456 1386 3528 1442 ita
3571 1390 3743 1443 miser

2338 1473 2570 1543 licesque
2636 1488 2847 1539 sumus,
2902 1486 2958 1530 ut
2987 1476 3111 1530 dum
3163 1477 3379 1547 pallium
3444 1483 3744 1551 negligentt

2336 1573 2638 1620 transverse
2663 1567 2891 1635 positum
2913 1576 3122 1636 gestare
3138 1584 3241 1621 non
3267 1571 3532 1637 patimur;
3562 1572 3674 1625 imo
3700 1574 3744 1626 id

2336 1655 2386 1710 in
2414 1657 2519 1710 alio
2562 1657 2943 1721 emendamns;
2988 1674 3109 1714 cum
3159 1670 3335 1714 autem
3366 1673 3420 1715 et
3449 1677 3550 1717 nos
3597 1676 3651 1717 et
3700 1680 3744 1734 pl

2335 1749 2499 1801 nostri
2529 1748 2740 1803 inverso
2766 1749 2937 1818 capite
2964 1749 3311 1812 ambulemus,
3336 1752 3384 1804 id
3410 1768 3473 1805 ne
3489 1754 3744 1821 quidems

2334 1854 2468 1893 mus.
2499 1839 2632 1905 Quid
2655 1840 2819 1902 enim,
2844 1855 3043 1909 qumso,
3077 1842 3281 1909 turpius
3302 1842 3437 1907 viro,
3462 1846 3551 1912 qui
3582 1857 3744 1900 meret

2331 1928 2480 1982 adit?
2507 1929 2630 1998 quid
2661 1932 3069 1993 contumelioso,
3102 1932 3226 2001 quid
3256 1934 3541 1997 maledico,
3566 1936 3693 2004 quid

2333 2022 2443 2074 risu
2472 2021 2715 2091 dignius?
2745 2023 2834 2093 qui
2888 2023 2999 2077 fieri
3034 2033 3205 2092 potest
3239 2034 3296 2078 ut
3326 2024 3438 2078 hzrc
3468 2042 3574 2079 non
3610 2035 3716 2079 tam

2332 2113 2648 2176 habeantur,
2699 2130 2854 2183 quam
2886 2113 3055 2167 nudos
3084 2112 3390 2169 ambulare?
3438 2118 3481 2169 Α
3529 2130 3744 2170 εοιιειιυι

2333 2212 2558 2257 tantum.
2594 2202 2725 2257 lllud
2758 2204 2898 2259 enim
2929 2220 3087 2259 nemo
3111 2219 3342 2275 unquam
3390 2216 3581 2275 sponte
3611 2224 3703 2263 sua
3735 2224 3744 2278 ι

2332 2302 2433 2355 est,
2469 2294 2568 2348 hoc
2589 2310 2717 2347 vero
2745 2310 2931 2349 omnes
2955 2295 3286 2350 confidenter
3308 2296 3525 2352 audent.
3550 2296 3708 2352 Certe
3730 2314 3744 2352 ε

2334 2386 2644 2454 angelorum
2673 2396 2869 2440 emtum
2897 2387 3089 2452 adiret,
3115 2386 3165 2441 in
3184 2403 3287 2457 quo
3316 2388 3445 2442 nihil
3471 2404 3703 2458 unquam
3741 2390 3744 2442 Ι

2336 2474 2476 2528 modi
2505 2483 2712 2544 gestum
2751 2486 2852 2543 est,
2887 2478 3063 2528 statim
3113 2477 3319 2531 videret
3359 2493 3517 2547 quam
3566 2478 3744 2531 ridicui

2332 2576 2497 2621 esset.
2553 2567 2750 2637 Ecquid
2800 2568 3108 2637 angelorum
3144 2578 3342 2622 emtum
3376 2571 3659 2621 memoro?
3703 2568 3744 2621 N

2336 2659 2689 2727 imperatoriis
2731 2659 2866 2727 apud
2912 2674 3011 2712 nos
3038 2659 3259 2722 :edibus,
3284 2659 3327 2712 si
3358 2661 3476 2728 quis
3505 2659 3714 2713 inducta
3738 2676 3744 2712 ι

2335 2751 2465 2804 trice
2487 2759 2685 2815 utatur,
2715 2751 2795 2804 vel
2820 2751 2860 2804 si
2890 2749 3149 2805 ebrietate
3175 2751 3431 2821 capiatur,
3463 2751 3545 2804 vel
3577 2760 3730 2819 turpe

2332 2839 2599 2910 quidpiam
2622 2841 2884 2906 admittat,
2936 2852 3200 2895 extremas
3243 2841 3334 2895 dat
3362 2857 3566 2910 pinnas.
3597 2842 3744 2910 Quod

2336 2932 2685 3001 imperatoriis
2701 2930 2903 2986 aedibus
2930 2933 3051 2986 talia
3074 2932 3269 2987 audere
3302 2949 3402 2986 non
3439 2934 3588 2996 licet;
3607 2935 3744 2988 mult:

2333 3023 2434 3093 gis,
2474 3022 2666 3094 ubique
2699 3034 2961 3093 pr:eseute
3009 3026 3375 3080 universorum
3426 3026 3591 3096 Rege,
3626 3042 3744 3080 omn

2334 3115 2816 3185 eireumspicieute,
2846 3117 2889 3169 si
2945 3115 3138 3170 similia
3178 3118 3581 3187 aggrediamur,
3614 3128 3744 3173 extrt

2339 3206 2550 3260 luemus
2575 3206 2912 3276 supplicium.
2942 3208 3277 3277 Quapropter
3298 3224 3450 3278 rogo,
3475 3209 3687 3262 multam
3713 3209 3744 3261 it

2335 3296 2438 3350 vita
2494 3296 2723 3366 quietem
2792 3305 2847 3351 et
2904 3298 3256 3365 modestiam,
3312 3299 3533 3353 multam
3601 3316 3743 3353 lltllllt

2335 3388 2701 3443 exbibeamus.
2749 3386 2946 3458 Regem
2996 3391 3193 3460 quippe
3252 3389 3541 3455 habemus,
3589 3390 3676 3460 qui
3733 3409 3744 3445 ι

2336 3481 2511 3534 omnia
2544 3488 2798 3549 perpetuo
2840 3479 3092 3534 intuetur.
3125 3478 3193 3536 Ut
3241 3482 3417 3550 itaque
3453 3497 3661 3550 semper
3689 3482 3735 3534 In

2337 3587 2434 3625 nos
2488 3572 2766 3634 illuminet,
2821 3572 2959 3625 lumc
3004 3571 3155 3635 nobis
3201 3573 3403 3626 radium
3447 3573 3743 3627 attrahamn

2336 3663 2477 3716 enim
2516 3673 2568 3716 ct
2606 3663 2954 3731 praesentibus
2981 3673 3033 3717 et
3054 3662 3244 3717 futuris
3286 3665 3519 3718 fruemur
3539 3665 3707 3727 bonis,
3742 3706 3743 3709 η

2338 3763 2391 3805 et
2422 3751 2748 3821 benignitate
2798 3752 3007 3805 Domini
3042 3754 3207 3807 nostri
3233 3751 3358 3807 Jesu
3391 3752 3603 3818 Christi,
3635 3768 3726 3823 per

2337 3852 2391 3894 et
2417 3858 2535 3896 cum
2566 3858 2670 3910 quo
2710 3842 2850 3896 Patri
2882 3843 3051 3912 gloria
3078 3884 3093 3907 ,
3126 3858 3336 3912 unaque
3366 3843 3579 3912 Spiritui
3625 3859 3744 3897 sane

2340 3938 2530 3991 smcula
2574 3937 2910 3991 seculorum.
2940 3940 3130 3991 Amen.

2042 4143 2381 4205 HOMILIA
2429 4145 2536 4206 VI.

653 4265 704 4317 6.
740 4262 855 4316 Fuit
882 4263 1030 4316 homo
1059 4263 1239 4315 missus
1273 4279 1303 4314 a
1338 4260 1447 4315 Deo
1467 4304 1482 4327 ,
1528 4264 1610 4316 cui
1647 4280 1825 4317 nomen
1854 4274 1959 4316 erat
1989 4263 2233 4318 Joannes.

719 4360 936 4415 Joannis
966 4360 1205 4430 Baptist
1221 4360 1409 4414 missio.
1436 4358 1737 4429 Explicatur
1756 4360 1903 4424 illud,
1942 4357 2062 4412 Fuit
2080 4359 2238 4412 homo

654 4454 847 4507 missus
879 4468 909 4505 a
953 4453 1080 4507 Deo.
1108 4451 1212 4507 Cur
1251 4461 1299 4504 et
1335 4450 1586 4517 quomodo
1630 4450 1859 4504 Christus
1900 4451 2238 4505 testimonium

654 4546 864 4614 accipiat
893 4545 955 4597 ab
994 4545 1211 4599 homine.
1262 4542 1503 4596 Doctrina
1539 4544 1667 4596 nihil
1707 4543 1908 4611 prodest
1951 4544 2060 4597 sine
2100 4544 2241 4596 bonis

654 4635 1048 4703 operibus.—ln
1076 4634 1296 4690 exordio
1322 4635 1388 4689 de
1415 4634 1525 4688 Deo
1551 4634 1728 4689 Verbo
1749 4651 1867 4705 qua:
1894 4636 2161 4705 praecipua
2187 4645 2242 4690 et

657 4728 823 4796 magis
852 4728 1147 4782 necessaria
1188 4734 1341 4781 erant
1375 4725 1624 4794 loquutus
1653 4725 1978 4793 evangelista
2000 4767 2013 4790 ,
2056 4725 2244 4779 ordine

661 4817 983 4888 procedens,
1031 4817 1099 4883 ad
1144 4817 1300 4872 Verbi
1350 4831 1651 4886 prmconem
1714 4815 1813 4869 sibi
1870 4815 2241 4884 cognominem

657 4909 917 4963 Joannem
947 4916 1127 4975 postea
1160 4907 1322 4962 venit.
1371 4907 1448 4961 'l‘u
1480 4921 1600 4961 vera
1640 4921 1759 4960 cum
1804 4904 1955 4959 audis
1999 4905 2170 4973 ipsum
2214 4921 2243 4959 a

663 4999 773 5052 Deo
798 4997 1017 5052 missum
1045 4996 1237 5061 fuisse,
1275 4998 1407 5052 nihil
1436 4997 1722 5051 humanmn
1750 4997 1817 5051 ab
1842 5012 1906 5049 eo
1936 4997 2037 5051 dici
2068 5009 2241 5067 putes.

660 5090 773 5146 Non
800 5090 941 5145 enim
970 5104 1063 5143 sua
1084 5130 1097 5154 ,
1124 5089 1216 5143 sed
1243 5090 1499 5144 mittentis
1523 5106 1580 5144 se
1606 5089 1743 5143 dicta
1769 5088 1991 5158 profert.
2018 5087 2247 5159 Ideoque

662 5184 880 5253 angelus
909 5181 1205 5253 appellatus
1234 5191 1318 5236 est
1360 5197 1375 5233 :
1418 5182 1592 5251 angeli
1635 5196 1761 5235 vero
1789 5182 1901 5234 sive
1932 5180 2100 5234 nuntii
2132 5181 2249 5233 olli-

662 5277 801 5329 eium
829 5285 940 5337 est,
973 5274 1103 5327 nihil
1129 5289 1193 5328 ex
1220 5288 1279 5328 se
1302 5272 1499 5329 dicere.
1529 5273 1661 5328 lllud
1692 5282 1868 5326 autem
1893 5314 1905 5335 ,
1940 5271 2096 5336 Fuit,
2143 5287 2246 5325 non

666 5366 751 5420 hic
780 5364 844 5419 ad
882 5364 1247 5417 exsisteutiant
1279 5364 1554 5417 transitum
1583 5365 1842 5434 significat
1866 5406 1878 5427 ,
1910 5363 2003 5418 sed
2036 5363 2247 5415 missio-

667 5473 788 5512 nem
821 5457 1010 5525 ipsam.
1043 5453 1173 5508 Nam
1203 5452 1331 5507 illud
1354 5493 1369 5517 ,
1405 5452 1525 5507 Fuit
1565 5456 1746 5509 missu:
1774 5473 1805 5507 a
1835 5454 1973 5519 Deo,
2020 5454 2245 5521 idipsum

667 5558 747 5601 est
778 5545 954 5618 quod,
996 5544 1184 5600 Missus
1221 5554 1303 5599 est
1339 5559 1367 5597 a
1412 5544 1537 5599 Deo.
1572 5545 1847 5611 Quomodo
1887 5547 2044 5617 igitur
2075 5543 2239 5610 illud,

671 5637 768 5704 Qui
795 5654 905 5689 rum
936 5638 987 5690 in
1016 5637 1180 5706 forma
1223 5634 1313 5689 Dei
1352 5645 1475 5688 esset
1507 5633 1773 5708 (Philipp.
1815 5636 1869 5689 2.
1912 5636 2020 5706 6),
2063 5637 2242 5690 dicunt

2341 4279 2446 4319 non
2485 4264 2700 4335 intelligi
2729 4264 2795 4320 de
2822 4266 3123 4334 aequalitate
3162 4266 3278 4321 Filii
3309 4282 3429 4321 cum
3462 4266 3643 4333 Patre,
3682 4282 3743 4321 eo

2341 4356 2599 4410 articulus
2626 4372 2729 4409 non
2759 4357 3092 4425 apponatur?
3120 4358 3254 4412 Ecce
3279 4359 3420 4412 enim
3465 4358 3547 4412 hic
3573 4374 3739 4427 quoqu

2344 4446 2423 4500 lus
2452 4446 2603 4501 adest
2630 4448 2903 4501 articulus.
2951 4450 3031 4501 An
3074 4448 3231 4517 igitur
3270 4449 3356 4503 hic
3400 4450 3467 4503 de
3505 4450 3651 4504 Patre
3693 4467 3741 4504 ιι(

2342 4540 2558 4592 sermo?
2583 4538 2717 4606 Quid
2744 4555 2872 4609 ergo
2897 4539 3136 4594 dicemus
3161 4541 3227 4596 de
3256 4541 3509 4609 propheta
3535 4543 3618 4611 qui
3643 4543 3712 4595 ait
3739 4561 3744 4595 :

2344 4645 2433 4697 ego
2464 4630 2604 4682 ntitto
2628 4631 2863 4697 angelum
2887 4647 3054 4683 meum
3077 4640 3193 4684 ante
3217 4633 3395 4702 faciem
3423 4643 3578 4696 tuam,
3603 4636 3683 4703 qui
3709 4653 3743 4702 pa

2343 4718 2473 4771 rabit
2502 4719 2632 4771 viam
2659 4729 2797 4773 tuam
2829 4719 2982 4791 (Mal.
3014 4721 3068 4775 3.
3100 4722 3121 4776 l
3156 4722 3216 4791 )?
3250 4721 3378 4776 lllud
3427 4739 3593 4777 meum
3635 4734 3683 4777 et
3721 4732 3743 4777 ι

2345 4810 2477 4864 duas
2504 4827 2759 4880 personas
2787 4812 3047 4882 significat
3076 4831 3091 4865 :
3124 4814 3176 4868 7.
3204 4812 3304 4867 Hic
3332 4815 3461 4867 venit
3486 4816 3537 4867 in
3560 4817 3743 4868 testimo

2346 4914 2399 4956 ut
2427 4904 2763 4957 testimonium
2784 4904 3070 4973 perhiberet
3097 4905 3160 4958 de
3187 4906 3392 4958 tantine.
3432 4905 3563 4972 Quid
3603 4906 3697 4961 hoc
3715 4948 3727 4971 ,

2348 4993 2568 5049 fortasse
2617 4994 2914 5064 quispiam,
2962 5009 3146 5049 servus
3192 4996 3260 5049 de
3306 4996 3520 5050 domino
3562 4998 3744 5050 testimt

2348 5086 2627 5153 perhibet?
2655 5086 2784 5139 Cum
2812 5102 2939 5156 ergo
2967 5100 3070 5139 non
3098 5085 3256 5139 modo
3283 5086 3430 5139 illum
3459 5087 3589 5141 servi
3617 5088 3743 5141 testi:

2349 5175 2614 5245 perhiberi
2646 5177 2884 5241 videbis,
2926 5178 3017 5233 Sed
3048 5178 3207 5233 etiam
3245 5179 3310 5233 ad
3351 5195 3556 5233 servum
3598 5181 3744 5234 veniri

2348 5284 2468 5322 cum
2485 5268 2684 5325 Jndzeis
2705 5271 2878 5324 abillo
2902 5271 3177 5339 baptizari,
3197 5286 3372 5324 annon
3398 5272 3559 5340 magis
3578 5272 3743 5340 obstur

2348 5368 2401 5414 et
2429 5360 2727 5416 dubitabis?
2754 5360 2855 5417 Sed
2888 5378 2993 5416 non
3020 5371 3231 5431 oportet
3252 5363 3449 5418 turbari
3472 5364 3547 5418 vel
3573 5379 3744 5418 comnu

2347 5461 2404 5506 at
2446 5453 2621 5522 petius
2664 5453 2779 5522 ejus
2825 5452 3142 5507 ineffabilem
3192 5454 3561 5524 benignitatem
3607 5456 3743 5510 mira:

2351 5558 2479 5597 vero
2506 5545 2623 5614 quis
2648 5542 2839 5597 dubius
2869 5543 2920 5597 in
2952 5545 3346 5613 perturbatione
3385 5557 3619 5612 maneat,
3658 5546 3701 5600 id
3731 5547 3743 5599 i

2352 5644 2468 5700 cet,
2499 5633 2637 5703 quod
2668 5632 2852 5688 Joanui
2883 5651 2895 5688 :
2929 5634 3053 5690 Sine
3080 5636 3229 5691 modo
3259 5652 3279 5690 :
3299 5639 3369 5690 sic
3397 5639 3523 5692 enim
3547 5640 3669 5692 decet
3698 5654 3744 5692 uc
