4000 6210
260 263 323 316 δι
1107 244 1172 300 IN
1209 240 1520 300 JOANNEM
1562 239 1789 297 llOMlL.
1825 241 1878 294 \‘l

1986 242 2039 296 2T
2083 241 2192 295 Vll.
2232 242 2303 296 al.
2347 243 2410 298 ν.
2454 241 2541 298 ΕΤ
2585 241 2667 298 Vl.
3499 253 3565 305 δᾳ,

266 380 409 446 plere
434 385 633 424 omnem
655 363 910 437 justitiam
939 357 1166 429 (Matth.
1197 357 1250 411 5.
1287 355 1406 426 l5).
1439 353 1588 422 Quod
1619 354 1660 406 si
1703 351 1870 421 magis

263 440 443 520 adhuc
471 459 731 520 turbetur,
763 453 905 506 dicet
947 448 1020 502 illi
1053 460 1262 500 rursum
1307 443 1358 499 id
1397 442 1537 512 quod
1566 441 1764 496 Judaeis
1791 440 1872 494 di-

263 557 460 612 cebat.
503 549 555 602 Ν
563 565 625 602 οη
654 546 718 598 ab
746 543 949 595 homine
977 537 1314 592 testimonium
1350 533 1544 601 accipio
1591 529 1780 602 (Joan.
1813 531 1868 585 5.

261 645 400 715 54).
430 643 485 698 Si
515 654 644 709 ergo
675 637 778 689 hoc
811 629 1118 686 teSIimonio
1163 641 1266 680 non
1312 632 1464 694 eget,
1509 639 1604 677 cur
1640 622 1870 675 Joannes

266 714 470 792 missus
497 743 579 786 est
606 746 636 783 a
668 727 814 783 Deo?
862 723 976 778 Non
1020 719 1162 790 quod
1206 718 1321 786 ejus
1361 714 1662 769 testimonio
1692 723 1869 782 egeret

266 831 284 897 (
315 828 367 880 id
396 827 540 880 enim
569 823 769 882 dicere,
800 825 1057 870 extremae
1087 809 1374 879 impietatis
1399 807 1564 876 esset)
1589 848 1603 870 ,
1643 805 1734 858 sed
1778 819 1872 857 cur

268 917 530 974 tandem?
560 914 689 969 Illud
719 914 832 982 ipse
857 908 1090 962 Joannes
1110 903 1288 966 docet,
1308 917 1429 955 cum
1460 900 1530 952 ait
1563 917 1574 951 :
1604 897 1672 952 Ut
1701 914 1871 950 omnes

270 1011 529 1066 crederent
560 1023 648 1076 per
672 1003 817 1058 illum
837 1006 877 1054 ³.
907 999 1022 1068 Ipse
1051 1011 1178 1050 vero
1195 993 1438 1049 Christus
1466 1005 1585 1044 cum
1615 989 1868 1051 dixisset,

271 1099 396 1156 Non
425 1103 490 1152 ab
517 1098 720 1150 homine
746 1090 1084 1146 testimonium
1111 1085 1326 1154 accipio,
1358 1097 1425 1137 ne
1451 1081 1588 1151 apud
1619 1080 1870 1148 insipien-

272 1193 438 1245 Iiores
481 1188 583 1242 sibi
634 1185 734 1255 ipsi
784 1192 1083 1249 repugnare
1118 1175 1420 1236 videretur;
1460 1186 1579 1225 cum
1621 1184 1761 1224 nunc
1792 1168 1874 1222 di-

271 1291 357 1333 cat
390 1279 567 1334 :Alius
595 1285 668 1330 est
684 1275 770 1344 qui
783 1269 1117 1325 testimonium
1135 1265 1353 1336 perhibet
1367 1264 1426 1316 de
1441 1278 1518 1316 me
1538 1265 1610 1329 :iet
1631 1262 1733 1314 scio
1753 1261 1872 1329 quia

269 1387 442 1424 verum
467 1379 540 1422 es:
567 1365 904 1420 testimonium
922 1362 1030 1427 ejus
1052 1356 1228 1429 (Joan.
1256 1355 1309 1409 5.
1341 1354 1449 1423 52),
1479 1352 1545 1407 de
1571 1351 1775 1406 Joanne
1794 1351 1874 1403 lo-

269 1478 476 1531 quens;
501 1474 643 1513 nunc
667 1470 819 1520 vero,
845 1453 965 1506 Non
986 1452 1050 1504 ab
1070 1449 1271 1503 homine
1292 1446 1624 1499 testimonium
1653 1443 1868 1510 accipio,

271 1555 594 1607 solutionem
627 1563 749 1602 mox
781 1544 964 1613 adjicit
991 1542 1175 1596 dicens
1212 1556 1227 1590 :
1257 1535 1363 1591 Sed
1389 1535 1496 1588 hac
1525 1535 1636 1586 dico
1671 1541 1871 1602 prapter

275 1663 390 1710 eos,
419 1656 473 1697 ut
517 1643 638 1696 salui
667 1640 809 1704 sitis,-
850 1651 914 1690 ac
943 1635 988 1689 si
1019 1634 1218 1688 diceret
1249 1649 1263 1685 :
1293 1630 1434 1683 Deus
1476 1641 1592 1680 sum
1615 1667 1631 1692 ,
1680 1632 1733 1679 et
1775 1622 1868 1677 Dei

279 1753 448 1792 verus
477 1736 654 1795 Filius,
686 1749 750 1787 ex
785 1727 1082 1785 substantia
1126 1725 1214 1779 illa
1257 1720 1544 1777 immortali
1584 1728 1637 1773 et
1678 1717 1866 1779 beata,

282 1829 584 1896 nulliusqoe
609 1821 911 1878 testimonio
938 1832 1087 1888 egeo.
1117 1815 1228 1869 Etsi
1257 1813 1399 1867 enim
1429 1824 1584 1865 nemo
1607 1808 1656 1862 id
1686 1807 1872 1862 testifi-

275 1917 389 1971 rari
419 1917 598 1981 vellet,
624 1915 677 1968 iu
700 1912 844 1966 nullo
873 1909 1165 1965 secundum
1195 1913 1441 1958 naturam
1468 1901 1642 1954 minor
1669 1913 1864 1952 essem.

274 2012 409 2077 Quia
434 2023 563 2062 vero
583 2007 870 2060 multorum
894 2003 1041 2056 salus
1067 1999 1194 2055 mihi
1216 2012 1360 2052 cura:
1383 2005 1486 2059 est,
1512 1992 1634 2047 ideo
1656 1994 1710 2046 in
1734 1991 1871 2046 hanc

277 2119 363 2157 me
382 2102 572 2156 demisi
597 2099 972 2160 humilitatem,
1000 2103 1055 2148 ut
1081 2091 1286 2147 homini
1312 2087 1671 2144 testimonium
1696 2084 1763 2139 de
1785 2099 1871 2138 me

279 2191 557 2247 ferendum
604 2189 1016 2245 committerem.
1064 2183 1195 2237 Nam
1239 2186 1513 2249 perspecta
1562 2175 1870 2232 Judteorum

280 2283 649 2338 imbecillitate
670 2322 684 2344 ,
718 2281 796 2334 sic
822 2278 1026 2332 facilior
1056 2273 1188 2328 fides
1212 2273 1262 2327 in
1291 2285 1411 2326 eum
1452 2268 1626 2322 futura
1653 2265 1873 2320 videba-

279 2389 388 2430 tur.
419 2375 577 2429 Sicut
602 2374 762 2442 igitur
788 2383 997 2424 carnem
1031 2366 1232 2429 induit,
1269 2378 1336 2418 ne
1364 2376 1484 2417 cum
1514 2358 1654 2414 nuda
1683 2357 1874 2412 divini-

280 2477 395 2521 tate
427 2477 780 2534 congressus,
811 2475 992 2514 omnes
1032 2456 1317 2528 perderet;
1361 2453 1437 2507 sic
1475 2460 1531 2507 et
1572 2464 1870 2521 praeconem

280 2559 430 2613 misit
459 2557 753 2617 hominem,
777 2562 832 2606 ut
851 2563 1203 2620 congenerem
1229 2547 1330 2601 sibi
1359 2559 1545 2599 vocem
1572 2541 1868 2604 audientes,

281 2651 490 2703 facilius
522 2650 556 2701 ii
584 2647 672 2717 qui
703 2655 824 2698 tunc
851 2642 1138 2696 audiebant
1176 2637 1513 2693 accederent.
1553 2633 1683 2689 Nam
1729 2631 1872 2703 quod

280 2759 392 2796 non
421 2741 559 2793 illius
587 2738 892 2792 testimonio
924 2748 1057 2802 Opus
1083 2731 1342 2801 haberet,
1375 2727 1476 2782 hoc
1502 2725 1672 2780 solum
1712 2723 1873 2777 modo

282 2832 493 2887 ostendi
533 2837 772 2899 poterat,
804 2827 847 2880 si
887 2837 1078 2892 nempe
1113 2836 1176 2876 se
1217 2819 1359 2874 nuda
1401 2815 1695 2872 substantia
1725 2812 1873 2868 exhi~

285 2925 524 2988 buisset,
557 2933 854 2986 omnesque
893 2918 944 2970 itt
987 2924 1258 2984 stuporem
1303 2908 1640 2978 conjecisset.
1678 2906 1871 2960 Verum

283 3016 335 3070 id
364 3030 469 3068 non
496 3013 656 3074 fecit,
683 3009 934 3080 quoniam
955 3048 970 3071 ,
995 3015 1052 3059 ιιι
1074 3003 1290 3073 jamjatn
1317 3001 1456 3066 dixi,
1482 3011 1669 3053 omnes
1698 2996 1876 3065 perdi-

285 3109 452 3161 disset
475 3149 489 3170 ,
518 3104 659 3174 quod
689 3117 848 3156 nemo
873 3103 1053 3168 posset
1080 3097 1407 3150 inaccessam
1439 3091 1580 3145 illam
1609 3088 1742 3142 lucis
1768 3086 1872 3138 vim

285 3199 453 3252 ferre.
488 3195 610 3248 Ideo
639 3207 857 3246 carnem
890 3189 1057 3242 induit
1077 3229 1092 3250 ,
1123 3195 1176 3240 et
1207 3182 1570 3239 testimonium
1606 3178 1674 3232 de
1713 3192 1772 3230 se
1801 3175 1878 3229 fe-

285 3289 445 3344 rendi
490 3287 720 3341 cilicium
768 3283 856 3336 uni
901 3292 1280 3335 conservorum
1322 3283 1630 3329 nostrorum
1677 3268 1872 3332 tradit,

284 3382 415 3451 quia
441 3379 614 3432 omnia
636 3376 698 3429 ad
726 3375 953 3429 salutem
983 3370 1254 3424 hominum
1280 3374 1529 3435 operatus
1550 3369 1631 3416 est
1657 3376 1671 3415 :
1707 3372 1877 3426 neque

283 3495 398 3532 sua:
427 3472 669 3544 dignitati
698 3480 900 3524 tantum
919 3509 934 3530 ,
965 3466 1055 3520 sed
1085 3464 1243 3519 etiam
1271 3459 1570 3515 auditorum
1609 3453 1785 3523 captui
1825 3459 1879 3506 et

282 3568 503 3624 utilitati
529 3564 798 3621 consuluit
827 3580 839 3615 :
871 3558 1011 3629 quod
1038 3566 1093 3612 et
1122 3555 1234 3624 ipse
1259 3550 1602 3607 subindicans
1625 3545 1833 3601 dicebat
1860 3562 1875 3598 :

291 3659 420 3713 Haec
447 3658 566 3710 dico
595 3665 797 3725 propter
836 3668 922 3705 uos
941 3691 955 3713 ,
999 3658 1054 3702 ut
1083 3643 1364 3701 saluemini.
1410 3641 1479 3695 Et
1515 3636 1838 3709 evangelista
1859 3674 1874 3697 ,

283 3752 376 3819 qui
405 3765 469 3803 ea
499 3750 612 3816 ipsa
636 3788 652 3808 ,
681 3759 800 3814 qua:
831 3741 1102 3803 Dominus,
1137 3736 1388 3805 loquitur,
1419 3739 1695 3802 postquam
1731 3726 1881 3780 dixe-

286 3817 397 3904 rat,
434 3838 502 3895 Ut
535 3837 874 3892 testimonium
902 3832 1180 3900 perhiberet
1205 3828 1269 3880 de
1306 3824 1497 3879 lumine
1519 3862 1535 3886 ,
1566 3817 1836 3889 subjunxit
1861 3858 1876 3880 ,

288 3931 355 3988 Ut
399 3946 577 3985 omnes
603 3928 856 3982 crederent
895 3941 983 3994 per
1008 3938 1118 3977 eum
1135 3939 1155 3988 ;
1185 3933 1248 3974 ac
1275 3918 1319 3972 si
1350 3915 1553 3971 diceret
1583 3933 1595 3963 :
1626 3911 1702 3966 Ne
1729 3919 1880 3981 putes

349 4064 367 4095 ³
407 4061 462 4111 In
500 4060 611 4109 aliis
643 4059 868 4120 legitur;
892 4056 983 4106 sed
1025 4068 1112 4106 cur
1150 4061 1355 4104 Joannes
1379 4047 1537 4107 addit,
1571 4063 1593 4092 tt
1622 4051 1680 4095 Ut
1721 4055 1882 4094 omnes

283 4127 548 4173 crederent
567 4134 652 4182 per
674 4118 811 4169 illum
839 4118 864 4169 ?
886 4136 907 4163 ι

286 4215 2284 4260 _______________________.___.._

1981 350 2103 407 ideo
2147 353 2547 407 testificaturum
2586 355 2797 408 venisse
2823 354 3081 411 Joannem
3131 357 3419 429 Baptistam
3445 403 3458 424 .
3507 379 3558 418 ttt

1974 443 2173 512 aliquid
2213 443 2335 498 fidei
2374 445 2551 499 verbis
2591 445 2798 498 Domini
2840 445 3102 501 adderet:
3134 464 3240 503 non
3283 462 3562 521 preptetea

1975 535 2152 598 venit,
2199 533 2293 588 sed
2335 544 2392 588 ut
2429 536 2752 590 contribules
2793 538 2872 590 sui
2917 553 3012 607 per
3051 539 3220 608 ipsum
3258 542 3561 597 crederent.

1975 626 2125 692 Quod
2157 637 2330 682 autem
2357 627 2423 681 ad
2455 644 2569 681 eam
2601 627 2890 682 tollendam
2930 631 3286 701 suspicionem
3331 634 3443 688 hare
3482 635 3559 690 di-

1978 719 2131 781 xerit,
2155 735 2220 772 ex
2243 719 2584 788 sequentibus
2606 729 2813 774 constat
2837 738 2849 772 :
2873 721 3019 776 addit
3040 725 3179 777 enim
3201 725 3288 780 :8.
3314 724 3435 780 Non
3455 738 3561 780 erat

1976 810 2060 862 illc
2085 809 2192 862 lux.
2221 809 2332 863 Nisi
2358 810 2500 863 enim
2543 811 2699 878 hujus
2727 810 3001 880 abigende;
3039 815 3354 883 suspicionis
3391 818 3556 886 gratia

1978 899 2090 955 haec
2116 898 2368 964 dixisset,
2400 900 2723 968 superﬂuum
2768 901 2868 956 hoc
2894 911 3038 957 esset
3062 943 3075 966 ,
3121 913 3174 958 et
3214 906 3380 975 magis
3409 923 3562 977 repe-

1978 992 2092 1042 titio
2123 1005 2278 1058 quam
2309 991 2593 1060 explicatio
2620 990 2896 1046 doctrinae.
2937 992 3070 1048 Cum
3112 994 3338 1051 dixisset
3375 999 3514 1052 enim
3540 1041 3555 1062 ,

1976 1083 2164 1136 Missus
2191 1091 2270 1136 est
2317 1081 2383 1137 Ut
2412 1084 2748 1136 testimonium
2788 1085 3063 1154 perhiberet
3101 1087 3164 1140 de
3201 1088 3422 1154 lumine,
3463 1105 3559 1144 cur

1979 1174 2166 1226 iterum
2191 1172 2356 1236 dicit,
2396 1171 2511 1225 Non
2543 1182 2648 1225 erat
2687 1175 2772 1228 ille
2798 1174 2927 1228 lux?
2953 1175 3066 1230 Non
3095 1175 3286 1233 frustra
3319 1195 3416 1234 nec
3443 1181 3558 1235 sine

1975 1279 2135 1318 causa
2168 1282 2180 1317 :
2211 1264 2304 1318 sed
2331 1264 2451 1333 quia
2487 1263 2793 1332 frequenter
2821 1266 2959 1335 apud
2988 1282 3084 1320 nos
3108 1269 3278 1336 major
3301 1280 3377 1324 est
3408 1272 3451 1326 is
3471 1276 3557 1341 qui

1976 1355 2309 1417 testificatur,
2363 1370 2520 1423 quam
2567 1355 2657 1409 ille
2701 1356 2768 1410 de
2811 1372 2916 1425 quo
2961 1360 3318 1412 testimonium
3369 1360 3554 1426 fertur,

1980 1448 2187 1517 fideque
2216 1447 2425 1516 dignior
2453 1447 2769 1517 plerumque
2799 1447 3006 1502 videtur
3032 1464 3152 1504 esse
3197 1468 3210 1503 :
3253 1467 3319 1505 ne
3345 1452 3462 1521 quis
3491 1451 3560 1507 tle

1975 1539 2178 1593 Joanne
2211 1538 2262 1591 id
2295 1538 2678 1607 suspicaretur,
2720 1538 2896 1591 statim
2927 1554 2956 1593 a
2986 1540 3244 1608 principio
3273 1540 3410 1596 hanc
3446 1558 3560 1596 ma-

1977 1631 2078 1684 lam
2109 1629 2464 1698 suspicionem
2499 1629 2657 1692 tollit,
2679 1644 2847 1699 eaque
2873 1629 3126 1685 radicitus
3151 1633 3352 1695 evulsa,
3381 1642 3560 1688 osten-

1974 1722 2051 1775 dit
2076 1724 2195 1792 quis
2225 1721 2365 1776 sitis
2388 1722 2476 1790 qui
2501 1719 2834 1788 testiﬁcatur,
2875 1732 2928 1776 et
2966 1722 3086 1792 quis
3122 1724 3210 1778 ille
3247 1725 3314 1779 de
3348 1741 3454 1796 quo
3481 1735 3554 1781 te-

1973 1817 2282 1870 stimonium
2332 1813 2520 1880 fertur,
2569 1827 2624 1868 et
2671 1824 2924 1884 quantum
2976 1816 3044 1869 sit
3091 1815 3228 1870 inter
3278 1829 3560 1888 utrumque

1974 1909 2282 1963 discrimen.
2316 1908 2392 1961 Ac
2420 1915 2697 1975 postquam
2726 1905 2828 1960 hoc
2856 1907 3005 1971 fecit,
3048 1908 3388 1979 ostenditque
3419 1911 3560 1965 illius

1973 1999 2445 2068 incomparabilem
2490 1997 2896 2063 excellentiam,
2945 1998 3174 2054 fidenter
3208 2000 3318 2070 jam
3367 2012 3557 2057 caetera

1976 2091 2315 2160 prosequitur
2343 2108 2356 2143 :
2389 2097 2445 2144 et
2479 2089 2524 2142 si
2563 2089 2686 2158 quid
2722 2089 2936 2144 absurdi
2979 2091 3400 2160 insipientiorum
3440 2094 3559 2148 ani-

1978 2197 2092 2238 mos
2121 2183 2353 2246 subiret,
2384 2181 2485 2236 hoc
2513 2181 2797 2251 diligenter
2834 2183 3071 2250 sublato,
3116 2186 3269 2241 facile
3309 2186 3561 2259 deinceps

1977 2282 2031 2328 et
2072 2273 2186 2328 sine
2230 2273 2381 2326 obice
2420 2273 2673 2326 doctrina:
2713 2273 2930 2327 verbum
2970 2275 3225 2331 iuttuittit.
3275 2277 3561 2334 Precemor

1978 2366 2181 2434 itaque,
2217 2374 2274 2418 ut
2303 2379 2422 2418 cum
2453 2373 2716 2418 tantarum
2745 2365 3072 2420 revelatione
3099 2383 3306 2432 rerum,
3335 2379 3560 2439 cumque

1977 2473 2104 2512 sana
2130 2467 2378 2526 rectaque
2405 2457 2645 2511 doctrina
2672 2458 2834 2510 vitam
2863 2473 3072 2527 quoque
3093 2474 3276 2529 puram
3303 2471 3561 2516 sanctam-

1975 2564 2077 2618 que
2099 2548 2374 2602 ducamus.
2403 2547 2649 2602 Doctrina
2671 2548 2865 2618 quippe
2887 2549 3014 2602 nihil
3039 2549 3190 2604 nobis
3210 2551 3425 2620 prodest
3445 2553 3560 2607 sine

1977 2640 2131 2694 bonis
2155 2639 2428 2708 operibus.
2453 2636 2602 2692 Licet
2627 2640 2769 2692 enim
2793 2638 2950 2694 fidem
2978 2640 3234 2709 integram
3264 2641 3562 2711 Scriptura-

1977 2747 2202 2801 rumque
2228 2733 2624 2801 intelligentiam
2655 2741 2952 2798 teneamus,
2983 2733 3024 2786 si
3054 2732 3205 2788 home
3239 2735 3360 2788 vitae
3385 2744 3562 2805 patro-

1977 2824 2119 2879 cinio
2160 2823 2283 2877 nudi
2311 2833 2366 2878 et
2391 2823 2542 2877 vacui
2577 2823 2780 2889 simus,
2823 2821 2952 2877 nihil
2993 2823 3245 2894 impediet
3281 2827 3563 2895 quominus

1979 2918 2030 2971 itt
2081 2915 2340 2986 gehennae
2385 2916 2558 2985 ignem
2585 2915 2917 2983 dejiciamur,
2948 2923 3003 2970 et
3039 2916 3090 2970 iu
3128 2915 3388 2971 infinitum
3415 2919 3563 2973 inex-

1979 3005 2266 3075 stinguibili
2315 3005 2528 3059 flamma
2579 3006 2976 3059 comburamur.
3026 3006 3173 3060 Sicut
3211 3008 3351 3061 enim
3394 3009 3428 3063 ii
3471 3011 3562 3077 qui
3645 3038 3647 3040 -

1980 3097 2116 3150 bona
2144 3103 2397 3162 egerunt,
2439 3104 2722 3162 resurgent
2757 3096 2808 3146 in
2849 3097 3011 3148 vitam
3050 3105 3335 3160 aeternam;
3375 3101 3450 3152 sic
3493 3101 3563 3153 illi

1980 3186 2068 3256 qui
2091 3184 2354 3239 contraria
2377 3184 2489 3236 ausi
2511 3191 2635 3236 sunt
2651 3225 2665 3248 ,
2691 3183 2742 3236 in
2770 3195 3028 3237 internum
3045 3195 3100 3238 et
3117 3201 3380 3254 nunquam
3405 3187 3563 3242 finem

1984 3275 2283 3337 habiturum
2306 3274 2640 3344 supplicium.
2668 3273 3022 3341 Quamobrem
3046 3290 3203 3330 omne
3221 3278 3566 3335 adhibeamus

1981 3368 2244 3434 studium,
2287 3375 2344 3420 ut
2375 3382 2441 3422 ne
2471 3366 2674 3421 lucrum
2705 3367 2859 3422 nobis
2897 3383 2964 3424 ex
3002 3378 3144 3425 recta
3183 3370 3284 3426 ftde
3322 3383 3526 3442 partum
3549 3417 3563 3438 ,

1982 3474 2203 3529 operum
2231 3458 2488 3528 pravitate
2514 3456 2920 3522 labefactemus;
2949 3459 3040 3514 sed
3062 3475 3182 3515 cum
3210 3461 3297 3515 hic
3321 3463 3405 3532 pie
3431 3465 3568 3519 vixe-

1983 3552 2169 3617 rimus,
2199 3549 2469 3604 Christum
2496 3564 2616 3603 cum
2642 3549 2834 3604 ﬁducia
2871 3549 3165 3616 videamus,
3209 3554 3291 3608 cui
3336 3555 3566 3610 beatitu-

1983 3641 2091 3694 dini
2122 3655 2215 3709 par
2241 3639 2372 3694 nihil
2403 3655 2631 3708 unquam
2663 3639 2839 3695 fuerit.
2869 3639 3081 3696 Utinam
3110 3657 3208 3696 nos
3236 3658 3395 3715 supra
3425 3646 3567 3702 dicta

1984 3733 2298 3803 consequuti
2323 3733 2362 3797 ί,
2409 3733 2475 3785 ad
2519 3733 2740 3801 gloriam
2791 3732 2882 3786 Dei
2932 3735 3107 3789 omnia
3150 3735 3434 3802 faciamus,
3482 3743 3565 3793 Cui

1983 3827 2150 3894 gloria
2178 3839 2280 3878 una
2305 3838 2426 3878 cum
2460 3824 2734 3893 unigenito
2777 3822 2911 3878 Filio
2937 3834 2991 3880 et
3026 3825 3226 3896 Spiritu
3264 3841 3476 3895 sancto,
3517 3831 3565 3883 in

1986 3918 2177 3974 saecula
2208 3915 2545 3971 steculorum.
2575 3915 2766 3969 Amen.

2051 4036 2068 4067 ι
2104 4030 2230 4081 Alii:
2261 4026 2455 4097 Utinam
2492 4038 2598 4097 nos.
2622 4032 2766 4097 ruam
2789 4039 2938 4097 supra
2974 4027 3116 4097 dictis
3135 4042 3405 4097 _consonam
3427 4045 3570 4095 agen-

1987 4105 2073 4148 tes.
2093 4103 2181 4144 Pro
2211 4097 2418 4150 utraque
2445 4089 2660 4136 lectione
2677 4095 2808 4137 stant
2953 4089 3167 4152 plurimi.

3307 4216 3569 4230 ψ.-

1681 4295 2027 4361 HOMILIA
2064 4290 2198 4351 VII.

291 4465 345 4517 9.
395 4463 522 4518 Erat
555 4464 644 4515 (ua:
669 4478 816 4524 uera,
847 4473 960 4528 qum
1000 4457 1252 4510 illuminat
1295 4467 1491 4506 omnem
1521 4448 1771 4502 hominem
1800 4460 1884 4498 re-

727 4553 942 4606 nienlem
969 4551 1018 4602 in
1041 4551 1170 4601 hunc
1195 4546 1459 4600 mundum.

372 4717 398 4768 1
416 4755 430 4765 .
468 4712 761 4765 ﬂet/tadum
784 4705 1063 4762 disserendi
1085 4722 1115 4758 a
1141 4721 1193 4758 se
1217 4710 1512 4771 usurpatam
1533 4695 1707 4751 asserit
1727 4691 1892 4762 Chry-

291 4817 574 4861 ecstomus.
626 4796 1162 4866 lncomprehmsibilia
1207 4793 1301 4846 Dei
1345 4808 1446 4845 non
1489 4786 1782 4844 scrutanda.
1821 4813 1894 4825 --

297 4899 437 4950 Ideo
461 4937 477 4954 .
510 4889 845 4974 dilectissimi
885 4889 1008 4953 lilii,
1039 4902 1135 4939 vos
1180 4881 1476 4937 minutatim
1506 4887 1562 4934 ct
1595 4894 1689 4948 per
1719 4885 1894 4947 partes

291 4985 703 5053 Scripturaruut
730 4966 970 5036 doctrina
1003 4978 1291 5045 pascimus,
1326 4987 1496 5041 neque
1531 4968 1686 5023 simul
1717 4966 1893 5020 omnia

295 5075 636 5131 (Eundimus
660 5115 673 5137 ,
709 5082 765 5125 ut
795 5070 998 5125 faetlior
1040 5069 1193 5121 vobis
1221 5066 1291 5118 sit
1320 5063 1498 5118 emissi
1534 5060 1680 5114 verbi
1712 5068 1896 5114 custo-

296 5169 419 5220 clia.
450 5166 581 5219 Nam
615 5167 666 5218 itt
698 5162 969 5226 mdificiis,
1000 5160 1089 5229 qui
1131 5166 1416 5224 antequam
1453 5153 1658 5222 priores
1695 5149 1898 5220 lapides

295 5260 583 5327 conjuncti
614 5259 753 5320 sint,
785 5256 918 5308 alios
949 5249 1369 5322 superimponit,
1398 5261 1502 5301 non
1535 5245 1743 5298 firmum
1764 5284 1780 5308 ,
1805 5242 1899 5296 sed

298 5352 472 5406 facile
501 5353 761 5403 ruiturum
794 5348 950 5401 struit
984 5346 1274 5415 parietem;
1303 5342 1390 5411 qui
1421 5349 1597 5394 autem
1629 5343 1905 5406 exspectat

295 5442 486 5494 donec
514 5442 660 5494 calt-e
689 5440 986 5500 firmentur,
1017 5447 1070 5490 et
1096 5437 1172 5490 sic
1200 5434 1448 5504 paulatim
1477 5440 1672 5488 catlera
1699 5427 1900 5496 adjicit,

298 5545 508 5595 tutam,
537 5532 741 5584 ﬁrmam
763 5530 959 5598 diuque
979 5528 1286 5582 duraturam
1313 5525 1528 5580 domum
1559 5524 1773 5579 excitat.
1799 5519 1908 5575 Hos

298 5628 516 5678 mltum
551 5633 843 5676 structores
871 5631 925 5674 et
965 5634 1064 5674 nos
1104 5619 1390 5686 imitemur,
1423 5616 1719 5687 eodemque
1747 5613 1910 5669 modo

656 5741 918 5800 ΡΑτιιοι..
960 5736 1076 5794 Gtt.
1125 5733 1281 5792 LIX.

1992 4441 2198 4488 vestras
2226 4428 2547 4484 tedificemus
2585 4427 2789 4482 animas
2812 4430 2850 4482 ¹.
2885 4428 3161 4486 Timemus
3185 4433 3328 4487 enim
3349 4474 3364 4498 ,
3393 4450 3458 4488 ne
3489 4453 3577 4490 ro-

1994 4539 2121 4581 cens
2146 4538 2266 4578 cum
2295 4521 2366 4575 sit
2395 4520 2544 4589 prior
2567 4528 2853 4584 structura,
2883 4522 3131 4576 secundae
3161 4524 3356 4578 additae
3383 4541 3577 4594 specu-

1995 4619 2238 4681 lationes,
2264 4613 2468 4683 priores
2492 4612 2853 4682 pessumdent,
2881 4629 3000 4668 cum
3030 4630 3180 4669 mens
3207 4626 3434 4686 nequeat
3462 4635 3577 4671 om-

1997 4711 2084 4764 nia
2122 4706 2278 4762 simul
2320 4705 2615 4758 continere.
2644 4702 2782 4770 Quid
2824 4705 2983 4774 igitur
3023 4703 3179 4760 ltodie
3221 4706 3416 4760 lectum
3458 4716 3572 4775 est,

1999 4798 2126 4853 Erat
2156 4798 2246 4851 lux
2264 4812 2379 4850 vera
2402 4811 2513 4864 qtae
2535 4794 2786 4847 illuminat
2810 4811 3005 4848 ontnem
3035 4795 3287 4850 hominem
3309 4798 3581 4853 venientem

1997 4891 2050 4944 in
2090 4889 2223 4942 hunc
2263 4887 2528 4940 mundum.
2555 4884 2653 4951 Qui
2698 4885 2838 4938 enim
2885 4901 3044 4952 supra
3075 4886 3144 4941 de
3173 4886 3379 4944 Joanne
3406 4889 3582 4945 disse-

2001 4997 2143 5046 rens,
2178 4980 2388 5034 dicebat
2412 4993 2533 5033 eum
2565 4977 2795 5039 venisse,
2833 4976 2900 5031 Ut
2935 4979 3270 5033 testimonium
3306 4981 3584 5047 perhiberet

2002 5074 2065 5128 de
2093 5073 2312 5138 lumine,
2342 5081 2397 5126 et
2435 5084 2575 5124 nunc
2615 5071 2834 5123 missum
2875 5083 3032 5133 esse;
3075 5086 3141 5126 ne
3178 5073 3296 5141 quis
3337 5071 3452 5126 htcc
3488 5088 3584 5126 au-

2003 5165 2185 5225 diens,
2215 5163 2284 5217 ob
2313 5177 2572 5230 nuperum
2603 5160 2936 5213 testificantis
2966 5161 3281 5227 adventum,
3312 5161 3379 5216 de
3406 5177 3472 5217 eo
3501 5163 3584 5218 cui

2006 5254 2366 5310 testimonium
2401 5251 2666 5306 ferebatur
2697 5249 2923 5318 aliquam
2955 5251 3310 5319 suspicionem
3343 5253 3588 5307 admitte.

2009 5356 2110 5414 ret,
2145 5355 2349 5401 mentes
2377 5345 2583 5410 erexit,
2611 5353 2665 5397 et
2701 5341 2763 5396 ad
2793 5343 2936 5397 omni
2968 5342 3230 5414 principio
3259 5349 3587 5417 superiorem

2077 5503 2093 5532 ⁸
2129 5500 2202 5549 sic
2243 5497 2573 5570 Msshquidam
2596 5506 2752 5570 recte.
2777 5498 2918 5550 Savil.
2946 5510 3110 5570 autem
3130 5510 3182 5570 et
3203 5497 3364 5570 Morel.
3393 5535 3407 5559 ,
3431 5498 3590 5548 imita-

2013 5573 2200 5611 mur....
2241 5559 2558 5624 a‘diﬁcamus,
2596 5559 2800 5624 legunt;
2826 5576 2936 5624 qua:
2969 5563 3028 5612 ad
3060 5565 3241 5614 seriem
3269 5561 3591 5623 Cltrysostomt

2017 5635 2114 5671 non
2149 5631 2245 5672 tam
2266 5623 2394 5674 bene
2417 5623 2664 5686 quadrare
2681 5623 2923 5675 videntur.
