4012 6210
461 261 527 312 c5
1175 247 1233 302 S.
1273 244 1552 302 JOANNIS
1587 239 2054 302 CHRYSOSTOMI
2095 237 2412 296 ARCllIEP.
2455 241 2986 301 CONSTANTINOP.
3668 249 3738 301 6⁸

457 371 824 426 exsistentiam
851 363 1183 428 transmisit,
1217 377 1336 432 qua:
1370 359 1572 414 nullum
1605 357 1847 412 habitura
1877 354 2038 408 linem

459 475 559 518 ost.
591 464 657 518 Et
682 460 950 532 quomodo
981 466 1202 528 possunt
1234 455 1350 510 lure
1375 468 1527 518 esse,
1559 451 1792 522 inquies,
1825 463 1944 502 cum
1973 447 2040 502 sit

464 557 626 610 Filius
644 556 658 585 ¹
679 553 703 606 ‘l
724 553 799 608 De
824 553 933 606 Deo
954 549 1238 620 loquimur,
1263 557 1317 601 et
1341 554 1397 600 tu
1425 545 1718 613 interrogas
1737 537 2039 611 quomodo?

463 661 634 717 neque
665 646 821 700 times
845 643 930 698 vel
961 640 1263 697 horrescis?
1286 638 1366 692 Ad
1399 637 1534 703 lucc,
1563 637 1607 690 si
1637 635 1756 706 quis
1781 641 1982 703 qumrat
2009 646 2038 685 a

463 748 532 802 to,
555 735 823 807 quomodo
850 736 1042 788 animai
1062 741 1115 787 et
1133 745 1357 799 corpora
1385 726 1667 782 immortali
1693 727 1798 779 vita
1819 723 2039 778 fruitura

462 831 590 895 sint,
619 826 1088 896 interrogationem
1116 824 1263 878 illam
1288 821 1503 882 ridebis,
1532 818 1682 889 quasi
1713 830 1817 871 non
1846 816 1914 869 sit
1944 814 2042 867 hu-

462 934 634 974 mana:
663 917 857 974 mentis
885 929 1146 987 quaarere,
1170 912 1264 968 sed
1290 911 1510 966 credere
1538 918 1738 963 tantum
1759 915 2037 976 Oporteat;

461 1025 633 1081 neque
668 1010 866 1064 dictum
908 1006 1035 1060 illud
1077 1003 1304 1060 scrutari
1330 1044 1344 1066 ,
1375 1001 1527 1070 cujus
1556 999 1824 1054 sufficiens
1851 999 1920 1052 sit
1942 997 2038 1050 de-

461 1101 777 1155 monstratio
806 1097 1031 1153 dicentis
1068 1095 1304 1165 p0teutia
1329 1109 1344 1157 ;
1375 1092 1455 1145 sin
1485 1097 1662 1144 autem
1695 1087 1842 1141 illum
1869 1086 1958 1156 qui
1987 1096 2040 1140 et

459 1197 666 1250 animas
705 1203 759 1249 et
803 1205 1028 1260 corpora
1075 1188 1312 1251 creavit,
1357 1194 1412 1238 et
1458 1183 1598 1238 nulla
1641 1180 2039 1248 comparatione

460 1297 756 1340 creaturam
789 1283 1092 1337 universam
1123 1286 1448 1347 exsuperat,
1481 1275 1595 1330 sine
1633 1272 1892 1344 principio
1920 1284 2039 1325 esse

458 1375 716 1437 dicamus,
747 1382 802 1426 tu
832 1369 1184 1438 interrogabis
1209 1365 1476 1437 quomodo
1504 1363 1552 1417 id
1587 1365 1778 1416 factum
1805 1360 1911 1415 sit?
1938 1360 2040 1413 Ec-

457 1466 576 1534 quis
602 1479 746 1518 sana:
775 1462 968 1517 mentis
995 1461 1108 1515 haec
1138 1473 1258 1514 esse
1287 1456 1519 1512 dixerit?
1553 1455 1673 1526 quis
1701 1455 1835 1508 bene
1861 1452 2039 1506 valen-

459 1557 526 1609 tis
555 1555 718 1610 animi
746 1565 799 1609 et
827 1552 1131 1608 ratiocinii?
1161 1549 1396 1605 Audistis
1426 1548 1575 1611 illud,
1611 1547 1734 1600 Erat
1773 1545 1862 1599 tua:
1900 1561 2033 1598 vera.

459 1646 594 1712 Quid
628 1645 820 1700 frustra
848 1642 1164 1708 contendis,
1197 1650 1253 1694 ut
1283 1639 1540 1694 infinitam
1581 1638 1725 1692 illam
1757 1637 1915 1691 vitam
1949 1650 2035 1688 ra-

458 1735 674 1792 tiocinio
694 1733 1015 1804 assequaris,
1040 1747 1156 1801 quae
1179 1745 1282 1786 non
1311 1737 1483 1798 potest
1505 1727 1728 1797 attingi?
1747 1726 1872 1797 quid
1893 1742 2037 1795 qua:-

457 1828 528 1882 ris
556 1842 618 1882 ea
643 1842 763 1897 quae
793 1825 998 1895 exquiri
1025 1824 1336 1894 nequeunt?
1360 1839 1456 1876 cur
1482 1819 2034 1891 incomprehensibilia

453 1919 748 1972 scrutaris?
784 1933 879 1972 cur
916 1917 1194 1972 examines
1221 1931 1282 1970 ea
1311 1931 1429 1985 qua:
1457 1914 1693 1970 examini
1716 1929 1819 1968 non
1850 1913 2034 1982 subja-

453 2011 620 2066 cent?
643 2009 906 2066 Salarium
938 2008 1206 2064 radiorum
1236 2008 1481 2078 perquire
1505 2007 1768 2070 radicem;
1801 2019 1905 2059 non
1937 2019 2034 2073 po-

455 2099 584 2156 teris
611 2099 858 2169 assequi,
899 2114 1074 2169 neque
1115 2107 1291 2153 tamen
1331 2097 1653 2166 indignaris,
1685 2111 1858 2164 neque
1894 2111 2036 2164 mgre

453 2192 562 2246 fers
603 2191 1015 2245 imbecillitatem
1049 2201 1212 2244 tuam.
1252 2189 1358 2243 Cur
1390 2203 1516 2256 ergo
1546 2188 1596 2241 in
1624 2186 1910 2256 majoribus
1935 2201 2034 2239 au-

453 2286 553 2339 dax
581 2300 642 2338 es
667 2294 720 2338 et
751 2282 1100 2337 temerarius?
1128 2282 1360 2335 Joannes
1385 2281 1522 2334 lilius
1544 2279 1783 2343 tonitrui,
1810 2279 1898 2348 qui
1924 2278 2032 2346 spi-

453 2375 627 2430 rituali
659 2374 782 2427 tuba
809 2373 982 2438 canit,
1016 2372 1102 2426 ubi
1139 2370 1264 2424 illud
1284 2410 1300 2435 ,
1334 2369 1490 2433 Erat,
1521 2384 1548 2419 a
1576 2368 1772 2437 Spiritu
1803 2368 2030 2434 audivit,

453 2466 582 2520 nihil
612 2466 744 2519 ultra
773 2463 1018 2533 qumsivit
1047 2480 1060 2516 :
1089 2472 1146 2517 et
1185 2470 1238 2515 tu
1275 2475 1379 2514 non
1423 2459 1533 2528 pari
1572 2459 1738 2528 gratia
1769 2457 2030 2523 donatus,

448 2557 538 2626 qui
565 2571 630 2611 ex
675 2554 898 2610 inﬁrmis
939 2552 1230 2608 ratiociniis
1274 2551 1376 2605 tuis
1414 2549 1686 2618 loqueris,
1716 2548 2034 2618 cognitionis

451 2647 593 2701 illius
623 2646 910 2701 terminum
956 2641 1333 2699 transcendere
1375 2641 1621 2696 conaris?
1662 2639 1890 2709 Ideoque
1927 2655 2032 2693 non

450 2753 631 2806 parem
657 2740 704 2793 ei
727 2779 742 2802 ,
775 2753 934 2808 quam
978 2737 1068 2792 ille
1107 2735 1322 2800 habuit,
1363 2735 1600 2789 notitiam
1628 2749 1856 2802 unquam
1884 2747 2030 2787 asse-

447 2830 644 2899 queris.
677 2827 986 2899 llujusmodi
1017 2841 1246 2896 namque
1271 2835 1354 2881 est
1378 2825 1572 2880 diaboli
1603 2824 1867 2879 calliditas
1893 2841 1908 2881 :
1937 2837 2031 2878 eos

449 2920 540 2989 qui
567 2919 640 2974 illi
667 2919 1056 2988 obsequuntur,
1082 2927 1232 2974 extra
1264 2917 1519 2974 terminos
1544 2931 1573 2970 a
1605 2916 1712 2970 Deo
1742 2914 1893 2970 nobis
1933 2929 2028 2984 po-

448 3012 582 3067 sitos
608 3009 883 3077 transfert,
914 3010 1066 3081 quasi
1107 3009 1264 3079 longe
1290 3008 1540 3062 ulteriora
1568 3007 1826 3076 attingere
1856 3005 2028 3076 possi-

446 3117 599 3156 mus:
625 3109 903 3171 pestquam
925 3109 1100 3156 autem
1129 3099 1229 3154 hac
1255 3114 1350 3169 spe
1376 3099 1639 3153 inescatos
1662 3113 1690 3151 a
1715 3098 1887 3153 divina
1910 3112 2028 3167 gra-

447 3194 518 3247 tia
547 3192 790 3258 extrusit,
821 3201 946 3246 tunc
969 3191 1182 3246 domum
1212 3206 1316 3245 non
1346 3190 1505 3244 modo
1526 3190 1657 3245 nihil
1691 3189 1828 3243 ultra
1849 3189 2026 3255 addit;

444 3282 711 3351 quomodo
738 3283 878 3336 enim
909 3281 960 3336 id
992 3281 1228 3344 faceret,
1255 3280 1500 3335 diabolus
1524 3296 1643 3334 cum
1669 3279 1783 3334 sit?
1805 3279 1899 3333 sed
1929 3295 2027 3334 nec

444 3375 569 3428 sinit
595 3382 648 3426 ut
691 3372 759 3425 ad
802 3373 976 3441 priora
998 3413 1012 3433 ,
1046 3373 1098 3424 in
1125 3371 1276 3439 queis
1305 3378 1417 3422 tuto
1446 3368 1808 3432 versabantur,
1836 3367 2026 3422 redea-

446 3479 602 3527 mus;
632 3479 818 3518 verum
847 3464 1048 3516 circum
1078 3475 1286 3530 quaque
1322 3462 1428 3530 agit
1464 3469 1710 3513 errantes
1731 3499 1746 3524 ,
1776 3459 1866 3529 qui
1903 3475 2025 3514 nus-

447 3571 603 3626 quam
630 3555 926 3610 consistere
957 3554 1237 3623 possimus.
1271 3552 1360 3606 Sic
1399 3551 1624 3620 primum
1655 3562 1932 3620 parentem
1958 3566 2025 3604 ex

446 3645 691 3716 paradiso
726 3645 975 3701 excidere
1013 3645 1236 3699 curavit.
1266 3643 1398 3697 Cum
1436 3643 1578 3696 enim
1615 3643 1763 3696 illum
1794 3657 1887 3711 Spe
1915 3657 2028 3694 ma-

447 3737 575 3808 joris
604 3736 843 3792 scientia:
872 3744 930 3791 et
956 3734 1174 3791 honoris
1201 3733 1436 3789 inflasset
1459 3774 1473 3795 ,
1507 3734 1665 3788 etiam
1696 3733 1842 3787 ilhnn
1867 3734 1934 3786 ah
1964 3733 2028 3788 iis

445 3828 639 3899 quibus
680 3828 966 3898 tranquille
1007 3827 1277 3882 fruebatur
1313 3826 1490 3894 ejecit.
1531 3825 1646 3880 Non
1691 3824 1848 3878 modo
1885 3824 2024 3880 enim

448 3933 554 3974 non
583 3918 750 3972 factus
779 3927 862 3974 est
900 3918 1116 3988 a-qualis
1153 3917 1290 3980 Deo,
1324 3926 1379 3971 ut
1408 3917 1504 3986 ipsi
1539 3916 1902 3986 pollicebatur,
1932 3915 2024 3971 sed

447 4010 548 4065 sub
591 4010 778 4064 mortis
818 4009 1153 4081 tyrannidem
1195 4008 1459 4072 detrusit;
1499 4023 1597 4062 nec
1631 4008 1804 4062 solum
1837 4024 1864 4059 a
1897 4007 2022 4075 ligni

446 4117 538 4157 esu
580 4101 710 4156 nihil
755 4103 992 4172 accepit,
1024 4101 1118 4156 sed
1161 4101 1319 4156 etiam
1361 4116 1426 4157 ex
1473 4102 1556 4155 illa
1598 4117 1754 4170 quam
1800 4101 2028 4155 habebat

445 4194 668 4249 scientia
701 4207 805 4248 non
833 4208 1019 4263 parum
1048 4192 1262 4255 amisit,
1297 4191 1455 4260 idque
1483 4208 1578 4262 spe
1607 4191 1821 4260 majoris
1853 4191 2023 4260 adipi-

447 4285 678 4339 scenda}.
720 4283 850 4338 Nam
896 4291 1023 4338 tunc
1063 4284 1291 4352 primum
1333 4283 1400 4338 de
1440 4283 1676 4338 nuditate
1711 4284 2024 4338 erubescere

447 4373 644 4443 cmpit,
683 4387 802 4426 cum
846 4381 998 4428 antea
1043 4374 1189 4428 omni
1230 4373 1432 4442 pudore
1472 4383 1524 4426 et
1567 4374 1758 4427 rubore
1784 4373 2025 4442 superior

449 4463 654 4518 fuisset.
686 4464 815 4518 Illud
855 4465 1015 4520 etiam
1045 4463 1185 4533 quod
1216 4479 1274 4518 se
1302 4465 1500 4517 nmhun
1537 4479 1656 4519 esse
1693 4465 2020 4530 adverteret,

447 4557 587 4626 quod
618 4556 852 4611 vestibus
883 4555 1074 4610 exinde
1117 4565 1328 4625 egeret,
1358 4555 1523 4619 illud,
1557 4559 1799 4625 inquam,
1832 4565 1886 4611 et
1923 4557 2024 4610 alia

448 4644 672 4714 plurima
698 4645 865 4700 tristia
887 4645 1216 4700 acciderunt.
1240 4644 1391 4711 Quod
1416 4660 1481 4698 ne
1504 4646 1655 4698 nobis
1676 4663 1885 4715 quoque
1905 4661 2026 4700 con-

450 4737 650 4806 tingat,
682 4735 790 4790 Deo
819 4736 1276 4805 obtemperemus,
1317 4736 1434 4803 ejus
1475 4747 1736 4804 praecepta
1773 4738 2025 4791 observe-

449 4840 587 4890 mus,
614 4832 669 4879 et
697 4827 829 4880 nihil
857 4827 1084 4881 ulterius
1109 4827 1323 4881 curiose
1349 4827 1748 4895 perquiramus;
1783 4837 1839 4880 ut
1863 4842 1929 4882 ne
1958 4842 2023 4881 ex

451 4915 607 4970 nobis
626 4918 898 4971 concessis
923 4917 1229 4973 excidamus
1255 4918 1424 4982 bonis,
1450 4917 1590 4988 quod
1617 4927 1670 4972 et
1693 4919 1791 4972 illis
1812 4919 2021 4972 accidit.

450 5007 586 5062 Dum
625 5008 765 5062 enim
801 5008 924 5063 vita:
966 5011 1228 5080 principio
1281 5011 1510 5064 carentis
1557 5009 1869 5078 principium
1906 5024 2024 5078 per-

447 5099 699 5168 quirunt,
731 5100 891 5154 etiam
923 5101 1010 5155 illa
1044 5116 1161 5170 qua:
1200 5101 1398 5156 habere
1436 5109 1678 5170 poterant
1712 5101 2020 5155 amiserunt.

448 5188 630 5259 Neque
651 5190 792 5245 enim
820 5191 869 5245 id
896 5192 1036 5261 quod
1057 5193 1368 5262 qumrebant
1389 5193 1734 5256 invenerunt;
1761 5206 1862 5246 non
1882 5192 2022 5246 enim

450 5289 733 5346 poterant;
767 5293 927 5352 atque
952 5299 983 5338 a
1009 5299 1135 5340 sana
1159 5285 1301 5339 circa
1322 5283 1659 5354 Unigenitum
1691 5283 1792 5337 lide
1814 5283 2025 5340 excide.

447 5382 588 5428 runt.
614 5374 682 5428 At
699 5389 796 5428 nos
824 5391 889 5432 ne
916 5376 1294 5432 transferamus
1319 5377 1572 5432 terminos
1596 5376 1862 5447 antiquos,
1891 5393 2024 5446 quos

449 5474 741 5533 posuerunt
767 5477 946 5537 patres
978 5469 1176 5532 nostri,
1205 5478 1260 5524 et
1286 5470 1479 5539 ubique
1502 5467 1728 5540 Spiritus
1753 5471 1921 5526 sancti
1946 5471 2024 5525 le-

513 5661 530 5692 ‘
563 5669 701 5714 Juxta
719 5666 948 5729 quosdam
967 5666 1230 5730 legendum
1250 5676 1344 5729 est,
1369 5681 1479 5719 cum
1502 5670 1561 5720 sit
1586 5669 1735 5722 Filius
1757 5678 1800 5720 ct
1815 5671 1967 5721 homo.

2149 354 2303 422 gibus
2328 356 2580 414 cedamus
2606 375 2618 412 :
2642 368 2696 413 et
2723 375 2843 414 cum
2870 359 3134 423 audimus,
3169 359 3292 413 Erat
3319 361 3410 416 lux
3437 377 3575 427 vera,
3601 361 3732 416 nihil

2150 447 2370 503 ulterius
2397 448 2722 518 inquiramus
2747 467 2759 502 :
2784 465 2958 515 neque
2978 450 3120 504 enim
3143 451 3275 504 ultra
3301 465 3586 520 possumus
3609 466 3731 520 per-

2149 539 2373 610 tingere.
2403 539 2535 594 Nam
2563 543 2608 596 si
2637 541 2778 597 Deus
2814 551 2870 596 ut
2909 542 3068 597 homo
3097 544 3397 613 genuisset,
3425 545 3731 598 necessario

2150 631 2416 688 interstitii
2456 633 2728 704 quidpiam
2770 633 2956 690 fuisset
2987 637 3281 706 genitorem
3314 637 3451 693 inter
3487 647 3542 691 et
3579 639 3729 706 geni-

2150 731 2298 788 tum;
2331 724 2423 778 sed
2462 729 2581 794 quia
2619 724 2869 779 inell'abili
2909 727 3069 781 modo
3097 736 3229 782 etut
3257 728 3421 783 Deum
3448 728 3606 783 decet
3634 744 3725 798 ge-

2149 815 2285 880 nuit,
2309 814 2515 870 abstine
2537 815 2605 869 ab
2631 815 2713 870 his
2736 815 2977 881 vocibus,
3001 827 3116 871 ante
3141 829 3194 872 et
3218 827 3328 887 post
3349 833 3368 871 :
3397 819 3510 873 hazc
3529 819 3726 889 quippe

2149 913 2448 974 temporum
2470 906 2682 960 nomina
2709 915 2833 961 sunt
2855 923 2868 959 :
2893 906 3057 962 Filius
3077 923 3204 964 vero
3223 909 3381 965 etiam
3407 911 3722 966 saeculorum

2146 997 2382 1051 omnium
2410 997 2654 1052 conditor
2677 1006 2779 1052 est.

2215 1087 2272 1140 2.
2311 1087 2440 1141 Vera
2460 1088 2523 1141 de
2555 1086 2711 1142 Patre
2733 1098 2781 1142 et
2804 1089 2866 1142 dc
2900 1088 3035 1144 Filio
3079 1091 3325 1144 doctrina.
3374 1090 3722 1146 Sabbelliano-

2146 1196 2258 1232 rum
2317 1189 2362 1234 et
2415 1179 2864 1235 Marcellianorum
2922 1183 3136 1238 insania.
3195 1183 3409 1238 Peccata
3472 1187 3719 1255 quomodo

2144 1273 2506 1324 abtaantur.—
2519 1272 2655 1342 Ergo
2684 1288 2788 1326 non
2821 1282 2986 1341 pater,
3005 1276 3136 1340 ales,
3156 1274 3250 1329 sed
3278 1273 3440 1329 frater
3467 1285 3568 1330 est.
3591 1276 3718 1343 Qua

2145 1367 2456 1430 necessitas,
2488 1367 2715 1436 quaeso?
2743 1367 2872 1421 Nam
2905 1369 2948 1421 si
2981 1368 3192 1422 Patrem
3212 1374 3272 1422 et
3310 1368 3502 1422 Filium
3531 1384 3595 1423 ex
3616 1369 3714 1422 alia

2143 1467 2198 1513 et
2221 1459 2426 1513 diversa
2453 1458 2633 1514 radice
2660 1471 2808 1515 ortos
2851 1461 3150 1516 diceremus
3175 1501 3190 1525 ,
3239 1460 3352 1514 haec
3384 1460 3506 1530 jure
3541 1461 3716 1516 dicere

2145 1565 2331 1620 posses
2364 1570 2376 1604 :
2410 1552 2492 1605 sin
2537 1552 2676 1606 hanc
2718 1553 2946 1607 vitamus
2988 1553 3347 1622 impietatem,
3392 1553 3716 1622 dicimusque

2143 1640 2353 1696 Patrem
2377 1643 2493 1697 sine
2519 1643 2776 1712 principio
2805 1659 2955 1710 esse,
2985 1659 3083 1698 nec
3105 1644 3340 1713 genitum
3384 1643 3582 1706 fuisse;
3625 1641 3712 1697 Fi-

2143 1731 2270 1784 lium
2301 1746 2430 1787 vero
2457 1733 2572 1788 sine
2597 1733 2860 1802 principio
2886 1733 3098 1802 quidem
3138 1747 3259 1788 esse
3283 1773 3299 1794 .
3345 1732 3440 1787 sed
3479 1733 3711 1803 genitum

2142 1836 2170 1874 a
2199 1822 2353 1876 Patre
2377 1864 2392 1888 ,
2421 1839 2539 1893 quae
2567 1825 2858 1878 necessitas
2885 1840 2954 1878 ex
2988 1824 3084 1880 hac
3109 1825 3432 1896 cogitatione
3454 1866 3469 1892 ,
3499 1825 3710 1896 impium

2142 1913 2289 1968 illum
2315 1914 2514 1969 inferre
2541 1916 2880 1970 sermonem?
2917 1915 3070 1970 Nulla
3101 1931 3250 1971 sane.
3281 1916 3493 1971 Etenim
3534 1918 3710 1986 splen-

2140 2003 2239 2059 dor
2264 2015 2377 2069 cst;
2410 2005 2663 2075 splendor
2688 2016 2866 2061 autem
2901 2007 3058 2061 simul
3100 2007 3412 2078 intelligitur
3450 2022 3569 2062 cum
3618 2023 3711 2061 na-

2143 2106 2258 2152 tura
2289 2099 2376 2152 illa
2397 2138 2412 2164 ,
2445 2099 2595 2168 cujus
2623 2109 2706 2154 est
2731 2099 3001 2168 splendor.
3029 2099 3150 2154 Ideo
3179 2100 3320 2155 enim
3351 2100 3546 2154 Paulus
3571 2099 3711 2154 illum

2138 2190 2217 2245 sic
2243 2191 2485 2253 vocavit,
2523 2201 2580 2243 ut
2607 2190 2735 2244 nihil
2767 2190 2996 2245 medium
3037 2191 3386 2259 suspicareris
3429 2190 3570 2245 inter
3617 2189 3713 2245 Pa-

2140 2290 2273 2336 trem
2302 2290 2355 2336 et
2392 2281 2628 2335 Filium:
2664 2281 2715 2336 id
2755 2282 2895 2336 enim
2949 2281 3050 2336 hoc
3097 2283 3313 2336 nomine
3361 2281 3706 2351 significatur.

2139 2371 2265 2428 Post
2293 2373 2393 2427 hoc
2421 2372 2764 2442 exemplum,
2801 2387 2922 2428 eam
2967 2389 3086 2442 qua:
3142 2374 3264 2428 hinc
3313 2373 3452 2442 apud
3502 2373 3712 2427 insanos

2137 2464 2366 2519 suboriri
2393 2474 2598 2534 poterat
2641 2465 3021 2519 absurditatcm
3067 2465 3305 2534 corrigit.
3352 2465 3466 2530 Ne,
3514 2465 3708 2536 inquit,

2137 2555 2385 2622 quoniam
2416 2554 2758 2624 splendorem
2806 2555 3035 2618 audisti,
3072 2555 3242 2624 ipsum
3284 2556 3494 2625 propria
3545 2554 3710 2625 hypo-

2137 2646 2264 2699 stasi
2295 2645 2489 2715 privari
2519 2657 2690 2715 putes.
2721 2643 2851 2699 Nam
2884 2647 3103 2716 impium
3131 2645 3231 2700 hoc
3252 2655 3411 2710 esset,
3444 2655 3498 2700 et
3522 2645 3708 2700 Sabel-

2137 2736 2395 2790 lianorum
2422 2735 2987 2804 Marcellianorumque
3013 2737 3237 2790 insania.
3261 2735 3369 2794 Nos
3397 2746 3574 2790 autem
3606 2751 3708 2789 non

2135 2825 2208 2880 ita
2235 2826 2528 2892 sentimus,
2567 2827 2662 2880 sed
2711 2829 2881 2896 ipsum
2929 2827 2981 2881 in
3033 2828 3244 2896 propria
3289 2827 3388 2881 sibi
3441 2826 3708 2897 ltypOa‘laai

2135 2931 2253 2973 esse
2284 2918 2510 2972 dicimus
2542 2936 2554 2971 :
2587 2918 2706 2973 ideo
2732 2927 3010 2988 postquam
3050 2918 3198 2972 illum
3243 2916 3581 2987 splendorem
3619 2932 3709 2986 ap-

2134 3011 2456 3081 pellaverat,
2503 3011 2716 3076 intulit,
2777 3009 2844 3064 Et
2892 3011 3152 3064 character
3199 3011 3492 3064 substamiw
3535 3010 3706 3073 illius,

2133 3103 2330 3173 (Hebr.
2371 3104 2421 3157 l.
2460 3103 2558 3173 5),
2591 3113 2646 3158 ut
2675 3102 2942 3172 propriam
2992 3101 3301 3172 hypostasin
3348 3101 3666 3171 signiﬁcaret
3691 3143 3705 3165 ,

2133 3196 2548 3267 ostenderetque
2574 3197 2743 3265 ipsum
2772 3211 2837 3250 ex
2867 3194 3055 3250 eadem
3083 3210 3204 3250 esse
3227 3193 3708 3264 substantia,cujus

2132 3287 2412 3343 character
2440 3297 2543 3343 est.
2584 3287 2767 3356 Neque
2789 3287 2931 3341 enim
2964 3287 3094 3340 satis
3122 3297 3205 3341 est
3248 3285 3464 3340 verbum
3504 3300 3706 3348 unum,

2133 3389 2189 3432 ut
2211 3380 2318 3446 jam
2344 3379 2490 3442 dixi,
2521 3379 2586 3432 ad
2618 3379 2704 3433 illa
2733 3378 2799 3433 de
2840 3379 2950 3433 Deo
2987 3378 3235 3449 dogmata
3284 3377 3590 3432 hominibus
3635 3380 3706 3432 si-

2131 3469 2427 3540 gnificanda
2464 3487 2476 3522 :
2510 3469 2603 3524 sed
2632 3469 2922 3538 optandum
2951 3479 3007 3524 ut
3036 3471 3214 3524 multis
3243 3469 3401 3524 simul
3426 3469 3621 3534 allatis,
3645 3487 3706 3523 ex

2129 3561 2350 3630 singulis
2365 3559 2501 3629 quod
2518 3560 2798 3614 conveniat
2812 3561 3117 3630 seligamus.
3156 3559 3229 3614 Ita
3252 3562 3392 3614 enim
3419 3559 3708 3630 poterimus

2130 3649 2289 3720 digne
2311 3651 2536 3720 gloriam
2565 3650 2656 3704 Dei
2680 3650 2986 3714 celebrare;
3015 3651 3170 3721 digne
3190 3651 3393 3705 scilicet
3417 3650 3704 3706 secundum

2131 3743 2429 3798 facultatem
2461 3752 2717 3797 nostram.
2748 3742 2802 3797 Si
2834 3743 2953 3813 quis
3000 3745 3144 3798 enim
3195 3743 3262 3797 de
3309 3743 3396 3797 illa
3447 3743 3607 3812 digne
3649 3759 3706 3796 se

2129 3835 2271 3904 loqui
2301 3848 2454 3904 posse
2481 3841 2648 3903 putet,
2679 3844 2838 3902 atque
2863 3843 3134 3889 asseveret
3159 3850 3217 3888 se
3240 3835 3310 3888 ita
3333 3835 3498 3888 Deum
3527 3849 3702 3897 nosse,

2131 3937 2188 3980 nt
2213 3928 2324 3997 ipse
2349 3942 2408 3980 se
2439 3927 2614 3992 novit,
2645 3927 2689 3980 is
2714 3927 2943 3981 maxime
2968 3928 3133 3981 Deum
3165 3928 3393 3996 ignorat.
3427 3929 3549 3981 Ιιίυο
3585 3943 3703 3979 cum

2129 4021 2357 4072 sciamus
2375 4058 2389 4082 ,
2416 4019 2700 4087 diligenter
2727 4019 3051 4072 retineamus
3077 4033 3137 4073 ea
3166 4035 3284 4089 qua:
3317 4018 3584 4073 tradidere
3607 4035 3702 4071 no-

2130 4113 2211 4166 bis
2238 4112 2272 4164 ii
2298 4111 2388 4180 qui
2414 4110 2480 4164 ab
2509 4111 2659 4164 initio
2688 4110 2816 4181 ipsis
2841 4111 3012 4165 oculis
3061 4111 3341 4175 viderunt,
3385 4121 3439 4166 et
3480 4111 3704 4165 ministri

2129 4204 2277 4258 fuere
2323 4202 2520 4268 Verbi,
2571 4218 2745 4271 neque
2795 4203 2929 4256 ultra
2979 4204 3189 4257 curiose
3232 4214 3548 4258 scrutemur.
3596 4203 3706 4257 Duo

2130 4310 2360 4364 namque
2412 4295 2606 4348 damna
2667 4294 2768 4348 hoc
2814 4295 3002 4348 morbo
3058 4294 3362 4348 laborantes
3410 4293 3700 4348 invadent:

2129 4384 2270 4454 quod
2301 4392 2504 4438 temere
2538 4385 2778 4437 laborent
2807 4383 2894 4436 illa
2925 4383 3214 4452 quaerendo
3235 4425 3251 4449 ,
3297 4399 3416 4452 qua:
3465 4383 3704 4437 invenire

2132 4484 2435 4544 nequeunt;
2465 4474 2680 4544 etquod
2717 4475 2880 4529 Deum
2910 4475 2958 4528 in
2990 4475 3121 4528 iram
3155 4487 3466 4544 provocent,
3497 4476 3622 4530 dum
3642 4477 3707 4527 ah

2131 4566 2246 4634 ipso
2274 4566 2476 4634 positos
2505 4567 2763 4619 terminos
2786 4577 3029 4621 evertere
3053 4577 3334 4620 conantur.
3367 4567 3515 4632 Quod
3546 4583 3704 4638 quan-

2132 4666 2312 4726 topere
2339 4657 2470 4710 iram
2504 4657 2595 4710 Dei
2623 4657 2890 4723 concitet,
2923 4674 3026 4712 non
3057 4675 3192 4728 opus
3217 4669 3300 4713 est
3329 4661 3480 4713 vobis
3505 4660 3703 4726 dicere,

2128 4765 2248 4804 cum
2277 4749 2326 4802 id
2355 4763 2540 4802 omnes
2570 4749 2769 4802 sciatis.
2795 4751 3156 4817 Quamobrem
3191 4752 3350 4804 missa
3376 4752 3592 4806 illorum
3619 4770 3704 4805 ar-
3800 4791 3806 4797 .

2132 4841 2369 4911 rogantia
2393 4881 2409 4906 ,
2443 4840 2534 4894 Dei
2559 4841 2718 4894 verba
2741 4858 2860 4894 cum
2888 4853 3120 4897 tremore
3155 4844 3432 4896 audiamus
3455 4883 3470 4906 ,
3515 4854 3574 4898 ut
3623 4845 3707 4899 ille

2131 4941 2390 5002 perpetuo
2412 4947 2512 4985 nos
2544 4941 2754 4985 tueatur
2783 4949 2797 4984 :
2831 4948 2950 4985 nam
2979 4934 3087 4998 ait,
3135 4934 3214 4986 Ad
3255 4950 3402 5003 quem
3443 4936 3707 5002 respiciam

2130 5025 2228 5077 nisi
2253 5025 2319 5076 ad
2344 5033 2659 5077 mansuetum
2685 5033 2728 5076 et
2757 5025 3030 5088 humilem,
3065 5035 3111 5078 ct
3135 5027 3354 5094 quietum
3381 5069 3396 5091 ,
3425 5037 3470 5080 et
3496 5038 3706 5081 tremen-

2131 5125 2226 5168 tem
2247 5114 2395 5167 νει-ινα
2415 5131 2524 5168 mea
2547 5112 2710 5183 (1δαὶ.
2742 5113 2830 5167 66.
2861 5113 2896 5165 2
2919 5114 2974 5184 )?
3015 5114 3126 5169 llac
3157 5116 3315 5185 igitur
3342 5119 3501 5170 missa
3529 5121 3706 5172 curio-

2131 5207 2321 5272 sitate,
2381 5215 2724 5260 conteramus
2763 5205 2962 5268 corda.
3023 5217 3239 5275 peccata
3289 5208 3603 5277 lugeamus,
3659 5222 3707 5264 nt

2131 5298 2372 5354 Christus
2394 5298 2551 5366 jussit
2573 5337 2588 5361 ,
2619 5295 2684 5350 de
2711 5295 3003 5350 sceleribus
3032 5298 3232 5351 nostris
3262 5313 3705 5369 compungamnr,

2131 5405 2192 5444 ac
2217 5389 2499 5458 diligenter
2528 5388 2708 5442 animo
2735 5395 3038 5453 repetamus
3068 5403 3129 5442 ea
3160 5403 3277 5457 qurc
3317 5389 3573 5444 haetonus
3615 5392 3703 5444 all-

2133 5480 2375 5534 misimus
2399 5478 2589 5533 delicta
2618 5493 2630 5540 ;
2665 5474 2974 5529 studeamus
3002 5476 3086 5530 illa
3113 5479 3332 5533 omnino
3361 5481 3600 5535 abluere.
3635 5480 3707 5533 Ad

2135 5574 2268 5624 hanc
2289 5567 2483 5638 quippe
2517 5581 2629 5621 rem
2654 5563 2846 5618 multas
2873 5563 3014 5618 Deus
3040 5567 3192 5621 nobis
3217 5571 3417 5635 api-ruit
3446 5571 3576 5623 vias.
3621 5568 3706 5623 Ilia

2140 5671 2192 5715 tu
2221 5661 2392 5730 prior,
2427 5658 2624 5728 inquit,
2652 5657 2937 5726 iniquitates
2962 5667 3104 5726 tuas,
3135 5671 3186 5713 ut
3203 5661 3502 5730 justi/iactis
3540 5661 3701 5732 (Isai.
