4012 6210
330 203 396 256 63
1434 205 1504 261 lN
1544 205 1865 261 JOANNEM
1907 203 2137 258 HUMIL.
2182 203 2295 260 VII.
2338 207 2411 259 al.
2453 205 2538 261 Vl.
3525 214 3592 269 σε

322 314 498 384 ψυχῆς
517 330 533 379 ;
554 314 636 379 τίς
666 316 723 370 δὲ
750 316 1075 385 ὑγιαίνοντος
1106 327 1123 348 ⁸
1155 317 1416 387 λογισμοῦ
1444 335 1458 381 ;
1483 320 1783 382 Ἤκουσας,
1808 318 1889 370 ὅτι

323 393 444 450 Ἦν
465 396 531 450 τὸ
554 396 678 465 φῶς
703 401 767 453 τὸ
806 400 1114 466 ἀληθινόν.
1149 400 1212 453 Τί
1255 400 1585 469 φιλονεικεῖς
1629 401 1751 468 εἰκῆ
1795 400 1890 451 καὶ

326 479 502 548 μάτην
526 480 937 549 ὑπερακοντίσαι
952 480 1029 551 τῷ
1055 481 1297 552 λογισμῷ
1313 483 1414 553 τὴν
1438 482 1665 551 ἄπειρον
1683 480 1888 551 ταύτην

322 560 495 632 ζωήνς
529 563 661 615 Οὐδὲ
692 564 798 634 γάρ
825 559 937 618 οἷόν
968 582 1049 618 τε.
1093 566 1157 619 Τί
1185 566 1369 636 ζητεῖς
1403 566 1474 619 τά
1517 566 1802 636 ἀζήτητα;
1837 565 1889 618 τί

322 646 654 717 περιεργάζῃ
689 646 757 698 τά
780 647 1176 718 ἀκατάληπτα;
1209 649 1262 700 τί
1305 650 1535 719 ἐρευνᾷς
1563 650 1592 688 δ
1639 649 1709 702 τά
1740 646 1894 711 ἀνεξ-

320 726 599 796 ερεύνητα;
622 728 969 799 Κατανόησον
986 728 1095 782 τῶν
1111 729 1350 800 ἡλιακῶν
1371 731 1604 784 ἀκτίνων
1618 731 1715 801 τὴν
1738 729 1892 800 ῥίζαν

320 807 518 880 αὐτὴν·
549 809 664 862 ἀλλ’
711 811 771 863 οὐ
798 810 1020 884 δυνήσῃ,
1057 814 1152 865 καὶ⁸
1195 812 1344 882 ὅμως
1392 813 1491 866 οὐκ
1527 815 1851 881 ἀγανακτεῖς
1874 852 1889 873 .

319 891 435 943 οὐδὲ
459 890 831 963 δυσχεραίνεις
855 895 948 947 ἐπὶ
976 897 1040 966 τῇ
1066 894 1342 966 ἀσθενείᾳ.
1392 896 1515 960 Πῶς
1552 893 1647 949 οὖν
1672 899 1730 950 ἐν
1777 898 1892 961 τοῖς

322 972 529 1041 μείζοσι
579 975 848 1046 τολμηρὸς
903 977 1134 1044 γέγονας
1187 977 1280 1029 καὶ
1337 980 1641 1050 προπετὴς;
1696 979 1757 1031 ὐ
1795 979 1895 1047 τῆς

322 1055 545 1126 βροντῆς
573 1058 683 1120 υίὸς
720 1059 989 1128 Ἰωάννης,
1015 1062 1043 1114 6
1061 1060 1170 1113 &1:6
1194 1060 1295 1130 τῆς
1313 1061 1606 1131 σάλπιγγος
1625 1061 1775 1132 ἡχῶν
1798 1062 1895 1130 τῆς

319 1141 712 1211 πνευματικῆς,
738 1140 819 1205 τὸ,
851 1138 983 1208 Ἦν,
1015 1143 1256 1207 ἀκούσας
1290 1145 1438 1216 παρά
1466 1156 1490 1185 ο
1515 1146 1608 1200 τοῦ
1638 1145 1779 1199 Πνεύ
1789 1163 1894 1215 μα-

316 1236 425 1286 τος,
465 1221 620 1276 οὐδὲν
653 1224 959 1297 ἐπεζήτησε
1020 1225 1217 1278 πλέον·
1275 1227 1339 1279 σύ
1393 1226 1451 1280 δὲ
1481 1229 1511 1281 6
1536 1228 1636 1297 τῆς
1672 1228 1899 1298 χάριτος

316 1303 562 1374 ἀμοιρῶν
589 1307 688 1378 τῆς
721 1308 955 1372 ἐκείνου,
986 1311 1082 1365 καὶ
1109 1312 1139 1362 6
1186 1310 1292 1364 &1:6
1322 1310 1428 1365 τῶν
1453 1311 1640 1365 δειλῶν
1663 1311 1900 1380 φθεγγό-

317 1401 479 1453 μενος
508 1388 809 1460 λογισμῶν,
863 1391 1167 1461 ὑπερϐῆναι
1211 1393 1270 1446 τὸ
1313 1393 1509 1465 μέτρον
1545 1395 1645 1465 τῆς
1691 1394 1902 1447 ἐκείνου

314 1467 573 1534 γνώσεως
600 1471 960 1539 φιλονεικεῖς;
986 1473 1085 1527 Διά
1110 1473 1267 1527 τοῦτο
1307 1475 1598 1546 τοιγαροῦν
1625 1474 1745 1529 οὐδὲ
1769 1475 1904 1544 πρὸς

314 1552 378 1604 τὸ
414 1553 620 1625 μέτρον
652 1556 751 1625 τῆς
781 1556 993 1610 ἐκείνου
1016 1557 1269 1626 γνώσεως
1293 1560 1584 1626 ἀφικέσθαι
1618 1558 1646 1598 τι
1674 1559 1895 1629 δυνήσῃ.

317 1634 567 1706 Τοιαύτη
600 1637 705 1707 γὰρ
744 1638 898 1708 ἡτοῦ
937 1638 1178 1692 διαϐόλου
1232 1640 1513 1709 μεθοδεία⁶
1564 1641 1747 1708 ἐξάγει
1799 1641 1896 1708 μὲν

319 1716 431 1770 τῶν
469 1720 621 1789 παρά
650 1721 743 1773 τοῦ
782 1721 915 1775 Θεοῦ
943 1721 1202 1776 δοθέντων
1220 1725 1362 1793 ὅρων
1386 1725 1521 1793 ἡμῖν
1548 1725 1675 1785 τοὺς
1706 1721 1890 1775 πειθο-

317 1799 519 1868 μένους
547 1801 714 1872 αὐτῷ,
761 1803 838 1867 ὠς
869 1806 961 1857 ἐπὶ
1010 1803 1190 1873 πολλῷ
1220 1804 1461 1874 μείζοσιν
1482 1823 1496 1836 θ
1533 1807 1658 1859 ὅταν
1683 1805 1741 1858 δὲ
1772 1808 1893 1868 ταῖς

311 1881 499 1936 ἐλπίσι
528 1883 753 1945 ταύταις
783 1884 1038 1951 δελεάσας
1065 1883 1277 1960 ἐκϐάλῃ
1302 1887 1403 1957 τῆς
1438 1887 1535 1941 τοῦ
1566 1887 1700 1943 Θεοῦ
1730 1888 1892 1959 χάρι-

310 1980 422 2027 τος,
462 1964 588 2018 τότε
644 1966 831 2021 λοιπὸν
864 1969 925 2021 οὐ
957 1969 1116 2039 μόνον
1152 1968 1303 2022 οὐδὲν
1350 1968 1511 2022 πλέον
1542 1971 1889 2041 προσδίδωσι,

310 2047 463 2115 (πῶς
496 2049 607 2121 γάρ
638 2051 883 2115 διάϐολος
912 2052 986 2105 ῶν
1009 2069 1023 2119 ;
1044 2053 1083 2121 ),
1118 2053 1234 2108 ἀλλ’
1275 2053 1395 2107 οὐδὲ
1420 2056 1500 2117 είς
1528 2056 1599 2109 τά
1626 2055 1890 2127 πρότερα,

309 2129 438 2185 ἔνθα
488 2134 750 2201 ἀσφαλῶς
788 2137 888 2189 καὶ
946 2136 1177 2206 βεϐαίως
1223 2136 1603 2210 διετρίϐομεν,
1666 2140 1893 2210 ἀφίησιν

308 2215 648 2281 ἐπανελθεῖν,
674 2219 812 2273 ἀλλά
847 2219 1124 2290 πανταχοῦ
1170 2220 1425 2292 περιάγει
1484 2223 1893 2293 πλανωμένους,

308 2298 399 2349 καὶ
422 2300 523 2350 οὐκ
550 2301 777 2370 ἔχοντας
810 2300 1046 2372 οὐδαμοῦ
1072 2303 1284 2373 στῆναι.
1317 2302 1476 2357 Οὕτω
1504 2305 1709 2358 καὶτὸν
1740 2321 1893 2377 πρω-

304 2380 613 2435 τόπλαστον
644 2385 708 2437 ἐκ
724 2384 825 2455 τῆς
842 2383 938 2439 τοῦ
971 2386 1300 2455 παραδείσου
1331 2386 1609 2458 διαγωγῆς
1640 2389 1893 2458 ἐποίησεν

306 2466 585 2519 ἐκπεσεῖν.
613 2467 917 2540 Προσδοκίᾳ
940 2467 1048 2539 γὰρ
1080 2470 1324 2539 μείζονος
1346 2469 1598 2539 γνώσεως
1617 2470 1710 2524 καὶ
1728 2471 1895 2540 τιμῆς

306 2550 567 2621 φυσήσας
610 2551 792 2616 αὐτὸν,
821 2554 914 2605 καὶ
940 2552 1048 2604 τῶν
1066 2553 1187 2605 τότε
1219 2554 1570 2625 ὑπαρχόντων
1588 2553 1737 2625 αὐτῷ
1755 2553 1892 2625 μετά

304 2635 488 2698 ἀδείας
521 2635 799 2701 ἐξέϐαλεν.
849 2637 923 2690 Οὐ
956 2637 1062 2708 7&9
1113 2638 1274 2707 μόνον
1309 2638 1513 2701 ἰσόθεος
1564 2639 1627 2691 οὐ
1675 2639 1889 2707 γέγονε,

305 2718 488 2781 καθὼς
515 2719 833 2790 ὑπισχνεῖτο
860 2720 1027 2791 αὐτῷ,
1051 2719 1186 2773 ἀλλά
1204 2721 1299 2773 καὶ
1314 2723 1394 2783 είς
1414 2721 1510 2793 τὴν
1531 2720 1626 2774 τοῦ
1660 2721 1890 2774 θανάτου

304 2801 605 2871 τυραννίδα
638 2802 892 2868 ἐξέπεσεν
931 2814 976 2867 θ,
1005 2805 1065 2856 οὐ
1092 2805 1253 2874 μόνον
1284 2803 1436 2857 οὐδὲν
1458 2804 1621 2857 πλέον
1648 2805 1756 2858 ἀπὸ
1791 2804 1893 2875 τῆς

303 2884 399 2937 τοῦ
433 2884 525 2949 ξύ)
536 2902 597 2939 ου
622 2884 876 2954 βρώσεως
900 2885 1239 2957 προσλαϐὼν,
1263 2886 1399 2939 ἀλλά
1417 2889 1511 2941 καὶ
1525 2888 1627 2957 τῆς
1641 2887 1895 2955 γνώσεως

303 2962 371 3038 ἧς
394 2964 547 3039 εἶχεν
563 2969 623 3020 οὐ
645 2968 840 3038 μικρὸν
860 2968 1149 3032 ἀπολέσας,
1167 2969 1341 3023 ἐλπίδι
1361 2970 1604 3031 πλείονος
1621 2969 1893 3036 γνώσεως.

305 3051 442 3103 Τότε
472 3050 590 3120 γάρ
627 3049 646 3088 ί
674 3050 1028 3119 αίσχύνεσθαι
1073 3053 1167 3103 καὶ
1192 3052 1561 3103 καταδύεσθαι
1592 3052 1684 3102 ἐπὶ
1709 3053 1775 3119 τῇ
1798 3067 1899 3117 γυ-

309 3132 566 3203 μνότητι,
604 3133 727 3185 τότε
777 3131 927 3200 αὐτῷ
956 3132 1335 3201 προσεγένετο,
1365 3132 1488 3201 ’πρὸ
1536 3132 1635 3201 τῆς
1689 3132 1903 3199 ἀπάτης

305 3217 584 3285 ἀνωτέρω
639 3214 841 3287 ταύτης
890 3216 1004 3268 ϐντι
1058 3215 1157 3284 τῆς
1204 3214 1485 3285 αἰσχύνης.
1516 3217 1656 3268 Λύτό
1686 3230 1745 3266 τε
1794 3214 1902 3285 γάρ

309 3297 374 3349 τὸ
402 3299 545 3367 δρᾷν
572 3297 765 3349 ἑαυτὸν
798 3298 1000 3367 γυμνὸν
1025 3299 1171 3359 ὄντα,
1217 3300 1308 3350 καὶ
1340 3297 1542 3351 δεῖσθαι
1589 3298 1770 3350 λοιπὸν
1802 3297 1902 3366 τῆς

305 3379 422 3431 ἀπὸ
449 3378 566 3430 τῶν
603 3378 833 3448 ίματίων
863 3378 1170 3449 περιϐολῆς,
1203 3379 1297 3432 καὶ
1316 3379 1477 3450 ἔτερα
1500 3380 1647 3449 αὐτῷ
1680 3379 1901 3432 πλείονα

305 3461 574 3514 ἐντεῦθεν
621 3461 760 3531 ἐφύη
812 3458 958 3531 πάθη
993 3460 1133 3514 τότε.
1175 3462 1350 3530 Ὅπερ
1374 3461 1459 3514 ἵνα
1489 3463 1563 3532 μὴ
1595 3463 1691 3514 και)⁵
1737 3462 1898 3530 ἡμεῖς

304 3543 617 3613 πάθωμεν,
652 3541 964 3612 πειθώμεθα
990 3543 1069 3612 τῷ
1092 3541 1208 3613 Θεῷ
1232 3583 1247 3606 ,
1284 3544 1376 3595 καὶ
1421 3544 1672 3614 μένωμεν
1712 3545 1771 3596 ἐν
1816 3538 1897 3605 οἷς

307 3627 481 3688 αὐτὸς
518 3627 650 3695 ἡμῖν
677 3626 995 3695 προσέταξε,
1032 3628 1125 3679 καὶ
1172 3626 1339 3697 μηδὲν
1372 3626 1682 3697 περαιτέρω
1730 3625 1892 3679 πολυ-

310 3710 753 3781 πραγμονῶμεν,
793 3709 879 3763 ἵνα
929 3710 1003 3780 μὴ
1036 3711 1129 3763 καὶ
1167 3710 1274 3765 τῶν
1310 3710 1413 3782 ἡδη
1458 3711 1718 3764 δοθέντων
1764 3712 1894 3781 ἡμῖν

312 3794 647 3862 ἐκπέσωμεν
679 3792 920 3860 ἀγαθῶν,
954 3792 1204 3863 καθάπερ
1241 3795 1335 3846 καὶ
1382 3788 1526 3847 οῦτοι
1567 3793 1889 3847 πεπόνθασι.

310 3877 426 3947 Τῆς
456 3874 565 3946 γάρ
590 3876 833 3947 ἀνάρχου
865 3873 1010 3946 ζωῆς
1036 3876 1208 3947 ἀρχὴν
1254 3875 1636 3944 ἐπιζητοῦντες
1677 3878 1856 3947 εὑρεῖν
1875 3915 1890 3939 ,

312 3958 435 4032 [46]
457 3958 551 4012 καὶ
572 3946 715 4029 άπερ
735 3957 995 4029 ἠδύναντο
1016 3946 1489 4028 ἔχεινάπώλεσαν.
1530 3958 1669 4013 υύτε
1698 3946 1804 4029 γάρ
1834 3959 1894 4012 τὸ

314 4043 654 4115 ζητούμενον
682 4034 840 4112 εὗρον
889 4041 1046 4112 (οὐδὲ
1078 4042 1185 4112 γάρ
1217 4043 1332 4094 ἐστι
1360 4041 1634 4111 δυνατόν),
1678 4042 1769 4095 καὶ
1797 4042 1895 4110 τῆς

316 4126 509 4195 ὑγιοῦς
546 4126 675 4198 περὶ
708 4125 802 4177 τοῦ
831 4123 1158 4190 Μονογενοῦς
1182 4125 1438 4191 ἐξέπεσον
1465 4126 1720 4188 πίστεως.
1754 4125 1895 4177 Ἀλλ’

317 4210 483 4280 ἡμεῖς
512 4209 589 4277 μὴ
624 4205 970 4277 μεταίρωμεν
994 4207 1117 4276 ὅρια
1146 4207 1358 4269 αίώνια,
1388 4206 1423 4260 ἀ
1443 4206 1624 4259 ἔθεντο
1648 4207 1698 4258 01
1726 4206 1888 4257 πατέ⁸

321 4310 416 4362 ρες
441 4292 619 4361 ἡμῶν.
643 4289 757 4343 ἀλλ’
778 4290 1014 4359 εῖκωμεν
1030 4288 1305 4359 πανταχοῦ
1331 4292 1444 4352 τοῖς
1467 4290 1560 4342 τοῦ
1585 4288 1723 4341 Πνεύ
1732 4305 1896 4359 ματος

319 4376 530 4445 νόμοις,
560 4375 654 4425 καὶ
674 4372 963 4435 ἀκούοντες
990 4374 1094 4434 ὅτι,
1112 4369 1222 4426 Ἦν
1251 4372 1319 4424 τὸ
1349 4371 1474 4440 φῶς
1495 4371 1560 4425 τὸ
1583 4371 1894 4441 ἀληθινὸν,

326 4458 493 4529 μηδὲν
522 4456 680 4509 πλέον
707 4455 1051 4527 ἐπιζητῶμεν
1073 4457 1250 4526 εὑρεῖν
1270 4474 1282 4488 ο
1309 4455 1428 4509 οὐδέ
1457 4457 1562 4526 γάρ
1589 4456 1665 4508 ἐνι
1697 4456 1898 4516 ταύτην

324 4539 635 4610 ὑπερϐῆναι
682 4538 781 4608 τὴν
839 4537 1017 4608 ῥῆσιν.
1074 4536 1136 4590 Εἰ
1192 4538 1291 4608 μὲν
1344 4538 1452 4609 γὰρ
1503 4539 1578 4601 ὡς
1612 4538 1900 4608 ἄνθρωπος

323 4623 538 4689 ἐγέννα,
567 4620 778 4689 ἀνάγκη
813 4619 974 4689 μέσον
1004 4614 1143 4672 εἷναί
1168 4636 1221 4671 τι
1248 4619 1340 4672 τοῦ
1362 4620 1657 4688 γεννῶντος
1685 4622 1778 4673 καὶ
1803 4619 1897 4673 τοῦ

323 4703 691 4774 γεννωμένουο
718 4700 905 4772 ἐπειδὴ
934 4701 992 4754 δὲ
1018 4701 1269 4772 ἀρρήτως
1296 4704 1391 4755 καὶ
1436 4703 1510 4765 ῶς
1544 4701 1664 4772 Θεῷ
1690 4703 1899 4773 πρέπον

323 4785 465 4849 ἐστὶ,
495 4785 590 4839 τοῦ
624 4785 736 4854 πρὸ
760 4785 850 4838 καὶ
896 4783 992 4837 τοῦ
1020 4784 1170 4853 μετά
1215 4783 1519 4855 ἀναχώρει’
1561 4785 1669 4837 τῶν
1694 4784 1901 4856 χρόνων

322 4872 434 4942 γάρ
464 4869 637 4922 ταῦτα
663 4869 904 4938 ὀνόματα
929 4885 943 4898 σ
978 4868 1007 4920 6
1039 4867 1095 4919 δὲ
1118 4866 1244 4929 Υἱὸς
1277 4868 1372 4920 καὶ
1396 4867 1504 4922 τῶν
1526 4867 1738 4921 αἰώνων
1768 4867 1903 4921 πάν-

329 4971 434 5006 των
467 4953 585 5006 ἐστὶ
625 4951 877 5020 ποιητής.

397 5036 462 5111 β’.
512 5033 723 5088 Οὐκοῦν
768 5034 830 5086 οὐ
878 5033 1079 5105 πατὴρ,
1124 5034 1309 5103 φησὶν,
1349 5032 1464 5086 ἀλλ’
1490 5032 1733 5101 ἀδελφός.
1767 5033 1903 5085 Ποία

333 5120 564 5190 ἀνάγκη,
588 5117 711 5171 εἰπέ
735 5133 855 5187 μοι;
887 5117 950 5169 Et
976 5117 1073 5185 μὲν
1093 5118 1202 5186 γὰρ
1226 5119 1319 5169 καὶ
1344 5115 1435 5169 τὸν
1458 5116 1677 5186 Πατέρα
1703 5117 1794 5169 καὶ
1814 5118 1904 5168 τὸν

337 5195 454 5254 Υίὸν
475 5201 534 5268 ἐξ
563 5200 757 5272 ἐτέρας
792 5198 1049 5267 ἐλέγομεν
1070 5197 1208 5250 εἷναι
1236 5199 1411 5269 ῥίζης,
1445 5197 1624 5261 καλῶς
1645 5197 1710 5250 ἂν
1732 5198 1905 5250 ταῦτα

330 5280 463 5356 ἔφης
493 5284 636 5336 τότε.
673 5279 737 5334 Εί
758 5281 815 5333 δὲ
844 5280 1045 5351 ταύτην
1083 5281 1180 5350 μὲν
1199 5280 1474 5349 φεύγομεν
1498 5279 1595 5349 τὴν
1625 5278 1902 5343 ἀσέϐειαν,

394 5511 418 5540 ⁸
446 5508 529 5560 Sic
569 5507 691 5556 Mor.
728 5512 779 5553 et
810 5519 922 5554 mss.
958 5520 1131 5555 omnes
1160 5506 1311 5554 Savil.
1344 5506 1375 5562 ἢ
1410 5507 1710 5565 ὑγιαινοντος.
1778 5505 1806 5545 b
1829 5504 1909 5553 Sic

336 5571 503 5621 Morel.
550 5570 668 5619 Sav.
701 5567 747 5615 τί
786 5567 1001 5632 ἰχνεύεις..
1066 5570 1104 5632 ⁸-
1124 5566 1348 5632 δία-Μος.
1375 5564 1483 5615 εει.
1508 5564 1910 5632 ὀπὴν-σάλπιγγα

335 5635 455 5695 [low
479 5633 566 5689 τήν
597 5623 934 5695 πνενματίκὴνι,
958 5629 1057 5695 τρᾲι
1078 5628 1138 5685 ἦν
1161 5643 1177 5695 ξ
1206 5625 1414 5695 ἀκούσας
1433 5627 1576 5695 παρά.
1643 5623 1670 5662 ἀ

336 5683 510 5743 Limen.
528 5683 611 5740 διὰ
628 5683 775 5738 τοῦτο
793 5683 939 5749 αὐτοῦ
958 5690 1069 5749 οὐδὲ
1088 5683 1206 5749 πρὸς
1224 5686 1280 5749 τὸ
1303 5687 1467 5747 μέτρον
1488 5683 1571 5749 ᾁφ.
1641 5696 1667 5749 ς
1690 5686 1771 5734 Sic
1790 5683 1912 5749 luo-

338 5756 427 5802 γει.
455 5742 569 5801 Silv.
598 5760 651 5799 ει
674 5748 816 5797 codd.
837 5747 929 5795 705
948 5755 1000 5796 ει
1020 5748 1114 5795 706
1129 5742 1413 5793 κατέπεσεν.
1484 5745 1503 5782 ΐ
1533 5742 1612 5796 Sic
1646 5747 1759 5794 Sav.
1790 5742 1909 5793 Mor.

327 5816 477 5863 ἐλπίδι
516 5812 737 5863 πλείονος
762 5810 981 5869 γνώσεως
1002 5806 1146 5855 τοῦτο
1170 5808 1348 5852 παθών.
1373 5805 1440 5851 "0
1462 5821 1511 5853 τε
1533 5808 1638 5868 γάρ.

1994 314 2223 401 λέγομεν
2257 317 2316 370 δὲ
2342 318 2433 373 τὸν
2464 320 2559 390 μὲν
2588 319 2802 401 Πατέρα
2832 320 2978 391 πρὸς
3007 320 3072 373 τὸ
3109 323 3135 360 ε
3168 322 3406 401 ἄναρχον
3426 321 3585 383 εἶναι,

1997 398 2128 467 μηδὲ
2157 402 2518 468 γεγεννῆσθαι
2539 419 2552 433 ο
2575 402 2666 455 τὸν
2678 398 2751 455 *δὲ
2783 402 2912 456 Υίὸν
2944 405 3189 474 ἄναρχον
3212 398 3374 468 εἶναι,
3398 420 3586 471 γεγεν-

1994 497 2057 548 νη
2066 481 2224 548 μένον
2251 482 2307 535 δὲ
2327 485 2390 536 ἐκ
2406 485 2499 538 τοῦ
2520 485 2728 556 Πατρός
2742 501 2755 513 ⁸
2782 486 2912 538 ποία
2934 485 3154 556 ἀνάγκη
3174 487 3240 538 ἐκ
3257 484 3357 554 τῆς
3377 485 3579 551 ἐννοίας

1993 563 2197 633 ταύτης
2227 565 2319 617 τὸν
2357 567 2528 637 ἀσεϐῆ
2568 567 2723 635 λόγον
2761 569 2972 622 ἐκεῖνον
3022 566 3388 633 ἐπεισελθεῖν;
3414 567 3573 620 οὐδε-

1995 646 2112 715 μία.
2165 649 2529 719 Ἀπαύγασμα
2555 652 2663 719 γάρ
2692 651 2809 705 ἐστι
2829 669 2843 681 ο
2889 651 2953 705 τὸ
2987 651 3047 704 δὲ
3083 649 3423 721 ἀπαύγασμα
3454 669 3575 704 συν-

1992 732 2288 784 επινοεῖται
2323 734 2390 802 τῇ
2422 732 2602 800 φύσει,
2635 730 2703 804 ἦς
2732 736 2878 787 ἐστιν
2917 732 3280 804 ἀπαύγασμα.
3332 733 3435 786 Διά
3463 733 3571 805 γάρ

1991 812 2147 865 τοῦτο
2170 815 2263 866 καὶ
2284 816 2312 869 6
2342 816 2552 879 Παῦλος
2577 815 2761 868 τοῦτον
2780 815 2956 879 οὑτως
2984 814 3265 879 ἐκάλεσεν,
3292 815 3380 870 ῖνα
3403 816 3568 888 μηδὲν

1997 895 2158 964 μέσον
2192 896 2540 969 ὑπωπτεύσῃς
2574 899 2784 970 Πατρὸς
2817 899 2912 952 καὶ
2945 897 3096 951 Υἱοῦ.
3153 897 3324 951 Τοῦτο
3354 898 3452 969 μὲν
3473 895 3566 953 οῦν

1993 976 2183 1030 τούτου
2239 979 2566 1048 δηλωτικόν·
2609 981 2669 1033 τὸ
2697 980 2752 1032 δὲ
2785 980 2983 1049 ἐφεξῆς
3009 980 3107 1036 τοῦ
3148 980 3564 1050 ὑποδείγματος,

1992 1060 2092 1129 τὴν
2123 1060 2452 1131 ὑφορμῶσαν
2500 1064 2528 1102 ιι
2558 1066 2668 1125 τοῖς
2710 1064 2956 1134 ἀνοήτοις
2984 1063 3211 1118 ἀτοπίαν
3239 1063 3563 1135 διορθοῦται.

1996 1142 2089 1210 Μὴ
2144 1141 2274 1212 γὰρ,
2323 1143 2508 1214 ἐπειδὴ
2537 1144 2895 1215 ἀπαύγασμα.
2941 1146 3125 1218 φησὶν,
3176 1147 3436 1217 ηκουσας,
3465 1144 3567 1216 τῆς

2001 1222 2137 1286 ιδίας
2170 1224 2333 1277 αὑτὸν
2353 1226 2758 1296 ἀπεστερῆσθαι
2777 1228 3003 1300 νομίσῃς
3027 1229 3394 1292 ὑποστάσεως.
3415 1228 3564 1282 ’Δσε-

2000 1304 2092 1366 ϐὲς
2123 1304 2231 1376 γάρ
2278 1306 2455 1369 τοῦτο,
2501 1310 2599 1361 καὶ
2647 1309 2746 1379 τῆς
2778 1309 2886 1361 τῶν
2915 1309 3285 1363 Σαϐελλιανῶν
3337 1311 3430 1364 καὶ
3460 1310 3567 1363 τῶν

2002 1388 2111 1441 ἀπὸ
2136 1390 2455 1459 Μαρκέλλου
2488 1390 2705 1461 μανίας.
2750 1391 2941 1460 Ἡμεῖς
2975 1390 3032 1445 δὲ
3062 1392 3161 1462 οὐχ
3200 1391 3406 1457 οὑτως,
3439 1392 3571 1447 ἀλλά

2001 1472 2094 1524 καὶ
2116 1473 2174 1524 ἐν
2199 1472 2301 1543 ίδίᾳ
2324 1475 2485 1526 αὑτὸν
2522 1474 2814 1527 ὑποστάσει
2861 1466 3000 1528 εἷναί
3050 1493 3250 1546 φαμεν.
3286 1477 3387 1529 Διά
3417 1475 3570 1530 τοῦτο

1996 1552 2167 1605 είπὼν
2192 1555 2356 1607 αὑτὸν
2398 1555 2757 1627 ἀπαύγασμα,
2788 1559 3090 1627 ἐπήγαγεν,
3139 1560 3222 1612 ὅτι
3248 1558 3361 1614 Καὶ
3387 1576 3569 1628 χαρά-ο

1993 1634 2143 1701 κτήρ
2189 1636 2319 1690 ἐστι
2361 1636 2468 1703 τῆς
2494 1639 2889 1705 ὑποστάσεως
2932 1640 3141 1703 αὐτοῦ,
3183 1640 3270 1694 ῖνα
3300 1641 3399 1713 τὴν
3434 1641 3569 1694 ίδίαν

1995 1716 2293 1770 ὑπόστασιν
2319 1719 2535 1792 δηλώσῃ
2564 1720 2659 1773 καλ⁸
2685 1723 2787 1790 τῆς
2815 1722 2985 1792 αὐτῆς
3013 1722 3143 1776 ϐντα
3169 1723 3331 1777 αὑτὸν
3354 1724 3565 1789 οὐσίας,

1989 1797 2058 1872 ἧς
2084 1802 2197 1852 ἐστι
2228 1801 2322 1854 καὶ
2343 1806 2647 1874 χαρακτήρ.
2674 1804 2748 1855 Οὐ
2770 1804 2879 1873 γὰρ
2900 1805 3061 1873 ἀρκεῖ
3093 1807 3190 1875 μιᾷ
3217 1805 3382 1870 λέξει,
3403 1804 3573 1860 καθά-

1992 1900 2099 1954 περ
2123 1882 2296 1955 έφθην
2320 1884 2509 1950 είπὼν,
2541 1886 2611 1938 τά
2640 1887 2767 1955 περὶ
2784 1885 2922 1938 Θεοῦ
2948 1888 3299 1957 παραστῆσαι
3324 1888 3574 1958 δόγματα

1990 1968 2104 2027 τοῖς
2133 1965 2474 2035 ἀνθρώποις·
2507 1966 2645 2018 ἀλλά
2674 1967 2979 2036 ἀγαπητὸν,
3011 1968 3077 2022 ἂν
3099 1967 3268 2021 πολλά
3292 1972 3575 2039 συμφορὴ-

1992 2064 2210 2111 σαντες,
2249 2048 2309 2112 ἐξ
2343 2049 2574 2102 ἑκάστου
2615 2051 2676 2103 τὸ
2712 2050 2922 2122 πρέπον
2968 2049 3363 2121 ἐπιλεξώμεθα.
3422 2050 3575 2105 Οὕτω

1995 2131 2106 2200 γὰρ
2131 2129 2476 2200 δυνησόμεθα
2520 2131 2617 2201 τῆς
2674 2132 2831 2198 ἀξίας
2889 2133 3174 2201 ἐφικέσθαι
3226 2131 3570 2202 δοξολογίας·

1996 2211 2152 2277 ἀξίας
2180 2212 2237 2265 δὶ
2280 2212 2442 2281 λέγω,
2477 2215 2616 2268 κατά
2647 2216 2742 2285 τὴν
2785 2216 3060 2287 ἡμετέραν
3096 2216 3343 2286 δύναμιν.
3372 2217 3435 2271 Εί
3466 2218 3573 2289 γάρ

1995 2312 2080 2359 τις
2111 2294 2246 2364 πρὸς
2276 2295 2446 2366 αὐτὴν
2473 2296 2569 2368 τὴν
2597 2297 2763 2362 δντως
2792 2298 2951 2363 ἀξίαν
2985 2301 3161 2351 εἰπεῖν
3197 2298 3460 2353 δύνασθαι
3488 2317 3575 2353 νο-

1996 2377 2165 2447 μίζοι,
2202 2377 2296 2430 καὶ
2326 2378 2674 2449 φιλονεικοίη,
2696 2379 2869 2448 λέγων
2904 2380 3079 2443 οὕτως
3111 2380 3310 2435 ειδέναι
3331 2380 3422 2435 τὸν
3440 2382 3574 2435 Θεὸν

1991 2464 2066 2524 ὡς
2090 2460 2251 2524 αὐτὸς
2271 2457 2414 2514 οἶδεν
2439 2462 2649 2523 ἑαυτὸν,
2667 2458 2819 2527 οὗτος
2845 2463 3081 2534 μάλιστά
3108 2465 3253 2517 ἐστιν
3280 2466 3310 2517 6
3327 2464 3420 2519 τὸν
3440 2464 3573 2518 Θεὸν

1989 2543 2217 2611 ἀγνοῶν.
2258 2543 2424 2597 Ταῦτ’
2445 2539 2538 2597 οὖν
2562 2543 2779 2609 εἰδότες,
2810 2547 3062 2616 μένωμεν
3093 2546 3416 2617 κατέχοντες
3438 2549 3574 2617 μετά

1989 2626 2338 2694 ἀσφαλείαςά
2368 2627 2672 2697 παρέδοσαν
2703 2630 2834 2698 ἡμῖν
2866 2629 2917 2681 οί
2946 2628 3041 2681 ἀπ’
3085 2628 3261 2699 ἀρχῆς
3306 2627 3572 2681 αὐτόπται

1992 2710 2084 2762 καὶ
2106 2709 2376 2780 ὑπηρέται
2405 2711 2686 2777 γενόμενοι
2712 2711 2807 2763 τοῦ
2839 2711 3035 2779 Λόγου,
3064 2712 3157 2764 καὶ
3188 2709 3354 2781 μηδὲν
3378 2726 3572 2779 περαι-

1989 2791 2133 2862 τέρω
2158 2791 2671 2861 περιεργαζώμεθα.
2707 2792 2811 2846 Δύο
2837 2792 2948 2862 γάρ
2985 2796 3099 2855 τοῖς
3122 2792 3327 2862 ταύτην
3357 2791 3572 2845 νοσοῦσι

1991 2875 2090 2944 τὴν
2112 2874 2265 2928 νόσον
2285 2876 2571 2945 περιέσται
2598 2875 2669 2928 τά
2688 2877 2868 2930 δεινά·
2897 2876 2958 2929 τό
2980 2892 3040 2928 τε
3057 2876 3181 2947 εἰκῆ
3207 2875 3571 2945 ταλαιπωρεῖ-

1997 2957 2143 3018 σθαι,
2169 2956 2464 3026 ζητοῦντας
2487 2956 2631 3025 ἀπερ
2660 2958 2843 3027 εὑρεῖν
2872 2959 2932 3010 οὐ
2955 2958 3180 3011 δυνατόν
3200 2974 3214 2989 ο
3235 2959 3298 3011 τό
3319 2975 3379 3011 τε
3406 2975 3574 3028 παροο

2003 3038 2155 3100 ξύναι
2177 3039 2267 3089 τὸν
2300 3038 2453 3101 Θεὸν,
2492 3039 2616 3099 τοὺς
2638 3042 2763 3108 παρ’
2797 3038 2963 3091 αὐτοῦ
2985 3040 3236 3103 τεθέντας
3262 3041 3418 3109 ὄρους
3443 3043 3573 3093 ἀνα·

2003 3120 2224 3191 τρέπειν
2270 3117 2699 3188 ἐπιχειροῦντας.
2736 3121 2916 3190 Ὅσην
2966 3120 3023 3173 δὲ
3078 3121 3235 3174 τοῦτο
3290 3124 3430 3174 κινεῖ
3480 3123 3579 3193 τὴν

2003 3204 2195 3274 ὀργὴν,
2223 3202 2375 3255 οὐδὲν
2402 3202 2481 3255 δεῖ
2511 3204 2640 3273 παρ’
2670 3203 2827 3273 ἡμῶν
2856 3203 3045 3273 μαθεῖν
3065 3244 3080 3268 ,
3136 3203 3343 3268 πάντας
3374 3204 3580 3269 είδότας

2001 3287 2163 3357 ὑμᾶς.
2196 3285 2285 3336 Διὸ
2317 3286 2417 3353 τῆς
2448 3284 2707 3348 ἀπονοίας
2742 3285 2926 3338 αὐτῶν
2953 3286 3236 3355 ἀφέμενοι,
3287 3286 3578 3358 τρέμωμεν

1999 3366 2163 3420 αὐτοῦ
2193 3368 2316 3429 τοὺς
2350 3365 2557 3435 λόγους,
2602 3367 2686 3419 ἵνα
2718 3366 2838 3439 [47]
2871 3366 3134 3437 διηνεκῶς
3152 3369 3298 3440 ἡμᾶς
3329 3370 3570 3443 τειχίζῃ’

2011 3451 2139 3506 Ἐπὶ
2171 3453 2301 3504 τίνα
2333 3450 2440 3520 γάρ
2473 3451 2804 3519 ἐπιϐλέψω,
2847 3454 3031 3523 φησὶν,
3077 3453 3217 3507 ἀλλ’
3243 3452 3280 3521 ἠ
3325 3452 3423 3506 ἐπὶ
3466 3452 3575 3507 τὸν

1996 3535 2188 3603 πρᾶον
2222 3535 2319 3588 καὶ
2358 3535 2659 3596 ταπεινὸν,
2702 3535 2799 3588 καὶ
2829 3536 3110 3605 ἡσύχιον,
3142 3537 3238 3591 καί
3281 3536 3573 3607 τρέμοντά

1988 3637 2107 3690 μου
2143 3618 2285 3683 τοὺς
2325 3620 2580 3688 .Idrovc;
2631 3619 2890 3689 Ἀφέντες
2933 3621 3115 3674 τοίνυν
3168 3621 3268 3691 τὴν
3319 3620 3573 3692 ὀλεθρίαν

1991 3702 2193 3772 ταύτην
2221 3701 2774 3772 πολυπραγμοσύνην.
2801 3703 3178 3773 συντρίψωμεν
3201 3704 3298 3766 τάς
3320 3703 3571 3773 καρδίας,

1992 3784 2349 3854 πενθήσωμεν
2368 3785 2437 3836 τά
2457 3784 2825 3855 ἡμαρτημένα
2849 3787 3002 3854 ἡμῖν,
3025 3783 3209 3849 καθὼς
3239 3784 3574 3856 προσέταξεν

1991 3871 2020 3921 6
2048 3868 2301 3938 Χριστὸς,
2352 3866 2750 3935 κατανυγῶμεν
2798 3867 2890 3918 ἐπὶ
2939 3870 3053 3929 τοῖς
3103 3866 3575 3936 πλημμεληθεῖσιν

1990 3953 2143 4022 ἡμῖν,
2176 3947 2624 4016 ἀναλογισώμεθα
2677 3947 2817 4017 μετά
2870 3949 3159 4018 ἀκριϐείας
3211 3950 3280 4001 τά
3309 3948 3451 4000 κατά
3480 3948 3575 4001 τὸν

1995 4030 2302 4104 εμπροσθεν
2335 4030 2464 4098 ἡμῖν
2489 4029 2703 4081 ἅπαντα
2730 4029 3064 4100 τολμηθέντα
3092 4030 3302 4100 χρόνον,
3338 4030 3572 4082 σπουδά-

1996 4132 2177 4186 σωμεν
2206 4110 2349 4166 αὐτὰ
2377 4110 2780 4181 ἀποτρίψασθαι
2810 4112 3188 4173 παντοδαπῶς.
3230 4110 3436 4172 Πολλὰς
3466 4110 3574 4182 γὰρ

1997 4201 2076 4260 είς
2105 4196 2264 4249 τοῦτο
2290 4196 2319 4246 6
2347 4192 2478 4252 Θεὸς
2503 4191 2736 4259 ἀνέῳξεν
2766 4194 2897 4261 ἡμῖν
2925 4193 3096 4256 ὁδούς.
3147 4194 3296 4261 Λέγε
3317 4192 3425 4262 γάρ
3469 4194 3571 4261 σὺ,

1997 4281 2151 4351 φησὶ.
2181 4275 2429 4344 πρῶτος.
2457 4275 2565 4337 τὰς
2583 4274 2871 4341 ἁμαρτίας
2910 4288 3046 4335 σου,
3078 4277 3178 4329 ἵνα
3213 4273 3530 4342 δικαιωθῇς
3555 4296 3568 4309 ο

1998 4363 2093 4416 καὶ
2128 4358 2309 4419 πάλιν,
2335 4352 2492 4410 Εἵπα
2527 4355 2571 4419 ί,
2604 4354 2723 4423 Τὴν
2752 4356 3009 4425 ἀνομίαν
3034 4373 3155 4424 μου
3198 4357 3573 4426 ἐξαγορεύσει)

1999 4445 2127 4498 κατ’
2152 4441 2319 4510 ἐμοῦ,
2348 4439 2443 4493 καί
2485 4437 2565 4490 σὺ
2591 4437 2829 4507 ἀφῆκας
2851 4437 2968 4506 τὴν
2986 4438 3269 4493 ἀσέϐειαν
3296 4439 3401 4507 τῆς
3431 4456 3564 4506 καρ-

1999 4525 2132 4590 δίας
2176 4540 2315 4593 μου.
2352 4521 2485 4574 Οὐδὲ
2512 4521 2619 4591 7&9
2649 4520 2844 4593 μικρὸν
2873 4523 3005 4591 ἡμῖν
3060 4520 3300 4574 συντελεῖ
3348 4522 3486 4590 πρὸς
3513 4525 3575 4576 :6

2004 4606 2234 4679 μειῶσαι
2255 4605 2362 4658 τῶν
2388 4604 2800 4674 ἁμαρτημάτων
2821 4604 2883 4657 τὸ
2912 4602 3141 4674 μέγεθος
3167 4605 3200 4673 ἡ
3227 4605 3455 4676 συνεχὴς
3479 4607 3577 4658 αὑ-

2000 4690 2107 4745 τῶν
2133 4687 2432 4759 κατηγορία
2470 4688 2565 4740 καὶ
2612 4689 2825 4757 μνήμη.
2870 4687 3040 4739 ηἝστι
3067 4687 3159 4739 καὶ
3186 4686 3346 4758 ἑτέρα
3371 4686 3572 4761 ταύτης

2001 4777 2084 4829 ἐνε
2095 4774 2359 4846 ργεστέρα
2390 4769 2528 4832 ὁδός,
2551 4767 2611 4821 τὸ
2638 4769 2825 4838 μηδενὶ
2853 4767 2961 4821 τῶν
2987 4769 3067 4831 είς
3088 4769 3235 4840 ἡμᾶς
3258 4770 3575 4841 ἡμαρτηκό-

2000 4876 2108 4912 των
2149 4856 2526 4927 μνησικακεῖν,
2553 4851 2612 4903 :6
2642 4852 2774 4903 πᾶσι
2818 4850 2932 4914 τοῖς
2967 4851 3046 4914 είς
3072 4853 3219 4922 ἡμᾶς
3248 4853 3573 4925 πλημμελη-

2002 4942 2138 4993 θεῖσι
2162 4939 2461 5007 συγχωρεῖν
2486 4934 2554 4987 τά
2577 4932 2868 5004 πλημμελὴ
2879 4949 3041 5002 ματα.
3065 4935 3249 4990 Βούλει
3270 4937 3363 4990 καὶ
3384 4936 3573 5006 τρίτην

2006 5022 2234 5093 μαθεῖν;
2286 5021 2554 5070 ’Ἄκουσον
2603 5012 2698 5066 τοῦ
2743 5013 2940 5085 Δανιὴλ
2992 5015 3267 5085 λέγοντοςο
3314 5017 3411 5069 Διό
3467 5017 3575 5083 τὰς

2002 5103 2289 5173 ἁμαρτίας
2308 5094 2425 5153 σου
2447 5098 2516 5149 ἐν
2536 5096 2970 5163 ἐλεημοσύναις
2999 5100 3323 5165 λύτρωσαι,
3350 5098 3446 5149 καὶ
3468 5099 3576 5165 τὰς

2005 5188 2255 5257 ἀνομίας
2281 5196 2398 5236 σου
2420 5181 2491 5231 ἐν
2529 5177 2843 5244 οίκτιρμοῑς
2864 5181 3158 5248 πενήτων.
3207 5182 3365 5234 Ἔστι
3392 5178 3450 5232 δὲ
3484 5184 3581 5235 καὶ

2006 5270 2167 5340 ἐτέρα
2201 5263 2338 5337 μετά
2362 5258 2585 5325 ταύτης,
2636 5259 2669 5327 ἡ
2695 5258 2802 5311 τῶν
2832 5261 3005 5332 εὐχῶν
3058 5266 3329 5334 συνέχεια,
3380 5260 3475 5315 καὶ
3516 5263 3577 5317 τὸ

2075 5622 2099 5659 ⁸
2127 5617 2248 5684 Mor:
2271 5614 2324 5658 εί
2343 5605 2542 5699 Tm?“
2565 5616 2675 5654 "'33-
2699 5611 2813 5717 πῇδς
2837 5612 2907 5662 τό.
2933 5611 3092 5681 Savil;
3117 5614 3170 5658 et
3192 5608 3278 5658 alii
3313 5597 3427 5650 cod.
3450 5597 3547 5649 706
3566 5617 3598 5652 θ

2076 5693 2135 5717 ’τί
2160 5689 2277 5717 ποθι
2309 5686 2400 5717 τω·
2522 5662 2631 5710 51W-
2656 5673 2711 5717 ει
2788 5685 2858 5717 or.
2887 5675 3206 5717 ὑωοοιιουσαν.
3241 5665 3365 5717 Mss-
3401 5660 3604 5716 quidem

2013 5693 2137 5730 θοι-ι’.
2160 5674 2277 5736 πρὸς
2309 5673 2400 5729 τῷ.
2469 5673 2498 5733 ξ’
2522 5673 2631 5710 δίεν·
2656 5673 2711 5717 ει
2742 5673 2858 5719 Mor.
2887 5675 2976 5735 ὑφο
3068 5673 3206 5718 ῦσαν.
3241 5673 3365 5717 D153-
3401 5673 3604 5716 ειυιαεω

2012 5739 2322 5838 ὑφορμῶσριν.
2397 5725 2413 5762 ί
2448 5722 2574 5770 Hm
2604 5723 2746 5776 deest
2766 5729 2816 5777 in
2842 5731 2954 5781 Sav.
2980 5685 3090 5781 mox
3115 5730 3234 5780 Mor.
3272 5723 3490 5783 ἀφῆκας»
3515 5717 3611 5768 ὃν

2021 5804 2103 5838 γιιΔ
2129 5810 2234 5838 mai:
2258 5806 2331 5838 ἐξ.

2021 5795 2331 5849 ι’ἰιξᾶταεῐλες-
