4012 6210
405 287 472 341 65
1090 282 1148 338 S.
1187 280 1470 338 JOANNIS
1503 281 1998 340 CHRYSOSTOMI
2035 279 2353 339 ARCHIEP.
2399 275 2946 337 CONSTANTINOP.
3592 273 3661 326 66

401 400 780 476 προσεδρεύειν
804 413 828 441 α
863 400 998 471 μετὰ
1031 400 1322 470 καρτερίας
1359 403 1476 464 ταῖς
1517 403 1650 472 πρὸς
1696 403 1787 456 τὸν
1843 403 1974 456 Θεὸν

399 487 691 552 ἐντεύξεσι.
720 487 877 557 Φέρει
905 486 1025 541 τινὰ
1052 485 1400 555 παραμυθίαν
1426 488 1556 557 ἡμῖν
1580 488 1638 539 ού
1664 487 1862 558 μικρὰν
1885 488 1975 539 καὶ

399 571 552 623 λύσιν
596 567 704 621 τῶν
740 567 1143 641 ἡμαρτημένων
1188 568 1280 620 καὶ
1312 568 1533 636 νηστεία
1580 569 1779 638 ὁμοίως
1804 610 1817 632 ,
1848 569 1973 620 ὅταν

404 652 542 722 μετὰ
589 652 687 722 τῆς
737 653 819 714 εἰς
871 651 1092 721 ἐτέρους
1151 650 1556 721 φιλανθρωπίας
1606 651 1842 720 γίνηται,
1883 650 1974 702 καὶ

403 736 650 788 σϐέννυσι
681 735 742 786 τὸ
777 734 1002 804 σφοδρὸν
1037 733 1134 803 τῆς
1179 733 1348 804 ὀργῆς
1390 733 1482 787 τοῦ
1516 733 1672 788 Θεοῦ.
1712 733 1834 800 Πῦρ
1868 733 1973 804 γὰρ

399 818 826 887 φλογιζόμενον
878 816 1083 871 σϐέσει
1134 816 1289 884 ὕδωρ
1312 856 1328 878 ,
1384 817 1480 870 καὶ
1535 817 1977 885 ἐλεημοσύναις

402 903 904 971 ἀποκαθαίρονται
950 903 1244 970 ἁμαρτίαι.
1295 901 1508 964 Ταύτας
1564 901 1743 954 τοίνυν
1799 901 1976 964 πάσας

400 984 671 1054 ὁδεύωμεν
700 985 798 1046 τὰς
824 984 994 1048 ὁδούς.
1019 985 1112 1035 "Av
1132 983 1240 1051 γὰρ
1260 984 1317 1035 ἐν
1344 983 1554 1046 τούτοις
1579 977 1729 1050 ὦμεν
1752 982 1977 1034 διαπαν-

399 1069 511 1131 τδς,
543 1067 610 1120 ἂν
634 1068 714 1130 εἰς
742 1065 918 1120 ταῦτα
937 1065 1033 1136 τὴν
1071 1065 1260 1136 σχολὴν
1291 1065 1690 1135 ἀναλίσκωμεν,
1722 1067 1783 1119 ού
1819 1065 1976 1134 μόνον

399 1146 470 1202 τά
509 1149 847 1218 παρελθόντα
879 1147 1251 1217 ἀπονιψόμεθα
1283 1149 1311 1187 b
1345 1147 1812 1218 πλημμελήματα,
1843 1147 1977 1200 ἀλλά

400 1231 495 1283 καί⁵
523 1232 604 1293 εἰς
630 1230 690 1283 τὸ
719 1229 911 1300 μέλλον
938 1229 1008 1282 τὰ
1047 1229 1278 1299 μέγιστα
1321 1227 1706 1298 κερδανοῦμεν.
1753 1229 1828 1282 Οὐ
1868 1227 1977 1297 γὰρ

398 1312 708 1382 παρέξομεν
740 1311 818 1382 τῷ
865 1311 1097 1381 διαϐόλῳ
1160 1311 1352 1381 σχολὴν
1403 1310 1761 1381 προσϐάλλειν
1821 1313 1972 1380 ἡμῖν,

463 1417 488 1488 ξ
521 1414 642 1523 Mair.
677 1421 790 1476 post
828 1411 1156 1476 προσεδρεύειν
1197 1412 1361 1475 adjicit
1391 1412 1461 1460 δέ.
1526 1409 1554 1450 1³
1581 1409 1785 1470 Quidam
1809 1409 1974 1456 ἀπονι-

463 1489 548 1523 οιιε
615 1513 624 1523 .

397 1489 624 1538 πτομευα.

2075 398 2196 451 οῦτε
2228 399 2304 461 εἰς
2338 396 2607 468 ῥᾳθυμίαν
2642 395 2778 463 βίου,
2798 391 2919 445 οὔτε
2944 391 3020 453 είς
3044 390 3139 460 τὴν
3162 387 3410 459 ὀλεθρίαν
3436 407 3664 458 περιερ-

2074 483 2218 550 γίαν.
2273 483 2380 535 Καὶ
2424 483 2530 550 γὰρ
2580 478 2674 531 καὶ
2727 476 2895 529 ταῦτα
2937 485 2958 512 ο
3001 475 3137 544 μετά
3169 473 3273 526 τῶν
3316 472 3513 538 ἄλλων,
3566 475 3661 524 καὶ

2079 564 2324 616 ἐντεῦθεν
2349 562 2448 625 τὰς
2474 563 2734 631 ἀνοήτους
2782 557 3035 626 ζητήσεις
3063 555 3156 607 καὶ
3197 556 3294 616 τὰς
3325 554 3661 622 λογομαχίας

2078 649 2175 710 τάς
2201 646 2512 708 ἐπιϐλαϐεἶς
2539 644 2752 711 ἐπάγει,
2784 643 2847 694 ἐκ
2873 639 2966 692 τοῦ
3007 638 3364 708 σχολάζοντας
3392 638 3524 706 ὀρᾷν
3566 637 3660 689 καὶ

2078 729 2399 799 ἀργοῦντας,
2431 728 2522 780 καί⁵
2555 724 2821 796 μηδεμίαν
2872 723 2970 791 τῆς
3004 721 3144 774 κατά
3172 721 3260 773 τὸν
3295 719 3404 788 βίον
3455 718 3658 788 ἀρετῆς

2074 811 2330 883 πρόνοιαν
2361 809 2736 879 ποιουμένους.
2793 804 2932 857 Ἀλλ’
2969 805 3129 874 ἡμεῖς
3154 802 3302 871 αὐτῷ
3330 800 3532 870 ταύτην
3560 800 3659 868 τὴν

2074 893 2428 964 παρείσδυσιν
2452 888 2878 960 ἀποφράξωμεν,
2904 887 3359 956 γρηγορήσωμεν,
3377 883 3654 953 νήφωμεν,

2075 977 2162 1029 ἵνα
2192 977 2249 1029 ὲν
2277 975 2355 1045 τῷ
2391 974 2584 1045 βραχεῖ
2614 971 2787 1040 τούτῳ
2816 969 2992 1040 χρόνῳ
3035 967 3302 1038 καμόντες
3331 966 3506 1034 ὀλίγα,
3547 964 3658 1016 τῶν

2075 1058 2359 1111 ἀθανάτων
2394 1059 2453 1110 ἐν
2498 1058 2610 1118 τοῖς
2635 1055 2884 1123 ἀπείροις
2938 1051 3098 1105 αἰῶσι
3134 1050 3386 1120 τύχωμεν
3411 1047 3653 1116 ἀγαθῶν,

2078 1142 2262 1211 χάριτι
2316 1140 2411 1194 καὶ
2445 1137 2825 1209 φιλανθρωπίᾳ
2873 1134 2969 1187 τοῦ
3016 1133 3223 1204 Κυρίου
3281 1132 3436 1203 ἡμῶν
3481 1130 3656 1202 Ἰησοῦ

2081 1221 2339 1291 Χριστοῦ,
2371 1222 2436 1275 δι’
2457 1215 2517 1274 οὗ
2555 1220 2649 1274 καὶ
2690 1217 2808 1288 μεθ’
2839 1213 2901 1269 οὒ
2948 1216 3026 1286 τῷ
3055 1215 3248 1284 Πατρὶ,
3277 1215 3393 1285 ἅμα
3416 1215 3493 1284 τῷ
3519 1214 3658 1282 ἁγίῳ

2079 1305 2378 1375 Πνεύματι,
2403 1303 2528 1368 δόξα
2561 1303 2641 1365 εἰς
2673 1301 2799 1364 τοὺς
2819 1301 3020 1363 αἰῶνας
3049 1299 3157 1352 τῶν
3182 1297 3410 1352 αἰώνων.
3458 1297 3652 1368 Ἀμήν.

2142 1474 2164 1501 ε
2196 1469 2278 1519 Sic
2299 1469 2473 1519 Morel.
2499 1468 2612 1516 Sav.
2638 1470 2718 1516 καὶ
2737 1467 2938 1521 τούτοις.

421 1619 3530 1666 .._____._"—._———————————————————-—-——-—-——

1812 1811 1923 1884 [ιε]
1955 1812 2202 1871 omnm
2240 1818 2320 1869 Ην.

398 1925 511 1989 Ἦν
536 1932 601 1986 τὸ
629 1931 756 2002 φῶς
782 1932 848 1984 τὸ
876 1932 1187 2001 ἀληθινὸν,
1219 1932 1250 1984 ὃ
1280 1929 1508 2002 φωτίζει
1538 1930 1734 1984 πάντα
1760 1930 1981 1998 ἀνθρω-

679 2016 798 2056 πον
823 2002 1151 2072 ἐρχόμενον
1180 2004 1268 2067 εἰς
1299 2001 1405 2054 τὸν
1442 2001 1695 2070 κόσμον.

469 2103 540 2151 α’.
573 2097 708 2151 υύδέ
728 2097 836 2168 γὰρ
860 2097 1056 2151 κωλύει
1080 2105 1105 2134 ⁸
1129 2097 1222 2150 καὶ
1238 2097 1478 2168 τήμερον
1497 2094 1606 2148 τῶν
1630 2095 1809 2150 αὐτῶν
1836 2094 1982 2163 ἀψα-

400 2180 524 2233 σθαι
556 2179 836 2250 ῥημάτων,
869 2179 1054 2250 ἐπειδὴ
1081 2179 1273 2250 πρώην
1297 2180 1402 2234 ὑπὸ
1426 2181 1527 2250 τῆς
1557 2177 1667 2232 τῶν
1694 2178 1980 2248 δογμάτων

401 2262 714 2332 ἐξηγήσεως
765 2261 1118 2333 ἐκωλύθημεν
1165 2262 1338 2316 ἅπασι
1393 2265 1508 2327 τοῖς
1555 2259 1980 2330 ἀναγνωσθεῖσιν

400 2343 730 2408 ἐπεξελθεῖν.
777 2343 886 2396 Ποῦ
927 2344 1109 2398 τοίνυν
1151 2345 1286 2397 εἰσὶν
1323 2345 1373 2397 οἰ
1420 2345 1495 2415 μὴ
1532 2344 1783 2413 λέγοντες
1819 2343 1980 2396 αὑτὸν

402 2425 656 2496 ἀληθινὸν
687 2425 850 2490 Θεόν;
889 2425 1154 2480 Ἐνταῦθα
1185 2426 1283 2495 μὲν
1314 2425 1424 2496 γὰρ
1460 2426 1576 2494 φῶς
1620 2425 1870 2495 ἀληθινὸν
1900 2424 1980 2476 ετ-

404 2525 586 2580 ρηται·
618 2508 848 2579 ἑτέρωθι
877 2507 956 2572 δὲ,
1005 2508 1385 2578 αύτοαλήθεια,
1421 2509 1516 2562 καὶ
1538 2507 1808 2578 αύτοζωή.
1841 2507 1979 2560 Ἀλλ’

401 2592 597 2662 ἐκείνῳ
631 2591 730 2662 μὲν
767 2591 844 2662 τῷ
866 2590 1028 2661 λόγῳ,
1065 2592 1192 2644 ὅταν
1224 2594 1341 2644 ἐκεῖ
1371 2589 1678 2662 γενώμεθα,
1721 2591 1982 2659 σαφέστε-

404 2691 496 2745 ρον
529 2673 990 2746 ἐπεξελευσόμεθα
1012 2690 1024 2704 '
1074 2673 1218 2728 κατά
1258 2674 1316 2728 δὲ
1366 2675 1426 2727 τὸ
1457 2674 1650 2744 παρὸν,
1685 2675 1980 2740 ἀναγκαῖον

400 2762 538 2821 τέως
589 2759 766 2811 ἐκεῖνο
813 2757 951 2828 πρὸς
997 2758 1097 2830 τὴν
1137 2758 1408 2830 ὑμετέραν
1441 2751 1663 2826 ἀγάπην
1691 2757 1885 2810 εἰπεῖν’
1916 2756 1980 2809 Εἰ

401 2840 626 2910 φωτίζει
659 2841 836 2893 πάντα
871 2839 1157 2910 ἄνθρωπον
1203 2840 1497 2910 ἐρχόμενον
1527 2840 1606 2902 εἰς
1633 2839 1724 2894 τὸν
1752 2839 1978 2908 κόσμον,

401 2926 518 2988 πιῖις
561 2923 855 2993 ἀφώτιστοι
891 2924 1232 2995 μεμενήκασι
1287 2923 1568 2988 τοσοῦτοι;
1621 2923 1697 2976 Οὐ
1749 2923 1859 2993 γὰρ
1910 2922 1975 2992 δὴ

399 3010 600 3072 πάντες
638 3008 957 3076 ἐπέγνωσαν
1008 3007 1102 3060 τοῦ
1151 3005 1387 3077 Χριστοῦ
1415 3006 1475 3060 τὸ
1505 3006 1689 3070 σέϐας.
1733 3006 1857 3068 Πῶς
1887 3001 1978 3058 οὖν

401 3090 625 3159 φωτίζει
656 3091 834 3144 πάντα
863 3089 1184 3159 άνθρωπονς
1219 3089 1291 3142 Τό
1318 3105 1381 3156 γε
1413 3091 1492 3152 εἰς
1525 3089 1687 3142 αὑτὸν
1709 3085 1864 3160 ἦκον.
1915 3088 1978 3139 Εἰ

397 3175 454 3228 δέ
491 3191 635 3236 τινες
664 3175 879 3236 ἑκόντες
906 3174 1032 3236 τοὺς
1049 3173 1145 3242 τῆς
1169 3172 1402 3235 διανοίας
1431 3171 1741 3242 ὀφθαλμοὺς
1777 3169 1980 3240 μύσαν-

399 3274 509 3320 τες,
547 3258 621 3326 μὴ
654 3256 926 3326 βούλοιντο
957 3256 984 3296 δ
1017 3253 1420 3326 παραδέξασθαι
1445 3253 1541 3307 τοῦ
1575 3253 1750 3323 φωτὸς
1788 3252 1976 3305 τούτου

400 3339 499 3401 τὰς
529 3342 774 3401 ἀκτῖνας,
820 3340 882 3391 ού
933 3338 1084 3407 παρὰ
1118 3338 1216 3408 τὴν
1258 3337 1352 3390 τοῦ
1387 3338 1562 3405 φωτὸς
1597 3337 1758 3404 φύσιν
1788 3337 1820 3405 ὴ
1849 3335 1977 3388 σκό-

399 3439 563 3484 τωσις
587 3421 835 3482 ἐκείνοις,
859 3419 995 3472 ἀλλά
1025 3419 1176 3488 παρὰ
1198 3420 1298 3487 τὴν
1313 3417 1647 3488 κακουργίαν
1673 3418 1781 3470 τῶν
1803 3417 1980 3470 ἑκοντὶ

398 3501 846 3572 ἀποστερούντων
875 3502 1100 3576 ἑαυτοὺς
1128 3499 1227 3569 τῆς
1267 3500 1495 3571 δωρεᾶς.
1537 3501 1599 3552 Ἦ
1634 3500 1730 3569 μὲν
1753 3501 1862 3571 γὰρ
1886 3501 1981 3570 χά-

401 3601 486 3654 ρις
517 3587 597 3646 εἰς
623 3583 826 3646 πάντας
855 3583 1166 3652 ἐκκέχυται,
1190 3583 1290 3635 οὐκ
1322 3582 1701 3652 ⁹ῐουδαῖον,οὐχ
1721 3582 1976 3651 Ἕλληνα,

399 3667 461 3720 ού
491 3666 784 3737 βάρϐαρον,
834 3666 894 3718 οὐ
931 3664 1164 3735 Σκύθην,
1207 3665 1307 3716 οὐκ
1354 3664 1659 3736 ἐλεύθερον,
1686 3667 1745 3717 ού
1772 3664 1975 3729 δοῦλον,

399 3752 498 3805 οὐκ
531 3749 721 3820 ἄνδρα,
761 3749 821 3802 ού
850 3750 1103 3816 γυναῖκα,
1141 3748 1202 3801 οὐ
1233 3746 1562 3818 πρεσϐύτην,
1596 3749 1656 3801 ού
1690 3748 1806 3800 νέον
1848 3749 1980 3801 ἀπο-

400 3832 740 3904 στρεφομένη
761 3848 775 3863 ο
809 3831 1017 3893 πάντας
1043 3831 1098 3883 δέ
1113 3830 1313 3900 ὁμοίως
1340 3829 1692 3900 προσιεμένη,
1725 3831 1817 3882 καὶ
1841 3835 1978 3899 μετὰ

398 3915 498 3984 τῆς
524 3916 646 3985 ἰσης
671 3913 910 3967 καλοῦσα
929 3913 1116 3984 τιμῆς.
1147 3916 1208 3968 Ut
1237 3913 1294 3966 δὲ
1323 3913 1423 3966 οὐκ
1449 3912 1719 3976 ἐθέλοντες
1749 3912 1979 3967 ἀπολαῦ-

400 4015 492 4050 σαι
529 3997 628 4067 τῆς
669 3996 879 4067 δωρεᾶς
918 3995 1141 4074 ταύτης,
1189 3995 1400 4057 ἑαυτοῖς
1431 3993 1630 4047 δίκαιοι
1677 3995 1880 4066 ταύτην
1910 3995 1978 4048 ἂν

398 4077 510 4133 εἰεν
539 4077 858 4147 λογίσασθαι
883 4078 982 4148 τὴν
1011 4079 1280 4148 πήρωσιν.
1308 4077 1477 4130 Ὅταν
1499 4075 1606 4144 γὰρ
1639 4080 1738 4148 τῆς
1771 4077 1974 4131 εἰσόδου

397 4163 563 4216 πᾶσιν
588 4161 960 4232 ἀνεῳγμένης,
997 4160 1089 4212 καὶ
1118 4158 1342 4230 μηδενὸς
1361 4159 1454 4212 τοῦ
1485 4158 1786 4222 κωλύοντος
1803 4159 1973 4224 ὄντος,

396 4241 850 4305 ἐθελοκακοῦντές
882 4258 1027 4304 τινες
1073 4240 1178 4307 ἔξω
1215 4241 1440 4310 μένωσι,
1476 4243 1604 4312 παρ’
1632 4241 1819 4294 οὐδένα
1862 4240 1977 4296 ἔτε-

398 4345 511 4398 ρον,
548 4326 723 4396 ἀλλ’ἢ
766 4325 916 4395 παρὰ
940 4325 1039 4394 τὴν
1081 4324 1288 4378 οἰκείαν
1337 4324 1600 4395 πονηρίαν
1646 4325 1973 4380 ἀπόλλυνται

398 4410 580 4478 μόνον.
618 4410 714 4462 Ἐν
751 4407 830 4472 τῷ
868 4409 1072 4474 κόσμῳ
1098 4402 1195 4476 ἦν·
1231 4406 1345 4459 ἀλλ’
1376 4408 1475 4477 οὐχ
1503 4408 1577 4470 ὡς
1613 4407 1706 4461 τοῦ
1763 4408 1967 4478 κόσμου

397 4492 711 4563 σύγχρονος,
751 4491 953 4558 ἄπαγε.
990 4490 1090 4542 Διὰ
1131 4489 1240 4560 γὰρ
1269 4488 1426 4543 τοῦτο
1469 4491 1738 4559 ἐπήγαγε·
1787 4492 1897 4545 Καὶ
1937 4495 1970 4546 ό

394 4575 623 4644 κόσμος
661 4573 736 4628 δι’
786 4573 971 4628 αὑτοῦ
1018 4570 1283 4641 ἐγένετο·
1341 4573 1427 4625 διὰ
1459 4573 1648 4626 τούτου
1696 4591 1754 4626 σε
1810 4574 1970 4629 πάλιν

394 4657 610 4725 ἀνάγων
640 4657 732 4711 ἐπὶ
765 4654 863 4726 τὴν
892 4655 1218 4725 πρωιὼνιον
1245 4655 1476 4726 ὓπαρξιν
1501 4656 1592 4708 τοῦ
1616 4655 1967 4724 Μονογενοῦς.

404 4741 466 4793 ’0
498 4756 606 4809 γαρ
635 4738 872 4801 ἀκούσας
916 4740 998 4792 ὅτι
1030 4737 1189 4809 ἔργον
1232 4737 1396 4790 αὑτοῦ
1439 4739 1556 4791 τόδε
1600 4739 1662 4791 τὸ
1707 4743 1835 4805 πᾶν,
1868 4740 1971 4792 κᾶν

395 4822 599 4891 σφόδρα
622 4821 947 4891 ἀναίσθητος
975 4816 1032 4893 ᾖ,
1063 4818 1164 4873 κᾶν
1192 4819 1403 4890 ἐχθρὸς,
1452 4819 1552 4873 κᾶν
1582 4820 1837 4890 πολέμιος
1869 4821 1970 4890 τῆς

391 4905 549 4973 δόξης
575 4903 672 4956 τοῦ
710 4902 864 4966 Θεοῦ,
912 4903 1129 4964 πάντως
1172 4904 1264 4954 καὶ
1308 4902 1449 4953 ἐκὼν
1487 4904 1580 4954 καὶ
1618 4903 1765 4956 ἄκων
1803 4905 1971 4971 ἀναγ-

393 4986 725 5056 κασθήσεται
755 4985 861 5054 πρὸ
887 4985 996 5037 τῶν
1024 4985 1201 5056 ἔργων
1226 4983 1556 5053 ὁμολογῆσαι
1587 4985 1677 5036 τὸν
1710 4986 1964 5057 Ποιητήν.

395 5068 558 5122 Ὅθεν
591 5086 679 5139 μοι
710 5067 802 5121 καὶ
834 5066 1132 5136 θαυμάζειν
1167 5065 1373 5118 ἔπεισιν
1405 5067 1490 5117 ἀεὶ
1516 5066 1612 5135 τὴν
1642 5067 1854 5120 Παύλου
1877 5067 1998 5122 τοῦ.

393 5151 754 5220 Σαμοσατέως
795 5150 1011 5220 μανίαν,
1047 5149 1163 5212 πῶς
1216 5148 1351 5218 πρὸς
1401 5149 1500 5218 τὴν
1543 5149 1682 5202 οὕτω
1731 5152 1971 5223 φανερὰν

391 5233 648 5304 ἀλήθειαν
688 5232 1002 5301 ἀντιϐλέψαι
1029 5232 1314 5302 ἐτόλμησε.
1343 5231 1436 5284 καὶ
1457 5233 1596 5285 ἑκὼν
1622 5234 1809 5287 ἐαυτὸν
1847 5253 1970 5288 κατ-

391 5318 740 5386 εκρήμνισεν.
769 5315 902 5368 Οὐδὲ
931 5315 1038 5383 γὰρ
1063 5313 1291 5381 ἀγνοῶν,
1316 5313 1450 5367 ἀλλά
1477 5315 1570 5366 καὶ
1592 5316 1791 5384 σφόδρα
1816 5316 1970 5381 εἰδὼς

391 5397 670 5468 ἡμάρτανε
701 5407 750 5459 ε,
783 5397 978 5449 ταύτὸν
1011 5396 1196 5448 παθὼν
1225 5397 1339 5459 τοῖς
1374 5397 1670 5460 Ἰουδαίοις.
1704 5398 1970 5469 Καθάπερ

388 5479 714 5550 γὰρ-ἐκεῖνοι
739 5478 873 5550 πρὸς
902 5477 1223 5550 ἀνθρώπους
1242 5479 1495 5550 ὁρῶντες,
1521 5479 1582 5531 τὸ
1607 5481 1704 5549 τῆς
1738 5481 1970 5545 πίστεως

452 5646 477 5673 ⁸
502 5642 652 5691 Savil.
681 5647 734 5690 et
756 5641 894 5690 codd.
917 5641 1011 5690 705
1037 5645 1090 5688 el.
1112 5637 1203 5686 706
1223 5639 1358 5687 οὐδὲν
1377 5640 1566 5689 κωλύει.
1596 5642 1713 5691 Mor.
1741 5650 1791 5689 et
1814 5645 1968 5694 mullo

388 5705 557 5802 ειμι-οε
577 5704 710 5751 οὐδὲν
734 5704 822 5764 γὰρ
847 5702 1037 5749 κωλύει.
1067 5699 1157 5749 Ubi
1178 5700 1298 5748 illud
1319 5700 1405 5762 γάρ
1427 5702 1484 5748 ad
1506 5702 1698 5751 titulum
1723 5705 1952 5753 refertur.

438 5763 518 5802 Sno
540 5765 645 5802 Sav,
678 5770 729 5802 pl
751 5775 922 5802 omnes
943 5773 1072 5802 nene
1094 5773 1209 5802 mss-
1253 5759 1371 5802 Mor-
1422 5773 1539 5802 vero
1576 5764 1658 5802 οὖν
1702 5766 1935 5802 ﬁala-rum.

438 5763 518 5812 Sic
540 5765 649 5811 Sav.
678 5759 922 5810 et'ofnnes
943 5773 1072 5822 pene
1094 5773 1209 5808 mss.
1252 5759 1391 5822 Morj
1422 5773 1539 5810 vero
1576 5764 1662 5811 οὐκ
1702 5766 1950 5822 ἠθέλησαν.

393 5827 418 5856 ⁸
441 5823 610 5874 Morel.
636 5825 877 5886 ἐξήμαρτε.
906 5821 1016 5872 Silv.
1042 5827 1094 5872 et
1117 5833 1230 5870 mss.
1266 5821 1520 5878 ἡμάρτανε.

2085 1931 2409 2002 προῦδωκαν
2444 1932 2615 2000 ύγιες,
2647 1930 2845 1991 εἰδότες
2877 1929 2973 1997 μὲν
2998 1927 3080 1978 ὅτι
3112 1922 3273 1984 αὐτός
3321 1920 3465 1973 ἐστιν
3507 1921 3535 1972 6
3567 1936 3660 1989 p.0-

2083 2016 2309 2085 νογενὴς
2338 2015 2365 2054 ἀ
2407 2014 2536 2077 Υἰὸς
2567 2012 2663 2066 τοῦ
2704 2011 2861 2074 Θεοῦ,
2892 2009 2978 2062 διὰ
3017 2007 3073 2060 δέ
3106 2006 3230 2068 τοὺς
3265 2005 3530 2075 ἄρχοντας
3565 2003 3660 2071 οὐχ

2083 2097 2200 2170 [491
2234 2098 2643 2169 ὁμολογοῦντες,
2676 2096 2762 2148 ἵνα
2810 2095 2884 2165 μὴ
2915 2090 3334 2157 ἀποσυνάγωγοι
3361 2086 3623 2155 γένωνται
3644 2101 3656 2113 ·

2081 2182 2223 2235 οὕτω
2255 2182 2346 2234 καὶ
2376 2181 2565 2234 τοῦτον
2611 2179 2828 2247 γυναικί
2870 2193 2974 2229 τινι
3013 2171 3394 2244 χαριζόμενον,
3427 2170 3526 2240 τὴν
3556 2186 3658 2221 σω-

2080 2265 2276 2335 τηρίαν
2323 2265 2486 2334 φασὶν
2529 2260 2825 2316 ἀποδόσθαι
2877 2258 2974 2328 τὴν
3019 2254 3234 2308 ἐαυτοῦ.
3290 2252 3471 2305 Δεινὸν
3528 2252 3657 2335 γὰρ,

2081 2332 2249 2408 ὅντως
2280 2332 2449 2400 δεινὸν
2488 2345 2588 2415 τῆς
2634 2340 2939 2407 κενοδοξίας
2979 2336 3312 2409 ήτυραννίς,
3349 2335 3441 2388 καὶ
3481 2332 3660 2401 σοφῶν

2081 2429 2392 2499 ὀφθαλμοὺς
2432 2427 2728 2496 ἐκτυφλοῦν
2765 2425 2967 2487 ἰκανὸν,
3008 2424 3135 2476 ὅταν
3185 2421 3260 2491 μὴ
3289 2423 3550 2490 νήφωσιν.
3597 2418 3659 2470 Εἰ

2082 2512 2192 2582 γὰρ
2238 2514 2272 2584 ἡ
2320 2512 2620 2583 δωροδοκία
2669 2508 2826 2562 τοῦτο
2881 2505 3076 2575 ἰσχύει,
3117 2503 3326 2574 πολλλῷ
3368 2502 3574 2584 μᾶλλον
3600 2501 3662 2552 τὸ

2081 2594 2285 2664 ταύτης
2328 2595 2629 2665 βιαιότερον
2683 2591 2874 2655 πάθος.
2917 2590 3016 2642 Διά
3047 2590 3206 2642 τοῦτο
3248 2588 3342 2640 καὶ
3389 2583 3660 2645 Ἰουδαίοις

2083 2677 2266 2745 ἔλεγεν
2298 2679 2326 2728 6
2360 2677 2624 2747 Χριστός·
2661 2674 2794 2740 Πῶς
2819 2675 3082 2727 δύνασθε
3115 2670 3440 2730 πιστεύειν,
3473 2667 3662 2728 δόξαν

2082 2760 2239 2827 παρὰ
2263 2759 2589 2828 ἀνθρώπων
2608 2756 3037 2826 λαμϐάνοντες,
3071 2753 3166 2807 καὶ
3191 2752 3304 2819 τὴν
3332 2751 3519 2814 δόξαν
3547 2748 3662 2814 τὴν

2083 2842 2242 2908 παρὰ
2279 2841 2385 2895 τοῦ
2423 2841 2616 2910 μόνου
2669 2838 2816 2894 Θεοῦ
2860 2841 2930 2892 οὺ
2969 2835 3314 2904 ζητοῦντεςξ
3343 2834 3454 2888 Καὶ
3492 2835 3524 2886 ό
3558 2833 3658 2884 κό-

2083 2939 2239 2993 σμος
2270 2923 2457 2977 αὑτὸν
2494 2925 2606 2976 οὐκ
2649 2923 2820 2992 ἔγνω.
2859 2916 3122 2973 Ἐνταῦθα
3172 2917 3377 2986 κόσμον
3415 2914 3480 2968 τὸ
3525 2914 3660 2983 πλῆ-

2083 3006 2174 3070 θός
2205 3023 2359 3076 φησι,
2387 3005 2446 3058 τὸ
2483 3005 2873 3074 διεφθαρμένον
2903 3004 2996 3057 καὶ
3042 3005 3153 3065 τοῖς
3192 3003 3399 3071 γητνοις
3429 3015 3655 3068 προστεο

2081 3091 2248 3161 τηκὸς
2286 3088 2595 3160 πράγμασι,
2637 3088 2727 3141 τὸν
2777 3087 3015 3158 χυδαῖον,
3063 3087 3158 3139 καὶ
3200 3083 3512 3155 ταραχώδη.
3563 3081 3658 3133 καὶ

2083 3173 2305 3244 ἀνόητον
2344 3172 2490 3228 λαόν.
2535 3172 2622 3234 Ὠς
2655 3171 2710 3223 οἵ
2737 3188 2800 3239 γε
2841 3169 2935 3223 τοῦ
2976 3169 3110 3222 Θεοῦ
3141 3168 3283 3237 φίλοι
3317 3165 3412 3219 καὶ
3445 3164 3660 3234 θαυμα-

2081 3258 2198 3309 στοὶ
2236 3257 2435 3318 πάντες
2465 3255 2626 3307 αὐτὸν
2655 3255 2970 3321 ἐπέγνωσαν
3004 3252 3098 3306 καὶ
3132 3252 3238 3321 πρὸ
3263 3255 3361 3322 τῆς
3387 3251 3658 3320 ἐνσάρκου

2081 3337 2400 3407 παρουσίας.
2429 3337 2538 3388 Καὶ
2580 3338 2708 3407 περὶ
2751 3337 2847 3406 μὲν
2880 3335 2974 3388 τοῦ
3005 3335 3342 3407 πατριάρχου
3368 3335 3460 3387 καὶ
3494 3333 3658 3395 αὐτὸς

2079 3422 2344 3489 ὀνομαστί
2396 3437 2560 3488 φησιν
2604 3422 2633 3472 6
2676 3420 2932 3489 Χριστὸς,
2971 3420 3052 3472 ὅτι
3092 3420 3335 3487 Ἀϐραὰμ
3369 3422 3400 3472 ὀ
3460 3417 3662 3483 πατὴρ

2081 3503 2246 3571 ὑμῶν
2262 3499 2694 3570 ἠγαλλιάσατο,
2715 3501 2815 3554 ἵνα
2843 3499 2938 3569 ἴδῃ
2964 3502 3077 3570 τὴν
3103 3501 3329 3570 ἡμέραν
3349 3501 3462 3565 τὴν
3483 3499 3654 3567 ἐμήν·

2080 3587 2178 3639 καί
2207 3580 2349 3646 εἶδε,
2382 3583 2480 3637 καὶ
2526 3582 2732 3652 ἐχάρη.
2775 3583 2885 3636 Καὶ
2921 3585 3048 3654 τιερλ⁵
3084 3585 3178 3636 τοῦ
3222 3583 3382 3637 Δαυῒδ
3424 3583 3479 3635 δὲ
3525 3584 3657 3635 Ἰου-

2079 3669 2260 3730 δαίους
2282 3667 2518 3738 ἐλέγχων
2545 3667 2719 3732 ἔλεγε·
2750 3666 2882 3733 Πῶς
2910 3663 3024 3722 οὖν
3052 3667 3236 3722 Δαυῒδ
3263 3669 3332 3720 ἐν
3363 3667 3658 3734 Πνεύματι

2081 3751 2298 3819 Κύριον
2347 3749 2535 3804 αὐτὸν
2573 3749 2754 3804 καλεῖ
2779 3751 2996 3818 λέγων’
3032 3745 3219 3803 Εἶπεν
3259 3753 3290 3803 ό
3337 3751 3548 3817 Κύριος
3577 3748 3659 3814 τῷ

2079 3834 2274 3900 Κυρίῳ
2303 3850 2446 3901 μουθ
2477 3831 2674 3886 Κάθου
2707 3833 2775 3886 ἐκ
2804 3831 3018 3896 δεξιῶν
3039 3848 3200 3900 μου;
3246 3832 3356 3884 Καὶ
3388 3831 3655 3900 πολλαχοῦ

2080 3916 2216 3988 πρὸς
2244 3917 2482 3979 ἐκείνους
2524 3916 2810 3985 ἱστάμενος
2844 3916 3124 3977 Μωῦσέως
3179 3915 3471 3985 μέμνηται·
3527 3914 3659 3984 περὶ

2076 3998 2134 4051 δὲ
2164 3997 2275 4050 τῶν
2303 3997 2505 4051 λοιπῶν
2540 3996 2834 4068 προφητῶν
2860 3999 2888 4049 6
2929 3996 3266 4059 Ἀπόστολος.
3297 3997 3508 4058 Πάντας
3547 3996 3656 4065 γὰρ

2075 4083 2202 4144 τοὺς
2231 4082 2514 4152 προφήτας
2539 4080 2648 4133 ἀπὸ
2690 4079 2940 4150 Σαμουὴλ
2968 4080 3263 4147 ἐγνωκέναι
3298 4081 3460 4150 φησὶν
3489 4082 3516 4132 6
3551 4081 3654 4132 Πέ-

2075 4181 2204 4235 τρος
2222 4163 2405 4226 αὑτὸν,
2430 4162 2526 4218 καὶ
2553 4162 2652 4232 τὴν
2676 4163 2978 4233 παρουσίαν
3016 4162 3181 4217 αὐτοῦ
3210 4162 3490 4235 πόρρωθεν
3526 4179 3656 4232 προ-

2083 4249 2387 4315 αναφωνεϊν
2407 4286 2422 4310 ,
2455 4244 2597 4298 οὕτω
2623 4245 2826 4314 λέγων·
2861 4246 2971 4299 Καὶ
3007 4245 3230 4312 πάντες
3267 4250 3320 4300 οἱ
3358 4244 3658 4315 προφῆται

2076 4328 2194 4382 ἀπὸ
2225 4326 2509 4397 Σαμουὴλ
2560 4327 2657 4380 καὶ
2704 4328 2825 4380 τῶν
2863 4327 3122 4395 καθεξῆς
3153 4329 3283 4382 ὅσοι
3315 4328 3654 4393 ἐλάλησαν,

2077 4411 2175 4462 καὶ
2201 4411 2599 4480 κατήγγειλαν
2635 4411 2739 4476 τὰς
2765 4409 2987 4479 ἡμέρας
3007 4413 3240 4474 ταύτας,
3276 4412 3365 4480 Τῷ
3387 4412 3441 4463 δὲ
3459 4411 3657 4464 ’ῐακὼὸ

2071 4493 2166 4544 καὶ
2191 4491 2268 4562 τῷ
2302 4493 2471 4563 πατρὶ
2499 4491 2578 4561 τῷ
2601 4491 2810 4556 τούτου,
2845 4492 3033 4563 ῶσπερ
3061 4489 3151 4546 οὖν
3191 4495 3282 4546 καὶ
3310 4493 3386 4560 τῷ
3420 4495 3652 4562 πάππῳ,

2071 4575 2165 4628 καὶ
2213 4575 2382 4645 ἐφάνη
2413 4576 2504 4628 καὶ
2531 4574 2797 4646 διελέχθη,
2824 4577 2914 4628 καὶ
2964 4576 3129 4629 πολλὰ
3177 4577 3268 4629 καί
3307 4577 3512 4647 μεγάλα
3552 4578 3660 4629 611-

2074 4660 2263 4728 έσχετο
2291 4658 2483 4712 δώσειν
2534 4659 2742 4724 ἀγαθὰ,
2777 4661 2920 4731 ἅπερ
2965 4657 3056 4714 οὖν
3101 4663 3193 4714 καὶ
3232 4664 3312 4724 εἰς
3359 4663 3516 4733 ἔργον
3569 4664 3657 4728 ἐξ-

2071 4742 2289 4811 ήνεγκε.
2324 4743 2446 4806 Πῶς
2478 4738 2590 4804 οὖν,
2629 4744 2812 4813 φησὶν,
2844 4745 3004 4808 αὐτὸς
3029 4745 3209 4814 ἔλεγε·
3245 4748 3464 4800 Πολλοὶ
3506 4763 3656 4812 προ-

2077 4822 2258 4892 φῆται
2311 4825 2700 4892 ἐπεθύμησαν
2747 4825 2897 4880 ἰδεῖν
2947 4827 2987 4880 ἂ
3044 4827 3326 4892 βλέπετε,
3384 4829 3480 4880 καὶ
3535 4830 3654 4881 οὐκ

2070 4901 2252 4970 εἶδον,
2279 4905 2377 4960 καὶ
2415 4906 2671 4960 ἀκοῦσαι
2696 4906 2734 4960 ἂ
2761 4909 3026 4972 ἀκούετε,
3056 4911 3154 4963 καὶ
3192 4913 3302 4963 οὐκ
3343 4910 3657 4976 ἤκουσιιν;

2069 4984 2218 5058 *Αρα
2251 4989 2359 5058 γὰρ
2389 4990 2450 5042 ού
2485 4989 2744 5058 μετέσχον
2781 4991 2879 5059 τῆς
2922 4989 3173 5058 γνώσεως
3217 4995 3316 5062 τῆς
3347 4995 3426 5053 εἰς
3453 4993 3650 5051 αύτόν;

2073 5073 2218 5126 Πάνυ
2247 5072 2345 5141 μὲν
2374 5067 2485 5124 οῦν·
2519 5071 2787 5125 καὶτοῦτο
2812 5073 2906 5125 καὶ
2932 5073 3039 5125 ἀπὸ
3066 5075 3164 5144 τῆς
3191 5077 3399 5144 ρήσεως
3425 5075 3652 5146 ταύτης,

2071 5153 2164 5221 ἀφ’
2197 5150 2264 5225 ἧς
2289 5153 2567 5224 νομίζουσί
2594 5170 2737 5216 τινες
2765 5154 2963 5217 αὐτοὺς
2995 5155 3422 5226 ἀπεστερῆσθαι.
3457 5158 3659 5224 πειρά-

2073 5252 2235 5305 σομαι
2267 5235 2490 5306 ποιῆσαι
2525 5238 2773 5306 φανερόν.
2802 5237 3026 5290 Πολλοὶ
3051 5236 3179 5307 γὰρ,
3211 5239 3395 5308 φησὶν,
3435 5240 3655 5294 ἐπεθυο

2065 5334 2274 5387 μησαν
2303 5319 2448 5371 ἰδεῖν
2471 5317 2509 5371 ἁ
2531 5317 2812 5382 βλέπετε.
2839 5320 2997 5371 Ὥστε
3031 5319 3228 5390 ᾔδεσαν
3259 5321 3420 5373 αὑτὸν
3449 5322 3653 5391 ἥξοντα

2071 5403 2150 5462 εἰς
2177 5400 2494 5471 ἀνθρώπους
2528 5411 2574 5463 ε,
2607 5401 2699 5453 καὶ
2735 5402 3176 5471 οἰκονομησοντα,
3206 5402 3349 5473 ἅπερ
3382 5405 3475 5455 καὶ
3503 5403 3653 5472 ᾠκο-

2070 5481 2327 5552 νόμησεν.
2369 5484 2443 5535 Ού
2491 5481 2598 5552 γὰρ
2636 5480 2722 5544 ἂν,
2774 5483 2821 5534 εἰ
2876 5484 2948 5553 μὴ
3003 5483 3219 5554 ᾔδεσαν,
3269 5485 3648 5556 ἐπεθύμησαν.

2094 5709 2146 5782 ,ἀ
2175 5710 2355 5782 υρυεηὸ
2376 5712 2810 5782 μονογενής-ηισιρζ
2874 5725 2895 5752 e
2921 5713 3000 5760 Sic
3028 5713 3128 5782 Mm:
3169 5715 3279 5782 Sag.
3303 5715 3652 5782 €x_1¢‘£w_o~39a-

2060 5771 2357 5878 ISavil.
2389 5774 2436 5820 in
2473 5775 2602 5820 nolis
2634 5774 2894 5834 legendum
2929 5780 3065 5834 pulal
3104 5776 3157 5822 ἐκ
3199 5777 3294 5821 τῶν
3316 5777 3527 5826 οῠῦανῶν
3563 5771 3653 5836 ἐἰς

2146 5847 2344 5894 ρωπους.
