4000 6210
362 293 439 346 65
1458 285 1524 342 IN
1561 286 1873 345 JOANNEM
1911 289 2144 350 HOMIL.
2187 293 2320 351 VIII.
2363 297 2434 351 al.
2474 297 2584 354 VII.

364 410 456 463 ιδ,
508 402 663 473 9.6)?
719 411 770 456 et
827 415 1046 464 rursus,
1093 399 1277 464 Diai',
1346 400 1632 469 Conﬁtebor
1691 404 1952 459 adversum

361 494 764 562 meinjustitiam
807 507 969 546 meam
1019 490 1236 545 Domino
1260 531 1274 553 ,
1321 501 1368 544 et
1412 501 1466 544 tu
1513 494 1745 549 remisisti
1773 497 1952 567 impie-

354 595 510 636 tatem
531 583 698 636 cordis
724 583 821 635 mei
856 580 1038 651 (Psat.
1087 583 1176 636 3i.
1221 582 1310 650 5).
1364 582 1548 652 Neque
1580 585 1721 639 enim
1764 601 1948 656 parum

354 676 515 729 nobis
571 674 781 728 confert
831 673 897 728 ad
961 674 1304 729 minuendam
1371 684 1706 744 peccatorum
1752 680 1946 734 molem

356 765 614 834 frequens
643 779 829 819 eorum
866 765 1124 818 memoria
1169 774 1224 819 et
1269 765 1558 820 accusatio.
1610 767 1704 820 Est
1749 779 1802 822 et
1843 769 1944 824 alia

354 856 629 910 et'licacior
671 856 792 920 via,
852 856 894 909 si
937 856 1138 911 nemini
1185 870 1368 910 eorum
1396 897 1410 919 ,
1460 858 1548 926 qui
1593 859 1644 911 in
1694 874 1792 913 nos
1821 875 1944 928 pec-

357 947 1133 1010 earunt,succenseamus;si
1155 946 1404 1000 omnibus
1456 948 1553 1010 iis,
1607 949 1694 1018 qui
1745 950 1794 1003 in
1848 967 1946 1007 nos

354 1036 728 1105 deliquerunt,
771 1037 962 1091 delicta
989 1035 1372 1091 condonemus.
1409 1037 1497 1091 Vis
1522 1046 1575 1091 et
1605 1039 1809 1092 tertiam
1829 1041 1945 1094 edi-

356 1141 504 1180 scere
546 1127 724 1179 viam?
763 1126 903 1180 Audi
949 1127 1220 1180 Danielem
1265 1126 1530 1182 dicentem
1562 1145 1575 1179 :
1614 1129 1944 1192 Quamobrem

353 1227 558 1282 meatu
579 1227 667 1269 tua
687 1217 1015 1286 eleemosynis
1038 1218 1249 1281 redime,
1280 1227 1328 1270 et
1348 1218 1631 1283 iniquitates
1661 1229 1772 1272 tuas
1796 1222 1942 1275 mise-

351 1306 573 1358 ricordia
603 1323 724 1376 erga
757 1323 1006 1376 pauperes
1046 1305 1225 1376 (Dan.
1279 1307 1333 1360 4.
1379 1307 1448 1360 24
1470 1307 1511 1377 ).
1565 1307 1658 1363 Est
1696 1319 1749 1363 et
1795 1311 1893 1363 alia
1920 1353 1935 1375 ,

351 1413 541 1466 nempe
568 1400 872 1452 orationum
903 1399 1218 1468 frequentia,
1243 1408 1297 1454 et
1327 1399 1378 1452 in
1409 1398 1656 1468 precibus
1677 1401 1741 1454 ad
1769 1401 1932 1455 Deum

347 1491 554 1544 emissis
603 1494 1024 1560 perseverantia.
1055 1491 1221 1546 Ail‘ert
1247 1493 1406 1545 etiam
1433 1491 1588 1546 nobis
1616 1493 1937 1546 consolatio-

347 1597 469 1638 nexu
498 1600 606 1636 nou
628 1583 891 1636 modicam
919 1593 972 1637 et
1000 1584 1368 1638 remissionem
1410 1593 1749 1652 peccatorum
1793 1584 1934 1652 jeju-

352 1675 527 1737 nium,
558 1676 763 1742 quando
813 1690 936 1728 cum
989 1674 1313 1744 benignitate
1361 1689 1482 1743 erga
1536 1675 1668 1728 alios
1707 1673 1931 1742 conjun-

348 1775 490 1818 ctnm
530 1779 643 1829 est,
690 1779 848 1836 atque
903 1767 995 1819 ira:
1043 1767 1133 1820 Dei
1184 1767 1573 1822 vehementiam
1623 1767 1928 1837 exstinguit.

405 1873 422 1903 ⁸
463 1873 586 1932 Vox,
606 1873 732 1934 dixi,
749 1877 897 1925 deest
920 1878 967 1925 in
987 1875 1128 1925 Savil.

1459 1978 2985 2009 Ἥ

3566 337 3634 391 66

2062 407 2241 479 Ignem
2289 414 2430 468 enim
2469 417 2814 484 flammantem
2859 437 2992 492 aqua
3038 426 3349 498 exstinguat,
3405 441 3452 485 et
3511 437 3640 488 etee-

2059 503 2284 596 mosynis
2309 516 2516 596 peccata
2542 519 2825 580 purgantur
2854 512 3048 582 (Eccli.
3080 517 3136 571 3.
3170 518 3239 574 30
3333 521 3387 575 lu
3413 521 3492 577 his
3514 539 3641 596 ergo

2058 590 2158 644 viis
2184 595 2434 650 omnibus
2459 598 2786 666 gradiantur.
2809 602 2863 657 Si
2889 604 3031 659 enim
3073 607 3124 661 in
3166 609 3232 663 iis
3261 590 3380 666 sem
3393 630 3488 684 per
3520 590 3640 669 vei-

2055 694 2255 747 semur,
2281 684 2324 738 si
2353 685 2405 739 in
2423 685 2486 741 iis
2515 702 2673 744 omne
2701 691 2937 748 studium
2965 697 3318 768 insumamus,
3349 718 3453 758 non
3477 705 3636 759 modo

2055 772 2323 838 praeterita
2347 784 2564 843 peccata
2587 779 2885 850 abluemus,
2917 785 3011 840 sed
3041 788 3202 842 etiam
3234 790 3286 845 in
3311 790 3494 846 futuro
3515 809 3632 848 ma-

2051 860 2192 914 xima
2222 862 2566 921 lucrabimur.
2595 868 2777 940 Neque
2801 873 2943 928 enim
2983 875 3196 932 diabolo
3222 879 3395 936 locum
3443 882 3633 938 olI'ere-

2050 965 2168 1004 mus
2196 968 2296 1008 nos
2325 954 2633 1026 invadendi,
2662 977 2835 1032 neque
2858 964 2909 1018 in
2938 968 3216 1036 segnitiem
3251 972 3332 1027 vel
3356 973 3409 1026 in
3452 975 3630 1043 perni-

2032 1047 2246 1112 ciosam
2277 1047 2643 1105 curiositatem
2671 1053 2988 1111 incidemus.
3021 1058 3123 1113 Per
3155 1059 3269 1114 hazc
3295 1062 3437 1116 cnim
3466 1071 3626 1134 atque

2046 1132 2149 1187 alia
2175 1174 2191 1199 ,
2231 1135 2446 1192 insanas
2473 1139 2592 1196 illas
2637 1144 2997 1214 quaestiones,
3045 1150 3336 1220 noxiasque
3386 1132 3624 1221 disputa-

2047 1221 2221 1278 tiones
2251 1223 2484 1293 inducit,
2527 1230 2668 1298 quod
2695 1233 2896 1290 otiosos
2939 1236 3261 1308 desidesque
3304 1241 3520 1310 videat,
3569 1255 3624 1300 et

2045 1312 2242 1367 nullam
2269 1315 2392 1370 vitae
2420 1320 2600 1386 probae
2627 1337 2809 1378 curam
2839 1337 3110 1394 gerentes.
3135 1330 3202 1385 At
3232 1346 3328 1386 nos
3349 1333 3494 1390 hunc
3544 1335 3618 1390 illi

2044 1402 2247 1457 aditum
2271 1406 2632 1476 obstruamus,
2653 1415 2952 1483 vigilemus,
2981 1420 3142 1476 sobrii
3173 1422 3360 1490 simus,
3393 1435 3450 1479 ut
3475 1437 3621 1496 post-

2042 1505 2197 1583 quam
2226 1493 2329 1550 hoc
2370 1497 2516 1554 brevi
2564 1510 2804 1572 tempore
2849 1509 3115 1564 modicum
3162 1493 3613 1583 laboraverimus,

2039 1581 2428 1676 immortalibus
2454 1604 2548 1657 per
2572 1591 2774 1648 inﬁnita
2800 1599 2994 1652 Stecula
3019 1599 3255 1657 fruamur
3281 1603 3435 1660 bonis
3453 1648 3469 1673 ,
3495 1581 3616 1676 grus

2040 1670 2109 1722 tia
2157 1681 2210 1725 ct
2252 1673 2580 1745 benignitate
2627 1681 2836 1738 Domini
2887 1689 3057 1742 nostri
3093 1688 3222 1745 Jesu
3251 1670 3615 1765 Christiiper

2035 1776 2193 1862 quem
2225 1775 2278 1818 et
2307 1781 2428 1821 cum
2461 1785 2566 1838 quo
2595 1772 2774 1841 Patri,
2801 1787 2853 1830 et
2876 1793 2977 1833 una
3013 1778 3232 1850 Spiritui
3274 1796 3460 1841 sancto
3495 1788 3612 1858 glo-

2035 1854 2110 1906 ria
2130 1891 2145 1918 ,
2179 1854 2231 1908 in
2257 1860 2449 1913 sarcula
2477 1864 2817 1921 saaculorum.
2846 1868 3042 1926 Amen.

2993 2000 3128 2015 -μ,

1682 2046 2008 2113 HOMILIA
2051 2053 2220 2119 VIII.

441 2194 567 2248 Erat
595 2196 688 2248 lux
716 2210 832 2247 vera
854 2235 868 2259 ,
898 2209 1010 2264 (pne
1033 2193 1286 2245 illuminat
1325 2206 1520 2244 onmem
1560 2188 1812 2244 hominem

718 2288 989 2340 venientem
1019 2287 1069 2338 in
1101 2286 1233 2338 hunc
1263 2284 1526 2337 mundum.

407 2381 459 2431 ι.
489 2379 723 2432 Christus
752 2394 890 2431 uerus
915 2377 1051 2430 Deus
1073 2388 1165 2430 est.
1209 2375 1332 2444 Ipse
1353 2417 1369 2442 ,
1398 2392 1512 2428 cum
1539 2375 1602 2427 sit
1628 2374 1720 2427 tua:
1764 2389 1880 2426 uera
1901 2415 1916 2440 ,

329 2489 427 2524 rur
467 2488 570 2523 non
621 2487 789 2523 omnes
815 2470 1078 2522 illuminet.
1127 2467 1284 2521 Pauli
1331 2465 1648 2522 Samosateni
1695 2465 1914 2520 insania.

327 2563 514 2615 Inanis
535 2563 717 2632 gloria:
735 2563 991 2631 tyrannis.
1022 2560 1246 2614 Mundus
1273 2561 1358 2629 qui
1381 2558 1633 2612 Christum
1679 2576 1779 2613 non
1826 2575 1917 2614 co-

325 2655 499 2722 gnorit
524 2694 538 2716 ,
571 2652 704 2717 quis.
738 2650 1011 2719 Pmpheta:
1056 2651 1308 2718 quomodo
1353 2648 1607 2703 Christum
1649 2657 1910 2702 noverunt.

324 2771 395 2781 -—-
425 2743 566 2796 Nihil
593 2742 737 2796 enim
763 2741 1026 2810 prohibet,
1055 2742 1338 2811 quominus
1368 2739 1524 2795 hodie
1544 2740 1728 2795 eadem
1752 2740 1912 2794 verba

327 2831 718 2900 expendamus,
746 2833 867 2900 quia
893 2847 1060 2899 nuper
1093 2830 1403 2900 dogmatum
1436 2830 1698 2898 expositio
1738 2831 1908 2900 impe-

322 2923 562 2978 dimento
624 2923 756 2987 fuit,
800 2925 1082 2992 quominus
1127 2923 1302 2977 omnia
1355 2938 1473 2992 quae
1517 2923 1654 2978 lecta
1700 2921 1910 2978 fuerant

321 3015 736 3082 explicaremus.
769 3013 869 3068 Ubi
893 3024 1016 3068 sunt
1057 3015 1214 3084 igitur
1243 3013 1346 3076 illi,
1374 3014 1462 3083 qui
1510 3012 1697 3068 dicunt
1733 3014 1904 3082 ipsum

325 3122 509 3160 verum
538 3107 705 3160 Deum
737 3121 842 3159 non
872 3105 1035 3159 esse?
1063 3105 1160 3160 llic
1196 3105 1337 3160 enim
1371 3106 1460 3160 lux
1507 3119 1632 3158 vera
1675 3104 1906 3172 appella-

322 3210 449 3262 tur;
482 3199 605 3252 alibi
641 3213 770 3252 vero
802 3199 914 3266 ipsa
942 3200 1162 3262 veritas,
1194 3197 1304 3267 ipsa
1332 3197 1459 3250 vita.
1498 3195 1692 3249 Verum
1733 3191 1860 3248 illud
1884 3234 1900 3258 ,

321 3308 446 3343 tum
463 3307 530 3346 eo
551 3293 964 3358 pervenerimus,
987 3296 1222 3360 apertius
1251 3289 1616 3360 indagabimus
1650 3305 1663 3342 :
1695 3287 1746 3342 in
1767 3303 1904 3356 prte-

318 3387 462 3438 senti
513 3395 682 3436 autem
734 3397 954 3438 necesse
997 3391 1078 3436 est
1116 3381 1165 3435 id
1209 3381 1418 3435 interim
1461 3381 1668 3434 caritati
1710 3387 1904 3434 vestra:

313 3488 624 3528 recensere.
652 3473 704 3528 Si
735 3473 993 3527 illuminat
1034 3485 1258 3529 omnem
1284 3473 1553 3527 hominem
1600 3473 1900 3527 venientem

311 3565 368 3616 in
400 3562 546 3617 hunc
577 3563 830 3617 mundum
855 3604 872 3631 ,
901 3563 1170 3634 quomodo
1207 3572 1282 3617 tot
1307 3562 1550 3618 homines
1580 3579 1685 3617 non
1711 3563 1901 3617 illumi-

311 3655 428 3707 nati
459 3665 680 3708 manent
699 3655 722 3708 ?
742 3655 855 3709 Non
878 3657 1020 3710 enim
1043 3669 1231 3709 omnes
1259 3653 1460 3709 Christi
1505 3654 1706 3708 cultum
1735 3668 1901 3724 agno-

306 3757 492 3800 scunt.
525 3748 804 3814 Quomodo
845 3763 972 3818 ergo
1014 3748 1277 3802 illuminat
1321 3761 1532 3800 omnem
1585 3745 1898 3801 hominem?

307 3839 583 3904 Quantum
615 3839 666 3890 in
699 3838 814 3908 ip~o
843 3850 944 3892 est.
986 3838 1042 3894 Si
1069 3839 1156 3908 qui
1183 3854 1312 3892 vero
1353 3846 1545 3906 sponte
1581 3851 1674 3890 sua
1705 3836 1897 3891 mentis

305 3929 502 3982 oeulos
527 3928 858 3994 claudentes,
891 3929 1045 3999 hujus
1082 3929 1219 3983 lucis
1266 3927 1446 3983 radios
1489 3928 1764 3998 percipere
1792 3943 1892 3980 no-

307 4021 456 4084 lint,
510 4037 615 4074 non
660 4037 724 4074 ex
767 4030 950 4074 natura
995 4021 1129 4074 lucis
1177 4021 1358 4074 evenit
1404 4019 1544 4089 quod
1578 4020 1628 4073 in
1662 4017 1897 4073 tenebris

305 4123 602 4176 maneant,
639 4112 732 4166 sed
761 4128 825 4166 ex
854 4113 1086 4181 nequitia
1115 4127 1301 4167 eorum
1328 4113 1416 4181 qui
1459 4120 1649 4181 sponte
1690 4126 1750 4166 se
1793 4109 1896 4166 hoc

305 4205 530 4271 privarit
560 4218 797 4256 munere.
826 4203 1006 4256 Gratia
1037 4204 1235 4272 quippe
1264 4203 1314 4255 in
1344 4217 1531 4256 omnes
1556 4202 1724 4255 ciTusa
1773 4211 1892 4267 est;

307 4313 424 4348 non
449 4294 690 4349 Judaeum
719 4335 734 4358 ,
765 4311 869 4348 non
920 4294 1164 4348 Gnaeum
1193 4333 1208 4356 ,
1260 4309 1364 4347 non
1418 4291 1742 4357 barbarum,
1787 4305 1893 4346 non

304 4386 589 4456 Scythzun,
618 4401 720 4438 non
754 4385 1001 4451 liberum,
1027 4401 1130 4439 non
1168 4400 1402 4450 servum,
1433 4399 1538 4438 non
1568 4384 1759 4449 virum,
1789 4399 1893 4439 non

307 4481 617 4539 mulierem,
644 4494 747 4531 non
773 4493 953 4531 senem
978 4518 992 4540 ,
1022 4492 1128 4530 non
1153 4477 1406 4546 juvenem
1440 4485 1716 4530 aversatur
1741 4492 1756 4539 ;
1799 4475 1894 4529 sed

305 4586 502 4622 omnes
533 4569 774 4624 similiter
800 4571 1034 4624 admittit
1059 4610 1074 4635 ,
1114 4582 1167 4624 et
1193 4583 1313 4623 cum
1344 4569 1454 4638 pari
1484 4577 1639 4622 vocat
1669 4569 1890 4622 honore.

302 4663 412 4726 Qui
443 4676 569 4713 vero
596 4662 779 4713 nolunt
811 4659 912 4715 hoc
936 4659 1037 4714 frui
1068 4659 1208 4713 dono
1232 4703 1247 4725 ,
1278 4659 1414 4714 hanc
1442 4659 1541 4713 sibi
1583 4659 1710 4727 ipsis
1736 4658 1893 4712 cacci-

304 4762 476 4803 tatetn
509 4752 765 4819 imputent
792 4759 1026 4821 oportet.
1079 4751 1211 4804 Cum
1257 4751 1401 4803 enim
1451 4749 1595 4803 aditu
1647 4749 1895 4804 omnibus

305 4852 616 4911 gutente,et
639 4856 667 4894 a
697 4842 907 4895 nemine
935 4840 1246 4904 intercluso,
1274 4839 1487 4909 quidam
1511 4856 1573 4894 ex
1599 4839 1893 4893 voluntaria

304 4934 551 5002 nequitia
578 4945 723 4987 extra
756 4944 994 5000 manent,
1023 4934 1056 4987 ii
1089 4947 1186 4987 suo
1205 4942 1405 4986 tantum
1420 4934 1549 4988 vitio
1571 4933 1894 5002 pereuntJn

301 5025 503 5076 mundo
519 5034 626 5077 erat
655 5040 672 5078 :
701 5035 753 5076 at
782 5039 885 5078 non
917 5036 1187 5093 tamquam
1217 5024 1416 5079 mundo
1436 5034 1738 5081 cozctaneus
1763 5025 1895 5091 ;ab-

301 5119 396 5168 sit.
425 5115 550 5169 Ideo
578 5116 771 5180 intulit,
795 5115 858 5169 Et
889 5117 1105 5169 mundus
1132 5133 1220 5186 per
1245 5116 1410 5185 ipsum
1439 5121 1600 5186 factus
1621 5127 1691 5171 est
1711 5116 1892 5187 (Joan.

304 5206 359 5260 Ι.
399 5205 491 5273 l0)
514 5222 528 5259 :
555 5221 647 5273 per
677 5205 788 5258 hazc
821 5221 1029 5259 rursum
1065 5215 1113 5259 te
1143 5204 1346 5260 inducit
1367 5205 1432 5260 ad
1458 5207 1599 5260 illam
1627 5207 1891 5278 Unigeniti

298 5309 432 5352 ante
459 5298 652 5351 stecula
679 5298 1065 5352 exsistentiam.
1098 5297 1228 5351 Nam
1254 5298 1341 5367 qui
1368 5298 1567 5352 audivit
1605 5300 1743 5353 hunc
1772 5300 1893 5353 titti-

302 5403 524 5440 versum
537 5387 787 5440 mundum
806 5388 945 5441 illius
963 5401 1082 5442 esse
1101 5402 1252 5457 Opus,
1271 5388 1478 5442 etiamsi
1503 5401 1660 5442 sensu
1681 5404 1896 5458 prorsus

299 5489 512 5540 careat,
531 5478 741 5531 etiamsi
771 5478 1019 5532 inimicus
1042 5488 1096 5532 et
1122 5478 1458 5534 adversarius
1481 5478 1664 5549 gloria:
1689 5479 1781 5536 Dei
1801 5480 1891 5548 sit,

300 5575 548 5620 attamen
580 5569 710 5621 velit
731 5567 863 5622 nolit
887 5607 902 5631 ,
936 5566 1267 5623 conditorem
1303 5579 1429 5625 ante
1474 5569 1684 5640 Opiﬂcia
1730 5568 1895 5626 fuisse

307 5656 560 5712 conﬁteri
588 5667 829 5728 cogetur.
865 5658 1223 5726 Quamobrem
1268 5661 1448 5719 mirari
1496 5676 1710 5733 semper
1753 5660 1895 5718 subit

2029 2194 2173 2251 Pauli
2201 2199 2529 2261 Samosateni
2557 2208 2816 2267 insaniam
2838 2255 2852 2278 ,
2885 2219 3154 2285 quomodo
3178 2228 3282 2276 tam
3309 2223 3602 2282 manifesta:

2026 2290 2232 2383 veritati
2255 2293 2516 2352 obsistere
2545 2303 2790 2367 potuerit,
2810 2319 3032 2376 seseque
3062 2321 3251 2379 sponte
3276 2315 3596 2383 praecipitem

2025 2375 2247 2435 dederit.
2280 2383 2462 2453 Neque
2482 2389 2622 2443 enim
2651 2406 2716 2446 ex
2737 2375 3050 2463 ignorantia,
3083 2375 3176 2454 sed
3203 2375 3287 2457 rei
3309 2375 3594 2460 admodum

2023 2482 2220 2534 gnarus
2249 2475 2475 2541 erravit,
2511 2496 2616 2534 non
2648 2497 2807 2538 secus
2836 2500 2898 2539 ac
2923 2485 3113 2541 Judaei.
3139 2489 3596 2556 Quemadmodum

2021 2561 2161 2614 enim
2192 2563 2289 2630 illi,
2320 2578 2376 2620 ut
2397 2567 2704 2626 hominibus
2727 2587 3146 2646 assentarentur,
3181 2599 3362 2639 sanam
3411 2587 3594 2656 prodi~

2019 2649 2147 2744 dere
2175 2652 2362 2722 Iidem,
2395 2660 2545 2728 gnari
2573 2662 2744 2730 ipsum
2774 2664 3112 2736 Unigenitum
3140 2672 3234 2726 Dei
3264 2689 3382 2728 esse
3396 2649 3426 2740 ,-
3450 2677 3595 2744 prin-

2017 2741 2192 2845 cipum
2212 2760 2339 2802 vero
2365 2759 2508 2805 metu
2538 2751 2589 2806 id
2621 2770 2728 2809 non
2762 2759 3099 2825 conﬁtentes,
3133 2779 3200 2818 ne
3228 2780 3292 2819 ex
3322 2741 3588 2838 synagoga

2016 2841 2338 2927 ejicerentur
2370 2856 2383 2892 :
2418 2841 2487 2895 ita
2519 2851 2574 2897 et
2599 2844 2747 2900 illum
2777 2847 2829 2902 in
2861 2851 3101 2906 mulieris
3137 2854 3434 2925 cujuspiam
3471 2874 3592 2927 gra-

2014 2926 2140 3028 tiam
2161 2967 2177 2992 ,
2229 2930 2457 2986 salutem
2505 2948 2654 2989 suam
2686 2938 2930 3008 inquiunt
2955 2942 3249 3010 prodidisse
3279 2944 3378 3016 (ιι).
3404 2926 3589 3003 Gravis

2012 3023 2156 3070 enim
2179 3059 2194 3084 ,
2223 3023 2399 3087 gravis
2419 3032 2566 3078 certe
2590 3035 2672 3080 est
2702 3029 2876 3084 inanis
2917 3033 3102 3101 gloria:
3143 3037 3380 3104 tyrannis
3401 3077 3414 3101 ,
3469 3055 3588 3108 qua:

2013 3111 2180 3175 possit
2200 3115 2358 3165 etiam
2391 3114 2707 3183 sapientium
2747 3121 2932 3174 oculos
2968 3137 3269 3189 excaecare,
3299 3127 3398 3180 nisi
3443 3131 3576 3198 vigi-

2012 3199 2143 3255 lent.
2171 3201 2303 3256 Nam
2331 3204 2376 3258 si
2407 3219 2626 3260 munera
2673 3208 2725 3262 id
2771 3220 3028 3279 possunt,
3083 3215 3251 3269 multo
3294 3218 3460 3286 magis
3502 3217 3586 3274 hic

2008 3290 2231 3348 affectus
2281 3294 2439 3367 longe
2505 3297 2806 3355 violentior.
2872 3301 3072 3359 Idcirco
3121 3304 3321 3362 ludatis
3375 3308 3586 3366 dicebat

2007 3381 2293 3438 Christus:
2324 3388 2587 3452 Quomodo
2617 3392 2824 3458 potestis
2854 3393 3089 3460 credere,
3123 3396 3209 3465 qui
3260 3397 3473 3468 gloriam
3522 3402 3583 3455 ab

2007 3474 2292 3530 hominibus
2317 3479 2547 3548 accipitis
2571 3520 2586 3545 ,
2619 3491 2666 3535 et
2690 3482 2940 3549 gloriam,
2971 3500 3083 3553 quia
3110 3502 3142 3539 α
3169 3487 3277 3541 solo
3318 3487 3427 3542 Deo
3466 3501 3538 3545 est
3564 3532 3579 3558 ,

2004 3582 2105 3620 non
2129 3568 2350 3636 quteritis
2382 3568 2576 3638 (Joan.
2604 3570 2657 3624 5.
2692 3570 2795 3642 44)
2819 3573 2842 3624 ?
2867 3573 2956 3628 IO.
2985 3573 3052 3626 Et
3077 3576 3291 3631 mundus
3335 3594 3449 3632 eum
3479 3597 3578 3634 non

2003 3658 2249 3726 cognovit.
2304 3659 2401 3714 Hic
2453 3661 2709 3716 mundum
2751 3673 2906 3718 vocat
2949 3666 3339 3724 multitudinem
3393 3685 3580 3726 corru-

2004 3758 2146 3818 ptam
2192 3759 2245 3804 et
2271 3753 2501 3807 terrenis
2530 3754 2687 3809 rebus
2714 3755 3006 3811 inhiantem
3035 3799 3050 3822 ,
3081 3760 3287 3814 turbam
3309 3802 3322 3826 ,
3353 3763 3576 3834 vulgus,

2005 3839 2350 3909 insipientem
2381 3843 2653 3912 populum.
2683 3843 2815 3898 Nam
2844 3846 2937 3900 Dei
2975 3849 3132 3904 amici
3158 3860 3212 3905 et
3241 3853 3580 3910 admirabiles

2003 3933 2102 3986 viri
2134 3948 2323 3987 omnes
2345 3934 2514 4002 ipsum
2542 3975 2555 3998 ,
2584 3935 2742 3989 etiam
2769 3947 2892 3992 ante
2919 3938 3332 3997 incarnationem
3355 3984 3368 4007 ,
3413 3960 3578 4000 nove-

2002 4032 2140 4076 rant.
2168 4023 2240 4077 De
2262 4023 2561 4092 patriarcha
2583 4026 2781 4095 quippe
2811 4029 3122 4084 nominatim
3145 4031 3272 4086 dicit
3294 4032 3534 4089 Christus
3561 4056 3574 4091 :

2003 4113 2258 4166 Abraham
2282 4123 2422 4182 pater
2448 4125 2606 4168 uester
2631 4118 2916 4182 exsultavit,
2935 4129 2987 4171 ut
3013 4121 3196 4175 uideret
3221 4123 3355 4175 diem
3381 4141 3576 4178 meum:

2001 4211 2047 4257 et
2071 4204 2212 4267 vidit,
2240 4215 2285 4257 et
2313 4205 2512 4273 gavisus
2540 4215 2611 4259 est
2651 4205 2840 4276 (Joan.
2864 4208 2918 4262 8.
2947 4210 3016 4264 56
3036 4214 3078 4278 ).
3122 4211 3196 4266 De
3242 4213 3440 4267 Davidc
3483 4231 3576 4268 au-

2003 4301 2107 4347 tem
2133 4293 2350 4348 Judtnos
2381 4293 2662 4350 confutans
2696 4313 2708 4349 :
2745 4297 3007 4362 Quomodo
3033 4317 3150 4370 ergo
3177 4300 3346 4356 David
3375 4304 3426 4358 in
3454 4304 3578 4374 Spi-

1999 4385 2099 4436 ritu
2127 4393 2267 4438 t'ocat
2292 4401 2402 4437 eum
2431 4383 2737 4452 Dominum,
2765 4387 2935 4441 dicens
2952 4404 2971 4443 :
3000 4387 3143 4444 Dixit
3193 4389 3438 4448 Dominus
3465 4393 3575 4449 Do-

2000 4475 2136 4528 mino
2163 4491 2270 4529 meo
2295 4515 2309 4540 ,
2339 4475 2475 4530 Sede
2502 4492 2534 4530 a
2560 4477 2750 4533 dextris
2777 4481 2898 4533 meis
2925 4481 2944 4550 (
2965 4480 3154 4538 Matth.
3180 4483 3271 4537 9.2.
3312 4485 3402 4540 45.
3434 4488 3503 4542 44
3522 4488 3576 4557 )ΐ

2000 4566 2077 4619 Ac
2103 4579 2249 4633 saepe
2275 4564 2381 4620 illis
2410 4567 2680 4622 obsistens
2709 4609 2727 4634 ,
2758 4568 2992 4641 Moysem
3021 4583 3301 4628 memorat.
3336 4577 3410 4632 De
3449 4578 3574 4632 relio

1999 4656 2118 4726 quis
2142 4671 2270 4710 vero
2301 4659 2575 4727 prophetis
2603 4661 2897 4728 apostolus.
2919 4660 3118 4717 Omnes
3129 4664 3269 4718 enim
3289 4665 3576 4736 pr0phetas

1999 4764 2029 4802 a
2058 4747 2306 4805 Samuele
2337 4751 2483 4805 illum
2511 4751 2826 4820 cognovisse
2850 4793 2864 4815 .
2895 4763 2949 4807 et
2997 4755 3281 4810 adventum
3325 4757 3441 4826 ejus
3483 4758 3577 4814 ditt

2000 4850 2124 4895 ante
2152 4844 2539 4910 prienuntiasse
2567 4841 2698 4898 dicit
2729 4842 2919 4897 Petrus
2950 4843 3032 4899 his
3057 4845 3234 4900 verbis
3261 4862 3275 4900 :
3308 4847 3377 4901 Et
3403 4865 3576 4904 omnes

2001 4935 2258 5004 prophetis
2281 4951 2312 4986 a
2334 4934 2574 4989 Samuele
2606 4944 2652 4988 et
2677 4935 2910 5004 deinceps
2929 4937 3016 5006 qui
3053 4939 3244 5008 loquuti
3280 4951 3431 5008 sunt,
3477 4958 3576 4994 an-

2001 5026 2354 5079 nuntiavernnt
2383 5025 2488 5080 dies
2508 5026 2630 5080 istos
2657 5026 2808 5094 (Act.
2836 5026 2889 5080 5.
2921 5025 3051 5099 24).
3073 5027 3273 5085 Jacobo
3302 5041 3478 5088 autem
3524 5041 3578 5087 et

2063 5177 2136 5239 (α)
2167 5176 2298 5235 Quod
2321 5176 2439 5226 dicit
2476 5175 2880 5239 Chrysostomus,
2922 5177 3119 5227 Paulum
3141 5185 3501 5231 Samosateuum
3526 5183 3577 5232 iu

1999 5237 2221 5304 mulieris
2242 5239 2490 5304 cujusdam
2529 5237 2766 5304 gratiam,
2790 5237 3000 5304 salutem
3019 5253 3156 5304 suam
3182 5241 3453 5302 prodidisse
3471 5279 3484 5304 ,
3511 5244 3579 5293 de

1997 5300 2204 5349 Zenobia
2227 5298 2810 5369 Palinyreuorumyegina
2832 5298 3046 5369 intelligi
3063 5298 3232 5357 debet.
3249 5315 3358 5369 quae
3382 5298 3577 5369 Paulum

1999 5359 2666 5426 Samosatenum'aliquamdiu
2679 5359 3046 5423 protexit.de
3064 5371 3228 5414 autem
3241 5359 3576 5426 dicit,Paulum

1999 5423 2046 5471 iu
2059 5421 2278 5488 mulieris
2291 5421 2423 5470 illius
2441 5423 2662 5488 gratiam,
2677 5421 2729 5471 et
2742 5429 2908 5488 contra
2917 5435 3074 5488 quam
3096 5427 3200 5488 ipse
3215 5421 3464 5477 sentiebat
3477 5426 3576 5488 hae-

1999 5485 2161 5550 resim
2173 5483 2302 5532 illam
2320 5483 2594 5550 protulisse,
2619 5485 2786 5550 nescio
2804 5495 2865 5533 an
2887 5483 3012 5535 alius
3025 5483 3251 5550 umijuam
3269 5487 3466 5550 dixerit.
3495 5485 3575 5534 In-

2000 5551 2078 5595 ter
2099 5543 2194 5594 alia
2206 5543 2370 5594 autein
2400 5543 2596 5594 dicebat
2617 5545 2787 5596 Paulus
2805 5543 3142 5597 Samosatenus
3176 5547 3341 5596 Filium
3363 5547 3414 5594 in
3438 5551 3576 5594 Putre

1999 5607 2197 5670 quidem
2231 5617 2347 5672 esse
2367 5619 2387 5672 ;Δ
2417 5605 2506 5672 sed
2538 5619 2655 5672 _n_on_
2685 5621 2938 5672 ινυπόοςητον,
2961 5621 3073 5672 non
3093 5609 3364 5672 hypostasiu
3391 5602 3573 5654 habere

2001 5665 2156 5729 suam,
2178 5667 2307 5731 quod
2331 5665 2390 5719 ad
2412 5665 2610 5717 sabellii
2643 5669 2857 5719 haeresin
2879 5665 3158 5720 accedebat.
