4000 6210
634 354 704 409 67
1379 341 1435 396 S.
1474 336 1751 395 .IOANNIS
1788 330 2254 393 CHRYSOSTOMI
2294 330 2613 386 ARCIIIEP.
2652 327 3181 387 CONSTANTINOP.

638 467 770 533 patri
797 507 812 531 ,
846 478 1055 519 necnon
1074 470 1125 516 et
1144 473 1244 515 avo
1270 456 1386 526 ejus
1405 496 1420 521 ,
1451 464 1505 510 et
1547 451 1693 507 visus
1723 459 1777 505 et
1803 450 2054 519 loquutus
2079 455 2161 501 est
2186 485 2202 509 ,

637 561 804 627 iisque
828 555 989 610 multa
1018 563 1072 607 et
1093 565 1278 621 magna
1309 560 1367 602 se
1393 547 1637 600 daturum
1665 552 1747 597 est
1776 540 2064 611 pollicitus,
2092 551 2212 607 qua:

636 653 797 703 etiam
820 653 1144 714 exsequutus
1173 650 1273 696 est.
1308 636 1586 706 Quomodo
1613 651 1741 703 ergo
1767 674 1782 700 ,
1813 632 2019 700 inquies
2043 671 2058 693 ,
2100 629 2214 696 ipse

635 739 806 802 dixit,
839 733 992 789 Multi
1016 732 1277 805 prophetat
1303 730 1563 784 uoluerunt
1592 725 1759 779 videre
1781 738 1896 794 qua
1923 718 2097 775 videtis
2116 760 2132 785 ,
2165 727 2212 771 et

637 845 736 882 non
759 827 987 881 viderunt
1008 867 1021 888 ,
1047 834 1093 878 et
1119 824 1295 876 audire
1317 835 1431 891 qua:
1464 816 1686 881 auditis,
1719 823 1765 868 et
1806 831 1907 868 non
1943 811 2214 865 audierunt

635 919 653 988 (
683 912 804 970 Luc.
838 915 922 970 l0.
951 913 1022 967 ‘25
1044 913 1098 984 )1
1124 913 1311 967 Annon
1355 908 1570 963 fuerunt
1601 906 1717 974 ejus
1743 902 2064 973 cognitionis
2094 913 2216 969 par-

638 1006 861 1077 ticipes?
887 1004 1124 1059 Fuerunt
1149 1010 1294 1056 certe
1324 1018 1335 1051 :
1366 999 1524 1067 idque
1551 1010 1615 1052 ex
1646 996 1747 1049 hoc
1780 994 1919 1058 loco,
1950 991 2091 1046 unde
2120 1004 2216 1059 pu-

639 1108 752 1154 tant
778 1096 991 1168 quidam
1024 1096 1167 1164 ipsos
1216 1093 1314 1145 hac
1340 1089 1639 1159 cognitione
1684 1087 1917 1157 privatos
1939 1124 1954 1147 ,
1987 1083 2215 1138 deumn-

639 1202 814 1245 strare
847 1184 1083 1242 tentabo.
1116 1183 1269 1237 Multi
1297 1182 1474 1246 enim,
1515 1179 1717 1249 inquit,
1759 1176 2022 1230 voluerunt
2052 1172 2219 1226 videre

638 1295 751 1349 quae
773 1278 971 1334 videtis.
1002 1276 1185 1346 Itaque
1213 1274 1461 1329 viderunt
1490 1285 1611 1326 eum
1640 1269 1705 1323 ad
1732 1266 1997 1323 homines‘
2024 1273 2218 1320 ventu—

640 1386 755 1427 rttm
785 1385 934 1432 esse,
965 1379 1021 1423 et
1048 1382 1111 1422 ea
1137 1367 1564 1435 dispensaturum
1586 1376 1705 1429 qua!
1727 1373 1849 1412 vere
1869 1354 2216 1425 dispensavit.

638 1462 821 1531 Neque
861 1459 1039 1524 enim,
1080 1456 1181 1512 nisi
1210 1455 1504 1515 novissent,
1545 1451 1725 1505 videre
1768 1446 2215 1516 concupivisscnt.

640 1553 808 1607 Nemo
830 1550 971 1604 enim
998 1562 1184 1603 eorum
1208 1585 1224 1611 ,
1253 1560 1478 1614 quorum
1509 1540 1755 1596 notitiam
1783 1554 1886 1593 non
1919 1537 2095 1598 habet,
2126 1534 2220 1588 de-

645 1641 845 1696 siderio
874 1640 988 1709 capi
1017 1646 1211 1708 potest.
1244 1636 1426 1703 Itaque
1454 1639 1819 1701 cognoverunt
1841 1628 2030 1682 Filium
2081 1625 2173 1680 Dei
2199 1665 2218 1691 ,

643 1742 698 1787 et
721 1742 999 1787 venturmn
1030 1742 1153 1782 eum
1181 1726 1246 1780 ad
1278 1724 1523 1778 homines
1566 1736 1683 1776 esse
1733 1728 2017 1774 noverunt.
2060 1716 2219 1782 Quae-

645 1837 768 1878 nam
795 1835 922 1891 ergo
952 1828 1215 1887 suntquaz
1238 1814 1545 1870 nescierunt
1568 1854 1582 1876 ,
1615 1822 1667 1865 et
1694 1825 1938 1880 quaenam
1964 1824 2084 1878 ane
2114 1823 2220 1861 non

645 1910 964 1968 audierunt?
1008 1909 1134 1963 [huc
1180 1924 1297 1977 qua:
1350 1920 1489 1960 nunc
1542 1919 1636 1959 vos
1680 1902 1872 1956 videtis
1916 1913 1968 1955 et
2005 1900 2220 1953 auditis.

643 2004 795 2073 Quod
817 2004 861 2057 si
886 2001 963 2056 illi
995 2008 1050 2055 et
1074 2014 1256 2055 vocem
1280 1997 1396 2067 ejus
1416 1996 1714 2067 audierunt,
1740 2001 1795 2047 et
1811 1992 2056 2047 viderunt
2075 2006 2220 2055 eum,

644 2104 700 2148 at
726 2110 830 2148 non
858 2092 909 2146 in
936 2106 1127 2156 carne,
1160 2103 1332 2158 neque
1376 2088 1446 2140 ita
1491 2101 1610 2139 cum
1656 2083 1959 2136 hominibus
2006 2095 2226 2135 versan-

647 2193 785 2247 tem,
843 2197 1015 2250 neque
1070 2189 1173 2233 tam
1221 2178 1385 2232 libere
1425 2190 1548 2229 cum
1601 2173 1730 2243 ipsis
1757 2172 2083 2241 loquentem.
2116 2168 2226 2222 Iluc

646 2275 806 2344 igitur
832 2283 885 2328 et
910 2273 1024 2341 ipse
1052 2270 1356 2341 signiﬁcans
1386 2282 1491 2321 non
1518 2266 1830 2334 simpliciter
1856 2263 2013 2325 dixit,
2038 2263 2227 2331 Cupie-

647 2373 768 2418 rnnt
794 2362 977 2416 videre
1004 2376 1123 2426 me;
1151 2358 1245 2414 sed
1272 2357 1435 2427 quid?
1483 2355 1610 2422 Qua:
1654 2372 1741 2408 vos
1792 2354 2004 2417 videtis;
2052 2368 2223 2421 neque

648 2455 833 2509 audire
854 2470 970 2518 me;
998 2451 1091 2506 sed
1116 2450 1278 2521 quid?
1301 2449 1428 2514 Qua
1471 2463 1559 2500 vos
1609 2446 1813 2499 auditis.
1869 2445 2046 2514 Itaque
2106 2444 2230 2497 licet

651 2546 766 2615 ejus
794 2546 846 2598 in
876 2558 1037 2598 carne
1062 2543 1346 2596 adventum
1379 2555 1482 2592 non
1513 2537 1761 2600 viderint,
1796 2536 2025 2589 futurum
2052 2544 2227 2588 tamen

651 2651 773 2691 esse
816 2640 1110 2697 noverunt,
1160 2645 1317 2699 quem
1358 2627 1540 2684 videre
1564 2625 1885 2696 cupiebant;
1917 2625 1970 2678 in
2001 2637 2229 2692 eumque

651 2727 976 2792 credebant,
1011 2725 1136 2780 licet
1163 2724 1313 2778 illum
1340 2722 1391 2777 in
1420 2736 1581 2776 carne
1626 2734 1734 2774 non
1782 2717 2058 2772 vidissent.
2095 2712 2228 2770 Cum

654 2821 830 2890 itaque
852 2835 948 2873 nos
972 2816 1200 2887 gentiles
1226 2811 1590 2869 accusaverim
1611 2809 1851 2865 dicentes
1871 2825 1883 2861 :
1902 2806 2035 2873 Quid
2063 2804 2228 2878 priori

653 2910 743 2966 illo
773 2920 1012 2978 tempore
1039 2903 1265 2960 faciebat
1291 2903 1554 2966 Christus,
1584 2915 1702 2955 cum
1733 2896 1966 2955 nondum
1996 2896 2228 2951 humano

650 3000 834 3072 generi
867 2996 1234 3070 prospiceret?
1264 3004 1319 3051 et
1339 3010 1434 3050 cur
1460 3004 1704 3050 extremo
1733 3001 1975 3061 tempore
2008 2989 2151 3044 venit
2174 2996 2229 3042 ut

654 3101 849 3147 nostra:
878 3090 1037 3146 saluti
1083 3086 1426 3159 provideret,
1476 3094 1753 3156 postquam
1795 3094 1940 3139 tanto
1989 3093 2230 3152 tempore

654 3196 752 3239 nos
778 3179 1119 3252 neglexerat?
1147 3176 1589 3248 respondebimus
1613 3219 1629 3243 ,
1677 3177 1852 3247 ipsum
1903 3176 2064 3229 etiam
2104 3184 2229 3229 ante

654 3271 941 3326 adventum
972 3268 1120 3323 illum
1152 3268 1204 3322 in
1234 3265 1432 3322 mundo
1454 3265 1648 3329 fuisse,
1679 3265 1745 3320 de
1770 3265 2025 3335 operibus
2062 3262 2130 3318 ab
2171 3280 2230 3317 se

653 3359 873 3417 edendis
900 3359 1047 3430 prius
1073 3356 1335 3427 cogitasse
1358 3396 1372 3417 ,
1406 3363 1566 3426 atque
1596 3355 1699 3410 illis
1746 3356 1994 3411 omnibus
2044 3353 2228 3425 cogni-

655 3458 764 3503 tum
795 3447 957 3503 fuisse
977 3490 991 3514 ,
1022 3447 1111 3516 qui
1143 3446 1242 3501 hac
1270 3445 1576 3516 cognitione
1599 3446 1741 3516 digni
1774 3455 1945 3501 erant.
1989 3445 2139 3514 Quod
2184 3447 2228 3501 si

653 3539 775 3610 quia
804 3553 908 3593 non
932 3537 1179 3593 omnibus
1206 3547 1329 3591 tunc
1358 3547 1512 3592 notus
1536 3535 1655 3599 fuit,
1686 3536 1778 3591 sed
1818 3537 1995 3607 probis
2027 3546 2227 3591 tantum

653 3640 708 3686 et
758 3628 953 3685 virtute
998 3629 1261 3698 prteditis,
1317 3628 1436 3685 ideo
1482 3629 1658 3684 dicitis
1707 3629 1856 3683 illum
1904 3629 2228 3702 incognitum

655 3721 817 3777 fuisse
837 3763 853 3788 ,
882 3720 1069 3776 eadem
1100 3720 1307 3775 ratione
1337 3719 1508 3790 ipsum
1536 3735 1679 3775 nunc
1705 3735 1920 3789 quoque
1947 3734 2052 3774 non
2098 3719 2228 3774 ado-

656 3812 760 3867 rari
797 3811 867 3866 ab
906 3810 1207 3866 hominibus
1251 3811 1490 3866 dixeritis
1515 3852 1529 3876 ,
1577 3811 1699 3882 quia
1745 3811 1905 3866 etiam
1953 3826 2096 3867 nunc
2122 3826 2227 3867 non

653 3915 841 3958 omnes
870 3901 1042 3971 ipsum
1075 3910 1354 3956 noverunt.
1388 3900 1492 3956 Sed
1532 3899 1978 3970 quemadmodum
2009 3900 2060 3956 in
2094 3915 2230 3971 pra:-

655 3993 787 4051 senti
806 4000 985 4060 nemo,
1001 3993 1120 4062 quia
1149 4008 1177 4047 a
1201 3993 1380 4047 multis
1398 3993 1685 4063 ignoratur,
1706 3993 1875 4062 ipsum
1896 4007 1926 4046 a
1944 3992 2123 4047 multis
2139 4008 2233 4047 eo-

650 4083 835 4155 goosei
852 4083 1124 4155 negaverit
1144 4103 1158 4137 :
1179 4084 1256 4139 sic
1282 4098 1454 4153 neque
1470 4082 1816 4139 dubitandum
1843 4093 1926 4140 est
1947 4085 2116 4154 ipsum
2138 4099 2230 4138 su-

653 4173 949 4240 perioribus
974 4173 1079 4228 illis
1095 4174 1444 4242 temporibus,
1465 4189 1496 4228 a
1519 4174 1718 4241 multis,
1744 4176 1852 4230 imo
1870 4175 2029 4230 etiam
2052 4175 2228 4245 probis

652 4262 759 4316 illis
791 4271 846 4317 et
890 4262 1219 4319 admirandis
1270 4262 1398 4318 viris
1443 4264 1689 4319 omnibus
1732 4265 2002 4336 cognitum
2044 4264 2225 4321 fuisse.

721 4353 778 4407 2.
808 4354 960 4420 Quod
992 4356 1035 4409 si
1067 4356 1185 4425 quis
1218 4356 1413 4410 dixerit
1439 4398 1454 4423 ,
1484 4353 1591 4411 Cur
1619 4371 1724 4411 non
1758 4371 1946 4412 omnes
1977 4365 2101 4412 tunc
2128 4357 2227 4427 ipsi

652 4442 1020 4509 adhaeserunt,
1050 4461 1222 4516 neque
1241 4461 1428 4501 omnes
1457 4447 1627 4515 ipsum
1655 4449 1936 4503 coluerunt
1960 4491 1975 4512 ,
2000 4450 2092 4502 sed
2124 4449 2227 4503 soli

648 4533 822 4602 justi?
846 4535 1157 4591 sciscitabar
1182 4545 1237 4591 et
1259 4552 1358 4607 ego
1377 4576 1392 4603 ,
1421 4534 1530 4591 Cur
1550 4537 1712 4593 etiam
1744 4556 1884 4595 nunc
1907 4558 2012 4595 non
2040 4558 2228 4598 onmes

654 4625 823 4692 ipsum
847 4628 1145 4681 noverunt?
1168 4628 1366 4697 Ecquid
1393 4627 1460 4682 de
1480 4627 1691 4681 Christo
1718 4630 1946 4699 loquor?
1971 4629 2099 4686 Nam
2128 4633 2229 4688 Pa-

654 4722 786 4768 trem
823 4730 1034 4785 quoque
1062 4718 1179 4785 ejus
1215 4732 1311 4771 cur
1351 4732 1454 4770 non
1485 4732 1672 4772 omnes
1713 4730 1767 4773 et
1810 4729 1934 4774 tunc
1975 4732 2029 4776 et
2072 4723 2228 4778 hodie

653 4807 951 4860 noverunt?
992 4806 1185 4861 Verum
1227 4808 1315 4862 alii
1363 4809 1541 4862 omnia
1583 4821 1782 4866 temere
1832 4810 1955 4864 ferri
1997 4811 2220 4877 dicunt;

651 4895 740 4948 alii
771 4894 1103 4949 dsemonibus
1132 4898 1368 4952 universi
1398 4899 1782 4967 providentiam
1814 4900 2081 4955 tribuunt:
2106 4910 2229 4955 sunt

650 4985 811 5039 etiam
841 4983 930 5038 alii
957 5025 971 5049 ,
999 4986 1087 5054 qui
1128 4999 1321 5055 prmter
1346 4987 1489 5042 hunc
1517 4989 1679 5043 Deum
1706 5031 1722 5056 ,
1755 4991 1916 5044 alium
1945 4991 2045 5044 sibi
2077 5007 2224 5044 com-

650 5075 1006 5129 miniscuntur
1025 5092 1038 5128 :
1058 5090 1123 5129 ex
1147 5076 1210 5130 iis
1229 5077 1443 5146 quidam
1470 5079 1826 5135 adversztriam
1859 5082 1967 5136 Deo
1989 5093 2226 5151 potesta-
2252 5111 2279 5143 .

649 5178 757 5221 tem
784 5181 906 5223 esse
926 5166 1326 5237 blasphemant,
1355 5170 1572 5239 etleges
1596 5171 1712 5241 ejus
1731 5172 1946 5241 maligni
1968 5174 2227 5227 daemonis

649 5271 772 5313 esse
800 5266 1010 5328 putant.
1052 5258 1190 5327 Quid
1227 5258 1426 5331 igitur?
1465 5278 1590 5316 num
1632 5263 1753 5317 ideo
1782 5263 2023 5320 dicemus
2056 5264 2224 5320 Deum

651 5361 755 5402 non
797 5363 953 5416 esse,
992 5351 1114 5420 quia
1155 5351 1370 5421 quidam
1415 5353 1516 5409 hoc
1545 5354 1771 5409 dicunt?
1801 5372 1926 5410 num
1957 5368 2010 5412 et
2053 5357 2224 5427 ipsum

650 5437 852 5493 malum
875 5452 993 5494 esse
1017 5440 1415 5509 conﬁtebimur,
1448 5445 1569 5513 quia
1599 5446 1812 5513 quidam
1840 5445 1888 5500 id
1918 5446 2078 5515 impie
2100 5464 2225 5516 pro-

652 5526 912 5586 ﬁtentur?
941 5531 1122 5603 Apage
1145 5532 1422 5588 stultitiam
1454 5544 1852 5608 extremamque
1875 5538 2219 5594 dementiam.

716 5655 1077 5736 ‘A§?!“;,lesib
1098 5661 1168 5736 di
1182 5661 1330 5720 caelis.
1356 5676 1463 5736 pro,
1479 5662 1545 5736 ad
1819 5675 1873 5718 Αι
1891 5681 1952 5718 ex
1970 5669 2160 5721 duobus
2181 5668 2223 5719 si

652 5716 863 5770 alterum
879 5716 1084 5787 dicatur,
1110 5716 1329 5776 altertun’
1358 5716 1758 5788 ‘sttb'intelligitur.

2324 443 2455 499 Nam
2482 442 2527 497 si
2556 459 2622 499 ex
2655 442 2941 497 furentium
2975 440 3177 511 judicio
3212 440 3459 510 dogmata
3491 446 3748 492 statuerer

2326 536 2457 592 nihil
2486 537 2700 592 obesset
2726 536 3012 605 quominus
3036 543 3090 589 et
3115 533 3212 602 ipsi
3257 533 3437 587 furore
3463 531 3748 599 gravissimi

2323 643 2586 684 ceremur.
2619 626 2778 683 Certe
2804 642 2965 683 nemo
2994 626 3161 680 solem
3188 635 3374 679 natura
3399 639 3492 677 sua
3519 623 3688 677 oculis
3719 639 3748 690 p

2325 720 2529 773 ciosum
2557 731 2676 773 esse
2704 718 2939 783 dixerit,
2974 717 3096 786 quia
3138 714 3379 770 nonnulli
3408 715 3575 768 oculis
3611 714 3748 767 labor

2324 808 2418 864 sed
2449 808 2654 863 lucidus
2682 808 2876 863 dicitur
2895 823 2961 863 ex
2988 822 3172 862 eorum
3193 805 3283 875 qui
3313 819 3471 858 sanos
3498 805 3682 858 oculos
3704 803 3748 855 li:

2323 899 2524 968 judicio
2555 916 2567 950 :
2597 900 2700 953 mel
2723 913 2933 968 quoque
2960 912 3118 951 nemo
3144 911 3382 950 amarum
3411 895 3639 957 dixerit,
3668 895 3748 963 qui

2324 990 2491 1044 ﬁrmis
2520 990 2835 1059 quibusdam
2866 988 2969 1043 tale
2992 989 3200 1042 videtur
3217 1002 3364 1052 esse;
3387 997 3440 1042 et
3455 988 3618 1040 Deum
3643 998 3743 1039 tam

2325 1082 2658 1136 inﬁrmorum
2685 1081 2937 1149 opinione
2969 1080 3049 1136 vel
3075 1095 3179 1134 non
3209 1093 3330 1133 esse
3354 1120 3367 1145 ,
3396 1080 3479 1132 vel
3509 1078 3702 1131 malum
3735 1094 3748 1131 ι

2323 1173 2405 1228 vel
2451 1173 2609 1227 modo
2661 1172 2940 1241 providere
2962 1213 2976 1234 ,
3007 1171 3164 1225 modo
3199 1185 3303 1224 non
3349 1169 3624 1239 providere
3644 1210 3658 1230 ,
3689 1186 3748 1236 qn

2329 1263 2794 1333 pronuntiabunt?
2826 1262 3021 1330 Ecquis
3049 1262 3168 1315 illos
3195 1275 3336 1315 sana:
3366 1259 3560 1314 mentis
3585 1274 3705 1313 esse
3725 1259 3748 1311 tl

2325 1354 2444 1424 quis
2474 1370 2577 1407 non
2617 1354 2844 1407 furiosos
2876 1363 2929 1407 et
2966 1362 3202 1408 extrema
3233 1350 3496 1406 dementia
3542 1359 3723 1418 captos

2332 1445 2445 1498 rit?
2492 1444 2717 1498 Mundus
2757 1462 2867 1498 cum
2894 1461 2995 1498 non
3032 1444 3258 1513 cognovit
3283 1485 3297 1506 ,
3328 1443 3552 1512 inquies.
3588 1442 3693 1495 Sed
3726 1442 3748 1493 ii

2333 1537 2429 1591 bus
2457 1535 2649 1606 dignus
2679 1552 2782 1589 non
2811 1547 2926 1591 erat
2951 1535 3179 1591 mundus
3199 1577 3213 1598 ,
3246 1535 3418 1604 ipsum
3453 1546 3732 1588 noverunt.

2328 1638 2503 1682 autem
2541 1637 2801 1682 memorat
2839 1641 2933 1681 eos
2974 1627 3062 1696 qtti
3107 1628 3276 1695 ipsum
3316 1640 3421 1680 non
3456 1634 3748 1684 noverunt.

2331 1719 2461 1788 ptim
2491 1719 2802 1788 ignorantia:
2831 1732 3042 1771 causam
3074 1716 3289 1771 indicat.
3319 1716 3499 1784 Neque
3528 1717 3668 1770 enim
3704 1717 3747 1770 'si

2328 1810 2464 1864 citer
2503 1809 2671 1873 dixit,
2712 1807 2878 1862 Nemo
2921 1808 3091 1877 ipsum
3138 1806 3479 1870 novit;sed,
3524 1804 3748 1859 Mundus

2331 1917 2433 1955 non
2476 1900 2745 1970 cognovit;
2776 1898 2831 1953 id
2875 1908 2985 1959 est,
3014 1900 3047 1951 ii
3087 1897 3331 1951 homines
3357 1897 3445 1966 qui
3479 1896 3673 1950 mundo
3701 1905 3748 1950 ta

2333 1994 2577 2056 haerent,
2609 2003 2664 2047 et
2708 2008 2767 2045 ca
2814 2007 2935 2062 qua:
2974 1992 3154 2046 mundi
3198 2000 3321 2046 sunt
3361 1991 3591 2059 sapiunt.
3634 1990 3721 2043 Sic

2332 2087 2470 2140 solet
2506 2084 2753 2140 Christus
2795 2085 2937 2153 ipsos
2966 2085 3269 2154 appellare,
3305 2093 3364 2136 ut
3391 2097 3510 2137 cum
3538 2082 3705 2144 dicit,

2332 2185 2520 2242 sancte,
2552 2187 2598 2229 et
2625 2175 2843 2229 mundus
2866 2184 2913 2229 te
2937 2192 3037 2229 non
3059 2176 3288 2246 cognovit
3318 2174 3493 2244 (Joan.
3529 2175 3616 2227 Π.
3643 2172 3748 2239 2.3),

2335 2268 2492 2336 igitur
2523 2266 2714 2320 Filium
2743 2275 2984 2331 tantum,
3017 2266 3111 2321 sed
3144 2266 3302 2320 etiam
3343 2265 3554 2319 Patrem
3596 2265 3713 2333 ejus

2333 2356 2435 2410 dus
2460 2355 2720 2425 ignoravit
2746 2395 2760 2418 ,
2794 2363 2850 2408 ut
2875 2354 3202 2410 dicebamus.
3232 2354 3368 2410 Nihil
3399 2354 3540 2409 enim
3578 2355 3647 2407 ita
3677 2368 3748 2406 mc

2336 2447 2547 2511 turbat,
2580 2457 2636 2499 ut
2658 2446 2816 2501 rebus
2838 2446 3191 2515 przesentibus
3212 2446 3437 2500 inhiare.
3472 2447 3596 2500 llaec
3622 2461 3740 2498 cum

2336 2539 2402 2591 tis
2431 2579 2445 2603 ,
2478 2553 2507 2591 a
2546 2537 2745 2590 nnmdo
2785 2553 2879 2591 vos
2919 2546 3230 2607 segregate,
3259 2546 3314 2593 et
3352 2552 3382 2590 a
3412 2536 3712 2591 carnalibus

2333 2628 2603 2683 abscedite
2623 2670 2637 2692 ,
2667 2638 2923 2698 quantum
2954 2628 3065 2682 ﬁeri
3106 2629 3305 2697 poterit
3338 2647 3349 2676 :
3382 2643 3554 2696 neque
3584 2627 3723 2680 enim

2335 2719 2528 2774 nullius
2558 2720 2712 2788 pretii
2740 2719 2865 2774 hinc
2891 2720 3140 2775 damnum
3169 2721 3336 2774 oritur
3360 2759 3376 2786 ,
3405 2719 3496 2773 sed
3527 2719 3580 2773 in
3608 2718 3747 2788 capit

2337 2824 2548 2863 norum.
2578 2808 2762 2879 Neque
2788 2809 2929 2863 enim
2959 2818 3131 2879 potest
3160 2809 3349 2872 homo,
3382 2810 3470 2878 qui
3504 2809 3748 2878 prmsenti

2335 2900 2498 2956 rebus
2518 2900 2800 2955 admodum
2830 2900 2998 2954 haeret
3016 2942 3030 2965 ,
3056 2901 3287 2955 eselestia
3312 2910 3454 2955 recte
3477 2900 3748 2969 percipere

2338 3006 2561 3048 necesse
2596 3000 2676 3045 est
2700 3006 2821 3046 eum
2843 3032 2857 3050 ,
2889 2991 2977 3061 qui
3014 2990 3096 3045 his
3135 2990 3377 3046 addictus
3411 3001 3513 3055 est,
3541 2990 3608 3044 ab
3635 2990 3736 3044 illis

2334 3085 2466 3139 dere
2498 3102 2512 3138 :
2548 3081 2667 3136 Non
2695 3086 2900 3153 potestis
2929 3082 3092 3147 enim,
3132 3082 3325 3154 inquit,
3368 3081 3474 3136 Deo
3500 3084 3684 3137 servire
3707 3090 3748 3135 et

2336 3189 2501 3227 monte
2544 3170 2709 3246 (Luc.
2758 3172 2841 3234 16,
2896 3172 3021 3240 l5);
3055 3182 3114 3226 ut
3155 3172 3248 3226 uni
3294 3173 3630 3236 hmreamus,
3678 3173 3747 3225 alt

2337 3265 2518 3318 odisse
2547 3271 2779 3332 oportet.
2815 3263 2940 3317 llaec
2969 3263 3079 3332 ipsa
3112 3278 3293 3318 rerum
3323 3263 3645 3331 experientia
3691 3262 3748 3313 cl:

2335 3353 2437 3421 Qui
2480 3353 2620 3407 enim
2666 3354 3009 3423 prcuniarum
3050 3355 3536 3423 concupiscentiam
3576 3352 3748 3407 deridt

2337 3446 2569 3502 maxime
2599 3456 2723 3500 sunt
2751 3446 2837 3515 qui
2862 3446 3027 3501 Deum
3059 3454 3116 3499 ut
3144 3446 3296 3501 decet
3320 3457 3532 3511 amant;
3561 3461 3748 3515 quema

2334 3540 2461 3594 dum
2501 3551 2555 3594 et
2582 3539 2669 3609 qui
2709 3555 2737 3591 a
2770 3538 3029 3608 principio
3067 3539 3186 3593 illas
3211 3539 3473 3593 mirantur
3498 3580 3513 3605 ,
3548 3539 3581 3592 ii
3612 3554 3748 3609 praes

2334 3641 2459 3685 sunt
2484 3630 2571 3700 qui
2602 3630 2763 3684 Deum
2797 3630 3071 3685 remissius
3097 3629 3344 3698 diligunt.
3377 3630 3569 3685 Anima
3598 3632 3737 3685 enim

2337 3724 2528 3778 tiarum
2555 3736 2739 3777 amore
2766 3722 2932 3776 semel
2954 3730 3108 3792 capta
3134 3762 3149 3787 ,
3183 3737 3287 3776 non
3316 3720 3472 3775 facile
3494 3720 3716 3775 absistet

2334 3813 2555 3881 agendis
2577 3854 2593 3879 ,
2620 3828 2738 3882 qute
2766 3813 2930 3867 Deum
2961 3812 3026 3867 ad
3058 3812 3188 3867 iram
3219 3821 3549 3883 provocant,
3582 3821 3748 3881 ulpolt

2334 3904 2490 3958 alteri
2537 3903 2740 3957 serviat
2787 3903 3039 3969 domino,
3068 3903 3157 3972 qui
3207 3903 3258 3957 iu
3298 3901 3546 3957 onmibus
3585 3909 3748 3957 contr:

2335 3992 2583 4048 mandata
2630 3992 2919 4063 praecipiat.

2410 4085 2670 4152 Quantum
2698 4084 2965 4137 discrimen
2984 4085 3113 4137 inter
3140 4099 3306 4138 servos
3333 4082 3522 4138 Christi
3546 4092 3591 4136 et
3615 4099 3748 4137 smul

2334 4191 2514 4230 monte.
2539 4203 2610 4214 —
2633 4174 2852 4243 Vigilate
2892 4175 3071 4243 itaque
3095 4184 3149 4229 et
3171 4174 3595 4244 expergiscimini
3623 4215 3637 4238 ,
3671 4190 3732 4229 ac

2336 4275 2508 4320 tantes
2550 4263 2823 4334 cujusuam
2855 4264 3053 4319 domini
3084 4266 3251 4319 simus
3304 4265 3483 4328 servi,
3519 4265 3634 4335 ejus
3676 4276 3748 4319 lar

2338 4357 2498 4412 modo
2554 4372 2774 4426 regnum
2820 4357 3140 4427 diligamus;
3206 4358 3478 4426 lugeamus
3530 4367 3583 4413 et
3638 4375 3745 4427 prae

2334 4449 2673 4520 deploremus
2704 4457 2961 4517 tempora,
3007 4449 3199 4519 quibus
3237 4464 3498 4504 mamonae
3545 4451 3747 4505 servivi:

2334 4541 2642 4610 abjiciatnus
2681 4540 2845 4593 semel
2880 4542 3062 4608 jugum
3107 4540 3225 4609 ejus
3267 4555 3431 4610 grave
3455 4548 3509 4594 et
3536 4540 3748 4593 intoler:

2334 4643 2390 4689 et
2424 4634 2608 4703 jngnm
2648 4630 2843 4686 Christi
2896 4632 3011 4684 leve
3039 4642 3094 4685 et
3137 4646 3300 4686 suave
3349 4647 3468 4686 cum
3513 4642 3748 4700 persevet

2335 4726 2606 4786 feramus;
2647 4723 2736 4794 qui
2789 4722 2919 4775 nihil
2969 4722 3072 4775 tale
3117 4722 3358 4791 praecipit
3386 4763 3401 4789 ,
3443 4722 3597 4791 quale
3639 4736 3747 4775 mar

2337 4820 2430 4874 llic
2460 4817 2600 4872 enim
2626 4817 2778 4886 jubet
2808 4832 2907 4870 nos
2951 4816 3201 4871 omnibus
3230 4816 3476 4869 inimicos
3517 4830 3676 4878 esse;
3723 4830 3748 4867 c

2334 4925 2462 4965 vero
2506 4908 2751 4963 Christus
2777 4946 2792 4968 ,
2833 4922 3021 4960 omnes
3065 4906 3311 4974 amplecti
3355 4916 3408 4959 et
3435 4921 3636 4958 amare.
3684 4903 3748 4956 ιιι.

2335 5000 2445 5052 Ιιιιο
2486 5006 2540 5052 et
2585 4996 2841 5052 lateribus
2883 4994 3140 5065 afﬁgens,
3170 4994 3272 5048 hoc
3312 5003 3394 5049 est
3432 5011 3561 5048 auro
3586 5034 3602 5059 ,
3647 5010 3713 5048 ne

2334 5088 2545 5158 quidem
2596 5088 2723 5142 sinit
2771 5101 2871 5140 nos
2925 5085 3008 5139 vel
3061 5086 3329 5155 paululum
3384 5086 3692 5152 respirare;
3746 5132 3747 5135 η

2330 5177 2595 5247 superﬂua
2634 5178 2721 5231 illa
2751 5187 2805 5232 et
2832 5179 3014 5231 insana
3062 5192 3190 5231 cura
3220 5193 3319 5232 nos
3348 5178 3573 5241 liberat;
3620 5177 3713 5231 sed

2335 5267 2610 5324 thesauros
2652 5269 2702 5320 in
2733 5267 2864 5322 ca-Io
2885 5282 3071 5335 parare
3104 5285 3116 5319 :
3143 5282 3246 5320 non
3278 5283 3341 5322 ex
3367 5267 3552 5336 injuria
3584 5268 3702 5321 aliis
3724 5267 3748 5319 i1

2333 5357 2428 5413 sed
2457 5373 2521 5412 ex
2569 5358 2779 5428 pr0pria
2805 5356 3028 5426 justitia.
3061 5355 3155 5412 Ille
3182 5366 3299 5426 post
3324 5357 3518 5410 multos
3546 5356 3748 5411 sudore:

2333 5458 2473 5502 stros
2499 5458 2551 5500 et
2597 5447 2838 5500 miserias
2870 5460 2973 5498 non
3015 5446 3208 5515 poterit
3232 5446 3419 5501 adesse
3444 5447 3595 5501 nobis
3617 5488 3633 5512 ,
3661 5462 3748 5501 etr

2333 5548 2501 5592 tremo
2528 5537 2789 5608 supplicio
2816 5537 3099 5606 puniemnr
3119 5577 3135 5603 ,
3167 5546 3223 5591 et
3251 5539 3321 5590 ob
3347 5536 3491 5607 leges
3518 5537 3633 5607 ejus
3663 5552 3748 5591 ser

2333 5628 2469 5682 mala
2502 5628 2764 5698 patiemur
2788 5644 2803 5690 ;
2833 5628 2939 5682 imo
2967 5626 3233 5682 ﬂammam
3261 5629 3519 5684 accendet
3544 5646 3557 5694 ;
3587 5629 3669 5683 hic
3696 5630 3736 5683 si

2332 5719 2491 5789 cipiat
2532 5719 2775 5789 poculum
2806 5733 2956 5789 aquae
2982 5717 3185 5789 irigidze
3213 5718 3374 5791 dare,
3406 5736 3473 5776 ne
3502 5720 3657 5790 hujus
3682 5735 3748 5790 qu
