  <div class='ocr_page' id='page_1' title='image "/cluster/home/n/w/nwhite01/storage/ocr_20150623/59/hvd.32044052786589/070.png"; bbox 0 0 4008 6208; ppageno 0'>
   <div class='ocr_carea' id='block_1_1' title="bbox 358 256 1938 359">
    <p class='ocr_par' dir='ltr' id='par_1_1' title="bbox 358 283 1938 343">
     <span class='ocr_line' id='line_1_1' title="bbox 358 283 1938 343; baseline -0.001 -1"><span class='ocrx_word' id='word_1_1' title='bbox 358 286 427 342; x_wconf 80' lang='lat'><em>67</em></span> <span class='ocrx_word' id='word_1_2' title='bbox 1432 284 1499 338; x_wconf 77' lang='lat' dir='ltr'><strong>IN</strong></span> <span class='ocrx_word' id='word_1_3' title='bbox 1536 284 1857 343; x_wconf 70' lang='lat' dir='ltr'><strong>JOANNEM</strong></span> <span class='ocrx_word' id='word_1_4' title='bbox 1894 283 1938 340; x_wconf 79' lang='grc' dir='ltr'><em>Η</em></span> 
     </span>
    </p>
   </div>
   <div class='ocr_carea' id='block_1_2' title="bbox 2047 256 3631 359">
    <p class='ocr_par' dir='ltr' id='par_1_2' title="bbox 2047 256 3631 359">
     <span class='ocr_line' id='line_1_2' title="bbox 2047 256 3631 359; baseline 0.013 -19"><span class='ocrx_word' id='word_1_5' title='bbox 2047 256 2129 341; x_wconf 80' lang='lat' dir='ltr'>IL.</span> <span class='ocrx_word' id='word_1_6' title='bbox 2171 286 2309 346; x_wconf 76' lang='grc' dir='ltr'>νηί.</span> <span class='ocrx_word' id='word_1_7' title='bbox 2351 290 2425 345; x_wconf 70' lang='grc' dir='ltr'>οι.</span> <span class='ocrx_word' id='word_1_8' title='bbox 2469 292 2582 349; x_wconf 81' lang='lat' dir='ltr'>vn.</span> <span class='ocrx_word' id='word_1_9' title='bbox 3560 302 3631 359; x_wconf 73' lang='lat' dir='ltr'>os</span> 
     </span>
    </p>
   </div>
   <div class='ocr_carea' id='block_1_3' title="bbox 359 397 1940 474">
    <p class='ocr_par' dir='ltr' id='par_1_3' title="bbox 359 397 1940 474">
     <span class='ocr_line' id='line_1_3' title="bbox 359 397 1940 474; baseline -0.001 -15"><span class='ocrx_word' id='word_1_10' title='bbox 359 403 551 468; x_wconf 80' lang='grc' dir='ltr'>Οὐδεὶς</span> <span class='ocrx_word' id='word_1_11' title='bbox 583 400 695 473; x_wconf 86' lang='grc' dir='ltr'>γάρ</span> <span class='ocrx_word' id='word_1_12' title='bbox 722 397 799 457; x_wconf 81' lang='grc' dir='ltr'>ῶν</span> <span class='ocrx_word' id='word_1_13' title='bbox 828 401 961 474; x_wconf 78' lang='grc' dir='ltr'>μηδὲ</span> <span class='ocrx_word' id='word_1_14' title='bbox 992 401 1203 458; x_wconf 78' lang='grc' dir='ltr'>ἔννοιαν</span> <span class='ocrx_word' id='word_1_15' title='bbox 1228 403 1361 474; x_wconf 73' lang='grc' dir='ltr'>ἔχει,</span> <span class='ocrx_word' id='word_1_16' title='bbox 1388 403 1591 458; x_wconf 90' lang='grc' dir='ltr'>τούτων</span> <span class='ocrx_word' id='word_1_17' title='bbox 1614 403 1798 459; x_wconf 87' lang='grc' dir='ltr'>λαϐεῖν</span> <span class='ocrx_word' id='word_1_18' title='bbox 1819 406 1940 459; x_wconf 87' lang='grc' dir='ltr'>ἐπι-</span> 
     </span>
    </p>
   </div>
   <div class='ocr_carea' id='block_1_4' title="bbox 360 484 1940 559">
    <p class='ocr_par' dir='ltr' id='par_1_4' title="bbox 360 484 1940 559">
     <span class='ocr_line' id='line_1_4' title="bbox 360 484 1940 559; baseline 0.001 -18"><span class='ocrx_word' id='word_1_19' title='bbox 360 486 565 558; x_wconf 88' lang='grc' dir='ltr'>θυμίαν</span> <span class='ocrx_word' id='word_1_20' title='bbox 585 485 889 556; x_wconf 80' lang='grc' dir='ltr'>δυνήσεται.</span> <span class='ocrx_word' id='word_1_21' title='bbox 919 484 1078 537; x_wconf 81' lang='grc' dir='ltr'>Ὥστε</span> <span class='ocrx_word' id='word_1_22' title='bbox 1122 485 1320 559; x_wconf 71' lang='grc' dir='ltr'>ᾔδεσαν</span> <span class='ocrx_word' id='word_1_23' title='bbox 1350 485 1444 539; x_wconf 77' lang='grc' dir='ltr'>τὸν</span> <span class='ocrx_word' id='word_1_24' title='bbox 1477 487 1606 540; x_wconf 74' lang='grc' dir='ltr'>Υίὸν</span> <span class='ocrx_word' id='word_1_25' title='bbox 1642 488 1739 542; x_wconf 87' lang='grc' dir='ltr'>τοῦ</span> <span class='ocrx_word' id='word_1_26' title='bbox 1784 487 1940 552; x_wconf 85' lang='grc' dir='ltr'>Θεοῦ,</span> 
     </span>
    </p>
   </div>
   <div class='ocr_carea' id='block_1_5' title="bbox 360 564 1936 640">
    <p class='ocr_par' dir='ltr' id='par_1_5' title="bbox 360 564 1936 640">
     <span class='ocr_line' id='line_1_5' title="bbox 360 564 1936 640; baseline -0.001 -16"><span class='ocrx_word' id='word_1_27' title='bbox 360 571 457 624; x_wconf 79' lang='grc' dir='ltr'>καὶ</span> <span class='ocrx_word' id='word_1_28' title='bbox 487 569 569 623; x_wconf 84' lang='grc' dir='ltr'>δτι</span> <span class='ocrx_word' id='word_1_29' title='bbox 593 567 711 639; x_wconf 70' lang='grc' dir='ltr'>ἡξει</span> <span class='ocrx_word' id='word_1_30' title='bbox 738 568 817 632; x_wconf 86' lang='grc' dir='ltr'>είς</span> <span class='ocrx_word' id='word_1_31' title='bbox 850 565 1188 640; x_wconf 78' lang='grc' dir='ltr'>ἀνθρώπους.</span> <span class='ocrx_word' id='word_1_32' title='bbox 1219 568 1352 621; x_wconf 87' lang='grc' dir='ltr'>Τίνα</span> <span class='ocrx_word' id='word_1_33' title='bbox 1375 564 1469 623; x_wconf 85' lang='grc' dir='ltr'>οὖν</span> <span class='ocrx_word' id='word_1_34' title='bbox 1492 571 1643 623; x_wconf 88' lang='grc' dir='ltr'>ἐστιν</span> <span class='ocrx_word' id='word_1_35' title='bbox 1670 570 1816 640; x_wconf 77' lang='grc' dir='ltr'>άπερ</span> <span class='ocrx_word' id='word_1_36' title='bbox 1836 570 1936 623; x_wconf 88' lang='grc' dir='ltr'>οὐκ</span> 
     </span>
    </p>
   </div>
   <div class='ocr_carea' id='block_1_6' title="bbox 359 651 1942 723">
    <p class='ocr_par' dir='ltr' id='par_1_6' title="bbox 359 651 1942 723">
     <span class='ocr_line' id='line_1_6' title="bbox 359 651 1942 723; baseline 0 -17"><span class='ocrx_word' id='word_1_37' title='bbox 359 652 581 723; x_wconf 72' lang='grc' dir='ltr'>ᾔδεσαν,</span> <span class='ocrx_word' id='word_1_38' title='bbox 615 651 709 705; x_wconf 72' lang='grc' dir='ltr'>καὶ</span> <span class='ocrx_word' id='word_1_39' title='bbox 754 652 874 705; x_wconf 90' lang='grc' dir='ltr'>τίνα</span> <span class='ocrx_word' id='word_1_40' title='bbox 920 651 1064 722; x_wconf 76' lang='grc' dir='ltr'>άπερ</span> <span class='ocrx_word' id='word_1_41' title='bbox 1097 651 1199 704; x_wconf 84' lang='grc' dir='ltr'>οὐκ</span> <span class='ocrx_word' id='word_1_42' title='bbox 1236 651 1512 722; x_wconf 76' lang='grc' dir='ltr'>ηκουσαν;</span> <span class='ocrx_word' id='word_1_43' title='bbox 1565 652 1751 708; x_wconf 88' lang='grc' dir='ltr'>Ταῦτα</span> <span class='ocrx_word' id='word_1_44' title='bbox 1781 652 1819 708; x_wconf 81' lang='grc' dir='ltr'>ἀ</span> <span class='ocrx_word' id='word_1_45' title='bbox 1845 654 1942 707; x_wconf 88' lang='grc' dir='ltr'>νῦν</span> 
     </span>
    </p>
   </div>
   <div class='ocr_carea' id='block_1_7' title="bbox 360 732 1941 807">
    <p class='ocr_par' dir='ltr' id='par_1_7' title="bbox 360 732 1941 807">
     <span class='ocr_line' id='line_1_7' title="bbox 360 732 1941 807; baseline 0.001 -20"><span class='ocrx_word' id='word_1_46' title='bbox 360 735 521 803; x_wconf 80' lang='grc' dir='ltr'>ὑμεῖς</span> <span class='ocrx_word' id='word_1_47' title='bbox 552 733 778 804; x_wconf 81' lang='grc' dir='ltr'>βλέπετε</span> <span class='ocrx_word' id='word_1_48' title='bbox 810 733 907 787; x_wconf 80' lang='grc' dir='ltr'>καὶ</span> <span class='ocrx_word' id='word_1_49' title='bbox 950 732 1203 788; x_wconf 88' lang='grc' dir='ltr'>ἀκούετε.</span> <span class='ocrx_word' id='word_1_50' title='bbox 1236 734 1299 788; x_wconf 66' lang='lat' dir='ltr'><strong>Et</strong></span> <span class='ocrx_word' id='word_1_51' title='bbox 1335 733 1392 786; x_wconf 87' lang='grc' dir='ltr'>δὲ</span> <span class='ocrx_word' id='word_1_52' title='bbox 1423 735 1520 789; x_wconf 77' lang='grc' dir='ltr'>καὶ</span> <span class='ocrx_word' id='word_1_53' title='bbox 1554 736 1738 805; x_wconf 81' lang='grc' dir='ltr'>φωνῆς</span> <span class='ocrx_word' id='word_1_54' title='bbox 1773 736 1941 807; x_wconf 72' lang='grc' dir='ltr'>ἥκου-</span> 
     </span>
    </p>
   </div>
   <div class='ocr_carea' id='block_1_8' title="bbox 361 811 1939 890">
    <p class='ocr_par' dir='ltr' id='par_1_8' title="bbox 361 811 1939 890">
     <span class='ocr_line' id='line_1_8' title="bbox 361 811 1939 890; baseline 0.001 -20"><span class='ocrx_word' id='word_1_55' title='bbox 361 833 484 881; x_wconf 86' lang='grc' dir='ltr'>σαν,</span> <span class='ocrx_word' id='word_1_56' title='bbox 513 816 609 870; x_wconf 80' lang='grc' dir='ltr'>καὶ</span> <span class='ocrx_word' id='word_1_57' title='bbox 655 811 797 871; x_wconf 79' lang='grc' dir='ltr'>είδον</span> <span class='ocrx_word' id='word_1_58' title='bbox 822 815 987 871; x_wconf 73' lang='grc' dir='ltr'>αὐτὸν</span> <span class='ocrx_word' id='word_1_59' title='bbox 1028 817 1249 880; x_wconf 81' lang='grc' dir='ltr'>ἐκεῖνοι,</span> <span class='ocrx_word' id='word_1_60' title='bbox 1287 816 1404 871; x_wconf 85' lang='grc' dir='ltr'>ἀλλ’</span> <span class='ocrx_word' id='word_1_61' title='bbox 1445 819 1547 872; x_wconf 79' lang='grc' dir='ltr'>οὐκ</span> <span class='ocrx_word' id='word_1_62' title='bbox 1590 830 1616 860; x_wconf 79' lang='grc' dir='ltr'>ι</span> <span class='ocrx_word' id='word_1_63' title='bbox 1664 820 1722 873; x_wconf 87' lang='grc' dir='ltr'>ἐν</span> <span class='ocrx_word' id='word_1_64' title='bbox 1755 821 1939 890; x_wconf 81' lang='grc' dir='ltr'>σαρκὶ,</span> 
     </span>
    </p>
   </div>
   <div class='ocr_carea' id='block_1_9' title="bbox 359 897 1943 973">
    <p class='ocr_par' dir='ltr' id='par_1_9' title="bbox 359 897 1943 973">
     <span class='ocr_line' id='line_1_9' title="bbox 359 897 1943 973; baseline 0.003 -21"><span class='ocrx_word' id='word_1_65' title='bbox 359 899 483 955; x_wconf 68' lang='grc' dir='ltr'>οὐδὲ</span> <span class='ocrx_word' id='word_1_66' title='bbox 512 899 654 953; x_wconf 80' lang='grc' dir='ltr'>οὕτω</span> <span class='ocrx_word' id='word_1_67' title='bbox 691 902 804 963; x_wconf 85' lang='grc' dir='ltr'>τοῖς</span> <span class='ocrx_word' id='word_1_68' title='bbox 836 897 1148 971; x_wconf 82' lang='grc' dir='ltr'>ἀνθρώποις</span> <span class='ocrx_word' id='word_1_69' title='bbox 1184 901 1776 973; x_wconf 79' lang='grc' dir='ltr'>συναναστρεφόμενον,</span> <span class='ocrx_word' id='word_1_70' title='bbox 1821 902 1943 956; x_wconf 82' lang='grc' dir='ltr'>οὐδὲ</span> 
     </span>
    </p>
   </div>
   <div class='ocr_carea' id='block_1_10' title="bbox 364 981 1944 1054">
    <p class='ocr_par' dir='ltr' id='par_1_10' title="bbox 364 981 1944 1054">
     <span class='ocr_line' id='line_1_10' title="bbox 364 981 1944 1054; baseline 0.002 -19"><span class='ocrx_word' id='word_1_71' title='bbox 364 981 507 1054; x_wconf 86' lang='grc' dir='ltr'>μετά</span> <span class='ocrx_word' id='word_1_72' title='bbox 526 981 795 1053; x_wconf 78' lang='grc' dir='ltr'>τοσαύτης</span> <span class='ocrx_word' id='word_1_73' title='bbox 833 982 1018 1047; x_wconf 82' lang='grc' dir='ltr'>αὐτοῖς</span> <span class='ocrx_word' id='word_1_74' title='bbox 1068 982 1361 1052; x_wconf 74' lang='grc' dir='ltr'>ὁμιλοῦντα</span> <span class='ocrx_word' id='word_1_75' title='bbox 1396 985 1496 1054; x_wconf 81' lang='grc' dir='ltr'>τῆς</span> <span class='ocrx_word' id='word_1_76' title='bbox 1536 984 1739 1048; x_wconf 88' lang='grc' dir='ltr'>ἀδείας.</span> <span class='ocrx_word' id='word_1_77' title='bbox 1770 984 1944 1038; x_wconf 86' lang='grc' dir='ltr'>Τοῦτο</span> 
     </span>
    </p>
   </div>
   <div class='ocr_carea' id='block_1_11' title="bbox 363 1060 1943 1138">
    <p class='ocr_par' dir='ltr' id='par_1_11' title="bbox 363 1060 1943 1138">
     <span class='ocr_line' id='line_1_11' title="bbox 363 1060 1943 1138; baseline 0.001 -20"><span class='ocrx_word' id='word_1_78' title='bbox 363 1064 493 1133; x_wconf 89' lang='grc' dir='ltr'>γοῦν</span> <span class='ocrx_word' id='word_1_79' title='bbox 521 1064 615 1119; x_wconf 74' lang='grc' dir='ltr'>καὶ</span> <span class='ocrx_word' id='word_1_80' title='bbox 633 1064 796 1129; x_wconf 82' lang='grc' dir='ltr'>αὐτὸς</span> <span class='ocrx_word' id='word_1_81' title='bbox 811 1064 1006 1136; x_wconf 84' lang='grc' dir='ltr'>δηλῶν,</span> <span class='ocrx_word' id='word_1_82' title='bbox 1021 1067 1119 1136; x_wconf 88' lang='grc' dir='ltr'>οὐχ</span> <span class='ocrx_word' id='word_1_83' title='bbox 1137 1065 1327 1130; x_wconf 81' lang='grc' dir='ltr'>ἁπλῶς</span> <span class='ocrx_word' id='word_1_84' title='bbox 1344 1060 1497 1120; x_wconf 79' lang='grc' dir='ltr'>εἶπεν</span> <span class='ocrx_word' id='word_1_85' title='bbox 1514 1083 1528 1096; x_wconf 69' lang='grc' dir='ltr'><strong><em>υ</em></strong></span> <span class='ocrx_word' id='word_1_86' title='bbox 1558 1066 1752 1120; x_wconf 88' lang='grc' dir='ltr'>Ἐπεθύ</span> <span class='ocrx_word' id='word_1_87' title='bbox 1760 1086 1835 1138; x_wconf 85' lang='grc' dir='ltr'>μη</span> <span class='ocrx_word' id='word_1_88' title='bbox 1843 1085 1943 1120; x_wconf 90' lang='grc' dir='ltr'>σαν</span> 
     </span>
    </p>
   </div>
   <div class='ocr_carea' id='block_1_12' title="bbox 366 1147 1943 1217">
    <p class='ocr_par' dir='ltr' id='par_1_12' title="bbox 366 1147 1943 1217">
     <span class='ocr_line' id='line_1_12' title="bbox 366 1147 1943 1217; baseline 0.001 -17"><span class='ocrx_word' id='word_1_89' title='bbox 366 1147 496 1201; x_wconf 82' lang='grc' dir='ltr'>ίδείν</span> <span class='ocrx_word' id='word_1_90' title='bbox 508 1147 608 1217; x_wconf 81' lang='grc' dir='ltr'>ἐμέ</span> <span class='ocrx_word' id='word_1_91' title='bbox 628 1165 641 1178; x_wconf 93' lang='grc'><strong>·</strong></span> <span class='ocrx_word' id='word_1_92' title='bbox 670 1147 809 1201; x_wconf 86' lang='grc' dir='ltr'>ἀλλά</span> <span class='ocrx_word' id='word_1_93' title='bbox 823 1147 876 1200; x_wconf 87' lang='grc' dir='ltr'>τί</span> <span class='ocrx_word' id='word_1_94' title='bbox 895 1164 911 1213; x_wconf 90' lang='grc'>;</span> <span class='ocrx_word' id='word_1_95' title='bbox 935 1150 1002 1200; x_wconf 80' lang='grc' dir='ltr'><strong>Ἀ</strong></span> <span class='ocrx_word' id='word_1_96' title='bbox 1020 1148 1185 1216; x_wconf 81' lang='grc' dir='ltr'>ὑμεῖς</span> <span class='ocrx_word' id='word_1_97' title='bbox 1203 1148 1466 1212; x_wconf 75' lang='grc' dir='ltr'>βλέπετε</span> <span class='ocrx_word' id='word_1_98' title='bbox 1481 1165 1495 1178; x_wconf 63' lang='grc' dir='ltr'><em>α</em></span> <span class='ocrx_word' id='word_1_99' title='bbox 1526 1148 1669 1208; x_wconf 83' lang='grc' dir='ltr'>οὐδὲ.</span> <span class='ocrx_word' id='word_1_100' title='bbox 1685 1150 1943 1203; x_wconf 78' lang='grc' dir='ltr'>Ἀκοῦσαι</span> 
     </span>
    </p>
   </div>
   <div class='ocr_carea' id='block_1_13' title="bbox 362 1229 1944 1302">
    <p class='ocr_par' dir='ltr' id='par_1_13' title="bbox 362 1229 1944 1302">
     <span class='ocr_line' id='line_1_13' title="bbox 362 1229 1944 1302; baseline 0.001 -19"><span class='ocrx_word' id='word_1_101' title='bbox 362 1229 516 1301; x_wconf 85' lang='grc' dir='ltr'>ἐμοῦ·</span> <span class='ocrx_word' id='word_1_102' title='bbox 549 1229 687 1284; x_wconf 84' lang='grc' dir='ltr'>ἀλλά</span> <span class='ocrx_word' id='word_1_103' title='bbox 717 1230 805 1295; x_wconf 88' lang='grc' dir='ltr'>τί;</span> <span class='ocrx_word' id='word_1_104' title='bbox 834 1232 906 1286; x_wconf 81' lang='grc' dir='ltr'>Ἀ</span> <span class='ocrx_word' id='word_1_105' title='bbox 932 1230 1103 1300; x_wconf 81' lang='grc' dir='ltr'>ὑμεῖς</span> <span class='ocrx_word' id='word_1_106' title='bbox 1123 1231 1394 1284; x_wconf 73' lang='grc' dir='ltr'>ἀκούετε.</span> <span class='ocrx_word' id='word_1_107' title='bbox 1420 1232 1581 1284; x_wconf 84' lang='grc' dir='ltr'>Ὠστε</span> <span class='ocrx_word' id='word_1_108' title='bbox 1626 1233 1675 1285; x_wconf 89' lang='grc' dir='ltr'>εί</span> <span class='ocrx_word' id='word_1_109' title='bbox 1717 1231 1815 1286; x_wconf 76' lang='grc' dir='ltr'>καὶ</span> <span class='ocrx_word' id='word_1_110' title='bbox 1868 1232 1944 1302; x_wconf 78' lang='grc' dir='ltr'>μὴ</span> 
     </span>
    </p>
   </div>
   <div class='ocr_carea' id='block_1_14' title="bbox 359 1312 1947 1385">
    <p class='ocr_par' dir='ltr' id='par_1_14' title="bbox 359 1312 1947 1385">
     <span class='ocr_line' id='line_1_14' title="bbox 359 1312 1947 1385; baseline 0.001 -20"><span class='ocrx_word' id='word_1_111' title='bbox 359 1313 459 1381; x_wconf 80' lang='grc' dir='ltr'>τὴν</span> <span class='ocrx_word' id='word_1_112' title='bbox 491 1312 752 1383; x_wconf 77' lang='grc' dir='ltr'>ἐνσαρκον</span> <span class='ocrx_word' id='word_1_113' title='bbox 781 1312 953 1367; x_wconf 84' lang='grc' dir='ltr'>αὐτοῦ</span> <span class='ocrx_word' id='word_1_114' title='bbox 989 1312 1294 1385; x_wconf 78' lang='grc' dir='ltr'>παρουσίαν</span> <span class='ocrx_word' id='word_1_115' title='bbox 1317 1312 1625 1378; x_wconf 86' lang='grc' dir='ltr'>ἐθεάσαντο,</span> <span class='ocrx_word' id='word_1_116' title='bbox 1647 1314 1762 1367; x_wconf 83' lang='grc' dir='ltr'>ἀλλ’</span> <span class='ocrx_word' id='word_1_117' title='bbox 1795 1315 1947 1384; x_wconf 82' lang='grc' dir='ltr'>ὅμως</span> 
     </span>
    </p>
   </div>
   <div class='ocr_carea' id='block_1_15' title="bbox 358 1392 1948 1467">
    <p class='ocr_par' dir='ltr' id='par_1_15' title="bbox 358 1392 1948 1467">
     <span class='ocr_line' id='line_1_15' title="bbox 358 1392 1948 1467; baseline -0.001 -17"><span class='ocrx_word' id='word_1_118' title='bbox 358 1396 556 1466; x_wconf 63' lang='grc' dir='ltr'>⁴εἱδεσαν</span> <span class='ocrx_word' id='word_1_119' title='bbox 578 1396 749 1467; x_wconf 82' lang='grc' dir='ltr'>αὐτὴν</span> <span class='ocrx_word' id='word_1_120' title='bbox 782 1396 1074 1467; x_wconf 72' lang='grc' dir='ltr'>ἐσομένην,</span> <span class='ocrx_word' id='word_1_121' title='bbox 1103 1392 1172 1467; x_wconf 83' lang='grc' dir='ltr'>ἦς</span> <span class='ocrx_word' id='word_1_122' title='bbox 1204 1396 1297 1449; x_wconf 73' lang='grc' dir='ltr'>καὶ</span> <span class='ocrx_word' id='word_1_123' title='bbox 1330 1396 1637 1466; x_wconf 73' lang='grc' dir='ltr'>ἐπεθύμουν</span> <span class='ocrx_word' id='word_1_124' title='bbox 1658 1414 1675 1430; x_wconf 87' lang='grc'><strong>·</strong></span> <span class='ocrx_word' id='word_1_125' title='bbox 1701 1398 1798 1452; x_wconf 74' lang='grc' dir='ltr'>καὶ</span> <span class='ocrx_word' id='word_1_126' title='bbox 1828 1397 1948 1449; x_wconf 82' lang='grc' dir='ltr'>ἐπί-</span> 
     </span>
    </p>
   </div>
   <div class='ocr_carea' id='block_1_16' title="bbox 358 1478 1945 1550">
    <p class='ocr_par' dir='ltr' id='par_1_16' title="bbox 358 1478 1945 1550">
     <span class='ocr_line' id='line_1_16' title="bbox 358 1478 1945 1550; baseline -0.001 -19"><span class='ocrx_word' id='word_1_127' title='bbox 358 1495 552 1533; x_wconf 85' lang='grc' dir='ltr'>στευον</span> <span class='ocrx_word' id='word_1_128' title='bbox 581 1481 663 1542; x_wconf 84' lang='grc' dir='ltr'>είς</span> <span class='ocrx_word' id='word_1_129' title='bbox 693 1478 881 1539; x_wconf 75' lang='grc' dir='ltr'>αὐτὸν,</span> <span class='ocrx_word' id='word_1_130' title='bbox 913 1479 1010 1532; x_wconf 68' lang='grc' dir='ltr'>καὶ</span> <span class='ocrx_word' id='word_1_131' title='bbox 1041 1478 1116 1549; x_wconf 82' lang='grc' dir='ltr'>μὴ</span> <span class='ocrx_word' id='word_1_132' title='bbox 1148 1479 1452 1550; x_wconf 75' lang='grc' dir='ltr'>ἑωρακότες</span> <span class='ocrx_word' id='word_1_133' title='bbox 1483 1479 1648 1532; x_wconf 78' lang='grc' dir='ltr'>αὐτὸν</span> <span class='ocrx_word' id='word_1_134' title='bbox 1679 1480 1738 1531; x_wconf 81' lang='grc' dir='ltr'>ἐν</span> <span class='ocrx_word' id='word_1_135' title='bbox 1766 1478 1945 1549; x_wconf 88' lang='grc' dir='ltr'>σαρκί.</span> 
     </span>
    </p>
   </div>
   <div class='ocr_carea' id='block_1_17' title="bbox 358 1557 1947 1634">
    <p class='ocr_par' dir='ltr' id='par_1_17' title="bbox 358 1557 1947 1634">
     <span class='ocr_line' id='line_1_17' title="bbox 358 1557 1947 1634; baseline -0.001 -18"><span class='ocrx_word' id='word_1_136' title='bbox 358 1562 534 1616; x_wconf 83' lang='grc' dir='ltr'>Ὅταν</span> <span class='ocrx_word' id='word_1_137' title='bbox 560 1557 655 1616; x_wconf 82' lang='grc' dir='ltr'>οῦν</span> <span class='ocrx_word' id='word_1_138' title='bbox 682 1560 994 1629; x_wconf 82' lang='grc' dir='ltr'>ἐγκαλῶσιν</span> <span class='ocrx_word' id='word_1_139' title='bbox 1041 1563 1172 1632; x_wconf 81' lang='grc' dir='ltr'>ἡμῖν</span> <span class='ocrx_word' id='word_1_140' title='bbox 1200 1560 1315 1634; x_wconf 86' lang='grc'>[50]</span> <span class='ocrx_word' id='word_1_141' title='bbox 1353 1560 1616 1632; x_wconf 85' lang='grc' dir='ltr'>’Έλληνες</span> <span class='ocrx_word' id='word_1_142' title='bbox 1649 1560 1821 1615; x_wconf 89' lang='grc' dir='ltr'>ταῦτα</span> <span class='ocrx_word' id='word_1_143' title='bbox 1863 1561 1947 1614; x_wconf 83' lang='grc' dir='ltr'>λέ-</span> 
     </span>
    </p>
   </div>
   <div class='ocr_carea' id='block_1_18' title="bbox 359 1634 1938 1717">
    <p class='ocr_par' dir='ltr' id='par_1_18' title="bbox 359 1634 1938 1717">
     <span class='ocr_line' id='line_1_18' title="bbox 359 1634 1938 1717; baseline -0.001 -19"><span class='ocrx_word' id='word_1_144' title='bbox 359 1661 575 1712; x_wconf 72' lang='grc' dir='ltr'>γοντεςο</span> <span class='ocrx_word' id='word_1_145' title='bbox 607 1644 675 1697; x_wconf 83' lang='grc' dir='ltr'>Τί</span> <span class='ocrx_word' id='word_1_146' title='bbox 709 1645 767 1698; x_wconf 86' lang='grc' dir='ltr'>δὲ</span> <span class='ocrx_word' id='word_1_147' title='bbox 782 1645 875 1700; x_wconf 78' lang='grc' dir='ltr'>τὸν</span> <span class='ocrx_word' id='word_1_148' title='bbox 899 1645 1204 1717; x_wconf 75' lang='grc' dir='ltr'>ἔμπροσθεν</span> <span class='ocrx_word' id='word_1_149' title='bbox 1227 1646 1398 1699; x_wconf 78' lang='grc' dir='ltr'>ἐποίει</span> <span class='ocrx_word' id='word_1_150' title='bbox 1423 1634 1620 1717; x_wconf 65' lang='grc' dir='ltr'>χρόνον</span> <span class='ocrx_word' id='word_1_151' title='bbox 1642 1647 1670 1699; x_wconf 92' lang='lat'>6</span> <span class='ocrx_word' id='word_1_152' title='bbox 1687 1646 1938 1715; x_wconf 78' lang='grc' dir='ltr'>Χριστὸς,</span> 
     </span>
    </p>
   </div>
   <div class='ocr_carea' id='block_1_19' title="bbox 361 1725 1939 1799">
    <p class='ocr_par' dir='ltr' id='par_1_19' title="bbox 361 1725 1939 1799">
     <span class='ocr_line' id='line_1_19' title="bbox 361 1725 1939 1799; baseline 0 -20"><span class='ocrx_word' id='word_1_153' title='bbox 361 1728 425 1781; x_wconf 74' lang='grc' dir='ltr'>τὸ</span> <span class='ocrx_word' id='word_1_154' title='bbox 452 1725 566 1780; x_wconf 88' lang='grc' dir='ltr'>τῶν</span> <span class='ocrx_word' id='word_1_155' title='bbox 588 1727 888 1799; x_wconf 82' lang='grc' dir='ltr'>ἀνθρώπων</span> <span class='ocrx_word' id='word_1_156' title='bbox 922 1729 1020 1782; x_wconf 88' lang='grc' dir='ltr'>οὐκ</span> <span class='ocrx_word' id='word_1_157' title='bbox 1048 1727 1513 1797; x_wconf 77' lang='grc' dir='ltr'>ἐπισκοπούμενος</span> <span class='ocrx_word' id='word_1_158' title='bbox 1540 1727 1727 1795; x_wconf 86' lang='grc' dir='ltr'>γένος;</span> <span class='ocrx_word' id='word_1_159' title='bbox 1760 1727 1856 1781; x_wconf 74' lang='grc' dir='ltr'>καὶ</span> <span class='ocrx_word' id='word_1_160' title='bbox 1886 1727 1939 1779; x_wconf 86' lang='grc' dir='ltr'>τί</span> 
     </span>
    </p>
   </div>
   <div class='ocr_carea' id='block_1_20' title="bbox 362 1805 1936 1882">
    <p class='ocr_par' dir='ltr' id='par_1_20' title="bbox 362 1805 1936 1882">
     <span class='ocr_line' id='line_1_20' title="bbox 362 1805 1936 1882; baseline -0.002 -17"><span class='ocrx_word' id='word_1_161' title='bbox 362 1810 567 1882; x_wconf 83' lang='grc' dir='ltr'>δήποτε</span> <span class='ocrx_word' id='word_1_162' title='bbox 596 1814 653 1864; x_wconf 90' lang='grc' dir='ltr'>ἐν</span> <span class='ocrx_word' id='word_1_163' title='bbox 678 1812 890 1882; x_wconf 80' lang='grc' dir='ltr'><strong>ἐσχάτῳ</strong></span> <span class='ocrx_word' id='word_1_164' title='bbox 928 1811 1027 1881; x_wconf 85' lang='grc' dir='ltr'>τῆς</span> <span class='ocrx_word' id='word_1_165' title='bbox 1074 1810 1349 1881; x_wconf 82' lang='grc' dir='ltr'>ἡμετέρας</span> <span class='ocrx_word' id='word_1_166' title='bbox 1378 1805 1543 1879; x_wconf 82' lang='grc' dir='ltr'>ἦλθεν</span> <span class='ocrx_word' id='word_1_167' title='bbox 1576 1809 1936 1880; x_wconf 78' lang='grc' dir='ltr'>ἀντιληψόμε-</span> 
     </span>
    </p>
   </div>
   <div class='ocr_carea' id='block_1_21' title="bbox 364 1891 1932 1965">
    <p class='ocr_par' dir='ltr' id='par_1_21' title="bbox 364 1891 1932 1965">
     <span class='ocr_line' id='line_1_21' title="bbox 364 1891 1932 1965; baseline -0.002 -18"><span class='ocrx_word' id='word_1_168' title='bbox 364 1911 458 1958; x_wconf 89' lang='grc' dir='ltr'>νος</span> <span class='ocrx_word' id='word_1_169' title='bbox 506 1894 800 1965; x_wconf 88' lang='grc' dir='ltr'>σωτηρίας,</span> <span class='ocrx_word' id='word_1_170' title='bbox 849 1892 1102 1947; x_wconf 86' lang='grc' dir='ltr'>τοσοῦτον</span> <span class='ocrx_word' id='word_1_171' title='bbox 1155 1891 1435 1964; x_wconf 79' lang='grc' dir='ltr'>ἀμελήσας</span> <span class='ocrx_word' id='word_1_172' title='bbox 1502 1893 1690 1964; x_wconf 88' lang='grc' dir='ltr'>χρόνον</span> <span class='ocrx_word' id='word_1_173' title='bbox 1741 1893 1932 1964; x_wconf 76' lang='grc' dir='ltr'>ήμῶνς</span> 
     </span>
    </p>
   </div>
   <div class='ocr_carea' id='block_1_22' title="bbox 368 1971 1938 2049">
    <p class='ocr_par' dir='ltr' id='par_1_22' title="bbox 368 1971 1938 2049">
     <span class='ocr_line' id='line_1_22' title="bbox 368 1971 1938 2049; baseline -0.001 -18"><span class='ocrx_word' id='word_1_174' title='bbox 368 1977 621 2049; x_wconf 76' lang='grc' dir='ltr'>ἐροῦμεν,</span> <span class='ocrx_word' id='word_1_175' title='bbox 650 1979 730 2031; x_wconf 83' lang='grc' dir='ltr'>ὅτι</span> <span class='ocrx_word' id='word_1_176' title='bbox 758 1979 850 2031; x_wconf 79' lang='grc' dir='ltr'>καὶ</span> <span class='ocrx_word' id='word_1_177' title='bbox 892 1977 998 2049; x_wconf 73' lang='grc' dir='ltr'>πρὸ</span> <span class='ocrx_word' id='word_1_178' title='bbox 1037 1975 1225 2029; x_wconf 82' lang='grc' dir='ltr'>τούτου</span> <span class='ocrx_word' id='word_1_179' title='bbox 1259 1978 1317 2029; x_wconf 87' lang='grc' dir='ltr'>ἐν</span> <span class='ocrx_word' id='word_1_180' title='bbox 1359 1975 1436 2046; x_wconf 85' lang='grc' dir='ltr'>τῷ</span> <span class='ocrx_word' id='word_1_181' title='bbox 1479 1976 1669 2047; x_wconf 86' lang='grc' dir='ltr'>κόσμῳ</span> <span class='ocrx_word' id='word_1_182' title='bbox 1707 1971 1797 2048; x_wconf 78' lang='grc' dir='ltr'>ἦν,</span> <span class='ocrx_word' id='word_1_183' title='bbox 1843 1977 1938 2029; x_wconf 76' lang='grc' dir='ltr'>καὶ</span> 
     </span>
    </p>
   </div>
   <div class='ocr_carea' id='block_1_23' title="bbox 364 2057 1937 2131">
    <p class='ocr_par' dir='ltr' id='par_1_23' title="bbox 364 2057 1937 2131">
     <span class='ocr_line' id='line_1_23' title="bbox 364 2057 1937 2131; baseline 0.001 -19"><span class='ocrx_word' id='word_1_184' title='bbox 364 2061 608 2131; x_wconf 77' lang='grc' dir='ltr'>προενόει</span> <span class='ocrx_word' id='word_1_185' title='bbox 637 2060 749 2112; x_wconf 86' lang='grc' dir='ltr'>τῶν</span> <span class='ocrx_word' id='word_1_186' title='bbox 776 2059 952 2131; x_wconf 81' lang='grc' dir='ltr'>ἔργων</span> <span class='ocrx_word' id='word_1_187' title='bbox 976 2057 1161 2123; x_wconf 84' lang='grc' dir='ltr'>αὐτοῦ,</span> <span class='ocrx_word' id='word_1_188' title='bbox 1195 2058 1289 2112; x_wconf 75' lang='grc' dir='ltr'>καὶ</span> <span class='ocrx_word' id='word_1_189' title='bbox 1313 2058 1590 2131; x_wconf 83' lang='grc' dir='ltr'>γνώριμος</span> <span class='ocrx_word' id='word_1_190' title='bbox 1623 2062 1738 2122; x_wconf 87' lang='grc' dir='ltr'>τοῖς</span> <span class='ocrx_word' id='word_1_191' title='bbox 1763 2058 1937 2125; x_wconf 78' lang='grc' dir='ltr'>ἀξίοις</span> 
     </span>
    </p>
   </div>
   <div class='ocr_carea' id='block_1_24' title="bbox 358 2137 1936 2213">
    <p class='ocr_par' dir='ltr' id='par_1_24' title="bbox 358 2137 1936 2213">
     <span class='ocr_line' id='line_1_24' title="bbox 358 2137 1936 2213; baseline 0 -17"><span class='ocrx_word' id='word_1_192' title='bbox 358 2142 562 2196; x_wconf 75' lang='grc' dir='ltr'>ἅπασιν</span> <span class='ocrx_word' id='word_1_193' title='bbox 592 2137 681 2213; x_wconf 80' lang='grc' dir='ltr'>ἦν.</span> <span class='ocrx_word' id='word_1_194' title='bbox 731 2142 796 2197; x_wconf 85' lang='grc' dir='ltr'>Εί</span> <span class='ocrx_word' id='word_1_195' title='bbox 824 2142 879 2195; x_wconf 86' lang='grc' dir='ltr'>δέ</span> <span class='ocrx_word' id='word_1_196' title='bbox 907 2142 992 2196; x_wconf 72' lang='grc' dir='ltr'>διά</span> <span class='ocrx_word' id='word_1_197' title='bbox 1024 2141 1087 2194; x_wconf 74' lang='grc' dir='ltr'>τὸ</span> <span class='ocrx_word' id='word_1_198' title='bbox 1123 2141 1198 2213; x_wconf 83' lang='grc' dir='ltr'>μὴ</span> <span class='ocrx_word' id='word_1_199' title='bbox 1228 2143 1434 2206; x_wconf 84' lang='grc' dir='ltr'>πάντας</span> <span class='ocrx_word' id='word_1_200' title='bbox 1473 2142 1634 2195; x_wconf 80' lang='grc' dir='ltr'>αὐτὸν</span> <span class='ocrx_word' id='word_1_201' title='bbox 1672 2143 1795 2197; x_wconf 88' lang='grc' dir='ltr'>τότε</span> <span class='ocrx_word' id='word_1_202' title='bbox 1833 2145 1936 2196; x_wconf 89' lang='grc' dir='ltr'>ἐπ-</span> 
     </span>
    </p>
   </div>
   <div class='ocr_carea' id='block_1_25' title="bbox 353 2224 1938 2297">
    <p class='ocr_par' dir='ltr' id='par_1_25' title="bbox 353 2224 1938 2297">
     <span class='ocr_line' id='line_1_25' title="bbox 353 2224 1938 2297; baseline 0 -18"><span class='ocrx_word' id='word_1_203' title='bbox 353 2226 674 2295; x_wconf 85' lang='grc' dir='ltr'>εγνωκέναι,</span> <span class='ocrx_word' id='word_1_204' title='bbox 690 2224 824 2279; x_wconf 91' lang='grc' dir='ltr'>ἀλλά</span> <span class='ocrx_word' id='word_1_205' title='bbox 845 2225 998 2295; x_wconf 91' lang='grc' dir='ltr'>παρά</span> <span class='ocrx_word' id='word_1_206' title='bbox 1020 2224 1131 2278; x_wconf 91' lang='grc' dir='ltr'>τῶν</span> <span class='ocrx_word' id='word_1_207' title='bbox 1154 2224 1415 2294; x_wconf 81' lang='grc' dir='ltr'>γενναίων</span> <span class='ocrx_word' id='word_1_208' title='bbox 1444 2226 1607 2279; x_wconf 78' lang='grc' dir='ltr'>αὐτὸν</span> <span class='ocrx_word' id='word_1_209' title='bbox 1635 2227 1731 2280; x_wconf 74' lang='grc' dir='ltr'>καὶ</span> <span class='ocrx_word' id='word_1_210' title='bbox 1752 2226 1938 2297; x_wconf 84' lang='grc' dir='ltr'>ἐναρέ-</span> 
     </span>
    </p>
   </div>
   <div class='ocr_carea' id='block_1_26' title="bbox 353 2308 1937 2382">
    <p class='ocr_par' dir='ltr' id='par_1_26' title="bbox 353 2308 1937 2382">
     <span class='ocr_line' id='line_1_26' title="bbox 353 2308 1937 2382; baseline 0.001 -20"><span class='ocrx_word' id='word_1_211' title='bbox 353 2327 462 2363; x_wconf 90' lang='grc' dir='ltr'>των</span> <span class='ocrx_word' id='word_1_212' title='bbox 511 2309 738 2363; x_wconf 87' lang='grc' dir='ltr'>ἐκείνων</span> <span class='ocrx_word' id='word_1_213' title='bbox 784 2308 961 2379; x_wconf 88' lang='grc' dir='ltr'>μόνων</span> <span class='ocrx_word' id='word_1_214' title='bbox 988 2309 1016 2348; x_wconf 73' lang='grc' dir='ltr'>δ</span> <span class='ocrx_word' id='word_1_215' title='bbox 1048 2309 1338 2376; x_wconf 87' lang='grc' dir='ltr'>ἐγνῶσθαι,</span> <span class='ocrx_word' id='word_1_216' title='bbox 1388 2310 1587 2379; x_wconf 80' lang='grc' dir='ltr'>φαίητε</span> <span class='ocrx_word' id='word_1_217' title='bbox 1639 2310 1714 2382; x_wconf 85' lang='grc' dir='ltr'>μὴ</span> <span class='ocrx_word' id='word_1_218' title='bbox 1741 2310 1937 2381; x_wconf 83' lang='grc' dir='ltr'>γνωρί-</span> 
     </span>
    </p>
   </div>
   <div class='ocr_carea' id='block_1_27' title="bbox 354 2389 1938 2463">
    <p class='ocr_par' dir='ltr' id='par_1_27' title="bbox 354 2389 1938 2463">
     <span class='ocr_line' id='line_1_27' title="bbox 354 2389 1938 2463; baseline 0.001 -20"><span class='ocrx_word' id='word_1_219' title='bbox 354 2389 546 2454; x_wconf 78' lang='grc' dir='ltr'>ζεσθαι</span> <span class='ocrx_word' id='word_1_220' title='bbox 562 2407 578 2421; x_wconf 88' lang='grc'><strong>·</strong></span> <span class='ocrx_word' id='word_1_221' title='bbox 608 2391 751 2444; x_wconf 86' lang='grc' dir='ltr'>κατά</span> <span class='ocrx_word' id='word_1_222' title='bbox 777 2389 937 2444; x_wconf 84' lang='grc' dir='ltr'>τοῦτο</span> <span class='ocrx_word' id='word_1_223' title='bbox 961 2390 1081 2446; x_wconf 81' lang='grc' dir='ltr'>οὐδὲ</span> <span class='ocrx_word' id='word_1_224' title='bbox 1109 2390 1204 2445; x_wconf 89' lang='grc' dir='ltr'>νῦν</span> <span class='ocrx_word' id='word_1_225' title='bbox 1224 2391 1585 2463; x_wconf 79' lang='grc' dir='ltr'>ὁμολογήσετε</span> <span class='ocrx_word' id='word_1_226' title='bbox 1614 2395 1938 2463; x_wconf 87' lang='grc' dir='ltr'>προσκυνεῖ-</span> 
     </span>
    </p>
   </div>
   <div class='ocr_carea' id='block_1_28' title="bbox 358 2472 1935 2547">
    <p class='ocr_par' dir='ltr' id='par_1_28' title="bbox 358 2472 1935 2547">
     <span class='ocr_line' id='line_1_28' title="bbox 358 2472 1935 2547; baseline 0.003 -21"><span class='ocrx_word' id='word_1_227' title='bbox 358 2475 485 2527; x_wconf 88' lang='grc' dir='ltr'>σθαι</span> <span class='ocrx_word' id='word_1_228' title='bbox 540 2472 705 2527; x_wconf 77' lang='grc' dir='ltr'>αὐτὸν</span> <span class='ocrx_word' id='word_1_229' title='bbox 752 2473 857 2527; x_wconf 78' lang='grc' dir='ltr'>ὐπὸ</span> <span class='ocrx_word' id='word_1_230' title='bbox 903 2474 1013 2527; x_wconf 86' lang='grc' dir='ltr'>τῶν</span> <span class='ocrx_word' id='word_1_231' title='bbox 1061 2473 1384 2547; x_wconf 87' lang='grc' dir='ltr'>ἀνθρώπων,</span> <span class='ocrx_word' id='word_1_232' title='bbox 1424 2475 1610 2546; x_wconf 86' lang='grc' dir='ltr'>ἐπειδὴ</span> <span class='ocrx_word' id='word_1_233' title='bbox 1655 2475 1789 2547; x_wconf 86' lang='grc' dir='ltr'>μηδὲ</span> <span class='ocrx_word' id='word_1_234' title='bbox 1839 2476 1935 2530; x_wconf 87' lang='grc' dir='ltr'>νῦν</span> 
     </span>
    </p>
   </div>
   <div class='ocr_carea' id='block_1_29' title="bbox 355 2557 1933 2631">
    <p class='ocr_par' dir='ltr' id='par_1_29' title="bbox 355 2557 1933 2631">
     <span class='ocr_line' id='line_1_29' title="bbox 355 2557 1933 2631; baseline 0.001 -19"><span class='ocrx_word' id='word_1_235' title='bbox 355 2559 599 2623; x_wconf 76' lang='grc' dir='ltr'>ἅπαντες</span> <span class='ocrx_word' id='word_1_236' title='bbox 621 2558 783 2613; x_wconf 81' lang='grc' dir='ltr'>αὐτὸν</span> <span class='ocrx_word' id='word_1_237' title='bbox 815 2558 1011 2613; x_wconf 85' lang='grc' dir='ltr'>ίσασιν.</span> <span class='ocrx_word' id='word_1_238' title='bbox 1046 2557 1186 2610; x_wconf 80' lang='grc' dir='ltr'>Ἀλλ’</span> <span class='ocrx_word' id='word_1_239' title='bbox 1210 2558 1398 2631; x_wconf 88' lang='grc' dir='ltr'>ῶσπερ</span> <span class='ocrx_word' id='word_1_240' title='bbox 1427 2558 1520 2611; x_wconf 75' lang='grc' dir='ltr'>ἐπὶ</span> <span class='ocrx_word' id='word_1_241' title='bbox 1546 2559 1640 2612; x_wconf 89' lang='grc' dir='ltr'>τοῦ</span> <span class='ocrx_word' id='word_1_242' title='bbox 1668 2559 1933 2631; x_wconf 88' lang='grc' dir='ltr'>παρόντος</span> 
     </span>
    </p>
   </div>
   <div class='ocr_carea' id='block_1_30' title="bbox 354 2640 1932 2708">
    <p class='ocr_par' dir='ltr' id='par_1_30' title="bbox 354 2640 1932 2708">
     <span class='ocr_line' id='line_1_30' title="bbox 354 2640 1932 2708; baseline 0.003 -16"><span class='ocrx_word' id='word_1_243' title='bbox 354 2640 533 2704; x_wconf 75' lang='grc' dir='ltr'>οὐδεὶς</span> <span class='ocrx_word' id='word_1_244' title='bbox 569 2640 637 2694; x_wconf 81' lang='grc' dir='ltr'>ἂν</span> <span class='ocrx_word' id='word_1_245' title='bbox 684 2640 773 2695; x_wconf 83' lang='grc' dir='ltr'>διὰ</span> <span class='ocrx_word' id='word_1_246' title='bbox 819 2642 948 2704; x_wconf 81' lang='grc' dir='ltr'>τοὺς</span> <span class='ocrx_word' id='word_1_247' title='bbox 1009 2640 1339 2708; x_wconf 85' lang='grc' dir='ltr'>ἀγνοοῦντας</span> <span class='ocrx_word' id='word_1_248' title='bbox 1392 2642 1554 2695; x_wconf 84' lang='grc' dir='ltr'>αὐτὸν</span> <span class='ocrx_word' id='word_1_249' title='bbox 1603 2646 1719 2707; x_wconf 87' lang='grc' dir='ltr'>τοῖς</span> <span class='ocrx_word' id='word_1_250' title='bbox 1765 2643 1932 2696; x_wconf 87' lang='grc' dir='ltr'>είδόσι</span> 
     </span>
    </p>
   </div>
   <div class='ocr_carea' id='block_1_31' title="bbox 354 2723 1933 2801">
    <p class='ocr_par' dir='ltr' id='par_1_31' title="bbox 354 2723 1933 2801">
     <span class='ocr_line' id='line_1_31' title="bbox 354 2723 1933 2801; baseline 0.003 -25"><span class='ocrx_word' id='word_1_251' title='bbox 354 2723 780 2796; x_wconf 73' lang='grc' dir='ltr'>διαπιστήσειενσ</span> <span class='ocrx_word' id='word_1_252' title='bbox 812 2723 986 2789; x_wconf 82' lang='grc' dir='ltr'>οὕτως</span> <span class='ocrx_word' id='word_1_253' title='bbox 1014 2724 1136 2779; x_wconf 83' lang='grc' dir='ltr'>οὐδὲ</span> <span class='ocrx_word' id='word_1_254' title='bbox 1173 2725 1311 2796; x_wconf 82' lang='grc' dir='ltr'>ὑπὲρ</span> <span class='ocrx_word' id='word_1_255' title='bbox 1337 2725 1446 2779; x_wconf 89' lang='grc' dir='ltr'>τῶν</span> <span class='ocrx_word' id='word_1_256' title='bbox 1469 2725 1778 2801; x_wconf 77' lang='grc' dir='ltr'>ἔμπροσθεν</span> <span class='ocrx_word' id='word_1_257' title='bbox 1806 2728 1933 2799; x_wconf 85' lang='grc' dir='ltr'>χρό-</span> 
     </span>
    </p>
   </div>
   <div class='ocr_carea' id='block_1_32' title="bbox 355 2806 1931 2885">
    <p class='ocr_par' dir='ltr' id='par_1_32' title="bbox 355 2806 1931 2885">
     <span class='ocr_line' id='line_1_32' title="bbox 355 2806 1931 2885; baseline 0.003 -27"><span class='ocrx_word' id='word_1_258' title='bbox 355 2823 465 2860; x_wconf 91' lang='grc' dir='ltr'>νων</span> <span class='ocrx_word' id='word_1_259' title='bbox 490 2806 856 2878; x_wconf 89' lang='grc' dir='ltr'>ἀμφισϐητεῖν</span> <span class='ocrx_word' id='word_1_260' title='bbox 884 2807 1012 2878; x_wconf 82' lang='grc' dir='ltr'>χρὴ,</span> <span class='ocrx_word' id='word_1_261' title='bbox 1057 2807 1140 2860; x_wconf 82' lang='grc' dir='ltr'>ὅτι</span> <span class='ocrx_word' id='word_1_262' title='bbox 1177 2807 1412 2873; x_wconf 83' lang='grc' dir='ltr'>πολλοῖς,</span> <span class='ocrx_word' id='word_1_263' title='bbox 1458 2810 1658 2885; x_wconf 80' lang='grc' dir='ltr'>μᾶλλον</span> <span class='ocrx_word' id='word_1_264' title='bbox 1679 2811 1738 2864; x_wconf 85' lang='grc' dir='ltr'>δέ</span> <span class='ocrx_word' id='word_1_265' title='bbox 1766 2812 1931 2863; x_wconf 81' lang='grc' dir='ltr'>πᾶσιν</span> 
     </span>
    </p>
   </div>
   <div class='ocr_carea' id='block_1_33' title="bbox 356 2892 1932 2965">
    <p class='ocr_par' dir='ltr' id='par_1_33' title="bbox 356 2892 1932 2965">
     <span class='ocr_line' id='line_1_33' title="bbox 356 2892 1932 2965; baseline 0.001 -20"><span class='ocrx_word' id='word_1_266' title='bbox 356 2894 597 2963; x_wconf 76' lang='grc' dir='ltr'>ἔγνωστο</span> <span class='ocrx_word' id='word_1_267' title='bbox 650 2895 761 2958; x_wconf 89' lang='grc' dir='ltr'>τοῖς</span> <span class='ocrx_word' id='word_1_268' title='bbox 810 2893 1080 2962; x_wconf 82' lang='grc' dir='ltr'>γενναίοις</span> <span class='ocrx_word' id='word_1_269' title='bbox 1131 2892 1227 2945; x_wconf 78' lang='grc' dir='ltr'>καὶ</span> <span class='ocrx_word' id='word_1_270' title='bbox 1286 2892 1612 2964; x_wconf 81' lang='grc' dir='ltr'>θαυμασίοις</span> <span class='ocrx_word' id='word_1_271' title='bbox 1674 2894 1932 2965; x_wconf 80' lang='grc' dir='ltr'>ἀνδράσιν</span> 
     </span>
    </p>
   </div>
   <div class='ocr_carea' id='block_1_34' title="bbox 356 2976 1782 3046">
    <p class='ocr_par' dir='ltr' id='par_1_34' title="bbox 356 2976 1782 3046">
     <span class='ocr_line' id='line_1_34' title="bbox 356 2976 1782 3046; baseline 0.003 -16"><span class='ocrx_word' id='word_1_272' title='bbox 356 2976 607 3040; x_wconf 85' lang='grc' dir='ltr'>ἐκείνοις.</span> <span class='ocrx_word' id='word_1_273' title='bbox 760 3028 766 3033; x_wconf 92' lang='grc'>.</span> <span class='ocrx_word' id='word_1_274' title='bbox 890 3037 900 3046; x_wconf 65' lang='grc'><em>,</em></span> <span class='ocrx_word' id='word_1_275' title='bbox 1777 2980 1782 2985; x_wconf 83' lang='grc'><strong>’</strong></span> 
     </span>
    </p>
   </div>
   <div class='ocr_carea' id='block_1_35' title="bbox 430 3056 1939 3129">
    <p class='ocr_par' dir='ltr' id='par_1_35' title="bbox 430 3056 1939 3129">
     <span class='ocr_line' id='line_1_35' title="bbox 430 3056 1939 3129; baseline -0.005 -15"><span class='ocrx_word' id='word_1_276' title='bbox 430 3059 498 3129; x_wconf 81' lang='grc' dir='ltr'>β’.</span> <span class='ocrx_word' id='word_1_277' title='bbox 531 3061 597 3114; x_wconf 68' lang='lat' dir='ltr'>Et</span> <span class='ocrx_word' id='word_1_278' title='bbox 635 3060 693 3113; x_wconf 85' lang='grc' dir='ltr'>δέ</span> <span class='ocrx_word' id='word_1_279' title='bbox 733 3059 881 3128; x_wconf 87' lang='grc' dir='ltr'>λέγοι</span> <span class='ocrx_word' id='word_1_280' title='bbox 922 3074 1036 3121; x_wconf 85' lang='grc' dir='ltr'>τις·</span> <span class='ocrx_word' id='word_1_281' title='bbox 1076 3058 1190 3110; x_wconf 65' lang='grc' dir='ltr'>Καὶ</span> <span class='ocrx_word' id='word_1_282' title='bbox 1222 3057 1366 3119; x_wconf 88' lang='grc' dir='ltr'>τίνος</span> <span class='ocrx_word' id='word_1_283' title='bbox 1393 3057 1580 3109; x_wconf 74' lang='grc' dir='ltr'>ἕνεκεν</span> <span class='ocrx_word' id='word_1_284' title='bbox 1627 3057 1702 3126; x_wconf 79' lang='grc' dir='ltr'>μὴ</span> <span class='ocrx_word' id='word_1_285' title='bbox 1738 3056 1939 3119; x_wconf 89' lang='grc' dir='ltr'>πάντες</span> 
     </span>
    </p>
   </div>
   <div class='ocr_carea' id='block_1_36' title="bbox 356 3138 1939 3213">
    <p class='ocr_par' dir='ltr' id='par_1_36' title="bbox 356 3138 1939 3213">
     <span class='ocr_line' id='line_1_36' title="bbox 356 3138 1939 3213; baseline -0.006 -16"><span class='ocrx_word' id='word_1_286' title='bbox 356 3146 649 3213; x_wconf 75' lang='grc' dir='ltr'>προσεῖχον</span> <span class='ocrx_word' id='word_1_287' title='bbox 681 3139 853 3210; x_wconf 82' lang='grc' dir='ltr'>αὐτῷ,</span> <span class='ocrx_word' id='word_1_288' title='bbox 879 3140 1014 3210; x_wconf 83' lang='grc' dir='ltr'>μηδὲ</span> <span class='ocrx_word' id='word_1_289' title='bbox 1035 3139 1238 3201; x_wconf 81' lang='grc' dir='ltr'>πάντες</span> <span class='ocrx_word' id='word_1_290' title='bbox 1255 3138 1418 3190; x_wconf 76' lang='grc' dir='ltr'>αὐτὸν</span> <span class='ocrx_word' id='word_1_291' title='bbox 1448 3138 1778 3207; x_wconf 87' lang='grc' dir='ltr'>ἐθεράπευον</span> <span class='ocrx_word' id='word_1_292' title='bbox 1798 3138 1939 3201; x_wconf 87' lang='grc' dir='ltr'>τότε,</span> 
     </span>
    </p>
   </div>
   <div class='ocr_carea' id='block_1_37' title="bbox 354 3217 1944 3294">
    <p class='ocr_par' dir='ltr' id='par_1_37' title="bbox 354 3217 1944 3294">
     <span class='ocr_line' id='line_1_37' title="bbox 354 3217 1944 3294; baseline -0.006 -15"><span class='ocrx_word' id='word_1_293' title='bbox 354 3225 498 3279; x_wconf 83' lang='grc' dir='ltr'>ἀλλά</span> <span class='ocrx_word' id='word_1_294' title='bbox 528 3225 681 3294; x_wconf 87' lang='grc' dir='ltr'>μόνοι</span> <span class='ocrx_word' id='word_1_295' title='bbox 719 3225 769 3275; x_wconf 85' lang='grc' dir='ltr'>οί</span> <span class='ocrx_word' id='word_1_296' title='bbox 802 3223 1038 3285; x_wconf 86' lang='grc' dir='ltr'>δίκαιοι;</span> <span class='ocrx_word' id='word_1_297' title='bbox 1072 3220 1345 3289; x_wconf 79' lang='grc' dir='ltr'>ἐρήσομαι</span> <span class='ocrx_word' id='word_1_298' title='bbox 1381 3218 1558 3286; x_wconf 83' lang='grc' dir='ltr'>κάγὼ,</span> <span class='ocrx_word' id='word_1_299' title='bbox 1583 3217 1727 3281; x_wconf 89' lang='grc' dir='ltr'>τίνος</span> <span class='ocrx_word' id='word_1_300' title='bbox 1758 3218 1944 3271; x_wconf 68' lang='grc' dir='ltr'>ἐνετ-εεν</span> 
     </span>
    </p>
   </div>
   <div class='ocr_carea' id='block_1_38' title="bbox 361 3300 1942 3378">
    <p class='ocr_par' dir='ltr' id='par_1_38' title="bbox 361 3300 1942 3378">
     <span class='ocr_line' id='line_1_38' title="bbox 361 3300 1942 3378; baseline -0.004 -18"><span class='ocrx_word' id='word_1_301' title='bbox 361 3308 508 3378; x_wconf 86' lang='grc' dir='ltr'>μηδέ</span> <span class='ocrx_word' id='word_1_302' title='bbox 543 3306 641 3358; x_wconf 90' lang='grc' dir='ltr'>νῦν</span> <span class='ocrx_word' id='word_1_303' title='bbox 693 3304 928 3367; x_wconf 75' lang='grc' dir='ltr'>ἅπαντες</span> <span class='ocrx_word' id='word_1_304' title='bbox 961 3302 1124 3357; x_wconf 71' lang='grc' dir='ltr'>αὐτὸν</span> <span class='ocrx_word' id='word_1_305' title='bbox 1168 3302 1351 3364; x_wconf 88' lang='grc' dir='ltr'>ῖσασι;</span> <span class='ocrx_word' id='word_1_306' title='bbox 1383 3302 1493 3355; x_wconf 72' lang='grc' dir='ltr'>Καὶ</span> <span class='ocrx_word' id='word_1_307' title='bbox 1522 3301 1574 3354; x_wconf 86' lang='grc' dir='ltr'>τί</span> <span class='ocrx_word' id='word_1_308' title='bbox 1626 3300 1772 3369; x_wconf 91' lang='grc' dir='ltr'>λέγω</span> <span class='ocrx_word' id='word_1_309' title='bbox 1812 3301 1942 3372; x_wconf 80' lang='grc' dir='ltr'>περὶ</span> 
     </span>
    </p>
   </div>
   <div class='ocr_carea' id='block_1_39' title="bbox 354 3382 1938 3461">
    <p class='ocr_par' dir='ltr' id='par_1_39' title="bbox 354 3382 1938 3461">
     <span class='ocr_line' id='line_1_39' title="bbox 354 3382 1938 3461; baseline -0.004 -18"><span class='ocrx_word' id='word_1_310' title='bbox 354 3389 456 3444; x_wconf 90' lang='grc' dir='ltr'>τοῦ</span> <span class='ocrx_word' id='word_1_311' title='bbox 488 3390 534 3442; x_wconf 86' lang='grc' dir='ltr'>Χ</span> <span class='ocrx_word' id='word_1_312' title='bbox 541 3387 767 3461; x_wconf 73' lang='grc' dir='ltr'>ριστοῦς</span> <span class='ocrx_word' id='word_1_313' title='bbox 802 3386 907 3440; x_wconf 85' lang='grc' dir='ltr'>Τὸν</span> <span class='ocrx_word' id='word_1_314' title='bbox 934 3385 1041 3457; x_wconf 83' lang='grc' dir='ltr'>γὰρ</span> <span class='ocrx_word' id='word_1_315' title='bbox 1070 3385 1292 3455; x_wconf 84' lang='grc' dir='ltr'>Πατέρα</span> <span class='ocrx_word' id='word_1_316' title='bbox 1319 3383 1409 3436; x_wconf 81' lang='grc' dir='ltr'>τὸν</span> <span class='ocrx_word' id='word_1_317' title='bbox 1438 3382 1648 3447; x_wconf 86' lang='grc' dir='ltr'>τούτου,</span> <span class='ocrx_word' id='word_1_318' title='bbox 1692 3383 1834 3437; x_wconf 88' lang='grc' dir='ltr'>διατί</span> <span class='ocrx_word' id='word_1_319' title='bbox 1862 3382 1938 3455; x_wconf 77' lang='grc' dir='ltr'>μὴ</span> 
     </span>
    </p>
   </div>
   <div class='ocr_carea' id='block_1_40' title="bbox 356 3466 1935 3543">
    <p class='ocr_par' dir='ltr' id='par_1_40' title="bbox 356 3466 1935 3543">
     <span class='ocr_line' id='line_1_40' title="bbox 356 3466 1935 3543; baseline -0.005 -16"><span class='ocrx_word' id='word_1_320' title='bbox 356 3474 581 3536; x_wconf 84' lang='grc' dir='ltr'>πάντες,</span> <span class='ocrx_word' id='word_1_321' title='bbox 612 3471 749 3543; x_wconf 83' lang='grc' dir='ltr'>μήτε</span> <span class='ocrx_word' id='word_1_322' title='bbox 789 3471 929 3533; x_wconf 87' lang='grc' dir='ltr'>τότε,</span> <span class='ocrx_word' id='word_1_323' title='bbox 969 3469 1107 3541; x_wconf 76' lang='grc' dir='ltr'>μήτε</span> <span class='ocrx_word' id='word_1_324' title='bbox 1148 3466 1243 3520; x_wconf 86' lang='grc' dir='ltr'>νῦν</span> <span class='ocrx_word' id='word_1_325' title='bbox 1269 3466 1546 3535; x_wconf 74' lang='grc' dir='ltr'>ἔγνωσαν·</span> <span class='ocrx_word' id='word_1_326' title='bbox 1588 3467 1706 3520; x_wconf 86' lang='grc' dir='ltr'>ἀλλ’</span> <span class='ocrx_word' id='word_1_327' title='bbox 1748 3468 1799 3519; x_wconf 82' lang='grc' dir='ltr'>οἱ</span> <span class='ocrx_word' id='word_1_328' title='bbox 1836 3469 1935 3538; x_wconf 87' lang='grc' dir='ltr'>μὲν</span> 
     </span>
    </p>
   </div>
   <div class='ocr_carea' id='block_1_41' title="bbox 355 3550 1934 3629">
    <p class='ocr_par' dir='ltr' id='par_1_41' title="bbox 355 3550 1934 3629">
     <span class='ocr_line' id='line_1_41' title="bbox 355 3550 1934 3629; baseline -0.004 -19"><span class='ocrx_word' id='word_1_329' title='bbox 355 3555 686 3629; x_wconf 73' lang='grc' dir='ltr'>αὐτομάτως</span> <span class='ocrx_word' id='word_1_330' title='bbox 718 3554 933 3608; x_wconf 76' lang='grc' dir='ltr'>ἅπαντα</span> <span class='ocrx_word' id='word_1_331' title='bbox 961 3551 1223 3624; x_wconf 87' lang='grc' dir='ltr'>φέρεσθαι</span> <span class='ocrx_word' id='word_1_332' title='bbox 1254 3550 1522 3619; x_wconf 89' lang='grc' dir='ltr'>λέγουσιν,</span> <span class='ocrx_word' id='word_1_333' title='bbox 1570 3552 1621 3604; x_wconf 89' lang='grc' dir='ltr'>οί</span> <span class='ocrx_word' id='word_1_334' title='bbox 1664 3551 1720 3604; x_wconf 87' lang='grc' dir='ltr'>δὲ</span> <span class='ocrx_word' id='word_1_335' title='bbox 1745 3551 1934 3623; x_wconf 86' lang='grc' dir='ltr'>δαιμο-</span> 
     </span>
    </p>
   </div>
   <div class='ocr_carea' id='block_1_42' title="bbox 356 3633 1932 3710">
    <p class='ocr_par' dir='ltr' id='par_1_42' title="bbox 356 3633 1932 3710">
     <span class='ocr_line' id='line_1_42' title="bbox 356 3633 1932 3710; baseline -0.003 -19"><span class='ocrx_word' id='word_1_336' title='bbox 356 3641 492 3704; x_wconf 86' lang='grc' dir='ltr'>νίοις</span> <span class='ocrx_word' id='word_1_337' title='bbox 512 3640 615 3710; x_wconf 73' lang='grc' dir='ltr'>τὴν</span> <span class='ocrx_word' id='word_1_338' title='bbox 647 3638 742 3691; x_wconf 83' lang='grc' dir='ltr'>τοῦ</span> <span class='ocrx_word' id='word_1_339' title='bbox 774 3636 975 3700; x_wconf 82' lang='grc' dir='ltr'>παντὸς</span> <span class='ocrx_word' id='word_1_340' title='bbox 1021 3634 1375 3707; x_wconf 75' lang='grc' dir='ltr'>ἐπιτρέπουσι</span> <span class='ocrx_word' id='word_1_341' title='bbox 1419 3633 1697 3701; x_wconf 84' lang='grc' dir='ltr'>πρόνοιαν·</span> <span class='ocrx_word' id='word_1_342' title='bbox 1734 3636 1840 3688; x_wconf 71' lang='grc' dir='ltr'>εἰσὶ</span> <span class='ocrx_word' id='word_1_343' title='bbox 1875 3633 1932 3687; x_wconf 87' lang='grc' dir='ltr'>δέ</span> 
     </span>
    </p>
   </div>
   <div class='ocr_carea' id='block_1_43' title="bbox 356 3715 1932 3792">
    <p class='ocr_par' dir='ltr' id='par_1_43' title="bbox 356 3715 1932 3792">
     <span class='ocr_line' id='line_1_43' title="bbox 356 3715 1932 3792; baseline -0.005 -15"><span class='ocrx_word' id='word_1_344' title='bbox 356 3725 410 3777; x_wconf 81' lang='grc' dir='ltr'>οἱ</span> <span class='ocrx_word' id='word_1_345' title='bbox 441 3723 536 3777; x_wconf 72' lang='grc' dir='ltr'>καὶ</span> <span class='ocrx_word' id='word_1_346' title='bbox 558 3723 748 3792; x_wconf 66' lang='grc' dir='ltr'>ἕτερον</span> <span class='ocrx_word' id='word_1_347' title='bbox 781 3719 932 3791; x_wconf 87' lang='grc' dir='ltr'>παρά</span> <span class='ocrx_word' id='word_1_348' title='bbox 967 3717 1154 3772; x_wconf 84' lang='grc' dir='ltr'>τοῦτον</span> <span class='ocrx_word' id='word_1_349' title='bbox 1181 3715 1580 3771; x_wconf 83' lang='grc' dir='ltr'>ἀναπλάττουσι</span> <span class='ocrx_word' id='word_1_350' title='bbox 1614 3716 1754 3771; x_wconf 84' lang='grc' dir='ltr'>θεόν·</span> <span class='ocrx_word' id='word_1_351' title='bbox 1786 3716 1932 3780; x_wconf 85' lang='grc' dir='ltr'>τινὲς</span> 
     </span>
    </p>
   </div>
   <div class='ocr_carea' id='block_1_44' title="bbox 353 3796 1932 3875">
    <p class='ocr_par' dir='ltr' id='par_1_44' title="bbox 353 3796 1932 3875">
     <span class='ocr_line' id='line_1_44' title="bbox 353 3796 1932 3875; baseline -0.005 -13"><span class='ocrx_word' id='word_1_352' title='bbox 353 3810 415 3862; x_wconf 82' lang='grc' dir='ltr'>δέ</span> <span class='ocrx_word' id='word_1_353' title='bbox 440 3806 620 3861; x_wconf 84' lang='grc' dir='ltr'>αὐτῶν</span> <span class='ocrx_word' id='word_1_354' title='bbox 647 3804 741 3858; x_wconf 75' lang='grc' dir='ltr'>καὶ</span> <span class='ocrx_word' id='word_1_355' title='bbox 785 3802 883 3875; x_wconf 74' lang='grc' dir='ltr'>τὴν</span> <span class='ocrx_word' id='word_1_356' title='bbox 914 3801 1294 3873; x_wconf 80' lang='grc' dir='ltr'>ἀντικειμένην</span> <span class='ocrx_word' id='word_1_357' title='bbox 1331 3796 1473 3853; x_wconf 72' lang='grc' dir='ltr'>εἶναι</span> <span class='ocrx_word' id='word_1_358' title='bbox 1522 3799 1932 3872; x_wconf 81' lang='grc' dir='ltr'>βλασφημοῦσιν</span> 
     </span>
    </p>
   </div>
   <div class='ocr_carea' id='block_1_45' title="bbox 358 3882 1931 3959">
    <p class='ocr_par' dir='ltr' id='par_1_45' title="bbox 358 3882 1931 3959">
     <span class='ocr_line' id='line_1_45' title="bbox 358 3882 1931 3959; baseline -0.006 -14"><span class='ocrx_word' id='word_1_359' title='bbox 358 3889 527 3944; x_wconf 87' lang='grc' dir='ltr'>αὐτοῦ</span> <span class='ocrx_word' id='word_1_360' title='bbox 552 3887 782 3959; x_wconf 80' lang='grc' dir='ltr'>δύναμιν</span> <span class='ocrx_word' id='word_1_361' title='bbox 812 3896 862 3949; x_wconf 75' lang='grc' dir='ltr'>ο,</span> <span class='ocrx_word' id='word_1_362' title='bbox 903 3884 999 3939; x_wconf 78' lang='grc' dir='ltr'>καὶ</span> <span class='ocrx_word' id='word_1_363' title='bbox 1041 3885 1168 3948; x_wconf 80' lang='grc' dir='ltr'>τοὺς</span> <span class='ocrx_word' id='word_1_364' title='bbox 1208 3884 1405 3953; x_wconf 89' lang='grc' dir='ltr'>νόμους</span> <span class='ocrx_word' id='word_1_365' title='bbox 1452 3883 1641 3947; x_wconf 82' lang='grc' dir='ltr'>αὐτοῦ,</span> <span class='ocrx_word' id='word_1_366' title='bbox 1691 3882 1931 3955; x_wconf 89' lang='grc' dir='ltr'>πονηροῦ</span> 
     </span>
    </p>
   </div>
   <div class='ocr_carea' id='block_1_46' title="bbox 354 3964 1934 4044">
    <p class='ocr_par' dir='ltr' id='par_1_46' title="bbox 354 3964 1934 4044">
     <span class='ocr_line' id='line_1_46' title="bbox 354 3964 1934 4044; baseline -0.002 -18"><span class='ocrx_word' id='word_1_367' title='bbox 354 3974 504 4039; x_wconf 74' lang='grc' dir='ltr'>τινὸς</span> <span class='ocrx_word' id='word_1_368' title='bbox 533 3973 785 4044; x_wconf 89' lang='grc' dir='ltr'>δαίμονος</span> <span class='ocrx_word' id='word_1_369' title='bbox 819 3966 957 4024; x_wconf 76' lang='grc' dir='ltr'>εἶναι</span> <span class='ocrx_word' id='word_1_370' title='bbox 981 3968 1301 4039; x_wconf 77' lang='grc' dir='ltr'>νομίζουσι;</span> <span class='ocrx_word' id='word_1_371' title='bbox 1331 3966 1397 4020; x_wconf 89' lang='grc' dir='ltr'>Τί</span> <span class='ocrx_word' id='word_1_372' title='bbox 1433 3964 1561 4034; x_wconf 76' lang='grc' dir='ltr'>οῦνς</span> <span class='ocrx_word' id='word_1_373' title='bbox 1598 3968 1750 4040; x_wconf 90' lang='grc' dir='ltr'>παρά</span> <span class='ocrx_word' id='word_1_374' title='bbox 1775 3969 1934 4023; x_wconf 90' lang='grc' dir='ltr'>τοῦτο</span> 
     </span>
    </p>
   </div>
   <div class='ocr_carea' id='block_1_47' title="bbox 354 4046 1934 4125">
    <p class='ocr_par' dir='ltr' id='par_1_47' title="bbox 354 4046 1934 4125">
     <span class='ocr_line' id='line_1_47' title="bbox 354 4046 1934 4125; baseline -0.006 -11"><span class='ocrx_word' id='word_1_375' title='bbox 354 4059 487 4114; x_wconf 74' lang='grc' dir='ltr'>οὔτε</span> <span class='ocrx_word' id='word_1_376' title='bbox 514 4056 648 4112; x_wconf 74' lang='grc' dir='ltr'>Θεὸν</span> <span class='ocrx_word' id='word_1_377' title='bbox 675 4054 839 4109; x_wconf 72' lang='grc' dir='ltr'>αὐτὸν</span> <span class='ocrx_word' id='word_1_378' title='bbox 865 4054 1112 4125; x_wconf 82' lang='grc' dir='ltr'>φήσομεν</span> <span class='ocrx_word' id='word_1_379' title='bbox 1138 4046 1299 4115; x_wconf 78' lang='grc' dir='ltr'>εἶναι,</span> <span class='ocrx_word' id='word_1_380' title='bbox 1329 4052 1514 4124; x_wconf 86' lang='grc' dir='ltr'>ἐπειδή</span> <span class='ocrx_word' id='word_1_381' title='bbox 1545 4052 1691 4116; x_wconf 82' lang='grc' dir='ltr'>τινές</span> <span class='ocrx_word' id='word_1_382' title='bbox 1718 4054 1856 4107; x_wconf 79' lang='grc' dir='ltr'>εἰσιν</span> <span class='ocrx_word' id='word_1_383' title='bbox 1882 4054 1934 4106; x_wconf 89' lang='grc' dir='ltr'>οί</span> 
     </span>
    </p>
   </div>
   <div class='ocr_carea' id='block_1_48' title="bbox 357 4134 1934 4208">
    <p class='ocr_par' dir='ltr' id='par_1_48' title="bbox 357 4134 1934 4208">
     <span class='ocr_line' id='line_1_48' title="bbox 357 4134 1934 4208; baseline -0.005 -11"><span class='ocrx_word' id='word_1_384' title='bbox 357 4142 521 4197; x_wconf 87' lang='grc' dir='ltr'>τοῦτο</span> <span class='ocrx_word' id='word_1_385' title='bbox 564 4139 833 4208; x_wconf 83' lang='grc' dir='ltr'>λέγοντες,</span> <span class='ocrx_word' id='word_1_386' title='bbox 879 4137 975 4189; x_wconf 74' lang='grc' dir='ltr'>καὶ</span> <span class='ocrx_word' id='word_1_387' title='bbox 1020 4134 1256 4207; x_wconf 77' lang='grc' dir='ltr'>πονηρὸν</span> <span class='ocrx_word' id='word_1_388' title='bbox 1305 4135 1468 4188; x_wconf 80' lang='grc' dir='ltr'>αὐτὸν</span> <span class='ocrx_word' id='word_1_389' title='bbox 1527 4135 1934 4207; x_wconf 72' lang='grc' dir='ltr'>ὁμολογήσομεν</span> 
     </span>
    </p>
   </div>
   <div class='ocr_carea' id='block_1_49' title="bbox 361 4216 1936 4291">
    <p class='ocr_par' dir='ltr' id='par_1_49' title="bbox 361 4216 1936 4291">
     <span class='ocr_line' id='line_1_49' title="bbox 361 4216 1936 4291; baseline -0.005 -12"><span class='ocrx_word' id='word_1_390' title='bbox 361 4222 537 4290; x_wconf 79' lang='grc' dir='ltr'>εἷναι;</span> <span class='ocrx_word' id='word_1_391' title='bbox 575 4221 670 4275; x_wconf 76' lang='grc' dir='ltr'>καὶ</span> <span class='ocrx_word' id='word_1_392' title='bbox 709 4219 821 4291; x_wconf 83' lang='grc' dir='ltr'>γάρ</span> <span class='ocrx_word' id='word_1_393' title='bbox 868 4219 963 4272; x_wconf 76' lang='grc' dir='ltr'>καὶ</span> <span class='ocrx_word' id='word_1_394' title='bbox 1005 4216 1164 4271; x_wconf 89' lang='grc' dir='ltr'>τοῦτό</span> <span class='ocrx_word' id='word_1_395' title='bbox 1215 4218 1352 4271; x_wconf 85' lang='grc' dir='ltr'>εἰσιν</span> <span class='ocrx_word' id='word_1_396' title='bbox 1388 4218 1439 4270; x_wconf 82' lang='grc' dir='ltr'>οἱ</span> <span class='ocrx_word' id='word_1_397' title='bbox 1491 4216 1936 4287; x_wconf 80' lang='grc' dir='ltr'>βλασφημοῦντες</span> 
     </span>
    </p>
   </div>
   <div class='ocr_carea' id='block_1_50' title="bbox 360 4300 1937 4374">
    <p class='ocr_par' dir='ltr' id='par_1_50' title="bbox 360 4300 1937 4374">
     <span class='ocr_line' id='line_1_50' title="bbox 360 4300 1937 4374; baseline 0.001 -10"><span class='ocrx_word' id='word_1_398' title='bbox 360 4310 549 4365; x_wconf 85' lang='grc' dir='ltr'>αὐτόν.</span> <span class='ocrx_word' id='word_1_399' title='bbox 579 4307 793 4374; x_wconf 69' lang='grc' dir='ltr'>Ἄπαγε</span> <span class='ocrx_word' id='word_1_400' title='bbox 831 4302 932 4373; x_wconf 78' lang='grc' dir='ltr'>τῆς</span> <span class='ocrx_word' id='word_1_401' title='bbox 978 4301 1403 4373; x_wconf 71' lang='grc' dir='ltr'>παραφροσύνης</span> <span class='ocrx_word' id='word_1_402' title='bbox 1448 4301 1667 4371; x_wconf 72' lang='grc' dir='ltr'>καὶτῆς</span> <span class='ocrx_word' id='word_1_403' title='bbox 1704 4300 1937 4372; x_wconf 74' lang='grc' dir='ltr'>ἐσχάτης</span> 
     </span>
    </p>
   </div>
   <div class='ocr_carea' id='block_1_51' title="bbox 365 4382 1938 4464">
    <p class='ocr_par' dir='ltr' id='par_1_51' title="bbox 365 4382 1938 4464">
     <span class='ocr_line' id='line_1_51' title="bbox 365 4382 1938 4464; baseline 0.001 -27"><span class='ocrx_word' id='word_1_404' title='bbox 365 4389 772 4464; x_wconf 78' lang='grc' dir='ltr'>παραπληξίας.</span> <span class='ocrx_word' id='word_1_405' title='bbox 802 4387 867 4440; x_wconf 70' lang='lat' dir='ltr'>Et</span> <span class='ocrx_word' id='word_1_406' title='bbox 898 4384 1008 4456; x_wconf 85' lang='grc' dir='ltr'>γὰρ</span> <span class='ocrx_word' id='word_1_407' title='bbox 1032 4382 1320 4455; x_wconf 82' lang='grc' dir='ltr'>μέλλοιμεν</span> <span class='ocrx_word' id='word_1_408' title='bbox 1356 4382 1466 4437; x_wconf 83' lang='grc' dir='ltr'>ἀπὸ</span> <span class='ocrx_word' id='word_1_409' title='bbox 1493 4382 1591 4454; x_wconf 80' lang='grc' dir='ltr'>τῆς</span> <span class='ocrx_word' id='word_1_410' title='bbox 1615 4383 1722 4437; x_wconf 87' lang='grc' dir='ltr'>τῶν</span> <span class='ocrx_word' id='word_1_411' title='bbox 1754 4401 1938 4455; x_wconf 88' lang='grc' dir='ltr'>μαινο-</span> 
     </span>
    </p>
   </div>
   <div class='ocr_carea' id='block_1_52' title="bbox 368 4465 1938 4548">
    <p class='ocr_par' dir='ltr' id='par_1_52' title="bbox 368 4465 1938 4548">
     <span class='ocr_line' id='line_1_52' title="bbox 368 4465 1938 4548; baseline -0.007 -17"><span class='ocrx_word' id='word_1_412' title='bbox 368 4476 543 4548; x_wconf 84' lang='grc' dir='ltr'>μένων</span> <span class='ocrx_word' id='word_1_413' title='bbox 568 4473 803 4546; x_wconf 86' lang='grc' dir='ltr'>κρίσεως</span> <span class='ocrx_word' id='word_1_414' title='bbox 826 4466 1248 4541; x_wconf 81' lang='grc' dir='ltr'>χαρακτηρίζειν</span> <span class='ocrx_word' id='word_1_415' title='bbox 1273 4465 1344 4519; x_wconf 87' lang='grc' dir='ltr'>τὰ</span> <span class='ocrx_word' id='word_1_416' title='bbox 1365 4465 1629 4537; x_wconf 84' lang='grc' dir='ltr'>δόγματα,</span> <span class='ocrx_word' id='word_1_417' title='bbox 1654 4466 1803 4522; x_wconf 84' lang='grc' dir='ltr'>οὐδὲν</span> <span class='ocrx_word' id='word_1_418' title='bbox 1829 4485 1938 4522; x_wconf 85' lang='grc' dir='ltr'>κω-</span> 
     </span>
    </p>
   </div>
   <div class='ocr_carea' id='block_1_53' title="bbox 362 4548 1936 4628">
    <p class='ocr_par' dir='ltr' id='par_1_53' title="bbox 362 4548 1936 4628">
     <span class='ocr_line' id='line_1_53' title="bbox 362 4548 1936 4628; baseline -0.005 -14"><span class='ocrx_word' id='word_1_419' title='bbox 362 4561 482 4614; x_wconf 86' lang='grc' dir='ltr'>λύει</span> <span class='ocrx_word' id='word_1_420' title='bbox 539 4553 827 4628; x_wconf 87' lang='grc' dir='ltr'>μαίνεσθαι</span> <span class='ocrx_word' id='word_1_421' title='bbox 874 4552 970 4605; x_wconf 73' lang='grc' dir='ltr'>καὶ</span> <span class='ocrx_word' id='word_1_422' title='bbox 1018 4550 1213 4612; x_wconf 75' lang='grc' dir='ltr'>αὐτοὺς</span> <span class='ocrx_word' id='word_1_423' title='bbox 1272 4548 1468 4620; x_wconf 90' lang='grc' dir='ltr'>μανίαν</span> <span class='ocrx_word' id='word_1_424' title='bbox 1524 4549 1936 4624; x_wconf 87' lang='grc' dir='ltr'>χαλεπωτάτην.</span> 
     </span>
    </p>
   </div>
   <div class='ocr_carea' id='block_1_54' title="bbox 363 4630 1938 4713">
    <p class='ocr_par' dir='ltr' id='par_1_54' title="bbox 363 4630 1938 4713">
     <span class='ocr_line' id='line_1_54' title="bbox 363 4630 1938 4713; baseline -0.009 -11"><span class='ocrx_word' id='word_1_425' title='bbox 363 4643 523 4708; x_wconf 75' lang='grc' dir='ltr'>Εἶτα,</span> <span class='ocrx_word' id='word_1_426' title='bbox 553 4642 703 4713; x_wconf 73' lang='grc' dir='ltr'>ἧλιον</span> <span class='ocrx_word' id='word_1_427' title='bbox 742 4637 842 4711; x_wconf 76' lang='grc' dir='ltr'>μὲν</span> <span class='ocrx_word' id='word_1_428' title='bbox 888 4634 1062 4698; x_wconf 76' lang='grc' dir='ltr'>οὐδεὶς</span> <span class='ocrx_word' id='word_1_429' title='bbox 1093 4632 1420 4704; x_wconf 78' lang='grc' dir='ltr'>λυμαντικὺν</span> <span class='ocrx_word' id='word_1_430' title='bbox 1465 4633 1760 4704; x_wconf 78' lang='grc' dir='ltr'>ὀφθαλμῶν</span> <span class='ocrx_word' id='word_1_431' title='bbox 1800 4630 1938 4688; x_wconf 78' lang='grc' dir='ltr'>εἶναι</span> 
     </span>
    </p>
   </div>
   <div class='ocr_carea' id='block_1_55' title="bbox 363 4716 1937 4803">
    <p class='ocr_par' dir='ltr' id='par_1_55' title="bbox 363 4716 1937 4803">
     <span class='ocr_line' id='line_1_55' title="bbox 363 4716 1937 4803; baseline -0.006 -21"><span class='ocrx_word' id='word_1_432' title='bbox 363 4732 528 4803; x_wconf 76' lang='grc' dir='ltr'>φήσει</span> <span class='ocrx_word' id='word_1_433' title='bbox 556 4725 644 4780; x_wconf 88' lang='grc' dir='ltr'>διά</span> <span class='ocrx_word' id='word_1_434' title='bbox 665 4724 789 4787; x_wconf 78' lang='grc' dir='ltr'>τοὺς</span> <span class='ocrx_word' id='word_1_435' title='bbox 818 4718 1102 4803; x_wconf 84' lang='grc' dir='ltr'>νοσοῦντας</span> <span class='ocrx_word' id='word_1_436' title='bbox 1119 4716 1219 4803; x_wconf 72' lang='grc' dir='ltr'>τάς</span> <span class='ocrx_word' id='word_1_437' title='bbox 1243 4716 1413 4803; x_wconf 70' lang='grc' dir='ltr'>ὄψεις,</span> <span class='ocrx_word' id='word_1_438' title='bbox 1435 4716 1937 4803; x_wconf 83' lang='grc' dir='ltr'>άλλάφωτιστικδν,</span> 
     </span>
    </p>
   </div>
   <div class='ocr_carea' id='block_1_56' title="bbox 364 4799 1941 4876">
    <p class='ocr_par' dir='ltr' id='par_1_56' title="bbox 364 4799 1941 4876">
     <span class='ocr_line' id='line_1_56' title="bbox 364 4799 1941 4876; baseline -0.009 -6"><span class='ocrx_word' id='word_1_439' title='bbox 364 4799 476 4870; x_wconf 81' lang='grc' dir='ltr'>ἀπὸ</span> <span class='ocrx_word' id='word_1_440' title='bbox 504 4810 616 4864; x_wconf 89' lang='grc' dir='ltr'>τῶν</span> <span class='ocrx_word' id='word_1_441' title='bbox 644 4805 998 4876; x_wconf 82' lang='grc' dir='ltr'>ὑγιαινόντων</span> <span class='ocrx_word' id='word_1_442' title='bbox 1026 4799 1316 4872; x_wconf 89' lang='grc' dir='ltr'>λαμϐάνων</span> <span class='ocrx_word' id='word_1_443' title='bbox 1344 4800 1442 4864; x_wconf 89' lang='grc' dir='ltr'>τάς</span> <span class='ocrx_word' id='word_1_444' title='bbox 1485 4800 1694 4870; x_wconf 87' lang='grc' dir='ltr'>κρίσεις</span> <span class='ocrx_word' id='word_1_445' title='bbox 1714 4817 1728 4831; x_wconf 89' lang='grc'><strong>·</strong></span> <span class='ocrx_word' id='word_1_446' title='bbox 1760 4802 1855 4855; x_wconf 77' lang='grc' dir='ltr'>καὶ</span> <span class='ocrx_word' id='word_1_447' title='bbox 1878 4803 1941 4856; x_wconf 79' lang='grc' dir='ltr'>τὸ</span> 
     </span>
    </p>
   </div>
   <div class='ocr_carea' id='block_1_57' title="bbox 367 4882 1938 4970">
    <p class='ocr_par' dir='ltr' id='par_1_57' title="bbox 367 4882 1938 4970">
     <span class='ocr_line' id='line_1_57' title="bbox 367 4882 1938 4970; baseline -0.015 -19"><span class='ocrx_word' id='word_1_448' title='bbox 367 4897 493 4970; x_wconf 79' lang='grc' dir='ltr'>μέλι</span> <span class='ocrx_word' id='word_1_449' title='bbox 524 4893 583 4948; x_wconf 83' lang='grc' dir='ltr'>δέ</span> <span class='ocrx_word' id='word_1_450' title='bbox 612 4890 789 4953; x_wconf 78' lang='grc' dir='ltr'>οὐδεὶς</span> <span class='ocrx_word' id='word_1_451' title='bbox 820 4887 1018 4970; x_wconf 74' lang='grc' dir='ltr'>πικρὸν</span> <span class='ocrx_word' id='word_1_452' title='bbox 1044 4882 1552 4970; x_wconf 53' lang='grc' dir='ltr'>προσερεῖ,ἑέπειδη</span> <span class='ocrx_word' id='word_1_453' title='bbox 1569 4882 1730 4970; x_wconf 74' lang='grc' dir='ltr'>τοῦτο</span> <span class='ocrx_word' id='word_1_454' title='bbox 1761 4885 1827 4970; x_wconf 52' lang='grc' dir='ltr'>τῇ</span> <span class='ocrx_word' id='word_1_455' title='bbox 1852 4887 1938 4970; x_wconf 40' lang='grc' dir='ltr'>ει-</span> 
     </span>
    </p>
   </div>
   <div class='ocr_carea' id='block_1_58' title="bbox 364 4965 1939 5049">
    <p class='ocr_par' dir='ltr' id='par_1_58' title="bbox 364 4965 1939 5049">
     <span class='ocr_line' id='line_1_58' title="bbox 364 4965 1939 5049; baseline -0.007 -18"><span class='ocrx_word' id='word_1_456' title='bbox 364 4965 558 5049; x_wconf 76' lang='grc' dir='ltr'>σθὴσει</span> <span class='ocrx_word' id='word_1_457' title='bbox 592 4973 702 5030; x_wconf 90' lang='grc' dir='ltr'>τῶν</span> <span class='ocrx_word' id='word_1_458' title='bbox 729 4969 1024 5046; x_wconf 73' lang='grc' dir='ltr'>ἀρρώστων</span> <span class='ocrx_word' id='word_1_459' title='bbox 1069 4968 1251 5022; x_wconf 79' lang='grc' dir='ltr'>δοκεῖ’</span> <span class='ocrx_word' id='word_1_460' title='bbox 1295 4966 1387 5020; x_wconf 86' lang='grc' dir='ltr'>τὸν</span> <span class='ocrx_word' id='word_1_461' title='bbox 1417 4965 1652 5049; x_wconf 49' lang='grc' dir='ltr'>δέ-Θεὸν</span> <span class='ocrx_word' id='word_1_462' title='bbox 1682 4966 1792 5021; x_wconf 84' lang='grc' dir='ltr'>ἀπὸ</span> <span class='ocrx_word' id='word_1_463' title='bbox 1839 4967 1939 5039; x_wconf 86' lang='grc' dir='ltr'>τῆς</span> 
     </span>
    </p>
   </div>
   <div class='ocr_carea' id='block_1_59' title="bbox 361 5046 1939 5123">
    <p class='ocr_par' dir='ltr' id='par_1_59' title="bbox 361 5046 1939 5123">
     <span class='ocr_line' id='line_1_59' title="bbox 361 5046 1939 5123; baseline -0.007 -7"><span class='ocrx_word' id='word_1_464' title='bbox 361 5046 473 5117; x_wconf 81' lang='grc' dir='ltr'>τῶν</span> <span class='ocrx_word' id='word_1_465' title='bbox 497 5056 867 5114; x_wconf 85' lang='grc' dir='ltr'>ἀσθενούντων</span> <span class='ocrx_word' id='word_1_466' title='bbox 893 5050 1234 5123; x_wconf 76' lang='grc' dir='ltr'>ὑπολήψεως,</span> <span class='ocrx_word' id='word_1_467' title='bbox 1261 5050 1295 5121; x_wconf 77' lang='grc' dir='ltr'><strong>ἢ</strong></span> <span class='ocrx_word' id='word_1_468' title='bbox 1335 5050 1409 5121; x_wconf 83' lang='grc' dir='ltr'>μὴ</span> <span class='ocrx_word' id='word_1_469' title='bbox 1455 5046 1613 5113; x_wconf 74' lang='grc' dir='ltr'>εἶναι,</span> <span class='ocrx_word' id='word_1_470' title='bbox 1638 5049 1673 5121; x_wconf 77' lang='grc' dir='ltr'><strong>ἢ</strong></span> <span class='ocrx_word' id='word_1_471' title='bbox 1706 5052 1939 5123; x_wconf 81' lang='grc' dir='ltr'>πονηρὸν</span> 
     </span>
    </p>
   </div>
   <div class='ocr_carea' id='block_1_60' title="bbox 364 5131 1941 5214">
    <p class='ocr_par' dir='ltr' id='par_1_60' title="bbox 364 5131 1941 5214">
     <span class='ocr_line' id='line_1_60' title="bbox 364 5131 1941 5214; baseline -0.006 -15"><span class='ocrx_word' id='word_1_472' title='bbox 364 5140 525 5208; x_wconf 78' lang='grc' dir='ltr'>εἶναι,</span> <span class='ocrx_word' id='word_1_473' title='bbox 552 5142 586 5214; x_wconf 79' lang='grc' dir='ltr'>ἢ</span> <span class='ocrx_word' id='word_1_474' title='bbox 614 5139 744 5196; x_wconf 79' lang='grc' dir='ltr'>ποτὲ</span> <span class='ocrx_word' id='word_1_475' title='bbox 774 5139 873 5209; x_wconf 84' lang='grc' dir='ltr'>μὲν</span> <span class='ocrx_word' id='word_1_476' title='bbox 906 5136 1172 5207; x_wconf 85' lang='grc' dir='ltr'>προνοεῖν,</span> <span class='ocrx_word' id='word_1_477' title='bbox 1202 5134 1333 5187; x_wconf 81' lang='grc' dir='ltr'>ποτὲ</span> <span class='ocrx_word' id='word_1_478' title='bbox 1357 5131 1416 5186; x_wconf 79' lang='grc' dir='ltr'>δὲ</span> <span class='ocrx_word' id='word_1_479' title='bbox 1446 5131 1578 5203; x_wconf 77' lang='grc' dir='ltr'>μηδὲ</span> <span class='ocrx_word' id='word_1_480' title='bbox 1604 5133 1741 5195; x_wconf 79' lang='grc' dir='ltr'>ὅλως</span> <span class='ocrx_word' id='word_1_481' title='bbox 1784 5133 1941 5190; x_wconf 90' lang='grc' dir='ltr'>τοῦτο</span> 
     </span>
    </p>
   </div>
   <div class='ocr_carea' id='block_1_61' title="bbox 364 5216 1938 5296">
    <p class='ocr_par' dir='ltr' id='par_1_61' title="bbox 364 5216 1938 5296">
     <span class='ocr_line' id='line_1_61' title="bbox 364 5216 1938 5296; baseline -0.008 -13"><span class='ocrx_word' id='word_1_482' title='bbox 364 5229 540 5283; x_wconf 85' lang='grc' dir='ltr'>ποιεῖν</span> <span class='ocrx_word' id='word_1_483' title='bbox 561 5220 889 5296; x_wconf 77' lang='grc' dir='ltr'>ψηφιοῦνταί</span> <span class='ocrx_word' id='word_1_484' title='bbox 927 5234 1101 5283; x_wconf 87' lang='grc' dir='ltr'>τινες;</span> <span class='ocrx_word' id='word_1_485' title='bbox 1139 5218 1252 5271; x_wconf 67' lang='grc' dir='ltr'>Καὶ</span> <span class='ocrx_word' id='word_1_486' title='bbox 1293 5216 1376 5281; x_wconf 89' lang='grc' dir='ltr'>τίς</span> <span class='ocrx_word' id='word_1_487' title='bbox 1408 5216 1474 5270; x_wconf 83' lang='grc' dir='ltr'>ἂν</span> <span class='ocrx_word' id='word_1_488' title='bbox 1510 5216 1634 5281; x_wconf 81' lang='grc' dir='ltr'>τούς</span> <span class='ocrx_word' id='word_1_489' title='bbox 1664 5218 1938 5281; x_wconf 84' lang='grc' dir='ltr'>τοιούτους</span> 
     </span>
    </p>
   </div>
   <div class='ocr_carea' id='block_1_62' title="bbox 362 5300 1939 5381">
    <p class='ocr_par' dir='ltr' id='par_1_62' title="bbox 362 5300 1939 5381">
     <span class='ocr_line' id='line_1_62' title="bbox 362 5300 1939 5381; baseline -0.008 -15"><span class='ocrx_word' id='word_1_490' title='bbox 362 5312 633 5381; x_wconf 78' lang='grc' dir='ltr'>ὑγιαίνειν</span> <span class='ocrx_word' id='word_1_491' title='bbox 660 5308 905 5378; x_wconf 82' lang='grc' dir='ltr'>φήσειεν,</span> <span class='ocrx_word' id='word_1_492' title='bbox 953 5301 1067 5356; x_wconf 82' lang='grc' dir='ltr'>ἀλλ’</span> <span class='ocrx_word' id='word_1_493' title='bbox 1095 5301 1196 5355; x_wconf 87' lang='grc' dir='ltr'>οὐκ</span> <span class='ocrx_word' id='word_1_494' title='bbox 1239 5300 1588 5371; x_wconf 79' lang='grc' dir='ltr'>ἐξεστηκέναι</span> <span class='ocrx_word' id='word_1_495' title='bbox 1622 5302 1714 5354; x_wconf 63' lang='grc' dir='ltr'>καὶ⁵</span> <span class='ocrx_word' id='word_1_496' title='bbox 1760 5319 1939 5373; x_wconf 90' lang='grc' dir='ltr'>παρα-</span> 
     </span>
    </p>
   </div>
   <div class='ocr_carea' id='block_1_63' title="bbox 363 5383 1933 5460">
    <p class='ocr_par' dir='ltr' id='par_1_63' title="bbox 363 5383 1933 5460">
     <span class='ocr_line' id='line_1_63' title="bbox 363 5383 1933 5460; baseline -0.014 -11"><span class='ocrx_word' id='word_1_497' title='bbox 363 5395 570 5457; x_wconf 88' lang='grc' dir='ltr'>παίειν,</span> <span class='ocrx_word' id='word_1_498' title='bbox 601 5392 697 5445; x_wconf 73' lang='grc' dir='ltr'>καὶ</span> <span class='ocrx_word' id='word_1_499' title='bbox 739 5386 1024 5460; x_wconf 86' lang='grc' dir='ltr'>μαίνεσθαι</span> <span class='ocrx_word' id='word_1_500' title='bbox 1050 5384 1150 5453; x_wconf 83' lang='grc' dir='ltr'>τὴν</span> <span class='ocrx_word' id='word_1_501' title='bbox 1195 5384 1431 5455; x_wconf 83' lang='grc' dir='ltr'>ἐσχάτην</span> <span class='ocrx_word' id='word_1_502' title='bbox 1461 5383 1692 5454; x_wconf 90' lang='grc' dir='ltr'>μανίαν;</span> <span class='ocrx_word' id='word_1_503' title='bbox 1721 5384 1784 5438; x_wconf 88' lang='lat'>&#39;0</span> <span class='ocrx_word' id='word_1_504' title='bbox 1837 5387 1933 5439; x_wconf 77' lang='grc' dir='ltr'>κδ.</span> 
     </span>
    </p>
   </div>
   <div class='ocr_carea' id='block_1_64' title="bbox 361 5461 1941 5549">
    <p class='ocr_par' dir='ltr' id='par_1_64' title="bbox 361 5461 1941 5549">
     <span class='ocr_line' id='line_1_64' title="bbox 361 5461 1941 5549; baseline -0.006 -15"><span class='ocrx_word' id='word_1_505' title='bbox 361 5496 519 5549; x_wconf 82' lang='grc' dir='ltr'>σμος</span> <span class='ocrx_word' id='word_1_506' title='bbox 548 5476 735 5532; x_wconf 81' lang='grc' dir='ltr'>αὑτὸν</span> <span class='ocrx_word' id='word_1_507' title='bbox 773 5475 883 5549; x_wconf 64' lang='grc' dir='ltr'>οὐκ</span> <span class='ocrx_word' id='word_1_508' title='bbox 920 5471 1093 5541; x_wconf 76' lang='grc' dir='ltr'>ἔγνω.</span> <span class='ocrx_word' id='word_1_509' title='bbox 1140 5469 1323 5540; x_wconf 87' lang='grc' dir='ltr'>φησίν.</span> <span class='ocrx_word' id='word_1_510' title='bbox 1362 5467 1500 5521; x_wconf 78' lang='grc' dir='ltr'>Ἀλλ’</span> <span class='ocrx_word' id='word_1_511' title='bbox 1537 5461 1612 5520; x_wconf 80' lang='grc' dir='ltr'>ῶν</span> <span class='ocrx_word' id='word_1_512' title='bbox 1652 5469 1683 5521; x_wconf 98' lang='lat'>6</span> <span class='ocrx_word' id='word_1_513' title='bbox 1738 5469 1941 5540; x_wconf 87' lang='grc' dir='ltr'>κόσμος</span> 
     </span>
    </p>
   </div>
   <div class='ocr_carea' id='block_1_65' title="bbox 360 5547 1941 5630">
    <p class='ocr_par' dir='ltr' id='par_1_65' title="bbox 360 5547 1941 5630">
     <span class='ocr_line' id='line_1_65' title="bbox 360 5547 1941 5630; baseline -0.006 -13"><span class='ocrx_word' id='word_1_514' title='bbox 360 5547 465 5617; x_wconf 77' lang='grc' dir='ltr'>οὐκ</span> <span class='ocrx_word' id='word_1_515' title='bbox 505 5557 577 5630; x_wconf 75' lang='grc' dir='ltr'>ἦν</span> <span class='ocrx_word' id='word_1_516' title='bbox 625 5559 792 5624; x_wconf 73' lang='grc' dir='ltr'>ἄξιος,</span> <span class='ocrx_word' id='word_1_517' title='bbox 823 5547 971 5609; x_wconf 70' lang='grc' dir='ltr'>οὗτοι</span> <span class='ocrx_word' id='word_1_518' title='bbox 1011 5552 1173 5606; x_wconf 78' lang='grc' dir='ltr'>αὐτὸν</span> <span class='ocrx_word' id='word_1_519' title='bbox 1215 5551 1481 5619; x_wconf 72' lang='grc' dir='ltr'>ἔγνωσαν.</span> <span class='ocrx_word' id='word_1_520' title='bbox 1545 5549 1729 5604; x_wconf 81' lang='grc' dir='ltr'>Εἰπὼν</span> <span class='ocrx_word' id='word_1_521' title='bbox 1757 5552 1814 5605; x_wconf 82' lang='grc' dir='ltr'>δὲ</span> <span class='ocrx_word' id='word_1_522' title='bbox 1848 5554 1941 5607; x_wconf 75' lang='grc' dir='ltr'>καὶ</span> 
     </span>
    </p>
   </div>
   <div class='ocr_carea' id='block_1_66' title="bbox 360 5636 1943 5715">
    <p class='ocr_par' dir='ltr' id='par_1_66' title="bbox 360 5636 1943 5715">
     <span class='ocr_line' id='line_1_66' title="bbox 360 5636 1943 5715; baseline -0.006 -16"><span class='ocrx_word' id='word_1_523' title='bbox 360 5647 490 5708; x_wconf 79' lang='grc' dir='ltr'>τοὺς</span> <span class='ocrx_word' id='word_1_524' title='bbox 529 5643 604 5715; x_wconf 78' lang='grc' dir='ltr'>μὴ</span> <span class='ocrx_word' id='word_1_525' title='bbox 636 5641 860 5710; x_wconf 86' lang='grc' dir='ltr'>γνόντας</span> <span class='ocrx_word' id='word_1_526' title='bbox 910 5638 1092 5699; x_wconf 78' lang='grc' dir='ltr'>αὐτὸν,</span> <span class='ocrx_word' id='word_1_527' title='bbox 1148 5639 1204 5690; x_wconf 84' lang='grc' dir='ltr'>ἐν</span> <span class='ocrx_word' id='word_1_528' title='bbox 1240 5636 1433 5709; x_wconf 84' lang='grc' dir='ltr'>βραχεῖ</span> <span class='ocrx_word' id='word_1_529' title='bbox 1474 5637 1569 5690; x_wconf 73' lang='grc' dir='ltr'>καὶ</span> <span class='ocrx_word' id='word_1_530' title='bbox 1621 5636 1721 5706; x_wconf 75' lang='grc' dir='ltr'>τὴν</span> <span class='ocrx_word' id='word_1_531' title='bbox 1762 5638 1943 5691; x_wconf 74' lang='grc' dir='ltr'>αἰτίαν</span> 
     </span>
    </p>
   </div>
   <div class='ocr_carea' id='block_1_67' title="bbox 430 5780 1944 5847">
    <p class='ocr_par' dir='ltr' id='par_1_67' title="bbox 430 5780 1944 5847">
     <span class='ocr_line' id='line_1_67' title="bbox 430 5780 1944 5847; baseline -0.006 -10"><span class='ocrx_word' id='word_1_532' title='bbox 430 5790 458 5818; x_wconf 84' lang='grc'><strong>⁸</strong></span> <span class='ocrx_word' id='word_1_533' title='bbox 480 5787 576 5837; x_wconf 78' lang='lat' dir='ltr'>Alii</span> <span class='ocrx_word' id='word_1_534' title='bbox 603 5787 683 5835; x_wconf 72' lang='grc' dir='ltr'>καὶ</span> <span class='ocrx_word' id='word_1_535' title='bbox 704 5784 915 5835; x_wconf 73' lang='grc' dir='ltr'>ἀκούετε.</span> <span class='ocrx_word' id='word_1_536' title='bbox 940 5783 1033 5847; x_wconf 76' lang='grc' dir='ltr'>καὶ</span> <span class='ocrx_word' id='word_1_537' title='bbox 1073 5785 1161 5847; x_wconf 82' lang='grc' dir='ltr'>γὰρ</span> <span class='ocrx_word' id='word_1_538' title='bbox 1182 5787 1337 5847; x_wconf 68' lang='grc' dir='ltr'>φωνῆς</span> <span class='ocrx_word' id='word_1_539' title='bbox 1355 5781 1688 5847; x_wconf 43' lang='grc' dir='ltr'>ἤκουσανηκαὶ</span> <span class='ocrx_word' id='word_1_540' title='bbox 1711 5781 1833 5847; x_wconf 64' lang='grc' dir='ltr'>είδον</span> <span class='ocrx_word' id='word_1_541' title='bbox 1857 5780 1944 5847; x_wconf 69' lang='grc' dir='ltr'>αὐ-</span> 
     </span>
    </p>
   </div>
   <div class='ocr_carea' id='block_1_68' title="bbox 360 5842 1943 5909">
    <p class='ocr_par' dir='ltr' id='par_1_68' title="bbox 360 5842 1943 5909">
     <span class='ocr_line' id='line_1_68' title="bbox 360 5842 1943 5909; baseline -0.005 -12"><span class='ocrx_word' id='word_1_542' title='bbox 360 5850 468 5909; x_wconf 80' lang='grc' dir='ltr'>τὸν,</span> <span class='ocrx_word' id='word_1_543' title='bbox 496 5849 601 5897; x_wconf 82' lang='grc' dir='ltr'>ἀλλ’</span> <span class='ocrx_word' id='word_1_544' title='bbox 626 5849 733 5895; x_wconf 81' lang='grc' dir='ltr'>οὐν..</span> <span class='ocrx_word' id='word_1_545' title='bbox 795 5848 824 5886; x_wconf 77' lang='lat' dir='ltr'><strong>b</strong></span> <span class='ocrx_word' id='word_1_546' title='bbox 843 5847 960 5896; x_wconf 62' lang='lat' dir='ltr'>Hor.</span> <span class='ocrx_word' id='word_1_547' title='bbox 989 5842 1179 5893; x_wconf 76' lang='grc' dir='ltr'>ἐκείνων</span> <span class='ocrx_word' id='word_1_548' title='bbox 1193 5842 1359 5907; x_wconf 77' lang='grc' dir='ltr'>μόνον.</span> <span class='ocrx_word' id='word_1_549' title='bbox 1429 5844 1451 5873; x_wconf 71' lang='grc' dir='ltr'><em>ε</em></span> <span class='ocrx_word' id='word_1_550' title='bbox 1476 5844 1558 5891; x_wconf 76' lang='lat' dir='ltr'>Sic</span> <span class='ocrx_word' id='word_1_551' title='bbox 1580 5844 1689 5893; x_wconf 83' lang='lat' dir='ltr'>Sav.</span> <span class='ocrx_word' id='word_1_552' title='bbox 1718 5842 1834 5892; x_wconf 73' lang='lat' dir='ltr'>Mor.</span> <span class='ocrx_word' id='word_1_553' title='bbox 1858 5843 1943 5889; x_wconf 77' lang='grc' dir='ltr'>αὐ-</span> 
     </span>
    </p>
   </div>
   <div class='ocr_carea' id='block_1_69' title="bbox 369 5909 691 5970">
    <p class='ocr_par' dir='ltr' id='par_1_69' title="bbox 369 5909 691 5970">
     <span class='ocr_line' id='line_1_69' title="bbox 369 5909 691 5970; baseline -0.009 -10"><span class='ocrx_word' id='word_1_554' title='bbox 369 5914 451 5961; x_wconf 74' lang='grc' dir='ltr'>τὸν</span> <span class='ocrx_word' id='word_1_555' title='bbox 480 5909 691 5970; x_wconf 70' lang='grc' dir='ltr'>δύναμιν.</span> 
     </span>
    </p>
   </div>
   <div class='ocr_carea' id='block_1_70' title="bbox 2047 407 3632 487">
    <p class='ocr_par' dir='ltr' id='par_1_70' title="bbox 2047 407 3632 487">
     <span class='ocr_line' id='line_1_70' title="bbox 2047 407 3632 487; baseline 0.01 -27"><span class='ocrx_word' id='word_1_556' title='bbox 2047 407 2147 478; x_wconf 83' lang='grc' dir='ltr'>τῆς</span> <span class='ocrx_word' id='word_1_557' title='bbox 2172 409 2391 477; x_wconf 85' lang='grc' dir='ltr'>ἀγνοίας</span> <span class='ocrx_word' id='word_1_558' title='bbox 2416 411 2632 485; x_wconf 73' lang='grc' dir='ltr'>έθηκεν.</span> <span class='ocrx_word' id='word_1_559' title='bbox 2662 415 2738 468; x_wconf 89' lang='grc' dir='ltr'>Οὐ</span> <span class='ocrx_word' id='word_1_560' title='bbox 2770 414 2877 487; x_wconf 81' lang='grc' dir='ltr'>γάρ</span> <span class='ocrx_word' id='word_1_561' title='bbox 2904 415 3091 483; x_wconf 79' lang='grc' dir='ltr'>ἁπλῶς</span> <span class='ocrx_word' id='word_1_562' title='bbox 3121 412 3294 484; x_wconf 77' lang='grc' dir='ltr'>εἶπεν,</span> <span class='ocrx_word' id='word_1_563' title='bbox 3322 421 3406 475; x_wconf 84' lang='grc' dir='ltr'>ὅτι</span> <span class='ocrx_word' id='word_1_564' title='bbox 3453 421 3632 486; x_wconf 75' lang='grc' dir='ltr'>οὐδεὶς</span> 
     </span>
    </p>
   </div>
   <div class='ocr_carea' id='block_1_71' title="bbox 2048 490 3621 573">
    <p class='ocr_par' dir='ltr' id='par_1_71' title="bbox 2048 490 3621 573">
     <span class='ocr_line' id='line_1_71' title="bbox 2048 490 3621 573; baseline 0.013 -32"><span class='ocrx_word' id='word_1_565' title='bbox 2048 490 2212 573; x_wconf 77' lang='grc' dir='ltr'>αὐτὸν</span> <span class='ocrx_word' id='word_1_566' title='bbox 2243 490 2405 560; x_wconf 78' lang='grc' dir='ltr'>ἔγνω,</span> <span class='ocrx_word' id='word_1_567' title='bbox 2455 494 2570 548; x_wconf 78' lang='grc' dir='ltr'>ἀλλ’</span> <span class='ocrx_word' id='word_1_568' title='bbox 2613 496 2697 550; x_wconf 86' lang='grc' dir='ltr'>ὄτι</span> <span class='ocrx_word' id='word_1_569' title='bbox 2726 497 2792 551; x_wconf 89' lang='lat'>&#39;0</span> <span class='ocrx_word' id='word_1_570' title='bbox 2828 499 3059 569; x_wconf 79' lang='grc' dir='ltr'>κόσμος</span> <span class='ocrx_word' id='word_1_571' title='bbox 3091 503 3279 558; x_wconf 73' lang='grc' dir='ltr'>αὐτὸν</span> <span class='ocrx_word' id='word_1_572' title='bbox 3309 505 3421 558; x_wconf 69' lang='grc' dir='ltr'>οὐκ</span> <span class='ocrx_word' id='word_1_573' title='bbox 3448 506 3621 573; x_wconf 68' lang='grc' dir='ltr'>ἔγνω</span> 
     </span>
    </p>
   </div>
   <div class='ocr_carea' id='block_1_72' title="bbox 2055 571 3629 655">
    <p class='ocr_par' dir='ltr' id='par_1_72' title="bbox 2055 571 3629 655">
     <span class='ocr_line' id='line_1_72' title="bbox 2055 571 3629 655; baseline 0.011 -30"><span class='ocrx_word' id='word_1_574' title='bbox 2055 571 2349 637; x_wconf 78' lang='grc' dir='ltr'>τουτέστιν,</span> <span class='ocrx_word' id='word_1_575' title='bbox 2379 577 2429 628; x_wconf 89' lang='grc' dir='ltr'>οί</span> <span class='ocrx_word' id='word_1_576' title='bbox 2458 575 2539 647; x_wconf 79' lang='grc' dir='ltr'>τῷ</span> <span class='ocrx_word' id='word_1_577' title='bbox 2568 577 2758 650; x_wconf 86' lang='grc' dir='ltr'>κόσμῳ</span> <span class='ocrx_word' id='word_1_578' title='bbox 2788 581 2933 651; x_wconf 86' lang='grc' dir='ltr'>μόνῳ</span> <span class='ocrx_word' id='word_1_579' title='bbox 2968 584 3404 655; x_wconf 81' lang='grc' dir='ltr'>προσηλωμένοι,</span> <span class='ocrx_word' id='word_1_580' title='bbox 3434 571 3529 641; x_wconf 73' lang='grc' dir='ltr'>καὶ</span> <span class='ocrx_word' id='word_1_581' title='bbox 3561 587 3629 640; x_wconf 84' lang='grc' dir='ltr'>τά</span> 
     </span>
    </p>
   </div>
   <div class='ocr_carea' id='block_1_73' title="bbox 2050 655 3628 741">
    <p class='ocr_par' dir='ltr' id='par_1_73' title="bbox 2050 655 3628 741">
     <span class='ocr_line' id='line_1_73' title="bbox 2050 655 3628 741; baseline 0.01 -33"><span class='ocrx_word' id='word_1_582' title='bbox 2050 655 2146 741; x_wconf 83' lang='grc' dir='ltr'>τοῦ</span> <span class='ocrx_word' id='word_1_583' title='bbox 2176 658 2384 729; x_wconf 88' lang='grc' dir='ltr'>κόσμου</span> <span class='ocrx_word' id='word_1_584' title='bbox 2422 659 2744 732; x_wconf 87' lang='grc' dir='ltr'>φρονοῦντες</span> <span class='ocrx_word' id='word_1_585' title='bbox 2783 662 3083 737; x_wconf 76' lang='grc' dir='ltr'>ἄνθρωποι.</span> <span class='ocrx_word' id='word_1_586' title='bbox 3123 668 3282 723; x_wconf 88' lang='grc' dir='ltr'>οῦτω</span> <span class='ocrx_word' id='word_1_587' title='bbox 3317 671 3429 741; x_wconf 82' lang='grc' dir='ltr'>γάρ</span> <span class='ocrx_word' id='word_1_588' title='bbox 3469 670 3628 726; x_wconf 77' lang='grc' dir='ltr'>είωθε</span> 
     </span>
    </p>
   </div>
   <div class='ocr_carea' id='block_1_74' title="bbox 2050 740 3628 821">
    <p class='ocr_par' dir='ltr' id='par_1_74' title="bbox 2050 740 3628 821">
     <span class='ocr_line' id='line_1_74' title="bbox 2050 740 3628 821; baseline 0.009 -28"><span class='ocrx_word' id='word_1_589' title='bbox 2050 740 2231 795; x_wconf 81' lang='grc' dir='ltr'>καλεῖν</span> <span class='ocrx_word' id='word_1_590' title='bbox 2258 741 2453 806; x_wconf 80' lang='grc' dir='ltr'>αὐτοὺς</span> <span class='ocrx_word' id='word_1_591' title='bbox 2478 744 2572 798; x_wconf 68' lang='grc' dir='ltr'>καὶ</span> <span class='ocrx_word' id='word_1_592' title='bbox 2605 746 2636 798; x_wconf 89' lang='lat'>6</span> <span class='ocrx_word' id='word_1_593' title='bbox 2674 745 2926 816; x_wconf 79' lang='grc' dir='ltr'>Χριστὸς,</span> <span class='ocrx_word' id='word_1_594' title='bbox 2959 746 3037 812; x_wconf 84' lang='grc' dir='ltr'>ὡς</span> <span class='ocrx_word' id='word_1_595' title='bbox 3070 749 3202 805; x_wconf 62' lang='lat' dir='ltr'>(&quot;adv</span> <span class='ocrx_word' id='word_1_596' title='bbox 3229 747 3366 821; x_wconf 77' lang='grc' dir='ltr'>λέγῃ</span> <span class='ocrx_word' id='word_1_597' title='bbox 3384 740 3407 781; x_wconf 33' lang='grc'>’⁷</span> <span class='ocrx_word' id='word_1_598' title='bbox 3435 751 3628 819; x_wconf 82' lang='grc' dir='ltr'>Πάτερ</span> 
     </span>
    </p>
   </div>
   <div class='ocr_carea' id='block_1_75' title="bbox 2048 823 3627 906">
    <p class='ocr_par' dir='ltr' id='par_1_75' title="bbox 2048 823 3627 906">
     <span class='ocr_line' id='line_1_75' title="bbox 2048 823 3627 906; baseline 0.006 -27"><span class='ocrx_word' id='word_1_599' title='bbox 2048 823 2196 892; x_wconf 77' lang='grc' dir='ltr'>ἅγιε.</span> <span class='ocrx_word' id='word_1_600' title='bbox 2231 824 2332 879; x_wconf 77' lang='grc' dir='ltr'>καὶ</span> <span class='ocrx_word' id='word_1_601' title='bbox 2361 827 2396 880; x_wconf 80' lang='grc' dir='ltr'><em>ὁ</em></span> <span class='ocrx_word' id='word_1_602' title='bbox 2423 826 2652 896; x_wconf 82' lang='grc' dir='ltr'>κόσμος</span> <span class='ocrx_word' id='word_1_603' title='bbox 2694 842 2770 882; x_wconf 84' lang='grc' dir='ltr'>σε</span> <span class='ocrx_word' id='word_1_604' title='bbox 2803 832 2915 883; x_wconf 83' lang='grc' dir='ltr'>οὐκ</span> <span class='ocrx_word' id='word_1_605' title='bbox 2943 830 3116 902; x_wconf 75' lang='grc' dir='ltr'>ἔγνω.</span> <span class='ocrx_word' id='word_1_606' title='bbox 3156 833 3272 887; x_wconf 90' lang='grc' dir='ltr'>Ούκ</span> <span class='ocrx_word' id='word_1_607' title='bbox 3306 834 3416 906; x_wconf 83' lang='grc' dir='ltr'>ἄρα</span> <span class='ocrx_word' id='word_1_608' title='bbox 3463 836 3627 891; x_wconf 70' lang='grc' dir='ltr'>αὐτὸν</span> 
     </span>
    </p>
   </div>
   <div class='ocr_carea' id='block_1_76' title="bbox 2052 906 3622 988">
    <p class='ocr_par' dir='ltr' id='par_1_76' title="bbox 2052 906 3622 988">
     <span class='ocr_line' id='line_1_76' title="bbox 2052 906 3622 988; baseline 0.007 -29"><span class='ocrx_word' id='word_1_609' title='bbox 2052 906 2232 988; x_wconf 79' lang='grc' dir='ltr'>μόνον,</span> <span class='ocrx_word' id='word_1_610' title='bbox 2259 907 2396 961; x_wconf 87' lang='grc' dir='ltr'>ἀλλά</span> <span class='ocrx_word' id='word_1_611' title='bbox 2415 909 2509 962; x_wconf 74' lang='grc' dir='ltr'>καὶ</span> <span class='ocrx_word' id='word_1_612' title='bbox 2534 907 2625 962; x_wconf 80' lang='grc' dir='ltr'>τὸν</span> <span class='ocrx_word' id='word_1_613' title='bbox 2648 911 2871 981; x_wconf 80' lang='grc' dir='ltr'>Πατέρα</span> <span class='ocrx_word' id='word_1_614' title='bbox 2893 912 3058 967; x_wconf 80' lang='grc' dir='ltr'>αὐτοῦ</span> <span class='ocrx_word' id='word_1_615' title='bbox 3089 916 3118 968; x_wconf 88' lang='lat'>6</span> <span class='ocrx_word' id='word_1_616' title='bbox 3141 915 3347 987; x_wconf 85' lang='grc' dir='ltr'>κόσμος</span> <span class='ocrx_word' id='word_1_617' title='bbox 3366 916 3622 988; x_wconf 75' lang='grc' dir='ltr'>ἠγνόησε,</span> 
     </span>
    </p>
   </div>
   <div class='ocr_carea' id='block_1_77' title="bbox 2051 986 3625 1069">
    <p class='ocr_par' dir='ltr' id='par_1_77' title="bbox 2051 986 3625 1069">
     <span class='ocr_line' id='line_1_77' title="bbox 2051 986 3625 1069; baseline 0.009 -29"><span class='ocrx_word' id='word_1_618' title='bbox 2051 986 2169 1059; x_wconf 75' lang='grc'>151]</span> <span class='ocrx_word' id='word_1_619' title='bbox 2200 988 2454 1060; x_wconf 88' lang='grc' dir='ltr'>καθάπερ</span> <span class='ocrx_word' id='word_1_620' title='bbox 2481 990 2761 1063; x_wconf 84' lang='grc' dir='ltr'>ἐλέγομεν.</span> <span class='ocrx_word' id='word_1_621' title='bbox 2800 995 2969 1049; x_wconf 74' lang='grc' dir='ltr'>Οὐδὲν</span> <span class='ocrx_word' id='word_1_622' title='bbox 2995 999 3106 1069; x_wconf 71' lang='grc' dir='ltr'>γάρ</span> <span class='ocrx_word' id='word_1_623' title='bbox 3136 986 3279 1051; x_wconf 87' lang='grc' dir='ltr'>οῦτω</span> <span class='ocrx_word' id='word_1_624' title='bbox 3316 997 3464 1053; x_wconf 85' lang='grc' dir='ltr'>θολοῖ</span> <span class='ocrx_word' id='word_1_625' title='bbox 3509 986 3625 1055; x_wconf 83' lang='grc' dir='ltr'>διά-</span> 
     </span>
    </p>
   </div>
   <div class='ocr_carea' id='block_1_78' title="bbox 2052 1070 3626 1152">
    <p class='ocr_par' dir='ltr' id='par_1_78' title="bbox 2052 1070 3626 1152">
     <span class='ocr_line' id='line_1_78' title="bbox 2052 1070 3626 1152; baseline 0.011 -32"><span class='ocrx_word' id='word_1_626' title='bbox 2052 1087 2221 1133; x_wconf 82' lang='grc' dir='ltr'>νοιαν,</span> <span class='ocrx_word' id='word_1_627' title='bbox 2250 1070 2326 1135; x_wconf 82' lang='grc' dir='ltr'>ὡς</span> <span class='ocrx_word' id='word_1_628' title='bbox 2352 1072 2414 1126; x_wconf 76' lang='grc' dir='ltr'>τὸ</span> <span class='ocrx_word' id='word_1_629' title='bbox 2438 1076 2871 1146; x_wconf 82' lang='grc' dir='ltr'>προστετηκέναι</span> <span class='ocrx_word' id='word_1_630' title='bbox 2896 1080 3005 1144; x_wconf 89' lang='grc' dir='ltr'>τοῖς</span> <span class='ocrx_word' id='word_1_631' title='bbox 3032 1080 3288 1152; x_wconf 85' lang='grc' dir='ltr'>παροῦσι.</span> <span class='ocrx_word' id='word_1_632' title='bbox 3334 1082 3503 1137; x_wconf 79' lang='grc' dir='ltr'>Ταῦτ’</span> <span class='ocrx_word' id='word_1_633' title='bbox 3531 1080 3626 1138; x_wconf 80' lang='grc' dir='ltr'>οὖν</span> 
     </span>
    </p>
   </div>
   <div class='ocr_carea' id='block_1_79' title="bbox 2050 1153 3624 1236">
    <p class='ocr_par' dir='ltr' id='par_1_79' title="bbox 2050 1153 3624 1236">
     <span class='ocr_line' id='line_1_79' title="bbox 2050 1153 3624 1236; baseline 0.011 -32"><span class='ocrx_word' id='word_1_634' title='bbox 2050 1153 2273 1218; x_wconf 81' lang='grc' dir='ltr'>εἰδότες,</span> <span class='ocrx_word' id='word_1_635' title='bbox 2320 1155 2672 1227; x_wconf 78' lang='grc' dir='ltr'>ἀποστησατε</span> <span class='ocrx_word' id='word_1_636' title='bbox 2719 1159 2949 1226; x_wconf 81' lang='grc' dir='ltr'>ἐαυτούς</span> <span class='ocrx_word' id='word_1_637' title='bbox 2991 1161 3089 1216; x_wconf 85' lang='grc' dir='ltr'>τοῦ</span> <span class='ocrx_word' id='word_1_638' title='bbox 3133 1164 3360 1236; x_wconf 88' lang='grc' dir='ltr'>κόσμου,</span> <span class='ocrx_word' id='word_1_639' title='bbox 3394 1166 3624 1221; x_wconf 78' lang='grc' dir='ltr'>καὶτῶν</span> 
     </span>
    </p>
   </div>
   <div class='ocr_carea' id='block_1_80' title="bbox 2053 1236 3622 1315">
    <p class='ocr_par' dir='ltr' id='par_1_80' title="bbox 2053 1236 3622 1315">
     <span class='ocr_line' id='line_1_80' title="bbox 2053 1236 3622 1315; baseline 0.011 -28"><span class='ocrx_word' id='word_1_640' title='bbox 2053 1236 2334 1305; x_wconf 82' lang='grc' dir='ltr'>σαρκικῶν</span> <span class='ocrx_word' id='word_1_641' title='bbox 2364 1238 2710 1311; x_wconf 79' lang='grc' dir='ltr'>ἀπορρήξατε</span> <span class='ocrx_word' id='word_1_642' title='bbox 2746 1244 3105 1315; x_wconf 86' lang='grc' dir='ltr'>πραγμάτων,</span> <span class='ocrx_word' id='word_1_643' title='bbox 3137 1247 3366 1302; x_wconf 86' lang='grc' dir='ltr'>καθόσον</span> <span class='ocrx_word' id='word_1_644' title='bbox 3403 1245 3517 1303; x_wconf 81' lang='grc' dir='ltr'>οἷόν</span> <span class='ocrx_word' id='word_1_645' title='bbox 3541 1267 3622 1304; x_wconf 86' lang='grc' dir='ltr'>τε.</span> 
     </span>
    </p>
   </div>
   <div class='ocr_carea' id='block_1_81' title="bbox 2054 1317 3628 1402">
    <p class='ocr_par' dir='ltr' id='par_1_81' title="bbox 2054 1317 3628 1402">
     <span class='ocr_line' id='line_1_81' title="bbox 2054 1317 3628 1402; baseline 0.01 -33"><span class='ocrx_word' id='word_1_646' title='bbox 2054 1317 2193 1402; x_wconf 82' lang='grc' dir='ltr'>Οὐδὲ</span> <span class='ocrx_word' id='word_1_647' title='bbox 2219 1318 2333 1402; x_wconf 85' lang='grc' dir='ltr'>γὰρ</span> <span class='ocrx_word' id='word_1_648' title='bbox 2356 1321 2414 1375; x_wconf 87' lang='grc' dir='ltr'>ἐν</span> <span class='ocrx_word' id='word_1_649' title='bbox 2437 1325 2552 1386; x_wconf 86' lang='grc' dir='ltr'>τοῖς</span> <span class='ocrx_word' id='word_1_650' title='bbox 2575 1324 2831 1394; x_wconf 87' lang='grc' dir='ltr'>τυχοῦσιν</span> <span class='ocrx_word' id='word_1_651' title='bbox 2862 1326 2990 1395; x_wconf 80' lang='grc' dir='ltr'>ὑμῖν</span> <span class='ocrx_word' id='word_1_652' title='bbox 3034 1327 3141 1380; x_wconf 77' lang='grc' dir='ltr'>ἀπὸ</span> <span class='ocrx_word' id='word_1_653' title='bbox 3169 1327 3371 1383; x_wconf 83' lang='grc' dir='ltr'>τούτων</span> <span class='ocrx_word' id='word_1_654' title='bbox 3392 1331 3427 1401; x_wconf 79' lang='grc' dir='ltr'>η</span> <span class='ocrx_word' id='word_1_655' title='bbox 3456 1331 3628 1402; x_wconf 77' lang='grc' dir='ltr'>ζημία</span> 
     </span>
    </p>
   </div>
   <div class='ocr_carea' id='block_1_82' title="bbox 2056 1398 3630 1484">
    <p class='ocr_par' dir='ltr' id='par_1_82' title="bbox 2056 1398 3630 1484">
     <span class='ocr_line' id='line_1_82' title="bbox 2056 1398 3630 1484; baseline 0.01 -32"><span class='ocrx_word' id='word_1_656' title='bbox 2056 1398 2287 1484; x_wconf 82' lang='grc' dir='ltr'>γίνεται,</span> <span class='ocrx_word' id='word_1_657' title='bbox 2314 1401 2428 1484; x_wconf 76' lang='grc' dir='ltr'>ἀλλ’</span> <span class='ocrx_word' id='word_1_658' title='bbox 2460 1404 2519 1458; x_wconf 87' lang='grc' dir='ltr'>ἐν</span> <span class='ocrx_word' id='word_1_659' title='bbox 2560 1403 2641 1475; x_wconf 85' lang='grc' dir='ltr'>τῷ</span> <span class='ocrx_word' id='word_1_660' title='bbox 2679 1406 2959 1479; x_wconf 83' lang='grc' dir='ltr'>κεφαλαίῳ</span> <span class='ocrx_word' id='word_1_661' title='bbox 2997 1409 3108 1463; x_wconf 89' lang='grc' dir='ltr'>τῶν</span> <span class='ocrx_word' id='word_1_662' title='bbox 3137 1409 3375 1479; x_wconf 90' lang='grc' dir='ltr'>ἀγαθῶν.</span> <span class='ocrx_word' id='word_1_663' title='bbox 3415 1398 3630 1484; x_wconf 24' lang='grc' dir='ltr'>Ὸύνγάρ</span> 
     </span>
    </p>
   </div>
   <div class='ocr_carea' id='block_1_83' title="bbox 2057 1480 3628 1565">
    <p class='ocr_par' dir='ltr' id='par_1_83' title="bbox 2057 1480 3628 1565">
     <span class='ocr_line' id='line_1_83' title="bbox 2057 1480 3628 1565; baseline 0.01 -32"><span class='ocrx_word' id='word_1_664' title='bbox 2057 1480 2206 1535; x_wconf 84' lang='grc' dir='ltr'>ἐστιν</span> <span class='ocrx_word' id='word_1_665' title='bbox 2246 1482 2530 1554; x_wconf 81' lang='grc' dir='ltr'>ἄνθρωπον</span> <span class='ocrx_word' id='word_1_666' title='bbox 2552 1487 2663 1540; x_wconf 85' lang='grc' dir='ltr'>τῶν</span> <span class='ocrx_word' id='word_1_667' title='bbox 2702 1488 2843 1543; x_wconf 88' lang='grc' dir='ltr'>κατά</span> <span class='ocrx_word' id='word_1_668' title='bbox 2866 1489 2956 1543; x_wconf 73' lang='grc' dir='ltr'>τδν</span> <span class='ocrx_word' id='word_1_669' title='bbox 2990 1490 3235 1562; x_wconf 86' lang='grc' dir='ltr'>παρόντα</span> <span class='ocrx_word' id='word_1_670' title='bbox 3262 1492 3375 1562; x_wconf 84' lang='grc' dir='ltr'>βίον</span> <span class='ocrx_word' id='word_1_671' title='bbox 3402 1480 3628 1565; x_wconf 52' lang='grc' dir='ltr'>ἀντεχόλ</span> 
     </span>
    </p>
   </div>
   <div class='ocr_carea' id='block_1_84' title="bbox 2055 1568 3624 1645">
    <p class='ocr_par' dir='ltr' id='par_1_84' title="bbox 2055 1568 3624 1645">
     <span class='ocr_line' id='line_1_84' title="bbox 2055 1568 3624 1645; baseline 0.01 -29"><span class='ocrx_word' id='word_1_672' title='bbox 2055 1580 2217 1633; x_wconf 89' lang='grc' dir='ltr'>μενον</span> <span class='ocrx_word' id='word_1_673' title='bbox 2262 1568 2598 1637; x_wconf 87' lang='grc' dir='ltr'>πραγμάτων</span> <span class='ocrx_word' id='word_1_674' title='bbox 2637 1569 2886 1640; x_wconf 85' lang='grc' dir='ltr'>σφοδρῶς</span> <span class='ocrx_word' id='word_1_675' title='bbox 2931 1571 3226 1645; x_wconf 85' lang='grc' dir='ltr'>δυνηθῆναι</span> <span class='ocrx_word' id='word_1_676' title='bbox 3270 1575 3624 1632; x_wconf 85' lang='grc' dir='ltr'>ἐπιλαϐέσθαι</span> 
     </span>
    </p>
   </div>
   <div class='ocr_carea' id='block_1_85' title="bbox 2048 1645 3622 1729">
    <p class='ocr_par' dir='ltr' id='par_1_85' title="bbox 2048 1645 3622 1729">
     <span class='ocr_line' id='line_1_85' title="bbox 2048 1645 3622 1729; baseline 0.008 -31"><span class='ocrx_word' id='word_1_677' title='bbox 2048 1645 2155 1699; x_wconf 87' lang='grc' dir='ltr'>τῶν</span> <span class='ocrx_word' id='word_1_678' title='bbox 2185 1647 2244 1699; x_wconf 89' lang='grc' dir='ltr'>ἐν</span> <span class='ocrx_word' id='word_1_679' title='bbox 2282 1650 2394 1711; x_wconf 84' lang='grc' dir='ltr'>τοῖς</span> <span class='ocrx_word' id='word_1_680' title='bbox 2432 1648 2680 1721; x_wconf 83' lang='grc' dir='ltr'>οὐρανοῖς</span> <span class='ocrx_word' id='word_1_681' title='bbox 2718 1652 2955 1722; x_wconf 88' lang='grc' dir='ltr'>γνησίως</span> <span class='ocrx_word' id='word_1_682' title='bbox 2981 1653 3008 1693; x_wconf 72' lang='grc' dir='ltr'>ἀ</span> <span class='ocrx_word' id='word_1_683' title='bbox 3031 1671 3045 1685; x_wconf 88' lang='grc'><strong>·</strong></span> <span class='ocrx_word' id='word_1_684' title='bbox 3092 1655 3230 1711; x_wconf 85' lang='grc' dir='ltr'>ἀλλά</span> <span class='ocrx_word' id='word_1_685' title='bbox 3271 1658 3485 1729; x_wconf 84' lang='grc' dir='ltr'>ἀνάγκη</span> <span class='ocrx_word' id='word_1_686' title='bbox 3532 1659 3622 1713; x_wconf 73' lang='grc' dir='ltr'>τὸν</span> 
     </span>
    </p>
   </div>
   <div class='ocr_carea' id='block_1_86' title="bbox 2046 1728 3623 1799">
    <p class='ocr_par' dir='ltr' id='par_1_86' title="bbox 2046 1728 3623 1799">
     <span class='ocr_line' id='line_1_86' title="bbox 2046 1728 3623 1799; baseline 0.011 -19"><span class='ocrx_word' id='word_1_687' title='bbox 2046 1729 2174 1799; x_wconf 79' lang='grc' dir='ltr'>περὶ</span> <span class='ocrx_word' id='word_1_688' title='bbox 2198 1728 2370 1784; x_wconf 85' lang='grc' dir='ltr'>ταῦτα</span> <span class='ocrx_word' id='word_1_689' title='bbox 2399 1731 2772 1789; x_wconf 86' lang='grc' dir='ltr'>ἐσπουδακότα</span> <span class='ocrx_word' id='word_1_690' title='bbox 2821 1736 3043 1791; x_wconf 82' lang='grc' dir='ltr'>ἐκείνων</span> <span class='ocrx_word' id='word_1_691' title='bbox 3089 1740 3363 1796; x_wconf 85' lang='grc' dir='ltr'>ἐκπεσεῖν.</span> <span class='ocrx_word' id='word_1_692' title='bbox 3398 1728 3482 1797; x_wconf 71' lang='grc' dir='ltr'>οὐ</span> <span class='ocrx_word' id='word_1_693' title='bbox 3511 1743 3623 1797; x_wconf 78' lang='grc' dir='ltr'>δύο</span> 
     </span>
    </p>
   </div>
   <div class='ocr_carea' id='block_1_87' title="bbox 2042 1813 3618 1894">
    <p class='ocr_par' dir='ltr' id='par_1_87' title="bbox 2042 1813 3618 1894">
     <span class='ocr_line' id='line_1_87' title="bbox 2042 1813 3618 1894; baseline 0.007 -28"><span class='ocrx_word' id='word_1_694' title='bbox 2042 1816 2231 1867; x_wconf 79' lang='grc' dir='ltr'>νασθε</span> <span class='ocrx_word' id='word_1_695' title='bbox 2286 1813 2415 1882; x_wconf 80' lang='grc' dir='ltr'>γὰρ,</span> <span class='ocrx_word' id='word_1_696' title='bbox 2474 1817 2629 1886; x_wconf 75' lang='grc' dir='ltr'>φησὶ,</span> <span class='ocrx_word' id='word_1_697' title='bbox 2673 1813 2798 1882; x_wconf 80' lang='grc' dir='ltr'>Θεῷ</span> <span class='ocrx_word' id='word_1_698' title='bbox 2839 1818 3155 1874; x_wconf 73' lang='grc' dir='ltr'>δουλεύειν</span> <span class='ocrx_word' id='word_1_699' title='bbox 3194 1822 3293 1875; x_wconf 76' lang='grc' dir='ltr'>καί</span> <span class='ocrx_word' id='word_1_700' title='bbox 3346 1824 3618 1894; x_wconf 81' lang='grc' dir='ltr'>μαμωνᾷ·</span> 
     </span>
    </p>
   </div>
   <div class='ocr_carea' id='block_1_88' title="bbox 2043 1894 3625 1974">
    <p class='ocr_par' dir='ltr' id='par_1_88' title="bbox 2043 1894 3625 1974">
     <span class='ocr_line' id='line_1_88' title="bbox 2043 1894 3625 1974; baseline 0.008 -27"><span class='ocrx_word' id='word_1_701' title='bbox 2043 1894 2257 1968; x_wconf 89' lang='grc' dir='ltr'>ἀνάγκη</span> <span class='ocrx_word' id='word_1_702' title='bbox 2286 1896 2397 1968; x_wconf 79' lang='grc' dir='ltr'>γάρ</span> <span class='ocrx_word' id='word_1_703' title='bbox 2422 1897 2540 1962; x_wconf 85' lang='grc' dir='ltr'>ἐνδς</span> <span class='ocrx_word' id='word_1_704' title='bbox 2569 1899 2810 1969; x_wconf 79' lang='grc' dir='ltr'>ἔχεσθαι,</span> <span class='ocrx_word' id='word_1_705' title='bbox 2841 1902 2935 1954; x_wconf 70' lang='grc' dir='ltr'>καὶ</span> <span class='ocrx_word' id='word_1_706' title='bbox 2956 1902 3047 1955; x_wconf 85' lang='grc' dir='ltr'>τδν</span> <span class='ocrx_word' id='word_1_707' title='bbox 3075 1903 3262 1974; x_wconf 71' lang='grc' dir='ltr'>ἕτερον</span> <span class='ocrx_word' id='word_1_708' title='bbox 3290 1909 3486 1974; x_wconf 86' lang='grc' dir='ltr'>μισεῖν.</span> <span class='ocrx_word' id='word_1_709' title='bbox 3515 1908 3625 1960; x_wconf 73' lang='grc' dir='ltr'>Καὶ</span> 
     </span>
    </p>
   </div>
   <div class='ocr_carea' id='block_1_89' title="bbox 2042 1978 3625 2060">
    <p class='ocr_par' dir='ltr' id='par_1_89' title="bbox 2042 1978 3625 2060">
     <span class='ocr_line' id='line_1_89' title="bbox 2042 1978 3625 2060; baseline 0.006 -28"><span class='ocrx_word' id='word_1_710' title='bbox 2042 1978 2216 2032; x_wconf 89' lang='grc' dir='ltr'>ταῦτα</span> <span class='ocrx_word' id='word_1_711' title='bbox 2255 1980 2352 2034; x_wconf 71' lang='grc' dir='ltr'>καὶ</span> <span class='ocrx_word' id='word_1_712' title='bbox 2388 1980 2526 2052; x_wconf 83' lang='grc' dir='ltr'>αὐτὴ</span> <span class='ocrx_word' id='word_1_713' title='bbox 2572 1981 2682 2035; x_wconf 89' lang='grc' dir='ltr'>τῶν</span> <span class='ocrx_word' id='word_1_714' title='bbox 2716 1983 3057 2054; x_wconf 86' lang='grc' dir='ltr'>πραγμάτων</span> <span class='ocrx_word' id='word_1_715' title='bbox 3104 1985 3138 2055; x_wconf 76' lang='grc' dir='ltr'>η</span> <span class='ocrx_word' id='word_1_716' title='bbox 3186 1989 3351 2058; x_wconf 89' lang='grc' dir='ltr'>πεῖρα</span> <span class='ocrx_word' id='word_1_717' title='bbox 3389 1987 3508 2060; x_wconf 80' lang='grc' dir='ltr'>βοᾷ.</span> <span class='ocrx_word' id='word_1_718' title='bbox 3558 1991 3625 2043; x_wconf 77' lang='lat' dir='ltr'>Ol</span> 
     </span>
    </p>
   </div>
   <div class='ocr_carea' id='block_1_90' title="bbox 2043 2063 3620 2139">
    <p class='ocr_par' dir='ltr' id='par_1_90' title="bbox 2043 2063 3620 2139">
     <span class='ocr_line' id='line_1_90' title="bbox 2043 2063 3620 2139; baseline 0.007 -24"><span class='ocrx_word' id='word_1_719' title='bbox 2043 2063 2177 2131; x_wconf 89' lang='grc' dir='ltr'>γοῦν</span> <span class='ocrx_word' id='word_1_720' title='bbox 2200 2063 2301 2133; x_wconf 80' lang='grc' dir='ltr'>τῆς</span> <span class='ocrx_word' id='word_1_721' title='bbox 2334 2063 2445 2117; x_wconf 88' lang='grc' dir='ltr'>τῶν</span> <span class='ocrx_word' id='word_1_722' title='bbox 2484 2065 2786 2136; x_wconf 87' lang='grc' dir='ltr'>χρημάτων</span> <span class='ocrx_word' id='word_1_723' title='bbox 2810 2067 3103 2139; x_wconf 79' lang='grc' dir='ltr'>ἐπιθυμίας</span> <span class='ocrx_word' id='word_1_724' title='bbox 3134 2069 3620 2139; x_wconf 84' lang='grc' dir='ltr'>καταγελάσαντες,</span> 
     </span>
    </p>
   </div>
   <div class='ocr_carea' id='block_1_91' title="bbox 2045 2139 3619 2225">
    <p class='ocr_par' dir='ltr' id='par_1_91' title="bbox 2045 2139 3619 2225">
     <span class='ocr_line' id='line_1_91' title="bbox 2045 2139 3619 2225; baseline 0.008 -28"><span class='ocrx_word' id='word_1_725' title='bbox 2045 2139 2192 2200; x_wconf 73' lang='grc' dir='ltr'>οῦτοι</span> <span class='ocrx_word' id='word_1_726' title='bbox 2225 2145 2461 2225; x_wconf 86' lang='grc' dir='ltr'>μάλιστά</span> <span class='ocrx_word' id='word_1_727' title='bbox 2488 2149 2626 2201; x_wconf 88' lang='grc' dir='ltr'>είσιν</span> <span class='ocrx_word' id='word_1_728' title='bbox 2658 2148 2708 2201; x_wconf 88' lang='grc' dir='ltr'>οἱ</span> <span class='ocrx_word' id='word_1_729' title='bbox 2735 2147 2828 2202; x_wconf 81' lang='grc' dir='ltr'>τὸν</span> <span class='ocrx_word' id='word_1_730' title='bbox 2861 2148 2996 2202; x_wconf 82' lang='grc' dir='ltr'>Θεὸν</span> <span class='ocrx_word' id='word_1_731' title='bbox 3034 2149 3354 2219; x_wconf 82' lang='grc' dir='ltr'>ἀγαπῶντες</span> <span class='ocrx_word' id='word_1_732' title='bbox 3388 2151 3465 2216; x_wconf 85' lang='grc' dir='ltr'>ὡς</span> <span class='ocrx_word' id='word_1_733' title='bbox 3494 2154 3619 2225; x_wconf 68' lang='grc' dir='ltr'>χρίγ</span> 
     </span>
    </p>
   </div>
   <div class='ocr_carea' id='block_1_92' title="bbox 2047 2224 3622 2302">
    <p class='ocr_par' dir='ltr' id='par_1_92' title="bbox 2047 2224 3622 2302">
     <span class='ocr_line' id='line_1_92' title="bbox 2047 2224 3622 2302; baseline 0.006 -22"><span class='ocrx_word' id='word_1_734' title='bbox 2047 2227 2236 2298; x_wconf 84' lang='grc' dir='ltr'>ὥσπερ</span> <span class='ocrx_word' id='word_1_735' title='bbox 2267 2224 2363 2281; x_wconf 86' lang='grc' dir='ltr'>οῦν</span> <span class='ocrx_word' id='word_1_736' title='bbox 2388 2229 2438 2281; x_wconf 87' lang='grc' dir='ltr'>οἱ</span> <span class='ocrx_word' id='word_1_737' title='bbox 2469 2228 2567 2300; x_wconf 78' lang='grc' dir='ltr'>τὴν</span> <span class='ocrx_word' id='word_1_738' title='bbox 2596 2229 2769 2301; x_wconf 78' lang='grc' dir='ltr'>ἀρχὴν</span> <span class='ocrx_word' id='word_1_739' title='bbox 2797 2230 3012 2302; x_wconf 88' lang='grc' dir='ltr'>ἐκείνην</span> <span class='ocrx_word' id='word_1_740' title='bbox 3045 2231 3434 2302; x_wconf 80' lang='grc' dir='ltr'>θαυμάζοντες,</span> <span class='ocrx_word' id='word_1_741' title='bbox 3477 2224 3622 2289; x_wconf 75' lang='grc' dir='ltr'>οὗτοι</span> 
     </span>
    </p>
   </div>
   <div class='ocr_carea' id='block_1_93' title="bbox 2050 2309 3620 2389">
    <p class='ocr_par' dir='ltr' id='par_1_93' title="bbox 2050 2309 3620 2389">
     <span class='ocr_line' id='line_1_93' title="bbox 2050 2309 3620 2389; baseline 0.006 -27"><span class='ocrx_word' id='word_1_742' title='bbox 2050 2309 2285 2380; x_wconf 89' lang='grc' dir='ltr'>μάλιστα</span> <span class='ocrx_word' id='word_1_743' title='bbox 2311 2309 2527 2363; x_wconf 88' lang='grc' dir='ltr'>πάντων</span> <span class='ocrx_word' id='word_1_744' title='bbox 2553 2311 2778 2389; x_wconf 28' lang='grc' dir='ltr'>είσὶνροί</span> <span class='ocrx_word' id='word_1_745' title='bbox 2805 2312 3152 2384; x_wconf 88' lang='grc' dir='ltr'>ἀμϐλυτέραν</span> <span class='ocrx_word' id='word_1_746' title='bbox 3182 2326 3207 2354; x_wconf 77' lang='grc' dir='ltr'><strong><em>ο</em></strong></span> <span class='ocrx_word' id='word_1_747' title='bbox 3232 2314 3332 2387; x_wconf 75' lang='grc' dir='ltr'>τήν</span> <span class='ocrx_word' id='word_1_748' title='bbox 3364 2317 3492 2389; x_wconf 75' lang='grc' dir='ltr'>περὶ</span> <span class='ocrx_word' id='word_1_749' title='bbox 3520 2319 3620 2372; x_wconf 82' lang='grc' dir='ltr'>αὐ-</span> 
     </span>
    </p>
   </div>
   <div class='ocr_carea' id='block_1_94' title="bbox 2045 2379 3621 2469">
    <p class='ocr_par' dir='ltr' id='par_1_94' title="bbox 2045 2379 3621 2469">
     <span class='ocr_line' id='line_1_94' title="bbox 2045 2379 3621 2469; baseline 0.004 -22"><span class='ocrx_word' id='word_1_750' title='bbox 2045 2379 2134 2447; x_wconf 82' lang='grc' dir='ltr'>τὸν</span> <span class='ocrx_word' id='word_1_751' title='bbox 2171 2393 2394 2464; x_wconf 87' lang='grc' dir='ltr'>ἀγάπην</span> <span class='ocrx_word' id='word_1_752' title='bbox 2430 2395 2663 2464; x_wconf 79' lang='grc' dir='ltr'>ἔχοντες.</span> <span class='ocrx_word' id='word_1_753' title='bbox 2683 2379 2857 2467; x_wconf 60' lang='grc' dir='ltr'>⁴Ψυχή</span> <span class='ocrx_word' id='word_1_754' title='bbox 2897 2396 3008 2468; x_wconf 82' lang='grc' dir='ltr'>γὰρ</span> <span class='ocrx_word' id='word_1_755' title='bbox 3038 2379 3301 2466; x_wconf 67' lang='grc' dir='ltr'>καθάπαξ</span> <span class='ocrx_word' id='word_1_756' title='bbox 3323 2379 3448 2453; x_wconf 62' lang='grc' dir='ltr'>ύπδ</span> <span class='ocrx_word' id='word_1_757' title='bbox 3472 2399 3621 2469; x_wconf 86' lang='grc' dir='ltr'>φιλο-</span> 
     </span>
    </p>
   </div>
   <div class='ocr_carea' id='block_1_95' title="bbox 2042 2477 3620 2553">
    <p class='ocr_par' dir='ltr' id='par_1_95' title="bbox 2042 2477 3620 2553">
     <span class='ocr_line' id='line_1_95' title="bbox 2042 2477 3620 2553; baseline -0.006 -21"><span class='ocrx_word' id='word_1_758' title='bbox 2042 2477 2354 2548; x_wconf 87' lang='grc' dir='ltr'>χρηματίας</span> <span class='ocrx_word' id='word_1_759' title='bbox 2385 2477 2609 2543; x_wconf 83' lang='grc' dir='ltr'>ἁλοῦσα,</span> <span class='ocrx_word' id='word_1_760' title='bbox 2641 2479 2703 2531; x_wconf 86' lang='grc' dir='ltr'>οὐ</span> <span class='ocrx_word' id='word_1_761' title='bbox 2737 2478 2933 2550; x_wconf 70' lang='grc' dir='ltr'>ῥᾳδίως</span> <span class='ocrx_word' id='word_1_762' title='bbox 2972 2479 3094 2534; x_wconf 79' lang='grc' dir='ltr'>οὐδὲ</span> <span class='ocrx_word' id='word_1_763' title='bbox 3139 2480 3375 2545; x_wconf 83' lang='grc' dir='ltr'>εὐκόλως</span> <span class='ocrx_word' id='word_1_764' title='bbox 3418 2498 3620 2553; x_wconf 82' lang='grc' dir='ltr'>παραι-</span> 
     </span>
    </p>
   </div>
   <div class='ocr_carea' id='block_1_96' title="bbox 2039 2559 3622 2633">
    <p class='ocr_par' dir='ltr' id='par_1_96' title="bbox 2039 2559 3622 2633">
     <span class='ocr_line' id='line_1_96' title="bbox 2039 2559 3622 2633; baseline 0.003 -21"><span class='ocrx_word' id='word_1_765' title='bbox 2039 2561 2263 2630; x_wconf 80' lang='grc' dir='ltr'>τήσεται</span> <span class='ocrx_word' id='word_1_766' title='bbox 2293 2559 2386 2613; x_wconf 78' lang='grc' dir='ltr'>καὶ</span> <span class='ocrx_word' id='word_1_767' title='bbox 2424 2560 2631 2632; x_wconf 78' lang='grc' dir='ltr'>πρᾶξαι</span> <span class='ocrx_word' id='word_1_768' title='bbox 2666 2563 2759 2616; x_wconf 75' lang='grc' dir='ltr'>καὶ</span> <span class='ocrx_word' id='word_1_769' title='bbox 2797 2563 2972 2615; x_wconf 75' lang='grc' dir='ltr'>εἰπεῖν</span> <span class='ocrx_word' id='word_1_770' title='bbox 2999 2579 3050 2616; x_wconf 88' lang='grc' dir='ltr'>τι</span> <span class='ocrx_word' id='word_1_771' title='bbox 3078 2562 3188 2615; x_wconf 89' lang='grc' dir='ltr'>τῶν</span> <span class='ocrx_word' id='word_1_772' title='bbox 3212 2561 3622 2633; x_wconf 79' lang='grc' dir='ltr'>παροξυνόντων</span> 
     </span>
    </p>
   </div>
   <div class='ocr_carea' id='block_1_97' title="bbox 2038 2642 3618 2719">
    <p class='ocr_par' dir='ltr' id='par_1_97' title="bbox 2038 2642 3618 2719">
     <span class='ocr_line' id='line_1_97' title="bbox 2038 2642 3618 2719; baseline 0.004 -24"><span class='ocrx_word' id='word_1_773' title='bbox 2038 2642 2130 2696; x_wconf 73' lang='grc' dir='ltr'>τὸν</span> <span class='ocrx_word' id='word_1_774' title='bbox 2157 2642 2312 2706; x_wconf 83' lang='grc' dir='ltr'>Θεὸν,</span> <span class='ocrx_word' id='word_1_775' title='bbox 2341 2644 2437 2698; x_wconf 82' lang='grc' dir='ltr'>ἀτε</span> <span class='ocrx_word' id='word_1_776' title='bbox 2471 2646 2564 2700; x_wconf 77' lang='grc' dir='ltr'>καὶ</span> <span class='ocrx_word' id='word_1_777' title='bbox 2609 2645 2795 2716; x_wconf 88' lang='grc' dir='ltr'>ἐτέρου</span> <span class='ocrx_word' id='word_1_778' title='bbox 2840 2645 3107 2718; x_wconf 83' lang='grc' dir='ltr'>γενομένη</span> <span class='ocrx_word' id='word_1_779' title='bbox 3138 2646 3396 2701; x_wconf 85' lang='grc' dir='ltr'>δεσπότου</span> <span class='ocrx_word' id='word_1_780' title='bbox 3435 2646 3618 2719; x_wconf 84' lang='grc' dir='ltr'>δούλη,</span> 
     </span>
    </p>
   </div>
   <div class='ocr_carea' id='block_1_98' title="bbox 2038 2725 3376 2802">
    <p class='ocr_par' dir='ltr' id='par_1_98' title="bbox 2038 2725 3376 2802">
     <span class='ocr_line' id='line_1_98' title="bbox 2038 2725 3376 2802; baseline 0.005 -24"><span class='ocrx_word' id='word_1_781' title='bbox 2038 2725 2136 2779; x_wconf 74' lang='grc' dir='ltr'>καὶ</span> <span class='ocrx_word' id='word_1_782' title='bbox 2166 2725 2346 2780; x_wconf 85' lang='grc' dir='ltr'>πάντα</span> <span class='ocrx_word' id='word_1_783' title='bbox 2371 2727 2703 2791; x_wconf 85' lang='grc' dir='ltr'>ἀπεναντίας</span> <span class='ocrx_word' id='word_1_784' title='bbox 2730 2728 3110 2793; x_wconf 82' lang='grc' dir='ltr'>ἐπιτάττοντος</span> <span class='ocrx_word' id='word_1_785' title='bbox 3133 2729 3212 2800; x_wconf 83' lang='grc' dir='ltr'>τῷ</span> <span class='ocrx_word' id='word_1_786' title='bbox 3236 2729 3376 2802; x_wconf 80' lang='grc' dir='ltr'>Θεῷ.</span> 
     </span>
    </p>
   </div>
   <div class='ocr_carea' id='block_1_99' title="bbox 2122 2808 3622 2885">
    <p class='ocr_par' dir='ltr' id='par_1_99' title="bbox 2122 2808 3622 2885">
     <span class='ocr_line' id='line_1_99' title="bbox 2122 2808 3622 2885; baseline 0.004 -24"><span class='ocrx_word' id='word_1_787' title='bbox 2122 2808 2456 2879; x_wconf 72' lang='grc' dir='ltr'>Ἀνανήψατε</span> <span class='ocrx_word' id='word_1_788' title='bbox 2488 2810 2664 2864; x_wconf 87' lang='grc' dir='ltr'>τοίνυν</span> <span class='ocrx_word' id='word_1_789' title='bbox 2686 2811 2816 2865; x_wconf 87' lang='grc' dir='ltr'>ποτέ</span> <span class='ocrx_word' id='word_1_790' title='bbox 2845 2812 2939 2865; x_wconf 78' lang='grc' dir='ltr'>καὶ</span> <span class='ocrx_word' id='word_1_791' title='bbox 2964 2811 3303 2885; x_wconf 80' lang='grc' dir='ltr'>διεγέρθητε,</span> <span class='ocrx_word' id='word_1_792' title='bbox 3321 2814 3413 2869; x_wconf 69' lang='grc' dir='ltr'>καὶ</span> <span class='ocrx_word' id='word_1_793' title='bbox 3436 2813 3622 2884; x_wconf 78' lang='grc' dir='ltr'>ἐννοή-</span> 
     </span>
    </p>
   </div>
   <div class='ocr_carea' id='block_1_100' title="bbox 2042 2892 3621 2966">
    <p class='ocr_par' dir='ltr' id='par_1_100' title="bbox 2042 2892 3621 2966">
     <span class='ocr_line' id='line_1_100' title="bbox 2042 2892 3621 2966; baseline 0.003 -22"><span class='ocrx_word' id='word_1_794' title='bbox 2042 2907 2235 2954; x_wconf 86' lang='grc' dir='ltr'>σαντες</span> <span class='ocrx_word' id='word_1_795' title='bbox 2278 2892 2419 2955; x_wconf 85' lang='grc' dir='ltr'>τίνος</span> <span class='ocrx_word' id='word_1_796' title='bbox 2464 2893 2632 2963; x_wconf 77' lang='grc' dir='ltr'>ἐσμὲν</span> <span class='ocrx_word' id='word_1_797' title='bbox 2674 2893 2880 2946; x_wconf 75' lang='grc' dir='ltr'>οἰκέται</span> <span class='ocrx_word' id='word_1_798' title='bbox 2900 2934 2915 2959; x_wconf 96' lang='grc'>,</span> <span class='ocrx_word' id='word_1_799' title='bbox 2958 2895 3056 2965; x_wconf 75' lang='grc' dir='ltr'>τὴν</span> <span class='ocrx_word' id='word_1_800' title='bbox 3100 2894 3293 2949; x_wconf 91' lang='grc' dir='ltr'>τούτου</span> <span class='ocrx_word' id='word_1_801' title='bbox 3344 2895 3621 2966; x_wconf 85' lang='grc' dir='ltr'>βασιλείαν</span> 
     </span>
    </p>
   </div>
   <div class='ocr_carea' id='block_1_101' title="bbox 2040 2973 3621 3048">
    <p class='ocr_par' dir='ltr' id='par_1_101' title="bbox 2040 2973 3621 3048">
     <span class='ocr_line' id='line_1_101' title="bbox 2040 2973 3621 3048; baseline 0.004 -24"><span class='ocrx_word' id='word_1_802' title='bbox 2040 2973 2418 3042; x_wconf 80' lang='grc' dir='ltr'>ἀγαπήσωμεν</span> <span class='ocrx_word' id='word_1_803' title='bbox 2466 2976 2667 3043; x_wconf 86' lang='grc' dir='ltr'>μόνην·</span> <span class='ocrx_word' id='word_1_804' title='bbox 2706 2973 3050 3044; x_wconf 86' lang='grc' dir='ltr'>κλαύσωμεν,</span> <span class='ocrx_word' id='word_1_805' title='bbox 3087 2974 3444 3047; x_wconf 83' lang='grc' dir='ltr'>θρηνήσωμεν</span> <span class='ocrx_word' id='word_1_806' title='bbox 3481 2977 3621 3048; x_wconf 70' lang='grc' dir='ltr'>ὑπὲρ</span> 
     </span>
    </p>
   </div>
   <div class='ocr_carea' id='block_1_102' title="bbox 2044 3050 3616 3128">
    <p class='ocr_par' dir='ltr' id='par_1_102' title="bbox 2044 3050 3616 3128">
     <span class='ocr_line' id='line_1_102' title="bbox 2044 3050 3616 3128; baseline 0.004 -23"><span class='ocrx_word' id='word_1_807' title='bbox 2044 3053 2154 3105; x_wconf 87' lang='grc' dir='ltr'>τῶν</span> <span class='ocrx_word' id='word_1_808' title='bbox 2178 3053 2482 3122; x_wconf 76' lang='grc' dir='ltr'>¹έμπροσθεν</span> <span class='ocrx_word' id='word_1_809' title='bbox 2500 3057 2728 3124; x_wconf 79' lang='grc' dir='ltr'>χρόνων,</span> <span class='ocrx_word' id='word_1_810' title='bbox 2751 3050 2826 3107; x_wconf 79' lang='grc' dir='ltr'>ὧν</span> <span class='ocrx_word' id='word_1_811' title='bbox 2847 3056 3238 3126; x_wconf 81' lang='grc' dir='ltr'>ἐδουλεύσαμεν</span> <span class='ocrx_word' id='word_1_812' title='bbox 3258 3057 3335 3126; x_wconf 79' lang='grc' dir='ltr'>τῷ</span> <span class='ocrx_word' id='word_1_813' title='bbox 3356 3061 3616 3128; x_wconf 71' lang='grc' dir='ltr'>μαμωνᾷ·</span> 
     </span>
    </p>
   </div>
   <div class='ocr_carea' id='block_1_103' title="bbox 2053 3133 3626 3209">
    <p class='ocr_par' dir='ltr' id='par_1_103' title="bbox 2053 3133 3626 3209">
     <span class='ocr_line' id='line_1_103' title="bbox 2053 3133 3626 3209; baseline 0.005 -24"><span class='ocrx_word' id='word_1_814' title='bbox 2053 3133 2299 3204; x_wconf 77' lang='grc' dir='ltr'>ῥίψωμεν</span> <span class='ocrx_word' id='word_1_815' title='bbox 2329 3134 2491 3187; x_wconf 89' lang='grc' dir='ltr'>αὐτοῦ</span> <span class='ocrx_word' id='word_1_816' title='bbox 2518 3134 2775 3200; x_wconf 75' lang='grc' dir='ltr'>καθάπαξ</span> <span class='ocrx_word' id='word_1_817' title='bbox 2791 3135 2883 3188; x_wconf 81' lang='grc' dir='ltr'>τὸν</span> <span class='ocrx_word' id='word_1_818' title='bbox 2908 3135 3093 3203; x_wconf 76' lang='grc' dir='ltr'>ζυγὸν,</span> <span class='ocrx_word' id='word_1_819' title='bbox 3119 3137 3208 3190; x_wconf 80' lang='grc' dir='ltr'>τὸν</span> <span class='ocrx_word' id='word_1_820' title='bbox 3234 3138 3504 3209; x_wconf 83' lang='grc' dir='ltr'>ἀφόρητον</span> <span class='ocrx_word' id='word_1_821' title='bbox 3531 3141 3626 3193; x_wconf 72' lang='grc' dir='ltr'>καὶ</span> 
     </span>
    </p>
   </div>
   <div class='ocr_carea' id='block_1_104' title="bbox 2049 3214 3623 3292">
    <p class='ocr_par' dir='ltr' id='par_1_104' title="bbox 2049 3214 3623 3292">
     <span class='ocr_line' id='line_1_104' title="bbox 2049 3214 3623 3292; baseline 0.005 -24"><span class='ocrx_word' id='word_1_822' title='bbox 2049 3215 2144 3269; x_wconf 81' lang='grc' dir='ltr'>τὸν</span> <span class='ocrx_word' id='word_1_823' title='bbox 2176 3214 2365 3287; x_wconf 80' lang='grc' dir='ltr'>βαρὺν,</span> <span class='ocrx_word' id='word_1_824' title='bbox 2395 3217 2486 3269; x_wconf 78' lang='grc' dir='ltr'>καὶ</span> <span class='ocrx_word' id='word_1_825' title='bbox 2534 3216 2788 3287; x_wconf 80' lang='grc' dir='ltr'>μένωμεν</span> <span class='ocrx_word' id='word_1_826' title='bbox 2825 3216 3081 3289; x_wconf 85' lang='grc' dir='ltr'>φέροντες</span> <span class='ocrx_word' id='word_1_827' title='bbox 3111 3217 3201 3273; x_wconf 78' lang='grc' dir='ltr'>τὸν</span> <span class='ocrx_word' id='word_1_828' title='bbox 3233 3219 3326 3273; x_wconf 87' lang='grc' dir='ltr'>τοῦ</span> <span class='ocrx_word' id='word_1_829' title='bbox 3366 3221 3623 3292; x_wconf 86' lang='grc' dir='ltr'>Χριστοῦ,</span> 
     </span>
    </p>
   </div>
   <div class='ocr_carea' id='block_1_105' title="bbox 2047 3297 3627 3374">
    <p class='ocr_par' dir='ltr' id='par_1_105' title="bbox 2047 3297 3627 3374">
     <span class='ocr_line' id='line_1_105' title="bbox 2047 3297 3627 3374; baseline 0.005 -23"><span class='ocrx_word' id='word_1_830' title='bbox 2047 3297 2140 3351; x_wconf 82' lang='grc' dir='ltr'>τὸν</span> <span class='ocrx_word' id='word_1_831' title='bbox 2170 3298 2368 3368; x_wconf 85' lang='grc' dir='ltr'>κοῦφον</span> <span class='ocrx_word' id='word_1_832' title='bbox 2402 3299 2493 3354; x_wconf 82' lang='grc' dir='ltr'>καὶ</span> <span class='ocrx_word' id='word_1_833' title='bbox 2531 3301 2770 3371; x_wconf 55' lang='grc' dir='ltr'>ῥᾷστον</span> <span class='ocrx_word' id='word_1_834' title='bbox 2807 3301 2955 3355; x_wconf 89' lang='grc' dir='ltr'>οὐδὲν</span> <span class='ocrx_word' id='word_1_835' title='bbox 2992 3303 3100 3374; x_wconf 81' lang='grc' dir='ltr'>γὰρ</span> <span class='ocrx_word' id='word_1_836' title='bbox 3136 3303 3413 3358; x_wconf 83' lang='grc' dir='ltr'>ἐπιτάττει</span> <span class='ocrx_word' id='word_1_837' title='bbox 3454 3304 3627 3359; x_wconf 83' lang='grc' dir='ltr'>τοιοῦ-</span> 
     </span>
    </p>
   </div>
   <div class='ocr_carea' id='block_1_106' title="bbox 2044 3376 3627 3460">
    <p class='ocr_par' dir='ltr' id='par_1_106' title="bbox 2044 3376 3627 3460">
     <span class='ocr_line' id='line_1_106' title="bbox 2044 3376 3627 3460; baseline 0.005 -27"><span class='ocrx_word' id='word_1_838' title='bbox 2044 3397 2137 3434; x_wconf 89' lang='grc' dir='ltr'>τον</span> <span class='ocrx_word' id='word_1_839' title='bbox 2187 3382 2316 3453; x_wconf 76' lang='grc' dir='ltr'>ἡμῖν</span> <span class='ocrx_word' id='word_1_840' title='bbox 2359 3376 2468 3436; x_wconf 71' lang='grc' dir='ltr'>οἷον</span> <span class='ocrx_word' id='word_1_841' title='bbox 2501 3383 2530 3435; x_wconf 86' lang='grc' dir='ltr'><strong><em>ὁ</em></strong></span> <span class='ocrx_word' id='word_1_842' title='bbox 2565 3384 2849 3453; x_wconf 79' lang='grc' dir='ltr'>μαμωνᾶς.</span> <span class='ocrx_word' id='word_1_843' title='bbox 2879 3380 3045 3449; x_wconf 77' lang='grc' dir='ltr'>οὗτος</span> <span class='ocrx_word' id='word_1_844' title='bbox 3088 3385 3190 3455; x_wconf 75' lang='grc' dir='ltr'>μὲν</span> <span class='ocrx_word' id='word_1_845' title='bbox 3238 3386 3345 3458; x_wconf 74' lang='grc' dir='ltr'>γάρ</span> <span class='ocrx_word' id='word_1_846' title='bbox 3394 3385 3627 3460; x_wconf 81' lang='grc' dir='ltr'>ἐχθροὺς</span> 
     </span>
    </p>
   </div>
   <div class='ocr_carea' id='block_1_107' title="bbox 2042 3461 3619 3538">
    <p class='ocr_par' dir='ltr' id='par_1_107' title="bbox 2042 3461 3619 3538">
     <span class='ocr_line' id='line_1_107' title="bbox 2042 3461 3619 3538; baseline 0.005 -22"><span class='ocrx_word' id='word_1_847' title='bbox 2042 3461 2254 3517; x_wconf 84' lang='grc' dir='ltr'>κελεύει</span> <span class='ocrx_word' id='word_1_848' title='bbox 2314 3465 2446 3518; x_wconf 80' lang='grc' dir='ltr'>πάσι</span> <span class='ocrx_word' id='word_1_849' title='bbox 2490 3464 2766 3533; x_wconf 73' lang='grc' dir='ltr'>γίνεσθαιο</span> <span class='ocrx_word' id='word_1_850' title='bbox 2814 3466 2843 3519; x_wconf 88' lang='grc' dir='ltr'>ό</span> <span class='ocrx_word' id='word_1_851' title='bbox 2897 3465 2954 3519; x_wconf 85' lang='grc' dir='ltr'>δὲ</span> <span class='ocrx_word' id='word_1_852' title='bbox 2998 3466 3234 3538; x_wconf 78' lang='grc' dir='ltr'>Χριστὸς</span> <span class='ocrx_word' id='word_1_853' title='bbox 3289 3470 3619 3534; x_wconf 83' lang='grc' dir='ltr'>τούναντίον,</span> 
     </span>
    </p>
   </div>
   <div class='ocr_carea' id='block_1_108' title="bbox 2042 3546 3621 3626">
    <p class='ocr_par' dir='ltr' id='par_1_108' title="bbox 2042 3546 3621 3626">
     <span class='ocr_line' id='line_1_108' title="bbox 2042 3546 3621 3626; baseline 0.005 -26"><span class='ocrx_word' id='word_1_854' title='bbox 2042 3546 2288 3611; x_wconf 70' lang='grc' dir='ltr'>ἅπαντας</span> <span class='ocrx_word' id='word_1_855' title='bbox 2322 3547 2659 3613; x_wconf 79' lang='grc' dir='ltr'>ἀσπάζεσθαι</span> <span class='ocrx_word' id='word_1_856' title='bbox 2703 3547 2799 3601; x_wconf 74' lang='grc' dir='ltr'>καὶ</span> <span class='ocrx_word' id='word_1_857' title='bbox 2845 3548 3038 3617; x_wconf 88' lang='grc' dir='ltr'>φιλεῖν.</span> <span class='ocrx_word' id='word_1_858' title='bbox 3058 3550 3294 3616; x_wconf 82' lang='grc' dir='ltr'>Ἐκεῖνος</span> <span class='ocrx_word' id='word_1_859' title='bbox 3338 3551 3418 3624; x_wconf 80' lang='grc' dir='ltr'>τῷ</span> <span class='ocrx_word' id='word_1_860' title='bbox 3465 3552 3621 3626; x_wconf 87' lang='grc' dir='ltr'>πηλῷ</span> 
     </span>
    </p>
   </div>
   <div class='ocr_carea' id='block_1_109' title="bbox 2040 3629 3621 3708">
    <p class='ocr_par' dir='ltr' id='par_1_109' title="bbox 2040 3629 3621 3708">
     <span class='ocr_line' id='line_1_109' title="bbox 2040 3629 3621 3708; baseline 0.006 -26"><span class='ocrx_word' id='word_1_861' title='bbox 2040 3629 2136 3683; x_wconf 82' lang='grc' dir='ltr'>καὶ</span> <span class='ocrx_word' id='word_1_862' title='bbox 2162 3633 2228 3703; x_wconf 85' lang='grc' dir='ltr'>τῇ</span> <span class='ocrx_word' id='word_1_863' title='bbox 2256 3629 2501 3702; x_wconf 81' lang='grc' dir='ltr'>πλινθείᾳ</span> <span class='ocrx_word' id='word_1_864' title='bbox 2530 3630 2889 3702; x_wconf 79' lang='grc' dir='ltr'>προσηλώσας</span> <span class='ocrx_word' id='word_1_865' title='bbox 2912 3631 3088 3705; x_wconf 88' lang='grc' dir='ltr'>(τοῦτο</span> <span class='ocrx_word' id='word_1_866' title='bbox 3119 3633 3227 3706; x_wconf 90' lang='grc' dir='ltr'>γάρ</span> <span class='ocrx_word' id='word_1_867' title='bbox 3252 3635 3403 3689; x_wconf 85' lang='grc' dir='ltr'>ἐστιν</span> <span class='ocrx_word' id='word_1_868' title='bbox 3432 3637 3462 3690; x_wconf 90' lang='lat'>6</span> <span class='ocrx_word' id='word_1_869' title='bbox 3489 3654 3621 3708; x_wconf 69' lang='grc' dir='ltr'>χρυο</span> 
     </span>
    </p>
   </div>
   <div class='ocr_carea' id='block_1_110' title="bbox 2043 3714 3619 3792">
    <p class='ocr_par' dir='ltr' id='par_1_110' title="bbox 2043 3714 3619 3792">
     <span class='ocr_line' id='line_1_110' title="bbox 2043 3714 3619 3792; baseline 0.003 -23"><span class='ocrx_word' id='word_1_870' title='bbox 2043 3714 2194 3782; x_wconf 81' lang='grc' dir='ltr'>σὸς),</span> <span class='ocrx_word' id='word_1_871' title='bbox 2227 3715 2348 3769; x_wconf 84' lang='grc' dir='ltr'>οὐδέ</span> <span class='ocrx_word' id='word_1_872' title='bbox 2375 3715 2473 3778; x_wconf 74' lang='grc' dir='ltr'>τὰς</span> <span class='ocrx_word' id='word_1_873' title='bbox 2500 3714 2701 3778; x_wconf 86' lang='grc' dir='ltr'>νύκτας</span> <span class='ocrx_word' id='word_1_874' title='bbox 2742 3716 2965 3786; x_wconf 84' lang='grc' dir='ltr'>ἀφίησιν</span> <span class='ocrx_word' id='word_1_875' title='bbox 3010 3716 3343 3772; x_wconf 86' lang='grc' dir='ltr'>ἀναπνεῦσαι</span> <span class='ocrx_word' id='word_1_876' title='bbox 3385 3719 3580 3792; x_wconf 84' lang='grc' dir='ltr'>μικρόν</span> <span class='ocrx_word' id='word_1_877' title='bbox 3600 3734 3619 3753; x_wconf 71' lang='grc' dir='ltr'><strong>θ</strong></span> 
     </span>
    </p>
   </div>
   <div class='ocr_carea' id='block_1_111' title="bbox 2039 3793 3620 3875">
    <p class='ocr_par' dir='ltr' id='par_1_111' title="bbox 2039 3793 3620 3875">
     <span class='ocr_line' id='line_1_111' title="bbox 2039 3793 3620 3875; baseline 0.003 -22"><span class='ocrx_word' id='word_1_878' title='bbox 2039 3793 2191 3860; x_wconf 73' lang='grc' dir='ltr'>οὗτος</span> <span class='ocrx_word' id='word_1_879' title='bbox 2217 3801 2316 3870; x_wconf 81' lang='grc' dir='ltr'>τῆς</span> <span class='ocrx_word' id='word_1_880' title='bbox 2348 3798 2447 3869; x_wconf 81' lang='grc' dir='ltr'>μέν</span> <span class='ocrx_word' id='word_1_881' title='bbox 2471 3799 2731 3870; x_wconf 81' lang='grc' dir='ltr'>περιττῆς</span> <span class='ocrx_word' id='word_1_882' title='bbox 2750 3798 2954 3870; x_wconf 88' lang='grc' dir='ltr'>ταύτης</span> <span class='ocrx_word' id='word_1_883' title='bbox 2978 3799 3071 3853; x_wconf 80' lang='grc' dir='ltr'>καὶ</span> <span class='ocrx_word' id='word_1_884' title='bbox 3091 3800 3319 3874; x_wconf 82' lang='grc' dir='ltr'>ἀνοήτου</span> <span class='ocrx_word' id='word_1_885' title='bbox 3341 3802 3620 3875; x_wconf 87' lang='grc' dir='ltr'>φροντίδος</span> 
     </span>
    </p>
   </div>
   <div class='ocr_carea' id='block_1_112' title="bbox 2039 3882 3619 3957">
    <p class='ocr_par' dir='ltr' id='par_1_112' title="bbox 2039 3882 3619 3957">
     <span class='ocr_line' id='line_1_112' title="bbox 2039 3882 3619 3957; baseline 0.001 -19"><span class='ocrx_word' id='word_1_886' title='bbox 2039 3882 2372 3938; x_wconf 87' lang='grc' dir='ltr'>ἀπαλλάττει</span> <span class='ocrx_word' id='word_1_887' title='bbox 2393 3883 2439 3947; x_wconf 74' lang='grc' dir='ltr'>τ,</span> <span class='ocrx_word' id='word_1_888' title='bbox 2464 3882 2676 3938; x_wconf 88' lang='grc' dir='ltr'>κελεύει</span> <span class='ocrx_word' id='word_1_889' title='bbox 2707 3882 2765 3936; x_wconf 86' lang='grc' dir='ltr'>δέ</span> <span class='ocrx_word' id='word_1_890' title='bbox 2799 3884 3055 3952; x_wconf 86' lang='grc' dir='ltr'>συνάγειν</span> <span class='ocrx_word' id='word_1_891' title='bbox 3081 3885 3205 3946; x_wconf 86' lang='grc' dir='ltr'>τούς</span> <span class='ocrx_word' id='word_1_892' title='bbox 3234 3885 3541 3957; x_wconf 75' lang='grc' dir='ltr'>θησαυροὺς</span> <span class='ocrx_word' id='word_1_893' title='bbox 3562 3887 3619 3940; x_wconf 87' lang='grc' dir='ltr'>ἐν</span> 
     </span>
    </p>
   </div>
   <div class='ocr_carea' id='block_1_113' title="bbox 2039 3964 3627 4037">
    <p class='ocr_par' dir='ltr' id='par_1_113' title="bbox 2039 3964 3627 4037">
     <span class='ocr_line' id='line_1_113' title="bbox 2039 3964 3627 4037; baseline 0.002 -19"><span class='ocrx_word' id='word_1_894' title='bbox 2039 3968 2152 4029; x_wconf 88' lang='grc' dir='ltr'>τοῖς</span> <span class='ocrx_word' id='word_1_895' title='bbox 2182 3966 2453 4037; x_wconf 88' lang='grc' dir='ltr'>οὐρανοῖς,</span> <span class='ocrx_word' id='word_1_896' title='bbox 2479 3965 2579 4019; x_wconf 90' lang='grc' dir='ltr'>οὐκ</span> <span class='ocrx_word' id='word_1_897' title='bbox 2624 3968 2688 4019; x_wconf 84' lang='grc' dir='ltr'>ἐκ</span> <span class='ocrx_word' id='word_1_898' title='bbox 2721 3965 2821 4036; x_wconf 82' lang='grc' dir='ltr'>τῆς</span> <span class='ocrx_word' id='word_1_899' title='bbox 2850 3967 2932 4031; x_wconf 83' lang='grc' dir='ltr'>είς</span> <span class='ocrx_word' id='word_1_900' title='bbox 2977 3964 3197 4037; x_wconf 83' lang='grc' dir='ltr'>ἐτέρους</span> <span class='ocrx_word' id='word_1_901' title='bbox 3246 3967 3478 4032; x_wconf 87' lang='grc' dir='ltr'>ἀδικίας,</span> <span class='ocrx_word' id='word_1_902' title='bbox 3504 3969 3627 4022; x_wconf 74' lang='grc' dir='ltr'>ἀλλ’</span> 
     </span>
    </p>
   </div>
   <div class='ocr_carea' id='block_1_114' title="bbox 2042 4048 3625 4121">
    <p class='ocr_par' dir='ltr' id='par_1_114' title="bbox 2042 4048 3625 4121">
     <span class='ocr_line' id='line_1_114' title="bbox 2042 4048 3625 4121; baseline 0 -18"><span class='ocrx_word' id='word_1_903' title='bbox 2042 4049 2107 4103; x_wconf 86' lang='grc' dir='ltr'>ἐκ</span> <span class='ocrx_word' id='word_1_904' title='bbox 2134 4049 2237 4121; x_wconf 83' lang='grc' dir='ltr'>τῆς</span> <span class='ocrx_word' id='word_1_905' title='bbox 2260 4050 2468 4113; x_wconf 90' lang='grc' dir='ltr'>οίκείας</span> <span class='ocrx_word' id='word_1_906' title='bbox 2493 4048 2856 4120; x_wconf 87' lang='grc' dir='ltr'>δικαιοσύνης.</span> <span class='ocrx_word' id='word_1_907' title='bbox 2873 4050 3109 4113; x_wconf 80' lang='grc' dir='ltr'>Ἐκεῖνος</span> <span class='ocrx_word' id='word_1_908' title='bbox 3156 4048 3295 4118; x_wconf 80' lang='grc' dir='ltr'>μετὰ</span> <span class='ocrx_word' id='word_1_909' title='bbox 3335 4050 3462 4113; x_wconf 81' lang='grc' dir='ltr'>τοὺς</span> <span class='ocrx_word' id='word_1_910' title='bbox 3488 4050 3625 4103; x_wconf 88' lang='grc' dir='ltr'>πολ-</span> 
     </span>
    </p>
   </div>
   <div class='ocr_carea' id='block_1_115' title="bbox 2042 4131 3624 4206">
    <p class='ocr_par' dir='ltr' id='par_1_115' title="bbox 2042 4131 3624 4206">
     <span class='ocr_line' id='line_1_115' title="bbox 2042 4131 3624 4206; baseline -0.001 -17"><span class='ocrx_word' id='word_1_911' title='bbox 2042 4135 2167 4200; x_wconf 81' lang='grc' dir='ltr'>λοὺς</span> <span class='ocrx_word' id='word_1_912' title='bbox 2197 4133 2431 4206; x_wconf 76' lang='grc' dir='ltr'>ἱδρῶτας</span> <span class='ocrx_word' id='word_1_913' title='bbox 2463 4133 2559 4187; x_wconf 79' lang='grc' dir='ltr'>καὶ</span> <span class='ocrx_word' id='word_1_914' title='bbox 2590 4132 2689 4196; x_wconf 84' lang='grc' dir='ltr'>τὰς</span> <span class='ocrx_word' id='word_1_915' title='bbox 2715 4133 3092 4205; x_wconf 84' lang='grc' dir='ltr'>ταλαιπωρίας</span> <span class='ocrx_word' id='word_1_916' title='bbox 3118 4131 3241 4188; x_wconf 79' lang='grc' dir='ltr'>οὐτε</span> <span class='ocrx_word' id='word_1_917' title='bbox 3272 4132 3496 4187; x_wconf 88' lang='grc' dir='ltr'>δύναται</span> <span class='ocrx_word' id='word_1_918' title='bbox 3521 4152 3624 4188; x_wconf 86' lang='grc' dir='ltr'>πα-</span> 
     </span>
    </p>
   </div>
   <div class='ocr_carea' id='block_1_116' title="bbox 2047 4216 3621 4289">
    <p class='ocr_par' dir='ltr' id='par_1_116' title="bbox 2047 4216 3621 4289">
     <span class='ocr_line' id='line_1_116' title="bbox 2047 4216 3621 4289; baseline 0 -17"><span class='ocrx_word' id='word_1_919' title='bbox 2047 4221 2308 4289; x_wconf 81' lang='grc' dir='ltr'>ραστῆναι</span> <span class='ocrx_word' id='word_1_920' title='bbox 2329 4216 2713 4289; x_wconf 76' lang='grc' dir='ltr'>κολαζομένοις</span> <span class='ocrx_word' id='word_1_921' title='bbox 2736 4218 2869 4288; x_wconf 79' lang='grc' dir='ltr'>ἡμῖν</span> <span class='ocrx_word' id='word_1_922' title='bbox 2893 4217 3012 4269; x_wconf 84' lang='grc' dir='ltr'>ἐκεῖ</span> <span class='ocrx_word' id='word_1_923' title='bbox 3035 4217 3129 4271; x_wconf 78' lang='grc' dir='ltr'>καὶ</span> <span class='ocrx_word' id='word_1_924' title='bbox 3148 4216 3333 4280; x_wconf 88' lang='grc' dir='ltr'>κακῶς</span> <span class='ocrx_word' id='word_1_925' title='bbox 3354 4216 3621 4288; x_wconf 83' lang='grc' dir='ltr'>πάσχουσι</span> 
     </span>
    </p>
   </div>
   <div class='ocr_carea' id='block_1_117' title="bbox 2043 4299 3619 4374">
    <p class='ocr_par' dir='ltr' id='par_1_117' title="bbox 2043 4299 3619 4374">
     <span class='ocr_line' id='line_1_117' title="bbox 2043 4299 3619 4374; baseline 0.001 -19"><span class='ocrx_word' id='word_1_926' title='bbox 2043 4301 2132 4356; x_wconf 89' lang='grc' dir='ltr'>διά</span> <span class='ocrx_word' id='word_1_927' title='bbox 2161 4302 2288 4364; x_wconf 79' lang='grc' dir='ltr'>τούς</span> <span class='ocrx_word' id='word_1_928' title='bbox 2333 4300 2498 4355; x_wconf 84' lang='grc' dir='ltr'>αὐτοῦ</span> <span class='ocrx_word' id='word_1_929' title='bbox 2541 4299 2760 4372; x_wconf 88' lang='grc' dir='ltr'>νόμους,</span> <span class='ocrx_word' id='word_1_930' title='bbox 2792 4299 2887 4353; x_wconf 79' lang='grc' dir='ltr'>καὶ</span> <span class='ocrx_word' id='word_1_931' title='bbox 2931 4300 3232 4355; x_wconf 68' lang='grc' dir='ltr'>ἐπιτείνεικ</span> <span class='ocrx_word' id='word_1_932' title='bbox 3272 4300 3371 4374; x_wconf 82' lang='grc' dir='ltr'>τὴν</span> <span class='ocrx_word' id='word_1_933' title='bbox 3413 4300 3619 4372; x_wconf 77' lang='grc' dir='ltr'>φλόγαο</span> 
     </span>
    </p>
   </div>
   <div class='ocr_carea' id='block_1_118' title="bbox 2045 4379 3618 4459">
    <p class='ocr_par' dir='ltr' id='par_1_118' title="bbox 2045 4379 3618 4459">
     <span class='ocr_line' id='line_1_118' title="bbox 2045 4379 3618 4459; baseline 0.002 -21"><span class='ocrx_word' id='word_1_934' title='bbox 2045 4379 2201 4445; x_wconf 73' lang='grc' dir='ltr'>οὗτος</span> <span class='ocrx_word' id='word_1_935' title='bbox 2227 4383 2285 4438; x_wconf 80' lang='grc' dir='ltr'>δὲ</span> <span class='ocrx_word' id='word_1_936' title='bbox 2311 4383 2411 4438; x_wconf 82' lang='grc' dir='ltr'>κᾶν</span> <span class='ocrx_word' id='word_1_937' title='bbox 2443 4384 2701 4457; x_wconf 84' lang='grc' dir='ltr'>ποτήριον</span> <span class='ocrx_word' id='word_1_938' title='bbox 2732 4385 2866 4455; x_wconf 80' lang='grc' dir='ltr'>ἡμῖν</span> <span class='ocrx_word' id='word_1_939' title='bbox 2891 4383 3122 4458; x_wconf 78' lang='grc' dir='ltr'>ἐπιτάξῃ</span> <span class='ocrx_word' id='word_1_940' title='bbox 3160 4384 3343 4441; x_wconf 86' lang='grc' dir='ltr'>δοῦναι</span> <span class='ocrx_word' id='word_1_941' title='bbox 3387 4385 3618 4459; x_wconf 78' lang='grc' dir='ltr'>ψυχροῦ,</span> 
     </span>
    </p>
   </div>
   <div class='ocr_carea' id='block_1_119' title="bbox 2044 4466 3622 4543">
    <p class='ocr_par' dir='ltr' id='par_1_119' title="bbox 2044 4466 3622 4543">
     <span class='ocr_line' id='line_1_119' title="bbox 2044 4466 3622 4543; baseline 0 -19"><span class='ocrx_word' id='word_1_942' title='bbox 2044 4469 2168 4524; x_wconf 74' lang='grc' dir='ltr'>οὐδὲ</span> <span class='ocrx_word' id='word_1_943' title='bbox 2195 4467 2385 4522; x_wconf 88' lang='grc' dir='ltr'>τούτου</span> <span class='ocrx_word' id='word_1_944' title='bbox 2407 4468 2500 4523; x_wconf 84' lang='grc' dir='ltr'>τδν</span> <span class='ocrx_word' id='word_1_945' title='bbox 2521 4467 2712 4540; x_wconf 80' lang='grc' dir='ltr'>μισθὸν</span> <span class='ocrx_word' id='word_1_946' title='bbox 2739 4468 2831 4523; x_wconf 79' lang='grc' dir='ltr'>καὶ</span> <span class='ocrx_word' id='word_1_947' title='bbox 2852 4466 2950 4540; x_wconf 76' lang='grc' dir='ltr'>τὴν</span> <span class='ocrx_word' id='word_1_948' title='bbox 2972 4468 3206 4542; x_wconf 82' lang='grc' dir='ltr'>ἀμοιϐὴν</span> <span class='ocrx_word' id='word_1_949' title='bbox 3230 4469 3454 4541; x_wconf 82' lang='grc' dir='ltr'>ἀφίησιν</span> <span class='ocrx_word' id='word_1_950' title='bbox 3471 4473 3622 4543; x_wconf 76' lang='grc' dir='ltr'>ἡμᾶς</span> 
     </span>
    </p>
   </div>
   <div class='ocr_carea' id='block_1_120' title="bbox 2047 4550 3623 4624">
    <p class='ocr_par' dir='ltr' id='par_1_120' title="bbox 2047 4550 3623 4624">
     <span class='ocr_line' id='line_1_120' title="bbox 2047 4550 3623 4624; baseline 0.001 -18"><span class='ocrx_word' id='word_1_951' title='bbox 2047 4551 2310 4606; x_wconf 81' lang='grc' dir='ltr'>ἀπολέσαι</span> <span class='ocrx_word' id='word_1_952' title='bbox 2334 4551 2485 4617; x_wconf 86' lang='grc' dir='ltr'>ποτὲ,</span> <span class='ocrx_word' id='word_1_953' title='bbox 2520 4551 2655 4605; x_wconf 88' lang='grc' dir='ltr'>ἀλλά</span> <span class='ocrx_word' id='word_1_954' title='bbox 2683 4551 2822 4623; x_wconf 88' lang='grc' dir='ltr'>μετά</span> <span class='ocrx_word' id='word_1_955' title='bbox 2850 4550 3048 4622; x_wconf 83' lang='grc' dir='ltr'>πολλῆς</span> <span class='ocrx_word' id='word_1_956' title='bbox 3074 4552 3377 4606; x_wconf 86' lang='grc' dir='ltr'>ἀντιδίδωσι</span> <span class='ocrx_word' id='word_1_957' title='bbox 3402 4554 3502 4624; x_wconf 83' lang='grc' dir='ltr'>τῆς</span> <span class='ocrx_word' id='word_1_958' title='bbox 3531 4555 3623 4609; x_wconf 86' lang='grc' dir='ltr'>δα-</span> 
     </span>
    </p>
   </div>
   <div class='ocr_carea' id='block_1_121' title="bbox 2044 4632 3623 4707">
    <p class='ocr_par' dir='ltr' id='par_1_121' title="bbox 2044 4632 3623 4707">
     <span class='ocr_line' id='line_1_121' title="bbox 2044 4632 3623 4707; baseline 0.001 -19"><span class='ocrx_word' id='word_1_959' title='bbox 2044 4634 2279 4705; x_wconf 79' lang='grc' dir='ltr'>ψιλείας.</span> <span class='ocrx_word' id='word_1_960' title='bbox 2328 4635 2452 4700; x_wconf 86' lang='grc' dir='ltr'>Πῶς</span> <span class='ocrx_word' id='word_1_961' title='bbox 2495 4632 2587 4690; x_wconf 81' lang='grc' dir='ltr'>οῦν</span> <span class='ocrx_word' id='word_1_962' title='bbox 2637 4635 2736 4689; x_wconf 89' lang='grc' dir='ltr'>οὐκ</span> <span class='ocrx_word' id='word_1_963' title='bbox 2780 4633 3015 4706; x_wconf 84' lang='grc' dir='ltr'>ἐσχάτης</span> <span class='ocrx_word' id='word_1_964' title='bbox 3069 4633 3255 4697; x_wconf 89' lang='grc' dir='ltr'>ἀνοίας</span> <span class='ocrx_word' id='word_1_965' title='bbox 3278 4674 3293 4697; x_wconf 95' lang='grc'>,</span> <span class='ocrx_word' id='word_1_966' title='bbox 3324 4635 3435 4707; x_wconf 53' lang='grc' dir='ltr'>τῆς</span> <span class='ocrx_word' id='word_1_967' title='bbox 3480 4634 3623 4690; x_wconf 81' lang='grc' dir='ltr'>οὐτω</span> 
     </span>
    </p>
   </div>
   <div class='ocr_carea' id='block_1_122' title="bbox 2048 4714 3622 4791">
    <p class='ocr_par' dir='ltr' id='par_1_122' title="bbox 2048 4714 3622 4791">
     <span class='ocr_line' id='line_1_122' title="bbox 2048 4714 3622 4791; baseline 0 -19"><span class='ocrx_word' id='word_1_968' title='bbox 2048 4718 2348 4791; x_wconf 87' lang='grc' dir='ltr'>προσηνοῦς</span> <span class='ocrx_word' id='word_1_969' title='bbox 2374 4716 2688 4781; x_wconf 87' lang='grc' dir='ltr'>δεσποτείας</span> <span class='ocrx_word' id='word_1_970' title='bbox 2708 4717 2802 4771; x_wconf 70' lang='grc' dir='ltr'>καὶ</span> <span class='ocrx_word' id='word_1_971' title='bbox 2819 4715 3088 4770; x_wconf 88' lang='grc' dir='ltr'>τοσούτων</span> <span class='ocrx_word' id='word_1_972' title='bbox 3106 4714 3381 4788; x_wconf 87' lang='grc' dir='ltr'>γεμούσης</span> <span class='ocrx_word' id='word_1_973' title='bbox 3403 4717 3622 4787; x_wconf 84' lang='grc' dir='ltr'>ἀγαθῶν</span> 
     </span>
    </p>
   </div>
   <div class='ocr_carea' id='block_1_123' title="bbox 2045 4796 3623 4871">
    <p class='ocr_par' dir='ltr' id='par_1_123' title="bbox 2045 4796 3623 4871">
     <span class='ocr_line' id='line_1_123' title="bbox 2045 4796 3623 4871; baseline -0.002 -16"><span class='ocrx_word' id='word_1_974' title='bbox 2045 4799 2397 4871; x_wconf 85' lang='grc' dir='ltr'>ἀμελοῦντας,</span> <span class='ocrx_word' id='word_1_975' title='bbox 2436 4799 2716 4871; x_wconf 81' lang='grc' dir='ltr'>ἀχαρίστῳ</span> <span class='ocrx_word' id='word_1_976' title='bbox 2757 4799 2853 4853; x_wconf 77' lang='grc' dir='ltr'>καὶ</span> <span class='ocrx_word' id='word_1_977' title='bbox 2896 4796 3171 4870; x_wconf 84' lang='grc' dir='ltr'>ἀγνώμονι</span> <span class='ocrx_word' id='word_1_978' title='bbox 3214 4797 3484 4853; x_wconf 84' lang='grc' dir='ltr'>δουλεύειν</span> <span class='ocrx_word' id='word_1_979' title='bbox 3531 4817 3623 4852; x_wconf 75' lang='grc' dir='ltr'>τυο</span> 
     </span>
    </p>
   </div>
   <div class='ocr_carea' id='block_1_124' title="bbox 2050 4878 3621 4955">
    <p class='ocr_par' dir='ltr' id='par_1_124' title="bbox 2050 4878 3621 4955">
     <span class='ocr_line' id='line_1_124' title="bbox 2050 4878 3621 4955; baseline 0 -19"><span class='ocrx_word' id='word_1_980' title='bbox 2050 4883 2241 4955; x_wconf 83' lang='grc' dir='ltr'>ράννῳ,</span> <span class='ocrx_word' id='word_1_981' title='bbox 2270 4885 2365 4937; x_wconf 75' lang='grc' dir='ltr'>καὶ</span> <span class='ocrx_word' id='word_1_982' title='bbox 2390 4883 2543 4937; x_wconf 83' lang='grc' dir='ltr'>οὐδὲν</span> <span class='ocrx_word' id='word_1_983' title='bbox 2583 4882 2707 4936; x_wconf 81' lang='grc' dir='ltr'>οὐτε</span> <span class='ocrx_word' id='word_1_984' title='bbox 2742 4879 2999 4945; x_wconf 87' lang='grc' dir='ltr'>ἐνταῦθα,</span> <span class='ocrx_word' id='word_1_985' title='bbox 3029 4878 3153 4934; x_wconf 80' lang='grc' dir='ltr'>οὐτε</span> <span class='ocrx_word' id='word_1_986' title='bbox 3195 4883 3314 4936; x_wconf 90' lang='grc' dir='ltr'>ἐκεῖ</span> <span class='ocrx_word' id='word_1_987' title='bbox 3338 4883 3621 4955; x_wconf 77' lang='grc' dir='ltr'>δυναμένῳ</span> 
     </span>
    </p>
   </div>
   <div class='ocr_carea' id='block_1_125' title="bbox 2045 4962 3619 5037">
    <p class='ocr_par' dir='ltr' id='par_1_125' title="bbox 2045 4962 3619 5037">
     <span class='ocr_line' id='line_1_125' title="bbox 2045 4962 3619 5037; baseline 0 -19"><span class='ocrx_word' id='word_1_988' title='bbox 2045 4967 2170 5029; x_wconf 78' lang='grc' dir='ltr'>τούς</span> <span class='ocrx_word' id='word_1_989' title='bbox 2206 4965 2558 5036; x_wconf 87' lang='grc' dir='ltr'>πειθομένους</span> <span class='ocrx_word' id='word_1_990' title='bbox 2589 4963 2738 5037; x_wconf 81' lang='grc' dir='ltr'>αὐτῷ</span> <span class='ocrx_word' id='word_1_991' title='bbox 2786 4966 2883 5019; x_wconf 74' lang='grc' dir='ltr'>καὶ</span> <span class='ocrx_word' id='word_1_992' title='bbox 2921 4962 3325 5036; x_wconf 83' lang='grc' dir='ltr'>προσέχονταςιι</span> <span class='ocrx_word' id='word_1_993' title='bbox 3351 4965 3619 5036; x_wconf 82' lang='grc' dir='ltr'>ὠφελείν;</span> 
     </span>
    </p>
   </div>
   <div class='ocr_carea' id='block_1_126' title="bbox 2047 5046 3623 5121">
    <p class='ocr_par' dir='ltr' id='par_1_126' title="bbox 2047 5046 3623 5121">
     <span class='ocr_line' id='line_1_126' title="bbox 2047 5046 3623 5121; baseline -0.001 -18"><span class='ocrx_word' id='word_1_994' title='bbox 2047 5048 2158 5103; x_wconf 73' lang='grc' dir='ltr'>Καὶ</span> <span class='ocrx_word' id='word_1_995' title='bbox 2183 5049 2245 5102; x_wconf 88' lang='grc' dir='ltr'>οὐ</span> <span class='ocrx_word' id='word_1_996' title='bbox 2269 5048 2428 5103; x_wconf 89' lang='grc' dir='ltr'>τοῦτο</span> <span class='ocrx_word' id='word_1_997' title='bbox 2450 5049 2610 5120; x_wconf 87' lang='grc' dir='ltr'>μόνον</span> <span class='ocrx_word' id='word_1_998' title='bbox 2636 5048 2754 5102; x_wconf 72' lang='grc' dir='ltr'>ἐστὶ</span> <span class='ocrx_word' id='word_1_999' title='bbox 2780 5048 2841 5101; x_wconf 78' lang='grc' dir='ltr'>τὸ</span> <span class='ocrx_word' id='word_1_1000' title='bbox 2865 5047 3054 5113; x_wconf 80' lang='grc' dir='ltr'>δεινὸν,</span> <span class='ocrx_word' id='word_1_1001' title='bbox 3082 5047 3201 5102; x_wconf 74' lang='grc' dir='ltr'>οὐδὲ</span> <span class='ocrx_word' id='word_1_1002' title='bbox 3230 5046 3368 5121; x_wconf 78' lang='grc' dir='ltr'>αὐτη</span> <span class='ocrx_word' id='word_1_1003' title='bbox 3388 5051 3423 5119; x_wconf 74' lang='grc' dir='ltr'><strong>ἡ</strong></span> <span class='ocrx_word' id='word_1_1004' title='bbox 3448 5047 3623 5119; x_wconf 76' lang='grc' dir='ltr'>ζημία</span> 
     </span>
    </p>
   </div>
   <div class='ocr_carea' id='block_1_127' title="bbox 2049 5127 3623 5204">
    <p class='ocr_par' dir='ltr' id='par_1_127' title="bbox 2049 5127 3623 5204">
     <span class='ocr_line' id='line_1_127' title="bbox 2049 5127 3623 5204; baseline -0.002 -18"><span class='ocrx_word' id='word_1_1005' title='bbox 2049 5132 2228 5204; x_wconf 85' lang='grc' dir='ltr'>μόνον,</span> <span class='ocrx_word' id='word_1_1006' title='bbox 2261 5132 2344 5186; x_wconf 76' lang='grc' dir='ltr'>ὅτι</span> <span class='ocrx_word' id='word_1_1007' title='bbox 2393 5132 2494 5187; x_wconf 87' lang='grc' dir='ltr'>οὐκ</span> <span class='ocrx_word' id='word_1_1008' title='bbox 2529 5131 2725 5204; x_wconf 89' lang='grc' dir='ltr'>ἀμύνει</span> <span class='ocrx_word' id='word_1_1009' title='bbox 2755 5127 3135 5203; x_wconf 78' lang='grc' dir='ltr'>κολαζομένοις</span> <span class='ocrx_word' id='word_1_1010' title='bbox 3155 5149 3170 5163; x_wconf 73' lang='grc'><strong><em>⁸</em></strong></span> <span class='ocrx_word' id='word_1_1011' title='bbox 3216 5131 3332 5185; x_wconf 84' lang='grc' dir='ltr'>ἀλλ’</span> <span class='ocrx_word' id='word_1_1012' title='bbox 3356 5131 3439 5184; x_wconf 81' lang='grc' dir='ltr'>δτι</span> <span class='ocrx_word' id='word_1_1013' title='bbox 3485 5130 3623 5202; x_wconf 81' lang='grc' dir='ltr'>πρὸς</span> 
     </span>
    </p>
   </div>
   <div class='ocr_carea' id='block_1_128' title="bbox 2045 5211 3621 5288">
    <p class='ocr_par' dir='ltr' id='par_1_128' title="bbox 2045 5211 3621 5288">
     <span class='ocr_line' id='line_1_128' title="bbox 2045 5211 3621 5288; baseline -0.003 -19"><span class='ocrx_word' id='word_1_1014' title='bbox 2045 5215 2218 5288; x_wconf 83' lang='grc' dir='ltr'>τούτῳ</span> <span class='ocrx_word' id='word_1_1015' title='bbox 2261 5217 2355 5271; x_wconf 76' lang='grc' dir='ltr'>καὶ</span> <span class='ocrx_word' id='word_1_1016' title='bbox 2406 5215 2621 5288; x_wconf 89' lang='grc' dir='ltr'>μυρίοις</span> <span class='ocrx_word' id='word_1_1017' title='bbox 2671 5213 2984 5286; x_wconf 84' lang='grc' dir='ltr'>περιϐάλλει</span> <span class='ocrx_word' id='word_1_1018' title='bbox 3028 5216 3238 5280; x_wconf 86' lang='grc' dir='ltr'>κακοῖς,</span> <span class='ocrx_word' id='word_1_1019' title='bbox 3269 5213 3407 5285; x_wconf 80' lang='grc' dir='ltr'>ὅπερ</span> <span class='ocrx_word' id='word_1_1020' title='bbox 3452 5211 3621 5283; x_wconf 73' lang='grc' dir='ltr'>ἔφθην</span> 
     </span>
    </p>
   </div>
   <div class='ocr_carea' id='block_1_129' title="bbox 2046 5295 3622 5371">
    <p class='ocr_par' dir='ltr' id='par_1_129' title="bbox 2046 5295 3622 5371">
     <span class='ocr_line' id='line_1_129' title="bbox 2046 5295 3622 5371; baseline -0.001 -19"><span class='ocrx_word' id='word_1_1021' title='bbox 2046 5296 2235 5363; x_wconf 81' lang='grc' dir='ltr'>εἰπὼν,</span> <span class='ocrx_word' id='word_1_1022' title='bbox 2264 5298 2390 5362; x_wconf 80' lang='grc' dir='ltr'>τοὺς</span> <span class='ocrx_word' id='word_1_1023' title='bbox 2434 5296 2785 5368; x_wconf 87' lang='grc' dir='ltr'>πειθομένους</span> <span class='ocrx_word' id='word_1_1024' title='bbox 2826 5296 2994 5365; x_wconf 85' lang='grc' dir='ltr'>αὐτῷ.</span> <span class='ocrx_word' id='word_1_1025' title='bbox 3028 5296 3167 5359; x_wconf 84' lang='grc' dir='ltr'>Τούς</span> <span class='ocrx_word' id='word_1_1026' title='bbox 3210 5296 3320 5371; x_wconf 77' lang='grc' dir='ltr'>γὰρ</span> <span class='ocrx_word' id='word_1_1027' title='bbox 3371 5295 3622 5360; x_wconf 85' lang='grc' dir='ltr'>πλείονας</span> 
     </span>
    </p>
   </div>
   <div class='ocr_carea' id='block_1_130' title="bbox 2044 5378 3623 5450">
    <p class='ocr_par' dir='ltr' id='par_1_130' title="bbox 2044 5378 3623 5450">
     <span class='ocr_line' id='line_1_130' title="bbox 2044 5378 3623 5450; baseline -0.001 -17"><span class='ocrx_word' id='word_1_1028' title='bbox 2044 5381 2152 5434; x_wconf 89' lang='grc' dir='ltr'>τῶν</span> <span class='ocrx_word' id='word_1_1029' title='bbox 2190 5381 2307 5434; x_wconf 85' lang='grc' dir='ltr'>ἐκεῖ</span> <span class='ocrx_word' id='word_1_1030' title='bbox 2330 5379 2732 5449; x_wconf 73' lang='grc' dir='ltr'>κολαζομένων,</span> <span class='ocrx_word' id='word_1_1031' title='bbox 2768 5378 2877 5433; x_wconf 82' lang='grc' dir='ltr'>ἀπὸ</span> <span class='ocrx_word' id='word_1_1032' title='bbox 2899 5378 3104 5450; x_wconf 89' lang='grc' dir='ltr'>ταύτης</span> <span class='ocrx_word' id='word_1_1033' title='bbox 3135 5378 3232 5432; x_wconf 86' lang='grc' dir='ltr'>ίδοι</span> <span class='ocrx_word' id='word_1_1034' title='bbox 3257 5397 3340 5445; x_wconf 89' lang='grc' dir='ltr'>τις</span> <span class='ocrx_word' id='word_1_1035' title='bbox 3368 5379 3436 5434; x_wconf 83' lang='grc' dir='ltr'>ἂν</span> <span class='ocrx_word' id='word_1_1036' title='bbox 3462 5378 3623 5432; x_wconf 87' lang='grc' dir='ltr'>κολα-</span> 
     </span>
    </p>
   </div>
   <div class='ocr_carea' id='block_1_131' title="bbox 2046 5460 3633 5535">
    <p class='ocr_par' dir='ltr' id='par_1_131' title="bbox 2046 5460 3633 5535">
     <span class='ocr_line' id='line_1_131' title="bbox 2046 5460 3633 5535; baseline -0.003 -18"><span class='ocrx_word' id='word_1_1037' title='bbox 2046 5463 2307 5534; x_wconf 81' lang='grc' dir='ltr'>ζομένους</span> <span class='ocrx_word' id='word_1_1038' title='bbox 2332 5463 2431 5533; x_wconf 82' lang='grc' dir='ltr'>τῆς</span> <span class='ocrx_word' id='word_1_1039' title='bbox 2468 5462 2666 5528; x_wconf 83' lang='grc' dir='ltr'>αἰτίας,</span> <span class='ocrx_word' id='word_1_1040' title='bbox 2696 5463 2778 5515; x_wconf 86' lang='grc' dir='ltr'>ὅτι</span> <span class='ocrx_word' id='word_1_1041' title='bbox 2800 5463 3080 5535; x_wconf 82' lang='grc' dir='ltr'>χρήμασιν</span> <span class='ocrx_word' id='word_1_1042' title='bbox 3111 5462 3428 5516; x_wconf 87' lang='grc' dir='ltr'>ἐδούλευσαν</span> <span class='ocrx_word' id='word_1_1043' title='bbox 3450 5460 3633 5515; x_wconf 77' lang='grc' dir='ltr'>καὶτὸ</span> 
     </span>
    </p>
   </div>
   <div class='ocr_carea' id='block_1_132' title="bbox 2046 5545 3626 5619">
    <p class='ocr_par' dir='ltr' id='par_1_132' title="bbox 2046 5545 3626 5619">
     <span class='ocr_line' id='line_1_132' title="bbox 2046 5545 3626 5619; baseline -0.003 -18"><span class='ocrx_word' id='word_1_1044' title='bbox 2046 5547 2266 5619; x_wconf 87' lang='grc' dir='ltr'>χρυσίον</span> <span class='ocrx_word' id='word_1_1045' title='bbox 2288 5547 2602 5617; x_wconf 70' lang='grc' dir='ltr'>ἠγάπησαν,</span> <span class='ocrx_word' id='word_1_1046' title='bbox 2625 5545 2849 5610; x_wconf 73' lang='grc' dir='ltr'>καὶτοῖς</span> <span class='ocrx_word' id='word_1_1047' title='bbox 2873 5545 3145 5617; x_wconf 82' lang='grc' dir='ltr'>δεομένοις</span> <span class='ocrx_word' id='word_1_1048' title='bbox 3165 5546 3264 5598; x_wconf 81' lang='grc' dir='ltr'>οὐκ</span> <span class='ocrx_word' id='word_1_1049' title='bbox 3289 5546 3626 5614; x_wconf 76' lang='grc' dir='ltr'>ἐπήρκεσαν.</span> 
     </span>
    </p>
   </div>
   <div class='ocr_carea' id='block_1_133' title="bbox 2109 5699 3624 5775">
    <p class='ocr_par' dir='ltr' id='par_1_133' title="bbox 2109 5699 3624 5775">
     <span class='ocr_line' id='line_1_133' title="bbox 2109 5699 3624 5775; baseline -0.008 -11"><span class='ocrx_word' id='word_1_1050' title='bbox 2109 5714 2241 5764; x_wconf 74' lang='lat' dir='ltr'>dSic</span> <span class='ocrx_word' id='word_1_1051' title='bbox 2274 5709 2425 5760; x_wconf 76' lang='lat' dir='ltr'>Savil.</span> <span class='ocrx_word' id='word_1_1052' title='bbox 2469 5714 2522 5775; x_wconf 70' lang='grc' dir='ltr'>ει</span> <span class='ocrx_word' id='word_1_1053' title='bbox 2556 5705 3087 5775; x_wconf 37' lang='grc' dir='ltr'>ιηεθηὶξοι-κγνησίων,</span> <span class='ocrx_word' id='word_1_1054' title='bbox 3122 5704 3270 5753; x_wconf 75' lang='lat' dir='ltr'>male.</span> <span class='ocrx_word' id='word_1_1055' title='bbox 3324 5706 3366 5775; x_wconf 46' lang='grc' dir='ltr'><strong>’ξ</strong></span> <span class='ocrx_word' id='word_1_1056' title='bbox 3392 5699 3473 5775; x_wconf 62' lang='grc' dir='ltr'>εἰς</span> <span class='ocrx_word' id='word_1_1057' title='bbox 3498 5700 3624 5775; x_wconf 58' lang='grc' dir='ltr'>μοι.</span> 
     </span>
    </p>
   </div>
   <div class='ocr_carea' id='block_1_134' title="bbox 2047 5759 3621 5838">
    <p class='ocr_par' dir='ltr' id='par_1_134' title="bbox 2047 5759 3621 5838">
     <span class='ocr_line' id='line_1_134' title="bbox 2047 5759 3621 5838; baseline -0.01 -12"><span class='ocrx_word' id='word_1_1058' title='bbox 2047 5759 2236 5838; x_wconf 66' lang='grc' dir='ltr'>εενῖξόξ</span> <span class='ocrx_word' id='word_1_1059' title='bbox 2269 5759 2602 5838; x_wconf 58' lang='grc' dir='ltr'>βαθυμοτέραν.</span> <span class='ocrx_word' id='word_1_1060' title='bbox 2657 5769 2692 5838; x_wconf 39' lang='grc' dir='ltr'><em>,ι</em></span> <span class='ocrx_word' id='word_1_1061' title='bbox 2721 5770 2803 5819; x_wconf 85' lang='lat' dir='ltr'>Slc</span> <span class='ocrx_word' id='word_1_1062' title='bbox 2826 5759 3621 5838; x_wconf 39' lang='lat' dir='ltr'>Morbi.,‘S?v‘.jgovﬁ§o§_&amp;?§pg.</span> 
     </span>
    </p>
   </div>
   <div class='ocr_carea' id='block_1_135' title="bbox 2051 5779 3622 5892">
    <p class='ocr_par' dir='ltr' id='par_1_135' title="bbox 2051 5779 3622 5892">
     <span class='ocr_line' id='line_1_135' title="bbox 2051 5779 3621 5869; baseline -0.011 -43"><span class='ocrx_word' id='word_1_1063' title='bbox 2051 5779 2160 5826; x_wconf 80' lang='lat' dir='ltr'><strong>Sav.</strong></span> <span class='ocrx_word' id='word_1_1064' title='bbox 2176 5780 2230 5847; x_wconf 48' lang='grc' dir='ltr'>,οὶ</span> <span class='ocrx_word' id='word_1_1065' title='bbox 2269 5779 2602 5838; x_wconf 73' lang='grc' dir='ltr'>ῥᾳθυμοτέραν.</span> <span class='ocrx_word' id='word_1_1066' title='bbox 2673 5779 2690 5808; x_wconf 79' lang='grc' dir='ltr'><strong>ῑ</strong></span> <span class='ocrx_word' id='word_1_1067' title='bbox 2721 5779 2803 5819; x_wconf 77' lang='grc' dir='ltr'>διε</span> <span class='ocrx_word' id='word_1_1068' title='bbox 2828 5779 3021 5822; x_wconf 70' lang='grc' dir='ltr'>Μοτθι..</span> <span class='ocrx_word' id='word_1_1069' title='bbox 3044 5779 3155 5813; x_wconf 69' lang='lat' dir='ltr'>:av.</span> <span class='ocrx_word' id='word_1_1070' title='bbox 3179 5779 3418 5869; x_wconf 45' lang='lat' dir='ltr'>gemmeo;</span> <span class='ocrx_word' id='word_1_1071' title='bbox 3435 5779 3621 5823; x_wconf 77' lang='grc' dir='ltr'>αφιησι.</span> 
     </span>
     <span class='ocr_line' id='line_1_136' title="bbox 2051 5821 3622 5892; baseline -0.014 -5"><span class='ocrx_word' id='word_1_1072' title='bbox 2051 5841 2075 5879; x_wconf 72' lang='lat'><strong>8</strong></span> <span class='ocrx_word' id='word_1_1073' title='bbox 2105 5836 2296 5886; x_wconf 67' lang='lat' dir='ltr'>BOhiUS</span> <span class='ocrx_word' id='word_1_1074' title='bbox 2339 5831 2470 5892; x_wconf 79' lang='lat' dir='ltr'>apud</span> <span class='ocrx_word' id='word_1_1075' title='bbox 2507 5832 2617 5880; x_wconf 81' lang='lat' dir='ltr'>Sav.</span> <span class='ocrx_word' id='word_1_1076' title='bbox 2657 5828 2924 5891; x_wconf 75' lang='lat' dir='ltr'>legendum</span> <span class='ocrx_word' id='word_1_1077' title='bbox 2956 5830 3098 5885; x_wconf 72' lang='lat' dir='ltr'><strong>putat</strong></span> <span class='ocrx_word' id='word_1_1078' title='bbox 3127 5823 3178 5869; x_wconf 82' lang='grc' dir='ltr'>ἀ)</span> <span class='ocrx_word' id='word_1_1079' title='bbox 3217 5838 3248 5868; x_wconf 88' lang='grc' dir='ltr'>α</span> <span class='ocrx_word' id='word_1_1080' title='bbox 3281 5821 3360 5869; x_wconf 77' lang='grc' dir='ltr'>καὶ</span> <span class='ocrx_word' id='word_1_1081' title='bbox 3390 5821 3622 5867; x_wconf 67' lang='grc' dir='ltr'>ἐπιτεῖναι.</span> 
     </span>
    </p>
   </div>
   <div class='ocr_carea' id='block_1_136' title="bbox 2051 5892 2609 5955">
    <p class='ocr_par' dir='ltr' id='par_1_136' title="bbox 2051 5892 2609 5955">
     <span class='ocr_line' id='line_1_137' title="bbox 2051 5892 2609 5955; baseline 0 -19"><span class='ocrx_word' id='word_1_1082' title='bbox 2051 5898 2081 5936; x_wconf 68' lang='grc' dir='ltr'>ιδ</span> <span class='ocrx_word' id='word_1_1083' title='bbox 2109 5897 2243 5947; x_wconf 64' lang='lat' dir='ltr'>unus</span> <span class='ocrx_word' id='word_1_1084' title='bbox 2263 5892 2609 5955; x_wconf 74' lang='grc' dir='ltr'>προσήκοντας.</span> 
     </span>
    </p>
   </div>
  </div>
