4000 6210
230 348 289 405 ω
1279 332 1346 388 IN
1383 330 1692 388 JOANNEM
1734 330 1963 387 HOMIL.
1998 332 2086 386 IX.
2127 332 2198 387 al.
2231 332 2361 390 VIII.
3416 342 3485 395 70

232 463 344 519 tacti
387 456 692 515 mercedem
723 452 898 509 amitti
929 450 1071 507 sinet
1098 491 1114 515 ,
1146 448 1241 505 sed
1283 449 1428 518 large
1458 463 1557 503 nos
1584 447 1805 518 praemio

233 552 454 607 donabit.
486 552 683 602 Annon
711 553 969 599 extremm
996 540 1281 596 dementia:
1311 538 1476 593 fuerit
1501 579 1517 604 ,
1549 548 1654 593 tam
1686 539 1805 608 pla-

234 644 335 697 cida
363 652 415 693 et
444 648 523 693 tot
562 636 719 692 bonis
752 632 947 688 referta
990 631 1248 686 servitute
1275 630 1517 699 neglecta
1540 670 1556 694 ,
1587 630 1803 699 ingrato

230 731 419 785 seritire
458 738 690 798 tyranno
714 765 728 787 ,
757 721 849 791 qui
896 735 1069 790 neque
1112 718 1197 773 hic
1220 760 1234 783 ,
1268 733 1443 787 neque
1485 718 1597 772 illic
1631 725 1808 787 potest

230 838 312 872 eos
334 819 418 888 qui
448 817 553 872 sibi
584 816 947 882 obsequentes
983 820 1109 865 sunt
1134 810 1365 878 juvare?
1396 807 1582 879 Neque
1629 808 1679 862 id
1711 822 1804 861 so-

232 918 329 968 lum
368 912 489 967 mali
521 920 577 965 et
618 908 802 963 damni
830 916 913 961 est
933 946 947 967 ,
978 903 1119 975 quod
1150 902 1413 972 supplicio
1453 902 1674 956 traditos
1698 916 1805 954 non

232 1018 404 1071 emat;
429 1004 529 1060 sed
573 1001 714 1073 quod
742 1042 758 1065 ,
787 1010 847 1054 ut
871 998 979 1053 dixi
1000 1040 1015 1062 ,
1042 1010 1303 1066 sequaces
1342 1009 1469 1049 suos
1513 992 1806 1048 innumeris

234 1102 402 1154 obruat
430 1096 612 1152 malis.
660 1093 926 1147 Plurimos
967 1089 1111 1143 enim
1138 1102 1204 1140 ex
1235 1086 1300 1140 iis
1328 1086 1415 1155 qui
1446 1085 1517 1140 ibi
1560 1084 1806 1138 crucian-

237 1202 344 1253 tur,
372 1188 553 1241 videre
591 1193 677 1239 est
716 1182 839 1237 ideo
867 1178 1128 1250 supplicio
1161 1176 1386 1231 traditos
1410 1216 1425 1240 ,
1452 1174 1593 1245 quod
1641 1189 1805 1244 pecu-

237 1280 326 1335 uiis
352 1276 636 1332 servierint
662 1283 717 1329 et
740 1287 929 1326 aurum
956 1269 1188 1324 amarint
1206 1309 1221 1334 ,
1243 1266 1530 1336 egenisque
1553 1280 1659 1320 non
1684 1278 1803 1319 ero-

234 1374 409 1441 garint.
439 1371 571 1436 Qua:
616 1382 684 1423 ne
712 1380 813 1420 nos
832 1377 1044 1435 quoque
1074 1360 1364 1430 patiamur,
1389 1358 1762 1428 dispergamus
1786 1397 1803 1423 ,

235 1467 406 1517 demus
434 1458 757 1531 pauperibus
780 1497 796 1522 ,
844 1455 1078 1507 animam
1123 1459 1356 1504 nostram
1404 1463 1655 1503 eruamus
1684 1457 1738 1502 et
1775 1462 1804 1500 a

1915 448 2087 503 noxiis
2128 445 2287 517 hujus
2337 449 2464 502 vitae
2509 450 2686 518 curis,
2716 460 2826 507 cta
2874 456 3136 527 supplicio
3181 459 3288 515 illic
3333 467 3486 522 nobis

1914 549 2099 610 parato
2130 559 2143 595 :
2169 540 2497 609 deponamus
2518 540 2779 612 justitiam
2811 545 2862 600 in
2892 549 3037 603 e't-lis
3068 567 3081 601 :
3114 552 3228 605 loco
3252 560 3491 609 terrena-

1910 648 2028 686 rum
2045 647 2206 702 opum
2230 632 2541 703 colligamus
2566 634 2845 691 thesauros
2866 639 2955 709 qui
2977 642 3180 696 absumi
3206 656 3490 716 nequeant,

1914 724 2195 780 thesauros
2220 726 2308 795 qui
2333 726 2538 795 possint
2563 728 2839 782 nobiseum
2870 730 2920 784 in
2952 733 3141 787 ctelum
3175 736 3453 804 pervenire
3473 779 3488 801 ,

1911 816 2000 886 qui
2031 820 2235 885 possint
2275 818 2429 871 nobis
2461 820 2883 887 periclitantibus
2921 826 3239 892 patrocinari
3271 838 3324 883 et
3347 829 3486 898 judi-

1909 923 2026 962 cem
2056 908 2284 963 reddere
2315 910 2630 978 prapitium;
2660 927 2815 981 quem
2854 915 3056 970 utinam
3089 927 3143 972 et
3191 935 3331 974 nunc
3356 930 3409 975 et
3436 920 3487 975 iu

1912 1001 2001 1055 illa
2027 1001 2115 1056 die
2142 1002 2430 1071 propitium
2456 1002 2714 1059 habentes
2734 1047 2748 1071 ,
2778 1020 2897 1060 cum
2923 1007 3170 1064 libertate
3201 1011 3356 1067 bonis
3381 1012 3487 1067 illis

1913 1093 1963 1145 in
1994 1091 2126 1145 caelo
2158 1093 2357 1160 paratis
2389 1092 2454 1147 iis
2478 1094 2567 1162 qui
2598 1105 2742 1148 recte
2767 1095 2991 1165 diligunt
3017 1113 3137 1152 eum
3162 1142 3176 1164 ,
3208 1098 3482 1156 fruamur:

1910 1182 2077 1253 gratia
2118 1193 2173 1236 et
2212 1182 2536 1252 benignitate
2589 1186 2801 1240 Domini
2855 1190 3021 1244 nostri
3070 1190 3196 1245 Iesu
3246 1191 3443 1249 Christi
3473 1236 3486 1257 .

1909 1274 2120 1342 quicum
2152 1273 2293 1326 Patri
2322 1274 2490 1342 gloria
2522 1290 2733 1346 unaque
2762 1288 2948 1332 saneto
2976 1279 3215 1350 Spiritui,
3249 1299 3388 1338 nunc
3435 1295 3491 1340 et

1910 1378 2156 1432 semper,
2189 1372 2240 1418 et
2268 1363 2323 1417 in
2354 1364 2546 1419 smcula
2575 1368 2915 1423 saeculorum.
2945 1370 3135 1425 Amen.

237 1575 3449 1606 Μ

1614 1655 1960 1718 HOMILIA
1994 1655 2109 1716 IX.

327 1811 406 1864 II.
431 1807 495 1862 In
520 1807 728 1877 ’πορθ-ἔα
754 1804 908 1870 venit,
939 1812 983 1856 et
1010 1808 1089 1857 sui
1117 1817 1229 1854 eum
1257 1815 1358 1853 non
1396 1808 1710 1867 receperunt.

303 1905 351 1956 l.
377 1901 430 1955 Si
459 1899 693 1970 priorum
717 1893 1139 1951 reminiscamini
1167 1934 1182 1957 ,
1209 1908 1329 1960 quae
1357 1898 1651 1960 sequuntur
1676 1904 1799 1945 cum

235 1992 408 2060 majori
453 1991 728 2044 alacritate
770 1984 1128 2054 adjiciemus,
1173 1992 1356 2051 utpote
1404 1981 1495 2051 qui
1547 1995 1797 2051 magnum

236 2084 524 2154 impendere
555 2082 764 2136 lucrum
811 2078 1106 2133 videamus.
1150 2076 1222 2130 Ita
1269 2076 1411 2128 enim
1459 2073 1611 2127 vobis
1639 2080 1799 2141 captu

235 2177 423 2231 Licilior
450 2189 631 2228 sermo
672 2172 816 2234 erit,
846 2170 892 2224 si
928 2169 1037 2236 jam
1085 2167 1351 2222 dictorum
1404 2163 1795 2228 memineritis;

232 2268 474 2338 nobisque
514 2281 623 2322 non
655 2263 823 2318 multo
862 2276 997 2331 opus
1036 2259 1140 2315 erit
1182 2258 1399 2323 labore,
1445 2271 1565 2310 eum
1611 2269 1704 2309 vos
1733 2269 1799 2308 ex

229 2359 459 2414 discendi
507 2356 798 2427 cupiditate
845 2353 1056 2407 acutius
1094 2360 1291 2405 caetera
1336 2346 1653 2417 dispicietis.
1698 2343 1797 2411 Qui

230 2452 371 2507 enim
420 2465 481 2504 ea
528 2464 648 2519 qua:
678 2447 863 2501 tradita
892 2453 1020 2499 sunt
1049 2456 1268 2511 semper
1310 2439 1545 2506 amittit,
1576 2436 1800 2491 doctore

224 2558 434 2611 semper
458 2540 652 2611 egebit,
687 2553 785 2593 nec
814 2550 1065 2605 umquam
1091 2534 1224 2589 sciet
1254 2531 1561 2603 quidpiam;
1590 2529 1681 2597 qui
1702 2544 1799 2582 au-

229 2647 327 2691 tem
353 2645 571 2704 accepta
598 2632 832 2688 custodit
853 2672 870 2698 ,
903 2640 955 2685 et
980 2630 1182 2699 reliqua
1211 2624 1560 2696 superaddit,
1588 2624 1697 2680 cito
1727 2637 1794 2678 ex

227 2726 475 2795 discipulo
523 2725 779 2794 magister
822 2722 962 2785 erit,
1016 2735 1114 2775 nee
1151 2719 1252 2773 sibi
1303 2718 1509 2783 solum,
1539 2714 1635 2771 sed
1677 2713 1795 2767 aliis

225 2833 421 2887 quoque
449 2817 617 2869 utilis.
644 2812 955 2882 Hujusmodi
982 2825 1143 2880 spero
1170 2809 1280 2863 fore
1302 2807 1439 2861 hanc
1457 2806 1790 2870 concionem,

226 2908 369 2977 idque
409 2923 477 2961 ea
505 2914 656 2959 tanto
686 2914 866 2959 vestro
906 2900 1157 2956 audiendi
1188 2899 1365 2954 studio
1404 2914 1654 2969 auguror.
1682 2898 1794 2968 Age

226 3014 361 3068 ergo,
391 3000 443 3052 in
473 2997 678 3052 vestris
707 2995 923 3058 animis,
958 2992 1113 3062 quasi
1135 2992 1188 3045 in
1223 2991 1488 3045 tutissimo
1518 2991 1789 3054 thesauro,

224 3104 487 3162 argentum
538 3089 754 3145 Domini
783 3088 1117 3157 deponamus
1139 3124 1155 3150 ,
1182 3092 1239 3139 et
1281 3098 1404 3153 qua:
1445 3081 1600 3135 nobis
1630 3080 1792 3134 hodie

229 3186 482 3253 proposita
533 3193 690 3246 sunt,
720 3189 976 3252 quantum
1008 3177 1164 3233 nobis
1192 3175 1425 3247 Spiritus
1454 3174 1622 3245 gratia
1663 3186 1793 3241 sup-

223 3277 483 3343 peditabit,
509 3275 863 3344 explicemus.
900 3272 1151 3333 Dixerat,
1185 3267 1412 3321 Mundus
1440 3281 1554 3320 eum
1581 3280 1681 3318 non
1706 3279 1794 3317 co-

219 3368 414 3435 gnavit,
466 3366 533 3422 de
574 3362 967 3435 antiquioribus
1019 3361 1127 3415 illis
1172 3358 1500 3429 temporibus
1545 3357 1787 3426 loquens.

221 3460 493 3516 Descendit
536 3458 735 3513 deinde
774 3455 842 3511 ad
887 3465 1096 3524 tempus
1128 3451 1555 3523 praedicationis,
1589 3458 1643 3502 et
1667 3447 1742 3501 ait
1774 3462 1786 3499 :

220 3551 280 3605 In
303 3554 508 3622 propria
537 3552 671 3605 venit
695 3592 712 3612 ,
741 3559 789 3603 et
816 3548 896 3602 sui
925 3563 1039 3601 eum
1063 3561 1165 3600 non
1195 3552 1513 3615 receperunt.
1537 3541 1674 3597 Suos
1704 3538 1791 3593 hic

215 3641 413 3698 .lodaos
439 3653 620 3706 vocat,
643 3650 705 3695 ut
730 3639 979 3709 populum
1007 3637 1352 3708 peculiarem,
1379 3634 1462 3689 vel
1488 3634 1648 3689 etiam
1675 3646 1792 3686 om-

217 3749 304 3787 nes
344 3732 592 3788 homines
633 3742 903 3800 tamquam
932 3728 998 3783 ab
1026 3729 1143 3798 ipso
1161 3734 1390 3781 creatos.
1422 3726 1500 3779 Ac
1527 3722 1789 3795 quemad—

216 3825 412 3878 modum
441 3838 606 3893 supra
631 3821 703 3877 de
758 3821 1045 3875 multorum
1074 3818 1307 3873 amentia
1352 3826 1571 3885 stupens
1593 3856 1607 3882 ,
1642 3822 1697 3869 et
1722 3812 1790 3867 de

215 3920 471 3971 communi
496 3924 687 3969 natura
712 3913 1038 3968 erubescens
1061 3910 1295 3975 dicebat,
1326 3907 1583 3963 mundum
1607 3906 1675 3960 ab
1699 3905 1789 3960 illo

216 4005 481 4060 conditum
501 4047 517 4069 ,
549 4015 851 4060 creatorem
893 4018 1048 4057 suum
1080 4015 1187 4055 non
1215 3999 1527 4070 cognovisse
1559 4014 1573 4052 :
1616 3997 1695 4051 sic
1735 4004 1790 4051 et

216 4098 307 4150 hoc
330 4096 452 4152 loco
477 4095 789 4150 Judazorum
826 4094 1158 4161 aliorumque
1210 4091 1495 4146 multorum
1523 4090 1788 4160 ingratum

216 4188 440 4242 animum
468 4203 612 4260 :egre
643 4189 857 4253 ferens,
886 4186 939 4241 in
963 4186 1264 4255 graviorem
1290 4182 1592 4254 prorumpit
1628 4196 1788 4235 accu-

216 4279 469 4334 sationem
495 4321 510 4341 .
570 4279 803 4334 dicens:
853 4276 951 4332 Sui
994 4293 1110 4331 eum
1158 4292 1260 4329 non
1304 4284 1638 4344 receperunt,
1688 4270 1789 4327 etsi

219 4369 321 4437 ipse
343 4370 407 4424 ad
453 4370 576 4424 illos
605 4369 834 4424 venerit.
888 4367 1071 4437 Neque
1099 4368 1213 4436 ipse
1243 4365 1416 4421 solum
1444 4406 1460 4431 ,
1493 4363 1586 4418 sed
1629 4362 1789 4417 etiam

217 4462 479 4530 propheta:
508 4461 741 4530 idipsum
769 4459 1068 4516 mirabundi
1089 4458 1337 4513 dixerunt
1370 4473 1386 4509 :
1416 4469 1622 4510 necnon
1656 4454 1790 4507 Pau-

217 4552 292 4604 lus
316 4552 395 4606 his
421 4552 494 4607 de
522 4552 687 4607 rebus
729 4551 1137 4619 obstupescens.
1169 4550 1235 4603 Et
1275 4547 1548 4618 propheta:
1577 4545 1789 4615 quidem

213 4658 272 4696 es
316 4658 543 4712 pascua
593 4642 792 4697 Christi
838 4644 1134 4697 clamantes
1175 4641 1473 4696 dixerunt:
1524 4637 1789 4707 Populus,

214 4750 353 4798 quos
376 4751 480 4788 non
509 4735 761 4803 cognovi,
793 4733 991 4787 servivit
1022 4732 1148 4785 milii
1176 4750 1192 4786 :
1225 4733 1279 4784 in
1310 4732 1489 4784 auditu
1510 4730 1647 4782 auris
1676 4728 1793 4782 obe-

215 4824 330 4876 dirit
532 4822 661 4877 Filii
683 4824 838 4878 alieni
866 4824 1058 4878 mentiti
1081 4832 1201 4877 sunt
1225 4823 1385 4883 mihi;
1416 4821 1510 4889 ﬁlii
1534 4819 1687 4873 alieni
1712 4820 1792 4871 in-

216 4916 415 4966 veterati
459 4923 578 4967 situt
602 4956 617 4979 ,
646 4924 695 4968 et
736 4915 1150 4967 claudicauerunt
1188 4929 1220 4965 a
1257 4912 1447 4965 semitis
1485 4911 1591 4963 suis
1623 4906 1790 4980 (Psal.

224 5005 297 5057 I7.
330 5005 417 5060 b5.
448 5004 561 5077 ιδ).
596 5004 665 5058 Et
695 5019 907 5059 rursum
940 5022 955 5060 :
989 5004 1185 5070 Quibus
1215 5020 1316 5057 non
1342 5012 1414 5057 est
1439 5010 1704 5056 narratum
1733 5000 1797 5052 de

218 5111 302 5157 eo,
332 5095 612 5148 ridebunt:
646 5104 693 5147 et
722 5095 809 5165 qui
857 5110 957 5147 non
1000 5094 1303 5158 audierunt,
1334 5092 1608 5161 intelligent
1638 5087 1788 5158 (Isoi.

216 5182 301 5236 52.
337 5185 422 5253 I5)
445 5201 461 5248 ;
489 5195 544 5239 et
563 5225 578 5249 ,
608 5182 851 5238 Inventus
880 5200 990 5237 sum
1015 5202 1047 5237 a
1072 5200 1173 5238 non
1198 5183 1536 5252 querentibus
1562 5195 1676 5235 me:
1704 5195 1797 5250 pa-

217 5278 315 5326 lum
335 5277 552 5345 apparati
579 5277 643 5329 iis
671 5277 757 5345 qui
788 5292 867 5329 me
885 5292 985 5329 non
1010 5273 1386 5346 interrogabant
1412 5270 1571 5342 (Ibid.
1606 5272 1693 5326 66.
1722 5271 1794 5340 l).

220 5363 416 5419 Paulus
452 5378 633 5421 autem
681 5367 748 5419 ad
782 5365 1053 5421 Romanos
1086 5365 1333 5420 scribens
1374 5363 1584 5419 dicebat
1616 5379 1629 5414 :
1662 5361 1798 5426 Quid

216 5458 376 5525 ergo!
397 5458 528 5524 quod
548 5457 805 5527 qutzrebat
836 5455 1003 5510 Israel
1022 5496 1038 5520 .
1072 5456 1165 5509 hoc
1196 5471 1297 5510 non
1326 5464 1398 5510 est
1427 5463 1758 5523 consequutus
1779 5468 1797 5504 :

216 5548 391 5599 electio
418 5559 585 5603 autem
608 5559 922 5615 consequuta
951 5559 1021 5602 est
1052 5548 1231 5616 (llam.
1252 5549 1340 5604 II.
1369 5549 1445 5618 7).
1476 5547 1540 5602 Et
1567 5547 1754 5601 iterum
1783 5564 1795 5600 :

218 5636 355 5698 Quid
386 5656 501 5708 ergo
527 5640 801 5695 diuum?
834 5640 984 5705 Quod
1010 5649 1180 5709 gentes
1201 5681 1216 5704 ,
1260 5656 1374 5706 quc
1406 5656 1505 5694 non
1535 5637 1799 5692 sectaban—

215 5740 291 5781 tur
336 5734 623 5800 justitiam,
668 5731 1107 5801 apprehenderuut
1150 5732 1403 5802 justitiam
1443 5747 1460 5787 :
1493 5730 1660 5787 Israel
1686 5745 1798 5786 vero

1909 1799 2146 1853 sectanda
2173 1800 2330 1870 legem
2356 1802 2604 1871 justitiae,
2636 1805 2688 1859 in
2715 1805 2874 1877 legem
2901 1811 3117 1880 justitia:
3140 1830 3239 1867 non
3268 1821 3490 1885 pervenit

1913 1889 2086 1959 (Rom.
2116 1890 2171 1945 9.
2205 1891 2316 1962 50).
2349 1892 2454 1948 Res
2479 1905 2562 1949 est
2589 1896 2732 1950 enim
2762 1899 3117 1958 admiratione
3144 1905 3324 1975 digna,
3357 1925 3490 1978 quo-

1908 1980 2069 2036 modo
2097 1981 2130 2035 ii
2158 1984 2245 2052 qui
2287 1986 2337 2037 in
2383 1985 2710 2054 propheticis
2740 1990 2890 2044 libris
2918 1991 3125 2048 educati
3170 2006 3294 2051 sunt
3317 2038 3332 2063 ,
3365 2002 3486 2069 qui-

1907 2088 2010 2142 que
2054 2075 2291 2143 quotidie
2334 2077 2554 2131 audiunt
2600 2080 2815 2150 Moysen
2865 2084 3140 2142 innumera
3182 2089 3249 2145 de
3290 2091 3485 2151 Chrisd

1907 2162 2139 2217 adventu
2192 2165 2492 2234 loquentem
2520 2208 2535 2234 ,
2565 2184 2771 2225 necnon
2816 2177 3153 2243 sequentium
3188 2187 3484 2249 temporum

1910 2253 2194 2322 prophetas
2221 2296 2236 2321 ,
2267 2265 2427 2325 atque
2455 2258 2626 2327 ipsum
2669 2259 2938 2318 Christum
2965 2267 3202 2335 quotidie
3230 2271 3484 2326 miracula

1909 2352 2204 2413 patrantem
2228 2386 2244 2413 ,
2276 2363 2503 2418 cumque
2549 2351 2679 2421 ipsis
2707 2354 2838 2409 solis
2886 2369 3186 2414 versantem
3211 2403 3227 2428 ,
3258 2364 3482 2419 necdum

1909 2439 2298 2506 permittentem
2329 2441 2604 2512 discipulis
2632 2455 2687 2500 ut
2716 2447 2769 2501 in
2800 2449 2937 2504 viam
2965 2454 3203 2521 gentium
3229 2456 3440 2512 abirent
3464 2501 3479 2523 ,

1905 2538 1995 2581 aut
2021 2529 2072 2583 in
2100 2530 2370 2587 civitatem
2399 2533 2855 2594 Samaritanorum
2884 2542 3310 2615 ingrederentur,
3340 2551 3482 2618 quod

1906 2622 2207 2691 nequeipse
2238 2623 2461 2680 faciebat
2480 2667 2496 2693 ,
2527 2628 2619 2682 sed
2638 2628 2947 2700 frequenter
2959 2634 3243 2693 dieebatse
3260 2640 3480 2696 missum

1904 2725 2024 2767 esse
2052 2713 2118 2767 ad
2148 2729 2277 2770 oves
2294 2731 2410 2784 quze
2430 2718 2696 2786 perierant
2713 2720 2905 2778 domus
2920 2723 3082 2782 Israel
3105 2745 3118 2791 ;
3145 2738 3377 2785 attamen
3404 2730 3478 2785 illi

1904 2813 2022 2872 post
2039 2812 2116 2857 tot
2136 2804 2284 2875 signa
2305 2806 2356 2860 in
2378 2810 2601 2876 gratiam
2621 2813 2699 2865 sui
2720 2812 2883 2880 edita,
2906 2831 3027 2871 eum
3048 2821 3330 2888 prophetas
3349 2837 3481 2892 quo-

1904 2892 2030 2949 tidie
2043 2894 2306 2961 audirent,
2329 2897 2608 2970 ipsumque
2629 2902 2896 2960 Christum
2918 2907 3131 2963 assidue
3147 2922 3474 2975 monentem,

1902 3000 2069 3051 usque
2096 2986 2231 3041 adeo
2270 3003 2443 3045 caecos
2469 3000 2630 3060 atque
2673 2996 2864 3050 surdos
2907 3013 2967 3051 se
3014 3002 3391 3069 praestiterint,
3423 3014 3479 3058 ut

1901 3076 2049 3127 nullo
2089 3090 2273 3130 eorum
2304 3078 2369 3131 ad
2398 3078 2555 3133 ﬁdem
2605 3081 2657 3134 in
2683 3083 2952 3138 Christum
2979 3086 3154 3141 induci
3188 3092 3473 3158 potuerint.

1972 3164 2197 3219 Externa
2223 3168 2542 3237 philosophia
2567 3186 2716 3238 quam
2741 3176 2959 3228 absurda
2984 3186 3029 3229 et
3044 3180 3224 3247 turpis.
3243 3211 3314 3220 —
3330 3181 3475 3237 Gen-

1902 3254 2019 3309 tiles
2062 3265 2238 3310 autem
2270 3258 2405 3313 nihil
2444 3259 2631 3315 horum
2671 3267 2982 3333 cnnsequuti
3014 3307 3029 3331 .
3056 3268 3229 3323 divina
3261 3274 3474 3328 oracula

1901 3361 1969 3400 ne
1992 3347 2044 3401 in
2068 3348 2270 3402 somnis
2289 3350 2501 3419 quidem
2554 3352 2832 3408 audierant
2860 3372 2875 3421 ;
2910 3358 3002 3411 sed
3032 3359 3082 3413 in
3115 3359 3302 3417 fabulis
3331 3367 3474 3418 insa-

1899 3437 2155 3493 nientium
2186 3441 2376 3495 versati
2402 3440 2422 3514 (
2452 3443 2528 3497 sic
2556 3445 2698 3498 enim
2725 3460 2857 3500 voco
2878 3458 3153 3504 externam
3186 3452 3327 3508 illam
3360 3455 3475 3524 phi-

1883 3528 2194 3600 losophiam
2217 3532 2237 3603 )
2263 3542 2315 3587 et
2348 3544 2622 3603 poetarum
2657 3536 3005 3597 deliramenta
3036 3553 3322 3601 tractantes
3353 3588 3369 3612 ,
3412 3548 3475 3602 li-

1895 3622 2015 3692 gnis
2058 3632 2115 3679 et
2154 3624 2414 3694 lapidibus
2453 3627 2650 3683 addicti
2681 3642 2833 3685 erant
2858 3675 2874 3698 ,
2912 3649 3009 3689 nec
3044 3636 3127 3691 vel
3151 3637 3202 3691 in
3231 3638 3472 3695 doctrina

1900 3714 1982 3767 vel
2013 3714 2063 3767 in
2098 3730 2305 3771 morum
2326 3717 2605 3788 disciplina
2626 3721 2895 3791 quidpiam
2923 3740 3109 3781 sanum
3130 3728 3211 3783 vel
3226 3731 3351 3786 utile
3372 3747 3470 3785 uo-

1897 3812 2116 3871 verant;
2144 3806 2250 3860 vita
2278 3808 2471 3877 quippe
2498 3810 2705 3865 illorum
2747 3813 3001 3882 impurior
3031 3832 3189 3888 quam
3235 3820 3472 3877 doctrina

1895 3894 2275 3966 scelestiorque
2289 3906 2424 3952 erat.
2443 3900 2578 3964 Quid
2611 3912 2784 3955 autem
2816 3906 2955 3959 aliud
2984 3909 3306 3976 sperandum
3334 3921 3469 3976 erat,

1892 4000 2012 4040 cum
2040 3986 2171 4041 deos
2200 4001 2328 4042 suos
2354 3988 2596 4045 viderent
2620 3993 2781 4048 nullis
2811 4010 2913 4049 non
2931 3997 3142 4066 llagitiis
3155 4000 3470 4068 gaudentes,

1891 4085 2051 4145 atque
2079 4078 2347 4135 obsctenis
2372 4081 2548 4136 Verbis
2571 4123 2586 4147 ,
2615 4084 3145 4158 obsctnnioribusque
3168 4091 3326 4146 rebus
3353 4094 3472 4147 cul-

1894 4179 1976 4224 tos
2005 4187 2017 4223 :
2050 4171 2163 4226 haec
2195 4186 2290 4241 pro
2320 4170 2467 4226 l'estis
2496 4173 2684 4228 diebus
2708 4184 2762 4230 et
2791 4192 2887 4245 pro
2913 4177 3117 4234 honore
3162 4179 3420 4238 habentes
3451 4201 3468 4240 τ

1890 4262 1957 4318 ad
1986 4262 2100 4317 haec
2124 4264 2284 4319 etiam
2317 4263 2559 4320 nefandis
2605 4266 2839 4323 caedibus
2868 4310 2882 4334 ,
2927 4285 3322 4342 puerorumque
3352 4289 3470 4330 ma-

1891 4355 2213 4410 ctationibus
2240 4356 2549 4423 honoratos,
2574 4358 2745 4428 quain
2773 4374 2831 4415 re
2860 4360 2989 4415 deos
3018 4362 3117 4431 ipsi
3143 4377 3268 4419 suos
3296 4365 3474 4422 imita-

1894 4446 2104 4501 bantur.
2131 4450 2377 4504 Attamen
2403 4449 2454 4503 in
2484 4450 2655 4521 ipsum
2679 4452 2931 4521 nequitiae
2959 4453 3281 4522 profundum
3314 4456 3471 4528 lapsi,

1896 4548 2114 4607 repente
2134 4542 2286 4610 quasi
2309 4557 2404 4610 per
2427 4543 2710 4612 quamdam
2736 4545 3036 4599 machinam
3061 4546 3319 4604 sublimes
3346 4551 3474 4617 acti,

1893 4651 1958 4689 ex
1988 4634 2103 4701 ipso
2128 4633 2379 4688 caelorum
2410 4633 2609 4689 vertice
2630 4634 2882 4691 sublimes
2908 4635 3060 4691 nobis
3088 4651 3472 4706 apparuerum.

1896 4723 1951 4777 Id
1979 4739 2108 4779 vero
2138 4722 2405 4792 quomodo
2431 4731 2486 4778 et
2518 4723 2657 4778 unde
2683 4725 2899 4781 evenit?
2927 4726 3062 4781 Audi
3093 4727 3311 4782 Paulum
3351 4745 3472 4784 nar-

1898 4824 2126 4869 rantem.
2163 4815 2356 4869 Beatus
2380 4816 2579 4886 quippe
2606 4815 2697 4872 ille
2730 4857 2745 4881 ,
2775 4817 2901 4871 dum
2948 4816 3061 4873 haec
3090 4819 3373 4891 diligenter
3404 4824 3475 4878 in-

1896 4907 2151 4976 quireret,
2179 4923 2299 4987 non.
2322 4909 2552 4962 cessavit
2594 4907 2766 4964 donec
2795 4924 3009 4964 causam
3053 4912 3342 4969 invenisset
3368 4956 3385 4979 ,
3415 4926 3472 4969 ut

1898 4998 2144 5052 omnibus
2188 4998 2437 5067 aperiret.
2485 5000 2737 5066 Quaanam
2772 5000 2856 5055 illa
2887 5010 2969 5055 est
3001 5044 3016 5068 ,
3065 5014 3119 5057 et
3151 5005 3289 5060 unde
3332 5015 3473 5059 tanta

1898 5090 2106 5144 caecitas
2134 5090 2263 5160 ipsis
2291 5091 2627 5146 obvenerant?
2648 5092 2783 5145 Audi
2813 5092 2960 5146 illum
2987 5095 3072 5148 cui
3107 5094 3208 5149 hoc
3235 5096 3476 5151 ministe-

1900 5184 2036 5237 rium
2061 5185 2323 5238 ereditum
2352 5184 2543 5240 fuerat.
2574 5184 2711 5252 Quid
2742 5200 2870 5256 ergo
2897 5187 3025 5243 dicit
3049 5230 3063 5253 ,
3096 5201 3153 5241 ut
3181 5189 3463 5244 dubitatio-

1902 5291 2021 5330 nem
2062 5276 2349 5330 multorum
2384 5275 2605 5330 solvat?
2648 5274 2953 5347 Ignorantes
2970 5281 3227 5350 justitiam
3270 5280 3403 5345 Dei,
3432 5296 3479 5337 et

1900 5375 2176 5434 quaerentes
2202 5366 2461 5436 propriam
2479 5365 2735 5435 justitiam
2761 5378 2998 5431 statuere.
3015 5371 3236 5440 justitia:
3267 5371 3358 5427 Dei
3378 5391 3480 5427 non

1902 5469 2016 5513 sunt
2033 5456 2243 5529 subjecti
2265 5458 2282 5526 (
2293 5456 2435 5510 Itom.
2456 5457 2538 5510 10.
2558 5456 2636 5529 '5).
2660 5459 2944 5528 Propterea
2962 5476 3090 5532 ergo
3104 5464 3153 5517 id
3177 5464 3316 5533 passi
3331 5474 3476 5516 sunt.

1905 5552 1980 5603 Ac
2004 5565 2187 5603 rursus
2210 5547 2435 5616 idipsum
2471 5548 2630 5603 aliter
2663 5552 2935 5619 explicans
2972 5552 3103 5606 dicit
3137 5571 3150 5606 :
3200 5554 3334 5617 Quid
3362 5568 3479 5621 ergo

1904 5640 2120 5693 dicemus
2147 5640 2171 5692 ?
2203 5637 2351 5705 Quod
2392 5650 2560 5709 gentes
2587 5658 2699 5706 qua:
2719 5658 2819 5695 non
2843 5642 3165 5696 sectabantur
3181 5642 3436 5711 justitiam
3461 5674 3476 5693 .

1911 5728 2347 5800 appreltenderunt
2376 5731 2630 5799 justitiam
2654 5749 2671 5786 :
2684 5733 2940 5804 justitiam
2976 5744 3143 5790 autem
3164 5746 3277 5803 qua:
3298 5747 3359 5786 es
3383 5732 3485 5800 ﬁde
