  <div class='ocr_page' id='page_1' title='image "/cluster/home/n/w/nwhite01/storage/ocr_20150623/59/hvd.32044052786589/073.png"; bbox 0 0 4000 6210; ppageno 0'>
   <div class='ocr_carea' id='block_1_1' title="bbox 733 331 3240 401">
    <p class='ocr_par' dir='ltr' id='par_1_1' title="bbox 733 331 3240 401">
     <span class='ocr_line' id='line_1_1' title="bbox 733 331 3240 401; baseline 0.004 -11"><span class='ocrx_word' id='word_1_1' title='bbox 733 347 786 401; x_wconf 70' lang='lat'><strong>71</strong></span> <span class='ocrx_word' id='word_1_2' title='bbox 1439 338 1494 393; x_wconf 94' lang='lat' dir='ltr'><strong>S.</strong></span> <span class='ocrx_word' id='word_1_3' title='bbox 1534 334 1811 392; x_wconf 80' lang='lat' dir='ltr'><strong>JOANNIS</strong></span> <span class='ocrx_word' id='word_1_4' title='bbox 1847 331 2314 392; x_wconf 76' lang='lat' dir='ltr'><strong>CllRYSOSTOMI</strong></span> <span class='ocrx_word' id='word_1_5' title='bbox 2353 334 2672 392; x_wconf 75' lang='lat' dir='ltr'><strong>ARCHIEP.</strong></span> <span class='ocrx_word' id='word_1_6' title='bbox 2712 337 3240 401; x_wconf 80' lang='lat' dir='ltr'><strong>CONSTANTINOP.</strong></span> 
     </span>
    </p>
   </div>
   <div class='ocr_carea' id='block_1_2' title="bbox 732 444 2318 521">
    <p class='ocr_par' dir='ltr' id='par_1_2' title="bbox 732 444 2318 521">
     <span class='ocr_line' id='line_1_2' title="bbox 732 444 2318 521; baseline -0.006 -12"><span class='ocrx_word' id='word_1_7' title='bbox 732 466 822 510; x_wconf 79' lang='lat' dir='ltr'><strong>est.</strong></span> <span class='ocrx_word' id='word_1_8' title='bbox 848 454 1013 510; x_wconf 69' lang='lat' dir='ltr'><strong>Israel</strong></span> <span class='ocrx_word' id='word_1_9' title='bbox 1031 470 1147 509; x_wconf 76' lang='lat' dir='ltr'><strong>vero</strong></span> <span class='ocrx_word' id='word_1_10' title='bbox 1172 451 1407 508; x_wconf 78' lang='lat' dir='ltr'><strong>sectanda</strong></span> <span class='ocrx_word' id='word_1_11' title='bbox 1420 451 1576 521; x_wconf 84' lang='lat' dir='ltr'><strong>legem</strong></span> <span class='ocrx_word' id='word_1_12' title='bbox 1589 449 1824 521; x_wconf 74' lang='lat' dir='ltr'><strong>justitia&#39;,</strong></span> <span class='ocrx_word' id='word_1_13' title='bbox 1852 449 1904 501; x_wconf 86' lang='lat' dir='ltr'><strong>in</strong></span> <span class='ocrx_word' id='word_1_14' title='bbox 1929 448 2085 518; x_wconf 85' lang='lat' dir='ltr'><strong>legem</strong></span> <span class='ocrx_word' id='word_1_15' title='bbox 2102 444 2318 518; x_wconf 80' lang='lat' dir='ltr'><strong>justitite</strong></span> 
     </span>
    </p>
   </div>
   <div class='ocr_carea' id='block_1_3' title="bbox 737 539 2318 620">
    <p class='ocr_par' dir='ltr' id='par_1_3' title="bbox 737 539 2318 620">
     <span class='ocr_line' id='line_1_3' title="bbox 737 539 2318 620; baseline -0.009 -16"><span class='ocrx_word' id='word_1_16' title='bbox 737 568 835 604; x_wconf 77' lang='lat' dir='ltr'><strong>non</strong></span> <span class='ocrx_word' id='word_1_17' title='bbox 861 549 1102 620; x_wconf 74' lang='lat' dir='ltr'><strong>pervenit.</strong></span> <span class='ocrx_word' id='word_1_18' title='bbox 1135 546 1227 599; x_wconf 88' lang='lat' dir='ltr'><strong>Dic</strong></span> <span class='ocrx_word' id='word_1_19' title='bbox 1246 562 1347 615; x_wconf 88' lang='lat' dir='ltr'><strong>qua</strong></span> <span class='ocrx_word' id='word_1_20' title='bbox 1376 545 1438 598; x_wconf 89' lang='lat' dir='ltr'><strong>de</strong></span> <span class='ocrx_word' id='word_1_21' title='bbox 1459 543 1657 597; x_wconf 83' lang='lat' dir='ltr'><strong>causa?</strong></span> <span class='ocrx_word' id='word_1_22' title='bbox 1685 543 1817 608; x_wconf 84' lang='lat' dir='ltr'><strong>Quia</strong></span> <span class='ocrx_word' id='word_1_23' title='bbox 1835 558 1934 595; x_wconf 83' lang='lat' dir='ltr'><strong>non</strong></span> <span class='ocrx_word' id='word_1_24' title='bbox 1962 556 2024 595; x_wconf 80' lang='lat' dir='ltr'><strong>ea:</strong></span> <span class='ocrx_word' id='word_1_25' title='bbox 2053 539 2154 608; x_wconf 81' lang='lat' dir='ltr'><strong>fide</strong></span> <span class='ocrx_word' id='word_1_26' title='bbox 2182 555 2199 591; x_wconf 92' lang='lat'><strong><em>:</em></strong></span> <span class='ocrx_word' id='word_1_27' title='bbox 2224 540 2318 591; x_wconf 83' lang='lat' dir='ltr'><strong>im-</strong></span> 
     </span>
    </p>
   </div>
   <div class='ocr_carea' id='block_1_4' title="bbox 734 629 2316 712">
    <p class='ocr_par' dir='ltr' id='par_1_4' title="bbox 734 629 2316 712">
     <span class='ocr_line' id='line_1_4' title="bbox 734 629 2316 712; baseline -0.008 -18"><span class='ocrx_word' id='word_1_28' title='bbox 734 654 976 712; x_wconf 73' lang='lat' dir='ltr'><strong>pegerunt</strong></span> <span class='ocrx_word' id='word_1_29' title='bbox 1005 640 1135 693; x_wconf 86' lang='lat' dir='ltr'><strong>enim</strong></span> <span class='ocrx_word' id='word_1_30' title='bbox 1163 638 1214 691; x_wconf 85' lang='lat' dir='ltr'><strong>in</strong></span> <span class='ocrx_word' id='word_1_31' title='bbox 1242 635 1464 706; x_wconf 85' lang='lat' dir='ltr'><strong>lapidem</strong></span> <span class='ocrx_word' id='word_1_32' title='bbox 1495 632 1786 700; x_wconf 70' lang='lat' dir='ltr'><strong>offensionis</strong></span> <span class='ocrx_word' id='word_1_33' title='bbox 1813 631 1986 705; x_wconf 82' lang='lat' dir='ltr'><strong>(Rom.</strong></span> <span class='ocrx_word' id='word_1_34' title='bbox 2017 631 2070 687; x_wconf 87' lang='lat'><strong>9.</strong></span> <span class='ocrx_word' id='word_1_35' title='bbox 2100 629 2316 698; x_wconf 71' lang='lat'><strong>30-32);</strong></span> 
     </span>
    </p>
   </div>
   <div class='ocr_carea' id='block_1_5' title="bbox 741 725 2319 799">
    <p class='ocr_par' dir='ltr' id='par_1_5' title="bbox 741 725 2319 799">
     <span class='ocr_line' id='line_1_5' title="bbox 741 725 2319 799; baseline -0.006 -12"><span class='ocrx_word' id='word_1_36' title='bbox 741 736 844 788; x_wconf 90' lang='lat' dir='ltr'><strong>hoc</strong></span> <span class='ocrx_word' id='word_1_37' title='bbox 895 744 999 799; x_wconf 89' lang='lat' dir='ltr'><strong>est,</strong></span> <span class='ocrx_word' id='word_1_38' title='bbox 1042 730 1385 786; x_wconf 76' lang='lat' dir='ltr'><strong>incredulitas</strong></span> <span class='ocrx_word' id='word_1_39' title='bbox 1408 728 1511 782; x_wconf 88' lang='lat' dir='ltr'><strong>illis</strong></span> <span class='ocrx_word' id='word_1_40' title='bbox 1535 742 1692 781; x_wconf 88' lang='lat' dir='ltr'><strong>causa</strong></span> <span class='ocrx_word' id='word_1_41' title='bbox 1725 727 1983 779; x_wconf 90' lang='lat' dir='ltr'><strong>malorum</strong></span> <span class='ocrx_word' id='word_1_42' title='bbox 2014 725 2110 779; x_wconf 93' lang='lat' dir='ltr'><strong>fuit</strong></span> <span class='ocrx_word' id='word_1_43' title='bbox 2140 740 2153 779; x_wconf 93' lang='lat'>:</span> <span class='ocrx_word' id='word_1_44' title='bbox 2185 725 2319 778; x_wconf 92' lang='lat' dir='ltr'><strong>hanc</strong></span> 
     </span>
    </p>
   </div>
   <div class='ocr_carea' id='block_1_6' title="bbox 739 817 2313 894">
    <p class='ocr_par' dir='ltr' id='par_1_6' title="bbox 739 817 2313 894">
     <span class='ocr_line' id='line_1_6' title="bbox 739 817 2313 894; baseline -0.006 -16"><span class='ocrx_word' id='word_1_45' title='bbox 739 842 867 881; x_wconf 82' lang='lat' dir='ltr'><strong>vero</strong></span> <span class='ocrx_word' id='word_1_46' title='bbox 894 826 1102 894; x_wconf 77' lang='lat' dir='ltr'><strong>peperit</strong></span> <span class='ocrx_word' id='word_1_47' title='bbox 1141 821 1467 892; x_wconf 74' lang='lat' dir='ltr'><strong>arrogantia.</strong></span> <span class='ocrx_word' id='word_1_48' title='bbox 1510 819 1641 885; x_wconf 89' lang='lat' dir='ltr'><strong>Quia</strong></span> <span class='ocrx_word' id='word_1_49' title='bbox 1667 820 1808 872; x_wconf 87' lang='lat' dir='ltr'><strong>enim</strong></span> <span class='ocrx_word' id='word_1_50' title='bbox 1835 826 1989 871; x_wconf 89' lang='lat' dir='ltr'><strong>antea</strong></span> <span class='ocrx_word' id='word_1_51' title='bbox 2022 817 2138 886; x_wconf 89' lang='lat' dir='ltr'><strong>plus</strong></span> <span class='ocrx_word' id='word_1_52' title='bbox 2156 830 2313 884; x_wconf 91' lang='lat' dir='ltr'><strong>quam</strong></span> 
     </span>
    </p>
   </div>
   <div class='ocr_carea' id='block_1_7' title="bbox 736 910 2313 987">
    <p class='ocr_par' dir='ltr' id='par_1_7' title="bbox 736 910 2313 987">
     <span class='ocr_line' id='line_1_7' title="bbox 736 910 2313 987; baseline -0.007 -14"><span class='ocrx_word' id='word_1_53' title='bbox 736 917 961 987; x_wconf 85' lang='lat' dir='ltr'><strong>gentiles</strong></span> <span class='ocrx_word' id='word_1_54' title='bbox 988 914 1245 971; x_wconf 72' lang='lat' dir='ltr'><strong>habentes</strong></span> <span class='ocrx_word' id='word_1_55' title='bbox 1276 954 1291 977; x_wconf 92' lang='lat'><strong>,</strong></span> <span class='ocrx_word' id='word_1_56' title='bbox 1322 913 1463 983; x_wconf 90' lang='lat' dir='ltr'><strong>quod</strong></span> <span class='ocrx_word' id='word_1_57' title='bbox 1514 927 1704 980; x_wconf 90' lang='lat' dir='ltr'><strong>nempe</strong></span> <span class='ocrx_word' id='word_1_58' title='bbox 1742 912 1911 979; x_wconf 82' lang='lat' dir='ltr'><strong>legem</strong></span> <span class='ocrx_word' id='word_1_59' title='bbox 1939 910 2268 979; x_wconf 85' lang='lat' dir='ltr'><strong>accepissent</strong></span> <span class='ocrx_word' id='word_1_60' title='bbox 2300 950 2313 971; x_wconf 87' lang='lat'><strong>,</strong></span> 
     </span>
    </p>
   </div>
   <div class='ocr_carea' id='block_1_8' title="bbox 740 1002 2318 1074">
    <p class='ocr_par' dir='ltr' id='par_1_8' title="bbox 740 1002 2318 1074">
     <span class='ocr_line' id='line_1_8' title="bbox 740 1002 2318 1074; baseline -0.006 -12"><span class='ocrx_word' id='word_1_61' title='bbox 740 1011 905 1065; x_wconf 87' lang='lat' dir='ltr'><strong>Demn</strong></span> <span class='ocrx_word' id='word_1_62' title='bbox 943 1016 1166 1063; x_wconf 83' lang='lat' dir='ltr'><strong>nossent</strong></span> <span class='ocrx_word' id='word_1_63' title='bbox 1195 1048 1211 1073; x_wconf 94' lang='lat'><strong>,</strong></span> <span class='ocrx_word' id='word_1_64' title='bbox 1242 1016 1296 1061; x_wconf 91' lang='lat' dir='ltr'><strong>et</strong></span> <span class='ocrx_word' id='word_1_65' title='bbox 1326 1005 1428 1059; x_wconf 89' lang='lat' dir='ltr'><strong>alia</strong></span> <span class='ocrx_word' id='word_1_66' title='bbox 1470 1019 1588 1074; x_wconf 78' lang='lat' dir='ltr'><strong>quae</strong></span> <span class='ocrx_word' id='word_1_67' title='bbox 1630 1002 1825 1058; x_wconf 81' lang='lat' dir='ltr'><strong>Paulus</strong></span> <span class='ocrx_word' id='word_1_68' title='bbox 1856 1010 2116 1055; x_wconf 87' lang='lat' dir='ltr'><strong>memorat</strong></span> <span class='ocrx_word' id='word_1_69' title='bbox 2149 1042 2163 1065; x_wconf 94' lang='lat'><strong>,</strong></span> <span class='ocrx_word' id='word_1_70' title='bbox 2199 1008 2318 1068; x_wconf 90' lang='lat' dir='ltr'><strong>post</strong></span> 
     </span>
    </p>
   </div>
   <div class='ocr_carea' id='block_1_9' title="bbox 735 1091 2315 1167">
    <p class='ocr_par' dir='ltr' id='par_1_9' title="bbox 735 1091 2315 1167">
     <span class='ocr_line' id='line_1_9' title="bbox 735 1091 2315 1167; baseline -0.008 -13"><span class='ocrx_word' id='word_1_71' title='bbox 735 1101 932 1156; x_wconf 82' lang='lat' dir='ltr'><strong>Christi</strong></span> <span class='ocrx_word' id='word_1_72' title='bbox 964 1100 1251 1154; x_wconf 83' lang='lat' dir='ltr'><strong>adventum</strong></span> <span class='ocrx_word' id='word_1_73' title='bbox 1298 1096 1525 1167; x_wconf 73' lang='lat' dir='ltr'><strong>gentiles</strong></span> <span class='ocrx_word' id='word_1_74' title='bbox 1572 1094 1815 1149; x_wconf 87' lang='lat' dir='ltr'><strong>viderunt</strong></span> <span class='ocrx_word' id='word_1_75' title='bbox 1863 1108 1958 1162; x_wconf 87' lang='lat' dir='ltr'><strong>per</strong></span> <span class='ocrx_word' id='word_1_76' title='bbox 1992 1091 2150 1145; x_wconf 83' lang='lat' dir='ltr'><strong>ﬁdem</strong></span> <span class='ocrx_word' id='word_1_77' title='bbox 2195 1107 2315 1143; x_wconf 89' lang='lat' dir='ltr'><strong>cum</strong></span> 
     </span>
    </p>
   </div>
   <div class='ocr_carea' id='block_1_10' title="bbox 739 1181 2317 1264">
    <p class='ocr_par' dir='ltr' id='par_1_10' title="bbox 739 1181 2317 1264">
     <span class='ocr_line' id='line_1_10' title="bbox 739 1181 2317 1264; baseline -0.009 -19"><span class='ocrx_word' id='word_1_78' title='bbox 739 1198 852 1264; x_wconf 84' lang='lat' dir='ltr'><strong>part</strong></span> <span class='ocrx_word' id='word_1_79' title='bbox 880 1206 1063 1246; x_wconf 86' lang='lat' dir='ltr'><strong>secum</strong></span> <span class='ocrx_word' id='word_1_80' title='bbox 1092 1190 1296 1245; x_wconf 86' lang='lat' dir='ltr'><strong>honore</strong></span> <span class='ocrx_word' id='word_1_81' title='bbox 1324 1196 1540 1241; x_wconf 86' lang='lat' dir='ltr'><strong>vocatos</strong></span> <span class='ocrx_word' id='word_1_82' title='bbox 1568 1225 1584 1252; x_wconf 92' lang='lat'><strong>,</strong></span> <span class='ocrx_word' id='word_1_83' title='bbox 1615 1200 1678 1239; x_wconf 93' lang='lat' dir='ltr'><strong>ac</strong></span> <span class='ocrx_word' id='word_1_84' title='bbox 1703 1193 1822 1254; x_wconf 87' lang='lat' dir='ltr'><strong>post</strong></span> <span class='ocrx_word' id='word_1_85' title='bbox 1847 1183 2005 1238; x_wconf 75' lang='lat' dir='ltr'><strong>fidem</strong></span> <span class='ocrx_word' id='word_1_86' title='bbox 2033 1181 2165 1235; x_wconf 87' lang='lat' dir='ltr'><strong>nihil</strong></span> <span class='ocrx_word' id='word_1_87' title='bbox 2202 1181 2317 1250; x_wconf 83' lang='lat' dir='ltr'><strong>plus</strong></span> 
     </span>
    </p>
   </div>
   <div class='ocr_carea' id='block_1_11' title="bbox 741 1276 2317 1351">
    <p class='ocr_par' dir='ltr' id='par_1_11' title="bbox 741 1276 2317 1351">
     <span class='ocr_line' id='line_1_11' title="bbox 741 1276 2317 1351; baseline -0.008 -13"><span class='ocrx_word' id='word_1_88' title='bbox 741 1286 941 1340; x_wconf 86' lang='lat' dir='ltr'><strong>habere</strong></span> <span class='ocrx_word' id='word_1_89' title='bbox 967 1298 1090 1340; x_wconf 92' lang='lat' dir='ltr'><strong>eum</strong></span> <span class='ocrx_word' id='word_1_90' title='bbox 1133 1281 1222 1351; x_wconf 86' lang='lat' dir='ltr'><strong>qui</strong></span> <span class='ocrx_word' id='word_1_91' title='bbox 1251 1295 1317 1336; x_wconf 79' lang='lat' dir='ltr'><strong>ex</strong></span> <span class='ocrx_word' id='word_1_92' title='bbox 1348 1276 1756 1334; x_wconf 86' lang='lat' dir='ltr'><strong>circumcisione</strong></span> <span class='ocrx_word' id='word_1_93' title='bbox 1782 1284 1927 1330; x_wconf 87' lang='lat' dir='ltr'><strong>esset</strong></span> <span class='ocrx_word' id='word_1_94' title='bbox 1960 1316 1975 1341; x_wconf 92' lang='lat'><strong>,</strong></span> <span class='ocrx_word' id='word_1_95' title='bbox 2004 1289 2162 1344; x_wconf 90' lang='lat' dir='ltr'><strong>quam</strong></span> <span class='ocrx_word' id='word_1_96' title='bbox 2194 1288 2317 1327; x_wconf 88' lang='lat' dir='ltr'><strong>eum</strong></span> 
     </span>
    </p>
   </div>
   <div class='ocr_carea' id='block_1_12' title="bbox 736 1366 2316 1446">
    <p class='ocr_par' dir='ltr' id='par_1_12' title="bbox 736 1366 2316 1446">
     <span class='ocr_line' id='line_1_12' title="bbox 736 1366 2316 1446; baseline -0.006 -19"><span class='ocrx_word' id='word_1_97' title='bbox 736 1378 825 1446; x_wconf 88' lang='lat' dir='ltr'><strong>qui</strong></span> <span class='ocrx_word' id='word_1_98' title='bbox 847 1392 911 1431; x_wconf 78' lang='lat' dir='ltr'><strong>ex</strong></span> <span class='ocrx_word' id='word_1_99' title='bbox 933 1374 1183 1445; x_wconf 80' lang='lat' dir='ltr'><strong>gentibus</strong></span> <span class='ocrx_word' id='word_1_100' title='bbox 1205 1372 1521 1427; x_wconf 86' lang='lat' dir='ltr'><strong>accessisset</strong></span> <span class='ocrx_word' id='word_1_101' title='bbox 1555 1389 1569 1424; x_wconf 90' lang='lat'><strong>:</strong></span> <span class='ocrx_word' id='word_1_102' title='bbox 1603 1386 1669 1424; x_wconf 76' lang='lat' dir='ltr'><strong>ex</strong></span> <span class='ocrx_word' id='word_1_103' title='bbox 1693 1368 1938 1438; x_wconf 85' lang='lat' dir='ltr'><strong>superbia</strong></span> <span class='ocrx_word' id='word_1_104' title='bbox 1984 1367 2037 1421; x_wconf 89' lang='lat' dir='ltr'><strong>in</strong></span> <span class='ocrx_word' id='word_1_105' title='bbox 2065 1366 2316 1421; x_wconf 81' lang='lat' dir='ltr'><strong>invidiam</strong></span> 
     </span>
    </p>
   </div>
   <div class='ocr_carea' id='block_1_13' title="bbox 735 1460 2318 1537">
    <p class='ocr_par' dir='ltr' id='par_1_13' title="bbox 735 1460 2318 1537">
     <span class='ocr_line' id='line_1_13' title="bbox 735 1460 2318 1537; baseline -0.008 -14"><span class='ocrx_word' id='word_1_106' title='bbox 735 1468 938 1537; x_wconf 89' lang='lat' dir='ltr'><strong>delapsi</strong></span> <span class='ocrx_word' id='word_1_107' title='bbox 965 1474 1089 1520; x_wconf 89' lang='lat' dir='ltr'><strong>sunt</strong></span> <span class='ocrx_word' id='word_1_108' title='bbox 1117 1506 1132 1528; x_wconf 91' lang='lat'><strong>,</strong></span> <span class='ocrx_word' id='word_1_109' title='bbox 1163 1476 1325 1534; x_wconf 89' lang='lat' dir='ltr'><strong>atque</strong></span> <span class='ocrx_word' id='word_1_110' title='bbox 1370 1461 1691 1517; x_wconf 82' lang='lat' dir='ltr'><strong>ineffabilem</strong></span> <span class='ocrx_word' id='word_1_111' title='bbox 1726 1460 1869 1514; x_wconf 88' lang='lat' dir='ltr'><strong>illam</strong></span> <span class='ocrx_word' id='word_1_112' title='bbox 1897 1460 2318 1526; x_wconf 90' lang='lat' dir='ltr'><strong>immensamque</strong></span> 
     </span>
    </p>
   </div>
   <div class='ocr_carea' id='block_1_14' title="bbox 739 1548 2319 1628">
    <p class='ocr_par' dir='ltr' id='par_1_14' title="bbox 739 1548 2319 1628">
     <span class='ocr_line' id='line_1_14' title="bbox 739 1548 2319 1628; baseline -0.008 -12"><span class='ocrx_word' id='word_1_113' title='bbox 739 1561 948 1616; x_wconf 82' lang='lat' dir='ltr'><strong>Domini</strong></span> <span class='ocrx_word' id='word_1_114' title='bbox 974 1558 1354 1628; x_wconf 89' lang='lat' dir='ltr'><strong>benignitatem</strong></span> <span class='ocrx_word' id='word_1_115' title='bbox 1383 1571 1489 1609; x_wconf 90' lang='lat' dir='ltr'><strong>non</strong></span> <span class='ocrx_word' id='word_1_116' title='bbox 1521 1554 1756 1608; x_wconf 89' lang='lat' dir='ltr'><strong>tulerunt</strong></span> <span class='ocrx_word' id='word_1_117' title='bbox 1781 1570 1792 1605; x_wconf 93' lang='lat'><strong>:</strong></span> <span class='ocrx_word' id='word_1_118' title='bbox 1813 1551 1952 1620; x_wconf 91' lang='lat' dir='ltr'><strong>quod</strong></span> <span class='ocrx_word' id='word_1_119' title='bbox 1977 1566 2080 1604; x_wconf 92' lang='lat' dir='ltr'><strong>non</strong></span> <span class='ocrx_word' id='word_1_120' title='bbox 2107 1548 2319 1604; x_wconf 88' lang='lat' dir='ltr'><strong>aliunde</strong></span> 
     </span>
    </p>
   </div>
   <div class='ocr_carea' id='block_1_15' title="bbox 736 1641 2177 1723">
    <p class='ocr_par' dir='ltr' id='par_1_15' title="bbox 736 1641 2177 1723">
     <span class='ocr_line' id='line_1_15' title="bbox 736 1641 2177 1723; baseline -0.006 -21"><span class='ocrx_word' id='word_1_121' title='bbox 736 1651 1017 1723; x_wconf 74' lang='lat' dir='ltr'><strong>processit,</strong></span> <span class='ocrx_word' id='word_1_122' title='bbox 1050 1663 1206 1719; x_wconf 89' lang='lat' dir='ltr'><strong>quam</strong></span> <span class='ocrx_word' id='word_1_123' title='bbox 1235 1662 1300 1702; x_wconf 80' lang='lat' dir='ltr'><strong>ex</strong></span> <span class='ocrx_word' id='word_1_124' title='bbox 1331 1645 1657 1716; x_wconf 86' lang='lat' dir='ltr'><strong>arrogantia,</strong></span> <span class='ocrx_word' id='word_1_125' title='bbox 1688 1641 1920 1711; x_wconf 85' lang='lat' dir='ltr'><strong>nequitia</strong></span> <span class='ocrx_word' id='word_1_126' title='bbox 1947 1649 2003 1696; x_wconf 92' lang='lat' dir='ltr'><strong>et</strong></span> <span class='ocrx_word' id='word_1_127' title='bbox 2030 1641 2177 1695; x_wconf 92' lang='lat' dir='ltr'><strong>odio.</strong></span> 
     </span>
    </p>
   </div>
   <div class='ocr_carea' id='block_1_16' title="bbox 804 1730 2316 1811">
    <p class='ocr_par' dir='ltr' id='par_1_16' title="bbox 804 1730 2316 1811">
     <span class='ocr_line' id='line_1_16' title="bbox 804 1730 2316 1811; baseline -0.009 -15"><span class='ocrx_word' id='word_1_128' title='bbox 804 1744 860 1796; x_wconf 70' lang='grc' dir='ltr'>Ξ.</span> <span class='ocrx_word' id='word_1_129' title='bbox 885 1742 1020 1811; x_wconf 86' lang='lat' dir='ltr'><strong>Quid</strong></span> <span class='ocrx_word' id='word_1_130' title='bbox 1051 1742 1215 1807; x_wconf 87' lang='lat' dir='ltr'><strong>enim,</strong></span> <span class='ocrx_word' id='word_1_131' title='bbox 1245 1739 1481 1794; x_wconf 90' lang='lat' dir='ltr'><strong>omnium</strong></span> <span class='ocrx_word' id='word_1_132' title='bbox 1511 1734 1812 1791; x_wconf 87' lang='lat' dir='ltr'><strong>stultissimi</strong></span> <span class='ocrx_word' id='word_1_133' title='bbox 1837 1775 1851 1795; x_wconf 88' lang='lat'><strong>,</strong></span> <span class='ocrx_word' id='word_1_134' title='bbox 1880 1733 1968 1787; x_wconf 89' lang='lat' dir='ltr'><strong>illa</strong></span> <span class='ocrx_word' id='word_1_135' title='bbox 1998 1733 2049 1785; x_wconf 90' lang='lat' dir='ltr'><strong>in</strong></span> <span class='ocrx_word' id='word_1_136' title='bbox 2078 1732 2211 1785; x_wconf 87' lang='lat' dir='ltr'><strong>alios</strong></span> <span class='ocrx_word' id='word_1_137' title='bbox 2237 1730 2316 1785; x_wconf 85' lang='lat' dir='ltr'><strong>ef-</strong></span> 
     </span>
    </p>
   </div>
   <div class='ocr_carea' id='block_1_17' title="bbox 733 1823 2319 1902">
    <p class='ocr_par' dir='ltr' id='par_1_17' title="bbox 733 1823 2319 1902">
     <span class='ocr_line' id='line_1_17' title="bbox 733 1823 2319 1902; baseline -0.011 -11"><span class='ocrx_word' id='word_1_138' title='bbox 733 1840 847 1891; x_wconf 88' lang='lat' dir='ltr'><strong>t&#39;usa</strong></span> <span class='ocrx_word' id='word_1_139' title='bbox 877 1832 1204 1902; x_wconf 78' lang='lat' dir='ltr'><strong>providentia</strong></span> <span class='ocrx_word' id='word_1_140' title='bbox 1230 1830 1381 1885; x_wconf 85' lang='lat' dir='ltr'><strong>vobis</strong></span> <span class='ocrx_word' id='word_1_141' title='bbox 1408 1828 1588 1884; x_wconf 88' lang='lat' dir='ltr'><strong>damni</strong></span> <span class='ocrx_word' id='word_1_142' title='bbox 1607 1824 1798 1880; x_wconf 81' lang='lat' dir='ltr'><strong>ali&#39;ert?</strong></span> <span class='ocrx_word' id='word_1_143' title='bbox 1828 1839 1951 1877; x_wconf 91' lang='lat' dir='ltr'><strong>num</strong></span> <span class='ocrx_word' id='word_1_144' title='bbox 1975 1823 2113 1877; x_wconf 89' lang='lat' dir='ltr'><strong>bona</strong></span> <span class='ocrx_word' id='word_1_145' title='bbox 2140 1829 2319 1875; x_wconf 87' lang='lat' dir='ltr'><strong>vestra</strong></span> 
     </span>
    </p>
   </div>
   <div class='ocr_carea' id='block_1_18' title="bbox 736 1912 2319 1978">
    <p class='ocr_par' dir='ltr' id='par_1_18' title="bbox 736 1912 2319 1978">
     <span class='ocr_line' id='line_1_18' title="bbox 736 1912 2319 1978; baseline -0.01 1"><span class='ocrx_word' id='word_1_146' title='bbox 736 1942 800 1978; x_wconf 77' lang='lat' dir='ltr'><strong>ex</strong></span> <span class='ocrx_word' id='word_1_147' title='bbox 859 1924 1086 1978; x_wconf 89' lang='lat' dir='ltr'><strong>aliorum</strong></span> <span class='ocrx_word' id='word_1_148' title='bbox 1138 1920 1410 1975; x_wconf 90' lang='lat' dir='ltr'><strong>consortio</strong></span> <span class='ocrx_word' id='word_1_149' title='bbox 1470 1915 1891 1971; x_wconf 89' lang='lat' dir='ltr'><strong>minuebantur?</strong></span> <span class='ocrx_word' id='word_1_150' title='bbox 1938 1912 2133 1966; x_wconf 83' lang='lat' dir='ltr'><strong>Verum</strong></span> <span class='ocrx_word' id='word_1_151' title='bbox 2178 1925 2319 1964; x_wconf 70' lang='lat' dir='ltr'><strong>caeca</strong></span> 
     </span>
    </p>
   </div>
   <div class='ocr_carea' id='block_1_19' title="bbox 735 2004 2318 2084">
    <p class='ocr_par' dir='ltr' id='par_1_19' title="bbox 735 2004 2318 2084">
     <span class='ocr_line' id='line_1_19' title="bbox 735 2004 2318 2084; baseline -0.007 -17"><span class='ocrx_word' id='word_1_152' title='bbox 735 2014 976 2084; x_wconf 86' lang='lat' dir='ltr'><strong>profecto</strong></span> <span class='ocrx_word' id='word_1_153' title='bbox 1018 2011 1219 2066; x_wconf 88' lang='lat' dir='ltr'><strong>malitia</strong></span> <span class='ocrx_word' id='word_1_154' title='bbox 1248 2018 1332 2065; x_wconf 85' lang='lat' dir='ltr'><strong>est</strong></span> <span class='ocrx_word' id='word_1_155' title='bbox 1355 2051 1369 2076; x_wconf 93' lang='lat'><strong>,</strong></span> <span class='ocrx_word' id='word_1_156' title='bbox 1394 2024 1512 2079; x_wconf 68' lang='lat' dir='ltr'><strong>qum</strong></span> <span class='ocrx_word' id='word_1_157' title='bbox 1538 2006 1664 2076; x_wconf 90' lang='lat' dir='ltr'><strong>quid</strong></span> <span class='ocrx_word' id='word_1_158' title='bbox 1692 2005 1879 2060; x_wconf 88' lang='lat' dir='ltr'><strong>deceat</strong></span> <span class='ocrx_word' id='word_1_159' title='bbox 1908 2004 2185 2074; x_wconf 86' lang='lat' dir='ltr'><strong>percipere</strong></span> <span class='ocrx_word' id='word_1_160' title='bbox 2226 2016 2318 2056; x_wconf 90' lang='lat' dir='ltr'><strong>ne-</strong></span> 
     </span>
    </p>
   </div>
   <div class='ocr_carea' id='block_1_20' title="bbox 736 2096 2320 2174">
    <p class='ocr_par' dir='ltr' id='par_1_20' title="bbox 736 2096 2320 2174">
     <span class='ocr_line' id='line_1_20' title="bbox 736 2096 2320 2174; baseline -0.007 -17"><span class='ocrx_word' id='word_1_161' title='bbox 736 2106 869 2174; x_wconf 89' lang='lat' dir='ltr'><strong>quit.</strong></span> <span class='ocrx_word' id='word_1_162' title='bbox 902 2103 1206 2158; x_wconf 75' lang='lat' dir='ltr'><strong>Exulcerati</strong></span> <span class='ocrx_word' id='word_1_163' title='bbox 1230 2115 1360 2170; x_wconf 84' lang='lat' dir='ltr'><strong>ergo</strong></span> <span class='ocrx_word' id='word_1_164' title='bbox 1383 2099 1524 2170; x_wconf 89' lang='lat' dir='ltr'><strong>quod</strong></span> <span class='ocrx_word' id='word_1_165' title='bbox 1554 2099 1604 2152; x_wconf 89' lang='lat' dir='ltr'><strong>in</strong></span> <span class='ocrx_word' id='word_1_166' title='bbox 1633 2096 2078 2152; x_wconf 85' lang='lat' dir='ltr'><strong>eademlibertate</strong></span> <span class='ocrx_word' id='word_1_167' title='bbox 2100 2109 2320 2149; x_wconf 86' lang='lat' dir='ltr'><strong>consor-</strong></span> 
     </span>
    </p>
   </div>
   <div class='ocr_carea' id='block_1_21' title="bbox 746 2185 2324 2263">
    <p class='ocr_par' dir='ltr' id='par_1_21' title="bbox 746 2185 2324 2263">
     <span class='ocr_line' id='line_1_21' title="bbox 746 2185 2324 2263; baseline -0.008 -12"><span class='ocrx_word' id='word_1_168' title='bbox 746 2208 830 2253; x_wconf 88' lang='lat' dir='ltr'><strong>tes</strong></span> <span class='ocrx_word' id='word_1_169' title='bbox 861 2196 1139 2261; x_wconf 88' lang='lat' dir='ltr'><strong>haberent,</strong></span> <span class='ocrx_word' id='word_1_170' title='bbox 1169 2196 1221 2249; x_wconf 92' lang='lat' dir='ltr'><strong>in</strong></span> <span class='ocrx_word' id='word_1_171' title='bbox 1252 2208 1310 2248; x_wconf 91' lang='lat' dir='ltr'><strong>se</strong></span> <span class='ocrx_word' id='word_1_172' title='bbox 1332 2192 1565 2263; x_wconf 80' lang='lat' dir='ltr'><strong>gladium</strong></span> <span class='ocrx_word' id='word_1_173' title='bbox 1600 2190 1925 2260; x_wconf 89' lang='lat' dir='ltr'><strong>impulerunt</strong></span> <span class='ocrx_word' id='word_1_174' title='bbox 1950 2229 1964 2252; x_wconf 91' lang='lat'><strong>,</strong></span> <span class='ocrx_word' id='word_1_175' title='bbox 2000 2203 2163 2257; x_wconf 88' lang='lat' dir='ltr'><strong>seque</strong></span> <span class='ocrx_word' id='word_1_176' title='bbox 2191 2201 2220 2239; x_wconf 90' lang='lat' dir='ltr'><strong>a</strong></span> <span class='ocrx_word' id='word_1_177' title='bbox 2251 2185 2324 2239; x_wconf 89' lang='lat' dir='ltr'><strong>di-</strong></span> 
     </span>
    </p>
   </div>
   <div class='ocr_carea' id='block_1_22' title="bbox 739 2279 2319 2361">
    <p class='ocr_par' dir='ltr' id='par_1_22' title="bbox 739 2279 2319 2361">
     <span class='ocr_line' id='line_1_22' title="bbox 739 2279 2319 2361; baseline -0.008 -16"><span class='ocrx_word' id='word_1_178' title='bbox 739 2294 861 2347; x_wconf 82' lang='lat' dir='ltr'><strong>vina</strong></span> <span class='ocrx_word' id='word_1_179' title='bbox 889 2290 1215 2361; x_wconf 85' lang='lat' dir='ltr'><strong>benignitate</strong></span> <span class='ocrx_word' id='word_1_180' title='bbox 1241 2288 1512 2357; x_wconf 90' lang='lat' dir='ltr'><strong>ejeceruut</strong></span> <span class='ocrx_word' id='word_1_181' title='bbox 1535 2303 1549 2350; x_wconf 88' lang='lat'><strong>;</strong></span> <span class='ocrx_word' id='word_1_182' title='bbox 1574 2293 1630 2340; x_wconf 90' lang='lat' dir='ltr'><strong>et</strong></span> <span class='ocrx_word' id='word_1_183' title='bbox 1654 2284 1775 2352; x_wconf 87' lang='lat' dir='ltr'><strong>jure</strong></span> <span class='ocrx_word' id='word_1_184' title='bbox 1804 2282 2037 2352; x_wconf 88' lang='lat' dir='ltr'><strong>quidem.</strong></span> <span class='ocrx_word' id='word_1_185' title='bbox 2062 2279 2194 2334; x_wconf 85' lang='lat' dir='ltr'><strong>Nam</strong></span> <span class='ocrx_word' id='word_1_186' title='bbox 2225 2279 2319 2333; x_wconf 89' lang='lat' dir='ltr'><strong>ait:</strong></span> 
     </span>
    </p>
   </div>
   <div class='ocr_carea' id='block_1_23' title="bbox 736 2368 2324 2451">
    <p class='ocr_par' dir='ltr' id='par_1_23' title="bbox 736 2368 2324 2451">
     <span class='ocr_line' id='line_1_23' title="bbox 736 2368 2324 2451; baseline -0.01 -15"><span class='ocrx_word' id='word_1_187' title='bbox 736 2383 911 2436; x_wconf 80' lang='lat' dir='ltr'><strong>Amice</strong></span> <span class='ocrx_word' id='word_1_188' title='bbox 938 2422 953 2447; x_wconf 92' lang='lat'><strong>,</strong></span> <span class='ocrx_word' id='word_1_189' title='bbox 979 2396 1081 2434; x_wconf 87' lang='lat' dir='ltr'><strong>non</strong></span> <span class='ocrx_word' id='word_1_190' title='bbox 1108 2380 1244 2451; x_wconf 78' lang='lat' dir='ltr'><strong>facio</strong></span> <span class='ocrx_word' id='word_1_191' title='bbox 1270 2378 1357 2430; x_wconf 83' lang='lat' dir='ltr'><strong>tibi</strong></span> <span class='ocrx_word' id='word_1_192' title='bbox 1384 2376 1627 2445; x_wconf 83' lang='lat' dir='ltr'><strong>injuriam</strong></span> <span class='ocrx_word' id='word_1_193' title='bbox 1652 2389 1669 2427; x_wconf 92' lang='lat'><em>:</em></span> <span class='ocrx_word' id='word_1_194' title='bbox 1695 2372 1807 2426; x_wconf 81' lang='lat' dir='ltr'><strong>volo</strong></span> <span class='ocrx_word' id='word_1_195' title='bbox 1831 2382 1999 2425; x_wconf 85' lang='lat' dir='ltr'><strong>autem</strong></span> <span class='ocrx_word' id='word_1_196' title='bbox 2026 2380 2071 2423; x_wconf 86' lang='lat' dir='ltr'><strong>et</strong></span> <span class='ocrx_word' id='word_1_197' title='bbox 2094 2370 2172 2423; x_wconf 84' lang='lat' dir='ltr'><strong>his</strong></span> <span class='ocrx_word' id='word_1_198' title='bbox 2201 2368 2324 2421; x_wconf 89' lang='lat' dir='ltr'><strong>dare</strong></span> 
     </span>
    </p>
   </div>
   <div class='ocr_carea' id='block_1_24' title="bbox 736 2458 2322 2541">
    <p class='ocr_par' dir='ltr' id='par_1_24' title="bbox 736 2458 2322 2541">
     <span class='ocr_line' id='line_1_24' title="bbox 736 2458 2322 2541; baseline -0.009 -15"><span class='ocrx_word' id='word_1_199' title='bbox 736 2474 868 2526; x_wconf 85' lang='lat' dir='ltr'><strong>sicut</strong></span> <span class='ocrx_word' id='word_1_200' title='bbox 894 2480 941 2525; x_wconf 85' lang='lat' dir='ltr'><strong>et</strong></span> <span class='ocrx_word' id='word_1_201' title='bbox 970 2470 1057 2523; x_wconf 82' lang='lat' dir='ltr'><strong>tibi</strong></span> <span class='ocrx_word' id='word_1_202' title='bbox 1081 2474 1099 2541; x_wconf 89' lang='lat'><strong>(</strong></span> <span class='ocrx_word' id='word_1_203' title='bbox 1125 2467 1313 2522; x_wconf 77' lang='lat' dir='ltr'><strong>Matth.</strong></span> <span class='ocrx_word' id='word_1_204' title='bbox 1340 2466 1434 2521; x_wconf 71' lang='lat'><strong>20.</strong></span> <span class='ocrx_word' id='word_1_205' title='bbox 1464 2465 1551 2520; x_wconf 76' lang='grc'>15.</span> <span class='ocrx_word' id='word_1_206' title='bbox 1582 2462 1711 2534; x_wconf 68' lang='grc'>14).</span> <span class='ocrx_word' id='word_1_207' title='bbox 1745 2462 1855 2516; x_wconf 84' lang='lat' dir='ltr'><strong>lino</strong></span> <span class='ocrx_word' id='word_1_208' title='bbox 1878 2475 1945 2515; x_wconf 92' lang='lat' dir='ltr'><strong>ne</strong></span> <span class='ocrx_word' id='word_1_209' title='bbox 1965 2460 2182 2530; x_wconf 89' lang='lat' dir='ltr'><strong>quidem</strong></span> <span class='ocrx_word' id='word_1_210' title='bbox 2223 2458 2322 2512; x_wconf 87' lang='lat' dir='ltr'><strong>hac</strong></span> 
     </span>
    </p>
   </div>
   <div class='ocr_carea' id='block_1_25' title="bbox 739 2550 2319 2633">
    <p class='ocr_par' dir='ltr' id='par_1_25' title="bbox 739 2550 2319 2633">
     <span class='ocr_line' id='line_1_25' title="bbox 739 2550 2319 2633; baseline -0.011 -15"><span class='ocrx_word' id='word_1_211' title='bbox 739 2562 1089 2633; x_wconf 89' lang='lat' dir='ltr'><strong>responsione</strong></span> <span class='ocrx_word' id='word_1_212' title='bbox 1109 2560 1251 2629; x_wconf 91' lang='lat' dir='ltr'><strong>digni</strong></span> <span class='ocrx_word' id='word_1_213' title='bbox 1277 2566 1421 2612; x_wconf 89' lang='lat' dir='ltr'><strong>sunt.</strong></span> <span class='ocrx_word' id='word_1_214' title='bbox 1448 2555 1544 2609; x_wconf 88' lang='lat' dir='ltr'><strong>ille</strong></span> <span class='ocrx_word' id='word_1_215' title='bbox 1565 2568 1795 2623; x_wconf 90' lang='lat' dir='ltr'><strong>namque</strong></span> <span class='ocrx_word' id='word_1_216' title='bbox 1815 2552 1913 2607; x_wconf 89' lang='lat' dir='ltr'><strong>etsi</strong></span> <span class='ocrx_word' id='word_1_217' title='bbox 1932 2565 2071 2621; x_wconf 81' lang='lat' dir='ltr'><strong>aegre</strong></span> <span class='ocrx_word' id='word_1_218' title='bbox 2097 2550 2319 2613; x_wconf 88' lang='lat' dir='ltr'><strong>ferebat,</strong></span> 
     </span>
    </p>
   </div>
   <div class='ocr_carea' id='block_1_26' title="bbox 741 2647 2319 2727">
    <p class='ocr_par' dir='ltr' id='par_1_26' title="bbox 741 2647 2319 2727">
     <span class='ocr_line' id='line_1_26' title="bbox 741 2647 2319 2727; baseline -0.011 -16"><span class='ocrx_word' id='word_1_219' title='bbox 741 2664 950 2727; x_wconf 85' lang='lat' dir='ltr'><strong>poterat</strong></span> <span class='ocrx_word' id='word_1_220' title='bbox 979 2664 1157 2709; x_wconf 88' lang='lat' dir='ltr'><strong>tamen</strong></span> <span class='ocrx_word' id='word_1_221' title='bbox 1182 2651 1289 2707; x_wconf 91' lang='lat' dir='ltr'><strong>diei</strong></span> <span class='ocrx_word' id='word_1_222' title='bbox 1318 2650 1480 2705; x_wconf 87' lang='lat' dir='ltr'><strong>totius</strong></span> <span class='ocrx_word' id='word_1_223' title='bbox 1502 2647 1711 2701; x_wconf 88' lang='lat' dir='ltr'><strong>labores</strong></span> <span class='ocrx_word' id='word_1_224' title='bbox 1745 2687 1760 2712; x_wconf 90' lang='lat'><strong>,</strong></span> <span class='ocrx_word' id='word_1_225' title='bbox 1786 2658 2054 2699; x_wconf 65' lang='lat' dir='ltr'><strong>aerumnas</strong></span> <span class='ocrx_word' id='word_1_226' title='bbox 2089 2684 2104 2709; x_wconf 91' lang='lat'><strong>,</strong></span> <span class='ocrx_word' id='word_1_227' title='bbox 2131 2652 2319 2697; x_wconf 72' lang='lat' dir='ltr'><strong>aestum</strong></span> 
     </span>
    </p>
   </div>
   <div class='ocr_carea' id='block_1_27' title="bbox 739 2734 2323 2815">
    <p class='ocr_par' dir='ltr' id='par_1_27' title="bbox 739 2734 2323 2815">
     <span class='ocr_line' id='line_1_27' title="bbox 739 2734 2323 2815; baseline -0.012 -10"><span class='ocrx_word' id='word_1_228' title='bbox 739 2760 794 2805; x_wconf 86' lang='lat' dir='ltr'><strong>et</strong></span> <span class='ocrx_word' id='word_1_229' title='bbox 835 2748 1086 2804; x_wconf 89' lang='lat' dir='ltr'><strong>sudorem</strong></span> <span class='ocrx_word' id='word_1_230' title='bbox 1137 2745 1377 2815; x_wconf 88' lang='lat' dir='ltr'><strong>proferre</strong></span> <span class='ocrx_word' id='word_1_231' title='bbox 1405 2758 1418 2795; x_wconf 92' lang='lat'>:</span> <span class='ocrx_word' id='word_1_232' title='bbox 1451 2741 1503 2795; x_wconf 89' lang='lat' dir='ltr'><strong>hi</strong></span> <span class='ocrx_word' id='word_1_233' title='bbox 1536 2754 1664 2794; x_wconf 89' lang='lat' dir='ltr'><strong>vero</strong></span> <span class='ocrx_word' id='word_1_234' title='bbox 1689 2737 1814 2807; x_wconf 89' lang='lat' dir='ltr'><strong>quid</strong></span> <span class='ocrx_word' id='word_1_235' title='bbox 1856 2737 2035 2791; x_wconf 89' lang='lat' dir='ltr'><strong>dicere</strong></span> <span class='ocrx_word' id='word_1_236' title='bbox 2071 2734 2323 2804; x_wconf 82' lang='lat' dir='ltr'><strong>possint?</strong></span> 
     </span>
    </p>
   </div>
   <div class='ocr_carea' id='block_1_28' title="bbox 742 2828 2322 2909">
    <p class='ocr_par' dir='ltr' id='par_1_28' title="bbox 742 2828 2322 2909">
     <span class='ocr_line' id='line_1_28' title="bbox 742 2828 2322 2909; baseline -0.009 -15"><span class='ocrx_word' id='word_1_237' title='bbox 742 2840 882 2895; x_wconf 78' lang='lat' dir='ltr'><strong>Nihil</strong></span> <span class='ocrx_word' id='word_1_238' title='bbox 905 2839 1119 2909; x_wconf 87' lang='lat' dir='ltr'><strong>quidem</strong></span> <span class='ocrx_word' id='word_1_239' title='bbox 1149 2836 1292 2899; x_wconf 87' lang='lat' dir='ltr'><strong>tale;</strong></span> <span class='ocrx_word' id='word_1_240' title='bbox 1325 2833 1420 2888; x_wconf 86' lang='lat' dir='ltr'><strong>sed</strong></span> <span class='ocrx_word' id='word_1_241' title='bbox 1447 2831 1705 2887; x_wconf 86' lang='lat' dir='ltr'><strong>desidiam</strong></span> <span class='ocrx_word' id='word_1_242' title='bbox 1733 2871 1746 2892; x_wconf 89' lang='lat'><strong>,</strong></span> <span class='ocrx_word' id='word_1_243' title='bbox 1776 2828 2237 2898; x_wconf 85' lang='lat' dir='ltr'><strong>intemperantiam</strong></span> <span class='ocrx_word' id='word_1_244' title='bbox 2267 2836 2322 2881; x_wconf 90' lang='lat' dir='ltr'><strong>et</strong></span> 
     </span>
    </p>
   </div>
   <div class='ocr_carea' id='block_1_29' title="bbox 735 2919 2321 2997">
    <p class='ocr_par' dir='ltr' id='par_1_29' title="bbox 735 2919 2321 2997">
     <span class='ocr_line' id='line_1_29' title="bbox 735 2919 2321 2997; baseline -0.008 -13"><span class='ocrx_word' id='word_1_245' title='bbox 735 2931 881 2986; x_wconf 80' lang='lat' dir='ltr'><strong>mille</strong></span> <span class='ocrx_word' id='word_1_246' title='bbox 899 2931 1019 2985; x_wconf 91' lang='lat' dir='ltr'><strong>vitia</strong></span> <span class='ocrx_word' id='word_1_247' title='bbox 1050 2970 1065 2995; x_wconf 91' lang='lat'><strong>,</strong></span> <span class='ocrx_word' id='word_1_248' title='bbox 1101 2943 1221 2997; x_wconf 72' lang='lat' dir='ltr'><strong>qua:</strong></span> <span class='ocrx_word' id='word_1_249' title='bbox 1237 2925 1509 2995; x_wconf 81' lang='lat' dir='ltr'><strong>prophetae</strong></span> <span class='ocrx_word' id='word_1_250' title='bbox 1528 2936 1717 2977; x_wconf 90' lang='lat' dir='ltr'><strong>omnes</strong></span> <span class='ocrx_word' id='word_1_251' title='bbox 1745 2921 2046 2974; x_wconf 86' lang='lat' dir='ltr'><strong>incusantes</strong></span> <span class='ocrx_word' id='word_1_252' title='bbox 2074 2919 2176 2972; x_wconf 90' lang='lat' dir='ltr'><strong>illis</strong></span> <span class='ocrx_word' id='word_1_253' title='bbox 2198 2933 2321 2989; x_wconf 89' lang='lat' dir='ltr'><strong>per-</strong></span> 
     </span>
    </p>
   </div>
   <div class='ocr_carea' id='block_1_30' title="bbox 738 3008 2318 3091">
    <p class='ocr_par' dir='ltr' id='par_1_30' title="bbox 738 3008 2318 3091">
     <span class='ocr_line' id='line_1_30' title="bbox 738 3008 2318 3091; baseline -0.01 -14"><span class='ocrx_word' id='word_1_254' title='bbox 738 3031 901 3090; x_wconf 85' lang='lat' dir='ltr'><strong>petuo</strong></span> <span class='ocrx_word' id='word_1_255' title='bbox 923 3021 1248 3091; x_wconf 89' lang='lat' dir='ltr'><strong>objiciebant</strong></span> <span class='ocrx_word' id='word_1_256' title='bbox 1279 3036 1292 3072; x_wconf 93' lang='lat'>:</span> <span class='ocrx_word' id='word_1_257' title='bbox 1328 3033 1424 3087; x_wconf 91' lang='lat' dir='ltr'><strong>per</strong></span> <span class='ocrx_word' id='word_1_258' title='bbox 1464 3030 1584 3085; x_wconf 80' lang='lat' dir='ltr'><strong>qua:</strong></span> <span class='ocrx_word' id='word_1_259' title='bbox 1629 3014 1754 3066; x_wconf 86' lang='lat' dir='ltr'><strong>vitia</strong></span> <span class='ocrx_word' id='word_1_260' title='bbox 1800 3011 1874 3065; x_wconf 87' lang='lat' dir='ltr'><strong>illi</strong></span> <span class='ocrx_word' id='word_1_261' title='bbox 1908 3008 2128 3080; x_wconf 89' lang='lat' dir='ltr'><strong>perinde</strong></span> <span class='ocrx_word' id='word_1_262' title='bbox 2158 3018 2318 3078; x_wconf 88' lang='lat' dir='ltr'><strong>atque</strong></span> 
     </span>
    </p>
   </div>
   <div class='ocr_carea' id='block_1_31' title="bbox 735 3101 2321 3181">
    <p class='ocr_par' dir='ltr' id='par_1_31' title="bbox 735 3101 2321 3181">
     <span class='ocr_line' id='line_1_31' title="bbox 735 3101 2321 3181; baseline -0.009 -13"><span class='ocrx_word' id='word_1_263' title='bbox 735 3112 959 3181; x_wconf 84' lang='lat' dir='ltr'><strong>gentiles</strong></span> <span class='ocrx_word' id='word_1_264' title='bbox 992 3113 1157 3167; x_wconf 89' lang='lat' dir='ltr'><strong>Deum</strong></span> <span class='ocrx_word' id='word_1_265' title='bbox 1180 3108 1536 3164; x_wconf 69' lang='lat' dir='ltr'><strong>offenderent.</strong></span> <span class='ocrx_word' id='word_1_266' title='bbox 1569 3104 1620 3158; x_wconf 91' lang='lat' dir='ltr'><strong>ld</strong></span> <span class='ocrx_word' id='word_1_267' title='bbox 1651 3103 1791 3174; x_wconf 89' lang='lat' dir='ltr'><strong>quod</strong></span> <span class='ocrx_word' id='word_1_268' title='bbox 1824 3102 2107 3156; x_wconf 88' lang='lat' dir='ltr'><strong>declarans</strong></span> <span class='ocrx_word' id='word_1_269' title='bbox 2125 3101 2321 3155; x_wconf 84' lang='lat' dir='ltr'><strong>Paulus</strong></span> 
     </span>
    </p>
   </div>
   <div class='ocr_carea' id='block_1_32' title="bbox 738 3191 2319 3263">
    <p class='ocr_par' dir='ltr' id='par_1_32' title="bbox 738 3191 2319 3263">
     <span class='ocr_line' id='line_1_32' title="bbox 738 3191 2319 3263; baseline -0.01 -3"><span class='ocrx_word' id='word_1_270' title='bbox 738 3205 948 3260; x_wconf 85' lang='lat' dir='ltr'><strong>dicebat</strong></span> <span class='ocrx_word' id='word_1_271' title='bbox 977 3220 992 3257; x_wconf 90' lang='lat'><strong>:</strong></span> <span class='ocrx_word' id='word_1_272' title='bbox 1027 3200 1149 3255; x_wconf 88' lang='lat' dir='ltr'><strong>Non</strong></span> <span class='ocrx_word' id='word_1_273' title='bbox 1174 3199 1307 3254; x_wconf 83' lang='lat' dir='ltr'><strong>enim</strong></span> <span class='ocrx_word' id='word_1_274' title='bbox 1343 3208 1414 3252; x_wconf 83' lang='lat' dir='ltr'><strong>est</strong></span> <span class='ocrx_word' id='word_1_275' title='bbox 1445 3195 1699 3250; x_wconf 79' lang='lat' dir='ltr'><strong>distinctio</strong></span> <span class='ocrx_word' id='word_1_276' title='bbox 1724 3192 1892 3249; x_wconf 61' lang='lat' dir='ltr'><strong>Judaai</strong></span> <span class='ocrx_word' id='word_1_277' title='bbox 1920 3204 2080 3263; x_wconf 83' lang='lat' dir='ltr'><strong>atque</strong></span> <span class='ocrx_word' id='word_1_278' title='bbox 2102 3191 2273 3247; x_wconf 69' lang='lat' dir='ltr'><strong>Graeci</strong></span> <span class='ocrx_word' id='word_1_279' title='bbox 2305 3209 2319 3245; x_wconf 89' lang='lat'><strong>:</strong></span> 
     </span>
    </p>
   </div>
   <div class='ocr_carea' id='block_1_33' title="bbox 737 3285 2320 3364">
    <p class='ocr_par' dir='ltr' id='par_1_33' title="bbox 737 3285 2320 3364">
     <span class='ocr_line' id='line_1_33' title="bbox 737 3285 2320 3364; baseline -0.009 -11"><span class='ocrx_word' id='word_1_280' title='bbox 737 3313 908 3353; x_wconf 84' lang='lat' dir='ltr'><strong>onmes</strong></span> <span class='ocrx_word' id='word_1_281' title='bbox 930 3296 1061 3350; x_wconf 85' lang='lat' dir='ltr'><strong>enim</strong></span> <span class='ocrx_word' id='word_1_282' title='bbox 1088 3299 1413 3364; x_wconf 80' lang='lat' dir='ltr'><strong>peccaverunt</strong></span> <span class='ocrx_word' id='word_1_283' title='bbox 1438 3331 1453 3353; x_wconf 91' lang='lat'><strong>,</strong></span> <span class='ocrx_word' id='word_1_284' title='bbox 1486 3299 1531 3343; x_wconf 91' lang='lat' dir='ltr'><strong>et</strong></span> <span class='ocrx_word' id='word_1_285' title='bbox 1558 3296 1699 3359; x_wconf 83' lang='lat' dir='ltr'><strong>egent</strong></span> <span class='ocrx_word' id='word_1_286' title='bbox 1723 3287 1889 3358; x_wconf 86' lang='lat' dir='ltr'><strong>gloria</strong></span> <span class='ocrx_word' id='word_1_287' title='bbox 1920 3285 2029 3340; x_wconf 86' lang='lat' dir='ltr'><strong>Dei.</strong></span> <span class='ocrx_word' id='word_1_288' title='bbox 2046 3286 2320 3355; x_wconf 77' lang='lat' dir='ltr'><strong>justiﬁcati</strong></span> 
     </span>
    </p>
   </div>
   <div class='ocr_carea' id='block_1_34' title="bbox 735 3375 2318 3459">
    <p class='ocr_par' dir='ltr' id='par_1_34' title="bbox 735 3375 2318 3459">
     <span class='ocr_line' id='line_1_34' title="bbox 735 3375 2318 3459; baseline -0.01 -16"><span class='ocrx_word' id='word_1_289' title='bbox 735 3391 895 3459; x_wconf 86' lang='lat' dir='ltr'><strong>gratis</strong></span> <span class='ocrx_word' id='word_1_290' title='bbox 940 3403 1029 3457; x_wconf 86' lang='lat' dir='ltr'><strong>per</strong></span> <span class='ocrx_word' id='word_1_291' title='bbox 1056 3383 1274 3456; x_wconf 86' lang='lat' dir='ltr'><strong>gratiam</strong></span> <span class='ocrx_word' id='word_1_292' title='bbox 1303 3381 1462 3451; x_wconf 76' lang='lat' dir='ltr'><strong>ipsius</strong></span> <span class='ocrx_word' id='word_1_293' title='bbox 1508 3378 1681 3449; x_wconf 82' lang='lat' dir='ltr'><strong>(Rom.</strong></span> <span class='ocrx_word' id='word_1_294' title='bbox 1715 3378 1768 3431; x_wconf 81' lang='grc'>5.</span> <span class='ocrx_word' id='word_1_295' title='bbox 1799 3376 1871 3429; x_wconf 73' lang='lat'><strong>22</strong></span> <span class='ocrx_word' id='word_1_296' title='bbox 1899 3375 2017 3445; x_wconf 65' lang='grc'><strong>24).</strong></span> <span class='ocrx_word' id='word_1_297' title='bbox 2053 3376 2163 3431; x_wconf 82' lang='lat' dir='ltr'><strong>Hoc</strong></span> <span class='ocrx_word' id='word_1_298' title='bbox 2190 3390 2318 3428; x_wconf 87' lang='lat' dir='ltr'><strong>vero</strong></span> 
     </span>
    </p>
   </div>
   <div class='ocr_carea' id='block_1_35' title="bbox 736 3467 2321 3549">
    <p class='ocr_par' dir='ltr' id='par_1_35' title="bbox 736 3467 2321 3549">
     <span class='ocr_line' id='line_1_35' title="bbox 736 3467 2321 3549; baseline -0.009 -17"><span class='ocrx_word' id='word_1_299' title='bbox 736 3488 897 3549; x_wconf 89' lang='lat' dir='ltr'><strong>caput</strong></span> <span class='ocrx_word' id='word_1_300' title='bbox 924 3486 1091 3531; x_wconf 88' lang='lat' dir='ltr'><strong>totqu</strong></span> <span class='ocrx_word' id='word_1_301' title='bbox 1123 3474 1323 3529; x_wconf 85' lang='lat' dir='ltr'><strong>utiliter</strong></span> <span class='ocrx_word' id='word_1_302' title='bbox 1344 3479 1398 3525; x_wconf 93' lang='lat' dir='ltr'><strong>et</strong></span> <span class='ocrx_word' id='word_1_303' title='bbox 1422 3468 1707 3524; x_wconf 82' lang='lat' dir='ltr'><strong>admodum</strong></span> <span class='ocrx_word' id='word_1_304' title='bbox 1736 3467 2026 3537; x_wconf 89' lang='lat' dir='ltr'><strong>prudenter</strong></span> <span class='ocrx_word' id='word_1_305' title='bbox 2052 3467 2102 3519; x_wconf 88' lang='lat' dir='ltr'><strong>in</strong></span> <span class='ocrx_word' id='word_1_306' title='bbox 2122 3467 2321 3536; x_wconf 89' lang='lat' dir='ltr'><strong>episto-</strong></span> 
     </span>
    </p>
   </div>
   <div class='ocr_carea' id='block_1_36' title="bbox 740 3557 2317 3638">
    <p class='ocr_par' dir='ltr' id='par_1_36' title="bbox 740 3557 2317 3638">
     <span class='ocr_line' id='line_1_36' title="bbox 740 3557 2317 3638; baseline -0.01 -12"><span class='ocrx_word' id='word_1_307' title='bbox 740 3572 789 3625; x_wconf 91' lang='lat' dir='ltr'><strong>la</strong></span> <span class='ocrx_word' id='word_1_308' title='bbox 817 3569 904 3625; x_wconf 85' lang='lat' dir='ltr'><strong>illa</strong></span> <span class='ocrx_word' id='word_1_309' title='bbox 934 3571 1243 3638; x_wconf 87' lang='lat' dir='ltr'><strong>pertractat.</strong></span> <span class='ocrx_word' id='word_1_310' title='bbox 1277 3560 1537 3631; x_wconf 89' lang='lat' dir='ltr'><strong>Superius</strong></span> <span class='ocrx_word' id='word_1_311' title='bbox 1579 3567 1757 3614; x_wconf 90' lang='lat' dir='ltr'><strong>autem</strong></span> <span class='ocrx_word' id='word_1_312' title='bbox 1807 3557 1925 3612; x_wconf 91' lang='lat' dir='ltr'><strong>illos</strong></span> <span class='ocrx_word' id='word_1_313' title='bbox 1973 3557 2161 3627; x_wconf 87' lang='lat' dir='ltr'><strong>majori</strong></span> <span class='ocrx_word' id='word_1_314' title='bbox 2191 3572 2317 3626; x_wconf 86' lang='lat' dir='ltr'><strong>sup-</strong></span> 
     </span>
    </p>
   </div>
   <div class='ocr_carea' id='block_1_37' title="bbox 741 3648 2315 3730">
    <p class='ocr_par' dir='ltr' id='par_1_37' title="bbox 741 3648 2315 3730">
     <span class='ocr_line' id='line_1_37' title="bbox 741 3648 2315 3730; baseline -0.01 -13"><span class='ocrx_word' id='word_1_315' title='bbox 741 3661 897 3730; x_wconf 85' lang='lat' dir='ltr'><strong>plicio</strong></span> <span class='ocrx_word' id='word_1_316' title='bbox 919 3658 1110 3728; x_wconf 87' lang='lat' dir='ltr'><strong>dignos</strong></span> <span class='ocrx_word' id='word_1_317' title='bbox 1136 3653 1371 3710; x_wconf 87' lang='lat' dir='ltr'><strong>ostendit</strong></span> <span class='ocrx_word' id='word_1_318' title='bbox 1402 3669 1417 3704; x_wconf 87' lang='lat'><strong>:</strong></span> <span class='ocrx_word' id='word_1_319' title='bbox 1447 3650 1757 3720; x_wconf 84' lang='lat' dir='ltr'><strong>Quicumque</strong></span> <span class='ocrx_word' id='word_1_320' title='bbox 1775 3652 1909 3702; x_wconf 85' lang='lat' dir='ltr'><strong>enim</strong></span> <span class='ocrx_word' id='word_1_321' title='bbox 1932 3648 1985 3702; x_wconf 84' lang='lat' dir='ltr'><strong>iu</strong></span> <span class='ocrx_word' id='word_1_322' title='bbox 2008 3648 2116 3719; x_wconf 85' lang='lat' dir='ltr'><strong>lege</strong></span> <span class='ocrx_word' id='word_1_323' title='bbox 2136 3664 2315 3718; x_wconf 84' lang='lat' dir='ltr'><strong>pecca-</strong></span> 
     </span>
    </p>
   </div>
   <div class='ocr_carea' id='block_1_38' title="bbox 737 3739 2313 3819">
    <p class='ocr_par' dir='ltr' id='par_1_38' title="bbox 737 3739 2313 3819">
     <span class='ocr_line' id='line_1_38' title="bbox 737 3739 2313 3819; baseline -0.008 -13"><span class='ocrx_word' id='word_1_324' title='bbox 737 3759 931 3814; x_wconf 74' lang='lat' dir='ltr'><strong>verunt,</strong></span> <span class='ocrx_word' id='word_1_325' title='bbox 969 3765 1057 3819; x_wconf 86' lang='lat' dir='ltr'><strong>per</strong></span> <span class='ocrx_word' id='word_1_326' title='bbox 1098 3749 1256 3817; x_wconf 85' lang='lat' dir='ltr'><strong>legem</strong></span> <span class='ocrx_word' id='word_1_327' title='bbox 1271 3742 1639 3815; x_wconf 80' lang='lat' dir='ltr'><strong>judicabutttur</strong></span> <span class='ocrx_word' id='word_1_328' title='bbox 1666 3739 1839 3811; x_wconf 84' lang='lat' dir='ltr'><strong>(Rom.</strong></span> <span class='ocrx_word' id='word_1_329' title='bbox 1862 3739 1917 3795; x_wconf 68' lang='grc'>9.</span> <span class='ocrx_word' id='word_1_330' title='bbox 1948 3739 2036 3810; x_wconf 69' lang='grc' dir='ltr'><strong>η)</strong></span> <span class='ocrx_word' id='word_1_331' title='bbox 2067 3757 2080 3793; x_wconf 93' lang='lat'><strong>:</strong></span> <span class='ocrx_word' id='word_1_332' title='bbox 2110 3739 2161 3793; x_wconf 88' lang='lat' dir='ltr'><strong>id</strong></span> <span class='ocrx_word' id='word_1_333' title='bbox 2191 3749 2271 3794; x_wconf 90' lang='lat' dir='ltr'><strong>est</strong></span> <span class='ocrx_word' id='word_1_334' title='bbox 2298 3781 2313 3806; x_wconf 96' lang='lat'><strong>,</strong></span> 
     </span>
    </p>
   </div>
   <div class='ocr_carea' id='block_1_39' title="bbox 735 3834 2312 3914">
    <p class='ocr_par' dir='ltr' id='par_1_39' title="bbox 735 3834 2312 3914">
     <span class='ocr_line' id='line_1_39' title="bbox 735 3834 2312 3914; baseline -0.007 -16"><span class='ocrx_word' id='word_1_335' title='bbox 735 3844 984 3914; x_wconf 85' lang='lat' dir='ltr'><strong>gravius;</strong></span> <span class='ocrx_word' id='word_1_336' title='bbox 1009 3841 1131 3910; x_wconf 88' lang='lat' dir='ltr'><strong>quia</strong></span> <span class='ocrx_word' id='word_1_337' title='bbox 1162 3848 1361 3909; x_wconf 77' lang='lat' dir='ltr'><strong>praeter</strong></span> <span class='ocrx_word' id='word_1_338' title='bbox 1408 3846 1652 3891; x_wconf 90' lang='lat' dir='ltr'><strong>naturam</strong></span> <span class='ocrx_word' id='word_1_339' title='bbox 1700 3834 1872 3904; x_wconf 87' lang='lat' dir='ltr'><strong>legem</strong></span> <span class='ocrx_word' id='word_1_340' title='bbox 1905 3848 2118 3903; x_wconf 89' lang='lat' dir='ltr'><strong>quoque</strong></span> <span class='ocrx_word' id='word_1_341' title='bbox 2150 3848 2312 3888; x_wconf 87' lang='lat' dir='ltr'><strong>accu-</strong></span> 
     </span>
    </p>
   </div>
   <div class='ocr_carea' id='block_1_40' title="bbox 734 3924 2315 3998">
    <p class='ocr_par' dir='ltr' id='par_1_40' title="bbox 734 3924 2315 3998">
     <span class='ocr_line' id='line_1_40' title="bbox 734 3924 2315 3998; baseline -0.008 -6"><span class='ocrx_word' id='word_1_342' title='bbox 734 3946 948 3992; x_wconf 81' lang='lat' dir='ltr'><strong>santem</strong></span> <span class='ocrx_word' id='word_1_343' title='bbox 980 3931 1266 3987; x_wconf 90' lang='lat' dir='ltr'><strong>habebunt.</strong></span> <span class='ocrx_word' id='word_1_344' title='bbox 1290 3928 1470 3998; x_wconf 84' lang='lat' dir='ltr'><strong>Neque</strong></span> <span class='ocrx_word' id='word_1_345' title='bbox 1495 3927 1619 3981; x_wconf 90' lang='lat' dir='ltr'><strong>hinc</strong></span> <span class='ocrx_word' id='word_1_346' title='bbox 1644 3936 1871 3988; x_wconf 89' lang='lat' dir='ltr'><strong>tantum,</strong></span> <span class='ocrx_word' id='word_1_347' title='bbox 1899 3925 1993 3980; x_wconf 90' lang='lat' dir='ltr'><strong>sed</strong></span> <span class='ocrx_word' id='word_1_348' title='bbox 2018 3932 2073 3980; x_wconf 91' lang='lat' dir='ltr'><strong>et</strong></span> <span class='ocrx_word' id='word_1_349' title='bbox 2097 3924 2240 3994; x_wconf 90' lang='lat' dir='ltr'><strong>quod</strong></span> <span class='ocrx_word' id='word_1_350' title='bbox 2261 3924 2315 3979; x_wconf 90' lang='lat' dir='ltr'><strong>in</strong></span> 
     </span>
    </p>
   </div>
   <div class='ocr_carea' id='block_1_41' title="bbox 744 4016 2311 4090">
    <p class='ocr_par' dir='ltr' id='par_1_41' title="bbox 744 4016 2311 4090">
     <span class='ocr_line' id='line_1_41' title="bbox 744 4016 2311 4090; baseline -0.008 -8"><span class='ocrx_word' id='word_1_351' title='bbox 744 4042 905 4082; x_wconf 85' lang='lat' dir='ltr'><strong>causa</strong></span> <span class='ocrx_word' id='word_1_352' title='bbox 936 4023 1133 4079; x_wconf 89' lang='lat' dir='ltr'><strong>fuerint</strong></span> <span class='ocrx_word' id='word_1_353' title='bbox 1159 4036 1255 4076; x_wconf 89' lang='lat' dir='ltr'><strong>cur</strong></span> <span class='ocrx_word' id='word_1_354' title='bbox 1273 4030 1458 4090; x_wconf 90' lang='lat' dir='ltr'><strong>gentes</strong></span> <span class='ocrx_word' id='word_1_355' title='bbox 1491 4019 1657 4072; x_wconf 90' lang='lat' dir='ltr'><strong>Deum</strong></span> <span class='ocrx_word' id='word_1_356' title='bbox 1690 4017 2121 4087; x_wconf 88' lang='lat' dir='ltr'><strong>hiasphemarent</strong></span> <span class='ocrx_word' id='word_1_357' title='bbox 2151 4034 2163 4068; x_wconf 91' lang='lat'><strong>:</strong></span> <span class='ocrx_word' id='word_1_358' title='bbox 2197 4016 2311 4070; x_wconf 89' lang='grc' dir='ltr'><strong>Νο-</strong></span> 
     </span>
    </p>
   </div>
   <div class='ocr_carea' id='block_1_42' title="bbox 742 4107 2315 4179">
    <p class='ocr_par' dir='ltr' id='par_1_42' title="bbox 742 4107 2315 4179">
     <span class='ocr_line' id='line_1_42' title="bbox 742 4107 2315 4179; baseline -0.006 -8"><span class='ocrx_word' id='word_1_359' title='bbox 742 4132 856 4171; x_wconf 82' lang='lat' dir='ltr'><strong>men</strong></span> <span class='ocrx_word' id='word_1_360' title='bbox 894 4116 1026 4170; x_wconf 85' lang='lat' dir='ltr'><strong>enim</strong></span> <span class='ocrx_word' id='word_1_361' title='bbox 1049 4128 1233 4173; x_wconf 87' lang='lat' dir='ltr'><strong>meum,</strong></span> <span class='ocrx_word' id='word_1_362' title='bbox 1265 4110 1434 4179; x_wconf 85' lang='lat' dir='ltr'><strong>inquit</strong></span> <span class='ocrx_word' id='word_1_363' title='bbox 1456 4148 1470 4170; x_wconf 90' lang='lat'><strong>,</strong></span> <span class='ocrx_word' id='word_1_364' title='bbox 1496 4125 1583 4177; x_wconf 86' lang='lat' dir='ltr'><strong>per</strong></span> <span class='ocrx_word' id='word_1_365' title='bbox 1608 4125 1693 4163; x_wconf 81' lang='lat' dir='ltr'><strong>vos</strong></span> <span class='ocrx_word' id='word_1_366' title='bbox 1718 4107 2094 4178; x_wconf 77' lang='lat' dir='ltr'><strong>blasphematur</strong></span> <span class='ocrx_word' id='word_1_367' title='bbox 2112 4107 2164 4160; x_wconf 84' lang='lat' dir='ltr'><strong>in</strong></span> <span class='ocrx_word' id='word_1_368' title='bbox 2191 4124 2315 4177; x_wconf 84' lang='lat' dir='ltr'><strong>gen-</strong></span> 
     </span>
    </p>
   </div>
   <div class='ocr_carea' id='block_1_43' title="bbox 736 4190 2317 4270">
    <p class='ocr_par' dir='ltr' id='par_1_43' title="bbox 736 4190 2317 4270">
     <span class='ocr_line' id='line_1_43' title="bbox 736 4190 2317 4270; baseline -0.008 -13"><span class='ocrx_word' id='word_1_369' title='bbox 736 4204 868 4257; x_wconf 80' lang='lat' dir='ltr'><strong>tibus</strong></span> <span class='ocrx_word' id='word_1_370' title='bbox 888 4197 1046 4270; x_wconf 85' lang='lat' dir='ltr'><strong>(lsai.</strong></span> <span class='ocrx_word' id='word_1_371' title='bbox 1076 4196 1168 4251; x_wconf 74' lang='lat'><strong>52.</strong></span> <span class='ocrx_word' id='word_1_372' title='bbox 1197 4196 1250 4250; x_wconf 80' lang='grc'>5.</span> <span class='ocrx_word' id='word_1_373' title='bbox 1284 4194 1435 4248; x_wconf 83' lang='lat' dir='ltr'><strong>Rom.</strong></span> <span class='ocrx_word' id='word_1_374' title='bbox 1461 4192 1646 4260; x_wconf 65' lang='lat'><strong>2.24).</strong></span> <span class='ocrx_word' id='word_1_375' title='bbox 1674 4193 1807 4245; x_wconf 80' lang='lat' dir='ltr'><strong>Cum</strong></span> <span class='ocrx_word' id='word_1_376' title='bbox 1840 4191 1997 4262; x_wconf 89' lang='lat' dir='ltr'><strong>igitur</strong></span> <span class='ocrx_word' id='word_1_377' title='bbox 2022 4190 2125 4246; x_wconf 91' lang='lat' dir='ltr'><strong>hoc</strong></span> <span class='ocrx_word' id='word_1_378' title='bbox 2149 4192 2317 4245; x_wconf 81' lang='lat' dir='ltr'><strong>maxi-</strong></span> 
     </span>
    </p>
   </div>
   <div class='ocr_carea' id='block_1_44' title="bbox 735 4282 2314 4354">
    <p class='ocr_par' dir='ltr' id='par_1_44' title="bbox 735 4282 2314 4354">
     <span class='ocr_line' id='line_1_44' title="bbox 735 4282 2314 4354; baseline -0.006 -6"><span class='ocrx_word' id='word_1_379' title='bbox 735 4308 825 4348; x_wconf 88' lang='lat' dir='ltr'><strong>me</strong></span> <span class='ocrx_word' id='word_1_380' title='bbox 861 4287 1135 4347; x_wconf 86' lang='lat' dir='ltr'><strong>morderet</strong></span> <span class='ocrx_word' id='word_1_381' title='bbox 1164 4285 1327 4349; x_wconf 86' lang='lat' dir='ltr'><strong>illos;</strong></span> <span class='ocrx_word' id='word_1_382' title='bbox 1369 4283 1566 4340; x_wconf 89' lang='lat' dir='ltr'><strong>etenim</strong></span> <span class='ocrx_word' id='word_1_383' title='bbox 1605 4282 1944 4338; x_wconf 83' lang='lat' dir='ltr'><strong>credentibus</strong></span> <span class='ocrx_word' id='word_1_384' title='bbox 1991 4299 2201 4354; x_wconf 91' lang='lat' dir='ltr'><strong>quoque</strong></span> <span class='ocrx_word' id='word_1_385' title='bbox 2243 4299 2314 4338; x_wconf 80' lang='lat' dir='ltr'><strong>ex</strong></span> 
     </span>
    </p>
   </div>
   <div class='ocr_carea' id='block_1_45' title="bbox 736 4373 2316 4446">
    <p class='ocr_par' dir='ltr' id='par_1_45' title="bbox 736 4373 2316 4446">
     <span class='ocr_line' id='line_1_45' title="bbox 736 4373 2316 4446; baseline -0.004 -9"><span class='ocrx_word' id='word_1_386' title='bbox 736 4378 1140 4437; x_wconf 82' lang='lat' dir='ltr'><strong>circumcisione</strong></span> <span class='ocrx_word' id='word_1_387' title='bbox 1167 4391 1255 4430; x_wconf 89' lang='lat' dir='ltr'><strong>res</strong></span> <span class='ocrx_word' id='word_1_388' title='bbox 1275 4374 1533 4445; x_wconf 86' lang='lat' dir='ltr'><strong>stupenda</strong></span> <span class='ocrx_word' id='word_1_389' title='bbox 1560 4373 1835 4429; x_wconf 87' lang='lat' dir='ltr'><strong>videbatur</strong></span> <span class='ocrx_word' id='word_1_390' title='bbox 1864 4388 1985 4429; x_wconf 89' lang='lat' dir='ltr'><strong>esse</strong></span> <span class='ocrx_word' id='word_1_391' title='bbox 2009 4392 2024 4439; x_wconf 89' lang='lat'><strong>;</strong></span> <span class='ocrx_word' id='word_1_392' title='bbox 2055 4375 2316 4446; x_wconf 85' lang='lat' dir='ltr'><strong>quamob-</strong></span> 
     </span>
    </p>
   </div>
   <div class='ocr_carea' id='block_1_46' title="bbox 741 4463 2313 4532">
    <p class='ocr_par' dir='ltr' id='par_1_46' title="bbox 741 4463 2313 4532">
     <span class='ocr_line' id='line_1_46' title="bbox 741 4463 2313 4532; baseline -0.003 -6"><span class='ocrx_word' id='word_1_393' title='bbox 741 4487 855 4527; x_wconf 86' lang='lat' dir='ltr'><strong>rem</strong></span> <span class='ocrx_word' id='word_1_394' title='bbox 909 4470 1119 4523; x_wconf 83' lang='lat' dir='ltr'><strong>l‘etrum</strong></span> <span class='ocrx_word' id='word_1_395' title='bbox 1167 4464 1480 4521; x_wconf 89' lang='lat' dir='ltr'><strong>incusabant</strong></span> <span class='ocrx_word' id='word_1_396' title='bbox 1509 4463 1753 4520; x_wconf 65' lang='lat' dir='ltr'><strong>Caesarea</strong></span> <span class='ocrx_word' id='word_1_397' title='bbox 1782 4465 1849 4520; x_wconf 89' lang='lat' dir='ltr'><strong>ad</strong></span> <span class='ocrx_word' id='word_1_398' title='bbox 1878 4480 1938 4519; x_wconf 87' lang='lat' dir='ltr'><strong>se</strong></span> <span class='ocrx_word' id='word_1_399' title='bbox 1962 4467 2269 4521; x_wconf 90' lang='lat' dir='ltr'><strong>redeuntem</strong></span> <span class='ocrx_word' id='word_1_400' title='bbox 2295 4508 2313 4532; x_wconf 92' lang='lat'><strong>,</strong></span> 
     </span>
    </p>
   </div>
   <div class='ocr_carea' id='block_1_47' title="bbox 737 4556 2309 4632">
    <p class='ocr_par' dir='ltr' id='par_1_47' title="bbox 737 4556 2309 4632">
     <span class='ocr_line' id='line_1_47' title="bbox 737 4556 2309 4632; baseline -0.003 -13"><span class='ocrx_word' id='word_1_401' title='bbox 737 4565 876 4632; x_wconf 89' lang='lat' dir='ltr'><strong>quod</strong></span> <span class='ocrx_word' id='word_1_402' title='bbox 906 4562 972 4618; x_wconf 84' lang='lat' dir='ltr'><strong>ad</strong></span> <span class='ocrx_word' id='word_1_403' title='bbox 1001 4562 1143 4615; x_wconf 81' lang='lat' dir='ltr'><strong>viros</strong></span> <span class='ocrx_word' id='word_1_404' title='bbox 1185 4557 1502 4630; x_wconf 71' lang='lat' dir='ltr'><strong>praeputium</strong></span> <span class='ocrx_word' id='word_1_405' title='bbox 1554 4556 1810 4611; x_wconf 86' lang='lat' dir='ltr'><strong>habentes</strong></span> <span class='ocrx_word' id='word_1_406' title='bbox 1849 4559 2120 4628; x_wconf 85' lang='lat' dir='ltr'><strong>ingressus</strong></span> <span class='ocrx_word' id='word_1_407' title='bbox 2145 4570 2309 4624; x_wconf 87' lang='lat' dir='ltr'><strong>esset,</strong></span> 
     </span>
    </p>
   </div>
   <div class='ocr_carea' id='block_1_48' title="bbox 741 4650 2314 4717">
    <p class='ocr_par' dir='ltr' id='par_1_48' title="bbox 741 4650 2314 4717">
     <span class='ocr_line' id='line_1_48' title="bbox 741 4650 2314 4717; baseline -0.003 -6"><span class='ocrx_word' id='word_1_408' title='bbox 741 4666 796 4711; x_wconf 86' lang='lat' dir='ltr'><strong>et</strong></span> <span class='ocrx_word' id='word_1_409' title='bbox 830 4671 951 4711; x_wconf 90' lang='lat' dir='ltr'><strong>cum</strong></span> <span class='ocrx_word' id='word_1_410' title='bbox 998 4653 1106 4708; x_wconf 86' lang='lat' dir='ltr'><strong>illis</strong></span> <span class='ocrx_word' id='word_1_411' title='bbox 1149 4650 1472 4706; x_wconf 84' lang='lat' dir='ltr'><strong>comedisset</strong></span> <span class='ocrx_word' id='word_1_412' title='bbox 1498 4665 1513 4700; x_wconf 90' lang='lat'><strong>:</strong></span> <span class='ocrx_word' id='word_1_413' title='bbox 1543 4657 1598 4701; x_wconf 90' lang='lat' dir='ltr'><strong>et</strong></span> <span class='ocrx_word' id='word_1_414' title='bbox 1624 4658 1902 4717; x_wconf 85' lang='lat' dir='ltr'><strong>postquam</strong></span> <span class='ocrx_word' id='word_1_415' title='bbox 1954 4651 2045 4706; x_wconf 86' lang='lat' dir='ltr'><strong>Dei</strong></span> <span class='ocrx_word' id='word_1_416' title='bbox 2095 4668 2314 4707; x_wconf 86' lang='lat' dir='ltr'><strong>oecono-</strong></span> 
     </span>
    </p>
   </div>
   <div class='ocr_carea' id='block_1_49' title="bbox 745 4738 2316 4813">
    <p class='ocr_par' dir='ltr' id='par_1_49' title="bbox 745 4738 2316 4813">
     <span class='ocr_line' id='line_1_49' title="bbox 745 4738 2316 4813; baseline -0.002 -13"><span class='ocrx_word' id='word_1_417' title='bbox 745 4747 904 4800; x_wconf 89' lang='lat' dir='ltr'><strong>miam</strong></span> <span class='ocrx_word' id='word_1_418' title='bbox 950 4742 1376 4804; x_wconf 82' lang='lat' dir='ltr'><strong>intellexerant,</strong></span> <span class='ocrx_word' id='word_1_419' title='bbox 1416 4738 1590 4792; x_wconf 88' lang='lat' dir='ltr'><strong>adhuc</strong></span> <span class='ocrx_word' id='word_1_420' title='bbox 1636 4739 1968 4794; x_wconf 87' lang='lat' dir='ltr'><strong>mirabantur</strong></span> <span class='ocrx_word' id='word_1_421' title='bbox 2005 4758 2112 4813; x_wconf 92' lang='lat' dir='ltr'><strong>quo</strong></span> <span class='ocrx_word' id='word_1_422' title='bbox 2162 4754 2316 4813; x_wconf 87' lang='lat' dir='ltr'><strong>pacto</strong></span> 
     </span>
    </p>
   </div>
   <div class='ocr_carea' id='block_1_50' title="bbox 740 4826 2319 4900">
    <p class='ocr_par' dir='ltr' id='par_1_50' title="bbox 740 4826 2319 4900">
     <span class='ocr_line' id='line_1_50' title="bbox 740 4826 2319 4900; baseline -0.001 -10"><span class='ocrx_word' id='word_1_423' title='bbox 740 4837 937 4891; x_wconf 85' lang='lat' dir='ltr'><strong>donum</strong></span> <span class='ocrx_word' id='word_1_424' title='bbox 958 4833 1125 4889; x_wconf 82' lang='lat' dir='ltr'><strong>sancti</strong></span> <span class='ocrx_word' id='word_1_425' title='bbox 1147 4831 1376 4900; x_wconf 87' lang='lat' dir='ltr'><strong>Spiritus</strong></span> <span class='ocrx_word' id='word_1_426' title='bbox 1405 4829 1456 4883; x_wconf 93' lang='lat' dir='ltr'><strong>in</strong></span> <span class='ocrx_word' id='word_1_427' title='bbox 1478 4838 1666 4899; x_wconf 90' lang='lat' dir='ltr'><strong>gentes</strong></span> <span class='ocrx_word' id='word_1_428' title='bbox 1680 4826 1903 4883; x_wconf 74' lang='lat' dir='ltr'><strong>eliusum</strong></span> <span class='ocrx_word' id='word_1_429' title='bbox 1920 4842 2065 4886; x_wconf 90' lang='lat' dir='ltr'><strong>esset</strong></span> <span class='ocrx_word' id='word_1_430' title='bbox 2087 4850 2102 4899; x_wconf 87' lang='lat'><strong>;</strong></span> <span class='ocrx_word' id='word_1_431' title='bbox 2121 4849 2186 4889; x_wconf 83' lang='lat' dir='ltr'><strong>ex</strong></span> <span class='ocrx_word' id='word_1_432' title='bbox 2207 4844 2319 4889; x_wconf 86' lang='lat' dir='ltr'><strong>stu-</strong></span> 
     </span>
    </p>
   </div>
   <div class='ocr_carea' id='block_1_51' title="bbox 744 4924 2318 4998">
    <p class='ocr_par' dir='ltr' id='par_1_51' title="bbox 744 4924 2318 4998">
     <span class='ocr_line' id='line_1_51' title="bbox 744 4924 2318 4998; baseline 0.001 -15"><span class='ocrx_word' id='word_1_433' title='bbox 744 4943 872 4998; x_wconf 91' lang='lat' dir='ltr'><strong>pore</strong></span> <span class='ocrx_word' id='word_1_434' title='bbox 887 4926 1245 4997; x_wconf 87' lang='lat' dir='ltr'><strong>signilicantes</strong></span> <span class='ocrx_word' id='word_1_435' title='bbox 1261 4940 1320 4979; x_wconf 92' lang='lat' dir='ltr'><strong>se</strong></span> <span class='ocrx_word' id='word_1_436' title='bbox 1338 4937 1622 4993; x_wconf 85' lang='lat' dir='ltr'><strong>numquam</strong></span> <span class='ocrx_word' id='word_1_437' title='bbox 1640 4936 1753 4977; x_wconf 90' lang='lat' dir='ltr'><strong>rem</strong></span> <span class='ocrx_word' id='word_1_438' title='bbox 1767 4929 1872 4975; x_wconf 88' lang='lat' dir='ltr'><strong>tam</strong></span> <span class='ocrx_word' id='word_1_439' title='bbox 1897 4924 2216 4992; x_wconf 89' lang='lat' dir='ltr'><strong>inopinatam</strong></span> <span class='ocrx_word' id='word_1_440' title='bbox 2235 4945 2318 4984; x_wconf 81' lang='lat' dir='ltr'><strong>ex-</strong></span> 
     </span>
    </p>
   </div>
   <div class='ocr_carea' id='block_1_52' title="bbox 744 5014 2319 5092">
    <p class='ocr_par' dir='ltr' id='par_1_52' title="bbox 744 5014 2319 5092">
     <span class='ocr_line' id='line_1_52' title="bbox 744 5014 2319 5092; baseline 0.001 -16"><span class='ocrx_word' id='word_1_441' title='bbox 744 5018 1219 5092; x_wconf 75' lang='lat' dir='ltr'><strong>spectavisse.Quia</strong></span> <span class='ocrx_word' id='word_1_442' title='bbox 1235 5033 1360 5086; x_wconf 85' lang='lat' dir='ltr'><strong>ergo</strong></span> <span class='ocrx_word' id='word_1_443' title='bbox 1372 5016 1571 5071; x_wconf 90' lang='lat' dir='ltr'><strong>sciebat</strong></span> <span class='ocrx_word' id='word_1_444' title='bbox 1584 5015 1701 5070; x_wconf 90' lang='lat' dir='ltr'><strong>illos</strong></span> <span class='ocrx_word' id='word_1_445' title='bbox 1721 5014 1821 5069; x_wconf 90' lang='lat' dir='ltr'><strong>hoc</strong></span> <span class='ocrx_word' id='word_1_446' title='bbox 1835 5017 2166 5084; x_wconf 90' lang='lat' dir='ltr'><strong>potissimum</strong></span> <span class='ocrx_word' id='word_1_447' title='bbox 2179 5037 2319 5091; x_wconf 61' lang='lat' dir='ltr'><strong>aagre</strong></span> 
     </span>
    </p>
   </div>
   <div class='ocr_carea' id='block_1_53' title="bbox 746 5106 2321 5180">
    <p class='ocr_par' dir='ltr' id='par_1_53' title="bbox 746 5106 2321 5180">
     <span class='ocr_line' id='line_1_53' title="bbox 746 5106 2321 5180; baseline -0.003 -13"><span class='ocrx_word' id='word_1_448' title='bbox 746 5114 906 5180; x_wconf 86' lang='lat' dir='ltr'><strong>ferre,</strong></span> <span class='ocrx_word' id='word_1_449' title='bbox 928 5109 1059 5165; x_wconf 90' lang='lat' dir='ltr'><strong>nihil</strong></span> <span class='ocrx_word' id='word_1_450' title='bbox 1086 5125 1191 5162; x_wconf 91' lang='lat' dir='ltr'><strong>non</strong></span> <span class='ocrx_word' id='word_1_451' title='bbox 1222 5108 1330 5179; x_wconf 87' lang='lat' dir='ltr'><strong>agit</strong></span> <span class='ocrx_word' id='word_1_452' title='bbox 1354 5118 1408 5162; x_wconf 91' lang='lat' dir='ltr'><strong>ut</strong></span> <span class='ocrx_word' id='word_1_453' title='bbox 1432 5122 1617 5164; x_wconf 87' lang='lat' dir='ltr'><strong>eorum</strong></span> <span class='ocrx_word' id='word_1_454' title='bbox 1651 5115 1912 5161; x_wconf 90' lang='lat' dir='ltr'><strong>tumorem</strong></span> <span class='ocrx_word' id='word_1_455' title='bbox 1933 5106 2236 5178; x_wconf 86' lang='lat' dir='ltr'><strong>deprimat,</strong></span> <span class='ocrx_word' id='word_1_456' title='bbox 2266 5123 2321 5168; x_wconf 83' lang='lat' dir='ltr'><strong>et</strong></span> 
     </span>
    </p>
   </div>
   <div class='ocr_carea' id='block_1_54' title="bbox 748 5197 2318 5274">
    <p class='ocr_par' dir='ltr' id='par_1_54' title="bbox 748 5197 2318 5274">
     <span class='ocr_line' id='line_1_54' title="bbox 748 5197 2318 5274; baseline -0.002 -14"><span class='ocrx_word' id='word_1_457' title='bbox 748 5223 822 5260; x_wconf 77' lang='lat' dir='ltr'><strong>an</strong></span> <span class='ocrx_word' id='word_1_458' title='bbox 838 5203 1053 5274; x_wconf 80' lang='lat' dir='ltr'><strong>Ogantia</strong></span> <span class='ocrx_word' id='word_1_459' title='bbox 1079 5199 1289 5256; x_wconf 80' lang='lat' dir='ltr'><strong>inﬂatos</strong></span> <span class='ocrx_word' id='word_1_460' title='bbox 1305 5199 1538 5269; x_wconf 88' lang='lat' dir='ltr'><strong>dejiciat.</strong></span> <span class='ocrx_word' id='word_1_461' title='bbox 1563 5197 1631 5253; x_wconf 88' lang='lat' dir='ltr'><strong>Et</strong></span> <span class='ocrx_word' id='word_1_462' title='bbox 1658 5197 1782 5254; x_wconf 80' lang='lat' dir='ltr'><strong>vide</strong></span> <span class='ocrx_word' id='word_1_463' title='bbox 1802 5199 2070 5268; x_wconf 91' lang='lat' dir='ltr'><strong>quomodo</strong></span> <span class='ocrx_word' id='word_1_464' title='bbox 2097 5201 2147 5256; x_wconf 91' lang='lat' dir='ltr'><strong>id</strong></span> <span class='ocrx_word' id='word_1_465' title='bbox 2177 5212 2318 5273; x_wconf 81' lang='lat' dir='ltr'><strong>agat.</strong></span> 
     </span>
    </p>
   </div>
   <div class='ocr_carea' id='block_1_55' title="bbox 814 5290 2323 5366">
    <p class='ocr_par' dir='ltr' id='par_1_55' title="bbox 814 5290 2323 5366">
     <span class='ocr_line' id='line_1_55' title="bbox 814 5290 2323 5366; baseline 0 -16"><span class='ocrx_word' id='word_1_466' title='bbox 814 5294 989 5350; x_wconf 67' lang='grc' dir='ltr'><strong><em>σιειαωί</em></strong></span> <span class='ocrx_word' id='word_1_467' title='bbox 1009 5301 1286 5363; x_wconf 78' lang='lat' dir='ltr'><strong>carpuntur</strong></span> <span class='ocrx_word' id='word_1_468' title='bbox 1311 5308 1344 5345; x_wconf 82' lang='grc' dir='ltr'><em>α</em></span> <span class='ocrx_word' id='word_1_469' title='bbox 1376 5290 1545 5346; x_wconf 87' lang='lat' dir='ltr'><strong>Paulo</strong></span> <span class='ocrx_word' id='word_1_470' title='bbox 1583 5291 1801 5346; x_wconf 74' lang='lat' dir='ltr'><strong>maxime</strong></span> <span class='ocrx_word' id='word_1_471' title='bbox 1827 5291 1888 5345; x_wconf 93' lang='lat' dir='ltr'><strong>ob</strong></span> <span class='ocrx_word' id='word_1_472' title='bbox 1915 5309 2060 5346; x_wconf 82' lang='lat' dir='ltr'><strong>suam</strong></span> <span class='ocrx_word' id='word_1_473' title='bbox 2080 5310 2323 5366; x_wconf 85' lang='lat' dir='ltr'><strong>arrogan-</strong></span> 
     </span>
    </p>
   </div>
   <div class='ocr_carea' id='block_1_56' title="bbox 749 5383 2325 5457">
    <p class='ocr_par' dir='ltr' id='par_1_56' title="bbox 749 5383 2325 5457">
     <span class='ocr_line' id='line_1_56' title="bbox 749 5383 2325 5457; baseline -0.001 -13"><span class='ocrx_word' id='word_1_474' title='bbox 749 5391 890 5444; x_wconf 87' lang='lat' dir='ltr'><strong>tiam.</strong></span> <span class='ocrx_word' id='word_1_475' title='bbox 921 5387 1171 5457; x_wconf 82' lang='lat' dir='ltr'><strong>Superbia</strong></span> <span class='ocrx_word' id='word_1_476' title='bbox 1196 5402 1366 5439; x_wconf 84' lang='lat' dir='ltr'><strong>omues</strong></span> <span class='ocrx_word' id='word_1_477' title='bbox 1395 5385 1598 5438; x_wconf 78' lang='lat' dir='ltr'><strong>virtutes</strong></span> <span class='ocrx_word' id='word_1_478' title='bbox 1628 5383 1796 5437; x_wconf 83' lang='lat' dir='ltr'><strong>reddit</strong></span> <span class='ocrx_word' id='word_1_479' title='bbox 1822 5384 2043 5438; x_wconf 82' lang='lat' dir='ltr'><strong>inutiles.</strong></span> <span class='ocrx_word' id='word_1_480' title='bbox 2076 5416 2146 5426; x_wconf 93' lang='lat'><strong>—</strong></span> <span class='ocrx_word' id='word_1_481' title='bbox 2173 5388 2325 5443; x_wconf 85' lang='lat' dir='ltr'><strong>Post-</strong></span> 
     </span>
    </p>
   </div>
   <div class='ocr_carea' id='block_1_57' title="bbox 746 5474 2321 5549">
    <p class='ocr_par' dir='ltr' id='par_1_57' title="bbox 746 5474 2321 5549">
     <span class='ocr_line' id='line_1_57' title="bbox 746 5474 2321 5549; baseline -0.001 -16"><span class='ocrx_word' id='word_1_482' title='bbox 746 5494 903 5549; x_wconf 85' lang='lat' dir='ltr'><strong>quam</strong></span> <span class='ocrx_word' id='word_1_483' title='bbox 930 5477 999 5532; x_wconf 89' lang='lat' dir='ltr'><strong>de</strong></span> <span class='ocrx_word' id='word_1_484' title='bbox 1026 5475 1314 5546; x_wconf 83' lang='lat' dir='ltr'><strong>gentilibus</strong></span> <span class='ocrx_word' id='word_1_485' title='bbox 1337 5474 1703 5542; x_wconf 81' lang='lat' dir='ltr'><strong>disputaverat</strong></span> <span class='ocrx_word' id='word_1_486' title='bbox 1723 5514 1738 5540; x_wconf 95' lang='lat'><strong>,</strong></span> <span class='ocrx_word' id='word_1_487' title='bbox 1761 5475 2172 5545; x_wconf 74' lang='lat' dir='ltr'><strong>ostetidvratque</strong></span> <span class='ocrx_word' id='word_1_488' title='bbox 2204 5477 2321 5533; x_wconf 86' lang='lat' dir='ltr'><strong>illos</strong></span> 
     </span>
    </p>
   </div>
   <div class='ocr_carea' id='block_1_58' title="bbox 746 5564 2319 5639">
    <p class='ocr_par' dir='ltr' id='par_1_58' title="bbox 746 5564 2319 5639">
     <span class='ocr_line' id='line_1_58' title="bbox 746 5564 2319 5639; baseline -0.001 -14"><span class='ocrx_word' id='word_1_489' title='bbox 746 5570 943 5625; x_wconf 90' lang='lat' dir='ltr'><strong>nullam</strong></span> <span class='ocrx_word' id='word_1_490' title='bbox 976 5583 1192 5638; x_wconf 81' lang='lat' dir='ltr'><strong>prorsus</strong></span> <span class='ocrx_word' id='word_1_491' title='bbox 1218 5564 1580 5621; x_wconf 85' lang='lat' dir='ltr'><strong>defensionem</strong></span> <span class='ocrx_word' id='word_1_492' title='bbox 1605 5564 1822 5631; x_wconf 89' lang='lat' dir='ltr'><strong>habere,</strong></span> <span class='ocrx_word' id='word_1_493' title='bbox 1848 5566 2153 5637; x_wconf 89' lang='lat' dir='ltr'><strong>nullamque</strong></span> <span class='ocrx_word' id='word_1_494' title='bbox 2171 5583 2319 5639; x_wconf 87' lang='lat' dir='ltr'><strong>spem</strong></span> 
     </span>
    </p>
   </div>
   <div class='ocr_carea' id='block_1_59' title="bbox 748 5657 2319 5731">
    <p class='ocr_par' dir='ltr' id='par_1_59' title="bbox 748 5657 2319 5731">
     <span class='ocr_line' id='line_1_59' title="bbox 748 5657 2319 5731; baseline 0.002 -14"><span class='ocrx_word' id='word_1_495' title='bbox 748 5663 937 5717; x_wconf 85' lang='lat' dir='ltr'><strong>salutis</strong></span> <span class='ocrx_word' id='word_1_496' title='bbox 964 5701 981 5724; x_wconf 90' lang='lat'><strong>,</strong></span> <span class='ocrx_word' id='word_1_497' title='bbox 1030 5660 1328 5727; x_wconf 85' lang='lat' dir='ltr'><strong>acriterque</strong></span> <span class='ocrx_word' id='word_1_498' title='bbox 1357 5659 1473 5714; x_wconf 90' lang='lat' dir='ltr'><strong>illos</strong></span> <span class='ocrx_word' id='word_1_499' title='bbox 1515 5657 1853 5715; x_wconf 85' lang='lat' dir='ltr'><strong>incusaverat</strong></span> <span class='ocrx_word' id='word_1_500' title='bbox 1877 5660 1945 5716; x_wconf 90' lang='lat' dir='ltr'><strong>de</strong></span> <span class='ocrx_word' id='word_1_501' title='bbox 1972 5665 2319 5731; x_wconf 80' lang='lat' dir='ltr'><strong>perversitate</strong></span> 
     </span>
    </p>
   </div>
   <div class='ocr_carea' id='block_1_60' title="bbox 752 5746 2316 5819">
    <p class='ocr_par' dir='ltr' id='par_1_60' title="bbox 752 5746 2316 5819">
     <span class='ocr_line' id='line_1_60' title="bbox 752 5746 2316 5819; baseline -0.002 -16"><span class='ocrx_word' id='word_1_502' title='bbox 752 5749 1006 5807; x_wconf 73' lang='lat' dir='ltr'><strong>doctrina:</strong></span> <span class='ocrx_word' id='word_1_503' title='bbox 1041 5749 1217 5819; x_wconf 85' lang='lat' dir='ltr'><strong>deque</strong></span> <span class='ocrx_word' id='word_1_504' title='bbox 1250 5751 1369 5805; x_wconf 77' lang='lat' dir='ltr'><strong>vita:</strong></span> <span class='ocrx_word' id='word_1_505' title='bbox 1398 5746 1733 5817; x_wconf 88' lang='lat' dir='ltr'><strong>impuritatc;</strong></span> <span class='ocrx_word' id='word_1_506' title='bbox 1779 5746 1842 5804; x_wconf 88' lang='lat' dir='ltr'><strong>ad</strong></span> <span class='ocrx_word' id='word_1_507' title='bbox 1869 5748 2082 5809; x_wconf 66' lang='lat' dir='ltr'><strong>Jqueos</strong></span> <span class='ocrx_word' id='word_1_508' title='bbox 2115 5770 2316 5811; x_wconf 76' lang='lat' dir='ltr'><strong>seram.</strong></span> 
     </span>
    </p>
   </div>
   <div class='ocr_carea' id='block_1_61' title="bbox 2432 451 3734 518">
    <p class='ocr_par' dir='ltr' id='par_1_61' title="bbox 2432 451 3734 518">
     <span class='ocr_line' id='line_1_61' title="bbox 2432 451 3734 518; baseline 0.012 -18"><span class='ocrx_word' id='word_1_509' title='bbox 2432 462 2552 501; x_wconf 91' lang='lat' dir='ltr'><strong>nem</strong></span> <span class='ocrx_word' id='word_1_510' title='bbox 2585 451 2881 516; x_wconf 82' lang='lat' dir='ltr'><strong>transfert;</strong></span> <span class='ocrx_word' id='word_1_511' title='bbox 2924 469 2988 510; x_wconf 92' lang='lat' dir='ltr'><strong>ac</strong></span> <span class='ocrx_word' id='word_1_512' title='bbox 3017 457 3299 513; x_wconf 88' lang='lat' dir='ltr'><strong>recensitis</strong></span> <span class='ocrx_word' id='word_1_513' title='bbox 3343 459 3407 514; x_wconf 93' lang='lat' dir='ltr'><strong>iis</strong></span> <span class='ocrx_word' id='word_1_514' title='bbox 3449 462 3734 518; x_wconf 60' lang='lat' dir='ltr'><strong>omnibust</strong></span> 
     </span>
    </p>
   </div>
   <div class='ocr_carea' id='block_1_62' title="bbox 2430 536 3706 617">
    <p class='ocr_par' dir='ltr' id='par_1_62' title="bbox 2430 536 3706 617">
     <span class='ocr_line' id='line_1_62' title="bbox 2430 536 3706 617; baseline 0.016 -29"><span class='ocrx_word' id='word_1_515' title='bbox 2430 536 2588 606; x_wconf 83' lang='lat' dir='ltr'><strong>pheta</strong></span> <span class='ocrx_word' id='word_1_516' title='bbox 2614 538 2683 596; x_wconf 89' lang='lat' dir='ltr'><strong>de</strong></span> <span class='ocrx_word' id='word_1_517' title='bbox 2709 540 2814 597; x_wconf 88' lang='lat' dir='ltr'><strong>illis</strong></span> <span class='ocrx_word' id='word_1_518' title='bbox 2839 543 3086 613; x_wconf 82' lang='lat' dir='ltr'><strong>dixerat,</strong></span> <span class='ocrx_word' id='word_1_519' title='bbox 3117 547 3258 617; x_wconf 91' lang='lat' dir='ltr'><strong>quod</strong></span> <span class='ocrx_word' id='word_1_520' title='bbox 3284 550 3501 606; x_wconf 87' lang='lat' dir='ltr'><strong>scelesti</strong></span> <span class='ocrx_word' id='word_1_521' title='bbox 3525 563 3706 608; x_wconf 84' lang='lat' dir='ltr'><strong>essent</strong></span> 
     </span>
    </p>
   </div>
   <div class='ocr_carea' id='block_1_63' title="bbox 2426 630 3734 709">
    <p class='ocr_par' dir='ltr' id='par_1_63' title="bbox 2426 630 3734 709">
     <span class='ocr_line' id='line_1_63' title="bbox 2426 630 3734 709; baseline 0.011 -25"><span class='ocrx_word' id='word_1_522' title='bbox 2426 630 2603 687; x_wconf 90' lang='lat' dir='ltr'><strong>callidi</strong></span> <span class='ocrx_word' id='word_1_523' title='bbox 2633 673 2648 698; x_wconf 92' lang='lat'><strong>,</strong></span> <span class='ocrx_word' id='word_1_524' title='bbox 2681 634 2824 703; x_wconf 91' lang='lat' dir='ltr'><strong>quod</strong></span> <span class='ocrx_word' id='word_1_525' title='bbox 2848 649 3036 691; x_wconf 87' lang='lat' dir='ltr'><strong>omnes</strong></span> <span class='ocrx_word' id='word_1_526' title='bbox 3076 639 3293 696; x_wconf 89' lang='lat' dir='ltr'><strong>inutiles</strong></span> <span class='ocrx_word' id='word_1_527' title='bbox 3331 641 3451 697; x_wconf 90' lang='lat' dir='ltr'><strong>facti</strong></span> <span class='ocrx_word' id='word_1_528' title='bbox 3481 685 3499 709; x_wconf 93' lang='lat'><strong>,</strong></span> <span class='ocrx_word' id='word_1_529' title='bbox 3544 658 3609 699; x_wconf 87' lang='lat' dir='ltr'><strong>ac</strong></span> <span class='ocrx_word' id='word_1_530' title='bbox 3651 647 3734 700; x_wconf 91' lang='lat' dir='ltr'><strong>nnl</strong></span> 
     </span>
    </p>
   </div>
   <div class='ocr_carea' id='block_1_64' title="bbox 2424 724 3733 797">
    <p class='ocr_par' dir='ltr' id='par_1_64' title="bbox 2424 724 3733 797">
     <span class='ocr_line' id='line_1_64' title="bbox 2424 724 3733 797; baseline 0.009 -20"><span class='ocrx_word' id='word_1_531' title='bbox 2424 730 2568 777; x_wconf 90' lang='lat' dir='ltr'><strong>esset</strong></span> <span class='ocrx_word' id='word_1_532' title='bbox 2595 724 2683 792; x_wconf 94' lang='lat' dir='ltr'><strong>qui</strong></span> <span class='ocrx_word' id='word_1_533' title='bbox 2715 725 2878 779; x_wconf 90' lang='lat' dir='ltr'><strong>Deum</strong></span> <span class='ocrx_word' id='word_1_534' title='bbox 2907 729 3222 797; x_wconf 83' lang='lat' dir='ltr'><strong>requireret,</strong></span> <span class='ocrx_word' id='word_1_535' title='bbox 3254 733 3347 786; x_wconf 89' lang='lat' dir='ltr'><strong>sed</strong></span> <span class='ocrx_word' id='word_1_536' title='bbox 3379 748 3570 789; x_wconf 90' lang='lat' dir='ltr'><strong>onmes</strong></span> <span class='ocrx_word' id='word_1_537' title='bbox 3590 736 3733 791; x_wconf 84' lang='lat' dir='ltr'><strong>decli;</strong></span> 
     </span>
    </p>
   </div>
   <div class='ocr_carea' id='block_1_65' title="bbox 2424 814 3722 894">
    <p class='ocr_par' dir='ltr' id='par_1_65' title="bbox 2424 814 3722 894">
     <span class='ocr_line' id='line_1_65' title="bbox 2424 814 3722 894; baseline 0.011 -28"><span class='ocrx_word' id='word_1_538' title='bbox 2424 821 2478 866; x_wconf 92' lang='lat' dir='ltr'><strong>et</strong></span> <span class='ocrx_word' id='word_1_539' title='bbox 2501 814 2692 868; x_wconf 88' lang='lat' dir='ltr'><strong>similia</strong></span> <span class='ocrx_word' id='word_1_540' title='bbox 2725 856 2740 880; x_wconf 90' lang='lat'><strong>,</strong></span> <span class='ocrx_word' id='word_1_541' title='bbox 2769 816 3004 872; x_wconf 87' lang='lat' dir='ltr'><strong>subdidit</strong></span> <span class='ocrx_word' id='word_1_542' title='bbox 3034 836 3047 872; x_wconf 89' lang='lat'><strong>:</strong></span> <span class='ocrx_word' id='word_1_543' title='bbox 3073 818 3276 876; x_wconf 85' lang='lat' dir='ltr'><strong>Scimus</strong></span> <span class='ocrx_word' id='word_1_544' title='bbox 3301 835 3468 878; x_wconf 82' lang='lat' dir='ltr'><strong>autem</strong></span> <span class='ocrx_word' id='word_1_545' title='bbox 3486 827 3722 894; x_wconf 86' lang='lat' dir='ltr'><strong>quoniam</strong></span> 
     </span>
    </p>
   </div>
   <div class='ocr_carea' id='block_1_66' title="bbox 2422 906 3734 987">
    <p class='ocr_par' dir='ltr' id='par_1_66' title="bbox 2422 906 3734 987">
     <span class='ocr_line' id='line_1_66' title="bbox 2422 906 3734 987; baseline 0.012 -30"><span class='ocrx_word' id='word_1_546' title='bbox 2422 921 2517 974; x_wconf 86' lang='lat' dir='ltr'><strong>que</strong></span> <span class='ocrx_word' id='word_1_547' title='bbox 2537 906 2619 960; x_wconf 79' lang='lat' dir='ltr'><strong>lea:</strong></span> <span class='ocrx_word' id='word_1_548' title='bbox 2645 906 2867 977; x_wconf 85' lang='lat' dir='ltr'><strong>loquitur</strong></span> <span class='ocrx_word' id='word_1_549' title='bbox 2894 951 2909 972; x_wconf 91' lang='lat'><strong>,</strong></span> <span class='ocrx_word' id='word_1_550' title='bbox 2933 910 2996 964; x_wconf 86' lang='lat' dir='ltr'><strong>iis</strong></span> <span class='ocrx_word' id='word_1_551' title='bbox 3024 913 3109 981; x_wconf 80' lang='lat' dir='ltr'><strong>qui</strong></span> <span class='ocrx_word' id='word_1_552' title='bbox 3132 913 3184 966; x_wconf 83' lang='lat' dir='ltr'><strong>in</strong></span> <span class='ocrx_word' id='word_1_553' title='bbox 3208 914 3317 984; x_wconf 81' lang='lat' dir='ltr'><strong>lege</strong></span> <span class='ocrx_word' id='word_1_554' title='bbox 3337 927 3455 969; x_wconf 87' lang='lat' dir='ltr'><strong>sunt</strong></span> <span class='ocrx_word' id='word_1_555' title='bbox 3481 918 3704 987; x_wconf 83' lang='lat' dir='ltr'><strong>loquitur</strong></span> <span class='ocrx_word' id='word_1_556' title='bbox 3730 960 3734 984; x_wconf 46' lang='grc' dir='ltr'><em>χ</em></span> 
     </span>
    </p>
   </div>
   <div class='ocr_carea' id='block_1_67' title="bbox 2422 997 3734 1073">
    <p class='ocr_par' dir='ltr' id='par_1_67' title="bbox 2422 997 3734 1073">
     <span class='ocr_line' id='line_1_67' title="bbox 2422 997 3734 1073; baseline 0.012 -24"><span class='ocrx_word' id='word_1_557' title='bbox 2422 1013 2478 1050; x_wconf 80' lang='lat' dir='ltr'><strong>os</strong></span> <span class='ocrx_word' id='word_1_558' title='bbox 2498 997 2807 1067; x_wconf 86' lang='lat' dir='ltr'><strong>obstruatur,</strong></span> <span class='ocrx_word' id='word_1_559' title='bbox 2834 1011 2881 1055; x_wconf 88' lang='lat' dir='ltr'><strong>et</strong></span> <span class='ocrx_word' id='word_1_560' title='bbox 2905 1002 3131 1057; x_wconf 78' lang='lat' dir='ltr'><strong>subditus</strong></span> <span class='ocrx_word' id='word_1_561' title='bbox 3157 1005 3247 1073; x_wconf 80' lang='lat' dir='ltr'><strong>ﬁat</strong></span> <span class='ocrx_word' id='word_1_562' title='bbox 3274 1009 3434 1061; x_wconf 85' lang='lat' dir='ltr'><strong>omnis</strong></span> <span class='ocrx_word' id='word_1_563' title='bbox 3463 1010 3679 1065; x_wconf 80' lang='lat' dir='ltr'><strong>mundus</strong></span> <span class='ocrx_word' id='word_1_564' title='bbox 3702 1010 3734 1065; x_wconf 83' lang='grc' dir='ltr'><em>ι</em></span> 
     </span>
    </p>
   </div>
   <div class='ocr_carea' id='block_1_68' title="bbox 2429 1091 3733 1171">
    <p class='ocr_par' dir='ltr' id='par_1_68' title="bbox 2429 1091 3733 1171">
     <span class='ocr_line' id='line_1_68' title="bbox 2429 1091 3733 1171; baseline 0.012 -30"><span class='ocrx_word' id='word_1_565' title='bbox 2429 1106 2515 1143; x_wconf 77' lang='lat' dir='ltr'><strong>nes</strong></span> <span class='ocrx_word' id='word_1_566' title='bbox 2536 1091 2665 1145; x_wconf 85' lang='lat' dir='ltr'><strong>enim</strong></span> <span class='ocrx_word' id='word_1_567' title='bbox 2687 1103 3036 1162; x_wconf 80' lang='lat' dir='ltr'><strong>peccaverunt,</strong></span> <span class='ocrx_word' id='word_1_568' title='bbox 3059 1105 3107 1149; x_wconf 89' lang='lat' dir='ltr'><strong>et</strong></span> <span class='ocrx_word' id='word_1_569' title='bbox 3135 1109 3277 1167; x_wconf 82' lang='lat' dir='ltr'><strong>egent</strong></span> <span class='ocrx_word' id='word_1_570' title='bbox 3300 1099 3464 1168; x_wconf 86' lang='lat' dir='ltr'><strong>gloria</strong></span> <span class='ocrx_word' id='word_1_571' title='bbox 3494 1099 3630 1171; x_wconf 80' lang='lat' dir='ltr'><strong>Dci(</strong></span> <span class='ocrx_word' id='word_1_572' title='bbox 3656 1102 3733 1156; x_wconf 85' lang='lat' dir='ltr'><strong>Ro</strong></span> 
     </span>
    </p>
   </div>
   <div class='ocr_carea' id='block_1_69' title="bbox 2427 1180 3733 1254">
    <p class='ocr_par' dir='ltr' id='par_1_69' title="bbox 2427 1180 3733 1254">
     <span class='ocr_line' id='line_1_69' title="bbox 2427 1180 3733 1254; baseline 0.01 -22"><span class='ocrx_word' id='word_1_573' title='bbox 2427 1190 2471 1233; x_wconf 83' lang='lat' dir='ltr'><strong>et</strong></span> <span class='ocrx_word' id='word_1_574' title='bbox 2497 1180 2614 1252; x_wconf 71' lang='lat'><strong>23).</strong></span> <span class='ocrx_word' id='word_1_575' title='bbox 2646 1181 2781 1248; x_wconf 86' lang='lat' dir='ltr'><strong>Quid</strong></span> <span class='ocrx_word' id='word_1_576' title='bbox 2803 1198 2931 1254; x_wconf 86' lang='lat' dir='ltr'><strong>ergo</strong></span> <span class='ocrx_word' id='word_1_577' title='bbox 2961 1192 3014 1240; x_wconf 88' lang='lat' dir='ltr'><strong>te</strong></span> <span class='ocrx_word' id='word_1_578' title='bbox 3039 1185 3220 1251; x_wconf 81' lang='lat' dir='ltr'><strong>eﬂ‘ers,</strong></span> <span class='ocrx_word' id='word_1_579' title='bbox 3251 1187 3436 1245; x_wconf 72' lang='lat' dir='ltr'><strong>Judaee</strong></span> <span class='ocrx_word' id='word_1_580' title='bbox 3456 1190 3479 1243; x_wconf 72' lang='grc'><strong><em>2</em></strong></span> <span class='ocrx_word' id='word_1_581' title='bbox 3503 1205 3599 1246; x_wconf 90' lang='lat' dir='ltr'><strong>cur</strong></span> <span class='ocrx_word' id='word_1_582' title='bbox 3618 1193 3733 1246; x_wconf 41' lang='lat' dir='ltr'><strong>altu.</strong></span> 
     </span>
    </p>
   </div>
   <div class='ocr_carea' id='block_1_70' title="bbox 2425 1272 3733 1346">
    <p class='ocr_par' dir='ltr' id='par_1_70' title="bbox 2425 1272 3733 1346">
     <span class='ocr_line' id='line_1_70' title="bbox 2425 1272 3733 1346; baseline 0.008 -20"><span class='ocrx_word' id='word_1_583' title='bbox 2425 1272 2556 1327; x_wconf 90' lang='lat' dir='ltr'><strong>Nam</strong></span> <span class='ocrx_word' id='word_1_584' title='bbox 2585 1289 2647 1329; x_wconf 93' lang='lat' dir='ltr'><strong>os</strong></span> <span class='ocrx_word' id='word_1_585' title='bbox 2678 1290 2892 1346; x_wconf 89' lang='lat' dir='ltr'><strong>quoque</strong></span> <span class='ocrx_word' id='word_1_586' title='bbox 2918 1285 3065 1330; x_wconf 89' lang='lat' dir='ltr'><strong>tuum</strong></span> <span class='ocrx_word' id='word_1_587' title='bbox 3087 1278 3420 1334; x_wconf 89' lang='lat' dir='ltr'><strong>obstructum</strong></span> <span class='ocrx_word' id='word_1_588' title='bbox 3455 1290 3571 1345; x_wconf 84' lang='lat' dir='ltr'><strong>est,</strong></span> <span class='ocrx_word' id='word_1_589' title='bbox 3600 1292 3655 1337; x_wconf 90' lang='lat' dir='ltr'><strong>et</strong></span> <span class='ocrx_word' id='word_1_590' title='bbox 3682 1299 3733 1337; x_wconf 80' lang='lat' dir='ltr'><strong>Ct‘</strong></span> 
     </span>
    </p>
   </div>
   <div class='ocr_carea' id='block_1_71' title="bbox 2426 1367 3734 1433">
    <p class='ocr_par' dir='ltr' id='par_1_71' title="bbox 2426 1367 3734 1433">
     <span class='ocr_line' id='line_1_71' title="bbox 2426 1367 3734 1433; baseline 0.008 -14"><span class='ocrx_word' id='word_1_591' title='bbox 2426 1375 2511 1419; x_wconf 90' lang='lat' dir='ltr'><strong>tua</strong></span> <span class='ocrx_word' id='word_1_592' title='bbox 2562 1367 2766 1422; x_wconf 85' lang='lat' dir='ltr'><strong>sublata</strong></span> <span class='ocrx_word' id='word_1_593' title='bbox 2797 1410 2813 1433; x_wconf 91' lang='lat'><strong>,</strong></span> <span class='ocrx_word' id='word_1_594' title='bbox 2861 1384 2924 1423; x_wconf 89' lang='lat' dir='ltr'><strong>ac</strong></span> <span class='ocrx_word' id='word_1_595' title='bbox 2962 1385 3085 1424; x_wconf 88' lang='lat' dir='ltr'><strong>cum</strong></span> <span class='ocrx_word' id='word_1_596' title='bbox 3129 1371 3378 1426; x_wconf 89' lang='lat' dir='ltr'><strong>universo</strong></span> <span class='ocrx_word' id='word_1_597' title='bbox 3410 1373 3605 1429; x_wconf 90' lang='lat' dir='ltr'><strong>mundo</strong></span> <span class='ocrx_word' id='word_1_598' title='bbox 3635 1384 3689 1429; x_wconf 92' lang='lat' dir='ltr'><strong>tu</strong></span> <span class='ocrx_word' id='word_1_599' title='bbox 3730 1386 3734 1428; x_wconf 72' lang='grc' dir='ltr'>ι</span> 
     </span>
    </p>
   </div>
   <div class='ocr_carea' id='block_1_72' title="bbox 2424 1455 3729 1533">
    <p class='ocr_par' dir='ltr' id='par_1_72' title="bbox 2424 1455 3729 1533">
     <span class='ocr_line' id='line_1_72' title="bbox 2424 1455 3729 1533; baseline 0.01 -25"><span class='ocrx_word' id='word_1_600' title='bbox 2424 1455 2668 1511; x_wconf 78' lang='lat' dir='ltr'><strong>subditus</strong></span> <span class='ocrx_word' id='word_1_601' title='bbox 2701 1499 2716 1523; x_wconf 90' lang='lat'><strong>,</strong></span> <span class='ocrx_word' id='word_1_602' title='bbox 2748 1470 2805 1512; x_wconf 90' lang='lat' dir='ltr'><strong>et</strong></span> <span class='ocrx_word' id='word_1_603' title='bbox 2842 1459 3066 1528; x_wconf 88' lang='lat' dir='ltr'><strong>perinde</strong></span> <span class='ocrx_word' id='word_1_604' title='bbox 3101 1470 3259 1531; x_wconf 89' lang='lat' dir='ltr'><strong>atque</strong></span> <span class='ocrx_word' id='word_1_605' title='bbox 3291 1462 3377 1517; x_wconf 88' lang='lat' dir='ltr'><strong>alii</strong></span> <span class='ocrx_word' id='word_1_606' title='bbox 3405 1477 3540 1533; x_wconf 88' lang='lat' dir='ltr'><strong>opus</strong></span> <span class='ocrx_word' id='word_1_607' title='bbox 3566 1465 3729 1520; x_wconf 90' lang='lat' dir='ltr'><strong>babes</strong></span> 
     </span>
    </p>
   </div>
   <div class='ocr_carea' id='block_1_73' title="bbox 2420 1547 3734 1624">
    <p class='ocr_par' dir='ltr' id='par_1_73' title="bbox 2420 1547 3734 1624">
     <span class='ocr_line' id='line_1_73' title="bbox 2420 1547 3734 1624; baseline 0.009 -24"><span class='ocrx_word' id='word_1_608' title='bbox 2420 1547 2748 1615; x_wconf 72' lang='lat' dir='ltr'><strong>justiﬁceris.</strong></span> <span class='ocrx_word' id='word_1_609' title='bbox 2775 1548 3067 1618; x_wconf 90' lang='lat' dir='ltr'><strong>Oportebat</strong></span> <span class='ocrx_word' id='word_1_610' title='bbox 3107 1562 3254 1607; x_wconf 92' lang='lat' dir='ltr'><strong>certe</strong></span> <span class='ocrx_word' id='word_1_611' title='bbox 3297 1555 3506 1609; x_wconf 91' lang='lat' dir='ltr'><strong>etiamsi</strong></span> <span class='ocrx_word' id='word_1_612' title='bbox 3534 1557 3697 1624; x_wconf 90' lang='lat' dir='ltr'><strong>probe</strong></span> <span class='ocrx_word' id='word_1_613' title='bbox 3729 1575 3734 1591; x_wconf 70' lang='grc' dir='ltr'>ι</span> 
     </span>
    </p>
   </div>
   <div class='ocr_carea' id='block_1_74' title="bbox 2424 1639 3730 1715">
    <p class='ocr_par' dir='ltr' id='par_1_74' title="bbox 2424 1639 3730 1715">
     <span class='ocr_line' id='line_1_74' title="bbox 2424 1639 3730 1715; baseline 0.008 -22"><span class='ocrx_word' id='word_1_614' title='bbox 2424 1649 2478 1693; x_wconf 91' lang='lat' dir='ltr'><strong>et</strong></span> <span class='ocrx_word' id='word_1_615' title='bbox 2505 1639 2749 1694; x_wconf 87' lang='lat' dir='ltr'><strong>liduciam</strong></span> <span class='ocrx_word' id='word_1_616' title='bbox 2798 1641 3020 1696; x_wconf 90' lang='lat' dir='ltr'><strong>multam</strong></span> <span class='ocrx_word' id='word_1_617' title='bbox 3049 1644 3191 1712; x_wconf 89' lang='lat' dir='ltr'><strong>apud</strong></span> <span class='ocrx_word' id='word_1_618' title='bbox 3238 1645 3404 1700; x_wconf 87' lang='lat' dir='ltr'><strong>Deum</strong></span> <span class='ocrx_word' id='word_1_619' title='bbox 3436 1646 3730 1715; x_wconf 86' lang='lat' dir='ltr'><strong>habuisses,</strong></span> 
     </span>
    </p>
   </div>
   <div class='ocr_carea' id='block_1_75' title="bbox 2425 1730 3734 1803">
    <p class='ocr_par' dir='ltr' id='par_1_75' title="bbox 2425 1730 3734 1803">
     <span class='ocr_line' id='line_1_75' title="bbox 2425 1730 3734 1803; baseline 0.008 -19"><span class='ocrx_word' id='word_1_620' title='bbox 2425 1730 2662 1785; x_wconf 89' lang='lat' dir='ltr'><strong>invidere</strong></span> <span class='ocrx_word' id='word_1_621' title='bbox 2686 1772 2699 1795; x_wconf 93' lang='lat'><strong>,</strong></span> <span class='ocrx_word' id='word_1_622' title='bbox 2722 1732 2811 1801; x_wconf 90' lang='lat' dir='ltr'><strong>qui</strong></span> <span class='ocrx_word' id='word_1_623' title='bbox 2844 1747 2939 1801; x_wconf 91' lang='lat' dir='ltr'><strong>per</strong></span> <span class='ocrx_word' id='word_1_624' title='bbox 2969 1733 3347 1803; x_wconf 88' lang='lat' dir='ltr'><strong>benignitatem</strong></span> <span class='ocrx_word' id='word_1_625' title='bbox 3378 1737 3469 1792; x_wconf 90' lang='lat' dir='ltr'><strong>Dei</strong></span> <span class='ocrx_word' id='word_1_626' title='bbox 3496 1739 3734 1795; x_wconf 84' lang='lat' dir='ltr'><strong>misericc</strong></span> 
     </span>
    </p>
   </div>
   <div class='ocr_carea' id='block_1_76' title="bbox 2424 1821 3719 1890">
    <p class='ocr_par' dir='ltr' id='par_1_76' title="bbox 2424 1821 3719 1890">
     <span class='ocr_line' id='line_1_76' title="bbox 2424 1821 3719 1890; baseline 0.008 -17"><span class='ocrx_word' id='word_1_627' title='bbox 2424 1821 2648 1875; x_wconf 86' lang='lat' dir='ltr'><strong>salutem</strong></span> <span class='ocrx_word' id='word_1_628' title='bbox 2674 1825 3054 1890; x_wconf 85' lang='lat' dir='ltr'><strong>consequuturi</strong></span> <span class='ocrx_word' id='word_1_629' title='bbox 3091 1834 3263 1878; x_wconf 87' lang='lat' dir='ltr'><strong>erant.</strong></span> <span class='ocrx_word' id='word_1_630' title='bbox 3295 1825 3423 1880; x_wconf 88' lang='lat' dir='ltr'><strong>Nam</strong></span> <span class='ocrx_word' id='word_1_631' title='bbox 3462 1836 3719 1883; x_wconf 74' lang='lat' dir='ltr'><strong>extrema:</strong></span> 
     </span>
    </p>
   </div>
   <div class='ocr_carea' id='block_1_77' title="bbox 2425 1913 3734 1984">
    <p class='ocr_par' dir='ltr' id='par_1_77' title="bbox 2425 1913 3734 1984">
     <span class='ocr_line' id='line_1_77' title="bbox 2425 1913 3734 1984; baseline 0.009 -21"><span class='ocrx_word' id='word_1_632' title='bbox 2425 1921 2507 1967; x_wconf 76' lang='lat' dir='ltr'><strong>est</strong></span> <span class='ocrx_word' id='word_1_633' title='bbox 2530 1953 2545 1976; x_wconf 89' lang='lat'><strong>,</strong></span> <span class='ocrx_word' id='word_1_634' title='bbox 2592 1913 2816 1967; x_wconf 88' lang='lat' dir='ltr'><strong>aliorum</strong></span> <span class='ocrx_word' id='word_1_635' title='bbox 2854 1914 2993 1968; x_wconf 91' lang='lat' dir='ltr'><strong>bona</strong></span> <span class='ocrx_word' id='word_1_636' title='bbox 3024 1915 3205 1984; x_wconf 90' lang='lat' dir='ltr'><strong>inique</strong></span> <span class='ocrx_word' id='word_1_637' title='bbox 3235 1916 3374 1973; x_wconf 88' lang='lat' dir='ltr'><strong>ferre</strong></span> <span class='ocrx_word' id='word_1_638' title='bbox 3406 1960 3420 1981; x_wconf 90' lang='lat'><strong>,</strong></span> <span class='ocrx_word' id='word_1_639' title='bbox 3465 1935 3585 1973; x_wconf 90' lang='lat' dir='ltr'><strong>cum</strong></span> <span class='ocrx_word' id='word_1_640' title='bbox 3628 1937 3734 1976; x_wconf 73' lang='lat' dir='ltr'><strong>ma:</strong></span> 
     </span>
    </p>
   </div>
   <div class='ocr_carea' id='block_1_78' title="bbox 2426 2004 3733 2064">
    <p class='ocr_par' dir='ltr' id='par_1_78' title="bbox 2426 2004 3733 2064">
     <span class='ocr_line' id='line_1_78' title="bbox 2426 2004 3733 2064; baseline 0.005 -7"><span class='ocrx_word' id='word_1_641' title='bbox 2426 2004 2536 2057; x_wconf 92' lang='lat' dir='ltr'><strong>ullo</strong></span> <span class='ocrx_word' id='word_1_642' title='bbox 2559 2015 2649 2058; x_wconf 89' lang='lat' dir='ltr'><strong>tuo</strong></span> <span class='ocrx_word' id='word_1_643' title='bbox 2674 2004 2997 2060; x_wconf 86' lang='lat' dir='ltr'><strong>detrimento</strong></span> <span class='ocrx_word' id='word_1_644' title='bbox 3023 2005 3075 2063; x_wconf 79' lang='lat' dir='ltr'><strong>id</strong></span> <span class='ocrx_word' id='word_1_645' title='bbox 3114 2005 3345 2061; x_wconf 89' lang='lat' dir='ltr'><strong>futurum</strong></span> <span class='ocrx_word' id='word_1_646' title='bbox 3384 2018 3487 2062; x_wconf 90' lang='lat' dir='ltr'><strong>est.</strong></span> <span class='ocrx_word' id='word_1_647' title='bbox 3528 2009 3582 2064; x_wconf 92' lang='lat' dir='ltr'><strong>Si</strong></span> <span class='ocrx_word' id='word_1_648' title='bbox 3610 2010 3733 2064; x_wconf 89' lang='lat' dir='ltr'><strong>enin</strong></span> 
     </span>
    </p>
   </div>
   <div class='ocr_carea' id='block_1_79' title="bbox 2426 2090 3734 2169">
    <p class='ocr_par' dir='ltr' id='par_1_79' title="bbox 2426 2090 3734 2169">
     <span class='ocr_line' id='line_1_79' title="bbox 2426 2090 3734 2169; baseline 0.006 -20"><span class='ocrx_word' id='word_1_649' title='bbox 2426 2097 2567 2149; x_wconf 90' lang='lat' dir='ltr'><strong>salus</strong></span> <span class='ocrx_word' id='word_1_650' title='bbox 2597 2098 2732 2151; x_wconf 86' lang='lat' dir='ltr'><strong>bona</strong></span> <span class='ocrx_word' id='word_1_651' title='bbox 2762 2090 2850 2151; x_wconf 88' lang='lat' dir='ltr'><strong>tua</strong></span> <span class='ocrx_word' id='word_1_652' title='bbox 2899 2097 3263 2166; x_wconf 85' lang='lat' dir='ltr'><strong>pessumdaret</strong></span> <span class='ocrx_word' id='word_1_653' title='bbox 3282 2141 3297 2164; x_wconf 97' lang='lat'><strong>,</strong></span> <span class='ocrx_word' id='word_1_654' title='bbox 3336 2099 3458 2169; x_wconf 89' lang='lat' dir='ltr'><strong>jure</strong></span> <span class='ocrx_word' id='word_1_655' title='bbox 3484 2100 3734 2157; x_wconf 71' lang='lat' dir='ltr'><strong>doluisset</strong></span> 
     </span>
    </p>
   </div>
   <div class='ocr_carea' id='block_1_80' title="bbox 2426 2187 3734 2261">
    <p class='ocr_par' dir='ltr' id='par_1_80' title="bbox 2426 2187 3734 2261">
     <span class='ocr_line' id='line_1_80' title="bbox 2426 2187 3734 2261; baseline 0.005 -20"><span class='ocrx_word' id='word_1_656' title='bbox 2426 2189 2468 2241; x_wconf 90' lang='lat' dir='ltr'><strong>si</strong></span> <span class='ocrx_word' id='word_1_657' title='bbox 2508 2187 2556 2242; x_wconf 92' lang='lat' dir='ltr'><strong>id</strong></span> <span class='ocrx_word' id='word_1_658' title='bbox 2590 2204 2693 2241; x_wconf 87' lang='lat' dir='ltr'><strong>non</strong></span> <span class='ocrx_word' id='word_1_659' title='bbox 2724 2188 2944 2242; x_wconf 85' lang='lat' dir='ltr'><strong>accedat</strong></span> <span class='ocrx_word' id='word_1_660' title='bbox 2980 2189 3040 2243; x_wconf 83' lang='lat' dir='ltr'><strong>iis</strong></span> <span class='ocrx_word' id='word_1_661' title='bbox 3070 2189 3159 2259; x_wconf 91' lang='lat' dir='ltr'><strong>qui</strong></span> <span class='ocrx_word' id='word_1_662' title='bbox 3193 2190 3553 2261; x_wconf 87' lang='lat' dir='ltr'><strong>philosophari</strong></span> <span class='ocrx_word' id='word_1_663' title='bbox 3598 2193 3734 2248; x_wconf 86' lang='lat' dir='ltr'><strong>didic</strong></span> 
     </span>
    </p>
   </div>
   <div class='ocr_carea' id='block_1_81' title="bbox 2425 2278 3732 2347">
    <p class='ocr_par' dir='ltr' id='par_1_81' title="bbox 2425 2278 3732 2347">
     <span class='ocr_line' id='line_1_81' title="bbox 2425 2278 3732 2347; baseline 0.005 -17"><span class='ocrx_word' id='word_1_664' title='bbox 2425 2287 2600 2331; x_wconf 91' lang='lat' dir='ltr'><strong>autem</strong></span> <span class='ocrx_word' id='word_1_665' title='bbox 2627 2278 2845 2332; x_wconf 81' lang='lat' dir='ltr'><strong>alterius</strong></span> <span class='ocrx_word' id='word_1_666' title='bbox 2863 2278 3177 2347; x_wconf 90' lang='lat' dir='ltr'><strong>supplicium</strong></span> <span class='ocrx_word' id='word_1_667' title='bbox 3208 2282 3508 2337; x_wconf 77' lang='lat' dir='ltr'><strong>mercedem</strong></span> <span class='ocrx_word' id='word_1_668' title='bbox 3534 2293 3676 2337; x_wconf 89' lang='lat' dir='ltr'><strong>tuam</strong></span> <span class='ocrx_word' id='word_1_669' title='bbox 3700 2301 3732 2338; x_wconf 86' lang='grc' dir='ltr'><strong>η</strong></span> 
     </span>
    </p>
   </div>
   <div class='ocr_carea' id='block_1_82' title="bbox 2427 2370 3734 2440">
    <p class='ocr_par' dir='ltr' id='par_1_82' title="bbox 2427 2370 3734 2440">
     <span class='ocr_line' id='line_1_82' title="bbox 2427 2370 3734 2440; baseline 0.006 -17"><span class='ocrx_word' id='word_1_670' title='bbox 2427 2386 2597 2440; x_wconf 87' lang='lat' dir='ltr'><strong>neque</strong></span> <span class='ocrx_word' id='word_1_671' title='bbox 2626 2370 2766 2423; x_wconf 88' lang='lat' dir='ltr'><strong>illius</strong></span> <span class='ocrx_word' id='word_1_672' title='bbox 2797 2370 3022 2425; x_wconf 86' lang='lat' dir='ltr'><strong>felicitas</strong></span> <span class='ocrx_word' id='word_1_673' title='bbox 3051 2371 3218 2439; x_wconf 88' lang='lat' dir='ltr'><strong>ipsam</strong></span> <span class='ocrx_word' id='word_1_674' title='bbox 3252 2372 3461 2439; x_wconf 90' lang='lat' dir='ltr'><strong>minuit,</strong></span> <span class='ocrx_word' id='word_1_675' title='bbox 3493 2391 3588 2429; x_wconf 88' lang='lat' dir='ltr'><strong>cur</strong></span> <span class='ocrx_word' id='word_1_676' title='bbox 3613 2387 3664 2429; x_wconf 92' lang='lat' dir='ltr'><strong>tu</strong></span> <span class='ocrx_word' id='word_1_677' title='bbox 3687 2377 3734 2431; x_wconf 82' lang='lat' dir='ltr'><strong>dt</strong></span> 
     </span>
    </p>
   </div>
   <div class='ocr_carea' id='block_1_83' title="bbox 2425 2461 3733 2534">
    <p class='ocr_par' dir='ltr' id='par_1_83' title="bbox 2425 2461 3733 2534">
     <span class='ocr_line' id='line_1_83' title="bbox 2425 2461 3733 2534; baseline 0.005 -21"><span class='ocrx_word' id='word_1_678' title='bbox 2425 2461 2559 2514; x_wconf 85' lang='lat' dir='ltr'><strong>alius</strong></span> <span class='ocrx_word' id='word_1_679' title='bbox 2601 2462 2768 2531; x_wconf 87' lang='lat' dir='ltr'><strong>gratis</strong></span> <span class='ocrx_word' id='word_1_680' title='bbox 2819 2461 2991 2516; x_wconf 89' lang='lat' dir='ltr'><strong>salute</strong></span> <span class='ocrx_word' id='word_1_681' title='bbox 3044 2461 3325 2517; x_wconf 90' lang='lat' dir='ltr'><strong>donetur?</strong></span> <span class='ocrx_word' id='word_1_682' title='bbox 3372 2465 3669 2534; x_wconf 89' lang='lat' dir='ltr'><strong>Oportebat</strong></span> <span class='ocrx_word' id='word_1_683' title='bbox 3721 2468 3733 2519; x_wconf 93' lang='lat' dir='ltr'><strong>i</strong></span> 
     </span>
    </p>
   </div>
   <div class='ocr_carea' id='block_1_84' title="bbox 2433 2553 3734 2625">
    <p class='ocr_par' dir='ltr' id='par_1_84' title="bbox 2433 2553 3734 2625">
     <span class='ocr_line' id='line_1_84' title="bbox 2433 2553 3734 2625; baseline 0.007 -19"><span class='ocrx_word' id='word_1_684' title='bbox 2433 2553 2566 2618; x_wconf 81' lang='lat' dir='ltr'><strong>dixi,</strong></span> <span class='ocrx_word' id='word_1_685' title='bbox 2598 2554 2804 2608; x_wconf 87' lang='lat' dir='ltr'><strong>etiamsi</strong></span> <span class='ocrx_word' id='word_1_686' title='bbox 2828 2564 2877 2608; x_wconf 91' lang='lat' dir='ltr'><strong>te</strong></span> <span class='ocrx_word' id='word_1_687' title='bbox 2904 2554 3070 2625; x_wconf 89' lang='lat' dir='ltr'><strong>probe</strong></span> <span class='ocrx_word' id='word_1_688' title='bbox 3106 2556 3396 2624; x_wconf 71' lang='lat' dir='ltr'><strong>gessisses,</strong></span> <span class='ocrx_word' id='word_1_689' title='bbox 3426 2573 3531 2612; x_wconf 92' lang='lat' dir='ltr'><strong>non</strong></span> <span class='ocrx_word' id='word_1_690' title='bbox 3559 2560 3734 2616; x_wconf 71' lang='lat' dir='ltr'><strong>morde</strong></span> 
     </span>
    </p>
   </div>
   <div class='ocr_carea' id='block_1_85' title="bbox 2426 2646 3703 2716">
    <p class='ocr_par' dir='ltr' id='par_1_85' title="bbox 2426 2646 3703 2716">
     <span class='ocr_line' id='line_1_85' title="bbox 2426 2646 3703 2716; baseline 0.005 -16"><span class='ocrx_word' id='word_1_691' title='bbox 2426 2647 2535 2701; x_wconf 90' lang='lat' dir='ltr'><strong>inte</strong></span> <span class='ocrx_word' id='word_1_692' title='bbox 2579 2648 2630 2702; x_wconf 90' lang='lat' dir='ltr'><strong>in</strong></span> <span class='ocrx_word' id='word_1_693' title='bbox 2661 2656 2847 2716; x_wconf 82' lang='lat' dir='ltr'><strong>gentes</strong></span> <span class='ocrx_word' id='word_1_694' title='bbox 2886 2646 3055 2702; x_wconf 87' lang='lat' dir='ltr'><strong>effusa</strong></span> <span class='ocrx_word' id='word_1_695' title='bbox 3083 2666 3094 2700; x_wconf 91' lang='lat'>:</span> <span class='ocrx_word' id='word_1_696' title='bbox 3126 2663 3248 2703; x_wconf 90' lang='lat' dir='ltr'><strong>cum</strong></span> <span class='ocrx_word' id='word_1_697' title='bbox 3294 2659 3473 2704; x_wconf 90' lang='lat' dir='ltr'><strong>autem</strong></span> <span class='ocrx_word' id='word_1_698' title='bbox 3517 2651 3703 2706; x_wconf 90' lang='lat' dir='ltr'><strong>iisdem</strong></span> 
     </span>
    </p>
   </div>
   <div class='ocr_carea' id='block_1_86' title="bbox 2428 2740 3734 2811">
    <p class='ocr_par' dir='ltr' id='par_1_86' title="bbox 2428 2740 3734 2811">
     <span class='ocr_line' id='line_1_86' title="bbox 2428 2740 3734 2811; baseline 0.003 -17"><span class='ocrx_word' id='word_1_699' title='bbox 2428 2741 2657 2807; x_wconf 75' lang='lat' dir='ltr'><strong>peccatis</strong></span> <span class='ocrx_word' id='word_1_700' title='bbox 2682 2741 2757 2795; x_wconf 91' lang='lat' dir='ltr'><strong>sis</strong></span> <span class='ocrx_word' id='word_1_701' title='bbox 2780 2782 2794 2807; x_wconf 92' lang='lat'><strong>,</strong></span> <span class='ocrx_word' id='word_1_702' title='bbox 2831 2740 3218 2811; x_wconf 82' lang='lat' dir='ltr'><strong>Dominamque</strong></span> <span class='ocrx_word' id='word_1_703' title='bbox 3245 2740 3535 2797; x_wconf 71' lang='lat' dir='ltr'><strong>offenderis</strong></span> <span class='ocrx_word' id='word_1_704' title='bbox 3567 2783 3581 2808; x_wconf 92' lang='lat'><strong>,</strong></span> <span class='ocrx_word' id='word_1_705' title='bbox 3617 2744 3734 2798; x_wconf 74' lang='lat' dir='ltr'><strong>alio:</strong></span> 
     </span>
    </p>
   </div>
   <div class='ocr_carea' id='block_1_87' title="bbox 2425 2833 3734 2903">
    <p class='ocr_par' dir='ltr' id='par_1_87' title="bbox 2425 2833 3734 2903">
     <span class='ocr_line' id='line_1_87' title="bbox 2425 2833 3734 2903; baseline 0.002 -17"><span class='ocrx_word' id='word_1_706' title='bbox 2425 2848 2567 2902; x_wconf 72' lang='lat' dir='ltr'><strong>trgre</strong></span> <span class='ocrx_word' id='word_1_707' title='bbox 2598 2833 2727 2898; x_wconf 77' lang='lat' dir='ltr'><strong>fers,</strong></span> <span class='ocrx_word' id='word_1_708' title='bbox 2755 2843 2809 2887; x_wconf 91' lang='lat' dir='ltr'><strong>et</strong></span> <span class='ocrx_word' id='word_1_709' title='bbox 2838 2833 3002 2887; x_wconf 93' lang='lat' dir='ltr'><strong>altum</strong></span> <span class='ocrx_word' id='word_1_710' title='bbox 3034 2833 3177 2902; x_wconf 89' lang='lat' dir='ltr'><strong>sapis</strong></span> <span class='ocrx_word' id='word_1_711' title='bbox 3203 2874 3217 2898; x_wconf 91' lang='lat'><strong>,</strong></span> <span class='ocrx_word' id='word_1_712' title='bbox 3242 2836 3392 2903; x_wconf 89' lang='lat' dir='ltr'><strong>quasi</strong></span> <span class='ocrx_word' id='word_1_713' title='bbox 3420 2835 3566 2889; x_wconf 59' lang='lat' dir='ltr'><strong>solue</strong></span> <span class='ocrx_word' id='word_1_714' title='bbox 3595 2834 3734 2891; x_wconf 91' lang='lat' dir='ltr'><strong>debe</strong></span> 
     </span>
    </p>
   </div>
   <div class='ocr_carea' id='block_1_88' title="bbox 2424 2924 3733 2997">
    <p class='ocr_par' dir='ltr' id='par_1_88' title="bbox 2424 2924 3733 2997">
     <span class='ocr_line' id='line_1_88' title="bbox 2424 2924 3733 2997; baseline 0.003 -21"><span class='ocrx_word' id='word_1_715' title='bbox 2424 2938 2646 2978; x_wconf 88' lang='lat' dir='ltr'><strong>consors</strong></span> <span class='ocrx_word' id='word_1_716' title='bbox 2668 2940 2811 2989; x_wconf 81' lang='lat' dir='ltr'><strong>esse,</strong></span> <span class='ocrx_word' id='word_1_717' title='bbox 2842 2940 2947 2979; x_wconf 92' lang='lat' dir='ltr'><strong>non</strong></span> <span class='ocrx_word' id='word_1_718' title='bbox 2972 2924 3184 2979; x_wconf 68' lang='lat' dir='ltr'><strong>invidire</strong></span> <span class='ocrx_word' id='word_1_719' title='bbox 3208 2926 3384 2980; x_wconf 93' lang='lat' dir='ltr'><strong>solum</strong></span> <span class='ocrx_word' id='word_1_720' title='bbox 3425 2936 3480 2981; x_wconf 88' lang='lat' dir='ltr'><strong>et</strong></span> <span class='ocrx_word' id='word_1_721' title='bbox 3507 2942 3733 2997; x_wconf 86' lang='lat' dir='ltr'><strong>arrogan</strong></span> 
     </span>
    </p>
   </div>
   <div class='ocr_carea' id='block_1_89' title="bbox 2425 3014 3732 3085">
    <p class='ocr_par' dir='ltr' id='par_1_89' title="bbox 2425 3014 3732 3085">
     <span class='ocr_line' id='line_1_89' title="bbox 2425 3014 3732 3085; baseline 0.001 -17"><span class='ocrx_word' id='word_1_722' title='bbox 2425 3014 2587 3069; x_wconf 90' lang='lat' dir='ltr'><strong>etiam</strong></span> <span class='ocrx_word' id='word_1_723' title='bbox 2642 3023 2803 3068; x_wconf 75' lang='lat' dir='ltr'><strong>tanta:</strong></span> <span class='ocrx_word' id='word_1_724' title='bbox 2844 3014 3127 3070; x_wconf 60' lang='lat' dir='ltr'><strong>dementias</strong></span> <span class='ocrx_word' id='word_1_725' title='bbox 3174 3030 3333 3071; x_wconf 90' lang='lat' dir='ltr'><strong>causa</strong></span> <span class='ocrx_word' id='word_1_726' title='bbox 3391 3016 3627 3071; x_wconf 88' lang='lat' dir='ltr'><strong>omnium</strong></span> <span class='ocrx_word' id='word_1_727' title='bbox 3672 3034 3732 3085; x_wconf 88' lang='lat' dir='ltr'><strong>gr</strong></span> 
     </span>
    </p>
   </div>
   <div class='ocr_carea' id='block_1_90' title="bbox 2423 3105 3692 3178">
    <p class='ocr_par' dir='ltr' id='par_1_90' title="bbox 2423 3105 3692 3178">
     <span class='ocr_line' id='line_1_90' title="bbox 2423 3105 3692 3178; baseline 0.001 -17"><span class='ocrx_word' id='word_1_728' title='bbox 2423 3106 2616 3174; x_wconf 85' lang='lat' dir='ltr'><strong>dignus</strong></span> <span class='ocrx_word' id='word_1_729' title='bbox 2658 3105 2822 3160; x_wconf 88' lang='lat' dir='ltr'><strong>fueris</strong></span> <span class='ocrx_word' id='word_1_730' title='bbox 2864 3106 3138 3176; x_wconf 90' lang='lat' dir='ltr'><strong>suppliciis</strong></span> <span class='ocrx_word' id='word_1_731' title='bbox 3167 3124 3181 3160; x_wconf 86' lang='lat'><strong>:</strong></span> <span class='ocrx_word' id='word_1_732' title='bbox 3210 3110 3446 3162; x_wconf 91' lang='lat' dir='ltr'><strong>omnium</strong></span> <span class='ocrx_word' id='word_1_733' title='bbox 3497 3107 3692 3178; x_wconf 87' lang='lat' dir='ltr'><strong>quippe</strong></span> 
     </span>
    </p>
   </div>
   <div class='ocr_carea' id='block_1_91' title="bbox 2427 3195 3734 3265">
    <p class='ocr_par' dir='ltr' id='par_1_91' title="bbox 2427 3195 3734 3265">
     <span class='ocr_line' id='line_1_91' title="bbox 2427 3195 3734 3265; baseline 0.002 -14"><span class='ocrx_word' id='word_1_734' title='bbox 2427 3198 2663 3253; x_wconf 90' lang='lat' dir='ltr'><strong>radicem</strong></span> <span class='ocrx_word' id='word_1_735' title='bbox 2714 3195 3018 3265; x_wconf 89' lang='lat' dir='ltr'><strong>superbiam</strong></span> <span class='ocrx_word' id='word_1_736' title='bbox 3070 3199 3121 3251; x_wconf 93' lang='lat' dir='ltr'><strong>in</strong></span> <span class='ocrx_word' id='word_1_737' title='bbox 3167 3206 3221 3253; x_wconf 92' lang='lat' dir='ltr'><strong>te</strong></span> <span class='ocrx_word' id='word_1_738' title='bbox 3272 3198 3565 3254; x_wconf 89' lang='lat' dir='ltr'><strong>inseruisti.</strong></span> <span class='ocrx_word' id='word_1_739' title='bbox 3613 3199 3734 3254; x_wconf 90' lang='lat' dir='ltr'><strong>Ideo</strong></span> 
     </span>
    </p>
   </div>
   <div class='ocr_carea' id='block_1_92' title="bbox 2422 3285 3734 3359">
    <p class='ocr_par' dir='ltr' id='par_1_92' title="bbox 2422 3285 3734 3359">
     <span class='ocr_line' id='line_1_92' title="bbox 2422 3285 3734 3359; baseline 0.002 -19"><span class='ocrx_word' id='word_1_740' title='bbox 2422 3287 2685 3356; x_wconf 82' lang='lat' dir='ltr'><strong>quiSpiam</strong></span> <span class='ocrx_word' id='word_1_741' title='bbox 2713 3285 2958 3342; x_wconf 73' lang='lat' dir='ltr'><strong>dicebat:</strong></span> <span class='ocrx_word' id='word_1_742' title='bbox 2986 3287 3303 3358; x_wconf 82' lang='lat' dir='ltr'><strong>Principium</strong></span> <span class='ocrx_word' id='word_1_743' title='bbox 3332 3289 3523 3359; x_wconf 84' lang='lat' dir='ltr'><strong>peccati</strong></span> <span class='ocrx_word' id='word_1_744' title='bbox 3545 3290 3734 3358; x_wconf 66' lang='lat' dir='ltr'><strong>superba</strong></span> 
     </span>
    </p>
   </div>
   <div class='ocr_carea' id='block_1_93' title="bbox 2426 3376 3733 3445">
    <p class='ocr_par' dir='ltr' id='par_1_93' title="bbox 2426 3376 3733 3445">
     <span class='ocr_line' id='line_1_93' title="bbox 2426 3376 3733 3445; baseline 0.002 -15"><span class='ocrx_word' id='word_1_745' title='bbox 2426 3376 2511 3431; x_wconf 88' lang='grc'>10.</span> <span class='ocrx_word' id='word_1_746' title='bbox 2542 3378 2633 3445; x_wconf 82' lang='grc'>15)</span> <span class='ocrx_word' id='word_1_747' title='bbox 2665 3393 2678 3441; x_wconf 90' lang='grc'>;</span> <span class='ocrx_word' id='word_1_748' title='bbox 2716 3376 2816 3431; x_wconf 90' lang='lat' dir='ltr'><strong>hoc</strong></span> <span class='ocrx_word' id='word_1_749' title='bbox 2840 3385 2924 3433; x_wconf 89' lang='lat' dir='ltr'><strong>est</strong></span> <span class='ocrx_word' id='word_1_750' title='bbox 2957 3419 2972 3443; x_wconf 89' lang='lat'><strong>,</strong></span> <span class='ocrx_word' id='word_1_751' title='bbox 3002 3377 3153 3432; x_wconf 85' lang='lat' dir='ltr'><strong>radix</strong></span> <span class='ocrx_word' id='word_1_752' title='bbox 3186 3418 3202 3444; x_wconf 91' lang='lat'><strong>,</strong></span> <span class='ocrx_word' id='word_1_753' title='bbox 3234 3377 3354 3433; x_wconf 89' lang='lat' dir='ltr'><strong>fons</strong></span> <span class='ocrx_word' id='word_1_754' title='bbox 3386 3419 3401 3440; x_wconf 89' lang='lat'><strong>,</strong></span> <span class='ocrx_word' id='word_1_755' title='bbox 3429 3390 3617 3434; x_wconf 90' lang='lat' dir='ltr'><strong>mater.</strong></span> <span class='ocrx_word' id='word_1_756' title='bbox 3644 3376 3733 3433; x_wconf 86' lang='lat' dir='ltr'><strong>Sic</strong></span> 
     </span>
    </p>
   </div>
   <div class='ocr_carea' id='block_1_94' title="bbox 2423 3469 3712 3539">
    <p class='ocr_par' dir='ltr' id='par_1_94' title="bbox 2423 3469 3712 3539">
     <span class='ocr_line' id='line_1_94' title="bbox 2423 3469 3712 3539; baseline 0.005 -19"><span class='ocrx_word' id='word_1_757' title='bbox 2423 3469 2625 3539; x_wconf 89' lang='lat' dir='ltr'><strong>primus</strong></span> <span class='ocrx_word' id='word_1_758' title='bbox 2649 3469 2810 3523; x_wconf 91' lang='lat' dir='ltr'><strong>homo</strong></span> <span class='ocrx_word' id='word_1_759' title='bbox 2831 3485 2860 3521; x_wconf 92' lang='lat' dir='ltr'><strong>a</strong></span> <span class='ocrx_word' id='word_1_760' title='bbox 2896 3469 3052 3524; x_wconf 91' lang='lat' dir='ltr'><strong>beato</strong></span> <span class='ocrx_word' id='word_1_761' title='bbox 3074 3470 3166 3524; x_wconf 90' lang='lat' dir='ltr'><strong>illo</strong></span> <span class='ocrx_word' id='word_1_762' title='bbox 3191 3479 3330 3525; x_wconf 90' lang='lat' dir='ltr'><strong>statu</strong></span> <span class='ocrx_word' id='word_1_763' title='bbox 3358 3469 3599 3539; x_wconf 90' lang='lat' dir='ltr'><strong>dejectus</strong></span> <span class='ocrx_word' id='word_1_764' title='bbox 3627 3478 3712 3526; x_wconf 91' lang='lat' dir='ltr'><strong>est</strong></span> 
     </span>
    </p>
   </div>
   <div class='ocr_carea' id='block_1_95' title="bbox 2424 3560 3734 3631">
    <p class='ocr_par' dir='ltr' id='par_1_95' title="bbox 2424 3560 3734 3631">
     <span class='ocr_line' id='line_1_95' title="bbox 2424 3560 3734 3631; baseline -0.001 -15"><span class='ocrx_word' id='word_1_765' title='bbox 2424 3562 2576 3616; x_wconf 87' lang='lat' dir='ltr'><strong>holus</strong></span> <span class='ocrx_word' id='word_1_766' title='bbox 2605 3562 2694 3630; x_wconf 91' lang='lat' dir='ltr'><strong>qui</strong></span> <span class='ocrx_word' id='word_1_767' title='bbox 2717 3561 2864 3616; x_wconf 89' lang='lat' dir='ltr'><strong>illum</strong></span> <span class='ocrx_word' id='word_1_768' title='bbox 2893 3560 3127 3630; x_wconf 87' lang='lat' dir='ltr'><strong>decepit,</strong></span> <span class='ocrx_word' id='word_1_769' title='bbox 3159 3560 3227 3615; x_wconf 87' lang='lat' dir='ltr'><strong>ab</strong></span> <span class='ocrx_word' id='word_1_770' title='bbox 3253 3561 3341 3615; x_wconf 91' lang='lat' dir='ltr'><strong>illa</strong></span> <span class='ocrx_word' id='word_1_771' title='bbox 3370 3560 3645 3631; x_wconf 87' lang='lat' dir='ltr'><strong>dignitatis</strong></span> <span class='ocrx_word' id='word_1_772' title='bbox 3672 3577 3734 3615; x_wconf 88' lang='lat' dir='ltr'><strong>su</strong></span> 
     </span>
    </p>
   </div>
   <div class='ocr_carea' id='block_1_96' title="bbox 2422 3649 3734 3720">
    <p class='ocr_par' dir='ltr' id='par_1_96' title="bbox 2422 3649 3734 3720">
     <span class='ocr_line' id='line_1_96' title="bbox 2422 3649 3734 3720; baseline -0.003 -13"><span class='ocrx_word' id='word_1_773' title='bbox 2422 3651 2638 3707; x_wconf 80' lang='lat' dir='ltr'><strong>excidit.</strong></span> <span class='ocrx_word' id='word_1_774' title='bbox 2666 3651 2843 3717; x_wconf 90' lang='lat' dir='ltr'><strong>Quare</strong></span> <span class='ocrx_word' id='word_1_775' title='bbox 2864 3665 2987 3705; x_wconf 90' lang='lat' dir='ltr'><strong>cum</strong></span> <span class='ocrx_word' id='word_1_776' title='bbox 3014 3661 3190 3706; x_wconf 89' lang='lat' dir='ltr'><strong>nosset</strong></span> <span class='ocrx_word' id='word_1_777' title='bbox 3219 3650 3477 3705; x_wconf 85' lang='lat' dir='ltr'><strong>scelestus</strong></span> <span class='ocrx_word' id='word_1_778' title='bbox 3504 3650 3593 3705; x_wconf 91' lang='lat' dir='ltr'><strong>ille</strong></span> <span class='ocrx_word' id='word_1_779' title='bbox 3619 3649 3734 3720; x_wconf 76' lang='lat' dir='ltr'><strong>hujt</strong></span> 
     </span>
    </p>
   </div>
   <div class='ocr_carea' id='block_1_97' title="bbox 2427 3741 3734 3814">
    <p class='ocr_par' dir='ltr' id='par_1_97' title="bbox 2427 3741 3734 3814">
     <span class='ocr_line' id='line_1_97' title="bbox 2427 3741 3734 3814; baseline -0.002 -15"><span class='ocrx_word' id='word_1_780' title='bbox 2427 3754 2666 3800; x_wconf 89' lang='lat' dir='ltr'><strong>naturam</strong></span> <span class='ocrx_word' id='word_1_781' title='bbox 2698 3758 2853 3814; x_wconf 91' lang='lat' dir='ltr'><strong>posse</strong></span> <span class='ocrx_word' id='word_1_782' title='bbox 2875 3758 2938 3799; x_wconf 82' lang='lat' dir='ltr'><strong>ex</strong></span> <span class='ocrx_word' id='word_1_783' title='bbox 2959 3744 3089 3814; x_wconf 88' lang='lat' dir='ltr'><strong>ipsis</strong></span> <span class='ocrx_word' id='word_1_784' title='bbox 3116 3742 3262 3797; x_wconf 60' lang='lat' dir='ltr'><strong>caelis</strong></span> <span class='ocrx_word' id='word_1_785' title='bbox 3289 3741 3539 3811; x_wconf 90' lang='lat' dir='ltr'><strong>dejicere,</strong></span> <span class='ocrx_word' id='word_1_786' title='bbox 3568 3741 3734 3797; x_wconf 75' lang='lat' dir='ltr'><strong>hanci</strong></span> 
     </span>
    </p>
   </div>
   <div class='ocr_carea' id='block_1_98' title="bbox 2421 3835 3734 3900">
    <p class='ocr_par' dir='ltr' id='par_1_98' title="bbox 2421 3835 3734 3900">
     <span class='ocr_line' id='line_1_98' title="bbox 2421 3835 3734 3900; baseline -0.002 -9"><span class='ocrx_word' id='word_1_787' title='bbox 2421 3839 2558 3893; x_wconf 89' lang='lat' dir='ltr'><strong>viam</strong></span> <span class='ocrx_word' id='word_1_788' title='bbox 2590 3846 2689 3900; x_wconf 85' lang='lat' dir='ltr'><strong>est,</strong></span> <span class='ocrx_word' id='word_1_789' title='bbox 2723 3852 2845 3892; x_wconf 93' lang='lat' dir='ltr'><strong>cum</strong></span> <span class='ocrx_word' id='word_1_790' title='bbox 2873 3838 3132 3891; x_wconf 82' lang='lat' dir='ltr'><strong>Adamutn</strong></span> <span class='ocrx_word' id='word_1_791' title='bbox 3177 3851 3244 3891; x_wconf 79' lang='lat' dir='ltr'><strong>ex</strong></span> <span class='ocrx_word' id='word_1_792' title='bbox 3273 3845 3419 3889; x_wconf 89' lang='lat' dir='ltr'><strong>tanto</strong></span> <span class='ocrx_word' id='word_1_793' title='bbox 3464 3835 3668 3890; x_wconf 87' lang='lat' dir='ltr'><strong>honore</strong></span> <span class='ocrx_word' id='word_1_794' title='bbox 3713 3849 3734 3888; x_wconf 75' lang='grc' dir='ltr'>ε</span> 
     </span>
    </p>
   </div>
   <div class='ocr_carea' id='block_1_99' title="bbox 2422 3927 3698 3997">
    <p class='ocr_par' dir='ltr' id='par_1_99' title="bbox 2422 3927 3698 3997">
     <span class='ocr_line' id='line_1_99' title="bbox 2422 3927 3698 3997; baseline -0.002 -12"><span class='ocrx_word' id='word_1_795' title='bbox 2422 3932 2649 3985; x_wconf 87' lang='lat' dir='ltr'><strong>curavit.</strong></span> <span class='ocrx_word' id='word_1_796' title='bbox 2678 3928 2810 3984; x_wconf 81' lang='lat' dir='ltr'><strong>Cum</strong></span> <span class='ocrx_word' id='word_1_797' title='bbox 2854 3929 2998 3983; x_wconf 91' lang='lat' dir='ltr'><strong>enim</strong></span> <span class='ocrx_word' id='word_1_798' title='bbox 3043 3928 3188 3982; x_wconf 90' lang='lat' dir='ltr'><strong>illum</strong></span> <span class='ocrx_word' id='word_1_799' title='bbox 3240 3942 3336 3995; x_wconf 85' lang='lat' dir='ltr'><strong>spe</strong></span> <span class='ocrx_word' id='word_1_800' title='bbox 3378 3927 3698 3997; x_wconf 64' lang='lat' dir='ltr'><strong>aequalitatis</strong></span> 
     </span>
    </p>
   </div>
   <div class='ocr_carea' id='block_1_100' title="bbox 2422 4016 3734 4090">
    <p class='ocr_par' dir='ltr' id='par_1_100' title="bbox 2422 4016 3734 4090">
     <span class='ocr_line' id='line_1_100' title="bbox 2422 4016 3734 4090; baseline -0.003 -17"><span class='ocrx_word' id='word_1_801' title='bbox 2422 4019 2783 4090; x_wconf 71' lang='lat' dir='ltr'><strong>adipiscenda:</strong></span> <span class='ocrx_word' id='word_1_802' title='bbox 2810 4017 3050 4073; x_wconf 82' lang='lat' dir='ltr'><strong>inﬂatum</strong></span> <span class='ocrx_word' id='word_1_803' title='bbox 3082 4016 3402 4071; x_wconf 89' lang='lat' dir='ltr'><strong>reddidisset</strong></span> <span class='ocrx_word' id='word_1_804' title='bbox 3429 4058 3444 4081; x_wconf 93' lang='lat'><strong>,</strong></span> <span class='ocrx_word' id='word_1_805' title='bbox 3473 4017 3551 4071; x_wconf 92' lang='lat' dir='ltr'><strong>sic</strong></span> <span class='ocrx_word' id='word_1_806' title='bbox 3591 4017 3734 4070; x_wconf 89' lang='lat' dir='ltr'><strong>illum</strong></span> 
     </span>
    </p>
   </div>
   <div class='ocr_carea' id='block_1_101' title="bbox 2419 4107 3734 4179">
    <p class='ocr_par' dir='ltr' id='par_1_101' title="bbox 2419 4107 3734 4179">
     <span class='ocr_line' id='line_1_101' title="bbox 2419 4107 3734 4179; baseline -0.002 -14"><span class='ocrx_word' id='word_1_807' title='bbox 2419 4120 2474 4166; x_wconf 92' lang='lat' dir='ltr'><strong>et</strong></span> <span class='ocrx_word' id='word_1_808' title='bbox 2500 4111 2551 4164; x_wconf 89' lang='lat' dir='ltr'><strong>in</strong></span> <span class='ocrx_word' id='word_1_809' title='bbox 2573 4109 2888 4179; x_wconf 88' lang='lat' dir='ltr'><strong>profundum</strong></span> <span class='ocrx_word' id='word_1_810' title='bbox 2920 4107 3110 4163; x_wconf 91' lang='lat' dir='ltr'><strong>inferni</strong></span> <span class='ocrx_word' id='word_1_811' title='bbox 3140 4108 3505 4179; x_wconf 66' lang='lat' dir='ltr'><strong>praecipitavit.</strong></span> <span class='ocrx_word' id='word_1_812' title='bbox 3534 4107 3675 4162; x_wconf 82' lang='lat' dir='ltr'><strong>Nihil</strong></span> <span class='ocrx_word' id='word_1_813' title='bbox 3704 4124 3734 4163; x_wconf 92' lang='lat' dir='ltr'><strong>e</strong></span> 
     </span>
    </p>
   </div>
   <div class='ocr_carea' id='block_1_102' title="bbox 2422 4196 3693 4270">
    <p class='ocr_par' dir='ltr' id='par_1_102' title="bbox 2422 4196 3693 4270">
     <span class='ocr_line' id='line_1_102' title="bbox 2422 4196 3693 4270; baseline -0.002 -14"><span class='ocrx_word' id='word_1_814' title='bbox 2422 4202 2513 4256; x_wconf 90' lang='lat' dir='ltr'><strong>Dei</strong></span> <span class='ocrx_word' id='word_1_815' title='bbox 2538 4200 2868 4270; x_wconf 86' lang='lat' dir='ltr'><strong>benignitate</strong></span> <span class='ocrx_word' id='word_1_816' title='bbox 2901 4198 3095 4253; x_wconf 86' lang='lat' dir='ltr'><strong>avertit</strong></span> <span class='ocrx_word' id='word_1_817' title='bbox 3125 4239 3141 4264; x_wconf 93' lang='lat'><strong>,</strong></span> <span class='ocrx_word' id='word_1_818' title='bbox 3192 4207 3246 4251; x_wconf 90' lang='lat' dir='ltr'><strong>et</strong></span> <span class='ocrx_word' id='word_1_819' title='bbox 3271 4196 3530 4267; x_wconf 65' lang='lat' dir='ltr'><strong>gehennae</strong></span> <span class='ocrx_word' id='word_1_820' title='bbox 3559 4197 3693 4268; x_wconf 90' lang='lat' dir='ltr'><strong>ignis</strong></span> 
     </span>
    </p>
   </div>
   <div class='ocr_carea' id='block_1_103' title="bbox 2421 4289 3734 4362">
    <p class='ocr_par' dir='ltr' id='par_1_103' title="bbox 2421 4289 3734 4362">
     <span class='ocr_line' id='line_1_103' title="bbox 2421 4289 3734 4362; baseline -0.002 -14"><span class='ocrx_word' id='word_1_821' title='bbox 2421 4292 2602 4357; x_wconf 88' lang='lat' dir='ltr'><strong>tradit,</strong></span> <span class='ocrx_word' id='word_1_822' title='bbox 2635 4301 2693 4346; x_wconf 93' lang='lat' dir='ltr'><strong>ut</strong></span> <span class='ocrx_word' id='word_1_823' title='bbox 2711 4291 2977 4361; x_wconf 67' lang='lat' dir='ltr'><strong>superbia:</strong></span> <span class='ocrx_word' id='word_1_824' title='bbox 3002 4290 3262 4362; x_wconf 88' lang='lat' dir='ltr'><strong>tyrannis.</strong></span> <span class='ocrx_word' id='word_1_825' title='bbox 3290 4289 3403 4345; x_wconf 87' lang='lat' dir='ltr'><strong>Hac</strong></span> <span class='ocrx_word' id='word_1_826' title='bbox 3427 4305 3525 4345; x_wconf 90' lang='lat' dir='ltr'><strong>nos</strong></span> <span class='ocrx_word' id='word_1_827' title='bbox 3549 4305 3734 4360; x_wconf 80' lang='lat' dir='ltr'><strong>occup:</strong></span> 
     </span>
    </p>
   </div>
   <div class='ocr_carea' id='block_1_104' title="bbox 2434 4381 3728 4452">
    <p class='ocr_par' dir='ltr' id='par_1_104' title="bbox 2434 4381 3728 4452">
     <span class='ocr_line' id='line_1_104' title="bbox 2434 4381 3728 4452; baseline -0.002 -13"><span class='ocrx_word' id='word_1_828' title='bbox 2434 4386 2542 4439; x_wconf 86' lang='lat' dir='ltr'><strong>vita</strong></span> <span class='ocrx_word' id='word_1_829' title='bbox 2568 4395 2751 4439; x_wconf 85' lang='lat' dir='ltr'><strong>nostra</strong></span> <span class='ocrx_word' id='word_1_830' title='bbox 2773 4385 2980 4452; x_wconf 90' lang='lat' dir='ltr'><strong>impura</strong></span> <span class='ocrx_word' id='word_1_831' title='bbox 3013 4381 3260 4449; x_wconf 85' lang='lat' dir='ltr'><strong>efficitur,</strong></span> <span class='ocrx_word' id='word_1_832' title='bbox 3283 4381 3491 4436; x_wconf 89' lang='lat' dir='ltr'><strong>etiamsi</strong></span> <span class='ocrx_word' id='word_1_833' title='bbox 3518 4383 3728 4437; x_wconf 82' lang='lat' dir='ltr'><strong>castitat</strong></span> 
     </span>
    </p>
   </div>
   <div class='ocr_carea' id='block_1_105' title="bbox 2424 4472 3734 4546">
    <p class='ocr_par' dir='ltr' id='par_1_105' title="bbox 2424 4472 3734 4546">
     <span class='ocr_line' id='line_1_105' title="bbox 2424 4472 3734 4546; baseline -0.002 -17"><span class='ocrx_word' id='word_1_834' title='bbox 2424 4476 2699 4546; x_wconf 89' lang='lat' dir='ltr'><strong>ginitatem</strong></span> <span class='ocrx_word' id='word_1_835' title='bbox 2724 4513 2739 4537; x_wconf 90' lang='lat'><strong>,</strong></span> <span class='ocrx_word' id='word_1_836' title='bbox 2769 4472 3033 4544; x_wconf 87' lang='lat' dir='ltr'><strong>jejunium</strong></span> <span class='ocrx_word' id='word_1_837' title='bbox 3058 4511 3072 4535; x_wconf 93' lang='lat'><strong>,</strong></span> <span class='ocrx_word' id='word_1_838' title='bbox 3123 4472 3521 4542; x_wconf 84' lang='lat' dir='ltr'><strong>precationem,</strong></span> <span class='ocrx_word' id='word_1_839' title='bbox 3555 4472 3734 4527; x_wconf 45' lang='lat' dir='ltr'><strong>eleeml</strong></span> 
     </span>
    </p>
   </div>
   <div class='ocr_carea' id='block_1_106' title="bbox 2423 4560 3734 4634">
    <p class='ocr_par' dir='ltr' id='par_1_106' title="bbox 2423 4560 3734 4634">
     <span class='ocr_line' id='line_1_106' title="bbox 2423 4560 3734 4634; baseline -0.004 -12"><span class='ocrx_word' id='word_1_840' title='bbox 2423 4574 2752 4634; x_wconf 68' lang='lat' dir='ltr'><strong>caeterasque</strong></span> <span class='ocrx_word' id='word_1_841' title='bbox 2783 4564 3007 4617; x_wconf 83' lang='lat' dir='ltr'><strong>virtutes</strong></span> <span class='ocrx_word' id='word_1_842' title='bbox 3035 4577 3382 4618; x_wconf 79' lang='lat' dir='ltr'><strong>exerceamus</strong></span> <span class='ocrx_word' id='word_1_843' title='bbox 3431 4560 3734 4617; x_wconf 80' lang='lat' dir='ltr'><strong>Immundas</strong></span> 
     </span>
    </p>
   </div>
   <div class='ocr_carea' id='block_1_107' title="bbox 2428 4653 3734 4726">
    <p class='ocr_par' dir='ltr' id='par_1_107' title="bbox 2428 4653 3734 4726">
     <span class='ocr_line' id='line_1_107' title="bbox 2428 4653 3734 4726; baseline -0.001 -15"><span class='ocrx_word' id='word_1_844' title='bbox 2428 4657 2567 4726; x_wconf 87' lang='lat' dir='ltr'><strong>apud</strong></span> <span class='ocrx_word' id='word_1_845' title='bbox 2589 4653 2864 4708; x_wconf 85' lang='lat' dir='ltr'><strong>Dominum</strong></span> <span class='ocrx_word' id='word_1_846' title='bbox 2890 4655 3053 4708; x_wconf 84' lang='lat' dir='ltr'><strong>omnis</strong></span> <span class='ocrx_word' id='word_1_847' title='bbox 3088 4653 3331 4723; x_wconf 82' lang='lat' dir='ltr'><strong>superbus</strong></span> <span class='ocrx_word' id='word_1_848' title='bbox 3359 4655 3376 4722; x_wconf 89' lang='lat'><strong>(</strong></span> <span class='ocrx_word' id='word_1_849' title='bbox 3405 4653 3562 4707; x_wconf 79' lang='lat' dir='ltr'><strong>Prov.</strong></span> <span class='ocrx_word' id='word_1_850' title='bbox 3595 4656 3685 4708; x_wconf 81' lang='grc'><strong>16.</strong></span> <span class='ocrx_word' id='word_1_851' title='bbox 3720 4658 3734 4710; x_wconf 84' lang='lat' dir='ltr'><strong>l</strong></span> 
     </span>
    </p>
   </div>
   <div class='ocr_carea' id='block_1_108' title="bbox 2421 4744 3734 4819">
    <p class='ocr_par' dir='ltr' id='par_1_108' title="bbox 2421 4744 3734 4819">
     <span class='ocr_line' id='line_1_108' title="bbox 2421 4744 3734 4819; baseline -0.002 -16"><span class='ocrx_word' id='word_1_852' title='bbox 2421 4763 2548 4819; x_wconf 85' lang='lat' dir='ltr'><strong>ergo</strong></span> <span class='ocrx_word' id='word_1_853' title='bbox 2570 4746 2734 4801; x_wconf 91' lang='lat' dir='ltr'><strong>animi</strong></span> <span class='ocrx_word' id='word_1_854' title='bbox 2760 4755 3022 4800; x_wconf 88' lang='lat' dir='ltr'><strong>tumorem</strong></span> <span class='ocrx_word' id='word_1_855' title='bbox 3051 4744 3467 4813; x_wconf 85' lang='lat' dir='ltr'><strong>comprimamus</strong></span> <span class='ocrx_word' id='word_1_856' title='bbox 3500 4760 3516 4810; x_wconf 87' lang='lat'><strong>;</strong></span> <span class='ocrx_word' id='word_1_857' title='bbox 3546 4744 3687 4801; x_wconf 89' lang='lat' dir='ltr'><strong>hunc</strong></span> <span class='ocrx_word' id='word_1_858' title='bbox 3714 4747 3734 4800; x_wconf 85' lang='lat' dir='ltr'><strong>f</strong></span> 
     </span>
    </p>
   </div>
   <div class='ocr_carea' id='block_1_109' title="bbox 2424 4836 3734 4899">
    <p class='ocr_par' dir='ltr' id='par_1_109' title="bbox 2424 4836 3734 4899">
     <span class='ocr_line' id='line_1_109' title="bbox 2424 4836 3734 4899; baseline -0.003 -4"><span class='ocrx_word' id='word_1_859' title='bbox 2424 4840 2601 4895; x_wconf 88' lang='lat' dir='ltr'><strong>medio</strong></span> <span class='ocrx_word' id='word_1_860' title='bbox 2631 4838 2877 4894; x_wconf 90' lang='lat' dir='ltr'><strong>tollamus</strong></span> <span class='ocrx_word' id='word_1_861' title='bbox 2905 4880 2919 4899; x_wconf 89' lang='lat'><strong>,</strong></span> <span class='ocrx_word' id='word_1_862' title='bbox 2950 4838 2993 4890; x_wconf 92' lang='lat' dir='ltr'><strong>si</strong></span> <span class='ocrx_word' id='word_1_863' title='bbox 3038 4836 3219 4890; x_wconf 92' lang='lat' dir='ltr'><strong>mundi</strong></span> <span class='ocrx_word' id='word_1_864' title='bbox 3269 4836 3496 4890; x_wconf 91' lang='lat' dir='ltr'><strong>velimus</strong></span> <span class='ocrx_word' id='word_1_865' title='bbox 3518 4852 3637 4891; x_wconf 91' lang='lat' dir='ltr'><strong>esse</strong></span> <span class='ocrx_word' id='word_1_866' title='bbox 3659 4878 3675 4899; x_wconf 83' lang='lat'><strong>,</strong></span> <span class='ocrx_word' id='word_1_867' title='bbox 3721 4853 3734 4891; x_wconf 82' lang='lat' dir='ltr'><strong>t</strong></span> 
     </span>
    </p>
   </div>
   <div class='ocr_carea' id='block_1_110' title="bbox 2426 4929 3734 5004">
    <p class='ocr_par' dir='ltr' id='par_1_110' title="bbox 2426 4929 3734 5004">
     <span class='ocr_line' id='line_1_110' title="bbox 2426 4929 3734 5004; baseline -0.002 -18"><span class='ocrx_word' id='word_1_868' title='bbox 2426 4932 2566 5004; x_wconf 89' lang='lat' dir='ltr'><strong>quod</strong></span> <span class='ocrx_word' id='word_1_869' title='bbox 2606 4930 2820 4986; x_wconf 91' lang='lat' dir='ltr'><strong>diabolo</strong></span> <span class='ocrx_word' id='word_1_870' title='bbox 2847 4937 3089 5000; x_wconf 90' lang='lat' dir='ltr'><strong>paratum</strong></span> <span class='ocrx_word' id='word_1_871' title='bbox 3115 4938 3199 4984; x_wconf 90' lang='lat' dir='ltr'><strong>est</strong></span> <span class='ocrx_word' id='word_1_872' title='bbox 3230 4970 3245 4991; x_wconf 85' lang='lat'><strong>,</strong></span> <span class='ocrx_word' id='word_1_873' title='bbox 3285 4929 3547 4998; x_wconf 88' lang='lat' dir='ltr'><strong>supplicio</strong></span> <span class='ocrx_word' id='word_1_874' title='bbox 3593 4930 3734 4984; x_wconf 81' lang='lat' dir='ltr'><strong>liber:</strong></span> 
     </span>
    </p>
   </div>
   <div class='ocr_carea' id='block_1_111' title="bbox 2423 5020 3734 5103">
    <p class='ocr_par' dir='ltr' id='par_1_111' title="bbox 2423 5020 3734 5103">
     <span class='ocr_line' id='line_1_111' title="bbox 2423 5020 3734 5103; baseline -0.002 -25"><span class='ocrx_word' id='word_1_875' title='bbox 2423 5024 2562 5095; x_wconf 89' lang='lat' dir='ltr'><strong>quod</strong></span> <span class='ocrx_word' id='word_1_876' title='bbox 2594 5038 2849 5093; x_wconf 88' lang='lat' dir='ltr'><strong>arrogans</strong></span> <span class='ocrx_word' id='word_1_877' title='bbox 2875 5021 3066 5077; x_wconf 89' lang='lat' dir='ltr'><strong>eodem</strong></span> <span class='ocrx_word' id='word_1_878' title='bbox 3093 5038 3199 5092; x_wconf 92' lang='lat' dir='ltr'><strong>quo</strong></span> <span class='ocrx_word' id='word_1_879' title='bbox 3233 5020 3477 5075; x_wconf 90' lang='lat' dir='ltr'><strong>diabolus</strong></span> <span class='ocrx_word' id='word_1_880' title='bbox 3505 5023 3583 5103; x_wconf 64' lang='lat' dir='ltr'><strong>sit</strong></span> <span class='ocrx_word' id='word_1_881' title='bbox 3605 5035 3734 5090; x_wconf 86' lang='lat' dir='ltr'><strong>supp</strong></span> 
     </span>
    </p>
   </div>
   <div class='ocr_carea' id='block_1_112' title="bbox 2425 5110 3734 5184">
    <p class='ocr_par' dir='ltr' id='par_1_112' title="bbox 2425 5110 3734 5184">
     <span class='ocr_line' id='line_1_112' title="bbox 2425 5110 3734 5184; baseline -0.004 -14"><span class='ocrx_word' id='word_1_882' title='bbox 2425 5115 2671 5182; x_wconf 88' lang='lat' dir='ltr'><strong>niendus,</strong></span> <span class='ocrx_word' id='word_1_883' title='bbox 2700 5115 2822 5171; x_wconf 90' lang='lat' dir='ltr'><strong>audi</strong></span> <span class='ocrx_word' id='word_1_884' title='bbox 2849 5115 3067 5171; x_wconf 84' lang='lat' dir='ltr'><strong>Paulum</strong></span> <span class='ocrx_word' id='word_1_885' title='bbox 3090 5113 3354 5168; x_wconf 91' lang='lat' dir='ltr'><strong>dicentem</strong></span> <span class='ocrx_word' id='word_1_886' title='bbox 3388 5132 3401 5167; x_wconf 91' lang='lat'>:</span> <span class='ocrx_word' id='word_1_887' title='bbox 3432 5110 3554 5166; x_wconf 84' lang='lat' dir='ltr'><strong>Non</strong></span> <span class='ocrx_word' id='word_1_888' title='bbox 3583 5115 3734 5184; x_wconf 82' lang='lat' dir='ltr'><strong>neopl</strong></span> 
     </span>
    </p>
   </div>
   <div class='ocr_carea' id='block_1_113' title="bbox 2425 5204 3722 5278">
    <p class='ocr_par' dir='ltr' id='par_1_113' title="bbox 2425 5204 3722 5278">
     <span class='ocr_line' id='line_1_113' title="bbox 2425 5204 3722 5278; baseline -0.005 -15"><span class='ocrx_word' id='word_1_889' title='bbox 2425 5209 2478 5263; x_wconf 75' lang='lat' dir='ltr'><strong>in</strong></span> <span class='ocrx_word' id='word_1_890' title='bbox 2497 5208 2785 5278; x_wconf 82' lang='lat' dir='ltr'><strong>superbiam</strong></span> <span class='ocrx_word' id='word_1_891' title='bbox 2810 5209 2968 5260; x_wconf 76' lang='lat' dir='ltr'><strong>elatus</strong></span> <span class='ocrx_word' id='word_1_892' title='bbox 2993 5244 3006 5263; x_wconf 90' lang='lat'><strong>.</strong></span> <span class='ocrx_word' id='word_1_893' title='bbox 3036 5206 3087 5257; x_wconf 86' lang='lat' dir='ltr'><strong>in</strong></span> <span class='ocrx_word' id='word_1_894' title='bbox 3098 5204 3354 5271; x_wconf 73' lang='lat' dir='ltr'><strong>judicium</strong></span> <span class='ocrx_word' id='word_1_895' title='bbox 3377 5204 3565 5257; x_wconf 84' lang='lat' dir='ltr'><strong>incidat</strong></span> <span class='ocrx_word' id='word_1_896' title='bbox 3594 5213 3652 5259; x_wconf 88' lang='lat' dir='ltr'><strong>et</strong></span> <span class='ocrx_word' id='word_1_897' title='bbox 3670 5205 3722 5258; x_wconf 91' lang='lat' dir='ltr'><strong>in</strong></span> 
     </span>
    </p>
   </div>
   <div class='ocr_carea' id='block_1_114' title="bbox 2429 5294 3731 5369">
    <p class='ocr_par' dir='ltr' id='par_1_114' title="bbox 2429 5294 3731 5369">
     <span class='ocr_line' id='line_1_114' title="bbox 2429 5294 3731 5369; baseline -0.003 -17"><span class='ocrx_word' id='word_1_898' title='bbox 2429 5299 2659 5369; x_wconf 87' lang='lat' dir='ltr'><strong>diaboli(</strong></span> <span class='ocrx_word' id='word_1_899' title='bbox 2687 5300 2739 5352; x_wconf 92' lang='grc'><strong>1.</strong></span> <span class='ocrx_word' id='word_1_900' title='bbox 2775 5297 2905 5350; x_wconf 87' lang='lat' dir='ltr'><strong>Tim.</strong></span> <span class='ocrx_word' id='word_1_901' title='bbox 2937 5298 2991 5352; x_wconf 76' lang='lat'><strong>3.</strong></span> <span class='ocrx_word' id='word_1_902' title='bbox 3015 5296 3048 5350; x_wconf 85' lang='lat'><strong>6</strong></span> <span class='ocrx_word' id='word_1_903' title='bbox 3078 5297 3117 5365; x_wconf 92' lang='lat'><strong>).</strong></span> <span class='ocrx_word' id='word_1_904' title='bbox 3151 5294 3291 5362; x_wconf 86' lang='lat' dir='ltr'><strong>Quid</strong></span> <span class='ocrx_word' id='word_1_905' title='bbox 3319 5304 3404 5348; x_wconf 87' lang='lat' dir='ltr'><strong>est</strong></span> <span class='ocrx_word' id='word_1_906' title='bbox 3423 5295 3679 5363; x_wconf 90' lang='lat' dir='ltr'><strong>judicium</strong></span> <span class='ocrx_word' id='word_1_907' title='bbox 3708 5296 3731 5348; x_wconf 88' lang='lat'><strong>?</strong></span> 
     </span>
    </p>
   </div>
   <div class='ocr_carea' id='block_1_115' title="bbox 2428 5384 3734 5457">
    <p class='ocr_par' dir='ltr' id='par_1_115' title="bbox 2428 5384 3734 5457">
     <span class='ocr_line' id='line_1_115' title="bbox 2428 5384 3734 5457; baseline -0.002 -15"><span class='ocrx_word' id='word_1_908' title='bbox 2428 5389 2570 5450; x_wconf 87' lang='lat' dir='ltr'><strong>dent,</strong></span> <span class='ocrx_word' id='word_1_909' title='bbox 2590 5387 2777 5457; x_wconf 90' lang='lat' dir='ltr'><strong>inquit,</strong></span> <span class='ocrx_word' id='word_1_910' title='bbox 2807 5385 3222 5446; x_wconf 85' lang='lat' dir='ltr'><strong>damnationem,</strong></span> <span class='ocrx_word' id='word_1_911' title='bbox 3248 5386 3300 5439; x_wconf 90' lang='lat' dir='ltr'><strong>in</strong></span> <span class='ocrx_word' id='word_1_912' title='bbox 3324 5384 3463 5440; x_wconf 88' lang='lat' dir='ltr'><strong>idem</strong></span> <span class='ocrx_word' id='word_1_913' title='bbox 3489 5386 3734 5455; x_wconf 79' lang='lat' dir='ltr'><strong>supplicii</strong></span> 
     </span>
    </p>
   </div>
   <div class='ocr_carea' id='block_1_116' title="bbox 2430 5474 3734 5547">
    <p class='ocr_par' dir='ltr' id='par_1_116' title="bbox 2430 5474 3734 5547">
     <span class='ocr_line' id='line_1_116' title="bbox 2430 5474 3734 5547; baseline -0.002 -16"><span class='ocrx_word' id='word_1_914' title='bbox 2430 5478 2586 5533; x_wconf 90' lang='lat' dir='ltr'><strong>modo</strong></span> <span class='ocrx_word' id='word_1_915' title='bbox 2616 5478 2776 5547; x_wconf 86' lang='lat' dir='ltr'><strong>igitur</strong></span> <span class='ocrx_word' id='word_1_916' title='bbox 2812 5475 2915 5530; x_wconf 92' lang='lat' dir='ltr'><strong>hoc</strong></span> <span class='ocrx_word' id='word_1_917' title='bbox 2935 5476 3130 5529; x_wconf 89' lang='lat' dir='ltr'><strong>malum</strong></span> <span class='ocrx_word' id='word_1_918' title='bbox 3162 5474 3416 5545; x_wconf 79' lang='lat' dir='ltr'><strong>effugeris</strong></span> <span class='ocrx_word' id='word_1_919' title='bbox 3441 5476 3464 5529; x_wconf 84' lang='lat'><strong>?</strong></span> <span class='ocrx_word' id='word_1_920' title='bbox 3490 5475 3547 5531; x_wconf 86' lang='lat' dir='ltr'><strong>Si</strong></span> <span class='ocrx_word' id='word_1_921' title='bbox 3579 5485 3734 5531; x_wconf 90' lang='lat' dir='ltr'><strong>tecun</strong></span> 
     </span>
    </p>
   </div>
   <div class='ocr_carea' id='block_1_117' title="bbox 2432 5567 3725 5637">
    <p class='ocr_par' dir='ltr' id='par_1_117' title="bbox 2432 5567 3725 5637">
     <span class='ocr_line' id='line_1_117' title="bbox 2432 5567 3725 5637; baseline -0.004 -13"><span class='ocrx_word' id='word_1_922' title='bbox 2432 5582 2673 5625; x_wconf 87' lang='lat' dir='ltr'><strong>naturam</strong></span> <span class='ocrx_word' id='word_1_923' title='bbox 2701 5579 2865 5633; x_wconf 88' lang='lat' dir='ltr'><strong>tuam,</strong></span> <span class='ocrx_word' id='word_1_924' title='bbox 2892 5567 2938 5622; x_wconf 80' lang='lat' dir='ltr'><strong>si</strong></span> <span class='ocrx_word' id='word_1_925' title='bbox 2965 5578 3303 5637; x_wconf 88' lang='lat' dir='ltr'><strong>peccatorum</strong></span> <span class='ocrx_word' id='word_1_926' title='bbox 3334 5567 3725 5622; x_wconf 88' lang='lat' dir='ltr'><strong>multitudinem</strong></span> 
     </span>
    </p>
   </div>
   <div class='ocr_carea' id='block_1_118' title="bbox 2429 5659 3734 5732">
    <p class='ocr_par' dir='ltr' id='par_1_118' title="bbox 2429 5659 3734 5732">
     <span class='ocr_line' id='line_1_118' title="bbox 2429 5659 3734 5732; baseline -0.005 -15"><span class='ocrx_word' id='word_1_927' title='bbox 2429 5661 2757 5732; x_wconf 78' lang='lat' dir='ltr'><strong>gnuudicem</strong></span> <span class='ocrx_word' id='word_1_928' title='bbox 2800 5661 3170 5717; x_wconf 86' lang='lat' dir='ltr'><strong>eruciatuum:</strong></span> <span class='ocrx_word' id='word_1_929' title='bbox 3204 5660 3248 5714; x_wconf 93' lang='lat' dir='ltr'><strong>si</strong></span> <span class='ocrx_word' id='word_1_930' title='bbox 3296 5659 3611 5729; x_wconf 76' lang='lat' dir='ltr'><strong>cogitaveris</strong></span> <span class='ocrx_word' id='word_1_931' title='bbox 3655 5674 3734 5729; x_wconf 87' lang='lat' dir='ltr'><strong>qu:</strong></span> 
     </span>
    </p>
   </div>
   <div class='ocr_carea' id='block_1_119' title="bbox 2430 5751 3734 5825">
    <p class='ocr_par' dir='ltr' id='par_1_119' title="bbox 2430 5751 3734 5825">
     <span class='ocr_line' id='line_1_119' title="bbox 2430 5751 3734 5825; baseline -0.005 -12"><span class='ocrx_word' id='word_1_932' title='bbox 2430 5758 2535 5813; x_wconf 85' lang='lat' dir='ltr'><strong>sint</strong></span> <span class='ocrx_word' id='word_1_933' title='bbox 2561 5768 2624 5812; x_wconf 84' lang='lat' dir='ltr'><strong>ea</strong></span> <span class='ocrx_word' id='word_1_934' title='bbox 2653 5769 2770 5825; x_wconf 83' lang='lat' dir='ltr'><strong>quae</strong></span> <span class='ocrx_word' id='word_1_935' title='bbox 2802 5753 2854 5810; x_wconf 91' lang='lat' dir='ltr'><strong>in</strong></span> <span class='ocrx_word' id='word_1_936' title='bbox 2882 5753 2986 5810; x_wconf 87' lang='lat' dir='ltr'><strong>hoc</strong></span> <span class='ocrx_word' id='word_1_937' title='bbox 3012 5753 3211 5810; x_wconf 83' lang='lat' dir='ltr'><strong>mundo</strong></span> <span class='ocrx_word' id='word_1_938' title='bbox 3258 5751 3535 5825; x_wconf 79' lang='lat' dir='ltr'><strong>splendida</strong></span> <span class='ocrx_word' id='word_1_939' title='bbox 3563 5751 3734 5809; x_wconf 84' lang='lat' dir='ltr'><strong>vident</strong></span> 
     </span>
    </p>
   </div>
  </div>
