  <div class='ocr_page' id='page_1' title='image "/cluster/home/n/w/nwhite01/storage/ocr_20150623/59/hvd.32044052786589/075.png"; bbox 0 0 4012 6210; ppageno 0'>
   <div class='ocr_carea' id='block_1_1' title="bbox 530 316 3809 396">
    <p class='ocr_par' dir='ltr' id='par_1_1' title="bbox 530 316 3809 396">
     <span class='ocr_line' id='line_1_1' title="bbox 530 316 3809 396; baseline -0.008 0"><span class='ocrx_word' id='word_1_1' title='bbox 530 342 602 396; x_wconf 77' lang='lat'>73</span> <span class='ocrx_word' id='word_1_2' title='bbox 1217 340 1276 393; x_wconf 83' lang='lat' dir='ltr'><strong>S.</strong></span> <span class='ocrx_word' id='word_1_3' title='bbox 1318 338 1611 395; x_wconf 68' lang='lat' dir='ltr'>JOANNIS</span> <span class='ocrx_word' id='word_1_4' title='bbox 1645 331 2132 393; x_wconf 59' lang='lat' dir='ltr'>CIIIKYSOSTOMI</span> <span class='ocrx_word' id='word_1_5' title='bbox 2174 326 2487 383; x_wconf 62' lang='lat' dir='ltr'>AlitllllizP.</span> <span class='ocrx_word' id='word_1_6' title='bbox 2528 321 3080 380; x_wconf 67' lang='lat' dir='ltr'>CONSTANTINOP.</span> <span class='ocrx_word' id='word_1_7' title='bbox 3738 316 3809 369; x_wconf 70' lang='grc' dir='ltr'>τι</span> 
     </span>
    </p>
   </div>
   <div class='ocr_carea' id='block_1_2' title="bbox 535 451 2115 529">
    <p class='ocr_par' dir='ltr' id='par_1_2' title="bbox 535 451 2115 529">
     <span class='ocr_line' id='line_1_2' title="bbox 535 451 2115 529; baseline -0.001 -19"><span class='ocrx_word' id='word_1_8' title='bbox 535 476 641 510; x_wconf 85' lang='grc' dir='ltr'>των</span> <span class='ocrx_word' id='word_1_9' title='bbox 668 458 940 529; x_wconf 76' lang='grc' dir='ltr'>λαμπρῶν</span> <span class='ocrx_word' id='word_1_10' title='bbox 966 458 1023 510; x_wconf 86' lang='grc' dir='ltr'>τὸ</span> <span class='ocrx_word' id='word_1_11' title='bbox 1049 456 1382 529; x_wconf 81' lang='grc' dir='ltr'>πρόσκαιρον</span> <span class='ocrx_word' id='word_1_12' title='bbox 1426 457 1579 510; x_wconf 78' lang='grc' dir='ltr'>οὐδὲν</span> <span class='ocrx_word' id='word_1_13' title='bbox 1607 455 1801 527; x_wconf 81' lang='grc' dir='ltr'><strong>χόρτου</strong></span> <span class='ocrx_word' id='word_1_14' title='bbox 1837 451 2115 521; x_wconf 76' lang='grc' dir='ltr'>διαφέρον.</span> 
     </span>
    </p>
   </div>
   <div class='ocr_carea' id='block_1_3' title="bbox 532 536 2118 613">
    <p class='ocr_par' dir='ltr' id='par_1_3' title="bbox 532 536 2118 613">
     <span class='ocr_line' id='line_1_3' title="bbox 532 536 2118 613; baseline -0.006 -18"><span class='ocrx_word' id='word_1_15' title='bbox 532 542 761 596; x_wconf 72' lang='grc' dir='ltr'>καὶτῶν</span> <span class='ocrx_word' id='word_1_16' title='bbox 803 540 1035 613; x_wconf 76' lang='grc' dir='ltr'>ἐαρινῶν</span> <span class='ocrx_word' id='word_1_17' title='bbox 1075 540 1281 594; x_wconf 79' lang='grc' dir='ltr'>ἀνθέων</span> <span class='ocrx_word' id='word_1_18' title='bbox 1326 540 1527 611; x_wconf 85' lang='grc' dir='ltr'>μᾶλλον</span> <span class='ocrx_word' id='word_1_19' title='bbox 1564 539 1983 611; x_wconf 75' lang='grc' dir='ltr'>μαραινόμενον.</span> <span class='ocrx_word' id='word_1_20' title='bbox 2022 536 2118 586; x_wconf 75' lang='grc' dir='ltr'>’Ἂν</span> 
     </span>
    </p>
   </div>
   <div class='ocr_carea' id='block_1_4' title="bbox 534 618 2120 695">
    <p class='ocr_par' dir='ltr' id='par_1_4' title="bbox 534 618 2120 695">
     <span class='ocr_line' id='line_1_4' title="bbox 534 618 2120 695; baseline -0.005 -19"><span class='ocrx_word' id='word_1_21' title='bbox 534 626 754 686; x_wconf 75' lang='grc' dir='ltr'>τούτους</span> <span class='ocrx_word' id='word_1_22' title='bbox 812 625 1051 695; x_wconf 88' lang='grc' dir='ltr'>συνεχῶς</span> <span class='ocrx_word' id='word_1_23' title='bbox 1091 622 1218 693; x_wconf 87' lang='grc' dir='ltr'>παρ’</span> <span class='ocrx_word' id='word_1_24' title='bbox 1253 624 1463 687; x_wconf 78' lang='grc' dir='ltr'>ἑαυτοῖς</span> <span class='ocrx_word' id='word_1_25' title='bbox 1516 625 1752 693; x_wconf 84' lang='grc' dir='ltr'>κινῶμεν</span> <span class='ocrx_word' id='word_1_26' title='bbox 1794 624 1921 682; x_wconf 75' lang='grc' dir='ltr'>τοὺς</span> <span class='ocrx_word' id='word_1_27' title='bbox 1973 618 2120 685; x_wconf 90' lang='grc' dir='ltr'>λογι-</span> 
     </span>
    </p>
   </div>
   <div class='ocr_carea' id='block_1_5' title="bbox 535 702 2120 779">
    <p class='ocr_par' dir='ltr' id='par_1_5' title="bbox 535 702 2120 779">
     <span class='ocr_line' id='line_1_5' title="bbox 535 702 2120 779; baseline -0.006 -19"><span class='ocrx_word' id='word_1_28' title='bbox 535 711 728 779; x_wconf 68' lang='grc' dir='ltr'>σμοὺς,</span> <span class='ocrx_word' id='word_1_29' title='bbox 760 710 854 761; x_wconf 76' lang='grc' dir='ltr'>καὶ</span> <span class='ocrx_word' id='word_1_30' title='bbox 879 710 1005 771; x_wconf 78' lang='grc' dir='ltr'>τοὺς</span> <span class='ocrx_word' id='word_1_31' title='bbox 1032 706 1101 759; x_wconf 86' lang='grc' dir='ltr'>τά</span> <span class='ocrx_word' id='word_1_32' title='bbox 1128 707 1362 776; x_wconf 89' lang='grc' dir='ltr'>μέγιστα</span> <span class='ocrx_word' id='word_1_33' title='bbox 1397 704 1831 776; x_wconf 86' lang='grc' dir='ltr'>κατωρθωκότας</span> <span class='ocrx_word' id='word_1_34' title='bbox 1863 703 1955 755; x_wconf 71' lang='grc' dir='ltr'>ἐπὶ</span> <span class='ocrx_word' id='word_1_35' title='bbox 1985 702 2120 770; x_wconf 77' lang='grc' dir='ltr'>μνή-</span> 
     </span>
    </p>
   </div>
   <div class='ocr_carea' id='block_1_6' title="bbox 534 788 2115 864">
    <p class='ocr_par' dir='ltr' id='par_1_6' title="bbox 534 788 2115 864">
     <span class='ocr_line' id='line_1_6' title="bbox 534 788 2115 864; baseline -0.006 -18"><span class='ocrx_word' id='word_1_36' title='bbox 534 810 642 861; x_wconf 79' lang='grc' dir='ltr'>μης</span> <span class='ocrx_word' id='word_1_37' title='bbox 668 793 902 864; x_wconf 80' lang='grc' dir='ltr'>ἔχωμεν,</span> <span class='ocrx_word' id='word_1_38' title='bbox 943 792 1003 845; x_wconf 89' lang='grc' dir='ltr'>οὐ</span> <span class='ocrx_word' id='word_1_39' title='bbox 1036 790 1233 861; x_wconf 75' lang='grc' dir='ltr'>ῥᾳδίως</span> <span class='ocrx_word' id='word_1_40' title='bbox 1256 792 1285 842; x_wconf 93' lang='lat'>6</span> <span class='ocrx_word' id='word_1_41' title='bbox 1314 789 1560 853; x_wconf 84' lang='grc' dir='ltr'>διάϐολος</span> <span class='ocrx_word' id='word_1_42' title='bbox 1591 803 1616 830; x_wconf 73' lang='grc' dir='ltr'>ι</span> <span class='ocrx_word' id='word_1_43' title='bbox 1657 790 1860 859; x_wconf 80' lang='grc' dir='ltr'>ἐπᾶραι</span> <span class='ocrx_word' id='word_1_44' title='bbox 1896 788 2115 856; x_wconf 86' lang='grc' dir='ltr'>δυνήσε-</span> 
     </span>
    </p>
   </div>
   <div class='ocr_carea' id='block_1_7' title="bbox 534 869 2113 946">
    <p class='ocr_par' dir='ltr' id='par_1_7' title="bbox 534 869 2113 946">
     <span class='ocr_line' id='line_1_7' title="bbox 534 869 2113 946; baseline -0.006 -17"><span class='ocrx_word' id='word_1_45' title='bbox 534 892 643 941; x_wconf 85' lang='grc' dir='ltr'>ται,</span> <span class='ocrx_word' id='word_1_46' title='bbox 684 876 785 929; x_wconf 84' lang='grc' dir='ltr'>κᾶν</span> <span class='ocrx_word' id='word_1_47' title='bbox 817 876 988 946; x_wconf 90' lang='grc' dir='ltr'>μυρία</span> <span class='ocrx_word' id='word_1_48' title='bbox 1021 874 1321 945; x_wconf 84' lang='grc' dir='ltr'>φιλονεικῇ,</span> <span class='ocrx_word' id='word_1_49' title='bbox 1348 871 1464 924; x_wconf 82' lang='grc' dir='ltr'>ἀλλ’</span> <span class='ocrx_word' id='word_1_50' title='bbox 1485 872 1604 926; x_wconf 84' lang='grc' dir='ltr'>οὐδὲ</span> <span class='ocrx_word' id='word_1_51' title='bbox 1630 870 1982 925; x_wconf 86' lang='grc' dir='ltr'>ὐποσκελίσαι</span> <span class='ocrx_word' id='word_1_52' title='bbox 2012 869 2113 937; x_wconf 86' lang='grc' dir='ltr'>τὴν</span> 
     </span>
    </p>
   </div>
   <div class='ocr_carea' id='block_1_8' title="bbox 598 964 1685 1026">
    <p class='ocr_par' dir='ltr' id='par_1_8' title="bbox 598 964 1685 1026">
     <span class='ocr_line' id='line_1_8' title="bbox 598 964 1685 1026; baseline -0.006 -9"><span class='ocrx_word' id='word_1_53' title='bbox 598 969 622 997; x_wconf 88' lang='grc'><strong><em>⁸</em></strong></span> <span class='ocrx_word' id='word_1_54' title='bbox 646 967 793 1019; x_wconf 77' lang='lat' dir='ltr'>Savil.</span> <span class='ocrx_word' id='word_1_55' title='bbox 818 975 871 1015; x_wconf 83' lang='lat' dir='ltr'>el</span> <span class='ocrx_word' id='word_1_56' title='bbox 891 968 1029 1016; x_wconf 70' lang='lat' dir='ltr'>cold.</span> <span class='ocrx_word' id='word_1_57' title='bbox 1053 964 1158 1016; x_wconf 82' lang='lat' dir='ltr'><strong>cill.</strong></span> <span class='ocrx_word' id='word_1_58' title='bbox 1182 964 1271 1013; x_wconf 80' lang='grc' dir='ltr'>οὐκ</span> <span class='ocrx_word' id='word_1_59' title='bbox 1292 964 1486 1026; x_wconf 82' lang='grc' dir='ltr'>ἀνήμᾶς</span> <span class='ocrx_word' id='word_1_60' title='bbox 1507 967 1534 1013; x_wconf 97' lang='lat'>6</span> <span class='ocrx_word' id='word_1_61' title='bbox 1557 965 1685 1013; x_wconf 78' lang='grc' dir='ltr'>διάὸ.</span> 
     </span>
    </p>
   </div>
   <div class='ocr_carea' id='block_1_9' title="bbox 2225 432 3809 515">
    <p class='ocr_par' dir='ltr' id='par_1_9' title="bbox 2225 432 3809 515">
     <span class='ocr_line' id='line_1_9' title="bbox 2225 432 3809 515; baseline -0.008 -18"><span class='ocrx_word' id='word_1_62' title='bbox 2225 445 2419 515; x_wconf 69' lang='grc' dir='ltr'>ἀρχὴν.</span> <span class='ocrx_word' id='word_1_63' title='bbox 2462 445 2519 496; x_wconf 84' lang='grc'>’0</span> <span class='ocrx_word' id='word_1_64' title='bbox 2552 444 2606 496; x_wconf 73' lang='grc' dir='ltr'>δὲ</span> <span class='ocrx_word' id='word_1_65' title='bbox 2640 443 2769 505; x_wconf 97' lang='grc' dir='ltr'>Θεὸς</span> <span class='ocrx_word' id='word_1_66' title='bbox 2809 444 2837 493; x_wconf 89' lang='lat'>6</span> <span class='ocrx_word' id='word_1_67' title='bbox 2884 440 2992 492; x_wconf 87' lang='grc' dir='ltr'>τῶν</span> <span class='ocrx_word' id='word_1_68' title='bbox 3031 434 3321 495; x_wconf 75' lang='grc' dir='ltr'>ταπεινῶν,</span> <span class='ocrx_word' id='word_1_69' title='bbox 3358 435 3387 486; x_wconf 90' lang='grc' dir='ltr'>ό</span> <span class='ocrx_word' id='word_1_70' title='bbox 3426 432 3669 503; x_wconf 84' lang='grc' dir='ltr'>χρηστὸς</span> <span class='ocrx_word' id='word_1_71' title='bbox 3713 434 3809 485; x_wconf 81' lang='grc' dir='ltr'>καὶ</span> 
     </span>
    </p>
   </div>
   <div class='ocr_carea' id='block_1_10' title="bbox 2225 516 3809 599">
    <p class='ocr_par' dir='ltr' id='par_1_10' title="bbox 2225 516 3809 599">
     <span class='ocr_line' id='line_1_10' title="bbox 2225 516 3809 599; baseline -0.009 -17"><span class='ocrx_word' id='word_1_72' title='bbox 2225 528 2491 599; x_wconf 78' lang='grc' dir='ltr'>ἐπιεικὴς,</span> <span class='ocrx_word' id='word_1_73' title='bbox 2521 527 2683 587; x_wconf 87' lang='grc' dir='ltr'>αὐτὸς</span> <span class='ocrx_word' id='word_1_74' title='bbox 2708 525 2799 577; x_wconf 78' lang='grc' dir='ltr'>καὶ</span> <span class='ocrx_word' id='word_1_75' title='bbox 2829 525 2955 592; x_wconf 88' lang='grc' dir='ltr'>ύμῖν</span> <span class='ocrx_word' id='word_1_76' title='bbox 2977 521 3069 574; x_wconf 73' lang='grc' dir='ltr'>καὶ</span> <span class='ocrx_word' id='word_1_77' title='bbox 3103 522 3232 589; x_wconf 72' lang='grc' dir='ltr'>ἡμῖν</span> <span class='ocrx_word' id='word_1_78' title='bbox 3261 516 3537 589; x_wconf 76' lang='grc' dir='ltr'>παράσχοι</span> <span class='ocrx_word' id='word_1_79' title='bbox 3569 516 3809 587; x_wconf 76' lang='grc' dir='ltr'>καρδίαν</span> 
     </span>
    </p>
   </div>
   <div class='ocr_carea' id='block_1_11' title="bbox 2226 600 3812 682">
    <p class='ocr_par' dir='ltr' id='par_1_11' title="bbox 2226 600 3812 682">
     <span class='ocr_line' id='line_1_11' title="bbox 2226 600 3812 682; baseline -0.009 -16"><span class='ocrx_word' id='word_1_80' title='bbox 2226 610 2689 682; x_wconf 81' lang='grc' dir='ltr'>συντετριμμένην</span> <span class='ocrx_word' id='word_1_81' title='bbox 2713 607 2807 660; x_wconf 80' lang='grc' dir='ltr'>καὶ</span> <span class='ocrx_word' id='word_1_82' title='bbox 2837 602 3332 673; x_wconf 89' lang='grc' dir='ltr'>τεταπεινωμένην.</span> <span class='ocrx_word' id='word_1_83' title='bbox 3381 600 3540 655; x_wconf 82' lang='grc' dir='ltr'>υύτω</span> <span class='ocrx_word' id='word_1_84' title='bbox 3576 602 3687 669; x_wconf 81' lang='grc' dir='ltr'>γὰρ</span> <span class='ocrx_word' id='word_1_85' title='bbox 3718 600 3812 653; x_wconf 83' lang='grc' dir='ltr'>δυ·</span> 
     </span>
    </p>
   </div>
   <div class='ocr_carea' id='block_1_12' title="bbox 2224 685 3810 767">
    <p class='ocr_par' dir='ltr' id='par_1_12' title="bbox 2224 685 3810 767">
     <span class='ocr_line' id='line_1_12' title="bbox 2224 685 3810 767; baseline -0.009 -16"><span class='ocrx_word' id='word_1_86' title='bbox 2224 695 2500 767; x_wconf 89' lang='grc' dir='ltr'>νησόμεθα</span> <span class='ocrx_word' id='word_1_87' title='bbox 2531 693 2625 747; x_wconf 70' lang='grc' dir='ltr'>καὶ</span> <span class='ocrx_word' id='word_1_88' title='bbox 2646 692 2713 744; x_wconf 80' lang='grc' dir='ltr'>τὰ</span> <span class='ocrx_word' id='word_1_89' title='bbox 2742 692 2876 746; x_wconf 84' lang='grc' dir='ltr'>ἄλλα</span> <span class='ocrx_word' id='word_1_90' title='bbox 2917 692 3032 761; x_wconf 78' lang='grc' dir='ltr'>μετ’</span> <span class='ocrx_word' id='word_1_91' title='bbox 3069 688 3318 750; x_wconf 80' lang='grc' dir='ltr'>εὐκολίας</span> <span class='ocrx_word' id='word_1_92' title='bbox 3365 685 3693 767; x_wconf 71' lang='grc' dir='ltr'>κατορθοῦν,</span> <span class='ocrx_word' id='word_1_93' title='bbox 3724 688 3810 748; x_wconf 86' lang='grc' dir='ltr'>είς</span> 
     </span>
    </p>
   </div>
   <div class='ocr_carea' id='block_1_13' title="bbox 2217 764 3809 847">
    <p class='ocr_par' dir='ltr' id='par_1_13' title="bbox 2217 764 3809 847">
     <span class='ocr_line' id='line_1_13' title="bbox 2217 764 3809 847; baseline -0.009 -14"><span class='ocrx_word' id='word_1_94' title='bbox 2217 764 2375 844; x_wconf 75' lang='grc' dir='ltr'>δόξαν</span> <span class='ocrx_word' id='word_1_95' title='bbox 2401 778 2494 831; x_wconf 87' lang='grc' dir='ltr'>τοῦ</span> <span class='ocrx_word' id='word_1_96' title='bbox 2525 776 2729 847; x_wconf 83' lang='grc' dir='ltr'>Κυρίου</span> <span class='ocrx_word' id='word_1_97' title='bbox 2773 776 2933 844; x_wconf 82' lang='grc' dir='ltr'>ἡμῶν</span> <span class='ocrx_word' id='word_1_98' title='bbox 2974 772 3148 843; x_wconf 75' lang='grc' dir='ltr'>Ἰησοῦ</span> <span class='ocrx_word' id='word_1_99' title='bbox 3190 769 3429 842; x_wconf 82' lang='grc' dir='ltr'>Χριστοῦ</span> <span class='ocrx_word' id='word_1_100' title='bbox 3452 809 3467 832; x_wconf 93' lang='grc'>,</span> <span class='ocrx_word' id='word_1_101' title='bbox 3498 772 3564 822; x_wconf 84' lang='grc' dir='ltr'>δι’</span> <span class='ocrx_word' id='word_1_102' title='bbox 3601 764 3666 824; x_wconf 75' lang='grc' dir='ltr'>οὗ</span> <span class='ocrx_word' id='word_1_103' title='bbox 3708 771 3809 823; x_wconf 73' lang='grc' dir='ltr'>καὶ</span> 
     </span>
    </p>
   </div>
   <div class='ocr_carea' id='block_1_14' title="bbox 2221 853 3807 935">
    <p class='ocr_par' dir='ltr' id='par_1_14' title="bbox 2221 853 3807 935">
     <span class='ocr_line' id='line_1_14' title="bbox 2221 853 3807 935; baseline -0.009 -17"><span class='ocrx_word' id='word_1_104' title='bbox 2221 864 2341 935; x_wconf 91' lang='grc' dir='ltr'>μεθ’</span> <span class='ocrx_word' id='word_1_105' title='bbox 2373 858 2434 916; x_wconf 76' lang='grc' dir='ltr'>οὐ</span> <span class='ocrx_word' id='word_1_106' title='bbox 2467 862 2595 925; x_wconf 80' lang='grc' dir='ltr'>δόξα</span> <span class='ocrx_word' id='word_1_107' title='bbox 2619 859 2694 929; x_wconf 79' lang='grc' dir='ltr'>τῷ</span> <span class='ocrx_word' id='word_1_108' title='bbox 2735 858 2909 928; x_wconf 74' lang='grc' dir='ltr'>[Ιατρὶ</span> <span class='ocrx_word' id='word_1_109' title='bbox 2942 857 3059 927; x_wconf 79' lang='grc' dir='ltr'>ἅμα</span> <span class='ocrx_word' id='word_1_110' title='bbox 3086 856 3165 926; x_wconf 81' lang='grc' dir='ltr'>τῷ</span> <span class='ocrx_word' id='word_1_111' title='bbox 3207 854 3348 924; x_wconf 85' lang='grc' dir='ltr'>ἁγίῳ</span> <span class='ocrx_word' id='word_1_112' title='bbox 3384 853 3688 924; x_wconf 84' lang='grc' dir='ltr'>Πνεύματι,</span> <span class='ocrx_word' id='word_1_113' title='bbox 3721 854 3807 915; x_wconf 87' lang='grc' dir='ltr'>είς</span> 
     </span>
    </p>
   </div>
   <div class='ocr_carea' id='block_1_15' title="bbox 2221 941 3230 1011">
    <p class='ocr_par' dir='ltr' id='par_1_15' title="bbox 2221 941 3230 1011">
     <span class='ocr_line' id='line_1_15' title="bbox 2221 941 3230 1011; baseline -0.01 -10"><span class='ocrx_word' id='word_1_114' title='bbox 2221 948 2350 1011; x_wconf 80' lang='grc' dir='ltr'>τοὺς</span> <span class='ocrx_word' id='word_1_115' title='bbox 2382 946 2585 1008; x_wconf 84' lang='grc' dir='ltr'>αἰῶνας</span> <span class='ocrx_word' id='word_1_116' title='bbox 2616 942 2725 998; x_wconf 85' lang='grc' dir='ltr'>τῶν</span> <span class='ocrx_word' id='word_1_117' title='bbox 2754 941 2987 996; x_wconf 85' lang='grc' dir='ltr'>αἰώνων.</span> <span class='ocrx_word' id='word_1_118' title='bbox 3039 941 3230 1009; x_wconf 77' lang='grc' dir='ltr'>Ἀμην.</span> 
     </span>
    </p>
   </div>
   <div class='ocr_carea' id='block_1_16' title="bbox 1792 1048 3774 1082">
    <p class='ocr_par' dir='ltr' id='par_1_16' title="bbox 1792 1048 3774 1082">
     <span class='ocr_line' id='line_1_16' title="bbox 1792 1048 3774 1082; baseline -0.001 -16"><span class='ocrx_word' id='word_1_119' title='bbox 1792 1048 3774 1082; x_wconf 75' lang='lat'>__________________.___.______.</span> 
     </span>
    </p>
   </div>
   <div class='ocr_carea' id='block_1_17' title="bbox 2042 1119 2381 1173">
    <p class='ocr_par' dir='ltr' id='par_1_17' title="bbox 2042 1119 2381 1173">
     <span class='ocr_line' id='line_1_17' title="bbox 2042 1119 2381 1173; baseline -0.003 0"><span class='ocrx_word' id='word_1_120' title='bbox 2042 1120 2286 1173; x_wconf 77' lang='grc' dir='ltr'>ΟΜΙΛῘΑ</span> <span class='ocrx_word' id='word_1_121' title='bbox 2323 1119 2381 1172; x_wconf 90' lang='lat' dir='ltr'>l&#39;.</span> 
     </span>
    </p>
   </div>
   <div class='ocr_carea' id='block_1_18' title="bbox 545 1242 2115 1314">
    <p class='ocr_par' dir='ltr' id='par_1_18' title="bbox 545 1242 2115 1314">
     <span class='ocr_line' id='line_1_18' title="bbox 545 1242 2115 1314; baseline -0.007 -14"><span class='ocrx_word' id='word_1_122' title='bbox 545 1255 643 1310; x_wconf 56' lang='lat' dir='ltr'>Ek;</span> <span class='ocrx_word' id='word_1_123' title='bbox 698 1245 769 1298; x_wconf 81' lang='grc' dir='ltr'>τὰ</span> <span class='ocrx_word' id='word_1_124' title='bbox 816 1247 935 1298; x_wconf 75' lang='grc' dir='ltr'>ἴδια</span> <span class='ocrx_word' id='word_1_125' title='bbox 974 1242 1154 1314; x_wconf 71' lang='grc' dir='ltr'>ἦλθε,</span> <span class='ocrx_word' id='word_1_126' title='bbox 1195 1244 1294 1297; x_wconf 76' lang='grc' dir='ltr'>καὶ</span> <span class='ocrx_word' id='word_1_127' title='bbox 1340 1248 1393 1298; x_wconf 83' lang='grc' dir='ltr'>οἱ</span> <span class='ocrx_word' id='word_1_128' title='bbox 1442 1242 1580 1297; x_wconf 78' lang='grc' dir='ltr'>ἴδιοι</span> <span class='ocrx_word' id='word_1_129' title='bbox 1630 1242 1818 1298; x_wconf 80' lang='grc' dir='ltr'>αὐτὸν</span> <span class='ocrx_word' id='word_1_130' title='bbox 1858 1244 1929 1295; x_wconf 88' lang='grc' dir='ltr'>οὺ</span> <span class='ocrx_word' id='word_1_131' title='bbox 1972 1256 2115 1307; x_wconf 74' lang='grc' dir='ltr'>παρ·</span> 
     </span>
    </p>
   </div>
   <div class='ocr_carea' id='block_1_19' title="bbox 1210 1315 1452 1369">
    <p class='ocr_par' dir='ltr' id='par_1_19' title="bbox 1210 1315 1452 1369">
     <span class='ocr_line' id='line_1_19' title="bbox 1210 1315 1452 1369; baseline 0.004 -2"><span class='ocrx_word' id='word_1_132' title='bbox 1210 1315 1452 1369; x_wconf 79' lang='grc' dir='ltr'>ἐλαόον.</span> 
     </span>
    </p>
   </div>
   <div class='ocr_carea' id='block_1_20' title="bbox 605 1409 2118 1484">
    <p class='ocr_par' dir='ltr' id='par_1_20' title="bbox 605 1409 2118 1484">
     <span class='ocr_line' id='line_1_20' title="bbox 605 1409 2118 1484; baseline -0.005 -19"><span class='ocrx_word' id='word_1_133' title='bbox 605 1410 650 1465; x_wconf 83' lang='grc' dir='ltr'>α’</span> <span class='ocrx_word' id='word_1_134' title='bbox 691 1412 885 1466; x_wconf 80' lang='grc' dir='ltr'>Φιλάνο</span> <span class='ocrx_word' id='word_1_135' title='bbox 896 1431 1073 1484; x_wconf 87' lang='grc' dir='ltr'>ρωπος</span> <span class='ocrx_word' id='word_1_136' title='bbox 1096 1412 1170 1466; x_wconf 86' lang='grc' dir='ltr'>ῶν</span> <span class='ocrx_word' id='word_1_137' title='bbox 1191 1415 1217 1467; x_wconf 87' lang='grc' dir='ltr'>ό</span> <span class='ocrx_word' id='word_1_138' title='bbox 1245 1412 1398 1477; x_wconf 81' lang='grc' dir='ltr'>Θεὸς,</span> <span class='ocrx_word' id='word_1_139' title='bbox 1428 1411 1679 1482; x_wconf 84' lang='grc' dir='ltr'>ἀγαπητὲ</span> <span class='ocrx_word' id='word_1_140' title='bbox 1702 1422 1750 1473; x_wconf 73' lang='grc' dir='ltr'>ι,</span> <span class='ocrx_word' id='word_1_141' title='bbox 1781 1409 1877 1462; x_wconf 69' lang='grc' dir='ltr'>καὶ</span> <span class='ocrx_word' id='word_1_142' title='bbox 1897 1409 2118 1478; x_wconf 87' lang='grc' dir='ltr'>εὐεργε-</span> 
     </span>
    </p>
   </div>
   <div class='ocr_carea' id='block_1_21' title="bbox 536 1490 2117 1567">
    <p class='ocr_par' dir='ltr' id='par_1_21' title="bbox 536 1490 2117 1567">
     <span class='ocr_line' id='line_1_21' title="bbox 536 1490 2117 1567; baseline -0.003 -21"><span class='ocrx_word' id='word_1_143' title='bbox 536 1496 706 1557; x_wconf 76' lang='grc' dir='ltr'>τικὸς,</span> <span class='ocrx_word' id='word_1_144' title='bbox 743 1496 918 1548; x_wconf 78' lang='grc' dir='ltr'>πάντα</span> <span class='ocrx_word' id='word_1_145' title='bbox 962 1500 1104 1547; x_wconf 86' lang='grc' dir='ltr'>ποιεῖ</span> <span class='ocrx_word' id='word_1_146' title='bbox 1141 1497 1239 1548; x_wconf 76' lang='grc' dir='ltr'>καὶ</span> <span class='ocrx_word' id='word_1_147' title='bbox 1272 1495 1747 1567; x_wconf 88' lang='grc' dir='ltr'>πραγματεύεται,</span> <span class='ocrx_word' id='word_1_148' title='bbox 1782 1490 1925 1545; x_wconf 81' lang='grc' dir='ltr'>ὥστε</span> <span class='ocrx_word' id='word_1_149' title='bbox 1968 1491 2117 1561; x_wconf 83' lang='grc' dir='ltr'>ἡμᾶς</span> 
     </span>
    </p>
   </div>
   <div class='ocr_carea' id='block_1_22' title="bbox 537 1576 2116 1649">
    <p class='ocr_par' dir='ltr' id='par_1_22' title="bbox 537 1576 2116 1649">
     <span class='ocr_line' id='line_1_22' title="bbox 537 1576 2116 1649; baseline -0.003 -17"><span class='ocrx_word' id='word_1_150' title='bbox 537 1581 656 1632; x_wconf 86' lang='grc' dir='ltr'>κατ’</span> <span class='ocrx_word' id='word_1_151' title='bbox 686 1580 885 1649; x_wconf 71' lang='grc' dir='ltr'>ἀρετὴν</span> <span class='ocrx_word' id='word_1_152' title='bbox 921 1580 1160 1649; x_wconf 76' lang='grc' dir='ltr'>λάμπειν</span> <span class='ocrx_word' id='word_1_153' title='bbox 1187 1597 1201 1609; x_wconf 91' lang='grc'>·</span> <span class='ocrx_word' id='word_1_154' title='bbox 1232 1582 1327 1632; x_wconf 71' lang='grc' dir='ltr'>καὶ</span> <span class='ocrx_word' id='word_1_155' title='bbox 1371 1579 1697 1649; x_wconf 85' lang='grc' dir='ltr'>βουλόμενος</span> <span class='ocrx_word' id='word_1_156' title='bbox 1726 1578 1871 1646; x_wconf 81' lang='grc' dir='ltr'>ἡμᾶς</span> <span class='ocrx_word' id='word_1_157' title='bbox 1909 1576 2116 1629; x_wconf 87' lang='grc' dir='ltr'>εὐδοκί-</span> 
     </span>
    </p>
   </div>
   <div class='ocr_carea' id='block_1_23' title="bbox 541 1657 2113 1733">
    <p class='ocr_par' dir='ltr' id='par_1_23' title="bbox 541 1657 2113 1733">
     <span class='ocr_line' id='line_1_23' title="bbox 541 1657 2113 1733; baseline -0.001 -20"><span class='ocrx_word' id='word_1_158' title='bbox 541 1679 676 1731; x_wconf 72' lang='grc' dir='ltr'>μους</span> <span class='ocrx_word' id='word_1_159' title='bbox 708 1657 869 1725; x_wconf 71' lang='grc' dir='ltr'>εἶναι,</span> <span class='ocrx_word' id='word_1_160' title='bbox 905 1664 995 1715; x_wconf 74' lang='grc' dir='ltr'>καὶ</span> <span class='ocrx_word' id='word_1_161' title='bbox 1024 1663 1198 1722; x_wconf 84' lang='grc' dir='ltr'>τοῦτο.</span> <span class='ocrx_word' id='word_1_162' title='bbox 1241 1663 1332 1733; x_wconf 73' lang='grc' dir='ltr'>βίᾳ</span> <span class='ocrx_word' id='word_1_163' title='bbox 1373 1664 1469 1733; x_wconf 85' lang='grc' dir='ltr'>μὲν</span> <span class='ocrx_word' id='word_1_164' title='bbox 1500 1661 1691 1714; x_wconf 78' lang='grc' dir='ltr'>οὐδένα</span> <span class='ocrx_word' id='word_1_165' title='bbox 1719 1660 1840 1712; x_wconf 82' lang='grc' dir='ltr'>οὐδὲ</span> <span class='ocrx_word' id='word_1_166' title='bbox 1871 1659 2113 1729; x_wconf 79' lang='grc' dir='ltr'>ἀνάγκῃ,</span> 
     </span>
    </p>
   </div>
   <div class='ocr_carea' id='block_1_24' title="bbox 538 1742 2117 1817">
    <p class='ocr_par' dir='ltr' id='par_1_24' title="bbox 538 1742 2117 1817">
     <span class='ocr_line' id='line_1_24' title="bbox 538 1742 2117 1817; baseline -0.002 -19"><span class='ocrx_word' id='word_1_167' title='bbox 538 1746 717 1798; x_wconf 86' lang='grc' dir='ltr'>πειθοῖ</span> <span class='ocrx_word' id='word_1_168' title='bbox 735 1747 789 1799; x_wconf 74' lang='grc' dir='ltr'>δὲ</span> <span class='ocrx_word' id='word_1_169' title='bbox 815 1747 907 1800; x_wconf 66' lang='grc' dir='ltr'>καὶ</span> <span class='ocrx_word' id='word_1_170' title='bbox 935 1746 1011 1816; x_wconf 85' lang='grc' dir='ltr'>τῷ</span> <span class='ocrx_word' id='word_1_171' title='bbox 1041 1750 1213 1800; x_wconf 84' lang='grc' dir='ltr'>ποιεῖν</span> <span class='ocrx_word' id='word_1_172' title='bbox 1244 1744 1300 1801; x_wconf 77' lang='grc' dir='ltr'>εὖ</span> <span class='ocrx_word' id='word_1_173' title='bbox 1325 1750 1449 1811; x_wconf 72' lang='grc' dir='ltr'>τοὺς</span> <span class='ocrx_word' id='word_1_174' title='bbox 1473 1745 1831 1817; x_wconf 78' lang='grc' dir='ltr'>βουλομένους</span> <span class='ocrx_word' id='word_1_175' title='bbox 1868 1742 2117 1806; x_wconf 77' lang='grc' dir='ltr'>ἅπαντας</span> 
     </span>
    </p>
   </div>
   <div class='ocr_carea' id='block_1_25' title="bbox 537 1826 2116 1899">
    <p class='ocr_par' dir='ltr' id='par_1_25' title="bbox 537 1826 2116 1899">
     <span class='ocr_line' id='line_1_25' title="bbox 537 1826 2116 1899; baseline -0.001 -19"><span class='ocrx_word' id='word_1_176' title='bbox 537 1829 707 1889; x_wconf 79' lang='grc' dir='ltr'>ἓλκει,</span> <span class='ocrx_word' id='word_1_177' title='bbox 747 1830 839 1882; x_wconf 76' lang='grc' dir='ltr'>καὶ</span> <span class='ocrx_word' id='word_1_178' title='bbox 876 1830 1010 1899; x_wconf 82' lang='grc' dir='ltr'>πρὸς</span> <span class='ocrx_word' id='word_1_179' title='bbox 1039 1830 1227 1883; x_wconf 86' lang='grc' dir='ltr'>ἐαυτὸν</span> <span class='ocrx_word' id='word_1_180' title='bbox 1259 1831 1580 1883; x_wconf 74' lang='grc' dir='ltr'>ἐπισπᾶται.</span> <span class='ocrx_word' id='word_1_181' title='bbox 1605 1827 1704 1881; x_wconf 88' lang='grc' dir='ltr'>Διά</span> <span class='ocrx_word' id='word_1_182' title='bbox 1724 1827 1879 1880; x_wconf 90' lang='grc' dir='ltr'>τοῦτο</span> <span class='ocrx_word' id='word_1_183' title='bbox 1896 1826 2116 1880; x_wconf 75' lang='grc' dir='ltr'>ἐλθόντα</span> 
     </span>
    </p>
   </div>
   <div class='ocr_carea' id='block_1_26' title="bbox 537 1909 2116 1981">
    <p class='ocr_par' dir='ltr' id='par_1_26' title="bbox 537 1909 2116 1981">
     <span class='ocr_line' id='line_1_26' title="bbox 537 1909 2116 1981; baseline -0.003 -17"><span class='ocrx_word' id='word_1_184' title='bbox 537 1914 701 1965; x_wconf 89' lang='grc' dir='ltr'>αὐτὸν</span> <span class='ocrx_word' id='word_1_185' title='bbox 722 1916 768 1965; x_wconf 88' lang='grc' dir='ltr'>οἱ</span> <span class='ocrx_word' id='word_1_186' title='bbox 802 1914 899 1981; x_wconf 79' lang='grc' dir='ltr'>μὲν</span> <span class='ocrx_word' id='word_1_187' title='bbox 937 1913 1148 1977; x_wconf 78' lang='grc' dir='ltr'>ἔλαϐον,</span> <span class='ocrx_word' id='word_1_188' title='bbox 1184 1914 1231 1965; x_wconf 86' lang='grc' dir='ltr'>οί</span> <span class='ocrx_word' id='word_1_189' title='bbox 1259 1912 1316 1965; x_wconf 80' lang='grc' dir='ltr'>δὲ</span> <span class='ocrx_word' id='word_1_190' title='bbox 1350 1913 1449 1965; x_wconf 90' lang='grc' dir='ltr'>οὐκ</span> <span class='ocrx_word' id='word_1_191' title='bbox 1482 1911 1750 1976; x_wconf 79' lang='grc' dir='ltr'>ἐδέξαντο.</span> <span class='ocrx_word' id='word_1_192' title='bbox 1786 1909 1989 1964; x_wconf 79' lang='grc' dir='ltr'>Οὐδένα</span> <span class='ocrx_word' id='word_1_193' title='bbox 2009 1909 2116 1979; x_wconf 82' lang='grc' dir='ltr'>γάρ</span> 
     </span>
    </p>
   </div>
   <div class='ocr_carea' id='block_1_27' title="bbox 535 1992 2116 2066">
    <p class='ocr_par' dir='ltr' id='par_1_27' title="bbox 535 1992 2116 2066">
     <span class='ocr_line' id='line_1_27' title="bbox 535 1992 2116 2066; baseline -0.003 -17"><span class='ocrx_word' id='word_1_194' title='bbox 535 1994 651 2066; x_wconf 71' lang='grc'>157]</span> <span class='ocrx_word' id='word_1_195' title='bbox 676 1995 927 2065; x_wconf 87' lang='grc' dir='ltr'>βούλεται</span> <span class='ocrx_word' id='word_1_196' title='bbox 958 1997 1155 2049; x_wconf 81' lang='grc' dir='ltr'>ἄκοντα</span> <span class='ocrx_word' id='word_1_197' title='bbox 1181 1996 1301 2048; x_wconf 81' lang='grc' dir='ltr'>οὐδὲ</span> <span class='ocrx_word' id='word_1_198' title='bbox 1333 1994 1747 2064; x_wconf 73' lang='grc' dir='ltr'>ἠναγκασμένον</span> <span class='ocrx_word' id='word_1_199' title='bbox 1795 1992 1939 2062; x_wconf 77' lang='grc' dir='ltr'>ἔχειν</span> <span class='ocrx_word' id='word_1_200' title='bbox 1970 1992 2116 2045; x_wconf 84' lang='grc' dir='ltr'>οίκέ-</span> 
     </span>
    </p>
   </div>
   <div class='ocr_carea' id='block_1_28' title="bbox 532 2075 2116 2148">
    <p class='ocr_par' dir='ltr' id='par_1_28' title="bbox 532 2075 2116 2148">
     <span class='ocr_line' id='line_1_28' title="bbox 532 2075 2116 2148; baseline -0.003 -17"><span class='ocrx_word' id='word_1_201' title='bbox 532 2096 654 2148; x_wconf 87' lang='grc' dir='ltr'>την,</span> <span class='ocrx_word' id='word_1_202' title='bbox 686 2078 799 2132; x_wconf 85' lang='grc' dir='ltr'>ἀλλ’</span> <span class='ocrx_word' id='word_1_203' title='bbox 829 2080 1054 2141; x_wconf 77' lang='grc' dir='ltr'>ἑκόντας</span> <span class='ocrx_word' id='word_1_204' title='bbox 1085 2078 1329 2140; x_wconf 84' lang='grc' dir='ltr'>ἃπαντας</span> <span class='ocrx_word' id='word_1_205' title='bbox 1366 2078 1460 2131; x_wconf 79' lang='grc' dir='ltr'>καὶ</span> <span class='ocrx_word' id='word_1_206' title='bbox 1490 2075 1977 2147; x_wconf 80' lang='grc' dir='ltr'>προαιρουμένους,</span> <span class='ocrx_word' id='word_1_207' title='bbox 2021 2075 2116 2128; x_wconf 75' lang='grc' dir='ltr'>καὶ</span> 
     </span>
    </p>
   </div>
   <div class='ocr_carea' id='block_1_29' title="bbox 535 2158 2114 2234">
    <p class='ocr_par' dir='ltr' id='par_1_29' title="bbox 535 2158 2114 2234">
     <span class='ocr_line' id='line_1_29' title="bbox 535 2158 2114 2234; baseline -0.004 -18"><span class='ocrx_word' id='word_1_208' title='bbox 535 2164 695 2233; x_wconf 80' lang='grc' dir='ltr'>χάριν</span> <span class='ocrx_word' id='word_1_209' title='bbox 726 2162 876 2234; x_wconf 82' lang='grc' dir='ltr'>αὐτῷ</span> <span class='ocrx_word' id='word_1_210' title='bbox 901 2164 998 2233; x_wconf 79' lang='grc' dir='ltr'>τῆς</span> <span class='ocrx_word' id='word_1_211' title='bbox 1018 2163 1261 2226; x_wconf 75' lang='grc' dir='ltr'>δουλείας</span> <span class='ocrx_word' id='word_1_212' title='bbox 1277 2162 1503 2223; x_wconf 83' lang='grc' dir='ltr'>εἰδότας.</span> <span class='ocrx_word' id='word_1_213' title='bbox 1524 2160 1655 2213; x_wconf 80' lang='grc' dir='ltr'>Ἀνο</span> <span class='ocrx_word' id='word_1_214' title='bbox 1666 2176 1834 2230; x_wconf 89' lang='grc' dir='ltr'>ρωποι</span> <span class='ocrx_word' id='word_1_215' title='bbox 1864 2160 1962 2228; x_wconf 83' lang='grc' dir='ltr'>μὲν</span> <span class='ocrx_word' id='word_1_216' title='bbox 1984 2158 2114 2229; x_wconf 80' lang='grc' dir='ltr'>γάρ,</span> 
     </span>
    </p>
   </div>
   <div class='ocr_carea' id='block_1_30' title="bbox 538 2242 2113 2317">
    <p class='ocr_par' dir='ltr' id='par_1_30' title="bbox 538 2242 2113 2317">
     <span class='ocr_line' id='line_1_30' title="bbox 538 2242 2113 2317; baseline -0.003 -19"><span class='ocrx_word' id='word_1_217' title='bbox 538 2248 633 2298; x_wconf 83' lang='grc' dir='ltr'>ἆτε</span> <span class='ocrx_word' id='word_1_218' title='bbox 662 2248 718 2299; x_wconf 93' lang='grc' dir='ltr'>ἐν</span> <span class='ocrx_word' id='word_1_219' title='bbox 751 2247 911 2317; x_wconf 81' lang='grc' dir='ltr'>χρείᾳ</span> <span class='ocrx_word' id='word_1_220' title='bbox 937 2245 1274 2307; x_wconf 73' lang='grc' dir='ltr'>καθεστῶτες</span> <span class='ocrx_word' id='word_1_221' title='bbox 1297 2246 1394 2315; x_wconf 81' lang='grc' dir='ltr'>τῆς</span> <span class='ocrx_word' id='word_1_222' title='bbox 1424 2243 1533 2296; x_wconf 88' lang='grc' dir='ltr'>τῶν</span> <span class='ocrx_word' id='word_1_223' title='bbox 1558 2243 1785 2297; x_wconf 78' lang='grc' dir='ltr'>οἰκετῶν</span> <span class='ocrx_word' id='word_1_224' title='bbox 1817 2242 2113 2304; x_wconf 77' lang='grc' dir='ltr'>διακονίας,</span> 
     </span>
    </p>
   </div>
   <div class='ocr_carea' id='block_1_31' title="bbox 537 2325 2113 2398">
    <p class='ocr_par' dir='ltr' id='par_1_31' title="bbox 537 2325 2113 2398">
     <span class='ocr_line' id='line_1_31' title="bbox 537 2325 2113 2398; baseline -0.001 -20"><span class='ocrx_word' id='word_1_225' title='bbox 537 2328 633 2379; x_wconf 70' lang='grc' dir='ltr'>καὶ</span> <span class='ocrx_word' id='word_1_226' title='bbox 686 2328 759 2398; x_wconf 78' lang='grc' dir='ltr'>μὴ</span> <span class='ocrx_word' id='word_1_227' title='bbox 805 2328 1160 2397; x_wconf 74' lang='grc' dir='ltr'>βουλομένους</span> <span class='ocrx_word' id='word_1_228' title='bbox 1215 2329 1411 2389; x_wconf 73' lang='grc' dir='ltr'>αὐτοὺς</span> <span class='ocrx_word' id='word_1_229' title='bbox 1450 2326 1477 2365; x_wconf 72' lang='grc'>1³</span> <span class='ocrx_word' id='word_1_230' title='bbox 1523 2325 1600 2392; x_wconf 80' lang='grc' dir='ltr'>τῷ</span> <span class='ocrx_word' id='word_1_231' title='bbox 1645 2326 1746 2394; x_wconf 80' lang='grc' dir='ltr'>τῆς</span> <span class='ocrx_word' id='word_1_232' title='bbox 1799 2326 2113 2388; x_wconf 86' lang='grc' dir='ltr'>δεσποτείας</span> 
     </span>
    </p>
   </div>
   <div class='ocr_carea' id='block_1_32' title="bbox 538 2406 2111 2480">
    <p class='ocr_par' dir='ltr' id='par_1_32' title="bbox 538 2406 2111 2480">
     <span class='ocr_line' id='line_1_32' title="bbox 538 2406 2111 2480; baseline -0.001 -19"><span class='ocrx_word' id='word_1_233' title='bbox 538 2409 827 2479; x_wconf 84' lang='grc' dir='ltr'>κατέχουσι</span> <span class='ocrx_word' id='word_1_234' title='bbox 862 2411 1011 2480; x_wconf 83' lang='grc' dir='ltr'>νόμῳ</span> <span class='ocrx_word' id='word_1_235' title='bbox 1033 2427 1046 2438; x_wconf 95' lang='grc'>·</span> <span class='ocrx_word' id='word_1_236' title='bbox 1098 2411 1126 2461; x_wconf 90' lang='lat'>6</span> <span class='ocrx_word' id='word_1_237' title='bbox 1164 2409 1220 2461; x_wconf 81' lang='grc' dir='ltr'>δὲ</span> <span class='ocrx_word' id='word_1_238' title='bbox 1259 2409 1411 2471; x_wconf 76' lang='grc' dir='ltr'>Θεὸς,</span> <span class='ocrx_word' id='word_1_239' title='bbox 1449 2408 1697 2477; x_wconf 83' lang='grc' dir='ltr'>ἀνενδεὴς</span> <span class='ocrx_word' id='word_1_240' title='bbox 1727 2406 1830 2466; x_wconf 85' lang='grc' dir='ltr'>ὣν.</span> <span class='ocrx_word' id='word_1_241' title='bbox 1885 2408 1975 2459; x_wconf 72' lang='grc' dir='ltr'>καὶ</span> <span class='ocrx_word' id='word_1_242' title='bbox 2008 2425 2111 2477; x_wconf 76' lang='grc' dir='ltr'>μηο</span> 
     </span>
    </p>
   </div>
   <div class='ocr_carea' id='block_1_33' title="bbox 538 2489 2115 2562">
    <p class='ocr_par' dir='ltr' id='par_1_33' title="bbox 538 2489 2115 2562">
     <span class='ocr_line' id='line_1_33' title="bbox 538 2489 2115 2562; baseline -0.001 -19"><span class='ocrx_word' id='word_1_243' title='bbox 538 2490 686 2554; x_wconf 81' lang='grc' dir='ltr'>δενὸς</span> <span class='ocrx_word' id='word_1_244' title='bbox 713 2491 820 2543; x_wconf 88' lang='grc' dir='ltr'>τῶν</span> <span class='ocrx_word' id='word_1_245' title='bbox 854 2493 1137 2562; x_wconf 76' lang='grc' dir='ltr'>ἡμετέρων</span> <span class='ocrx_word' id='word_1_246' title='bbox 1183 2493 1241 2543; x_wconf 84' lang='grc' dir='ltr'>ἐν</span> <span class='ocrx_word' id='word_1_247' title='bbox 1289 2491 1448 2560; x_wconf 65' lang='grc' dir='ltr'>χρείᾳ.</span> <span class='ocrx_word' id='word_1_248' title='bbox 1497 2489 1866 2559; x_wconf 82' lang='grc' dir='ltr'>καθεστηκὼς,</span> <span class='ocrx_word' id='word_1_249' title='bbox 1913 2490 2012 2558; x_wconf 88' lang='grc' dir='ltr'>τῆς</span> <span class='ocrx_word' id='word_1_250' title='bbox 2057 2489 2115 2542; x_wconf 73' lang='grc' dir='ltr'>δὲ</span> 
     </span>
    </p>
   </div>
   <div class='ocr_carea' id='block_1_34' title="bbox 536 2573 2113 2645">
    <p class='ocr_par' dir='ltr' id='par_1_34' title="bbox 536 2573 2113 2645">
     <span class='ocr_line' id='line_1_34' title="bbox 536 2573 2113 2645; baseline 0 -20"><span class='ocrx_word' id='word_1_251' title='bbox 536 2575 813 2644; x_wconf 74' lang='grc' dir='ltr'>ἡμετέρας</span> <span class='ocrx_word' id='word_1_252' title='bbox 844 2576 1030 2628; x_wconf 78' lang='grc' dir='ltr'>ἕνεκεν</span> <span class='ocrx_word' id='word_1_253' title='bbox 1072 2574 1345 2645; x_wconf 77' lang='grc' dir='ltr'>σωτηρίας</span> <span class='ocrx_word' id='word_1_254' title='bbox 1381 2574 1539 2644; x_wconf 87' lang='grc' dir='ltr'>μόνον</span> <span class='ocrx_word' id='word_1_255' title='bbox 1578 2574 1793 2626; x_wconf 74' lang='grc' dir='ltr'>ἅπαντα</span> <span class='ocrx_word' id='word_1_256' title='bbox 1838 2573 2113 2643; x_wconf 83' lang='grc' dir='ltr'>πράττων,</span> 
     </span>
    </p>
   </div>
   <div class='ocr_carea' id='block_1_35' title="bbox 537 2655 2118 2727">
    <p class='ocr_par' dir='ltr' id='par_1_35' title="bbox 537 2655 2118 2727">
     <span class='ocr_line' id='line_1_35' title="bbox 537 2655 2118 2727; baseline -0.003 -16"><span class='ocrx_word' id='word_1_257' title='bbox 537 2658 686 2725; x_wconf 70' lang='grc' dir='ltr'>ἡμᾶς</span> <span class='ocrx_word' id='word_1_258' title='bbox 744 2658 940 2721; x_wconf 75' lang='grc' dir='ltr'>αὐτοὺς</span> <span class='ocrx_word' id='word_1_259' title='bbox 989 2660 1135 2711; x_wconf 81' lang='grc' dir='ltr'>ποιεῖ</span> <span class='ocrx_word' id='word_1_260' title='bbox 1170 2658 1358 2711; x_wconf 89' lang='grc' dir='ltr'>τούτου</span> <span class='ocrx_word' id='word_1_261' title='bbox 1396 2656 1644 2727; x_wconf 88' lang='grc' dir='ltr'>κυρίους·</span> <span class='ocrx_word' id='word_1_262' title='bbox 1704 2657 1795 2709; x_wconf 77' lang='grc' dir='ltr'>καὶ</span> <span class='ocrx_word' id='word_1_263' title='bbox 1829 2655 1918 2708; x_wconf 71' lang='grc' dir='ltr'>διὰ</span> <span class='ocrx_word' id='word_1_264' title='bbox 1961 2655 2118 2707; x_wconf 84' lang='grc' dir='ltr'>τοῦτο</span> 
     </span>
    </p>
   </div>
   <div class='ocr_carea' id='block_1_36' title="bbox 536 2738 2116 2811">
    <p class='ocr_par' dir='ltr' id='par_1_36' title="bbox 536 2738 2116 2811">
     <span class='ocr_line' id='line_1_36' title="bbox 536 2738 2116 2811; baseline -0.001 -21"><span class='ocrx_word' id='word_1_265' title='bbox 536 2740 645 2791; x_wconf 83' lang='grc' dir='ltr'>τῶν</span> <span class='ocrx_word' id='word_1_266' title='bbox 707 2742 779 2811; x_wconf 86' lang='grc' dir='ltr'>μὴ</span> <span class='ocrx_word' id='word_1_267' title='bbox 844 2739 1182 2811; x_wconf 80' lang='grc' dir='ltr'>βουλομένων</span> <span class='ocrx_word' id='word_1_268' title='bbox 1239 2741 1414 2793; x_wconf 79' lang='grc' dir='ltr'>οὐδενὶ</span> <span class='ocrx_word' id='word_1_269' title='bbox 1467 2740 1585 2809; x_wconf 83' lang='grc' dir='ltr'>βίαν</span> <span class='ocrx_word' id='word_1_270' title='bbox 1634 2739 1939 2809; x_wconf 77' lang='grc' dir='ltr'>ἐπιτίθησιν</span> <span class='ocrx_word' id='word_1_271' title='bbox 1995 2738 2116 2790; x_wconf 81' lang='grc' dir='ltr'>οὐδὲ</span> 
     </span>
    </p>
   </div>
   <div class='ocr_carea' id='block_1_37' title="bbox 538 2821 2113 2895">
    <p class='ocr_par' dir='ltr' id='par_1_37' title="bbox 538 2821 2113 2895">
     <span class='ocr_line' id='line_1_37' title="bbox 538 2821 2113 2895; baseline -0.001 -20"><span class='ocrx_word' id='word_1_272' title='bbox 538 2822 804 2892; x_wconf 88' lang='grc' dir='ltr'>ἀνάγκην.</span> <span class='ocrx_word' id='word_1_273' title='bbox 848 2824 991 2892; x_wconf 85' lang='grc' dir='ltr'>Πρὸς</span> <span class='ocrx_word' id='word_1_274' title='bbox 1020 2823 1128 2895; x_wconf 72' lang='grc' dir='ltr'>γὰρ</span> <span class='ocrx_word' id='word_1_275' title='bbox 1180 2824 1239 2877; x_wconf 88' lang='grc' dir='ltr'>τὸ</span> <span class='ocrx_word' id='word_1_276' title='bbox 1290 2823 1567 2894; x_wconf 76' lang='grc' dir='ltr'>συμφέρον</span> <span class='ocrx_word' id='word_1_277' title='bbox 1614 2825 1747 2893; x_wconf 75' lang='grc' dir='ltr'>ἡμῖν</span> <span class='ocrx_word' id='word_1_278' title='bbox 1792 2823 1893 2892; x_wconf 77' lang='grc' dir='ltr'>όρᾷ</span> <span class='ocrx_word' id='word_1_279' title='bbox 1932 2821 2113 2891; x_wconf 86' lang='grc' dir='ltr'>μόνον.</span> 
     </span>
    </p>
   </div>
   <div class='ocr_carea' id='block_1_38' title="bbox 539 2903 2115 2976">
    <p class='ocr_par' dir='ltr' id='par_1_38' title="bbox 539 2903 2115 2976">
     <span class='ocr_line' id='line_1_38' title="bbox 539 2903 2115 2976; baseline 0 -19"><span class='ocrx_word' id='word_1_280' title='bbox 539 2905 613 2957; x_wconf 78' lang='grc' dir='ltr'>Τὸ</span> <span class='ocrx_word' id='word_1_281' title='bbox 649 2907 756 2975; x_wconf 84' lang='grc' dir='ltr'>γὰρ</span> <span class='ocrx_word' id='word_1_282' title='bbox 793 2906 1023 2969; x_wconf 77' lang='grc' dir='ltr'>ἄκοντας</span> <span class='ocrx_word' id='word_1_283' title='bbox 1055 2906 1191 2976; x_wconf 86' lang='grc' dir='ltr'>πρὸς</span> <span class='ocrx_word' id='word_1_284' title='bbox 1224 2905 1425 2971; x_wconf 89' lang='grc' dir='ltr'>ταύτην</span> <span class='ocrx_word' id='word_1_285' title='bbox 1445 2905 1696 2958; x_wconf 72' lang='grc' dir='ltr'>ἕλκεσθαι</span> <span class='ocrx_word' id='word_1_286' title='bbox 1722 2904 1819 2974; x_wconf 80' lang='grc' dir='ltr'>τὴν</span> <span class='ocrx_word' id='word_1_287' title='bbox 1849 2903 2115 2966; x_wconf 88' lang='grc' dir='ltr'>δουλείαν,</span> 
     </span>
    </p>
   </div>
   <div class='ocr_carea' id='block_1_39' title="bbox 542 2983 2114 3059">
    <p class='ocr_par' dir='ltr' id='par_1_39' title="bbox 542 2983 2114 3059">
     <span class='ocr_line' id='line_1_39' title="bbox 542 2983 2114 3059; baseline -0.001 -20"><span class='ocrx_word' id='word_1_288' title='bbox 542 2988 655 3040; x_wconf 73' lang='grc' dir='ltr'>ἴσον</span> <span class='ocrx_word' id='word_1_289' title='bbox 683 2987 760 3058; x_wconf 82' lang='grc' dir='ltr'>τῷ</span> <span class='ocrx_word' id='word_1_290' title='bbox 792 2989 925 3059; x_wconf 81' lang='grc' dir='ltr'>μηδὲ</span> <span class='ocrx_word' id='word_1_291' title='bbox 959 2988 1094 3052; x_wconf 80' lang='grc' dir='ltr'>ὅλως</span> <span class='ocrx_word' id='word_1_292' title='bbox 1139 2988 1409 3041; x_wconf 72' lang='grc' dir='ltr'>δουλεύειν</span> <span class='ocrx_word' id='word_1_293' title='bbox 1458 2988 1594 3040; x_wconf 87' lang='grc' dir='ltr'>ἐστί.</span> <span class='ocrx_word' id='word_1_294' title='bbox 1640 2988 1703 3039; x_wconf 87' lang='grc' dir='ltr'>Τί</span> <span class='ocrx_word' id='word_1_295' title='bbox 1739 2983 1831 3041; x_wconf 80' lang='grc' dir='ltr'>οὖν</span> <span class='ocrx_word' id='word_1_296' title='bbox 1875 2986 2114 3049; x_wconf 83' lang='grc' dir='ltr'>κολάζει,</span> 
     </span>
    </p>
   </div>
   <div class='ocr_carea' id='block_1_40' title="bbox 541 3070 2116 3141">
    <p class='ocr_par' dir='ltr' id='par_1_40' title="bbox 541 3070 2116 3141">
     <span class='ocr_line' id='line_1_40' title="bbox 541 3070 2116 3141; baseline 0.001 -18"><span class='ocrx_word' id='word_1_297' title='bbox 541 3072 693 3141; x_wconf 71' lang='grc' dir='ltr'>φησὶ,</span> <span class='ocrx_word' id='word_1_298' title='bbox 727 3074 851 3135; x_wconf 82' lang='grc' dir='ltr'>τούς</span> <span class='ocrx_word' id='word_1_299' title='bbox 890 3072 988 3124; x_wconf 86' lang='grc' dir='ltr'>οὐκ</span> <span class='ocrx_word' id='word_1_300' title='bbox 1020 3072 1301 3134; x_wconf 86' lang='grc' dir='ltr'>ἐθέλοντας</span> <span class='ocrx_word' id='word_1_301' title='bbox 1349 3071 1643 3125; x_wconf 77' lang='grc' dir='ltr'>ὑπακούειν</span> <span class='ocrx_word' id='word_1_302' title='bbox 1678 3082 1700 3110; x_wconf 78' lang='grc' dir='ltr'><strong>ο</strong></span> <span class='ocrx_word' id='word_1_303' title='bbox 1735 3070 1924 3141; x_wconf 87' lang='grc' dir='ltr'>αὐτῷ;</span> <span class='ocrx_word' id='word_1_304' title='bbox 1975 3070 2027 3123; x_wconf 91' lang='grc' dir='ltr'>τί</span> <span class='ocrx_word' id='word_1_305' title='bbox 2061 3071 2116 3124; x_wconf 81' lang='grc' dir='ltr'>δὲ</span> 
     </span>
    </p>
   </div>
   <div class='ocr_carea' id='block_1_41' title="bbox 540 3153 2117 3225">
    <p class='ocr_par' dir='ltr' id='par_1_41' title="bbox 540 3153 2117 3225">
     <span class='ocr_line' id='line_1_41' title="bbox 540 3153 2117 3225; baseline 0 -19"><span class='ocrx_word' id='word_1_306' title='bbox 540 3154 634 3206; x_wconf 79' lang='grc' dir='ltr'>καὶ</span> <span class='ocrx_word' id='word_1_307' title='bbox 664 3153 885 3221; x_wconf 81' lang='grc' dir='ltr'>γέενναν</span> <span class='ocrx_word' id='word_1_308' title='bbox 923 3155 1185 3225; x_wconf 79' lang='grc' dir='ltr'>ὴπείλησε</span> <span class='ocrx_word' id='word_1_309' title='bbox 1228 3158 1341 3218; x_wconf 82' lang='grc' dir='ltr'>τοῖς</span> <span class='ocrx_word' id='word_1_310' title='bbox 1360 3155 1459 3207; x_wconf 89' lang='grc' dir='ltr'>οὐκ</span> <span class='ocrx_word' id='word_1_311' title='bbox 1497 3154 1753 3207; x_wconf 78' lang='grc' dir='ltr'>ἀκούουσι</span> <span class='ocrx_word' id='word_1_312' title='bbox 1787 3153 1894 3207; x_wconf 91' lang='grc' dir='ltr'>τῶν</span> <span class='ocrx_word' id='word_1_313' title='bbox 1924 3154 2117 3206; x_wconf 85' lang='grc' dir='ltr'>ἐπιτα-</span> 
     </span>
    </p>
   </div>
   <div class='ocr_carea' id='block_1_42' title="bbox 540 3235 2117 3308">
    <p class='ocr_par' dir='ltr' id='par_1_42' title="bbox 540 3235 2117 3308">
     <span class='ocr_line' id='line_1_42' title="bbox 540 3235 2117 3308; baseline 0 -20"><span class='ocrx_word' id='word_1_314' title='bbox 540 3236 765 3306; x_wconf 75' lang='grc' dir='ltr'>γμάτων</span> <span class='ocrx_word' id='word_1_315' title='bbox 803 3236 999 3300; x_wconf 74' lang='grc' dir='ltr'>αὐτοῦς</span> <span class='ocrx_word' id='word_1_316' title='bbox 1028 3238 1150 3289; x_wconf 78' lang='grc' dir='ltr'>Ὅτι</span> <span class='ocrx_word' id='word_1_317' title='bbox 1179 3238 1270 3290; x_wconf 72' lang='grc' dir='ltr'>καὶ</span> <span class='ocrx_word' id='word_1_318' title='bbox 1305 3236 1381 3308; x_wconf 81' lang='grc' dir='ltr'>μὴ</span> <span class='ocrx_word' id='word_1_319' title='bbox 1428 3235 1764 3306; x_wconf 81' lang='grc' dir='ltr'>πειθομένων</span> <span class='ocrx_word' id='word_1_320' title='bbox 1787 3236 1942 3306; x_wconf 86' lang='grc' dir='ltr'>ήμῶν</span> <span class='ocrx_word' id='word_1_321' title='bbox 1990 3236 2117 3306; x_wconf 85' lang='grc' dir='ltr'>σφό-</span> 
     </span>
    </p>
   </div>
   <div class='ocr_carea' id='block_1_43' title="bbox 537 3319 2118 3389">
    <p class='ocr_par' dir='ltr' id='par_1_43' title="bbox 537 3319 2118 3389">
     <span class='ocr_line' id='line_1_43' title="bbox 537 3319 2118 3389; baseline 0 -18"><span class='ocrx_word' id='word_1_322' title='bbox 537 3320 640 3389; x_wconf 88' lang='grc' dir='ltr'>δρα</span> <span class='ocrx_word' id='word_1_323' title='bbox 670 3320 910 3389; x_wconf 77' lang='grc' dir='ltr'>κήδεται,</span> <span class='ocrx_word' id='word_1_324' title='bbox 943 3321 1062 3373; x_wconf 89' lang='grc' dir='ltr'>λίαν</span> <span class='ocrx_word' id='word_1_325' title='bbox 1091 3321 1166 3372; x_wconf 83' lang='grc' dir='ltr'>ὢν</span> <span class='ocrx_word' id='word_1_326' title='bbox 1192 3320 1417 3387; x_wconf 89' lang='grc' dir='ltr'>ἀγαθὸς,</span> <span class='ocrx_word' id='word_1_327' title='bbox 1452 3320 1545 3372; x_wconf 74' lang='grc' dir='ltr'>καὶ</span> <span class='ocrx_word' id='word_1_328' title='bbox 1577 3319 1981 3389; x_wconf 77' lang='grc' dir='ltr'>ἀποπηδώντων</span> <span class='ocrx_word' id='word_1_329' title='bbox 2023 3321 2118 3373; x_wconf 69' lang='grc' dir='ltr'>καὶ</span> 
     </span>
    </p>
   </div>
   <div class='ocr_carea' id='block_1_44' title="bbox 540 3401 2118 3474">
    <p class='ocr_par' dir='ltr' id='par_1_44' title="bbox 540 3401 2118 3474">
     <span class='ocr_line' id='line_1_44' title="bbox 540 3401 2118 3474; baseline 0.001 -20"><span class='ocrx_word' id='word_1_330' title='bbox 540 3404 850 3470; x_wconf 82' lang='grc' dir='ltr'>φευγόντων</span> <span class='ocrx_word' id='word_1_331' title='bbox 866 3405 966 3456; x_wconf 90' lang='grc' dir='ltr'>οὐκ</span> <span class='ocrx_word' id='word_1_332' title='bbox 989 3403 1302 3470; x_wconf 89' lang='grc' dir='ltr'>ἀφίσταται·</span> <span class='ocrx_word' id='word_1_333' title='bbox 1334 3402 1448 3454; x_wconf 88' lang='grc' dir='ltr'>ἀλλ’</span> <span class='ocrx_word' id='word_1_334' title='bbox 1464 3402 1651 3472; x_wconf 80' lang='grc' dir='ltr'>ἐπειδὴ</span> <span class='ocrx_word' id='word_1_335' title='bbox 1670 3401 1696 3437; x_wconf 70' lang='grc' dir='ltr'><em>ά</em></span> <span class='ocrx_word' id='word_1_336' title='bbox 1723 3402 1819 3471; x_wconf 87' lang='grc' dir='ltr'>τὴν</span> <span class='ocrx_word' id='word_1_337' title='bbox 1845 3402 2118 3474; x_wconf 88' lang='grc' dir='ltr'>προτέραν</span> 
     </span>
    </p>
   </div>
   <div class='ocr_carea' id='block_1_45' title="bbox 539 3483 2120 3555">
    <p class='ocr_par' dir='ltr' id='par_1_45' title="bbox 539 3483 2120 3555">
     <span class='ocr_line' id='line_1_45' title="bbox 539 3483 2120 3555; baseline -0.001 -18"><span class='ocrx_word' id='word_1_338' title='bbox 539 3486 637 3553; x_wconf 80' lang='grc' dir='ltr'>τῆς</span> <span class='ocrx_word' id='word_1_339' title='bbox 675 3485 992 3553; x_wconf 80' lang='grc' dir='ltr'>εὐεργεσίας</span> <span class='ocrx_word' id='word_1_340' title='bbox 1031 3484 1149 3537; x_wconf 85' lang='grc' dir='ltr'>ὁδὸν</span> <span class='ocrx_word' id='word_1_341' title='bbox 1194 3483 1558 3554; x_wconf 88' lang='grc' dir='ltr'>ἀπωσάμεθα,</span> <span class='ocrx_word' id='word_1_342' title='bbox 1611 3484 1785 3537; x_wconf 88' lang='grc' dir='ltr'>ἐλθεῖν</span> <span class='ocrx_word' id='word_1_343' title='bbox 1827 3484 1900 3555; x_wconf 87' lang='grc' dir='ltr'>μὴ</span> <span class='ocrx_word' id='word_1_344' title='bbox 1932 3484 2120 3555; x_wconf 85' lang='grc' dir='ltr'>βουλη-</span> 
     </span>
    </p>
   </div>
   <div class='ocr_carea' id='block_1_46' title="bbox 543 3565 2118 3641">
    <p class='ocr_par' dir='ltr' id='par_1_46' title="bbox 543 3565 2118 3641">
     <span class='ocr_line' id='line_1_46' title="bbox 543 3565 2118 3641; baseline 0.004 -24"><span class='ocrx_word' id='word_1_345' title='bbox 543 3565 727 3630; x_wconf 79' lang='grc' dir='ltr'>θέντες</span> <span class='ocrx_word' id='word_1_346' title='bbox 751 3569 850 3639; x_wconf 82' lang='grc' dir='ltr'>τὴν</span> <span class='ocrx_word' id='word_1_347' title='bbox 893 3567 981 3621; x_wconf 81' lang='grc' dir='ltr'>διὰ</span> <span class='ocrx_word' id='word_1_348' title='bbox 1029 3569 1127 3638; x_wconf 78' lang='grc' dir='ltr'>τῆς</span> <span class='ocrx_word' id='word_1_349' title='bbox 1168 3567 1388 3631; x_wconf 81' lang='grc' dir='ltr'>πειθοῦς</span> <span class='ocrx_word' id='word_1_350' title='bbox 1413 3568 1508 3622; x_wconf 75' lang='grc' dir='ltr'>καὶ</span> <span class='ocrx_word' id='word_1_351' title='bbox 1542 3568 1637 3621; x_wconf 88' lang='grc' dir='ltr'>τοῦ</span> <span class='ocrx_word' id='word_1_352' title='bbox 1673 3568 1865 3622; x_wconf 82' lang='grc' dir='ltr'>παθεῖν</span> <span class='ocrx_word' id='word_1_353' title='bbox 1900 3566 1983 3631; x_wconf 79' lang='grc' dir='ltr'>εὖ,</span> <span class='ocrx_word' id='word_1_354' title='bbox 2018 3571 2118 3641; x_wconf 86' lang='grc' dir='ltr'>τὴν</span> 
     </span>
    </p>
   </div>
   <div class='ocr_carea' id='block_1_47' title="bbox 540 3651 2117 3723">
    <p class='ocr_par' dir='ltr' id='par_1_47' title="bbox 540 3651 2117 3723">
     <span class='ocr_line' id='line_1_47' title="bbox 540 3651 2117 3723; baseline 0.003 -20"><span class='ocrx_word' id='word_1_355' title='bbox 540 3651 734 3721; x_wconf 77' lang='grc' dir='ltr'>ἑτέραν</span> <span class='ocrx_word' id='word_1_356' title='bbox 756 3651 1089 3721; x_wconf 78' lang='grc' dir='ltr'>ἐπεισήγαγε</span> <span class='ocrx_word' id='word_1_357' title='bbox 1114 3662 1161 3714; x_wconf 74' lang='grc' dir='ltr'>θ,</span> <span class='ocrx_word' id='word_1_358' title='bbox 1196 3652 1293 3722; x_wconf 83' lang='grc' dir='ltr'>τὴν</span> <span class='ocrx_word' id='word_1_359' title='bbox 1324 3652 1411 3704; x_wconf 88' lang='grc' dir='ltr'>διά</span> <span class='ocrx_word' id='word_1_360' title='bbox 1437 3654 1535 3723; x_wconf 79' lang='grc' dir='ltr'>τῆς</span> <span class='ocrx_word' id='word_1_361' title='bbox 1576 3652 1852 3715; x_wconf 74' lang='grc' dir='ltr'>κολάσεως</span> <span class='ocrx_word' id='word_1_362' title='bbox 1890 3655 1984 3707; x_wconf 74' lang='grc' dir='ltr'>καὶ</span> <span class='ocrx_word' id='word_1_363' title='bbox 2008 3655 2117 3707; x_wconf 90' lang='grc' dir='ltr'>τῶν</span> 
     </span>
    </p>
   </div>
   <div class='ocr_carea' id='block_1_48' title="bbox 538 3730 2111 3806">
    <p class='ocr_par' dir='ltr' id='par_1_48' title="bbox 538 3730 2111 3806">
     <span class='ocr_line' id='line_1_48' title="bbox 538 3730 2111 3806; baseline 0.007 -26"><span class='ocrx_word' id='word_1_364' title='bbox 538 3732 839 3801; x_wconf 83' lang='grc' dir='ltr'>τιμωριῶν,</span> <span class='ocrx_word' id='word_1_365' title='bbox 862 3734 1197 3804; x_wconf 86' lang='grc' dir='ltr'>πικροτάτην</span> <span class='ocrx_word' id='word_1_366' title='bbox 1225 3735 1321 3804; x_wconf 84' lang='grc' dir='ltr'>μὲν</span> <span class='ocrx_word' id='word_1_367' title='bbox 1342 3730 1527 3798; x_wconf 82' lang='grc' dir='ltr'>οὖσαν,</span> <span class='ocrx_word' id='word_1_368' title='bbox 1543 3735 1847 3803; x_wconf 81' lang='grc' dir='ltr'>ἀναγκαίαν</span> <span class='ocrx_word' id='word_1_369' title='bbox 1866 3736 1923 3788; x_wconf 83' lang='grc' dir='ltr'>δὲ</span> <span class='ocrx_word' id='word_1_370' title='bbox 1944 3737 2111 3806; x_wconf 80' lang='grc' dir='ltr'>ὅμως.</span> 
     </span>
    </p>
   </div>
   <div class='ocr_carea' id='block_1_49' title="bbox 541 3813 2117 3888">
    <p class='ocr_par' dir='ltr' id='par_1_49' title="bbox 541 3813 2117 3888">
     <span class='ocr_line' id='line_1_49' title="bbox 541 3813 2117 3888; baseline 0.031 -61"><span class='ocrx_word' id='word_1_371' title='bbox 541 3813 710 3867; x_wconf 62' lang='grc' dir='ltr'>Ὅταν</span> <span class='ocrx_word' id='word_1_372' title='bbox 764 3816 873 3884; x_wconf 62' lang='grc' dir='ltr'>γὰρ</span> <span class='ocrx_word' id='word_1_373' title='bbox 917 3818 949 3886; x_wconf 68' lang='grc' dir='ltr'>ἡ</span> <span class='ocrx_word' id='word_1_374' title='bbox 1003 3818 1240 3888; x_wconf 77' lang='grc' dir='ltr'>προτέρα</span> <span class='ocrx_word' id='word_1_375' title='bbox 1295 3814 1659 3888; x_wconf 79' lang='grc' dir='ltr'>ἀτιμάζηται,</span> <span class='ocrx_word' id='word_1_376' title='bbox 1703 3819 1974 3886; x_wconf 88' lang='grc' dir='ltr'>ἀναγκαία</span> <span class='ocrx_word' id='word_1_377' title='bbox 2015 3819 2117 3888; x_wconf 82' lang='grc' dir='ltr'>τῆς</span> 
     </span>
    </p>
   </div>
   <div class='ocr_carea' id='block_1_50' title="bbox 540 3897 2118 3973">
    <p class='ocr_par' dir='ltr' id='par_1_50' title="bbox 540 3897 2118 3973">
     <span class='ocr_line' id='line_1_50' title="bbox 540 3897 2118 3973; baseline 0.005 -23"><span class='ocrx_word' id='word_1_378' title='bbox 540 3897 798 3968; x_wconf 83' lang='grc' dir='ltr'>δευτέρας</span> <span class='ocrx_word' id='word_1_379' title='bbox 823 3902 855 3970; x_wconf 83' lang='grc' dir='ltr'>ἡ</span> <span class='ocrx_word' id='word_1_380' title='bbox 878 3901 1247 3971; x_wconf 73' lang='grc' dir='ltr'>ἐπεισαγωγὴ.</span> <span class='ocrx_word' id='word_1_381' title='bbox 1290 3903 1441 3955; x_wconf 77' lang='grc' dir='ltr'>Ἐπεὶ</span> <span class='ocrx_word' id='word_1_382' title='bbox 1472 3904 1563 3955; x_wconf 81' lang='grc' dir='ltr'>καὶ</span> <span class='ocrx_word' id='word_1_383' title='bbox 1599 3905 1648 3956; x_wconf 87' lang='grc' dir='ltr'>οί</span> <span class='ocrx_word' id='word_1_384' title='bbox 1677 3903 1965 3973; x_wconf 84' lang='grc' dir='ltr'>νομοθέται</span> <span class='ocrx_word' id='word_1_385' title='bbox 1997 3906 2118 3958; x_wconf 86' lang='grc' dir='ltr'>πολ-</span> 
     </span>
    </p>
   </div>
   <div class='ocr_carea' id='block_1_51' title="bbox 539 3981 2116 4056">
    <p class='ocr_par' dir='ltr' id='par_1_51' title="bbox 539 3981 2116 4056">
     <span class='ocr_line' id='line_1_51' title="bbox 539 3981 2116 4056; baseline 0.005 -23"><span class='ocrx_word' id='word_1_386' title='bbox 539 3981 639 4045; x_wconf 72' lang='grc' dir='ltr'>λάς</span> <span class='ocrx_word' id='word_1_387' title='bbox 690 3982 783 4035; x_wconf 75' lang='grc' dir='ltr'>καὶ</span> <span class='ocrx_word' id='word_1_388' title='bbox 833 3982 1075 4053; x_wconf 78' lang='grc' dir='ltr'>χαλεπάς</span> <span class='ocrx_word' id='word_1_389' title='bbox 1118 3985 1259 4038; x_wconf 81' lang='grc' dir='ltr'>κατὰ</span> <span class='ocrx_word' id='word_1_390' title='bbox 1305 3985 1413 4038; x_wconf 88' lang='grc' dir='ltr'>τῶν</span> <span class='ocrx_word' id='word_1_391' title='bbox 1450 3986 1859 4056; x_wconf 77' lang='grc' dir='ltr'>’ἡμαρτηκότων</span> <span class='ocrx_word' id='word_1_392' title='bbox 1904 3987 2116 4041; x_wconf 90' lang='grc' dir='ltr'>τιθέασι</span> 
     </span>
    </p>
   </div>
   <div class='ocr_carea' id='block_1_52' title="bbox 541 4066 2117 4141">
    <p class='ocr_par' dir='ltr' id='par_1_52' title="bbox 541 4066 2117 4141">
     <span class='ocr_line' id='line_1_52' title="bbox 541 4066 2117 4141; baseline 0.004 -24"><span class='ocrx_word' id='word_1_393' title='bbox 541 4066 828 4134; x_wconf 80' lang='grc' dir='ltr'>τιμωρίας,</span> <span class='ocrx_word' id='word_1_394' title='bbox 859 4067 949 4119; x_wconf 77' lang='grc' dir='ltr'>καὶ</span> <span class='ocrx_word' id='word_1_395' title='bbox 978 4068 1125 4137; x_wconf 81' lang='grc' dir='ltr'>ὅμως</span> <span class='ocrx_word' id='word_1_396' title='bbox 1169 4069 1364 4131; x_wconf 83' lang='grc' dir='ltr'>αὐτοὺς</span> <span class='ocrx_word' id='word_1_397' title='bbox 1401 4068 1501 4121; x_wconf 88' lang='grc' dir='ltr'>οὐκ</span> <span class='ocrx_word' id='word_1_398' title='bbox 1534 4069 1990 4141; x_wconf 84' lang='grc' dir='ltr'>ἀποστρεφόμεθα</span> <span class='ocrx_word' id='word_1_399' title='bbox 2029 4071 2117 4125; x_wconf 73' lang='grc' dir='ltr'>διὰ</span> 
     </span>
    </p>
   </div>
   <div class='ocr_carea' id='block_1_53' title="bbox 539 4146 2113 4226">
    <p class='ocr_par' dir='ltr' id='par_1_53' title="bbox 539 4146 2113 4226">
     <span class='ocr_line' id='line_1_53' title="bbox 539 4146 2113 4226; baseline 0.005 -26"><span class='ocrx_word' id='word_1_400' title='bbox 539 4146 732 4209; x_wconf 86' lang='grc' dir='ltr'>ταῦτα,</span> <span class='ocrx_word' id='word_1_401' title='bbox 759 4148 893 4202; x_wconf 79' lang='grc' dir='ltr'>ἀλλά</span> <span class='ocrx_word' id='word_1_402' title='bbox 910 4152 1002 4202; x_wconf 74' lang='grc' dir='ltr'>καὶ</span> <span class='ocrx_word' id='word_1_403' title='bbox 1031 4150 1229 4220; x_wconf 82' lang='grc' dir='ltr'>μᾶλλον</span> <span class='ocrx_word' id='word_1_404' title='bbox 1250 4151 1497 4221; x_wconf 89' lang='grc' dir='ltr'>τιμῶμεν</span> <span class='ocrx_word' id='word_1_405' title='bbox 1518 4151 1626 4204; x_wconf 90' lang='grc' dir='ltr'>τῶν</span> <span class='ocrx_word' id='word_1_406' title='bbox 1642 4152 1917 4206; x_wconf 87' lang='grc' dir='ltr'>κολάσεων</span> <span class='ocrx_word' id='word_1_407' title='bbox 1933 4153 2113 4226; x_wconf 88' lang='grc' dir='ltr'>χάριν,</span> 
     </span>
    </p>
   </div>
   <div class='ocr_carea' id='block_1_54' title="bbox 542 4230 2116 4305">
    <p class='ocr_par' dir='ltr' id='par_1_54' title="bbox 542 4230 2116 4305">
     <span class='ocr_line' id='line_1_54' title="bbox 542 4230 2116 4305; baseline 0.005 -23"><span class='ocrx_word' id='word_1_408' title='bbox 542 4230 636 4283; x_wconf 70' lang='grc' dir='ltr'>καὶ</span> <span class='ocrx_word' id='word_1_409' title='bbox 656 4230 736 4283; x_wconf 81' lang='grc' dir='ltr'>ὅτι</span> <span class='ocrx_word' id='word_1_410' title='bbox 773 4231 997 4302; x_wconf 87' lang='grc' dir='ltr'>μηδενὸς</span> <span class='ocrx_word' id='word_1_411' title='bbox 1025 4232 1269 4304; x_wconf 89' lang='grc' dir='ltr'>δεόμενοι</span> <span class='ocrx_word' id='word_1_412' title='bbox 1293 4233 1400 4287; x_wconf 91' lang='grc' dir='ltr'>τῶν</span> <span class='ocrx_word' id='word_1_413' title='bbox 1425 4235 1553 4305; x_wconf 80' lang='grc' dir='ltr'>παρ’</span> <span class='ocrx_word' id='word_1_414' title='bbox 1582 4234 1759 4305; x_wconf 79' lang='grc' dir='ltr'>ἡμῶν,</span> <span class='ocrx_word' id='word_1_415' title='bbox 1786 4236 2044 4300; x_wconf 83' lang='grc' dir='ltr'>πολλάκις</span> <span class='ocrx_word' id='word_1_416' title='bbox 2059 4238 2116 4291; x_wconf 80' lang='grc' dir='ltr'>δὲ</span> 
     </span>
    </p>
   </div>
   <div class='ocr_carea' id='block_1_55' title="bbox 538 4314 2116 4391">
    <p class='ocr_par' dir='ltr' id='par_1_55' title="bbox 538 4314 2116 4391">
     <span class='ocr_line' id='line_1_55' title="bbox 538 4314 2116 4391; baseline 0.006 -25"><span class='ocrx_word' id='word_1_417' title='bbox 538 4314 658 4367; x_wconf 80' lang='grc' dir='ltr'>οὐδὲ</span> <span class='ocrx_word' id='word_1_418' title='bbox 702 4315 902 4375; x_wconf 77' lang='grc' dir='ltr'>εἰδότες</span> <span class='ocrx_word' id='word_1_419' title='bbox 930 4317 1072 4381; x_wconf 91' lang='grc' dir='ltr'>τίνες</span> <span class='ocrx_word' id='word_1_420' title='bbox 1106 4317 1235 4370; x_wconf 86' lang='grc' dir='ltr'>ποτέ</span> <span class='ocrx_word' id='word_1_421' title='bbox 1266 4317 1477 4372; x_wconf 77' lang='grc' dir='ltr'>ἔσονται</span> <span class='ocrx_word' id='word_1_422' title='bbox 1505 4320 1553 4371; x_wconf 90' lang='grc' dir='ltr'>οί</span> <span class='ocrx_word' id='word_1_423' title='bbox 1591 4319 1875 4390; x_wconf 89' lang='grc' dir='ltr'>μέλλοντες</span> <span class='ocrx_word' id='word_1_424' title='bbox 1899 4322 1998 4391; x_wconf 81' lang='grc' dir='ltr'>τῆς</span> <span class='ocrx_word' id='word_1_425' title='bbox 2029 4322 2116 4376; x_wconf 84' lang='grc' dir='ltr'>διά</span> 
     </span>
    </p>
   </div>
   <div class='ocr_carea' id='block_1_56' title="bbox 538 4397 2112 4474">
    <p class='ocr_par' dir='ltr' id='par_1_56' title="bbox 538 4397 2112 4474">
     <span class='ocr_line' id='line_1_56' title="bbox 538 4397 2112 4474; baseline 0.006 -25"><span class='ocrx_word' id='word_1_426' title='bbox 538 4397 647 4450; x_wconf 86' lang='grc' dir='ltr'>τῶν</span> <span class='ocrx_word' id='word_1_427' title='bbox 687 4398 1028 4468; x_wconf 85' lang='grc' dir='ltr'>γραμμάτων</span> <span class='ocrx_word' id='word_1_428' title='bbox 1074 4398 1090 4437; x_wconf 82' lang='grc' dir='ltr'>ί</span> <span class='ocrx_word' id='word_1_429' title='bbox 1134 4401 1317 4453; x_wconf 85' lang='grc' dir='ltr'>αὐτῶν</span> <span class='ocrx_word' id='word_1_430' title='bbox 1366 4402 1771 4456; x_wconf 89' lang='grc' dir='ltr'>ἀπολαύσεσθαι</span> <span class='ocrx_word' id='word_1_431' title='bbox 1825 4402 2112 4474; x_wconf 82' lang='grc' dir='ltr'>βοηθείας,</span> 
     </span>
    </p>
   </div>
   <div class='ocr_carea' id='block_1_57' title="bbox 540 4480 2115 4558">
    <p class='ocr_par' dir='ltr' id='par_1_57' title="bbox 540 4480 2115 4558">
     <span class='ocr_line' id='line_1_57' title="bbox 540 4480 2115 4558; baseline 0.006 -27"><span class='ocrx_word' id='word_1_432' title='bbox 540 4480 688 4548; x_wconf 78' lang='grc' dir='ltr'>ὅμως</span> <span class='ocrx_word' id='word_1_433' title='bbox 721 4482 1040 4551; x_wconf 80' lang='grc' dir='ltr'>ἐφρόντισαν</span> <span class='ocrx_word' id='word_1_434' title='bbox 1090 4482 1189 4551; x_wconf 82' lang='grc' dir='ltr'>τῆς</span> <span class='ocrx_word' id='word_1_435' title='bbox 1238 4484 1379 4536; x_wconf 85' lang='grc' dir='ltr'>κατά</span> <span class='ocrx_word' id='word_1_436' title='bbox 1424 4485 1514 4537; x_wconf 91' lang='grc' dir='ltr'>τὸν</span> <span class='ocrx_word' id='word_1_437' title='bbox 1554 4485 1666 4555; x_wconf 89' lang='grc' dir='ltr'>βίον</span> <span class='ocrx_word' id='word_1_438' title='bbox 1711 4485 1802 4539; x_wconf 89' lang='grc' dir='ltr'>τὸν</span> <span class='ocrx_word' id='word_1_439' title='bbox 1847 4487 2115 4558; x_wconf 80' lang='grc' dir='ltr'>ἡμέτερον</span> 
     </span>
    </p>
   </div>
   <div class='ocr_carea' id='block_1_58' title="bbox 542 4561 2116 4642">
    <p class='ocr_par' dir='ltr' id='par_1_58' title="bbox 542 4561 2116 4642">
     <span class='ocr_line' id='line_1_58' title="bbox 542 4561 2116 4642; baseline 0.005 -28"><span class='ocrx_word' id='word_1_440' title='bbox 542 4561 813 4627; x_wconf 81' lang='grc' dir='ltr'>εὐταξίας,</span> <span class='ocrx_word' id='word_1_441' title='bbox 843 4564 1111 4634; x_wconf 89' lang='grc' dir='ltr'>τιμῶντες</span> <span class='ocrx_word' id='word_1_442' title='bbox 1158 4566 1255 4635; x_wconf 80' lang='grc' dir='ltr'>μὲν</span> <span class='ocrx_word' id='word_1_443' title='bbox 1283 4568 1407 4629; x_wconf 82' lang='grc' dir='ltr'>τοὺς</span> <span class='ocrx_word' id='word_1_444' title='bbox 1438 4569 1494 4619; x_wconf 88' lang='grc' dir='ltr'>ἐν</span> <span class='ocrx_word' id='word_1_445' title='bbox 1537 4569 1703 4640; x_wconf 84' lang='grc' dir='ltr'>ἀρετῇ</span> <span class='ocrx_word' id='word_1_446' title='bbox 1736 4567 1965 4637; x_wconf 80' lang='grc' dir='ltr'>ζῶντας,</span> <span class='ocrx_word' id='word_1_447' title='bbox 2002 4570 2116 4642; x_wconf 76' lang='grc' dir='ltr'>εἷρ-</span> 
     </span>
    </p>
   </div>
   <div class='ocr_carea' id='block_1_59' title="bbox 541 4647 2113 4725">
    <p class='ocr_par' dir='ltr' id='par_1_59' title="bbox 541 4647 2113 4725">
     <span class='ocr_line' id='line_1_59' title="bbox 541 4647 2113 4725; baseline 0.006 -27"><span class='ocrx_word' id='word_1_448' title='bbox 541 4663 728 4713; x_wconf 88' lang='grc' dir='ltr'>γοντες</span> <span class='ocrx_word' id='word_1_449' title='bbox 751 4648 806 4699; x_wconf 78' lang='grc' dir='ltr'>δὲ</span> <span class='ocrx_word' id='word_1_450' title='bbox 840 4647 926 4700; x_wconf 78' lang='grc' dir='ltr'>διά</span> <span class='ocrx_word' id='word_1_451' title='bbox 955 4647 1060 4700; x_wconf 90' lang='grc' dir='ltr'>τῶν</span> <span class='ocrx_word' id='word_1_452' title='bbox 1091 4650 1370 4720; x_wconf 88' lang='grc' dir='ltr'>τιμωριῶν</span> <span class='ocrx_word' id='word_1_453' title='bbox 1402 4651 1529 4714; x_wconf 83' lang='grc' dir='ltr'>τοὺς</span> <span class='ocrx_word' id='word_1_454' title='bbox 1559 4652 1910 4717; x_wconf 87' lang='grc' dir='ltr'>ἀκολάστους,</span> <span class='ocrx_word' id='word_1_455' title='bbox 1934 4655 2027 4706; x_wconf 73' lang='grc' dir='ltr'>καὶ</span> <span class='ocrx_word' id='word_1_456' title='bbox 2048 4657 2113 4725; x_wconf 81' lang='grc' dir='ltr'>τῇ</span> 
     </span>
    </p>
   </div>
   <div class='ocr_carea' id='block_1_60' title="bbox 541 4729 2116 4803">
    <p class='ocr_par' dir='ltr' id='par_1_60' title="bbox 541 4729 2116 4803">
     <span class='ocr_line' id='line_1_60' title="bbox 541 4729 2116 4803; baseline 0.006 -22"><span class='ocrx_word' id='word_1_457' title='bbox 541 4729 650 4781; x_wconf 86' lang='grc' dir='ltr'>τῶν</span> <span class='ocrx_word' id='word_1_458' title='bbox 687 4729 885 4783; x_wconf 85' lang='grc' dir='ltr'>λοιπῶν</span> <span class='ocrx_word' id='word_1_459' title='bbox 924 4731 1123 4801; x_wconf 78' lang='grc' dir='ltr'>ἡσυχίᾳ</span> <span class='ocrx_word' id='word_1_460' title='bbox 1162 4730 1585 4803; x_wconf 86' lang='grc' dir='ltr'>λυμαινομένους</span> <span class='ocrx_word' id='word_1_461' title='bbox 1612 4736 1658 4787; x_wconf 74' lang='grc'>⁸.</span> <span class='ocrx_word' id='word_1_462' title='bbox 1703 4736 1763 4789; x_wconf 79' lang='lat' dir='ltr'>El</span> <span class='ocrx_word' id='word_1_463' title='bbox 1796 4736 1852 4789; x_wconf 84' lang='grc' dir='ltr'>δὲ</span> <span class='ocrx_word' id='word_1_464' title='bbox 1892 4736 2116 4801; x_wconf 83' lang='grc' dir='ltr'>τούτους</span> 
     </span>
    </p>
   </div>
   <div class='ocr_carea' id='block_1_61' title="bbox 542 4812 2116 4887">
    <p class='ocr_par' dir='ltr' id='par_1_61' title="bbox 542 4812 2116 4887">
     <span class='ocr_line' id='line_1_61' title="bbox 542 4812 2116 4887; baseline 0.006 -23"><span class='ocrx_word' id='word_1_465' title='bbox 542 4812 896 4881; x_wconf 73' lang='grc' dir='ltr'>θαυμάζομεν</span> <span class='ocrx_word' id='word_1_466' title='bbox 948 4814 1040 4865; x_wconf 72' lang='grc' dir='ltr'>καὶ</span> <span class='ocrx_word' id='word_1_467' title='bbox 1091 4813 1390 4884; x_wconf 86' lang='grc' dir='ltr'>φιλοῦμεν,</span> <span class='ocrx_word' id='word_1_468' title='bbox 1444 4817 1504 4869; x_wconf 90' lang='grc' dir='ltr'>οὐ</span> <span class='ocrx_word' id='word_1_469' title='bbox 1549 4816 1727 4887; x_wconf 81' lang='grc' dir='ltr'>πολλῷ</span> <span class='ocrx_word' id='word_1_470' title='bbox 1784 4819 1985 4887; x_wconf 84' lang='grc' dir='ltr'>μᾶλλον</span> <span class='ocrx_word' id='word_1_471' title='bbox 2023 4821 2116 4874; x_wconf 86' lang='grc' dir='ltr'>τὸν</span> 
     </span>
    </p>
   </div>
   <div class='ocr_carea' id='block_1_62' title="bbox 540 4893 2116 4975">
    <p class='ocr_par' dir='ltr' id='par_1_62' title="bbox 540 4893 2116 4975">
     <span class='ocr_line' id='line_1_62' title="bbox 540 4893 2116 4975; baseline 0.006 -28"><span class='ocrx_word' id='word_1_472' title='bbox 540 4893 674 4947; x_wconf 84' lang='grc' dir='ltr'>Θεὸν</span> <span class='ocrx_word' id='word_1_473' title='bbox 719 4896 1114 4965; x_wconf 82' lang='grc' dir='ltr'>ἐκπλήττεσθαι</span> <span class='ocrx_word' id='word_1_474' title='bbox 1160 4897 1242 4949; x_wconf 79' lang='grc' dir='ltr'>δεῖ</span> <span class='ocrx_word' id='word_1_475' title='bbox 1293 4900 1385 4950; x_wconf 75' lang='grc' dir='ltr'>καὶ</span> <span class='ocrx_word' id='word_1_476' title='bbox 1428 4902 1650 4972; x_wconf 80' lang='grc' dir='ltr'>ἀγαπᾷν</span> <span class='ocrx_word' id='word_1_477' title='bbox 1700 4901 1798 4969; x_wconf 82' lang='grc' dir='ltr'>τῆς</span> <span class='ocrx_word' id='word_1_478' title='bbox 1848 4902 2116 4975; x_wconf 82' lang='grc' dir='ltr'>τοσαύτης</span> 
     </span>
    </p>
   </div>
   <div class='ocr_carea' id='block_1_63' title="bbox 540 4978 2113 5054">
    <p class='ocr_par' dir='ltr' id='par_1_63' title="bbox 540 4978 2113 5054">
     <span class='ocr_line' id='line_1_63' title="bbox 540 4978 2113 5054; baseline 0.008 -26"><span class='ocrx_word' id='word_1_479' title='bbox 540 4979 726 5030; x_wconf 71' lang='grc' dir='ltr'>ἕνεκεν</span> <span class='ocrx_word' id='word_1_480' title='bbox 750 4978 1111 5046; x_wconf 77' lang='grc' dir='ltr'>κηδεμονίαςς</span> <span class='ocrx_word' id='word_1_481' title='bbox 1143 4981 1252 5033; x_wconf 72' lang='grc' dir='ltr'>Καὶ</span> <span class='ocrx_word' id='word_1_482' title='bbox 1291 4981 1399 5052; x_wconf 80' lang='grc' dir='ltr'>γάρ</span> <span class='ocrx_word' id='word_1_483' title='bbox 1434 4981 1660 5054; x_wconf 80' lang='grc' dir='ltr'>ἀπειρόν</span> <span class='ocrx_word' id='word_1_484' title='bbox 1695 4985 1757 5036; x_wconf 88' lang='grc' dir='ltr'>τὸ</span> <span class='ocrx_word' id='word_1_485' title='bbox 1794 4985 1957 5054; x_wconf 85' lang='grc' dir='ltr'>μέσον</span> <span class='ocrx_word' id='word_1_486' title='bbox 1996 4988 2113 5041; x_wconf 77' lang='grc' dir='ltr'>ἐστὶ</span> 
     </span>
    </p>
   </div>
   <div class='ocr_carea' id='block_1_64' title="bbox 536 5062 2108 5140">
    <p class='ocr_par' dir='ltr' id='par_1_64' title="bbox 536 5062 2108 5140">
     <span class='ocr_line' id='line_1_64' title="bbox 536 5062 2108 5140; baseline 0.007 -25"><span class='ocrx_word' id='word_1_487' title='bbox 536 5064 635 5132; x_wconf 78' lang='grc' dir='ltr'>τῆς</span> <span class='ocrx_word' id='word_1_488' title='bbox 663 5078 722 5113; x_wconf 87' lang='grc' dir='ltr'>τε</span> <span class='ocrx_word' id='word_1_489' title='bbox 744 5062 968 5114; x_wconf 83' lang='grc' dir='ltr'>ἐκείνων</span> <span class='ocrx_word' id='word_1_490' title='bbox 996 5066 1087 5117; x_wconf 76' lang='grc' dir='ltr'>καὶ</span> <span class='ocrx_word' id='word_1_491' title='bbox 1114 5067 1210 5135; x_wconf 85' lang='grc' dir='ltr'>τῆς</span> <span class='ocrx_word' id='word_1_492' title='bbox 1231 5064 1420 5118; x_wconf 88' lang='grc' dir='ltr'>τούτου</span> <span class='ocrx_word' id='word_1_493' title='bbox 1444 5067 1701 5137; x_wconf 87' lang='grc' dir='ltr'>προνοίας</span> <span class='ocrx_word' id='word_1_494' title='bbox 1725 5070 1823 5138; x_wconf 76' lang='grc' dir='ltr'>τῆς</span> <span class='ocrx_word' id='word_1_495' title='bbox 1844 5069 1923 5132; x_wconf 87' lang='grc' dir='ltr'>είς</span> <span class='ocrx_word' id='word_1_496' title='bbox 1947 5070 2108 5140; x_wconf 76' lang='grc' dir='ltr'>ἡμᾶς.</span> 
     </span>
    </p>
   </div>
   <div class='ocr_carea' id='block_1_65' title="bbox 543 5144 2113 5222">
    <p class='ocr_par' dir='ltr' id='par_1_65' title="bbox 543 5144 2113 5222">
     <span class='ocr_line' id='line_1_65' title="bbox 543 5144 2113 5222; baseline 0.008 -24"><span class='ocrx_word' id='word_1_497' title='bbox 543 5144 783 5214; x_wconf 72' lang='grc' dir='ltr'>’Δφατός</span> <span class='ocrx_word' id='word_1_498' title='bbox 837 5162 893 5197; x_wconf 86' lang='grc' dir='ltr'>τε</span> <span class='ocrx_word' id='word_1_499' title='bbox 946 5147 1113 5211; x_wconf 71' lang='grc' dir='ltr'>ὅντως</span> <span class='ocrx_word' id='word_1_500' title='bbox 1160 5151 1252 5202; x_wconf 74' lang='grc' dir='ltr'>καὶ</span> <span class='ocrx_word' id='word_1_501' title='bbox 1303 5150 1607 5222; x_wconf 78' lang='grc' dir='ltr'>ὑπερϐολὴν</span> <span class='ocrx_word' id='word_1_502' title='bbox 1651 5154 1830 5205; x_wconf 78' lang='grc' dir='ltr'>πᾶσαν</span> <span class='ocrx_word' id='word_1_503' title='bbox 1875 5154 2041 5207; x_wconf 89' lang='grc' dir='ltr'>νικῶν</span> <span class='ocrx_word' id='word_1_504' title='bbox 2085 5157 2113 5210; x_wconf 90' lang='lat'>6</span> 
     </span>
    </p>
   </div>
   <div class='ocr_carea' id='block_1_66' title="bbox 540 5228 2112 5305">
    <p class='ocr_par' dir='ltr' id='par_1_66' title="bbox 540 5228 2112 5305">
     <span class='ocr_line' id='line_1_66' title="bbox 540 5228 2112 5305; baseline 0.006 -24"><span class='ocrx_word' id='word_1_505' title='bbox 540 5229 778 5291; x_wconf 87' lang='grc' dir='ltr'>πλοῦτος</span> <span class='ocrx_word' id='word_1_506' title='bbox 803 5228 829 5266; x_wconf 69' lang='grc' dir='ltr'>ιι</span> <span class='ocrx_word' id='word_1_507' title='bbox 862 5230 959 5300; x_wconf 79' lang='grc' dir='ltr'>τῆς</span> <span class='ocrx_word' id='word_1_508' title='bbox 1000 5233 1365 5303; x_wconf 84' lang='grc' dir='ltr'>χρηστότητος</span> <span class='ocrx_word' id='word_1_509' title='bbox 1413 5234 1597 5287; x_wconf 88' lang='grc' dir='ltr'>αὐτοῦ.</span> <span class='ocrx_word' id='word_1_510' title='bbox 1636 5236 1834 5289; x_wconf 85' lang='grc' dir='ltr'>Σκόπει</span> <span class='ocrx_word' id='word_1_511' title='bbox 1876 5236 1953 5288; x_wconf 82' lang='grc' dir='ltr'>δέ·</span> <span class='ocrx_word' id='word_1_512' title='bbox 2008 5241 2112 5305; x_wconf 81' lang='grc' dir='ltr'>Είς</span> 
     </span>
    </p>
   </div>
   <div class='ocr_carea' id='block_1_67' title="bbox 538 5305 2113 5384">
    <p class='ocr_par' dir='ltr' id='par_1_67' title="bbox 538 5305 2113 5384">
     <span class='ocr_line' id='line_1_67' title="bbox 538 5305 2113 5384; baseline 0.008 -26"><span class='ocrx_word' id='word_1_513' title='bbox 538 5309 609 5360; x_wconf 81' lang='grc' dir='ltr'>τὰ</span> <span class='ocrx_word' id='word_1_514' title='bbox 631 5307 751 5360; x_wconf 83' lang='grc' dir='ltr'>ιδια</span> <span class='ocrx_word' id='word_1_515' title='bbox 783 5305 989 5379; x_wconf 82' lang='grc' dir='ltr'>ἦλθεν,</span> <span class='ocrx_word' id='word_1_516' title='bbox 1012 5311 1072 5363; x_wconf 90' lang='grc' dir='ltr'>οὐ</span> <span class='ocrx_word' id='word_1_517' title='bbox 1102 5310 1202 5381; x_wconf 82' lang='grc' dir='ltr'>τῆς</span> <span class='ocrx_word' id='word_1_518' title='bbox 1230 5311 1392 5366; x_wconf 89' lang='grc' dir='ltr'>αὐτοῦ</span> <span class='ocrx_word' id='word_1_519' title='bbox 1423 5313 1610 5384; x_wconf 88' lang='grc' dir='ltr'>χρείας</span> <span class='ocrx_word' id='word_1_520' title='bbox 1630 5313 1816 5367; x_wconf 74' lang='grc' dir='ltr'>ἕνεκεν</span> <span class='ocrx_word' id='word_1_521' title='bbox 1845 5316 2113 5384; x_wconf 83' lang='grc' dir='ltr'>(άνενδεές</span> 
     </span>
    </p>
   </div>
   <div class='ocr_carea' id='block_1_68' title="bbox 534 5391 2115 5469">
    <p class='ocr_par' dir='ltr' id='par_1_68' title="bbox 534 5391 2115 5469">
     <span class='ocr_line' id='line_1_68' title="bbox 534 5391 2115 5469; baseline 0.007 -28"><span class='ocrx_word' id='word_1_522' title='bbox 534 5391 665 5460; x_wconf 74' lang='grc' dir='ltr'>γάρ,</span> <span class='ocrx_word' id='word_1_523' title='bbox 702 5392 839 5463; x_wconf 85' lang='grc' dir='ltr'>ὅπερ</span> <span class='ocrx_word' id='word_1_524' title='bbox 861 5391 1018 5463; x_wconf 76' lang='grc' dir='ltr'>ἔφην,</span> <span class='ocrx_word' id='word_1_525' title='bbox 1041 5394 1102 5446; x_wconf 90' lang='grc' dir='ltr'>τὸ</span> <span class='ocrx_word' id='word_1_526' title='bbox 1122 5395 1318 5466; x_wconf 87' lang='grc' dir='ltr'>Θείον),</span> <span class='ocrx_word' id='word_1_527' title='bbox 1342 5396 1476 5450; x_wconf 87' lang='grc' dir='ltr'>ἀλλά</span> <span class='ocrx_word' id='word_1_528' title='bbox 1495 5401 1593 5469; x_wconf 77' lang='grc' dir='ltr'>τῆς</span> <span class='ocrx_word' id='word_1_529' title='bbox 1620 5397 1729 5451; x_wconf 88' lang='grc' dir='ltr'>τῶν</span> <span class='ocrx_word' id='word_1_530' title='bbox 1764 5399 1907 5452; x_wconf 82' lang='grc' dir='ltr'>ίδίων</span> <span class='ocrx_word' id='word_1_531' title='bbox 1929 5400 2115 5454; x_wconf 77' lang='grc' dir='ltr'>ἕνεκεν</span> 
     </span>
    </p>
   </div>
   <div class='ocr_carea' id='block_1_69' title="bbox 597 5510 2112 5573">
    <p class='ocr_par' dir='ltr' id='par_1_69' title="bbox 597 5510 2112 5573">
     <span class='ocr_line' id='line_1_69' title="bbox 597 5510 2112 5573; baseline 0.007 -17"><span class='ocrx_word' id='word_1_532' title='bbox 597 5512 622 5538; x_wconf 78' lang='grc'><em>³</em></span> <span class='ocrx_word' id='word_1_533' title='bbox 648 5510 881 5573; x_wconf 76' lang='grc' dir='ltr'>ἀγαπητοί</span> <span class='ocrx_word' id='word_1_534' title='bbox 900 5511 955 5573; x_wconf 12' lang='lat' dir='ltr'>Vin</span> <span class='ocrx_word' id='word_1_535' title='bbox 982 5513 1204 5572; x_wconf 77' lang='lat' dir='ltr'>margine</span> <span class='ocrx_word' id='word_1_536' title='bbox 1228 5513 1455 5563; x_wconf 72' lang='lat' dir='ltr'>Saviiius.</span> <span class='ocrx_word' id='word_1_537' title='bbox 1521 5515 1550 5555; x_wconf 71' lang='grc' dir='ltr'>δ</span> <span class='ocrx_word' id='word_1_538' title='bbox 1575 5515 1693 5564; x_wconf 78' lang='lat' dir='ltr'>Mor.</span> <span class='ocrx_word' id='word_1_539' title='bbox 1733 5516 1919 5573; x_wconf 86' lang='grc' dir='ltr'>αὐτούς,</span> <span class='ocrx_word' id='word_1_540' title='bbox 1960 5516 2112 5566; x_wconf 78' lang='lat' dir='ltr'>Savil.</span> 
     </span>
    </p>
   </div>
   <div class='ocr_carea' id='block_1_70' title="bbox 533 5572 2115 5635">
    <p class='ocr_par' dir='ltr' id='par_1_70' title="bbox 533 5572 2115 5635">
     <span class='ocr_line' id='line_1_70' title="bbox 533 5572 2115 5635; baseline 0.003 -15"><span class='ocrx_word' id='word_1_541' title='bbox 533 5572 750 5635; x_wconf 84' lang='grc' dir='ltr'>πολλούς.</span> <span class='ocrx_word' id='word_1_542' title='bbox 773 5633 783 5635; x_wconf 14' lang='grc' dir='ltr'>ξ</span> <span class='ocrx_word' id='word_1_543' title='bbox 820 5574 841 5601; x_wconf 64' lang='grc' dir='ltr'>θ’</span> <span class='ocrx_word' id='word_1_544' title='bbox 870 5572 1041 5635; x_wconf 74' lang='grc' dir='ltr'>ΜοΓρΙ.</span> <span class='ocrx_word' id='word_1_545' title='bbox 1060 5574 1285 5627; x_wconf 83' lang='grc' dir='ltr'>ὐπείκειν,</span> <span class='ocrx_word' id='word_1_546' title='bbox 1309 5575 1459 5625; x_wconf 83' lang='lat' dir='ltr'>Savil.</span> <span class='ocrx_word' id='word_1_547' title='bbox 1484 5577 1756 5635; x_wconf 75' lang='grc' dir='ltr'>ὑπακούειν,</span> <span class='ocrx_word' id='word_1_548' title='bbox 1786 5584 1837 5626; x_wconf 80' lang='lat' dir='ltr'>el</span> <span class='ocrx_word' id='word_1_549' title='bbox 1868 5591 1976 5625; x_wconf 83' lang='lat' dir='ltr'>mox</span> <span class='ocrx_word' id='word_1_550' title='bbox 2010 5579 2115 5626; x_wconf 76' lang='lat' dir='ltr'>Mo-</span> 
     </span>
    </p>
   </div>
   <div class='ocr_carea' id='block_1_71' title="bbox 536 5633 2115 5699">
    <p class='ocr_par' dir='ltr' id='par_1_71' title="bbox 536 5633 2115 5699">
     <span class='ocr_line' id='line_1_71' title="bbox 536 5633 2115 5699; baseline 0.004 -19"><span class='ocrx_word' id='word_1_551' title='bbox 536 5636 627 5682; x_wconf 72' lang='lat' dir='ltr'>rPI.</span> <span class='ocrx_word' id='word_1_552' title='bbox 654 5633 1274 5699; x_wconf 54' lang='lat' dir='ltr'>661_&amp;x_66r;96t.§asjil._oﬁx</span> <span class='ocrx_word' id='word_1_553' title='bbox 1295 5635 1603 5697; x_wconf 81' lang='grc' dir='ltr'>ἀνεχομένοις.</span> <span class='ocrx_word' id='word_1_554' title='bbox 1673 5638 1698 5675; x_wconf 77' lang='grc' dir='ltr'><em>δ</em></span> <span class='ocrx_word' id='word_1_555' title='bbox 1724 5633 1895 5687; x_wconf 74' lang='lat' dir='ltr'>Morel.</span> <span class='ocrx_word' id='word_1_556' title='bbox 1914 5639 2115 5699; x_wconf 80' lang='grc' dir='ltr'>ἀφίστα-</span> 
     </span>
    </p>
   </div>
   <div class='ocr_carea' id='block_1_72' title="bbox 533 5693 2114 5756">
    <p class='ocr_par' dir='ltr' id='par_1_72' title="bbox 533 5693 2114 5756">
     <span class='ocr_line' id='line_1_72' title="bbox 533 5693 2114 5756; baseline 0.004 -16"><span class='ocrx_word' id='word_1_557' title='bbox 533 5711 628 5751; x_wconf 74' lang='grc' dir='ltr'>ται,</span> <span class='ocrx_word' id='word_1_558' title='bbox 668 5695 765 5756; x_wconf 74' lang='grc' dir='ltr'>ἐπεὶ</span> <span class='ocrx_word' id='word_1_559' title='bbox 794 5694 891 5742; x_wconf 86' lang='grc' dir='ltr'>οὐν.</span> <span class='ocrx_word' id='word_1_560' title='bbox 919 5693 1071 5756; x_wconf 65' lang='grc' dir='ltr'>δανὶί.</span> <span class='ocrx_word' id='word_1_561' title='bbox 1098 5693 1455 5756; x_wconf 53' lang='grc' dir='ltr'>ἀφίσταταιίάλ</span> <span class='ocrx_word' id='word_1_562' title='bbox 1468 5700 1507 5745; x_wconf 82' lang='grc' dir='ltr'>λ’</span> <span class='ocrx_word' id='word_1_563' title='bbox 1532 5700 1711 5756; x_wconf 82' lang='grc' dir='ltr'>ἐπειδή.</span> <span class='ocrx_word' id='word_1_564' title='bbox 1780 5703 1800 5730; x_wconf 71' lang='grc' dir='ltr'><strong>ε</strong></span> <span class='ocrx_word' id='word_1_565' title='bbox 1822 5693 1971 5748; x_wconf 63' lang='grc' dir='ltr'>δανὶιξ</span> <span class='ocrx_word' id='word_1_566' title='bbox 1998 5701 2114 5756; x_wconf 85' lang='grc' dir='ltr'>ἐπή-</span> 
     </span>
    </p>
   </div>
   <div class='ocr_carea' id='block_1_73' title="bbox 533 5755 2118 5881">
    <p class='ocr_par' dir='ltr' id='par_1_73' title="bbox 533 5755 2118 5881">
     <span class='ocr_line' id='line_1_73' title="bbox 533 5755 2118 5881; baseline 0.008 -24"><span class='ocrx_word' id='word_1_567' title='bbox 533 5755 2118 5881; x_wconf 34' lang='lat' dir='ltr'>1:41-15:2&quot;2“3:63:22;iazzsgsgiﬁmtmﬁ‘acmm;</span> 
     </span>
    </p>
   </div>
   <div class='ocr_carea' id='block_1_74' title="bbox 544 5875 2113 5944">
    <p class='ocr_par' dir='ltr' id='par_1_74' title="bbox 544 5875 2113 5944">
     <span class='ocr_line' id='line_1_74' title="bbox 544 5875 2113 5944; baseline 0.006 -24"><span class='ocrx_word' id='word_1_568' title='bbox 641 5875 947 5944; x_wconf 62' lang='grc' dir='ltr'>ἀκολάστους.</span> <span class='ocrx_word' id='word_1_569' title='bbox 957 5876 1125 5944; x_wconf 39' lang='lat' dir='ltr'>illita</span> <span class='ocrx_word' id='word_1_570' title='bbox 1147 5875 1446 5944; x_wconf 25' lang='grc' dir='ltr'>τῶνμλριπῶν.</span> <span class='ocrx_word' id='word_1_571' title='bbox 1454 5875 1743 5929; x_wconf 78' lang='grc' dir='ltr'>καταστάσει</span> <span class='ocrx_word' id='word_1_572' title='bbox 1766 5881 2113 5944; x_wconf 73' lang='grc' dir='ltr'>λυμαινρωνος.</span> 
     </span>
    </p>
   </div>
   <div class='ocr_carea' id='block_1_75' title="bbox 539 5935 2051 6001">
    <p class='ocr_par' dir='ltr' id='par_1_75' title="bbox 539 5935 2051 6001">
     <span class='ocr_line' id='line_1_75' title="bbox 539 5935 2051 6001; baseline 0.005 -18"><span class='ocrx_word' id='word_1_573' title='bbox 539 5935 561 5971; x_wconf 71' lang='grc' dir='ltr'>’λ</span> <span class='ocrx_word' id='word_1_574' title='bbox 588 5940 667 5984; x_wconf 66' lang='lat' dir='ltr'>5n:</span> <span class='ocrx_word' id='word_1_575' title='bbox 690 5937 820 5985; x_wconf 81' lang='lat' dir='ltr'>bene</span> <span class='ocrx_word' id='word_1_576' title='bbox 857 5937 1006 5987; x_wconf 74' lang='lat' dir='ltr'>Savil.</span> <span class='ocrx_word' id='word_1_577' title='bbox 1034 5935 1204 5988; x_wconf 66' lang='lat' dir='ltr'>Morel.</span> <span class='ocrx_word' id='word_1_578' title='bbox 1239 5939 1354 6001; x_wconf 71' lang='grc' dir='ltr'>ὑπὲρ</span> <span class='ocrx_word' id='word_1_579' title='bbox 1377 5940 1580 5988; x_wconf 76' lang='grc' dir='ltr'>διάνοιαν</span> <span class='ocrx_word' id='word_1_580' title='bbox 1607 5945 1761 5989; x_wconf 73' lang='grc' dir='ltr'>πᾶσαν</span> <span class='ocrx_word' id='word_1_581' title='bbox 1787 5935 2051 5997; x_wconf 51' lang='grc' dir='ltr'>όὲτλοῦτος.</span> 
     </span>
    </p>
   </div>
   <div class='ocr_carea' id='block_1_76' title="bbox 2219 1228 3807 1305">
    <p class='ocr_par' dir='ltr' id='par_1_76' title="bbox 2219 1228 3807 1305">
     <span class='ocr_line' id='line_1_76' title="bbox 2219 1228 3807 1305; baseline -0.003 -18"><span class='ocrx_word' id='word_1_582' title='bbox 2219 1234 2561 1305; x_wconf 82' lang='grc' dir='ltr'>εὐεργεσίας.</span> <span class='ocrx_word' id='word_1_583' title='bbox 2608 1233 2717 1285; x_wconf 69' lang='grc' dir='ltr'>Καὶ</span> <span class='ocrx_word' id='word_1_584' title='bbox 2762 1231 2883 1284; x_wconf 82' lang='grc' dir='ltr'>οὐδὲ</span> <span class='ocrx_word' id='word_1_585' title='bbox 2936 1229 3108 1293; x_wconf 76' lang='grc' dir='ltr'>οὕτως</span> <span class='ocrx_word' id='word_1_586' title='bbox 3166 1228 3328 1281; x_wconf 88' lang='grc' dir='ltr'>αὐτὸν</span> <span class='ocrx_word' id='word_1_587' title='bbox 3366 1230 3414 1281; x_wconf 90' lang='grc' dir='ltr'>οἱ</span> <span class='ocrx_word' id='word_1_588' title='bbox 3460 1228 3582 1282; x_wconf 86' lang='grc' dir='ltr'>ίδιοι</span> <span class='ocrx_word' id='word_1_589' title='bbox 3622 1230 3704 1293; x_wconf 87' lang='grc' dir='ltr'>είς</span> <span class='ocrx_word' id='word_1_590' title='bbox 3732 1230 3807 1284; x_wconf 68' lang='grc' dir='ltr'>τά</span> 
     </span>
    </p>
   </div>
   <div class='ocr_carea' id='block_1_77' title="bbox 2219 1311 3805 1386">
    <p class='ocr_par' dir='ltr' id='par_1_77' title="bbox 2219 1311 3805 1386">
     <span class='ocr_line' id='line_1_77' title="bbox 2219 1311 3805 1386; baseline -0.004 -15"><span class='ocrx_word' id='word_1_591' title='bbox 2219 1316 2384 1371; x_wconf 89' lang='grc' dir='ltr'>αὐτοῦ</span> <span class='ocrx_word' id='word_1_592' title='bbox 2438 1315 2879 1386; x_wconf 85' lang='grc' dir='ltr'>παραγενόμενον</span> <span class='ocrx_word' id='word_1_593' title='bbox 2920 1316 3009 1366; x_wconf 79' lang='grc' dir='ltr'>ἐπ’</span> <span class='ocrx_word' id='word_1_594' title='bbox 3047 1312 3286 1382; x_wconf 82' lang='grc' dir='ltr'>ὠφελείᾳ</span> <span class='ocrx_word' id='word_1_595' title='bbox 3329 1314 3395 1383; x_wconf 76' lang='grc' dir='ltr'>τῇ</span> <span class='ocrx_word' id='word_1_596' title='bbox 3439 1311 3621 1365; x_wconf 89' lang='grc' dir='ltr'>αὐτῶν</span> <span class='ocrx_word' id='word_1_597' title='bbox 3655 1329 3805 1384; x_wconf 87' lang='grc' dir='ltr'>παρ-</span> 
     </span>
    </p>
   </div>
   <div class='ocr_carea' id='block_1_78' title="bbox 2218 1394 3804 1468">
    <p class='ocr_par' dir='ltr' id='par_1_78' title="bbox 2218 1394 3804 1468">
     <span class='ocr_line' id='line_1_78' title="bbox 2218 1394 3804 1468; baseline -0.005 -17"><span class='ocrx_word' id='word_1_598' title='bbox 2218 1399 2431 1464; x_wconf 77' lang='grc' dir='ltr'>ἐλαϐον,</span> <span class='ocrx_word' id='word_1_599' title='bbox 2463 1399 2598 1451; x_wconf 79' lang='grc' dir='ltr'>ἀλλὰ</span> <span class='ocrx_word' id='word_1_600' title='bbox 2629 1398 2719 1449; x_wconf 73' lang='grc' dir='ltr'>καὶ</span> <span class='ocrx_word' id='word_1_601' title='bbox 2752 1394 3133 1468; x_wconf 86' lang='grc' dir='ltr'>διεκρούσαντο</span> <span class='ocrx_word' id='word_1_602' title='bbox 3154 1410 3167 1425; x_wconf 90' lang='grc'>·</span> <span class='ocrx_word' id='word_1_603' title='bbox 3202 1396 3296 1446; x_wconf 78' lang='grc' dir='ltr'>καὶ</span> <span class='ocrx_word' id='word_1_604' title='bbox 3322 1395 3383 1447; x_wconf 91' lang='grc' dir='ltr'>οὐ</span> <span class='ocrx_word' id='word_1_605' title='bbox 3414 1394 3573 1447; x_wconf 89' lang='grc' dir='ltr'>τοῦτο</span> <span class='ocrx_word' id='word_1_606' title='bbox 3603 1394 3765 1464; x_wconf 79' lang='grc' dir='ltr'>μόνον</span> <span class='ocrx_word' id='word_1_607' title='bbox 3787 1433 3804 1455; x_wconf 87' lang='grc'>,</span> 
     </span>
    </p>
   </div>
   <div class='ocr_carea' id='block_1_79' title="bbox 2217 1477 3801 1549">
    <p class='ocr_par' dir='ltr' id='par_1_79' title="bbox 2217 1477 3801 1549">
     <span class='ocr_line' id='line_1_79' title="bbox 2217 1477 3801 1549; baseline -0.003 -14"><span class='ocrx_word' id='word_1_608' title='bbox 2217 1482 2353 1535; x_wconf 79' lang='grc' dir='ltr'>ἀλλά</span> <span class='ocrx_word' id='word_1_609' title='bbox 2379 1482 2474 1534; x_wconf 74' lang='grc' dir='ltr'>καὶ</span> <span class='ocrx_word' id='word_1_610' title='bbox 2506 1480 2610 1545; x_wconf 77' lang='grc' dir='ltr'>ἔξω</span> <span class='ocrx_word' id='word_1_611' title='bbox 2634 1480 2726 1532; x_wconf 88' lang='grc' dir='ltr'>τοῦ</span> <span class='ocrx_word' id='word_1_612' title='bbox 2752 1478 3072 1549; x_wconf 81' lang='grc' dir='ltr'>ἀμπελῶνος</span> <span class='ocrx_word' id='word_1_613' title='bbox 3099 1477 3419 1539; x_wconf 73' lang='grc' dir='ltr'>ἐκϐαλόντες</span> <span class='ocrx_word' id='word_1_614' title='bbox 3446 1477 3801 1532; x_wconf 86' lang='grc' dir='ltr'>ἀπέκτειναν.</span> 
     </span>
    </p>
   </div>
   <div class='ocr_carea' id='block_1_80' title="bbox 2219 1562 3801 1635">
    <p class='ocr_par' dir='ltr' id='par_1_80' title="bbox 2219 1562 3801 1635">
     <span class='ocr_line' id='line_1_80' title="bbox 2219 1562 3801 1635; baseline -0.003 -15"><span class='ocrx_word' id='word_1_615' title='bbox 2219 1567 2320 1620; x_wconf 69' lang='grc' dir='ltr'>Καὶ</span> <span class='ocrx_word' id='word_1_616' title='bbox 2368 1567 2488 1620; x_wconf 81' lang='grc' dir='ltr'>οὐδὲ</span> <span class='ocrx_word' id='word_1_617' title='bbox 2526 1566 2669 1619; x_wconf 77' lang='grc' dir='ltr'>οὐτω</span> <span class='ocrx_word' id='word_1_618' title='bbox 2711 1566 2811 1635; x_wconf 80' lang='grc' dir='ltr'>τῆς</span> <span class='ocrx_word' id='word_1_619' title='bbox 2861 1563 3152 1634; x_wconf 88' lang='grc' dir='ltr'>μετανοίας</span> <span class='ocrx_word' id='word_1_620' title='bbox 3202 1562 3399 1624; x_wconf 83' lang='grc' dir='ltr'>αὐτοὺς</span> <span class='ocrx_word' id='word_1_621' title='bbox 3431 1562 3760 1616; x_wconf 84' lang='grc' dir='ltr'>ἀπέκλεισεν</span> <span class='ocrx_word' id='word_1_622' title='bbox 3786 1605 3801 1625; x_wconf 88' lang='grc'>,</span> 
     </span>
    </p>
   </div>
   <div class='ocr_carea' id='block_1_81' title="bbox 2216 1644 3801 1718">
    <p class='ocr_par' dir='ltr' id='par_1_81' title="bbox 2216 1644 3801 1718">
     <span class='ocr_line' id='line_1_81' title="bbox 2216 1644 3801 1718; baseline -0.004 -15"><span class='ocrx_word' id='word_1_623' title='bbox 2216 1650 2330 1704; x_wconf 83' lang='grc' dir='ltr'>ἀλλ’</span> <span class='ocrx_word' id='word_1_624' title='bbox 2357 1649 2576 1712; x_wconf 72' lang='grc' dir='ltr'>ἔδωκεν,</span> <span class='ocrx_word' id='word_1_625' title='bbox 2606 1649 2653 1699; x_wconf 82' lang='grc' dir='ltr'>εἰ</span> <span class='ocrx_word' id='word_1_626' title='bbox 2679 1646 2990 1718; x_wconf 79' lang='grc' dir='ltr'>βουληθεῖεν</span> <span class='ocrx_word' id='word_1_627' title='bbox 3022 1644 3159 1716; x_wconf 85' lang='grc' dir='ltr'>μετά</span> <span class='ocrx_word' id='word_1_628' title='bbox 3186 1644 3285 1715; x_wconf 88' lang='grc' dir='ltr'>τὴν</span> <span class='ocrx_word' id='word_1_629' title='bbox 3318 1644 3589 1715; x_wconf 88' lang='grc' dir='ltr'>τοσαύτην</span> <span class='ocrx_word' id='word_1_630' title='bbox 3614 1662 3801 1715; x_wconf 67' lang='grc' dir='ltr'>παραο</span> 
     </span>
    </p>
   </div>
   <div class='ocr_carea' id='block_1_82' title="bbox 2216 1727 3805 1802">
    <p class='ocr_par' dir='ltr' id='par_1_82' title="bbox 2216 1727 3805 1802">
     <span class='ocr_line' id='line_1_82' title="bbox 2216 1727 3805 1802; baseline -0.003 -17"><span class='ocrx_word' id='word_1_631' title='bbox 2216 1732 2407 1802; x_wconf 89' lang='grc' dir='ltr'>νομίαν</span> <span class='ocrx_word' id='word_1_632' title='bbox 2446 1732 2623 1785; x_wconf 88' lang='grc' dir='ltr'>πάντα</span> <span class='ocrx_word' id='word_1_633' title='bbox 2661 1728 3066 1784; x_wconf 87' lang='grc' dir='ltr'>ἀπολούσασθαι</span> <span class='ocrx_word' id='word_1_634' title='bbox 3090 1727 3161 1780; x_wconf 83' lang='grc' dir='ltr'>τὰ</span> <span class='ocrx_word' id='word_1_635' title='bbox 3190 1727 3672 1797; x_wconf 82' lang='grc' dir='ltr'>πλημμεληθέντα,</span> <span class='ocrx_word' id='word_1_636' title='bbox 3712 1727 3805 1781; x_wconf 64' lang='grc' dir='ltr'>διὰ</span> 
     </span>
    </p>
   </div>
   <div class='ocr_carea' id='block_1_83' title="bbox 2215 1809 3805 1885">
    <p class='ocr_par' dir='ltr' id='par_1_83' title="bbox 2215 1809 3805 1885">
     <span class='ocr_line' id='line_1_83' title="bbox 2215 1809 3805 1885; baseline -0.004 -17"><span class='ocrx_word' id='word_1_637' title='bbox 2215 1816 2313 1885; x_wconf 80' lang='grc' dir='ltr'>τῆς</span> <span class='ocrx_word' id='word_1_638' title='bbox 2356 1816 2436 1878; x_wconf 88' lang='grc' dir='ltr'>είς</span> <span class='ocrx_word' id='word_1_639' title='bbox 2478 1814 2640 1867; x_wconf 83' lang='grc' dir='ltr'>αὐτὸν</span> <span class='ocrx_word' id='word_1_640' title='bbox 2670 1813 2926 1875; x_wconf 86' lang='grc' dir='ltr'>πίστεως,</span> <span class='ocrx_word' id='word_1_641' title='bbox 2967 1812 3196 1874; x_wconf 74' lang='grc' dir='ltr'>καὶτοῖς</span> <span class='ocrx_word' id='word_1_642' title='bbox 3232 1809 3386 1863; x_wconf 78' lang='grc' dir='ltr'>οὐδὲν</span> <span class='ocrx_word' id='word_1_643' title='bbox 3412 1809 3657 1862; x_wconf 89' lang='grc' dir='ltr'>τοιοῦτον</span> <span class='ocrx_word' id='word_1_644' title='bbox 3687 1811 3805 1880; x_wconf 68' lang='lat' dir='ltr'>alp-</span> 
     </span>
    </p>
   </div>
   <div class='ocr_carea' id='block_1_84' title="bbox 2216 1890 3803 1968">
    <p class='ocr_par' dir='ltr' id='par_1_84' title="bbox 2216 1890 3803 1968">
     <span class='ocr_line' id='line_1_84' title="bbox 2216 1890 3803 1968; baseline -0.004 -18"><span class='ocrx_word' id='word_1_645' title='bbox 2216 1897 2529 1968; x_wconf 86' lang='grc' dir='ltr'>γασμένοις,</span> <span class='ocrx_word' id='word_1_646' title='bbox 2592 1895 2725 1949; x_wconf 89' lang='grc' dir='ltr'>ἀλλά</span> <span class='ocrx_word' id='word_1_647' title='bbox 2769 1894 3005 1965; x_wconf 89' lang='grc' dir='ltr'>μάλιστα</span> <span class='ocrx_word' id='word_1_648' title='bbox 3045 1892 3261 1945; x_wconf 85' lang='grc' dir='ltr'>πάντων</span> <span class='ocrx_word' id='word_1_649' title='bbox 3301 1890 3450 1962; x_wconf 85' lang='grc' dir='ltr'>αὐτῷ</span> <span class='ocrx_word' id='word_1_650' title='bbox 3484 1890 3658 1958; x_wconf 85' lang='grc' dir='ltr'>φίλοις</span> <span class='ocrx_word' id='word_1_651' title='bbox 3710 1891 3803 1958; x_wconf 60' lang='lat' dir='ltr'>6E-</span> 
     </span>
    </p>
   </div>
   <div class='ocr_carea' id='block_1_85' title="bbox 2221 1972 3804 2049">
    <p class='ocr_par' dir='ltr' id='par_1_85' title="bbox 2221 1972 3804 2049">
     <span class='ocr_line' id='line_1_85' title="bbox 2221 1972 3804 2049; baseline -0.004 -18"><span class='ocrx_word' id='word_1_652' title='bbox 2221 1980 2506 2049; x_wconf 83' lang='grc' dir='ltr'>ισωθῆναι.</span> <span class='ocrx_word' id='word_1_653' title='bbox 2532 1980 2641 2033; x_wconf 68' lang='grc' dir='ltr'>Καὶ</span> <span class='ocrx_word' id='word_1_654' title='bbox 2664 1979 2744 2031; x_wconf 81' lang='grc' dir='ltr'>ὅτι</span> <span class='ocrx_word' id='word_1_655' title='bbox 2763 1977 2860 2047; x_wconf 90' lang='grc' dir='ltr'>οὐχ</span> <span class='ocrx_word' id='word_1_656' title='bbox 2885 1975 3070 2039; x_wconf 84' lang='grc' dir='ltr'>ἁπλῶς</span> <span class='ocrx_word' id='word_1_657' title='bbox 3089 1975 3210 2028; x_wconf 79' lang='grc' dir='ltr'>οὐδὲ</span> <span class='ocrx_word' id='word_1_658' title='bbox 3235 1973 3593 2044; x_wconf 65' lang='grc' dir='ltr'>ψυχαγωγίας</span> <span class='ocrx_word' id='word_1_659' title='bbox 3611 1972 3804 2026; x_wconf 72' lang='grc' dir='ltr'>ἕνεκεν</span> 
     </span>
    </p>
   </div>
   <div class='ocr_carea' id='block_1_86' title="bbox 2216 2056 3803 2132">
    <p class='ocr_par' dir='ltr' id='par_1_86' title="bbox 2216 2056 3803 2132">
     <span class='ocr_line' id='line_1_86' title="bbox 2216 2056 3803 2132; baseline -0.003 -17"><span class='ocrx_word' id='word_1_660' title='bbox 2216 2061 2385 2116; x_wconf 84' lang='grc' dir='ltr'>ταῦτα</span> <span class='ocrx_word' id='word_1_661' title='bbox 2418 2062 2747 2132; x_wconf 88' lang='grc' dir='ltr'>φθέγγομαι,</span> <span class='ocrx_word' id='word_1_662' title='bbox 2788 2060 3047 2132; x_wconf 86' lang='grc' dir='ltr'>λαμπράν</span> <span class='ocrx_word' id='word_1_663' title='bbox 3076 2058 3217 2129; x_wconf 80' lang='grc' dir='ltr'>ὑπὲρ</span> <span class='ocrx_word' id='word_1_664' title='bbox 3245 2058 3450 2110; x_wconf 90' lang='grc' dir='ltr'>τούτων</span> <span class='ocrx_word' id='word_1_665' title='bbox 3472 2056 3669 2127; x_wconf 83' lang='grc' dir='ltr'>ἀφίησι</span> <span class='ocrx_word' id='word_1_666' title='bbox 3701 2057 3803 2126; x_wconf 80' lang='grc' dir='ltr'>τὴν</span> 
     </span>
    </p>
   </div>
   <div class='ocr_carea' id='block_1_87' title="bbox 2217 2131 3804 2216">
    <p class='ocr_par' dir='ltr' id='par_1_87' title="bbox 2217 2131 3804 2216">
     <span class='ocr_line' id='line_1_87' title="bbox 2217 2131 3804 2216; baseline -0.004 -18"><span class='ocrx_word' id='word_1_667' title='bbox 2217 2144 2398 2216; x_wconf 74' lang='grc' dir='ltr'>φωνὴν</span> <span class='ocrx_word' id='word_1_668' title='bbox 2423 2144 2490 2198; x_wconf 85' lang='grc' dir='ltr'>τά</span> <span class='ocrx_word' id='word_1_669' title='bbox 2523 2131 2665 2199; x_wconf 77' lang='grc' dir='ltr'>κατά</span> <span class='ocrx_word' id='word_1_670' title='bbox 2693 2144 2784 2197; x_wconf 91' lang='grc' dir='ltr'>τὸν</span> <span class='ocrx_word' id='word_1_671' title='bbox 2822 2141 3090 2214; x_wconf 87' lang='grc' dir='ltr'>μακάριον</span> <span class='ocrx_word' id='word_1_672' title='bbox 3120 2139 3333 2195; x_wconf 80' lang='grc' dir='ltr'>Παῦλον</span> <span class='ocrx_word' id='word_1_673' title='bbox 3367 2139 3604 2194; x_wconf 79' lang='grc' dir='ltr'>ἅπαντα.</span> <span class='ocrx_word' id='word_1_674' title='bbox 3629 2131 3804 2200; x_wconf 77' lang='grc' dir='ltr'>Οὗτος</span> 
     </span>
    </p>
   </div>
   <div class='ocr_carea' id='block_1_88' title="bbox 2216 2220 3804 2298">
    <p class='ocr_par' dir='ltr' id='par_1_88' title="bbox 2216 2220 3804 2298">
     <span class='ocr_line' id='line_1_88' title="bbox 2216 2220 3804 2298; baseline -0.004 -18"><span class='ocrx_word' id='word_1_675' title='bbox 2216 2227 2324 2298; x_wconf 89' lang='grc' dir='ltr'>γάρ</span> <span class='ocrx_word' id='word_1_676' title='bbox 2353 2227 2444 2280; x_wconf 89' lang='grc' dir='ltr'>τὸν</span> <span class='ocrx_word' id='word_1_677' title='bbox 2471 2227 2703 2297; x_wconf 79' lang='grc' dir='ltr'>Χριστὸν</span> <span class='ocrx_word' id='word_1_678' title='bbox 2727 2224 2937 2280; x_wconf 87' lang='grc' dir='ltr'>διώκων</span> <span class='ocrx_word' id='word_1_679' title='bbox 2982 2224 3120 2296; x_wconf 85' lang='grc' dir='ltr'>μετά</span> <span class='ocrx_word' id='word_1_680' title='bbox 3155 2222 3247 2277; x_wconf 88' lang='grc' dir='ltr'>τὸν</span> <span class='ocrx_word' id='word_1_681' title='bbox 3278 2222 3535 2292; x_wconf 82' lang='grc' dir='ltr'>σταυρὸν,</span> <span class='ocrx_word' id='word_1_682' title='bbox 3568 2220 3665 2274; x_wconf 81' lang='grc' dir='ltr'>καὶ</span> <span class='ocrx_word' id='word_1_683' title='bbox 3707 2220 3804 2273; x_wconf 89' lang='grc' dir='ltr'>τὸν</span> 
     </span>
    </p>
   </div>
   <div class='ocr_carea' id='block_1_89' title="bbox 2215 2301 3802 2382">
    <p class='ocr_par' dir='ltr' id='par_1_89' title="bbox 2215 2301 3802 2382">
     <span class='ocr_line' id='line_1_89' title="bbox 2215 2301 3802 2382; baseline -0.005 -19"><span class='ocrx_word' id='word_1_684' title='bbox 2215 2308 2334 2382; x_wconf 79' lang='lat'>[58]</span> <span class='ocrx_word' id='word_1_685' title='bbox 2368 2310 2575 2363; x_wconf 89' lang='grc' dir='ltr'>ἐκείνου</span> <span class='ocrx_word' id='word_1_686' title='bbox 2615 2310 2867 2380; x_wconf 87' lang='grc' dir='ltr'>μάρτυρα</span> <span class='ocrx_word' id='word_1_687' title='bbox 2896 2308 3166 2376; x_wconf 84' lang='grc' dir='ltr'>Στέφανον</span> <span class='ocrx_word' id='word_1_688' title='bbox 3197 2308 3317 2368; x_wconf 84' lang='grc' dir='ltr'>ταῖς</span> <span class='ocrx_word' id='word_1_689' title='bbox 3354 2304 3576 2367; x_wconf 86' lang='grc' dir='ltr'>πολλαῖς</span> <span class='ocrx_word' id='word_1_690' title='bbox 3619 2301 3802 2373; x_wconf 85' lang='grc' dir='ltr'>βαλὼν</span> 
     </span>
    </p>
   </div>
   <div class='ocr_carea' id='block_1_90' title="bbox 2217 2385 3804 2462">
    <p class='ocr_par' dir='ltr' id='par_1_90' title="bbox 2217 2385 3804 2462">
     <span class='ocr_line' id='line_1_90' title="bbox 2217 2385 3804 2462; baseline -0.004 -18"><span class='ocrx_word' id='word_1_691' title='bbox 2217 2393 2402 2462; x_wconf 74' lang='grc' dir='ltr'>χερσὶν</span> <span class='ocrx_word' id='word_1_692' title='bbox 2434 2394 2478 2455; x_wconf 74' lang='grc' dir='ltr'>ἱ,</span> <span class='ocrx_word' id='word_1_693' title='bbox 2507 2391 2693 2461; x_wconf 85' lang='grc' dir='ltr'>ἐπειδὴ</span> <span class='ocrx_word' id='word_1_694' title='bbox 2719 2391 3004 2461; x_wconf 87' lang='grc' dir='ltr'>μετενόησε</span> <span class='ocrx_word' id='word_1_695' title='bbox 3025 2389 3115 2442; x_wconf 76' lang='grc' dir='ltr'>καὶ</span> <span class='ocrx_word' id='word_1_696' title='bbox 3143 2388 3393 2455; x_wconf 88' lang='grc' dir='ltr'>κατέγνω</span> <span class='ocrx_word' id='word_1_697' title='bbox 3407 2388 3516 2438; x_wconf 90' lang='grc' dir='ltr'>τῶν</span> <span class='ocrx_word' id='word_1_698' title='bbox 3536 2385 3804 2457; x_wconf 87' lang='grc' dir='ltr'>πρότερον</span> 
     </span>
    </p>
   </div>
   <div class='ocr_carea' id='block_1_91' title="bbox 2217 2467 3802 2545">
    <p class='ocr_par' dir='ltr' id='par_1_91' title="bbox 2217 2467 3802 2545">
     <span class='ocr_line' id='line_1_91' title="bbox 2217 2467 3802 2545; baseline -0.004 -19"><span class='ocrx_word' id='word_1_699' title='bbox 2217 2473 2642 2545; x_wconf 82' lang='grc' dir='ltr'>ἁμαρτηθέντων</span> <span class='ocrx_word' id='word_1_700' title='bbox 2669 2472 2839 2542; x_wconf 89' lang='grc' dir='ltr'>αὐτῷ,</span> <span class='ocrx_word' id='word_1_701' title='bbox 2864 2473 2957 2526; x_wconf 78' lang='grc' dir='ltr'>καὶ</span> <span class='ocrx_word' id='word_1_702' title='bbox 2989 2470 3067 2543; x_wconf 80' lang='grc' dir='ltr'>τῷ</span> <span class='ocrx_word' id='word_1_703' title='bbox 3094 2470 3373 2539; x_wconf 86' lang='grc' dir='ltr'>διωχθέντι</span> <span class='ocrx_word' id='word_1_704' title='bbox 3399 2467 3802 2540; x_wconf 82' lang='grc' dir='ltr'>προσέδραμεν,</span> 
     </span>
    </p>
   </div>
   <div class='ocr_carea' id='block_1_92' title="bbox 2218 2551 3803 2624">
    <p class='ocr_par' dir='ltr' id='par_1_92' title="bbox 2218 2551 3803 2624">
     <span class='ocr_line' id='line_1_92' title="bbox 2218 2551 3803 2624; baseline -0.002 -16"><span class='ocrx_word' id='word_1_705' title='bbox 2218 2558 2298 2619; x_wconf 89' lang='grc' dir='ltr'>είς</span> <span class='ocrx_word' id='word_1_706' title='bbox 2313 2556 2437 2618; x_wconf 73' lang='grc' dir='ltr'>τοὺς</span> <span class='ocrx_word' id='word_1_707' title='bbox 2457 2556 2639 2624; x_wconf 88' lang='grc' dir='ltr'>φίλους</span> <span class='ocrx_word' id='word_1_708' title='bbox 2658 2556 2819 2608; x_wconf 88' lang='grc' dir='ltr'>αὐτὸν</span> <span class='ocrx_word' id='word_1_709' title='bbox 2845 2555 2858 2605; x_wconf 84' lang='lat' dir='ltr'>i</span> <span class='ocrx_word' id='word_1_710' title='bbox 2888 2555 3090 2616; x_wconf 86' lang='grc' dir='ltr'>εὐθέως</span> <span class='ocrx_word' id='word_1_711' title='bbox 3110 2554 3202 2606; x_wconf 74' lang='grc' dir='ltr'>καὶ</span> <span class='ocrx_word' id='word_1_712' title='bbox 3221 2551 3288 2605; x_wconf 88' lang='grc' dir='ltr'>τά</span> <span class='ocrx_word' id='word_1_713' title='bbox 3312 2553 3553 2622; x_wconf 86' lang='grc' dir='ltr'>πρωτεῖα</span> <span class='ocrx_word' id='word_1_714' title='bbox 3577 2551 3803 2621; x_wconf 74' lang='grc' dir='ltr'>ἔχοντας</span> 
     </span>
    </p>
   </div>
   <div class='ocr_carea' id='block_1_93' title="bbox 2218 2635 3806 2710">
    <p class='ocr_par' dir='ltr' id='par_1_93' title="bbox 2218 2635 3806 2710">
     <span class='ocr_line' id='line_1_93' title="bbox 2218 2635 3806 2710; baseline -0.003 -17"><span class='ocrx_word' id='word_1_715' title='bbox 2218 2638 2492 2703; x_wconf 83' lang='grc' dir='ltr'>κατέλεξε,</span> <span class='ocrx_word' id='word_1_716' title='bbox 2514 2640 2730 2710; x_wconf 84' lang='grc' dir='ltr'>κήρυκα</span> <span class='ocrx_word' id='word_1_717' title='bbox 2752 2640 2846 2692; x_wconf 68' lang='grc' dir='ltr'>καὶ</span> <span class='ocrx_word' id='word_1_718' title='bbox 2862 2637 3179 2692; x_wconf 86' lang='grc' dir='ltr'>διδάσκαλον</span> <span class='ocrx_word' id='word_1_719' title='bbox 3200 2636 3296 2706; x_wconf 81' lang='grc' dir='ltr'>τῆς</span> <span class='ocrx_word' id='word_1_720' title='bbox 3313 2635 3640 2705; x_wconf 77' lang='grc' dir='ltr'>οἰκουμένης</span> <span class='ocrx_word' id='word_1_721' title='bbox 3657 2635 3806 2689; x_wconf 74' lang='grc' dir='ltr'>ἀπάο</span> 
     </span>
    </p>
   </div>
   <div class='ocr_carea' id='block_1_94' title="bbox 2221 2718 3802 2793">
    <p class='ocr_par' dir='ltr' id='par_1_94' title="bbox 2221 2718 3802 2793">
     <span class='ocr_line' id='line_1_94' title="bbox 2221 2718 3802 2793; baseline -0.004 -18"><span class='ocrx_word' id='word_1_722' title='bbox 2221 2740 2318 2793; x_wconf 90' lang='grc' dir='ltr'>σης</span> <span class='ocrx_word' id='word_1_723' title='bbox 2351 2724 2637 2792; x_wconf 81' lang='grc' dir='ltr'>ἀποφήνας</span> <span class='ocrx_word' id='word_1_724' title='bbox 2669 2723 2831 2777; x_wconf 89' lang='grc' dir='ltr'>αὐτὸν</span> <span class='ocrx_word' id='word_1_725' title='bbox 2852 2763 2867 2788; x_wconf 93' lang='grc'>,</span> <span class='ocrx_word' id='word_1_726' title='bbox 2906 2722 2998 2775; x_wconf 88' lang='grc' dir='ltr'>τὸν</span> <span class='ocrx_word' id='word_1_727' title='bbox 3037 2720 3377 2790; x_wconf 82' lang='grc' dir='ltr'>βλάσφημον,</span> <span class='ocrx_word' id='word_1_728' title='bbox 3421 2718 3514 2771; x_wconf 88' lang='grc' dir='ltr'>τὸν</span> <span class='ocrx_word' id='word_1_729' title='bbox 3542 2718 3802 2786; x_wconf 85' lang='grc' dir='ltr'>διώκτην,</span> 
     </span>
    </p>
   </div>
   <div class='ocr_carea' id='block_1_95' title="bbox 2218 2802 3804 2877">
    <p class='ocr_par' dir='ltr' id='par_1_95' title="bbox 2218 2802 3804 2877">
     <span class='ocr_line' id='line_1_95' title="bbox 2218 2802 3804 2877; baseline -0.001 -20"><span class='ocrx_word' id='word_1_730' title='bbox 2218 2807 2308 2858; x_wconf 86' lang='grc' dir='ltr'>τὸν</span> <span class='ocrx_word' id='word_1_731' title='bbox 2336 2806 2615 2877; x_wconf 79' lang='grc' dir='ltr'>ὑϐριστήν·</span> <span class='ocrx_word' id='word_1_732' title='bbox 2663 2805 2844 2868; x_wconf 80' lang='grc' dir='ltr'>καθὼς</span> <span class='ocrx_word' id='word_1_733' title='bbox 2870 2805 2965 2859; x_wconf 77' lang='grc' dir='ltr'>καὶ</span> <span class='ocrx_word' id='word_1_734' title='bbox 2994 2804 3184 2867; x_wconf 88' lang='grc' dir='ltr'>αὐτὸς,</span> <span class='ocrx_word' id='word_1_735' title='bbox 3218 2802 3585 2873; x_wconf 78' lang='grc' dir='ltr'>ἀγαλλόμενος</span> <span class='ocrx_word' id='word_1_736' title='bbox 3614 2804 3708 2857; x_wconf 78' lang='grc' dir='ltr'>ἐπὶ</span> <span class='ocrx_word' id='word_1_737' title='bbox 3730 2806 3804 2875; x_wconf 68' lang='grc' dir='ltr'>τῇ</span> 
     </span>
    </p>
   </div>
   <div class='ocr_carea' id='block_1_96' title="bbox 2218 2886 3805 2959">
    <p class='ocr_par' dir='ltr' id='par_1_96' title="bbox 2218 2886 3805 2959">
     <span class='ocr_line' id='line_1_96' title="bbox 2218 2886 3805 2959; baseline -0.001 -18"><span class='ocrx_word' id='word_1_738' title='bbox 2218 2891 2311 2943; x_wconf 88' lang='grc' dir='ltr'>τοῦ</span> <span class='ocrx_word' id='word_1_739' title='bbox 2343 2889 2477 2943; x_wconf 90' lang='grc' dir='ltr'>Θεοῦ</span> <span class='ocrx_word' id='word_1_740' title='bbox 2524 2888 2902 2959; x_wconf 72' lang='grc' dir='ltr'>φιλανθρωπίᾳ</span> <span class='ocrx_word' id='word_1_741' title='bbox 2923 2930 2938 2954; x_wconf 89' lang='grc'>,</span> <span class='ocrx_word' id='word_1_742' title='bbox 2970 2886 3141 2941; x_wconf 88' lang='grc' dir='ltr'>ταῦτα</span> <span class='ocrx_word' id='word_1_743' title='bbox 3171 2888 3534 2955; x_wconf 75' lang='grc' dir='ltr'>ἀνεκήρυττε,</span> <span class='ocrx_word' id='word_1_744' title='bbox 3582 2886 3678 2941; x_wconf 79' lang='grc' dir='ltr'>καὶ</span> <span class='ocrx_word' id='word_1_745' title='bbox 3700 2886 3805 2939; x_wconf 87' lang='grc' dir='ltr'>οὐκ</span> 
     </span>
    </p>
   </div>
   <div class='ocr_carea' id='block_1_97' title="bbox 2219 2969 3801 3042">
    <p class='ocr_par' dir='ltr' id='par_1_97' title="bbox 2219 2969 3801 3042">
     <span class='ocr_line' id='line_1_97' title="bbox 2219 2969 3801 3042; baseline -0.001 -19"><span class='ocrx_word' id='word_1_746' title='bbox 2219 2971 2499 3042; x_wconf 75' lang='grc' dir='ltr'>ᾐσχύνετο,</span> <span class='ocrx_word' id='word_1_747' title='bbox 2539 2972 2674 3025; x_wconf 70' lang='grc' dir='ltr'>ἀλλὰ</span> <span class='ocrx_word' id='word_1_748' title='bbox 2717 2971 2813 3025; x_wconf 75' lang='grc' dir='ltr'>καὶ</span> <span class='ocrx_word' id='word_1_749' title='bbox 2858 2970 3048 3042; x_wconf 83' lang='grc' dir='ltr'>ὥσπερ</span> <span class='ocrx_word' id='word_1_750' title='bbox 3076 2971 3133 3022; x_wconf 82' lang='grc' dir='ltr'>ἐν</span> <span class='ocrx_word' id='word_1_751' title='bbox 3161 2969 3330 3040; x_wconf 77' lang='grc' dir='ltr'>στήλῃ</span> <span class='ocrx_word' id='word_1_752' title='bbox 3360 2972 3473 3033; x_wconf 82' lang='grc' dir='ltr'>τοῖς</span> <span class='ocrx_word' id='word_1_753' title='bbox 3505 2970 3801 3040; x_wconf 89' lang='grc' dir='ltr'>γράμμασι</span> 
     </span>
    </p>
   </div>
   <div class='ocr_carea' id='block_1_98' title="bbox 2218 3051 3801 3125">
    <p class='ocr_par' dir='ltr' id='par_1_98' title="bbox 2218 3051 3801 3125">
     <span class='ocr_line' id='line_1_98' title="bbox 2218 3051 3801 3125; baseline -0.003 -20"><span class='ocrx_word' id='word_1_754' title='bbox 2218 3055 2285 3106; x_wconf 73' lang='grc' dir='ltr'>τὰ</span> <span class='ocrx_word' id='word_1_755' title='bbox 2309 3055 2574 3125; x_wconf 89' lang='grc' dir='ltr'>πρότερον</span> <span class='ocrx_word' id='word_1_756' title='bbox 2607 3052 2756 3123; x_wconf 85' lang='grc' dir='ltr'>αὐτῷ</span> <span class='ocrx_word' id='word_1_757' title='bbox 2783 3052 3123 3124; x_wconf 87' lang='grc' dir='ltr'>τολμηθέντα</span> <span class='ocrx_word' id='word_1_758' title='bbox 3156 3051 3545 3122; x_wconf 86' lang='grc' dir='ltr'>καταθέμενος,</span> <span class='ocrx_word' id='word_1_759' title='bbox 3593 3052 3801 3108; x_wconf 71' lang='grc' dir='ltr'>ἅπασιν</span> 
     </span>
    </p>
   </div>
   <div class='ocr_carea' id='block_1_99' title="bbox 2220 3132 3801 3207">
    <p class='ocr_par' dir='ltr' id='par_1_99' title="bbox 2220 3132 3801 3207">
     <span class='ocr_line' id='line_1_99' title="bbox 2220 3132 3801 3207; baseline 0 -19"><span class='ocrx_word' id='word_1_760' title='bbox 2220 3136 2516 3198; x_wconf 85' lang='grc' dir='ltr'>ἐπεδείκνυ.</span> <span class='ocrx_word' id='word_1_761' title='bbox 2550 3135 2755 3207; x_wconf 86' lang='grc' dir='ltr'>βέλτιον</span> <span class='ocrx_word' id='word_1_762' title='bbox 2791 3132 2928 3188; x_wconf 76' lang='grc' dir='ltr'>εἶναι</span> <span class='ocrx_word' id='word_1_763' title='bbox 2956 3134 3194 3205; x_wconf 71' lang='grc' dir='ltr'>νομίζων</span> <span class='ocrx_word' id='word_1_764' title='bbox 3226 3133 3318 3186; x_wconf 88' lang='grc' dir='ltr'>τὸν</span> <span class='ocrx_word' id='word_1_765' title='bbox 3341 3136 3602 3205; x_wconf 88' lang='grc' dir='ltr'>πρότερον</span> <span class='ocrx_word' id='word_1_766' title='bbox 3632 3135 3801 3188; x_wconf 84' lang='grc' dir='ltr'>αὐτοῦ</span> 
     </span>
    </p>
   </div>
   <div class='ocr_carea' id='block_1_100' title="bbox 2221 3215 3805 3289">
    <p class='ocr_par' dir='ltr' id='par_1_100' title="bbox 2221 3215 3805 3289">
     <span class='ocr_line' id='line_1_100' title="bbox 2221 3215 3805 3289; baseline 0 -19"><span class='ocrx_word' id='word_1_767' title='bbox 2221 3219 2372 3289; x_wconf 85' lang='grc' dir='ltr'>παρά</span> <span class='ocrx_word' id='word_1_768' title='bbox 2404 3219 2621 3272; x_wconf 86' lang='grc' dir='ltr'>πάντων</span> <span class='ocrx_word' id='word_1_769' title='bbox 2650 3215 3057 3289; x_wconf 89' lang='grc' dir='ltr'>στηλιτεύεσθαι</span> <span class='ocrx_word' id='word_1_770' title='bbox 3084 3217 3110 3255; x_wconf 67' lang='lat' dir='ltr'><strong>k</strong></span> <span class='ocrx_word' id='word_1_771' title='bbox 3137 3216 3253 3286; x_wconf 90' lang='grc' dir='ltr'>βίον</span> <span class='ocrx_word' id='word_1_772' title='bbox 3282 3218 3373 3268; x_wconf 78' lang='grc' dir='ltr'>ἐπὶ</span> <span class='ocrx_word' id='word_1_773' title='bbox 3394 3217 3452 3269; x_wconf 88' lang='grc' dir='ltr'>τὸ</span> <span class='ocrx_word' id='word_1_774' title='bbox 3482 3217 3716 3285; x_wconf 83' lang='grc' dir='ltr'>φανῆναι</span> <span class='ocrx_word' id='word_1_775' title='bbox 3739 3219 3805 3270; x_wconf 86' lang='grc' dir='ltr'>τὸ</span> 
     </span>
    </p>
   </div>
   <div class='ocr_carea' id='block_1_101' title="bbox 2223 3298 3804 3373">
    <p class='ocr_par' dir='ltr' id='par_1_101' title="bbox 2223 3298 3804 3373">
     <span class='ocr_line' id='line_1_101' title="bbox 2223 3298 3804 3373; baseline -0.001 -18"><span class='ocrx_word' id='word_1_776' title='bbox 2223 3302 2450 3371; x_wconf 88' lang='grc' dir='ltr'>μέγεθος</span> <span class='ocrx_word' id='word_1_777' title='bbox 2471 3303 2566 3373; x_wconf 83' lang='grc' dir='ltr'>τῆς</span> <span class='ocrx_word' id='word_1_778' title='bbox 2596 3302 2689 3355; x_wconf 87' lang='grc' dir='ltr'>τοῦ</span> <span class='ocrx_word' id='word_1_779' title='bbox 2718 3301 2852 3354; x_wconf 84' lang='grc' dir='ltr'>Θεοῦ</span> <span class='ocrx_word' id='word_1_780' title='bbox 2871 3301 3101 3371; x_wconf 79' lang='grc' dir='ltr'>δωρεᾶς,</span> <span class='ocrx_word' id='word_1_781' title='bbox 3132 3300 3165 3369; x_wconf 86' lang='grc' dir='ltr'>ἢ</span> <span class='ocrx_word' id='word_1_782' title='bbox 3196 3299 3485 3352; x_wconf 89' lang='grc' dir='ltr'>συσκιάσαι</span> <span class='ocrx_word' id='word_1_783' title='bbox 3529 3298 3630 3370; x_wconf 91' lang='grc' dir='ltr'>τὴν</span> <span class='ocrx_word' id='word_1_784' title='bbox 3658 3300 3804 3367; x_wconf 74' lang='grc' dir='ltr'>ἀφα-</span> 
     </span>
    </p>
   </div>
   <div class='ocr_carea' id='block_1_102' title="bbox 2219 3380 3805 3453">
    <p class='ocr_par' dir='ltr' id='par_1_102' title="bbox 2219 3380 3805 3453">
     <span class='ocr_line' id='line_1_102' title="bbox 2219 3380 3805 3453; baseline 0 -16"><span class='ocrx_word' id='word_1_785' title='bbox 2219 3402 2309 3437; x_wconf 89' lang='grc' dir='ltr'>τον</span> <span class='ocrx_word' id='word_1_786' title='bbox 2337 3384 2500 3437; x_wconf 88' lang='grc' dir='ltr'>αὐτοῦ</span> <span class='ocrx_word' id='word_1_787' title='bbox 2538 3386 2630 3438; x_wconf 86' lang='grc' dir='ltr'>καί</span> <span class='ocrx_word' id='word_1_788' title='bbox 2655 3385 3043 3453; x_wconf 85' lang='grc' dir='ltr'>ἀνεκδιήγητον</span> <span class='ocrx_word' id='word_1_789' title='bbox 3069 3381 3502 3452; x_wconf 86' lang='grc' dir='ltr'>φιλανθρωπίαν,</span> <span class='ocrx_word' id='word_1_790' title='bbox 3534 3380 3805 3437; x_wconf 84' lang='grc' dir='ltr'>ὀκνοῦντα</span> 
     </span>
    </p>
   </div>
   <div class='ocr_carea' id='block_1_103' title="bbox 2219 3463 3805 3539">
    <p class='ocr_par' dir='ltr' id='par_1_103' title="bbox 2219 3463 3805 3539">
     <span class='ocr_line' id='line_1_103' title="bbox 2219 3463 3805 3539; baseline -0.002 -19"><span class='ocrx_word' id='word_1_791' title='bbox 2219 3468 2317 3539; x_wconf 78' lang='grc' dir='ltr'>τὴν</span> <span class='ocrx_word' id='word_1_792' title='bbox 2344 3467 2550 3519; x_wconf 88' lang='grc' dir='ltr'>οίκείαν</span> <span class='ocrx_word' id='word_1_793' title='bbox 2580 3467 2781 3519; x_wconf 79' lang='grc' dir='ltr'>ἅπασιν</span> <span class='ocrx_word' id='word_1_794' title='bbox 2809 3464 3195 3536; x_wconf 88' lang='grc' dir='ltr'>ἐκπομπεῦσαι</span> <span class='ocrx_word' id='word_1_795' title='bbox 3235 3464 3463 3535; x_wconf 81' lang='grc' dir='ltr'>πλάνην.</span> <span class='ocrx_word' id='word_1_796' title='bbox 3502 3464 3601 3517; x_wconf 79' lang='grc' dir='ltr'>Διά</span> <span class='ocrx_word' id='word_1_797' title='bbox 3639 3463 3805 3518; x_wconf 88' lang='grc' dir='ltr'>τοῦτο</span> 
     </span>
    </p>
   </div>
   <div class='ocr_carea' id='block_1_104' title="bbox 2220 3550 3801 3622">
    <p class='ocr_par' dir='ltr' id='par_1_104' title="bbox 2220 3550 3801 3622">
     <span class='ocr_line' id='line_1_104' title="bbox 2220 3550 3801 3622; baseline -0.001 -15"><span class='ocrx_word' id='word_1_798' title='bbox 2220 3554 2331 3607; x_wconf 87' lang='grc' dir='ltr'>ἀνω</span> <span class='ocrx_word' id='word_1_799' title='bbox 2370 3552 2462 3606; x_wconf 77' lang='grc' dir='ltr'>καὶ</span> <span class='ocrx_word' id='word_1_800' title='bbox 2492 3552 2642 3606; x_wconf 86' lang='grc' dir='ltr'>κάτω</span> <span class='ocrx_word' id='word_1_801' title='bbox 2687 3552 2907 3622; x_wconf 88' lang='grc' dir='ltr'>στρέφει</span> <span class='ocrx_word' id='word_1_802' title='bbox 2940 3552 3038 3615; x_wconf 83' lang='grc' dir='ltr'>τὰς</span> <span class='ocrx_word' id='word_1_803' title='bbox 3073 3550 3280 3618; x_wconf 78' lang='grc' dir='ltr'>διώξεις</span> <span class='ocrx_word' id='word_1_804' title='bbox 3303 3592 3318 3615; x_wconf 91' lang='grc'>,</span> <span class='ocrx_word' id='word_1_805' title='bbox 3349 3551 3449 3614; x_wconf 88' lang='grc' dir='ltr'>τάς</span> <span class='ocrx_word' id='word_1_806' title='bbox 3481 3550 3801 3616; x_wconf 78' lang='grc' dir='ltr'>ἐπιϐουλάς,</span> 
     </span>
    </p>
   </div>
   <div class='ocr_carea' id='block_1_105' title="bbox 2218 3634 3802 3705">
    <p class='ocr_par' dir='ltr' id='par_1_105' title="bbox 2218 3634 3802 3705">
     <span class='ocr_line' id='line_1_105' title="bbox 2218 3634 3802 3705; baseline 0 -16"><span class='ocrx_word' id='word_1_807' title='bbox 2218 3636 2344 3699; x_wconf 72' lang='grc' dir='ltr'>τοὺς</span> <span class='ocrx_word' id='word_1_808' title='bbox 2377 3636 2648 3705; x_wconf 85' lang='grc' dir='ltr'>πολέμους</span> <span class='ocrx_word' id='word_1_809' title='bbox 2681 3636 2807 3698; x_wconf 81' lang='grc' dir='ltr'>τούς</span> <span class='ocrx_word' id='word_1_810' title='bbox 2839 3634 2980 3688; x_wconf 81' lang='grc' dir='ltr'>κατὰ</span> <span class='ocrx_word' id='word_1_811' title='bbox 3016 3635 3117 3705; x_wconf 84' lang='grc' dir='ltr'>τῆς</span> <span class='ocrx_word' id='word_1_812' title='bbox 3158 3634 3514 3704; x_wconf 89' lang='grc' dir='ltr'>Ἐκκλησίας·</span> <span class='ocrx_word' id='word_1_813' title='bbox 3561 3635 3657 3689; x_wconf 90' lang='grc' dir='ltr'>νῦν</span> <span class='ocrx_word' id='word_1_814' title='bbox 3697 3637 3802 3705; x_wconf 78' lang='grc' dir='ltr'>μὲν</span> 
     </span>
    </p>
   </div>
   <div class='ocr_carea' id='block_1_106' title="bbox 2220 3718 3800 3788">
    <p class='ocr_par' dir='ltr' id='par_1_106' title="bbox 2220 3718 3800 3788">
     <span class='ocr_line' id='line_1_106' title="bbox 2220 3718 3800 3788; baseline 0.001 -16"><span class='ocrx_word' id='word_1_815' title='bbox 2220 3720 2417 3788; x_wconf 85' lang='grc' dir='ltr'>λέγων,</span> <span class='ocrx_word' id='word_1_816' title='bbox 2462 3721 2585 3772; x_wconf 80' lang='grc' dir='ltr'>Οὐκ</span> <span class='ocrx_word' id='word_1_817' title='bbox 2636 3718 2753 3787; x_wconf 74' lang='grc' dir='ltr'>εἰμὶ</span> <span class='ocrx_word' id='word_1_818' title='bbox 2802 3719 3009 3785; x_wconf 81' lang='grc' dir='ltr'>ἱκανὸς</span> <span class='ocrx_word' id='word_1_819' title='bbox 3052 3718 3366 3773; x_wconf 81' lang='grc' dir='ltr'>καλεῖσθαι</span> <span class='ocrx_word' id='word_1_820' title='bbox 3416 3720 3764 3786; x_wconf 70' lang='grc' dir='ltr'>ἀπόστολος</span> <span class='ocrx_word' id='word_1_821' title='bbox 3786 3762 3800 3782; x_wconf 88' lang='grc'>,</span> 
     </span>
    </p>
   </div>
   <div class='ocr_carea' id='block_1_107' title="bbox 2219 3804 3801 3873">
    <p class='ocr_par' dir='ltr' id='par_1_107' title="bbox 2219 3804 3801 3873">
     <span class='ocr_line' id='line_1_107' title="bbox 2219 3804 3801 3873; baseline 0 -14"><span class='ocrx_word' id='word_1_822' title='bbox 2219 3806 2367 3860; x_wconf 82' lang='grc' dir='ltr'>διότι</span> <span class='ocrx_word' id='word_1_823' title='bbox 2394 3804 2612 3870; x_wconf 78' lang='grc' dir='ltr'>ἐδίωξα</span> <span class='ocrx_word' id='word_1_824' title='bbox 2654 3804 2770 3873; x_wconf 79' lang='grc' dir='ltr'>τὴν</span> <span class='ocrx_word' id='word_1_825' title='bbox 2826 3806 3193 3873; x_wconf 75' lang='grc' dir='ltr'>Ἐκκλησίαν</span> <span class='ocrx_word' id='word_1_826' title='bbox 3236 3805 3340 3859; x_wconf 84' lang='grc' dir='ltr'>τοῦ</span> <span class='ocrx_word' id='word_1_827' title='bbox 3369 3805 3535 3859; x_wconf 84' lang='grc' dir='ltr'>Θεοῦ·</span> <span class='ocrx_word' id='word_1_828' title='bbox 3573 3805 3668 3858; x_wconf 88' lang='grc' dir='ltr'>νῦν</span> <span class='ocrx_word' id='word_1_829' title='bbox 3707 3806 3801 3867; x_wconf 82' lang='grc' dir='ltr'>δὲ,</span> 
     </span>
    </p>
   </div>
   <div class='ocr_carea' id='block_1_108' title="bbox 2221 3884 3806 3960">
    <p class='ocr_par' dir='ltr' id='par_1_108' title="bbox 2221 3884 3806 3960">
     <span class='ocr_line' id='line_1_108' title="bbox 2221 3884 3806 3960; baseline 0 -17"><span class='ocrx_word' id='word_1_830' title='bbox 2221 3890 2349 3943; x_wconf 74' lang='grc' dir='ltr'>Ὀτι</span> <span class='ocrx_word' id='word_1_831' title='bbox 2377 3886 2562 3960; x_wconf 82' lang='grc' dir='ltr'>ἦλθεν</span> <span class='ocrx_word' id='word_1_832' title='bbox 2603 3888 2840 3957; x_wconf 80' lang='grc' dir='ltr'>Ἰησοῦς</span> <span class='ocrx_word' id='word_1_833' title='bbox 2869 3888 3256 3958; x_wconf 82' lang='grc' dir='ltr'>ἁμαρτωλοὺς</span> <span class='ocrx_word' id='word_1_834' title='bbox 3280 3888 3498 3950; x_wconf 86' lang='grc' dir='ltr'>σῶσαι,</span> <span class='ocrx_word' id='word_1_835' title='bbox 3529 3884 3618 3944; x_wconf 85' lang='grc' dir='ltr'>ὧν</span> <span class='ocrx_word' id='word_1_836' title='bbox 3640 3889 3806 3958; x_wconf 78' lang='grc' dir='ltr'>πρῶ·</span> 
     </span>
    </p>
   </div>
   <div class='ocr_carea' id='block_1_109' title="bbox 2222 3976 3806 4047">
    <p class='ocr_par' dir='ltr' id='par_1_109' title="bbox 2222 3976 3806 4047">
     <span class='ocr_line' id='line_1_109' title="bbox 2222 3976 3806 4047; baseline -0.001 -16"><span class='ocrx_word' id='word_1_837' title='bbox 2222 3979 2320 4044; x_wconf 83' lang='grc' dir='ltr'>τός</span> <span class='ocrx_word' id='word_1_838' title='bbox 2363 3980 2477 4046; x_wconf 78' lang='grc' dir='ltr'>ειμι</span> <span class='ocrx_word' id='word_1_839' title='bbox 2514 3976 2660 4047; x_wconf 77' lang='grc' dir='ltr'>ἐγώ·</span> <span class='ocrx_word' id='word_1_840' title='bbox 2708 3978 2803 4031; x_wconf 75' lang='grc' dir='ltr'>καὶ</span> <span class='ocrx_word' id='word_1_841' title='bbox 2844 3977 3006 4031; x_wconf 90' lang='grc' dir='ltr'>πάλιν</span> <span class='ocrx_word' id='word_1_842' title='bbox 3030 4019 3044 4041; x_wconf 91' lang='grc'>,</span> <span class='ocrx_word' id='word_1_843' title='bbox 3111 3978 3438 4032; x_wconf 80' lang='grc' dir='ltr'>Ἠκούσατε</span> <span class='ocrx_word' id='word_1_844' title='bbox 3480 3979 3597 4043; x_wconf 77' lang='grc' dir='ltr'>τὴν</span> <span class='ocrx_word' id='word_1_845' title='bbox 3642 3978 3806 4047; x_wconf 81' lang='grc' dir='ltr'>ἐμὴν</span> 
     </span>
    </p>
   </div>
   <div class='ocr_carea' id='block_1_110' title="bbox 2217 4062 3804 4133">
    <p class='ocr_par' dir='ltr' id='par_1_110' title="bbox 2217 4062 3804 4133">
     <span class='ocr_line' id='line_1_110' title="bbox 2217 4062 3804 4133; baseline 0 -15"><span class='ocrx_word' id='word_1_846' title='bbox 2217 4062 2607 4133; x_wconf 62' lang='grc' dir='ltr'>ἀναστροφήν</span> <span class='ocrx_word' id='word_1_847' title='bbox 2654 4080 2799 4117; x_wconf 81' lang='grc' dir='ltr'>ποτε</span> <span class='ocrx_word' id='word_1_848' title='bbox 2830 4063 2899 4116; x_wconf 82' lang='grc' dir='ltr'>ἐν</span> <span class='ocrx_word' id='word_1_849' title='bbox 2943 4062 3024 4128; x_wconf 79' lang='grc' dir='ltr'>τῷ</span> <span class='ocrx_word' id='word_1_850' title='bbox 3068 4062 3457 4131; x_wconf 78' lang='grc' dir='ltr'>Ἰουδαϊσμῷ,</span> <span class='ocrx_word' id='word_1_851' title='bbox 3518 4065 3607 4117; x_wconf 86' lang='grc' dir='ltr'>ὅτι</span> <span class='ocrx_word' id='word_1_852' title='bbox 3667 4068 3804 4118; x_wconf 81' lang='grc' dir='ltr'>καθ’</span> 
     </span>
    </p>
   </div>
   <div class='ocr_carea' id='block_1_111' title="bbox 2217 4146 3799 4215">
    <p class='ocr_par' dir='ltr' id='par_1_111' title="bbox 2217 4146 3799 4215">
     <span class='ocr_line' id='line_1_111' title="bbox 2217 4146 3799 4215; baseline 0.001 -14"><span class='ocrx_word' id='word_1_853' title='bbox 2217 4146 2562 4215; x_wconf 77' lang='grc' dir='ltr'>ὑπερϐολὴν</span> <span class='ocrx_word' id='word_1_854' title='bbox 2607 4146 2851 4201; x_wconf 74' lang='grc' dir='ltr'>ἐδίωκον</span> <span class='ocrx_word' id='word_1_855' title='bbox 2893 4147 3007 4215; x_wconf 76' lang='grc' dir='ltr'>τὴν</span> <span class='ocrx_word' id='word_1_856' title='bbox 3060 4147 3429 4215; x_wconf 73' lang='grc' dir='ltr'>Ἐκκλησίαν</span> <span class='ocrx_word' id='word_1_857' title='bbox 3465 4147 3571 4201; x_wconf 82' lang='grc' dir='ltr'>τοῦ</span> <span class='ocrx_word' id='word_1_858' title='bbox 3609 4148 3799 4213; x_wconf 81' lang='grc' dir='ltr'>Θεοῦ,</span> 
     </span>
    </p>
   </div>
   <div class='ocr_carea' id='block_1_112' title="bbox 2219 4230 2882 4299">
    <p class='ocr_par' dir='ltr' id='par_1_112' title="bbox 2219 4230 2882 4299">
     <span class='ocr_line' id='line_1_112' title="bbox 2219 4230 2882 4299; baseline -0.002 -15"><span class='ocrx_word' id='word_1_859' title='bbox 2219 4231 2317 4285; x_wconf 79' lang='grc' dir='ltr'>καὶ</span> <span class='ocrx_word' id='word_1_860' title='bbox 2345 4231 2641 4298; x_wconf 82' lang='grc' dir='ltr'>ἐπόρθουν</span> <span class='ocrx_word' id='word_1_861' title='bbox 2669 4230 2882 4299; x_wconf 83' lang='grc' dir='ltr'>αὐτήν.</span> 
     </span>
    </p>
   </div>
   <div class='ocr_carea' id='block_1_113' title="bbox 2290 4311 3806 4385">
    <p class='ocr_par' dir='ltr' id='par_1_113' title="bbox 2290 4311 3806 4385">
     <span class='ocr_line' id='line_1_113' title="bbox 2290 4311 3806 4385; baseline -0.001 -19"><span class='ocrx_word' id='word_1_862' title='bbox 2290 4313 2355 4384; x_wconf 86' lang='grc' dir='ltr'>β’.</span> <span class='ocrx_word' id='word_1_863' title='bbox 2381 4314 2643 4384; x_wconf 84' lang='grc' dir='ltr'>Καθάπερ</span> <span class='ocrx_word' id='word_1_864' title='bbox 2672 4314 2778 4384; x_wconf 91' lang='grc' dir='ltr'>γάρ</span> <span class='ocrx_word' id='word_1_865' title='bbox 2798 4332 2919 4368; x_wconf 84' lang='grc' dir='ltr'>τινα</span> <span class='ocrx_word' id='word_1_866' title='bbox 2937 4313 3137 4384; x_wconf 89' lang='grc' dir='ltr'>ταύτην</span> <span class='ocrx_word' id='word_1_867' title='bbox 3158 4311 3388 4383; x_wconf 76' lang='grc' dir='ltr'>ἀμοιϐὴν</span> <span class='ocrx_word' id='word_1_868' title='bbox 3408 4313 3693 4376; x_wconf 79' lang='grc' dir='ltr'>ἀποδιδοὺς</span> <span class='ocrx_word' id='word_1_869' title='bbox 3721 4316 3806 4385; x_wconf 80' lang='grc' dir='ltr'>τῷ</span> 
     </span>
    </p>
   </div>
   <div class='ocr_carea' id='block_1_114' title="bbox 2217 4395 3807 4470">
    <p class='ocr_par' dir='ltr' id='par_1_114' title="bbox 2217 4395 3807 4470">
     <span class='ocr_line' id='line_1_114' title="bbox 2217 4395 3807 4470; baseline 0.001 -20"><span class='ocrx_word' id='word_1_870' title='bbox 2217 4398 2434 4470; x_wconf 81' lang='grc' dir='ltr'>Χριστῷ</span> <span class='ocrx_word' id='word_1_871' title='bbox 2460 4398 2559 4468; x_wconf 84' lang='grc' dir='ltr'>τῆς</span> <span class='ocrx_word' id='word_1_872' title='bbox 2583 4401 2662 4461; x_wconf 84' lang='grc' dir='ltr'>εἰς</span> <span class='ocrx_word' id='word_1_873' title='bbox 2683 4398 2843 4450; x_wconf 92' lang='grc' dir='ltr'>αὐτὸν</span> <span class='ocrx_word' id='word_1_874' title='bbox 2874 4396 3350 4469; x_wconf 88' lang='grc' dir='ltr'>μακροθυμίας,τὸ</span> <span class='ocrx_word' id='word_1_875' title='bbox 3375 4395 3543 4463; x_wconf 83' lang='grc' dir='ltr'>δεῖξαι</span> <span class='ocrx_word' id='word_1_876' title='bbox 3572 4398 3695 4450; x_wconf 88' lang='grc' dir='ltr'>τίνα</span> <span class='ocrx_word' id='word_1_877' title='bbox 3719 4398 3807 4451; x_wconf 79' lang='lat' dir='ltr'>6v-</span> 
     </span>
    </p>
   </div>
   <div class='ocr_carea' id='block_1_115' title="bbox 2215 4478 3804 4551">
    <p class='ocr_par' dir='ltr' id='par_1_115' title="bbox 2215 4478 3804 4551">
     <span class='ocr_line' id='line_1_115' title="bbox 2215 4478 3804 4551; baseline 0.002 -20"><span class='ocrx_word' id='word_1_878' title='bbox 2215 4497 2304 4541; x_wconf 88' lang='grc' dir='ltr'>τα,</span> <span class='ocrx_word' id='word_1_879' title='bbox 2340 4484 2435 4533; x_wconf 78' lang='grc' dir='ltr'>καὶ</span> <span class='ocrx_word' id='word_1_880' title='bbox 2463 4481 2578 4544; x_wconf 89' lang='grc' dir='ltr'>πῶς</span> <span class='ocrx_word' id='word_1_881' title='bbox 2612 4480 2802 4551; x_wconf 88' lang='grc' dir='ltr'>ἐχθρὸν</span> <span class='ocrx_word' id='word_1_882' title='bbox 2831 4482 2925 4533; x_wconf 70' lang='grc' dir='ltr'>καὶ</span> <span class='ocrx_word' id='word_1_883' title='bbox 2957 4480 3209 4549; x_wconf 86' lang='grc' dir='ltr'>πολέμιον</span> <span class='ocrx_word' id='word_1_884' title='bbox 3238 4480 3437 4532; x_wconf 73' lang='grc' dir='ltr'>ἔσωσεν</span> <span class='ocrx_word' id='word_1_885' title='bbox 3456 4497 3469 4509; x_wconf 87' lang='grc'>·</span> <span class='ocrx_word' id='word_1_886' title='bbox 3490 4478 3634 4532; x_wconf 72' lang='grc' dir='ltr'>οὕτω</span> <span class='ocrx_word' id='word_1_887' title='bbox 3661 4482 3804 4550; x_wconf 85' lang='grc' dir='ltr'>μετά</span> 
     </span>
    </p>
   </div>
   <div class='ocr_carea' id='block_1_116' title="bbox 2218 4562 3806 4637">
    <p class='ocr_par' dir='ltr' id='par_1_116' title="bbox 2218 4562 3806 4637">
     <span class='ocr_line' id='line_1_116' title="bbox 2218 4562 3806 4637; baseline 0.001 -22"><span class='ocrx_word' id='word_1_888' title='bbox 2218 4562 2417 4632; x_wconf 87' lang='grc' dir='ltr'>πολλῆς</span> <span class='ocrx_word' id='word_1_889' title='bbox 2449 4564 2548 4632; x_wconf 84' lang='grc' dir='ltr'>τῆς</span> <span class='ocrx_word' id='word_1_890' title='bbox 2579 4564 2885 4634; x_wconf 78' lang='grc' dir='ltr'>παρρησίας</span> <span class='ocrx_word' id='word_1_891' title='bbox 2918 4564 3174 4633; x_wconf 89' lang='grc' dir='ltr'>κηρύττει</span> <span class='ocrx_word' id='word_1_892' title='bbox 3197 4563 3293 4633; x_wconf 89' lang='grc' dir='ltr'>τὴν</span> <span class='ocrx_word' id='word_1_893' title='bbox 3324 4564 3523 4632; x_wconf 88' lang='grc' dir='ltr'>μάχην,</span> <span class='ocrx_word' id='word_1_894' title='bbox 3546 4564 3613 4632; x_wconf 85' lang='grc' dir='ltr'>ἢν</span> <span class='ocrx_word' id='word_1_895' title='bbox 3649 4564 3806 4637; x_wconf 76' lang='grc' dir='ltr'>πάσῃ</span> 
     </span>
    </p>
   </div>
   <div class='ocr_carea' id='block_1_117' title="bbox 2218 4646 3803 4718">
    <p class='ocr_par' dir='ltr' id='par_1_117' title="bbox 2218 4646 3803 4718">
     <span class='ocr_line' id='line_1_117' title="bbox 2218 4646 3803 4718; baseline 0.002 -20"><span class='ocrx_word' id='word_1_896' title='bbox 2218 4646 2495 4717; x_wconf 80' lang='grc' dir='ltr'>προθυμίᾳ</span> <span class='ocrx_word' id='word_1_897' title='bbox 2527 4647 2676 4717; x_wconf 86' lang='grc' dir='ltr'>παρά</span> <span class='ocrx_word' id='word_1_898' title='bbox 2706 4646 2804 4716; x_wconf 84' lang='grc' dir='ltr'>τὴν</span> <span class='ocrx_word' id='word_1_899' title='bbox 2855 4646 3029 4717; x_wconf 83' lang='grc' dir='ltr'>ἀρχὴν</span> <span class='ocrx_word' id='word_1_900' title='bbox 3070 4648 3387 4717; x_wconf 84' lang='grc' dir='ltr'>ἐμαχήσατο</span> <span class='ocrx_word' id='word_1_901' title='bbox 3431 4646 3508 4716; x_wconf 81' lang='grc' dir='ltr'>τῷ</span> <span class='ocrx_word' id='word_1_902' title='bbox 3552 4648 3803 4718; x_wconf 76' lang='grc' dir='ltr'>Χριστῷ.</span> 
     </span>
    </p>
   </div>
   <div class='ocr_carea' id='block_1_118' title="bbox 2218 4728 3806 4800">
    <p class='ocr_par' dir='ltr' id='par_1_118' title="bbox 2218 4728 3806 4800">
     <span class='ocr_line' id='line_1_118' title="bbox 2218 4728 3806 4800; baseline 0 -17"><span class='ocrx_word' id='word_1_903' title='bbox 2218 4730 2370 4783; x_wconf 85' lang='grc' dir='ltr'>Μετά</span> <span class='ocrx_word' id='word_1_904' title='bbox 2387 4729 2440 4782; x_wconf 85' lang='grc' dir='ltr'>δὲ</span> <span class='ocrx_word' id='word_1_905' title='bbox 2460 4728 2647 4782; x_wconf 88' lang='grc' dir='ltr'>τούτου</span> <span class='ocrx_word' id='word_1_906' title='bbox 2677 4731 2768 4782; x_wconf 74' lang='grc' dir='ltr'>καὶ</span> <span class='ocrx_word' id='word_1_907' title='bbox 2791 4732 2903 4792; x_wconf 84' lang='grc' dir='ltr'>τοῖς</span> <span class='ocrx_word' id='word_1_908' title='bbox 2926 4730 3297 4797; x_wconf 86' lang='grc' dir='ltr'>ἀπεγνωκόσιν</span> <span class='ocrx_word' id='word_1_909' title='bbox 3318 4730 3525 4782; x_wconf 79' lang='grc' dir='ltr'>ἑαυτῶν</span> <span class='ocrx_word' id='word_1_910' title='bbox 3553 4733 3806 4800; x_wconf 80' lang='grc' dir='ltr'>χρηστάς</span> 
     </span>
    </p>
   </div>
   <div class='ocr_carea' id='block_1_119' title="bbox 2219 4812 3807 4883">
    <p class='ocr_par' dir='ltr' id='par_1_119' title="bbox 2219 4812 3807 4883">
     <span class='ocr_line' id='line_1_119' title="bbox 2219 4812 3807 4883; baseline 0.001 -15"><span class='ocrx_word' id='word_1_911' title='bbox 2219 4814 2485 4868; x_wconf 83' lang='grc' dir='ltr'>ὑποτείνει</span> <span class='ocrx_word' id='word_1_912' title='bbox 2522 4814 2619 4877; x_wconf 77' lang='grc' dir='ltr'>τὰς</span> <span class='ocrx_word' id='word_1_913' title='bbox 2647 4813 2887 4877; x_wconf 81' lang='grc' dir='ltr'>ἐλπίδας.</span> <span class='ocrx_word' id='word_1_914' title='bbox 2916 4814 3026 4868; x_wconf 77' lang='grc' dir='ltr'>Καὶ</span> <span class='ocrx_word' id='word_1_915' title='bbox 3042 4812 3149 4883; x_wconf 82' lang='grc' dir='ltr'>γὰρ</span> <span class='ocrx_word' id='word_1_916' title='bbox 3187 4814 3281 4866; x_wconf 80' lang='grc' dir='ltr'>καὶ</span> <span class='ocrx_word' id='word_1_917' title='bbox 3300 4813 3391 4866; x_wconf 90' lang='grc' dir='ltr'>τὸν</span> <span class='ocrx_word' id='word_1_918' title='bbox 3425 4813 3661 4883; x_wconf 82' lang='grc' dir='ltr'>Χριστὸν</span> <span class='ocrx_word' id='word_1_919' title='bbox 3711 4815 3807 4869; x_wconf 66' lang='grc' dir='ltr'>διὰ</span> 
     </span>
    </p>
   </div>
   <div class='ocr_carea' id='block_1_120' title="bbox 2219 4895 3807 4969">
    <p class='ocr_par' dir='ltr' id='par_1_120' title="bbox 2219 4895 3807 4969">
     <span class='ocr_line' id='line_1_120' title="bbox 2219 4895 3807 4969; baseline 0.001 -19"><span class='ocrx_word' id='word_1_920' title='bbox 2219 4896 2374 4950; x_wconf 89' lang='grc' dir='ltr'>τοῦτό</span> <span class='ocrx_word' id='word_1_921' title='bbox 2400 4915 2531 4969; x_wconf 89' lang='grc' dir='ltr'>φησι</span> <span class='ocrx_word' id='word_1_922' title='bbox 2550 4896 2864 4968; x_wconf 88' lang='grc' dir='ltr'>προσίεσθαι</span> <span class='ocrx_word' id='word_1_923' title='bbox 2883 4896 3065 4959; x_wconf 86' lang='grc' dir='ltr'>αὐτὸν,</span> <span class='ocrx_word' id='word_1_924' title='bbox 3085 4897 3171 4949; x_wconf 83' lang='grc' dir='ltr'>ἵνα</span> <span class='ocrx_word' id='word_1_925' title='bbox 3192 4898 3247 4948; x_wconf 88' lang='grc' dir='ltr'>ἐν</span> <span class='ocrx_word' id='word_1_926' title='bbox 3269 4896 3418 4965; x_wconf 80' lang='grc' dir='ltr'>αὐτῷ</span> <span class='ocrx_word' id='word_1_927' title='bbox 3444 4896 3647 4967; x_wconf 82' lang='grc' dir='ltr'>πρώτῳ</span> <span class='ocrx_word' id='word_1_928' title='bbox 3675 4895 3807 4951; x_wconf 60' lang='lat' dir='ltr'>Uv-</span> 
     </span>
    </p>
   </div>
   <div class='ocr_carea' id='block_1_121' title="bbox 2219 4980 3808 5053">
    <p class='ocr_par' dir='ltr' id='par_1_121' title="bbox 2219 4980 3808 5053">
     <span class='ocr_line' id='line_1_121' title="bbox 2219 4980 3808 5053; baseline -0.001 -18"><span class='ocrx_word' id='word_1_929' title='bbox 2219 4982 2456 5053; x_wconf 79' lang='grc' dir='ltr'>δείξηται</span> <span class='ocrx_word' id='word_1_930' title='bbox 2482 4983 2579 5052; x_wconf 82' lang='grc' dir='ltr'>τὴν</span> <span class='ocrx_word' id='word_1_931' title='bbox 2609 4985 2785 5035; x_wconf 78' lang='grc' dir='ltr'>πᾶσαν</span> <span class='ocrx_word' id='word_1_932' title='bbox 2820 4980 3218 5053; x_wconf 88' lang='grc' dir='ltr'>μακροθυμίαν,</span> <span class='ocrx_word' id='word_1_933' title='bbox 3250 4980 3344 5033; x_wconf 72' lang='grc' dir='ltr'>καὶ</span> <span class='ocrx_word' id='word_1_934' title='bbox 3370 4981 3460 5033; x_wconf 86' lang='grc' dir='ltr'>τὸν</span> <span class='ocrx_word' id='word_1_935' title='bbox 3511 4981 3808 5052; x_wconf 79' lang='grc' dir='ltr'>ὑπερϐάλ-</span> 
     </span>
    </p>
   </div>
   <div class='ocr_carea' id='block_1_122' title="bbox 2215 5063 3804 5137">
    <p class='ocr_par' dir='ltr' id='par_1_122' title="bbox 2215 5063 3804 5137">
     <span class='ocr_line' id='line_1_122' title="bbox 2215 5063 3804 5137; baseline 0 -20"><span class='ocrx_word' id='word_1_936' title='bbox 2215 5064 2374 5118; x_wconf 90' lang='grc' dir='ltr'>λοντα</span> <span class='ocrx_word' id='word_1_937' title='bbox 2402 5063 2628 5119; x_wconf 88' lang='grc' dir='ltr'>πλοῦτον</span> <span class='ocrx_word' id='word_1_938' title='bbox 2661 5069 2759 5137; x_wconf 76' lang='grc' dir='ltr'>τῆς</span> <span class='ocrx_word' id='word_1_939' title='bbox 2789 5063 3153 5136; x_wconf 89' lang='grc' dir='ltr'>χρηστότητος</span> <span class='ocrx_word' id='word_1_940' title='bbox 3204 5063 3388 5124; x_wconf 84' lang='grc' dir='ltr'>αὐτοῦ,</span> <span class='ocrx_word' id='word_1_941' title='bbox 3421 5063 3555 5134; x_wconf 89' lang='grc' dir='ltr'>πρὸς</span> <span class='ocrx_word' id='word_1_942' title='bbox 3596 5064 3804 5117; x_wconf 85' lang='grc' dir='ltr'>ὐποτύ-</span> 
     </span>
    </p>
   </div>
   <div class='ocr_carea' id='block_1_123' title="bbox 2214 5145 3805 5219">
    <p class='ocr_par' dir='ltr' id='par_1_123' title="bbox 2214 5145 3805 5219">
     <span class='ocr_line' id='line_1_123' title="bbox 2214 5145 3805 5219; baseline 0 -20"><span class='ocrx_word' id='word_1_943' title='bbox 2214 5164 2389 5202; x_wconf 91' lang='grc' dir='ltr'>πωσιν</span> <span class='ocrx_word' id='word_1_944' title='bbox 2436 5147 2543 5202; x_wconf 90' lang='grc' dir='ltr'>τῶν</span> <span class='ocrx_word' id='word_1_945' title='bbox 2579 5148 2877 5219; x_wconf 87' lang='grc' dir='ltr'>μελλόντων</span> <span class='ocrx_word' id='word_1_946' title='bbox 2909 5145 3183 5199; x_wconf 86' lang='grc' dir='ltr'>πιστεύειν</span> <span class='ocrx_word' id='word_1_947' title='bbox 3235 5147 3320 5199; x_wconf 77' lang='grc' dir='ltr'>ἐπ’</span> <span class='ocrx_word' id='word_1_948' title='bbox 3354 5145 3502 5216; x_wconf 81' lang='grc' dir='ltr'>αὐτῷ</span> <span class='ocrx_word' id='word_1_949' title='bbox 3534 5148 3614 5210; x_wconf 83' lang='grc' dir='ltr'>εἰς</span> <span class='ocrx_word' id='word_1_950' title='bbox 3649 5147 3805 5217; x_wconf 79' lang='grc' dir='ltr'>ζωὴν</span> 
     </span>
    </p>
   </div>
   <div class='ocr_carea' id='block_1_124' title="bbox 2216 5227 3807 5302">
    <p class='ocr_par' dir='ltr' id='par_1_124' title="bbox 2216 5227 3807 5302">
     <span class='ocr_line' id='line_1_124' title="bbox 2216 5227 3807 5302; baseline -0.002 -17"><span class='ocrx_word' id='word_1_951' title='bbox 2216 5230 2450 5285; x_wconf 89' lang='grc' dir='ltr'>αίώνιον.</span> <span class='ocrx_word' id='word_1_952' title='bbox 2483 5232 2591 5287; x_wconf 78' lang='grc' dir='ltr'>Καὶ</span> <span class='ocrx_word' id='word_1_953' title='bbox 2616 5236 2723 5302; x_wconf 84' lang='grc' dir='ltr'>γὰρ</span> <span class='ocrx_word' id='word_1_954' title='bbox 2750 5227 2818 5302; x_wconf 82' lang='grc' dir='ltr'>ἦν</span> <span class='ocrx_word' id='word_1_955' title='bbox 2848 5232 3067 5299; x_wconf 87' lang='grc' dir='ltr'>ἀπάσης</span> <span class='ocrx_word' id='word_1_956' title='bbox 3093 5231 3278 5291; x_wconf 87' lang='grc' dir='ltr'>αὐτοῖς</span> <span class='ocrx_word' id='word_1_957' title='bbox 3307 5229 3637 5300; x_wconf 84' lang='grc' dir='ltr'>συγγνώμης</span> <span class='ocrx_word' id='word_1_958' title='bbox 3679 5230 3807 5299; x_wconf 82' lang='grc' dir='ltr'>μεί-</span> 
     </span>
    </p>
   </div>
   <div class='ocr_carea' id='block_1_125' title="bbox 2216 5308 3804 5385">
    <p class='ocr_par' dir='ltr' id='par_1_125' title="bbox 2216 5308 3804 5385">
     <span class='ocr_line' id='line_1_125' title="bbox 2216 5308 3804 5385; baseline -0.002 -18"><span class='ocrx_word' id='word_1_959' title='bbox 2216 5313 2347 5378; x_wconf 80' lang='grc' dir='ltr'>ζονα</span> <span class='ocrx_word' id='word_1_960' title='bbox 2379 5313 2748 5385; x_wconf 86' lang='grc' dir='ltr'>τολμηθέντα·</span> <span class='ocrx_word' id='word_1_961' title='bbox 2780 5314 2922 5384; x_wconf 81' lang='grc' dir='ltr'>ἀπερ</span> <span class='ocrx_word' id='word_1_962' title='bbox 2955 5308 3048 5367; x_wconf 81' lang='grc' dir='ltr'>οὖν</span> <span class='ocrx_word' id='word_1_963' title='bbox 3086 5311 3181 5364; x_wconf 77' lang='grc' dir='ltr'>καὶ</span> <span class='ocrx_word' id='word_1_964' title='bbox 3213 5313 3242 5364; x_wconf 89' lang='lat'>6</span> <span class='ocrx_word' id='word_1_965' title='bbox 3271 5311 3663 5382; x_wconf 88' lang='grc' dir='ltr'>εὐαγγελιστὴς</span> <span class='ocrx_word' id='word_1_966' title='bbox 3700 5315 3804 5382; x_wconf 89' lang='grc' dir='ltr'>ἐμ-</span> 
     </span>
    </p>
   </div>
   <div class='ocr_carea' id='block_1_126' title="bbox 2216 5391 3806 5466">
    <p class='ocr_par' dir='ltr' id='par_1_126' title="bbox 2216 5391 3806 5466">
     <span class='ocr_line' id='line_1_126' title="bbox 2216 5391 3806 5466; baseline 0.001 -18"><span class='ocrx_word' id='word_1_967' title='bbox 2216 5396 2422 5466; x_wconf 90' lang='grc' dir='ltr'>φαίνων</span> <span class='ocrx_word' id='word_1_968' title='bbox 2440 5396 2622 5465; x_wconf 77' lang='grc' dir='ltr'>ἕλεγεν</span> <span class='ocrx_word' id='word_1_969' title='bbox 2643 5412 2659 5427; x_wconf 90' lang='grc'>·</span> <span class='ocrx_word' id='word_1_970' title='bbox 2684 5399 2788 5461; x_wconf 74' lang='grc' dir='ltr'>Εἰς</span> <span class='ocrx_word' id='word_1_971' title='bbox 2815 5397 2887 5449; x_wconf 80' lang='grc' dir='ltr'>τὰ</span> <span class='ocrx_word' id='word_1_972' title='bbox 2909 5395 3029 5448; x_wconf 77' lang='grc' dir='ltr'>ἴδια</span> <span class='ocrx_word' id='word_1_973' title='bbox 3043 5391 3211 5465; x_wconf 81' lang='grc' dir='ltr'>ἦλθε,</span> <span class='ocrx_word' id='word_1_974' title='bbox 3242 5393 3341 5449; x_wconf 75' lang='grc' dir='ltr'>καὶ</span> <span class='ocrx_word' id='word_1_975' title='bbox 3362 5397 3416 5447; x_wconf 78' lang='grc' dir='ltr'>οἱ</span> <span class='ocrx_word' id='word_1_976' title='bbox 3446 5394 3583 5449; x_wconf 80' lang='grc' dir='ltr'>ἴδιοι</span> <span class='ocrx_word' id='word_1_977' title='bbox 3607 5396 3806 5450; x_wconf 83' lang='grc' dir='ltr'>αὐτὸν</span> 
     </span>
    </p>
   </div>
   <div class='ocr_carea' id='block_1_127' title="bbox 2215 5474 3807 5550">
    <p class='ocr_par' dir='ltr' id='par_1_127' title="bbox 2215 5474 3807 5550">
     <span class='ocr_line' id='line_1_127' title="bbox 2215 5474 3807 5550; baseline -0.001 -16"><span class='ocrx_word' id='word_1_978' title='bbox 2215 5482 2287 5535; x_wconf 83' lang='grc' dir='ltr'>οὐ</span> <span class='ocrx_word' id='word_1_979' title='bbox 2307 5479 2664 5548; x_wconf 77' lang='grc' dir='ltr'>παρέλαϐον.</span> <span class='ocrx_word' id='word_1_980' title='bbox 2688 5478 2856 5532; x_wconf 88' lang='grc' dir='ltr'>Πόθεν</span> <span class='ocrx_word' id='word_1_981' title='bbox 2871 5474 3031 5549; x_wconf 85' lang='grc' dir='ltr'>ἦλθεν</span> <span class='ocrx_word' id='word_1_982' title='bbox 3051 5481 3081 5533; x_wconf 91' lang='grc' dir='ltr'>ό</span> <span class='ocrx_word' id='word_1_983' title='bbox 3095 5478 3274 5532; x_wconf 87' lang='grc' dir='ltr'>πάντα</span> <span class='ocrx_word' id='word_1_984' title='bbox 3296 5478 3400 5549; x_wconf 92' lang='grc' dir='ltr'>πλη</span> <span class='ocrx_word' id='word_1_985' title='bbox 3410 5477 3540 5550; x_wconf 90' lang='grc' dir='ltr'>ρῶν,</span> <span class='ocrx_word' id='word_1_986' title='bbox 3557 5478 3650 5532; x_wconf 81' lang='grc' dir='ltr'>καὶ</span> <span class='ocrx_word' id='word_1_987' title='bbox 3670 5498 3807 5534; x_wconf 61' lang='grc' dir='ltr'>παν.</span> 
     </span>
    </p>
   </div>
   <div class='ocr_carea' id='block_1_128' title="bbox 2216 5561 3804 5634">
    <p class='ocr_par' dir='ltr' id='par_1_128' title="bbox 2216 5561 3804 5634">
     <span class='ocr_line' id='line_1_128' title="bbox 2216 5561 3804 5634; baseline -0.001 -17"><span class='ocrx_word' id='word_1_988' title='bbox 2216 5563 2382 5632; x_wconf 88' lang='grc' dir='ltr'>ταχοῦ</span> <span class='ocrx_word' id='word_1_989' title='bbox 2412 5561 2627 5632; x_wconf 84' lang='grc' dir='ltr'>παρών;</span> <span class='ocrx_word' id='word_1_990' title='bbox 2660 5564 2808 5615; x_wconf 87' lang='grc' dir='ltr'>ποῖον</span> <span class='ocrx_word' id='word_1_991' title='bbox 2838 5561 3080 5625; x_wconf 89' lang='grc' dir='ltr'>κενώσας</span> <span class='ocrx_word' id='word_1_992' title='bbox 3110 5561 3272 5615; x_wconf 88' lang='grc' dir='ltr'>τόπον</span> <span class='ocrx_word' id='word_1_993' title='bbox 3316 5562 3411 5632; x_wconf 83' lang='grc' dir='ltr'>τῆς</span> <span class='ocrx_word' id='word_1_994' title='bbox 3441 5562 3609 5615; x_wconf 82' lang='grc' dir='ltr'>αὐτοῦ</span> <span class='ocrx_word' id='word_1_995' title='bbox 3652 5580 3804 5634; x_wconf 88' lang='grc' dir='ltr'>παρ-</span> 
     </span>
    </p>
   </div>
   <div class='ocr_carea' id='block_1_129' title="bbox 2216 5644 3803 5716">
    <p class='ocr_par' dir='ltr' id='par_1_129' title="bbox 2216 5644 3803 5716">
     <span class='ocr_line' id='line_1_129' title="bbox 2216 5644 3803 5716; baseline -0.001 -17"><span class='ocrx_word' id='word_1_996' title='bbox 2216 5646 2425 5707; x_wconf 89' lang='grc' dir='ltr'>ουσίας,</span> <span class='ocrx_word' id='word_1_997' title='bbox 2477 5647 2506 5698; x_wconf 90' lang='grc' dir='ltr'>ό</span> <span class='ocrx_word' id='word_1_998' title='bbox 2562 5645 2737 5699; x_wconf 87' lang='grc' dir='ltr'>πάντα</span> <span class='ocrx_word' id='word_1_999' title='bbox 2764 5648 2828 5715; x_wconf 81' lang='grc' dir='ltr'>τῇ</span> <span class='ocrx_word' id='word_1_1000' title='bbox 2870 5646 3012 5716; x_wconf 81' lang='grc' dir='ltr'>χειρὶ</span> <span class='ocrx_word' id='word_1_1001' title='bbox 3057 5647 3293 5714; x_wconf 85' lang='grc' dir='ltr'>συνέχων</span> <span class='ocrx_word' id='word_1_1002' title='bbox 3323 5645 3415 5697; x_wconf 76' lang='grc' dir='ltr'>καὶ</span> <span class='ocrx_word' id='word_1_1003' title='bbox 3443 5644 3803 5713; x_wconf 75' lang='grc' dir='ltr'>διακρατῶνς</span> 
     </span>
    </p>
   </div>
   <div class='ocr_carea' id='block_1_130' title="bbox 2218 5727 3806 5799">
    <p class='ocr_par' dir='ltr' id='par_1_130' title="bbox 2218 5727 3806 5799">
     <span class='ocr_line' id='line_1_130' title="bbox 2218 5727 3806 5799; baseline 0.003 -19"><span class='ocrx_word' id='word_1_1004' title='bbox 2218 5727 2396 5780; x_wconf 88' lang='grc' dir='ltr'>Τόπον</span> <span class='ocrx_word' id='word_1_1005' title='bbox 2426 5728 2524 5797; x_wconf 81' lang='grc' dir='ltr'>μὲν</span> <span class='ocrx_word' id='word_1_1006' title='bbox 2563 5728 2749 5781; x_wconf 84' lang='grc' dir='ltr'>οὐδένα</span> <span class='ocrx_word' id='word_1_1007' title='bbox 2780 5727 3009 5798; x_wconf 74' lang='grc' dir='ltr'>ἧμειψεν</span> <span class='ocrx_word' id='word_1_1008' title='bbox 3060 5727 3198 5795; x_wconf 89' lang='grc' dir='ltr'>(πῶς</span> <span class='ocrx_word' id='word_1_1009' title='bbox 3223 5728 3387 5794; x_wconf 73' lang='grc' dir='ltr'>γάρ);</span> <span class='ocrx_word' id='word_1_1010' title='bbox 3431 5730 3496 5796; x_wconf 79' lang='grc' dir='ltr'>τῇ</span> <span class='ocrx_word' id='word_1_1011' title='bbox 3550 5727 3607 5780; x_wconf 80' lang='grc' dir='ltr'>δὲ</span> <span class='ocrx_word' id='word_1_1012' title='bbox 3659 5731 3806 5799; x_wconf 85' lang='grc' dir='ltr'>πρὸς</span> 
     </span>
    </p>
   </div>
   <div class='ocr_carea' id='block_1_131' title="bbox 2286 5816 3802 5881">
    <p class='ocr_par' dir='ltr' id='par_1_131' title="bbox 2286 5816 3802 5881">
     <span class='ocr_line' id='line_1_131' title="bbox 2286 5816 3802 5881; baseline 0.001 -14"><span class='ocrx_word' id='word_1_1013' title='bbox 2286 5817 2305 5859; x_wconf 78' lang='grc' dir='ltr'><strong><em>ι</em></strong></span> <span class='ocrx_word' id='word_1_1014' title='bbox 2334 5818 2507 5867; x_wconf 76' lang='lat' dir='ltr'>Morel.</span> <span class='ocrx_word' id='word_1_1015' title='bbox 2528 5820 2655 5868; x_wconf 83' lang='lat' dir='ltr'><strong>male</strong></span> <span class='ocrx_word' id='word_1_1016' title='bbox 2684 5820 2842 5868; x_wconf 80' lang='grc' dir='ltr'>λαϐεῖν</span> <span class='ocrx_word' id='word_1_1017' title='bbox 2870 5819 3045 5881; x_wconf 80' lang='grc' dir='ltr'>χερσίν.</span> <span class='ocrx_word' id='word_1_1018' title='bbox 3100 5818 3130 5881; x_wconf 15' lang='grc' dir='ltr'>,ί</span> <span class='ocrx_word' id='word_1_1019' title='bbox 3157 5816 3306 5881; x_wconf 55' lang='lat' dir='ltr'>sui}.</span> <span class='ocrx_word' id='word_1_1020' title='bbox 3331 5816 3498 5881; x_wconf 75' lang='grc' dir='ltr'>αὐτοῦ.</span> <span class='ocrx_word' id='word_1_1021' title='bbox 3566 5820 3590 5856; x_wconf 69' lang='grc' dir='ltr'><strong><em>κ</em></strong></span> <span class='ocrx_word' id='word_1_1022' title='bbox 3616 5818 3802 5871; x_wconf 81' lang='lat' dir='ltr'>Morel.</span> 
     </span>
    </p>
   </div>
   <div class='ocr_carea' id='block_1_132' title="bbox 2222 5877 3808 5942">
    <p class='ocr_par' dir='ltr' id='par_1_132' title="bbox 2222 5877 3808 5942">
     <span class='ocr_line' id='line_1_132' title="bbox 2222 5877 3808 5942; baseline 0.002 -14"><span class='ocrx_word' id='word_1_1023' title='bbox 2222 5881 2701 5942; x_wconf 19' lang='grc' dir='ltr'>θιμιιιιυελστίζεσθαι,</span> <span class='ocrx_word' id='word_1_1024' title='bbox 2725 5877 3184 5942; x_wconf 16' lang='grc' dir='ltr'>ειίυείῆρίζεσθαι,</span> <span class='ocrx_word' id='word_1_1025' title='bbox 3210 5877 3681 5942; x_wconf 19' lang='grc' dir='ltr'>ειῇιιειέμαστίζεσθαι.</span> <span class='ocrx_word' id='word_1_1026' title='bbox 3710 5884 3808 5934; x_wconf 78' lang='lat' dir='ltr'>Sa—</span> 
     </span>
    </p>
   </div>
   <div class='ocr_carea' id='block_1_133' title="bbox 2225 5936 3634 6001">
    <p class='ocr_par' dir='ltr' id='par_1_133' title="bbox 2225 5936 3634 6001">
     <span class='ocr_line' id='line_1_133' title="bbox 2225 5936 3634 6001; baseline -0.003 -10"><span class='ocrx_word' id='word_1_1027' title='bbox 2225 5939 2311 5991; x_wconf 72' lang='lat' dir='ltr'>Vil.</span> <span class='ocrx_word' id='word_1_1028' title='bbox 2343 5936 2710 5999; x_wconf 66' lang='lat' dir='ltr'>om),ue-3eq‘)a{,</span> <span class='ocrx_word' id='word_1_1029' title='bbox 2784 5942 2801 5981; x_wconf 91' lang='grc' dir='ltr'>ι</span> <span class='ocrx_word' id='word_1_1030' title='bbox 2833 5936 3004 5990; x_wconf 69' lang='grc' dir='ltr'>Μοτρῖ.</span> <span class='ocrx_word' id='word_1_1031' title='bbox 3029 5940 3201 6001; x_wconf 75' lang='grc' dir='ltr'>πρώτῳ</span> <span class='ocrx_word' id='word_1_1032' title='bbox 3238 5936 3386 5985; x_wconf 68' lang='lat' dir='ltr'>Favil.</span> <span class='ocrx_word' id='word_1_1033' title='bbox 3424 5942 3634 6001; x_wconf 79' lang='grc' dir='ltr'>πρῶτον.</span> 
     </span>
    </p>
   </div>
  </div>
