4012 6210
232 175 300 226 75
1358 186 1423 241 IN
1463 185 1785 242 JOANNEM
1824 190 2042 248 llOMlL.
2086 197 2153 253 Χ.
2195 202 2267 258 al.
2312 206 2405 265 lX.

237 304 467 359 queque
522 292 746 349 facilius
793 306 1141 361 marcescunt,
1183 311 1343 367 quam
1367 301 1518 354 verni
1551 299 1740 357 ﬂores.
1797 304 1850 358 Si

240 380 337 435 has
377 381 706 452 frequenter
736 389 1086 457 cogitationes
1115 390 1291 444 animo
1319 407 1605 448 versemus
1624 436 1639 458 ,
1667 396 1712 448 si
1742 412 1847 450 me-

243 473 411 528 moria
461 486 781 545 ropetantns
809 494 904 535 eos
933 479 1024 549 qui
1068 480 1118 534 in
1157 481 1353 538 virtute
1384 486 1621 541 maxime
1646 487 1845 544 ﬂorue-

250 573 372 617 runt
394 606 410 628 ,
444 581 553 618 non
582 565 743 622 facile
778 568 1023 624 diabolus
1042 586 1141 626 nos
1170 571 1361 628 eﬂ‘erre
1390 578 1588 644 poterit
1618 617 1634 643 ,
1672 594 1841 648 quan-

250 654 441 709 tumvis
467 659 765 712 contendat
794 700 810 723 ,
865 675 1038 729 neque
1088 662 1222 718 inire
1273 665 1412 719 viam
1452 682 1554 736 qua
1586 683 1684 722 nos
1718 684 1842 738 sup-

252 743 468 812 plantet.
505 747 644 802 Deus
673 759 856 804 autem
888 749 1188 820 humilium,
1215 753 1474 825 benignus
1500 758 1588 812 ille
1616 766 1671 814 et
1690 775 1840 814 man-

3508 250 3567 306 Ἠ

1951 320 2150 417 suetus,
2179 327 2234 371 et
2264 320 2413 377 vobis
2434 332 2489 379 et
2508 329 2654 383 nobis
2679 347 2769 387 cor
2795 341 3092 398 contritum
3121 356 3181 403 et
3220 351 3555 417 humiliatuin

1949 402 2158 461 tribuat.
2207 407 2296 465 Sic
2342 415 2486 469 enim
2533 423 2817 486 poterimus
2865 441 3070 487 extera
3118 455 3351 512 quoque
3398 450 3549 510 facile

1949 504 2224 563 praestare,
2258 501 2322 556 ad
2344 505 2566 573 gloriam
2600 511 2801 570 Domini
2831 526 3000 578 nostri
3033 501 3173 585 Jesit
3208 501 3427 605 Christi,
3454 501 3548 613 per

1943 599 2101 689 quem
2127 598 2181 643 et
2205 606 2325 646 cum
2361 611 2467 665 quo
2499 598 2636 656 Patri
2669 621 2875 677 unaque
2918 613 3158 683 Spiritui
3210 598 3533 702 sancto'g'hi;

1941 676 2037 740 ria,
2076 678 2126 732 in
2158 685 2347 738 saecula
2376 691 2709 750 surculorum.
2742 676 2934 758 Amen.

250 863 1686 890 ._._._____________

330 1111 356 1139 ,
407 1074 472 1129 In
498 1077 707 1146 prapria
735 1079 886 1144 renit,
915 1089 961 1150 et
990 1080 1070 1133 sui
1099 1098 1213 1135 eum
1242 1099 1341 1135 non
1368 1095 1675 1152 receperunt.

317 1166 369 1220 ‘l.
412 1164 549 1221 Deus
575 1184 667 1221 nos
698 1170 769 1222 ad
797 1172 1031 1224 virtutem
1059 1173 1291 1242 impellit,
1342 1172 1504 1229 illiusa
1548 1188 1720 1231 nostra
1768 1178 1833 1231 li-

241 1258 449 1310 bertate.
480 1256 656 1314 Bonus
680 1261 947 1330 probatur,
976 1263 1126 1315 etiam
1167 1280 1281 1317 cum
1320 1267 1568 1335 supplicia
1592 1269 1831 1323 minatur.

241 1345 414 1411 Quam
462 1364 710 1418 generosa
759 1350 1043 1405 Saluatoris
1090 1356 1295 1407 caritas.
1333 1386 1406 1396 —
1446 1358 1608 1421 Deus,
1655 1369 1838 1427 utpote

233 1437 479 1494 clemens
507 1450 562 1495 et
591 1442 890 1508 benelicus,
913 1444 1107 1500 dilecte
1133 1448 1175 1513 ¹,
1203 1447 1334 1501 nihil
1365 1464 1468 1503 non
1498 1450 1603 1521 agit
1630 1461 1685 1506 et
1711 1467 1839 1521 ope-

232 1540 415 1598 ratur,
448 1541 507 1586 ut
537 1547 640 1588 nos
669 1536 873 1589 virtute
899 1537 1158 1606 splendidi
1187 1541 1387 1608 simus;
1419 1543 1561 1612 quod
1590 1559 1687 1598 nos
1710 1546 1836 1600 velit

227 1633 498 1691 acceptos
527 1626 888 1698 probatusque
912 1643 1070 1694 esse;
1116 1630 1272 1700 idque
1295 1648 1401 1686 non
1432 1635 1480 1686 vi
1506 1643 1598 1688 aut
1631 1650 1824 1690 neces-

224 1713 427 1776 sitate,
461 1714 555 1769 sed
595 1717 844 1772 suasione
885 1727 939 1772 et
984 1718 1257 1775 beneficiis
1299 1722 1410 1775 suis
1436 1723 1676 1778 volentes
1705 1739 1824 1779 om-

225 1818 336 1856 nes
383 1803 549 1858 allicit
591 1814 647 1860 et
690 1807 757 1860 ad
800 1820 858 1862 se
906 1807 1086 1862 trahit.
1127 1809 1482 1877 Quamobrem
1520 1814 1821 1870 venientem

227 1892 387 1945 illum
414 1893 506 1947 alii
540 1906 880 1965 receperunt,
926 1898 1018 1952 alii
1061 1912 1235 1954 secus.
1285 1900 1497 1957 Nullum
1540 1905 1684 1959 enim
1711 1906 1823 1960 vult

1950 1093 2027 1147 sic
2053 1095 2129 1199 illi
2157 1100 2246 1168 qui
2274 1105 2351 1157 sui
2375 1118 2543 1176 erant,
2579 1114 2627 1166 in
2657 1122 2867 1188 propria
2896 1141 2990 1193 pro
3026 1131 3268 1199 ipsorum
3303 1146 3522 1204 utilitate

1943 1199 2270 1307 renuentem,
2305 1211 2616 1267 receperunt
2641 1221 2795 1264 eum:
2830 1214 2938 1268 imo
2975 1225 3329 1291 repulerunt:
3354 1199 3523 1307 neque

3040 1275 3053 1291 ,
3086 1275 3107 1277 _
3315 1278 3327 1289 .
3456 1275 3522 1295 υυ

1944 1275 2047 1332 huc
2068 1283 2199 1337 satis
2225 1285 2350 1354 ipsis
2380 1289 2497 1355 fuit,
2524 1296 2615 1351 sed
2645 1311 2789 1357 extra
2813 1307 3024 1364 vineam
3057 1316 3287 1384 ejectum
3318 1275 3524 1385 oet-ide-

1948 1378 2077 1485 runt
2103 1373 2438 1485 (Matt/41%|.
2467 1384 2578 1485 3.9).
2607 1388 2787 1460 Neque
2814 1405 2988 1455 tamen
3021 1373 3104 1460 sic
3132 1373 3523 1485 ipsos-agmen;

1945 1461 2106 1568 tentia
2139 1467 2381 1533 exclusit,
2413 1474 2507 1527 sed
2536 1485 2801 1538 concessit
2830 1488 2936 1543 illis
2968 1503 3043 1559 ut,
3068 1498 3113 1549 si
3148 1461 3267 1568 pust
3312 1461 3513 1566 ta'ntum

1943 1548 2144 1605 facinus
2183 1560 2383 1613 scelera
2417 1578 2511 1619 sua
2537 1568 2754 1629 abluere
2788 1579 2987 1637 vellent
3016 1601 3112 1653 per
3140 1548 3296 1648 fidem
3333 1598 3384 1650 in
3433 1602 3510 1674 ip-

1943 1648 2048 1674 tum
2121 1642 2181 1674 κο
2219 1647 2304 1674 ηυξ
2338 1651 2407 1674 ..ει
2435 1653 2466 1674 ει
2494 1657 2583 1674 ,ΑιΔ
2671 1661 2682 1674 .
2744 1665 2756 1674 .
2792 1666 2803 1674 .

2121 1642 2152 1654 σο
2292 1647 2304 1658 ο
2376 1651 2387 1660 ο
2435 1653 2446 1664 ι
3016 1642 3026 1653 .
3180 1642 3296 1648 rV—u
3333 1642 3383 1650 In
3433 1642 3507 1674 Ἐἰ

1933 1648 2070 1747 sttit),
2120 1657 2183 1695 ns
2218 1661 2303 1747 qui
2337 1653 2466 1706 nihil
2492 1657 2593 1711 tale
2615 1661 2978 1737 admisissent,
3027 1679 3133 1731 imo
3173 1685 3509 1747 amicissimis

1930 1726 2029 1782 sibi
2077 1746 2230 1799 pares
2269 1736 2463 1796 furem.
2517 1746 2666 1815 Quod
2694 1766 2871 1813 autem
2901 1779 3006 1818 non
3038 1773 3207 1836 gratis
3233 1777 3315 1830 vel
3346 1783 3506 1837 animi

1927 1831 2085 1920 causa
2118 1823 2167 1876 id
2195 1826 2387 1893 dicam,
2424 1833 2538 1891 hinc
2559 1840 2702 1895 clara
2731 1862 2863 1903 voce
2894 1823 3249 1918 testificantur
3274 1867 3361 1921 illa
3390 1886 3505 1926 om-
3586 1902 3589 1905 π

1927 1908 2010 1963 nia
2035 1926 2153 1981 qua:
2180 1916 2336 1974 beato
2360 1924 2522 1981 Paulo
2550 1934 2888 2003 contigerunt
2917 1961 2929 1995 :
2954 1948 3040 2013 qui
3063 1961 3340 2023 postquam
3364 1960 3510 2016 Chri-

227 1981 457 2036 invitum
486 1984 569 2038 vel
602 1986 922 2041 necessitate
942 1998 1181 2042 coactum
1211 2004 1425 2045 servum
1454 1991 1689 2059 habere;
1725 1996 1818 2051 sed

223 2088 422 2127 omnes
451 2074 681 2130 libenter
708 2087 762 2131 et
790 2092 853 2132 ex
883 2078 1169 2134 voluntatis
1198 2082 1468 2151 proposito
1502 2085 1706 2151 venire,
1756 2102 1819 2141 ac

224 2162 299 2217 de
327 2163 417 2218 tali
443 2166 701 2221 servitute
729 2169 949 2236 gratiam
979 2169 1076 2239 ipsi
1105 2170 1324 2228 habere.
1374 2174 1630 2230 Homines
1674 2177 1817 2232 enim

224 2268 508 2308 servorum
534 2257 836 2312 ministerio
864 2275 1000 2327 opus
1027 2260 1310 2331 habentes,
1355 2264 1502 2334 ipsos
1523 2268 1544 2297 ³
1568 2267 1653 2321 vel
1682 2267 1821 2321 iuvi-

226 2352 315 2396 tos
359 2345 632 2401 servitutis
662 2347 765 2417 legi
797 2348 1088 2418 subjiciunt
1116 2370 1129 2405 :
1161 2350 1306 2409 Deus
1326 2364 1505 2411 autem
1524 2370 1646 2412 cum
1672 2360 1818 2416 nullo

225 2436 487 2506 indigeat,
519 2439 753 2509 nullique
781 2443 1107 2509 necessitati,
1150 2461 1252 2515 qua
1282 2447 1530 2503 homines
1559 2465 1810 2519 premun-

228 2535 342 2592 tur,
367 2528 433 2581 sit
462 2530 755 2598 subjectus,
808 2542 1004 2588 nustrie
1040 2535 1228 2591 salutis
1260 2551 1423 2592 causa
1458 2548 1663 2596 tantum
1692 2557 1810 2596 om-

221 2618 315 2671 nia
342 2619 483 2684 facit,
532 2622 738 2692 hocque
771 2634 955 2678 nostro
978 2625 1197 2681 arbitrio
1219 2637 1272 2682 et
1301 2628 1556 2690 voluntati
1589 2637 1810 2702 permit-

221 2709 291 2761 tit
325 2725 340 2762 :
371 2709 596 2779 ideoque
621 2713 926 2768 nolentibus
963 2715 1160 2787 nullam
1189 2717 1295 2772 vim
1319 2727 1409 2774 aut
1434 2723 1804 2777 necessitatem

220 2799 407 2854 infert.
456 2800 536 2854 Ad
574 2812 815 2857 nostram
860 2805 1000 2859 enim
1050 2806 1222 2861 solum
1265 2819 1471 2878 spectat
1498 2813 1801 2868 utilitatem.

217 2887 358 2940 Nam
391 2888 581 2945 invitos
610 2890 675 2945 ad
704 2892 845 2948 hanc
871 2894 1006 2948 trahi
1035 2899 1431 2965 necessitatem,
1481 2902 1621 2957 idem
1663 2914 1809 2960 esset

217 2993 285 3032 ac
316 2979 470 3033 nullo
496 2981 656 3036 modo
686 2985 910 3039 servire.
939 2985 1045 3040 Cur
1076 3002 1226 3057 ergo,
1256 2990 1487 3059 inquies,
1530 2994 1683 3061 punit
1717 3009 1811 3049 eos

212 3071 313 3138 qui
347 3072 542 3127 nolunt
567 3073 665 3141 ipsi
690 3075 961 3144 obsequi?
987 3086 1041 3131 et
1068 3093 1162 3131 cur
1190 3080 1490 3148 gehennam
1516 3085 1813 3139 commina-

211 3172 302 3215 tus
324 3172 413 3217 est
435 3163 523 3227 iis,
539 3168 628 3233 qui
654 3166 772 3234 ejus
802 3179 1065 3237 praecepta
1093 3185 1199 3224 non
1226 3172 1485 3227 audiunt?
1504 3174 1638 3241 Quia
1654 3178 1812 3230 etiam

210 3252 382 3306 nobis
407 3267 519 3306 non
549 3256 1042 3326 obtemperantibus
1065 3300 1079 3323 ,
1125 3275 1372 3331 magnam
1420 3265 1586 3319 nostri
1626 3281 1808 3321 curam

209 3344 375 3413 gerit,
435 3354 619 3414 utpote
667 3345 875 3412 bonus;
922 3349 1029 3404 imo
1067 3352 1220 3407 nobis
1256 3355 1619 3412 resilientibus
1643 3368 1697 3413 et
1720 3358 1804 3413 fu-

210 3435 507 3505 gientibns,
555 3453 659 3491 non
701 3439 960 3496 abscedit.
1005 3443 1135 3510 Quia
1186 3446 1347 3516 igitur
1386 3450 1618 3518 priorem
1652 3451 1801 3508 illam

214 3525 461 3582 beneﬁcii
507 3529 647 3584 viam
683 3529 835 3587 adire
871 3533 1160 3602 noluimus,
1209 3554 1309 3593 nec
1335 3542 1571 3597 suasioni
1597 3542 1799 3601 beneﬁ-

213 3619 419 3688 ciisque
458 3620 719 3675 cessimus
752 3638 765 3677 :
797 3621 1019 3679 alteram
1062 3627 1268 3683 induxit
1306 3646 1403 3700 per
1440 3635 1695 3703 supplicia
1738 3645 1793 3692 et

212 3710 513 3777 cruciatus;
562 3728 680 3781 quae
729 3715 1070 3772 acerbissima
1101 3720 1317 3789 quidem
1344 3732 1446 3789 est,
1478 3726 1573 3780 sed
1616 3737 1790 3784 tamen

212 3801 539 3857 ueceSsaria.
587 3802 772 3859 Priore
799 3820 1028 3877 namque
1053 3819 1381 3882 contempta,
1413 3817 1644 3872 secunda
1688 3835 1784 3874 ne-

208 3890 448 3944 cessario
498 3891 783 3948 inducitur.
846 3895 976 3951 Nam
1015 3908 1068 3953 et
1103 3901 1278 3972 legum
1326 3905 1522 3962 latores
1570 3925 1786 3982 magnas

205 3993 504 4049 gravesque
529 3993 713 4037 contra
748 3996 1026 4053 peccantes
1053 3993 1382 4049 constituunt
1409 4013 1592 4065 pinnas
1643 4019 1656 4055 :
1694 4018 1786 4058 ne-

207 4085 313 4137 que
356 4079 533 4126 tamen
576 4074 695 4128 ideo
724 4076 841 4130 illos
869 4092 1196 4150 aversamnr,
1228 4085 1337 4147 imo
1360 4090 1527 4160 magis
1555 4090 1785 4148 honora-

208 4175 329 4215 mus
363 4164 634 4219 constituti
676 4168 918 4235 supplicii
962 4185 1142 4237 causa,
1186 4184 1241 4228 et
1270 4177 1410 4245 quod
1437 4180 1577 4235 nulla
1604 4192 1782 4238 nostra

210 4266 270 4307 re
299 4253 611 4323 indigentes,
639 4257 745 4309 imu
773 4273 915 4328 saepe
936 4263 1099 4317 nescii
1126 4267 1340 4334 quinam
1368 4269 1544 4339 legum
1566 4288 1781 4329 suarum

207 4358 311 4412 upe
349 4345 567 4414 juvandi
612 4349 738 4415 sint,
785 4360 1015 4407 attamen
1046 4356 1186 4410 bono
1214 4358 1336 4412 vitae
1366 4370 1563 4416 nostra!
1591 4372 1645 4419 et
1673 4365 1781 4420 rei-

212 4434 439 4501 publicae
467 4438 640 4492 ordini
674 4440 1050 4512 advigil'trunt,
1074 4447 1267 4503 virtute
1298 4452 1548 4514 praeditus
1572 4454 1775 4514 honore

205 4524 520 4595 allicientes,
568 4530 842 4600 improbos
879 4545 1056 4591 autem
1090 4546 1147 4593 et
1175 4550 1475 4611 protervos,
1523 4546 1611 4615 qui
1648 4548 1777 4603 reli-

206 4633 432 4688 quorum
462 4623 691 4691 quietem
735 4626 968 4693 turbant,
1007 4645 1101 4697 per
1145 4633 1400 4702 supplicia
1445 4648 1777 4694 coercentes.

208 4709 355 4777 Quod
383 4712 427 4766 si
459 4711 557 4767 hos
583 4714 908 4771 admiramur
941 4728 996 4773 et
1037 4721 1336 4792 diligimus,
1386 4741 1566 4784 nonne
1609 4729 1781 4784 multo

206 4802 370 4871 magis
393 4803 535 4858 Deus
559 4805 628 4859 ob
644 4813 843 4860 tantam
873 4807 1143 4865 hominum
1164 4828 1345 4869 curam
1365 4825 1418 4871 et
1441 4818 1784 4876 admirandus

208 4900 261 4945 et
283 4893 548 4948 amandus
573 4896 689 4949 est?
717 4896 1033 4953 Immensum
1061 4902 1256 4973 quippe
1281 4904 1566 4963 discrimen
1596 4918 1679 4965 est
1703 4911 1786 4965 in-

209 4991 285 5037 ter
306 4983 521 5040 illorum
543 4996 598 5040 et
621 4987 716 5041 Dei
746 5003 867 5057 erga
898 5006 994 5045 nos
1024 4993 1407 5061 providentiam
1437 5015 1450 5051 :
1485 4999 1783 5056 inetl'abiles

206 5074 437 5141 proiecto
463 5084 520 5131 et
546 5091 707 5145 supra
740 5089 974 5133 mentem
1000 5094 1217 5137 omnem
1243 5094 1369 5140 sunt
1393 5086 1590 5143 divitia:
1622 5090 1780 5144 boni-

202 5165 322 5218 tatis
348 5164 512 5221 illius.
543 5165 647 5221 Hic
673 5168 910 5223 animum
940 5169 1153 5226 adhibe.
1182 5172 1249 5228 In
1271 5178 1479 5247 propria
1501 5179 1653 5246 venit,
1675 5193 1784 5237 non

200 5257 533 5312 necessitatis
559 5274 674 5313 sine
700 5274 861 5314 causa
910 5261 929 5330 (
958 5262 1102 5318 Deus
1131 5266 1347 5337 quippe,
1381 5278 1440 5323 ut
1467 5268 1599 5337 dixi,
1638 5271 1784 5327 nullo

195 5345 451 5422 indiget),
482 5351 580 5405 sed
606 5351 673 5405 ad
702 5351 955 5408 beneﬁcia
986 5355 1097 5411 suis
1123 5359 1440 5427 praestanda.
1479 5362 1584 5420 Sed
1616 5378 1787 5434 neque

247 5483 261 5549 ξ
294 5483 526 5549 §qvit._in
549 5483 791 5549 margine
811 5484 978 5549 habet,
1001 5486 1181 5541 dilecti.

245 5545 263 5575 ²
297 5545 434 5596 Idem
452 5543 608 5609 legit,
627 5545 819 5596 multos.

1928 2010 2069 2123 stum
2100 2017 2219 2070 post
2247 2012 2363 2123 eius
2396 2026 2618 2123 mortem
2656 2010 3009 2099 persequutus
3046 2010 3236 2110 literal,
3285 2048 3509 2123 ejusque

1926 2105 2213 2209 martyrem
2267 2103 2599 2173 Stephanum
2658 2120 2944 2180 multorum
2999 2135 3243 2192 manibus
3298 2103 3498 2209 lapida;

1926 2195 2071 2209 Μ--.
2109 2189 2153 2209 ιΔ
2340 2196 2350 2207 -
2554 2204 2565 2209 -

1925 2195 2075 2301 :erat
2108 2188 2216 2291 (tt),
2263 2196 2382 2261 quia
2427 2204 2785 2301 paenitentiam
2841 2216 2966 2283 egit.
3000 2231 3051 2275 et
3106 2236 3279 2284 errata
3326 2188 3501 2301 priora

1924 2272 2213 2378 damnavit,
2262 2294 2421 2356 atque
2463 2291 2528 2345 ad
2576 2310 2695 2350 eum
2733 2316 2891 2370 quem
2942 2323 3297 2383 persequutus
3326 2272 3499 2380 iuerat

1925 2366 2165 2468 protinus
2190 2378 2435 2481 accessit,
2465 2383 2643 2437 statim
2676 2387 2813 2444 inter
2836 2366 3056 2460 amicos,
3082 2366 3133 2457 ei
3158 2407 3373 2474 quidem
3403 2416 3501 2481 pri-

1919 2456 2117 2559 marios
2161 2461 2401 2520 adiectus
2445 2480 2527 2526 est
2566 2489 2596 2528 a
2640 2476 2851 2535 Christo
2876 2487 2965 2553 qui
3001 2456 3499 2565 ipsnmjprtrcnn’em

1918 2547 2186 2655 totiusque
2216 2556 2363 2611 orbis
2389 2558 2665 2620 duetorem
2707 2547 2984 2632 constituit
3007 2547 3033 2644 ς’
3064 2584 3154 2653 qui

1913 2635 2192 2707 Sphemus,
2225 2658 2577 2717 perscqtttttor
2600 2665 2653 2710 et
2679 2635 3098 2725 contumeliosus
3125 2635 3324 2732 fuerat:
3361 2694 3412 2736 ut
3441 2696 3498 2740 et

1914 2728 2027 2829 ipse
2052 2730 2120 2785 de
2149 2734 2237 2788 Dei
2274 2737 2599 2810 benignitate
2638 2753 2933 2822 exsultans,
2968 2761 3085 2818 sine
3115 2767 3311 2825 rubore
3339 2777 3491 2829 testi-

1914 2815 2099 2918 licatus
2128 2832 2243 2925 est:
2264 2825 2374 2881 lmo
2405 2841 2457 2885 ct
2489 2834 2601 2904 ipse
2625 2841 2794 2907 priora
2821 2846 3054 2905 facinora
3085 2870 3176 2910 sua
3210 2860 3258 2913 in
3281 2865 3495 2933 scriptis

1913 2913 2027 3009 suis
2052 2914 2203 2978 quasi
2230 2913 2285 2969 in
2307 2918 2464 3009 cippo
2485 2936 2719 2995 exarata,
2744 2937 2991 2993 omnibus
3019 2942 3307 3003 declaravit
3339 2970 3350 3006 :
3382 2913 3495 3009 ine-

1916 2993 2021 3096 lius
2060 3008 2252 3065 putans
2302 3003 2435 3070 fore,
2488 3011 2531 3063 si
2576 3017 2721 3080 prior
2748 3022 2850 3075 vita
2883 3039 2978 3079 sua
3008 3033 3145 3095 apud
3174 3050 3360 3094 omnes
3389 3050 3496 3096 tra-

1919 3081 2222 3184 duceretur,
2258 3102 2314 3144 ut
2339 3093 2503 3151 divini
2532 3098 2656 3157 doni
2684 3112 2990 3178 magnitudo
3012 3081 3310 3190 ell‘ulgeret,
3334 3142 3494 3197 quam

1919 3184 1964 3277 si
1994 3187 2129 3277 ipse,
2150 3192 2222 3277 ne
2241 3192 2417 3277 errata
2440 3200 2532 3241 sua
2561 3195 2807 3252 omnibus
2834 3184 3493 3277 deelararetIinelliabileni

1922 3259 2013 3315 Dei
2042 3262 2738 3375 benignitatempbtegeret.
2786 3259 3103 3363 Propterea,

1912 3365 2036 3455 nes,
2072 3353 2310 3426 insidias,
2351 3362 2490 3419 bella
2521 3381 2700 3429 contra
2729 3353 3022 3439 Ecclesiam
3072 3353 3489 3470 ;;c;;.£."'.';;.;

2060 3489 2100 3547 ζ..
2128 3489 2524 3562 ...υπηίυιιμηιιμ
2559 3489 2717 3522 ιιιυυυ
2743 3489 2930 3529 arcens
2955 3493 2968 3529 :
3005 3489 3128 3535 Non
3164 3501 3275 3541 sum
3301 3489 3484 3562 dignus

1906 3542 2072 3641 ινξιπιξὶ
2098 3542 2371 3641 aptis-talus,
2402 3550 2520 3617 quia
2548 3571 2871 3629 persequutus
2903 3583 3018 3621 sum
3063 3542 3484 3641 EcclesiamaDei'

1905 3620 1979 3737 (1;
2011 3625 2124 3737 Con.
2155 3630 2237 3687 l5.
2270 3633 2361 3702 9);
2414 3642 2569 3697 modo
2598 3658 2797 3719 autem,
2839 3653 2989 3711 Venit
3014 3660 3168 3719 Iesus
3192 3620 3480 3737 peccatore:

1900 3715 2064 3770 salvos
2087 3719 2269 3788 facere,
2296 3743 2506 3833 quorum
2535 3738 2726 3802 primus
2754 3715 2846 3813 ego
2874 3764 2985 3802 sum
3018 3715 3097 3819 (ιζ
3114 3715 3476 3833 uitii:

1900 3816 1963 3858 ac
1991 3819 2225 3877 rursum,
2279 3815 2506 3876 Audistis
2543 3835 2967 3892 conservationem
2998 3858 3159 3898 nteant
3201 3815 3479 3920 aliquanti;

1900 3893 1952 3920 ι..
1996 3897 2208 3920 ι-..ο-ξ-.μ
2448 3910 2461 3920 ⁵

1908 3893 1920 3904 .
2004 3897 2015 3907 ⁸
3201 3893 3265 3902 ,..,
3310 3893 3479 3912 ...πων

1899 3910 1953 3981 tn
1985 3898 2265 3965 Judaisnto,
2308 3910 2542 3971 quoniam
2584 3932 2741 3986 supra
2783 3927 2988 3981 modum
3016 3893 3344 4004 persequeer
3373 3941 3479 3999 Ec-

1899 3987 2102 4095 clesium
2130 3991 2248 4059 Dei,
2278 4005 2322 4048 et
2349 4006 2697 4071 expugnabo»:
2726 4011 2868 4069 illam
2903 3987 3045 4088 (Gal.
3073 3987 3256 4095 1.

1966 4080 2021 4133 2.
2064 4082 2220 4187 \lelnt
2269 4088 2410 4143 enim
2456 4098 2735 4160 quamdam
2779 4080 2945 4162 viceni
2989 4080 3205 4173 Christo
3218 4080 3477 4187 Ireddens

1901 4172 1971 4227 ob
2003 4175 2311 4241 patientiam
2342 4194 2499 4248 quam
2530 4199 2711 4241 secum
2738 4195 3071 4267 exhibuerat,
3120 4217 3175 4260 ut
3219 4172 3473 4272 ostende:

1896 4275 1981 4318 ret
2017 4266 2251 4335 qualem,
2296 4279 2350 4324 et
2386 4276 2652 4339 quomodo
2693 4278 2897 4338 hostem
2929 4298 2980 4341 et
3004 4266 3273 4354 inimicum
3301 4304 3473 4365 salute

1901 4355 2156 4412 donasset
2182 4374 2197 4412 ε
2226 4360 2303 4413 sic
2330 4360 2496 4417 libere
2519 4366 2709 4424 bellum
2742 4371 2868 4430 illud
2897 4381 3168 4454 praedicat,
3190 4405 3296 4459 quo

1909 4458 2049 4502 stum
2092 4451 2142 4504 in
2173 4451 2433 4522 principio
2460 4458 2710 4517 ardenter
2738 4464 3096 4541 impugnabat.
3146 4451 3278 4538 [line
3298 4451 3472 4547 autem

1904 4537 2308 4606 desperantibus
2333 4558 2480 4615 spem
2509 4548 2702 4607 bonam
2734 4537 2907 4614 indit.‘
2922 4563 3050 4618 Nam
3081 4569 3155 4622 ait
3182 4537 3475 4633 ideo

1912 4637 2049 4684 stum
2098 4647 2158 4686 se
2204 4635 2602 4706 resipiscentem
2643 4646 2941 4717 admisisse,
2992 4666 3048 4709 ut
3099 4660 3151 4713 in
3200 4677 3260 4717 se
3301 4668 3472 4735 primo

1906 4720 2210 4778 ostenderet
2248 4739 2458 4785 omnem
2490 4736 2822 4803 patientiam,
2868 4752 2921 4796 et
2945 4746 3231 4810 immensas
3257 4720 3465 4816 bonita-

1898 4809 1965 4864 tis
2016 4826 2127 4867 suae
2165 4813 2397 4885 divitias,
2441 4821 2491 4875 in
2528 4827 2834 4889 exemplum
2868 4847 3050 4890 eorum
3089 4843 3177 4910 qui
3207 4858 3387 4914 postea
3418 4855 3466 4910 in
3562 4840 3565 4841 ν

1897 4899 2067 4970 ipsum
2095 4905 2347 4963 credituri
2392 4923 2545 4967 erant
2588 4915 2639 4967 in
2684 4916 2844 4971 vitam
2886 4899 3161 4988 aeternam.
3208 4899 3464 4998 'Gravior;

1897 4996 2090 5064 quippe
2119 4997 2186 5052 ab
2221 5000 2348 5070 ipsis
2387 5003 2618 5059 admissa
2649 5004 2897 5079 fuerant,
2929 5033 3081 5087 quam
3113 5043 3230 5095 quur
3260 4996 3469 5090 veniam

1895 5098 2259 5155 mererentur;
2282 5107 2400 5161 quae
2427 5093 2712 5148 declarans
2740 5107 3059 5173 evangelista
3090 5093 3302 5171 dicebat
3350 5137 3365 5174 ε
3408 5120 3472 5179 In

1891 5179 2098 5249 propria
2135 5182 2285 5245 venit,
2332 5193 2377 5236 et
2402 5185 2481 5236 sui
2511 5199 2629 5236 eum
2654 5198 2756 5236 non
2781 5203 3089 5263 receperunt.
3136 5204 3289 5261 Unde
3332 5213 3473 5268 venit

1893 5266 1940 5322 is
1967 5269 2055 5339 qui
2087 5271 2265 5325 omnia
2289 5272 2500 5340 implet,
2541 5270 2634 5338 (ιυί
2664 5272 2858 5369 {ibique
2887 5300 3120 5353 praesens
3156 5299 3275 5352 est?
3315 5316 3469 5369 quem

1893 5357 2067 5415 locum
2116 5359 2349 5429 reliquit,
2401 5360 2491 5428 qui
2540 5357 2725 5414 omnia
2751 5378 2908 5430 manu
2941 5387 3082 5438 tenet
3110 5357 3473 5442 etcmitiiiett
