4012 6210
543 263 611 320 75
1250 259 1306 316 S.
1348 259 1625 316 JOANNIS
1660 254 2136 315 CHRYSOSTOMI
2174 255 2487 314 ARCHIEP.
2531 261 3062 322 CONSTANTINOP.
3745 294 3815 346 τῦ

545 383 741 440 Locum
791 379 1002 451 quidem
1054 376 1251 433 nullum
1301 376 1536 447 reliquit,
1592 374 1895 447 (quomodo
1939 378 2119 443 posset

538 472 764 543 enim?)
810 486 909 527 suo
947 479 1124 525 autem
1169 468 1236 522 ad
1280 482 1378 522 nos
1415 468 1675 522 descensu
1716 466 1768 519 id
1810 463 1952 518 fecit.
1985 464 2116 530 Quia

543 566 685 619 enim
719 564 771 617 in
805 560 1006 616 mttndo
1035 576 1155 615 cum
1191 567 1357 623 esset,
1412 575 1515 612 non
1559 558 1836 612 videbatur
1885 554 2075 609 adesse
2101 595 2116 620 ,

543 653 684 723 quod
731 650 967 706 nondum
1011 657 1424 720 cognosceretur
1454 666 1469 714 ;
1514 659 1694 718 postea
1722 661 1851 700 vero
1877 646 2112 715 seipsum

541 744 799 809 ostendit,
830 760 950 798 cum
983 756 1219 796 uoStram
1251 740 1474 795 induere
1498 754 1712 794 carnem
1735 739 1980 809 dignatus
2004 747 2114 792 est:

544 835 683 889 hanc
710 834 1194 888 manifestationem
1223 840 1275 885 ct
1303 830 1640 891 descensum,
1689 830 1975 883 adventum
2019 844 2115 897 ap-

542 927 724 993 pellat.
758 925 949 979 Mirum
987 933 1069 979 est
1095 922 1413 992 discipulum
1445 937 1550 975 non
1582 922 1897 977 erubescere
1926 921 1993 975 de
2015 938 2120 974 ma-

539 1017 691 1087 gistri
717 1016 1062 1082 contumelia,
1091 1015 1185 1069 sed
1214 1030 1332 1070 eam
1360 1015 1527 1084 ipsam
1548 1013 1926 1068 contumeliam
1950 1013 2118 1068 ﬁden-

541 1118 622 1162 ter
652 1108 821 1162 literis
849 1106 1121 1161 mandare.
1171 1105 1227 1158 Id
1272 1120 1401 1159 vero
1441 1118 1545 1157 non
1578 1118 1764 1172 parum
1787 1103 2117 1157 demonstrat

537 1214 693 1267 quam
722 1212 908 1251 amans
939 1196 1179 1251 veritatis
1205 1203 1367 1248 esset.
1395 1193 1641 1263 Alioquin
1668 1202 1847 1248 autem
1871 1194 1937 1261 is,
1956 1209 2113 1263 quem

537 1294 696 1361 pudet
735 1292 1167 1354 conviciantium,
1216 1308 1320 1346 non
1370 1291 1534 1361 pudet
1576 1291 1713 1360 ejus,
1745 1292 1837 1361 qui
1860 1292 2114 1347 conviciis

538 1395 796 1437 oneratus
822 1393 922 1437 est.
955 1383 1050 1437 Hic
1074 1385 1270 1454 quippe
1294 1382 1394 1437 hac
1421 1383 1626 1438 ratione
1651 1384 1848 1439 clarior
1874 1382 1990 1448 fuit,
2022 1385 2112 1453 qui

538 1486 658 1544 post
720 1476 1100 1531 contumeliam
1153 1475 1665 1530 contumeliosarum
1728 1475 2112 1544 providentiam

535 1568 700 1635 gessit
732 1585 747 1621 :
776 1566 850 1620 illi
876 1581 1006 1622 vero
1036 1567 1227 1636 ingrati
1259 1574 1314 1619 et
1344 1566 1556 1620 scelesti
1602 1566 1740 1636 apud
1784 1580 1972 1620 omnes
2015 1565 2113 1620 visi

534 1667 679 1721 sunt,
710 1658 800 1728 qui
839 1672 984 1724 eum,
1008 1657 1097 1726 qui
1130 1666 1207 1710 tot
1235 1655 1372 1710 bona
1397 1657 1655 1710 allaturus
1690 1666 1930 1718 venerat,
1961 1655 2112 1725 quasi

538 1749 814 1802 inimicum
842 1758 896 1802 et
924 1748 1132 1802 hostem
1163 1746 1504 1815 expulerunt.
1543 1745 1725 1816 Neque
1773 1745 1902 1800 illttd
1942 1760 2111 1800 nocu-

535 1839 698 1891 tuenti
748 1844 949 1891 tantum
999 1845 1344 1905 acceperunt,
1397 1835 1490 1889 sed
1535 1836 1692 1889 etiam
1733 1835 1873 1905 quod
1911 1850 1973 1890 ea
2005 1850 2110 1889 non

532 1928 883 1993 obtinuerint,
931 1943 1050 1997 quae
1098 1926 1414 1996 consequuti
1455 1936 1579 1981 sunt
1618 1926 1653 1979 ii
1697 1927 1785 1996 qui
1817 1928 1987 1996 ipsum
2019 1943 2112 1982 ac-

531 2029 808 2088 ceperunt.
858 2021 1113 2086 Quaenam
1156 2019 1208 2072 hi
1258 2018 1572 2088 consequuti
1616 2019 1783 2072 sunt?
1812 2018 1896 2072 I2.
1947 2020 2110 2086 Quot-

536 2123 657 2180 quot
681 2122 847 2165 autem
875 2120 1166 2180 receperunt
1193 2128 1341 2177 eum,
1396 2111 1535 2164 dedit
1559 2112 1629 2165 eis
1659 2120 1952 2179 potestatem
1979 2113 2112 2180 filios

537 2203 630 2257 Dei
658 2204 789 2273 ﬁeri,
820 2204 1009 2273 inquit.
1038 2203 1146 2259 Cur
1176 2219 1282 2257 non
1314 2218 1499 2257 narras
1524 2204 1697 2268 nobis,
1733 2219 1766 2256 ο
1794 2204 1963 2269 beate,
2019 2221 2112 2259 eo-

532 2310 649 2347 rum
680 2295 1023 2362 supplicium,
1067 2294 1155 2364 qui
1184 2309 1289 2349 non
1318 2304 1634 2363 receperunt
1661 2295 1807 2349 illuni
1836 2310 1853 2360 ;
1898 2297 1992 2350 sed
2019 2312 2111 2352 eos

531 2386 665 2440 dicis
693 2400 817 2440 suos
842 2384 1025 2450 fuisse,
1057 2394 1112 2439 et
1160 2386 1214 2439 in
1246 2385 1456 2455 propria
1482 2388 1780 2440 venientem
1828 2402 1934 2440 non
1962 2402 2113 2442 rece-

534 2477 715 2546 pisse;
762 2486 815 2531 et
854 2476 981 2546 quid
1027 2476 1126 2530 hac
1160 2476 1227 2530 de
1256 2491 1415 2531 causa
1444 2477 1673 2546 passuri,
1716 2478 1963 2547 quodque
1984 2493 2109 2547 sup-

532 2568 748 2636 plicium
775 2568 996 2621 subituri
1028 2568 1136 2620 sint
1166 2582 1270 2621 non
1296 2567 1581 2635 adjecist't?
1608 2569 1771 2638 Atqui
1800 2570 1966 2639 magis
1991 2569 2111 2623 illos

534 2661 605 2713 ita
647 2661 949 2725 terruisses,
996 2668 1050 2715 et
1095 2675 1189 2729 per
1233 2660 1703 2716 comminationem
1749 2661 1914 2728 illam,
1957 2677 2106 2716 arro-

532 2752 727 2821 gantiae
766 2751 1013 2806 duritiem
1062 2752 1438 2806 emollivisses.
1485 2748 1592 2805 Cur
1616 2766 1745 2822 ergo
1772 2751 1823 2805 id
1853 2753 2110 2806 tacuisti?

535 2841 773 2912 Ecquod,
806 2843 1029 2912 inquiet,
1077 2842 1251 2911 majus
1279 2842 1380 2896 hoc
1405 2841 1665 2911 supplicio
1694 2841 1868 2905 fuerit,
1899 2841 2109 2911 quando

534 2943 797 3005 potestate
827 2934 956 3002 ipsis
977 2934 1097 2988 data
1126 2942 1184 2988 ut
1213 2932 1307 2987 lilii
1336 2934 1426 2998 Dei
1456 2931 1662 2998 flerent,
1712 2933 1809 3001 ipsi
1851 2931 1965 2987 ﬁeri
2008 2948 2108 2986 no-

535 3029 702 3091 luere,
748 3027 844 3083 sed
874 3036 1018 3082 tanta
1046 3040 1106 3082 se
1136 3026 1433 3089 nobilitate,
1486 3034 1632 3080 tanto
1661 3040 1719 3080 se
1766 3025 1969 3079 honore
2014 3039 2108 3079 sua

530 3128 723 3186 sponte
768 3116 1078 3186 privarunt?
1127 3115 1322 3171 Verum
1354 3132 1462 3171 non
1491 3115 1591 3170 hoc
1617 3123 1819 3170 tantum
1847 3114 2108 3185 supplicio

526 3209 850 3273 afﬁcientur,
878 3208 1019 3274 quod
1044 3207 1146 3262 hoc
1172 3206 1367 3260 bonum
1398 3222 1503 3260 non
1524 3209 1824 3276 acceperint
1849 3222 1863 3270 ;
1895 3205 1987 3259 sed
2013 3219 2108 3259 eos

528 3302 687 3355 etiam
720 3298 1171 3367 inexstinguibilis
1200 3298 1336 3366 ignis
1375 3298 1625 3366 excipiet,
1674 3297 1726 3350 id
1755 3296 1895 3365 quod
1924 3305 2106 3364 postea

527 3391 721 3443 clarius
749 3389 974 3456 aperuit.
1002 3388 1220 3443 Interim
1245 3404 1371 3441 vero
1399 3387 1678 3441 inell'abilia
1709 3388 1844 3440 bona
1870 3397 2103 3455 enarrat,

528 3480 681 3548 queis
724 3477 956 3531 donandi
1006 3485 1131 3530 sunt
1170 3477 1243 3529 illi
1285 3478 1374 3545 qui
1407 3491 1529 3530 eum
1561 3485 1918 3544 receperunt;
1948 3477 2106 3547 idque

530 3568 677 3622 brevi
708 3566 910 3636 profert
938 3567 1020 3620 his
1048 3566 1177 3635 ipsis
1207 3566 1383 3620 verbis
1420 3583 1433 3619 :
1465 3566 1719 3634 Quotquot
1763 3577 1927 3621 autem
1969 3555 2107 3623 recc;

528 3668 707 3727 perunt
736 3675 868 3720 eum,
913 3659 1048 3711 dedit
1078 3660 1149 3712 eis
1189 3668 1482 3727 potestatem
1509 3659 1641 3726 ﬁlios
1672 3658 1767 3712 Dei
1794 3661 1924 3728 ﬁeri.
1979 3661 2104 3716 Sive

526 3752 665 3805 servi
697 3752 808 3825 sive
841 3752 1012 3814 liberi,
1046 3754 1159 3805 sive
1187 3751 1357 3807 (ἰαυοῖ
1398 3752 1510 3807 sive
1555 3752 1788 3812 barbari.
1841 3754 1921 3808 vel
1971 3754 2100 3825 Scy-

528 3843 653 3906 tha},
710 3843 823 3896 sive
870 3843 1180 3911 insipientes
1230 3842 1344 3896 sive
1394 3842 1686 3911 sapientes,
1722 3844 1836 3897 sive
1863 3845 1960 3898 viri
1989 3850 2101 3901 sive

526 3934 799 3999 "mlieres,
836 3934 948 3988 sive
988 3934 1137 4003 pueri
1170 3934 1282 3988 sive
1309 3939 1571 4001 seniores,
1619 3936 1730 3991 sive
1756 3936 1961 3991 nobiles
1986 3937 2101 3992 sive

526 4026 805 4096 ignobiles,
860 4026 979 4079 sive
1009 4025 1203 4080 divites
1230 4025 1343 4081 sive
1371 4041 1650 4096 pauperes,
1696 4028 1809 4082 sive
1835 4028 2099 4098 principes

530 4120 643 4173 sive
667 4117 877 4188 privati,
908 4118 1106 4187 inquit,
1134 4119 1325 4173 eodem
1351 4135 1537 4174 omnes
1563 4119 1846 4189 dignantur
1871 4120 2095 4178 honore.

527 4210 682 4264 Fides
708 4210 849 4263 enim
878 4218 930 4264 ct
952 4209 1179 4278 Spiritus
1199 4211 1388 4281 gratia,
1438 4210 1802 4266 conditionum
1842 4211 2100 4267 humana-

522 4317 638 4353 rum
673 4301 1082 4370 iniequalitatem
1114 4303 1327 4364 tollens,
1381 4303 1434 4355 in
1483 4317 1642 4357 unam
1691 4317 1879 4357 omnes
1908 4303 2099 4373 redigit

527 4389 774 4455 formam,
807 4399 861 4444 et
890 4405 994 4445 uno
1031 4394 1178 4460 regio
1204 4390 1515 4446 charactere
1564 4402 1736 4446 notat.
1794 4392 1933 4459 Quid
1972 4392 2098 4448 huic

524 4481 832 4551 benignitati
878 4495 973 4549 par
1011 4479 1212 4533 fuerit?
1238 4481 1351 4533 Rex
1396 4481 1611 4549 quidem
1650 4499 1712 4536 ex
1760 4480 1948 4538 eodem
1990 4497 2098 4551 quo

526 4587 624 4627 nos
656 4572 766 4626 luto
796 4572 1077 4635 formatus,
1139 4585 1429 4624 conservos
1460 4587 1587 4626 suos
1611 4574 1700 4641 qui
1724 4574 1967 4629 eamdem
1997 4591 2095 4629 na-

527 4674 700 4718 turam
730 4661 1066 4731 participant,
1095 4676 1157 4715 ac
1184 4676 1328 4730 sirpe
1365 4663 1673 4717 melioribus
1702 4665 1954 4734 pravditos
1984 4682 2096 4720 mo.

525 4757 696 4820 ribus,
730 4768 836 4809 non
863 4752 1109 4822 dignatur
1134 4753 1185 4806 in
1213 4754 1507 4807 exercitum
1539 4754 1740 4823 regium
1768 4755 2093 4823 adscribere,

422 4855 430 4862 '
522 4848 565 4901 si
594 4846 736 4902 servi
777 4844 991 4915 quidem
1038 4845 1113 4899 illi
1157 4843 1392 4909 fuerint;
1439 4846 1740 4915 unigenitus
1781 4857 1956 4902 autem
2002 4850 2096 4904 Dei

523 4937 691 4991 Filius
737 4935 1048 5006 publicanos
1094 4951 1199 4989 non
1246 4934 1586 5005 dedignatur,
1636 4951 1838 5005 magos,
1888 4953 2094 5006 servos,

519 5030 867 5099 omniumque
910 5028 1324 5098 ignobilissimos
1354 5029 1371 5059 ¹
1397 5069 1412 5091 ,
1449 5028 1645 5082 multos
1685 5029 1844 5083 etiam
1872 5043 2097 5100 corpore

521 5118 759 5183 mutilos,
786 5118 868 5175 vel
897 5134 1083 5188 magna
1114 5117 1337 5173 allectos
1363 5118 1500 5182 labe,
1548 5119 1598 5172 in
1642 5118 1874 5175 ﬁliorum
1908 5137 2096 5177 nume-

522 5225 641 5264 rum
670 5210 995 5266 adscribere.
1043 5208 1211 5265 Tanta
1245 5220 1324 5266 est
1354 5209 1473 5264 fidei
1508 5210 1559 5264 in
1586 5208 1860 5267 Christum
1890 5212 2092 5279 virtus;

521 5311 663 5356 tanta
719 5304 905 5373 gratia:
949 5303 1283 5373 magnitudo.
1346 5304 1421 5357 Ac
1462 5303 1915 5372 quemadmodum
1957 5306 2096 5376 ignis

520 5400 733 5455 natura,
784 5394 827 5446 si
876 5395 1213 5448 metallorum
1263 5402 1460 5449 terram
1506 5395 1761 5465 attigerit,
1806 5397 1949 5452 illam
1988 5398 2095 5452 cito

518 5499 705 5540 aurum
736 5484 943 5547 reddit;
977 5485 1073 5549 sic,
1109 5486 1217 5539 imo
1239 5487 1393 5556 longe
1423 5489 1616 5558 magis,
1647 5487 1930 5557 baptisma,
1963 5504 2096 5558 quos

519 5577 705 5638 abluit,
753 5575 945 5630 aureos
982 5591 1051 5631 ex
1095 5576 1252 5631 luteis
1297 5576 1491 5647 reddit,
1537 5577 1735 5649 Spiritu
1764 5580 1899 5650 ignis
1929 5580 2096 5635 instar

584 5672 599 5701 ι
635 5668 774 5720 savii.
796 5669 943 5732 addit,
962 5676 1009 5721 et
1031 5669 1379 5734 pmtpem'mos.

2232 370 2322 425 illo
2355 381 2594 443 tempore
2638 377 2688 430 in
2733 378 2938 433 animas
2966 391 3176 436 nostras
3217 371 3513 450 incidente,
3561 397 3618 443 et
3667 389 3814 445 lutea

2225 476 2494 536 assumpta
2542 469 2789 539 imagine,
2842 473 3109 528 caelestem
3151 490 3343 530 novant
3386 488 3442 532 et
3470 479 3812 548 Splendidam

2225 559 2531 628 imaginem,
2587 564 2737 632 quasi
2781 578 2844 618 ex
2899 565 3193 621 conflatura
3243 569 3618 638 splendentem
3672 575 3813 628 refe-

2225 662 2394 706 rente.
2424 653 2490 707 Et
2520 669 2618 708 cur
2646 670 2751 709 non
2797 657 2951 720 dixit,
2998 658 3143 713 Fecit
3175 661 3291 715 illos
3333 662 3470 717 ﬁlios
3501 665 3596 720 Dei
3622 684 3638 732 ;
3689 670 3807 732 sed,

2224 739 2373 795 Dedit
2401 744 2503 797 illis
2544 754 2837 814 potestatem
2879 749 3013 817 ﬁlios
3053 748 3149 803 Dei
3177 752 3348 819 ﬁeri!
3382 752 3456 810 Ut
3496 758 3811 813 ostenderet

2221 834 2388 888 multa
2417 835 2568 890 nobis
2598 851 2740 906 opus
2777 853 2898 894 esse
2923 841 3215 909 diligentia,
3245 853 3301 896 ut
3336 845 3645 914 adoptionis
3674 851 3810 903 ima-

2220 925 2398 995 ginem
2439 925 2490 979 in
2516 926 2835 996 baptismate
2861 931 3016 998 nobis
3040 932 3381 1001 impressam,
3406 936 3806 995 immaculatam

2221 1030 2433 1087 semper
2462 1027 2514 1073 et
2541 1020 2793 1073 intactam
2826 1035 3103 1081 servemus
3130 1038 3146 1088 ;
3179 1024 3448 1095 simulque
3478 1027 3802 1098 declararet,

2222 1107 2357 1163 hanc
2387 1118 2701 1178 potestatem
2732 1126 2761 1165 a
2793 1114 3006 1193 nemine
3028 1114 3182 1168 nobis
3224 1117 3423 1171 auferri
3468 1134 3648 1188 posse,
3703 1125 3803 1179 nisi

2221 1201 2365 1269 prius
2391 1201 2488 1270 ipsi
2521 1203 2664 1282 illam
2686 1204 2841 1259 nobis
2866 1204 3267 1261 abstulerimtts.
3295 1207 3351 1264 Si
3382 1210 3525 1264 enim
3555 1212 3589 1265 ii
3616 1196 3806 1283 qui‘ab

2221 1291 2522 1348 hominibus
2555 1297 2927 1351 auctoritatem
2969 1299 3253 1367 quamdam
3283 1313 3631 1371 acceperunt,
3682 1316 3802 1360 tan-

2221 1391 2328 1435 tttm
2381 1384 2523 1437 illam
2579 1383 2689 1440 fere
2747 1396 2988 1450 servant,
3040 1398 3296 1461 quantum
3350 1394 3441 1460 qui
3489 1393 3797 1459 dederunt;

2218 1473 2388 1526 multo
2419 1474 2589 1543 magis
2636 1491 2734 1529 nos
2774 1477 2862 1545 qui
2894 1491 2923 1530 a
2960 1478 3066 1532 Deo
3097 1478 3239 1534 hunc
3268 1485 3583 1552 consequuti
3616 1500 3802 1541 sumus

2220 1559 2500 1624 honorem,
2534 1563 2578 1616 si
2612 1563 2745 1617 nihil
2767 1564 2865 1618 hac
2892 1565 3163 1636 indignum
3199 1577 3465 1638 potestate
3495 1572 3797 1642 fecerimus,

2217 1652 2456 1706 omnium
2485 1655 2837 1723 potentissimi
2869 1657 3091 1724 erimus,
3141 1674 3207 1714 eo
3234 1661 3376 1731 quod
3404 1666 3641 1720 omnium
3685 1683 3799 1721 tna-

2217 1744 2397 1798 ximus
2438 1746 2776 1815 optimusque
2817 1749 2887 1802 sit
2937 1748 3002 1814 is,
3053 1751 3143 1820 qui
3197 1767 3295 1807 nos
3341 1753 3442 1809 hoc
3469 1754 3678 1813 honore
3712 1759 3798 1814 di-

2215 1842 2405 1904 gnatus
2433 1844 2535 1890 est.
2567 1836 2733 1891 Simul
2761 1847 2940 1894 autem
2968 1841 3082 1894 vult
3104 1841 3401 1909 declarare,
3430 1847 3656 1916 gratiam
3691 1866 3795 1903 non

2215 1926 2270 1979 in
2298 1926 2590 1996 quemlibet
2626 1934 2834 1983 temere
2878 1928 3102 1993 infundi,
3136 1932 3229 1986 sed
3277 1932 3328 1987 in
3361 1950 3456 1990 eos
3485 1937 3578 2006 qui
3605 1939 3794 1993 volun-

2218 2017 2339 2071 tatis
2369 2017 2694 2087 propositnm
2723 2027 2778 2073 et
2802 2019 3129 2090 diligentiam
3159 2022 3415 2079 adhibent
3448 2044 3461 2081 :
3508 2028 3559 2081 itt
3606 2029 3793 2084 horum

2216 2106 2360 2160 enim
2406 2116 2673 2176 poteStale
2723 2110 2884 2163 situm
2940 2118 3121 2165 estut
3172 2113 3263 2167 lilii
3327 2115 3419 2170 Dei
3488 2118 3637 2171 ﬂant.
3684 2118 3794 2173 Nisi

2215 2197 2356 2251 enim
2392 2198 2681 2265 voluerint,
2735 2198 2935 2255 donum
2979 2219 3086 2256 non
3128 2204 3365 2272 advenit,
3410 2223 3511 2263 nec
3540 2221 3792 2279 operatur

2214 2287 2504 2357 quidpiam.

2294 2381 2347 2435 5.
2389 2380 2595 2450 Ubique
2643 2381 2801 2452 igitur
2850 2386 3216 2441 necessitatem
3264 2389 3400 2444 tollit
3429 2399 3483 2445 et
3511 2392 3794 2448 voluntatis

2213 2471 2488 2526 arbitrium
2510 2473 2691 2537 ell’ert;
2726 2474 2777 2529 id
2801 2476 2940 2545 quod
2973 2494 3115 2531 ttunc
3145 2479 3295 2533 dixit.
3328 2479 3382 2533 lu
3415 2482 3498 2537 his
3535 2486 3677 2539 enim
3703 2502 3791 2540 ar-

2212 2562 2379 2628 canis,
2409 2562 2550 2616 aliud
2584 2563 2675 2618 Dei
2702 2574 2804 2629 est,
2849 2583 3039 2638 nempe
3065 2569 3193 2623 dare
3219 2572 3478 2639 gratiant;
3508 2576 3650 2630 aliud
3691 2579 3789 2631 ho-

2213 2653 2392 2719 minis,
2435 2654 2642 2710 scilicet
2685 2656 2841 2713 [idem
2882 2659 3154 2715 exhibere.
3186 2662 3241 2716 In
3291 2665 3634 2736 subsequenti
3665 2688 3793 2726 vero

2214 2749 2451 2811 tempore
2476 2744 2638 2798 multa
2665 2761 2798 2815 opus
2833 2756 2916 2802 est
2956 2750 3248 2819 diligentia.
3284 2752 3397 2808 Non
3426 2756 3568 2810 enim
3596 2760 3791 2817 sufﬁcit

2211 2833 2276 2888 ad
2306 2835 2552 2906 puritatis
2592 2838 2887 2892 custodiam
2916 2839 3170 2908 baptizari
3211 2844 3383 2898 solum
3428 2858 3481 2901 et
3522 2852 3741 2905 credere
3773 2871 3786 2909 :

2211 2926 2303 2980 sed
2331 2926 2378 2981 si
2409 2927 2632 2982 velimus
2662 2944 2872 2998 semper
2903 2930 3024 2984 lieto
3054 2947 3273 2988 munere
3299 2934 3423 2996 l‘rui.
3455 2938 3549 2991 illo
3575 2939 3787 3011 dignam

2211 3026 2422 3086 Oportet
2456 3019 2710 3076 exhibere
2752 3022 2934 3077 vitam.
2978 3023 3093 3077 Hoc
3134 3034 3311 3079 autem
3344 3028 3513 3083 voluit
3551 3031 3688 3087 Deus
3736 3037 3788 3089 in

2211 3118 2390 3163 nostra
2421 3111 2579 3165 situm
2607 3126 2725 3167 esse
2757 3122 3034 3181 potestate.
3063 3114 3127 3170 Ut
3151 3118 3370 3187 mystica
3401 3122 3543 3176 enim
3569 3137 3791 3194 genera-

2212 3201 2357 3255 tione
2385 3216 2686 3269 nascamur,
2721 3214 2772 3258 et
2814 3213 3031 3272 peccata
3061 3215 3183 3259 ante
3212 3207 3442 3263 admissa
3485 3213 3784 3280 abluamus,

2213 3292 2263 3345 id
2295 3309 2388 3361 per
2428 3292 2746 3362 baptismum
2787 3294 3048 3362 efﬁcitur;
3099 3307 3155 3351 nt
3201 3314 3329 3354 vero
3369 3301 3620 3374 deinceps
3671 3314 3784 3377 puri

2210 3397 2532 3463 maneamus,
2570 3394 2622 3438 et
2653 3386 2849 3439 nullam
2881 3387 3017 3441 ultra
3056 3388 3395 3447 admittamus
3423 3397 3704 3462 macolam,
3734 3402 3784 3452 id

2209 3471 2261 3525 in
2290 3481 2469 3526 nostra
2509 3474 2666 3527 sitmn
2697 3485 2777 3529 cst
2803 3485 3063 3545 potestate
3091 3495 3155 3534 ac
3180 3481 3471 3549 diligentia.
3502 3486 3705 3543 Idcirco
3732 3503 3787 3544 et

2208 3565 2563 3632 generationis
2594 3567 2808 3621 modum
2853 3580 3131 3635 memorat,
3180 3582 3234 3626 et
3265 3573 3398 3629 facta
3441 3591 3561 3631 cum
3587 3586 3785 3638 carnali

2210 3663 2361 3720 partu
2402 3658 2833 3723 comparatione,
2880 3658 2998 3728 ejus
3048 3664 3415 3719 excellentiam
3458 3667 3785 3728 demonstrat

2208 3741 2288 3796 his
2336 3744 2558 3798 verbis:
2595 3747 2677 3801 l5.
2731 3747 2830 3813 Qui
2868 3765 2967 3802 non
3010 3767 3073 3804 ea:
3109 3755 3466 3823 sanguini’bus,
3518 3776 3677 3825 neque
3723 3780 3787 3817 ea:

2205 3833 2458 3887 voluntate
2507 3839 2707 3903 carnis,
2770 3855 2929 3903 neque
2976 3858 3040 3894 ex
3094 3844 3349 3899 voluntate
3396 3848 3522 3912 viri,
3578 3852 3669 3904 sed
3723 3873 3786 3907 ex

2206 3924 2315 3978 Deo
2364 3926 2470 3978 nati
2516 3936 2651 3980 sunt.
2722 3930 2832 3985 Iloc
2874 3941 3053 3987 autem
3103 3935 3254 3999 fecit,
3310 3948 3366 3991 ut
3415 3941 3623 4008 prioris-
3660 3961 3785 4014 par-

2206 4023 2291 4070 tus
2337 4031 2404 4071 ex
2462 4019 2808 4088 sanguinibus
2846 4032 2899 4075 et
2951 4038 3013 4077 ex
3060 4024 3331 4081 voluntate
3380 4031 3556 4086 carnis
3604 4036 3785 4088 vilita-

2206 4119 2311 4163 tem
2367 4110 2561 4175 edocti,
2606 4129 2667 4166 ac
2715 4115 2936 4169 secundi
2980 4116 3067 4185 qui
3110 4133 3203 4186 per
3249 4122 3468 4189 gratiam
3517 4125 3573 4178 lit
3617 4130 3787 4181 subli-

2204 4202 2386 4257 mitate
2433 4202 2811 4274 nobilitathue
2854 4216 3123 4276 percepta,
3181 4209 3302 4265 hinc
3343 4229 3584 4282 magnam
3626 4217 3789 4288 hujus

2203 4300 2257 4346 et
2281 4295 2585 4361 generantis
2613 4294 2754 4348 dono
2796 4295 3010 4366 dignam
3040 4300 3345 4366 opinionem
3392 4306 3786 4376 concipiamus,

2205 4386 2529 4454 multamque
2559 4397 2738 4453 postea
2780 4386 3104 4456 diligentiam
3150 4391 3517 4449 exhibeamus.
3568 4397 3790 4467 Magnu—

2204 4489 2330 4543 pere
2379 4479 2523 4528 enim
2570 4475 2863 4531 timendum
2913 4488 3015 4545 est,
3070 4496 3137 4535 ne
3177 4480 3275 4537 hac
3319 4485 3537 4553 pulchra
3587 4487 3788 4546 fmtlata

2202 4568 2359 4629 stola,
2395 4570 2464 4622 ob
2501 4568 2762 4637 ignaviam
2790 4579 2843 4622 et
2882 4573 3085 4626 scelera
3129 4584 3305 4629 nostra
3335 4593 3398 4632 ex
3428 4579 3662 4637 thalamo
3691 4586 3793 4654 eji-

2202 4660 2441 4714 ciamur:
2473 4660 2694 4729 perinde
2735 4670 2893 4730 atque
2916 4664 3147 4733 quinque
3178 4666 3279 4720 illie
3310 4669 3543 4739 virgines
3587 4674 3750 4729 l'atuze
3778 4695 3792 4737 ;

2205 4752 2445 4805 utetiam
2478 4750 2566 4804 ille
2611 4767 2715 4805 non
2748 4751 2947 4806 habens
2978 4763 3176 4809 vestem
3227 4760 3539 4827 nuptialem.
3567 4762 3703 4818 Nam
3738 4778 3794 4823 et

2205 4844 2291 4899 ille
2321 4860 2383 4898 ex
2424 4844 2664 4898 convivis
2705 4853 2840 4907 erat,
2871 4846 3228 4918 invitatusque
3260 4849 3431 4906 fuerat
3458 4872 3472 4907 :
3502 4856 3626 4924 quia
3656 4873 3794 4912 vero

2205 4946 2324 5005 post
2362 4936 2692 4990 vocationem
2724 4947 2777 4990 et
2809 4946 3012 4991 tantum
3056 4937 3337 5008 honorem,
3383 4957 3441 4999 se
3471 4945 3793 5004 invitantem

2203 5027 2521 5081 contumelia
2565 5025 2761 5092 affecit,
2806 5027 2928 5081 audi
2961 5044 3095 5099 quas
3142 5046 3325 5099 pinnas
3352 5032 3581 5103 dederit,
3621 5053 3793 5109 quam

2202 5117 2471 5172 luctuosas
2491 5127 2545 5172 et
2564 5117 2812 5189 lacrymis
2830 5118 3037 5188 dignas.
3062 5121 3141 5175 Ad
3165 5131 3268 5176 tam
3287 5121 3621 5193 splendidam
3639 5132 3791 5187 enim

2204 5215 2259 5263 et
2282 5216 2389 5262 tam
2418 5207 2616 5262 lautam
2643 5223 2880 5263 mensam
2901 5209 3186 5277 admissus,
3214 5228 3317 5268 non
3345 5215 3517 5270 solum
3539 5222 3798 5275 convivio

2204 5296 2526 5363 excluditur,
2545 5298 2639 5354 sed
2668 5308 2724 5353 et
2744 5298 2921 5370 ligatis
2948 5302 3194 5358 manibus
3222 5314 3277 5359 et
3303 5307 3526 5375 pedibus
3551 5310 3603 5363 in
3637 5319 3800 5366 tene-

2206 5392 2329 5444 bras
2369 5391 2668 5446 exteriores
2698 5392 2939 5455 mittitur,
2975 5394 3063 5448 tibi
3105 5408 3393 5465 perpetuus
3422 5409 3504 5455 est
3535 5399 3694 5457 ﬂetus
3741 5416 3801 5461 et

2203 5480 2403 5536 stridor
2430 5479 2688 5534 dentium.
2717 5481 2794 5535 Ne
2822 5482 3017 5552 itaque,
3042 5483 3241 5550 dilecti,
3272 5487 3429 5543 ﬁdem
3458 5490 3525 5544 ad
3553 5494 3802 5550 salutem

2205 5572 2359 5628 nobis
2387 5573 2516 5628 satis
2536 5587 2658 5629 esse
2684 5573 3066 5631 existimemus.
3090 5577 3200 5632 Nisi
3231 5582 3371 5635 enim
3403 5582 3564 5636 vitam
3599 5599 3802 5654 puram

2206 5664 2628 5732 exhibuerimus,
2654 5667 2749 5724 sed
2779 5665 3016 5723 vestibus
3042 5668 3140 5725 hac
3165 5668 3317 5726 beata
3359 5673 3589 5745 indignis
3619 5691 3803 5733 voca-
