4008 6208
469 232 530 284 '77
1141 239 1195 292 S.
1232 234 1515 290 .IOANNIS
1552 233 2039 287 CHRYSOSTOMI
2075 204 2393 287 ΑιιειιιῐῐΡ·
2439 225 2978 313 CONSTANTINOP.
3668 248 3738 300 '78

459 351 640 418 στιπτοὶ,
677 351 809 420 μηδέ
844 353 1002 421 ἡμεῖς
1026 350 1334 418 νομίζωμεν
1353 361 1376 388 ι
1405 350 1594 418 ἀρκεῖν
1614 349 1742 416 ἡμῖν
1774 347 1906 416 πρὸς
1937 363 2042 398 σω-

460 433 654 501 τηρίαν
684 433 779 502 τὴν
811 435 1014 485 πίστιν.
1051 435 1148 484 Ἂν
1205 431 1312 501 7&9
1367 433 1440 501 μὴ
1495 430 1607 500 βίον
1647 428 2040 497 ὲπιδειξώμεθα

463 517 722 587 καθαρὸν,
763 517 876 570 ἀλλ’
906 516 1098 581 ἀνάξια
1128 517 1228 585 τῆς
1269 515 1542 586 μακαρίας
1570 515 1814 582 κλήσεως
1843 514 2044 582 ταύτης

467 599 657 663 ἱμάτια
693 601 1100 670 ἀμφιασάμενοι
1133 597 1595 667 παραγενώμεθα,
1646 596 1798 649 οὐδὲν
1846 594 2044 648 κωλύει

466 683 554 732 καὶ
584 685 729 751 ἡμᾶς
769 685 960 736 παθεῖν
993 684 1060 735 τά
1111 683 1269 741 αὐτὰ,
1304 681 1445 748 άπερ
1494 681 1700 739 ἐκεῖνος
1739 678 1767 729 ό
1796 677 2042 737 δείλαιος.

468 765 573 817 Καὶ
603 766 712 836 γὰρ
741 767 959 821 ἄτοπον.
994 766 1155 819 αὑτὸν
1197 765 1316 835 μὲν,
1343 763 1474 815 Θεὸν
1500 762 1628 814 ὂντα
1663 762 1756 813 καὶ
1798 759 2045 828 βασιλέα,

464 846 782 917 ἀνθρώπους
813 848 1068 910 εὐτελεῖς,
1097 847 1191 900 καὶ
1220 845 1324 913 ὰγύ
1336 863 1483 916 ρτας,
1507 846 1594 897 καὶ
1620 843 1844 913 μηδενὸς
1866 843 2046 908 ἀξίους

466 929 622 992 θντας
654 931 727 1000 μὴ
749 929 1168 1000 ἐπαισχύνεσθαι
1188 931 1236 993 δ,
1268 928 1404 981 ἀλλά
1431 929 1554 989 τοὺς
1584 927 1692 979 ἀπὸ
1719 926 1815 995 τῆς
1836 926 2046 995 τριόδου

466 1011 602 1081 πρὸς
625 1013 723 1081 τὴν
752 1013 1030 1082 τράπεζαν
1059 1013 1212 1079 ἄγειν
1246 1011 1490 1080 ἐκείνην·
1524 1012 1669 1080 ἡμᾶς
1689 1010 1744 1060 δὲ
1780 1006 2046 1075 τοσαύτην

465 1094 820 1164 ἀναισθησίαν
853 1095 1276 1155 ἐπιδείκνυσθαι,
1304 1094 1379 1156 ὡς
1413 1093 1542 1162 μηδέ
1573 1095 1638 1161 τῇ
1656 1090 1892 1162 τοσαύτῃ
1915 1093 2045 1160 τιμῇ

465 1177 722 1244 γενέσθαι
758 1176 1018 1246 βελτίους,
1058 1177 1193 1230 ἀλλά
1216 1179 1309 1229 καὶ
1335 1176 1471 1244 μετὰ
1489 1174 1584 1244 τὴν
1615 1174 1805 1243 κλῆσιν
1835 1173 1926 1224 ἐπί
1948 1172 2049 1240 τῆς

465 1261 635 1329 αὐτῆς
667 1259 848 1328 μένειν
876 1261 1093 1322 κακίας,
1135 1262 1213 1321 εἰς
1241 1258 1336 1328 τὴν
1373 1258 1576 1326 ἄφατον
1598 1256 1690 1308 τοῦ
1720 1255 2048 1324 κεκληκότος

466 1342 932 1412 ἐμπαροινοῦντας
986 1342 1415 1411 φιλανθρωπίαν.
1461 1339 1594 1393 Οὐδὲ
1622 1339 1731 1410 γὰρ
1775 1339 1862 1390 διά
1891 1335 2049 1390 τοῦτο

466 1428 612 1497 ἡμᾶς
643 1428 734 1479 ἐπὶ
773 1426 872 1498 τὴν
903 1426 1274 1496 πνευματικὴν
1307 1424 1510 1495 ταύτην
1553 1424 1646 1476 καὶ
1673 1422 1906 1493 φρικτὴν
1941 1421 2048 1474 τῶν

470 1511 784 1582 μυστηρίων
801 1510 1025 1564 ἐκάλεσε
1049 1510 1356 1572 κοινωνίαν,
1379 1509 1468 1562 ἵνα
1493 1506 1630 1578 μετά
1655 1503 1752 1576 τῆς
1778 1505 2048 1575 προτέρας

468 1593 844 1664 είσερχώμεθα
877 1594 1098 1656 κακίας,
1128 1592 1242 1646 ἀλλ’
1271 1593 1357 1646 ἵνα
1391 1590 1786 1658 ἀποδυσάμενοι
1823 1586 1920 1656 τὴν
1964 1589 2046 1639 αἰ-

471 1677 762 1746 σχρότητα,
793 1676 1300 1746 μεταμφιασώμεθα
1325 1674 1361 1729 ἃ.
1391 1675 1516 1737 τοὺς
1542 1673 1599 1726 ἐν
1619 1675 1730 1734 τοῖς
1763 1670 2051 1740 βασιλείοις

469 1758 832 1829 ἑστιωμένους
853 1757 1159 1828 ἡμφιάσθαι
1176 1759 1302 1828 χρή.
1329 1758 1390 1810 El
1411 1757 1467 1810 δὲ
1497 1756 1570 1826 μὴ
1590 1751 1908 1825 βουλοίμεθα
1927 1751 2053 1816 ἀξια

470 1843 569 1912 τῆς
597 1842 845 1913 κλήσεως
881 1841 1084 1912 πρᾶξαι
1103 1841 1337 1912 ἐκείνης,
1367 1840 1467 1893 οὐκ
1497 1839 1611 1892 ἐστι
1640 1849 1663 1876 ο
1713 1836 1870 1888 τοῦτο
1901 1833 2052 1904 παρά

470 1927 560 1979 τὸν
591 1926 946 1996 τετιμηκότα,
993 1924 1128 1978 ἀλλά
1159 1927 1287 1994 παρ’
1326 1926 1491 1994 ἡμᾶς.
1525 1923 1658 1977 Οὐδέ
1696 1921 1805 1991 γὰρ
1847 1922 2053 1980 ἐκεῖνος

467 2011 616 2080 ἡμᾶς
643 2009 896 2064 ἐκϐάλλει
919 2010 1014 2063 τοῦ
1043 2008 1356 2079 θαυμαστοῦ
1380 2009 1486 2062 τῶν
1505 2007 1840 2077 δαιτυμόνων
1864 2001 2047 2074 χοροῦ,

466 2093 585 2146 ἀλλ’
613 2095 775 2163 ἡμεῖς
809 2092 1052 2155 ἑαυτούς.
1071 2093 1130 2146 '0
1159 2093 1256 2162 μὲν
1281 2092 1388 2163 7&9
1415 2092 1474 2144 τὸ
1497 2090 1690 2144 ἐαυτοῦ
1726 2093 1834 2144 πᾶν
1861 2089 2047 2160 ἦνυσε.

528 2189 557 2218 ⁸
591 2188 671 2250 Si_c
703 2189 870 2250 Morel.
907 2188 1055 2237 Savil.
1089 2187 1224 2250 ἡμεῖς
1253 2188 1528 2250 ἀρκεῖνᾲῂμ.
1553 2203 1605 2250 π.
1630 2203 1678 2250 at
1701 2203 1744 2233 τ.
1765 2203 1818 2250 π.
1843 2185 2037 2250 ἐλπίζωο

469 2265 570 2310 μιν.
635 2245 665 2286 δ
685 2248 834 2298 Savil.
858 2250 1013 2305 ἀξίους
1031 2251 1093 2311 μὴ
1115 2245 1192 2298 έπ.
1259 2245 1389 2298 C'Sic
1411 2245 1531 2296 Μύιδ,
1570 2245 1718 2296 Savil.
1746 2247 1832 2295 οὐκ
1865 2248 1948 2296 ἔτι.

476 2361 528 2372 .-

2147 345 2252 396 Καὶ
2291 334 2403 409 γὰρ
2457 347 2580 406 τοὺς
2628 345 2838 415 γάμους
2884 345 3126 414 ἐποίησε,
3178 345 3270 398 καί
3317 344 3414 415 τὴν
3461 346 3738 414 τράπεζαν

2148 424 2549 501 παρεσκεύασε,
2579 439 2670 481 και
2701 431 2827 491 τοὺς
2849 429 3182 490 καλέσαντας
3216 427 3448 496 έπεμψε,
3493 429 3584 480 καὶ
3628 446 3738 481 πα-

2149 509 2544 584 ραγενομένους
2589 511 2840 576 ἐδέξατο,
2882 512 2974 566 καὶ
3004 513 3102 581 τὴν
3139 510 3304 578 ἀλλην
3341 511 3558 563 ἃπασαν
3595 511 3740 564 τετε-

2150 612 2291 666 μηκε
2339 596 2540 668 τιμήν·
2589 597 2750 663 ἡμεῖς
2787 595 2842 646 δὲ
2896 595 2991 646 καὶ
3033 596 3111 657 είς
3151 594 3334 657 αὐτὸν,
3372 593 3465 645 καὶ
3505 595 3584 657 είς
3611 595 3738 656 τοὺς

2148 678 2442 747 παρόντας,
2471 676 2566 729 καὶ
2591 680 2670 739 είς
2691 677 2782 728 τὸν
2815 676 2992 746 γάμον
3028 676 3348 746 ὑϐρίσαντες
3370 675 3458 728 διὰ
3488 675 3596 727 τῶν
3637 678 3734 746 ρυ-

2147 760 2338 830 παρῶν
2384 759 2630 830 ἱματίων,
2666 759 2931 822 τουτέστι,
2953 757 3063 811 τῶν
3102 757 3427 827 ἀκαθάρτων
3461 757 3733 828 πράξεων,

2151 842 2376 904 εἰκότως
2393 840 2768 912 ἐκϐαλλόμεθα
2789 839 3185 911 λοιπόν.Ταύτῃ
3203 839 3310 911 γὰρ
3327 839 3421 892 καὶ
3441 840 3532 891 τὸν
3557 841 3736 910 γάμον

2145 923 2341 994 τιμῶν,
2363 924 2455 977 καὶ
2480 924 2604 986 τοὺς
2631 923 3020 993 κεκλημένους,
3052 921 3344 975 ἀπελαύνει
3365 923 3489 984 τοὺς
3511 924 3736 993 ἰταμοὺς

2147 1007 2244 1060 καὶ
2290 1007 2416 1069 τοὺς
2459 1006 2852 1075 ἀναισχύντους
2891 1004 3154 1067 ἐκείνους.
3185 1003 3246 1056 Εἰ
3279 1005 3388 1075 γὰρ
3417 1005 3568 1057 εἴασε
3607 1007 3735 1066 τοὺς

2149 1089 2327 1140 ἐκεῖνο
2353 1088 2764 1157 ἠμφιεσμένους
2793 1087 2853 1148 τὸ
2884 1086 3120 1156 ἱμάτιον,
3160 1086 3321 1148 αὐτὸς
3357 1085 3422 1140 ἂν
3457 1086 3603 1151 ἔδοξε
3642 1088 3735 1140 καὶ

2147 1171 2272 1234 τοὺς
2293 1171 2485 1234 ἄλλους
2514 1170 2776 1242 ὑϐρίζειν.
2815 1169 2974 1224 ’Λλλά
3014 1169 3216 1242 μηδένα
3247 1171 3458 1236 γένοιτο
3489 1170 3732 1224 τοιούτου

2148 1252 2475 1324 πειραθῆναι
2499 1253 2592 1307 τοῦ
2615 1253 2964 1324 κεκληκότος,
3002 1254 3137 1322 μήτε
3161 1251 3336 1321 ἡμῶν,
3371 1254 3508 1322 μήτε
3532 1254 3733 1324 ἑτέρων

2147 1334 2329 1388 τινῶν.
2353 1335 2451 1389 Διά
2472 1335 2581 1406 γὰρ
2612 1335 2790 1397 τοῦτο,
2827 1336 2954 1405 πρὶν
2989 1335 3020 1404 ἢ
3048 1334 3300 1402 γενέσθαι
3334 1334 3504 1387 ταῦτα
3532 1336 3730 1400 πάντα,

2149 1418 2575 1489 ἀναγέγραπται·
2609 1418 2694 1472 ἵνα
2727 1419 2784 1471 ἐν
2805 1420 2872 1488 τῇ
2905 1417 3012 1470 τῶν
3040 1417 3385 1487 γραμμάτων
3407 1417 3603 1487 ἀπειλῇ
3626 1435 3733 1471 σω·

2150 1513 2550 1584 φρονισθέντες,
2580 1514 2653 1583 μὴ
2685 1513 3129 1583 συγχωρήσωμεν
3145 1512 3226 1573 είς
3245 1511 3405 1580 ἔργον
3429 1511 3603 1565 ἐλθεῖν
3631 1514 3732 1582 τὴν

2152 1596 2372 1666 ἀτιμίαν
2411 1597 2502 1649 καὶ
2527 1597 2626 1665 τὴν
2644 1597 2865 1650 κόλασιν
2885 1597 3108 1665 ταύτην,
3137 1594 3252 1646 ἀλλ’
3282 1595 3376 1647 ἐπὶ
3399 1594 3510 1646 τῶν
3549 1597 3730 1665 ῥημά-

2147 1697 2255 1733 των
2281 1680 2448 1750 αὐτὴν
2478 1683 2762 1750 στήσωμεν
2785 1680 2964 1748 μόνον,
3007 1678 3102 1732 καὶ
3129 1676 3265 1748 μετὰ
3298 1677 3557 1748 λαμπρᾶς
3597 1680 3729 1732 ἐκα-

2149 1779 2273 1826 στος
2297 1763 2488 1832 στολῆς
2509 1765 2588 1826 εἰς
2613 1762 2710 1832 τὴν
2736 1763 2924 1832 κλῆσιν
2950 1762 3165 1830 ἐκείνην
3184 1762 3643 1832 παραγενώμεθαδ
3665 1759 3732 1834 ἦς

2148 1844 2455 1898 ἀπολαῦσαι
2491 1845 2700 1911 γένοιτο
2733 1845 2936 1906 πάντας
2970 1844 3152 1914 ἡμᾶς,
3201 1843 3385 1913 χάριτι
3415 1844 3510 1896 καὶ
3543 1844 3731 1912 φιλανο

2149 1927 2361 1998 θρωπίᾳ
2385 1926 2480 1980 τοῦ
2517 1927 2722 1999 Κυρίου
2754 1927 2909 1998 ἡμῶν
2955 1926 3131 1998 Ἰησοῦ
3176 1927 3433 1997 Χριστοῦ,
3475 1928 3592 1998 μεθ’
3617 1923 3677 1982 οὗ
3703 1929 3728 1967 d

2145 2009 2224 2079 τῷ
2251 2011 2424 2081 Πατρί
2446 2009 2562 2080 ἅμα
2591 2010 2668 2080 τῷ
2691 2010 2830 2078 ἁγίῳ
2853 2008 3132 2078 Πνεύματι
3154 2009 3300 2076 δόξα,
3326 2011 3549 2080 κράτος,
3574 2011 3729 2082 τιμὴ,

2148 2092 2241 2145 νῦν
2269 2094 2361 2146 καὶ
2398 2093 2506 2156 ἀεὶ,
2531 2093 2626 2146 καὶ
2658 2094 2736 2155 είς
2765 2093 2891 2154 τοὺς
2920 2092 3122 2154 αἰῶνας
3156 2092 3262 2144 τῶν
3288 2093 3517 2146 αἰώνων.
3537 2095 3727 2164 Ἀμήν.

2211 2185 2237 2224 ἀ
2262 2187 2545 2252 [θοιξοηοιη
2585 2186 2737 2252 δεινῇ.
2781 2192 2835 2252 ςῐ
2876 2186 2992 2238 Cod.
3035 2187 3129 2236 705
3169 2189 3420 2249 expressit
3461 2191 3728 2252 interpres,

2149 2261 2348 2310 nempe,
2375 2250 2434 2296 δι’
2459 2248 2514 2296 οὗ
2536 2249 2617 2296 καὶ
2641 2249 2740 2310 μεθ’
2760 2247 2832 2296 οὗ.

2147 2357 2564 2368 ————-—_

1795 2408 1908 2480 [6:2]
1944 2411 2183 2463 ΟΜΙΛΙΛ
2215 2408 2316 2462 IA'.

473 2501 586 2558 Kal
619 2503 651 2556 ό
682 2505 874 2569 Λόγος
919 2500 1076 2569 σὰρξ
1123 2500 1395 2636 ὲγξὶνςτο,
1447 2498 1544 2552 καὶ
1582 2498 1936 2565 ἐσκήνωσεν
1979 2499 2048 2552 ἐν

1226 2586 1350 2636 μιν.

1226 2586 1350 2638 μιν.

540 2685 596 2723 α.
621 2667 767 2722 Μίαν
784 2667 927 2737 ὑμᾶς
945 2667 1188 2729 ἅπαντας
1205 2665 1427 2734 αἰτῆσαι
1447 2662 1702 2734 βούλομαι
1722 2664 1900 2734 χάριν,
1921 2659 2059 2732 πρίιί

468 2752 500 2822 ἣ
533 2749 642 2804 τῶν
666 2749 1037 2817 εὐαγγελικῶν
1071 2747 1312 2817 ἅψασθαι
1339 2747 1628 2817 ῥημάτωνο
1657 2746 1793 2800 ἀλλά
1819 2745 1892 2816 μὴ
1920 2747 2051 2798 ἀνα·

469 2832 696 2903 νεύσητε
728 2832 864 2902 πρὸς
886 2830 984 2901 τὴν
1015 2830 1248 2901 αἴτησιν.
1283 2827 1420 2882 Οῦτε
1451 2828 1558 2900 γάρ
1587 2828 1724 2900 βαρύ
1747 2846 1800 2880 τι
1831 2829 1922 2880 καὶ
1947 2829 2048 2880 ἐπ-

467 2917 631 2987 αχθὲς
659 2915 814 2975 αἰτῶ,
840 2912 948 2967 οὒτ’
984 2914 1108 2983 ἐμοὶ
1135 2913 1212 2982 τῷ
1241 2912 1564 2984 λαμόάνοντι
1595 2913 1752 2983 μόνον
1780 2914 2048 2983 χρήσιμον

469 3001 620 3052 ἔσται
645 2998 708 3050 τὸ
753 2996 1046 3065 διδόμενον,
1085 2995 1218 3049 ἀλλά
1261 2997 1356 3049 καὶ
1390 2997 1519 3066 ὑμῖν
1559 2999 1671 3059 τοῖς
1714 2995 2042 3065 παρέχουσι·

469 3083 562 3137 καὶ
595 3083 736 3153 τάχα
766 3079 945 3149 πολλῷ
977 3078 1140 3131 πλέον
1174 3079 1322 3148 ὑμῖν.
1357 3079 1422 3132 Τί
1455 3080 1578 3131 ποτ’
1607 3073 1700 3132 οὖν
1732 3079 1879 3131 ἐστιν
1909 3079 2046 3148 ὅπερ

469 3165 728 3236 αἰτοῦμαι
771 3164 951 3234 ὑμᾶς;
983 3163 1139 3215 Κατὰ
1173 3163 1304 3232 μίαν
1357 3161 1670 3224 Σαϐὅάτων,
1707 3162 1739 3232 ἦ
1773 3161 1868 3214 καὶ
1906 3162 2046 3213 κατὰ

467 3248 763 3309 Σάϐϐατον,
796 3246 892 3316 τὴν
928 3244 1226 3315 μέλλουσαν
1257 3247 1314 3296 ἐν
1347 3244 1477 3313 ὑμῖν
1524 3243 2045 3314 ἀναγνωσθὴσεσθαι

466 3331 574 3384 τῶν
608 3327 950 3397 Εὐαγγελίων
983 3327 1310 3396 περικοπὴν,
1337 3326 1539 3394 ταύτην
1575 3326 1680 3396 πρὸ
1703 3325 1908 3379 τούτων
1937 3327 2045 3378 τῶν

465 3411 690 3482 ἡμερῶν
735 3409 872 3479 μετά
900 3411 1086 3479 χεῖρας
1131 3407 1422 3476 λαμϐάνων
1455 3407 1683 3467 ἕκαστος
1724 3408 1862 3460 οἴκοι
1911 3409 2044 3460 καθ-

467 3494 502 3563 η
510 3508 665 3561 μενος
686 3490 1104 3557 ἀναγινωσκέτω
1122 3488 1379 3558 συνεχῶς,
1396 3489 1490 3542 καὶ
1512 3488 1770 3551 πολλάκις
1791 3505 2046 3560 περισκοο

468 3575 638 3630 πείτω
668 3575 806 3644 μετά
835 3572 1119 3644 ἀκριϐείας
1150 3572 1220 3625 τὰ
1252 3571 1568 3641 ἐγκείμενα,
1595 3573 1688 3625 καὶ
1712 3571 2046 3640 βασανιζέτω

467 3659 638 3714 ταῦτα
665 3655 846 3720 καλῶς
865 3675 876 3687 ο
935 3655 1026 3710 καὶ
1055 3656 1108 3708 τί
1144 3657 1240 3726 μὲν
1273 3656 1460 3724 σαφὲς,
1487 3655 1540 3707 τί
1568 3655 1624 3708 δὲ
1650 3655 1841 3727 ἄδηλον
1867 3669 1914 3720 ι,
1951 3675 2046 3727 ση-

472 3739 748 3813 μειούσθω
761 3759 774 3772 ο
795 3741 846 3791 τί
867 3739 924 3791 δέ
940 3737 1118 3792 αὐτῶν
1133 3739 1372 3793 ἐναντίον
1390 3734 1528 3792 εἶναι
1541 3738 1752 3800 δοκοῦν,
1767 3739 1866 3792 οὐκ
1890 3739 1949 3792 ὃν
1963 3740 2040 3792 δέ.⁸

470 3824 565 3876 καὶ
587 3823 764 3876 πάντα
798 3821 984 3884 ἁπλῶς
1024 3821 1540 3886 διακωδωνίσαντες,
1569 3819 1742 3884 οὕτως
1768 3822 2043 3875 ἀπαντᾶτε

471 3907 605 3976 πρὸς
637 3908 735 3977 τὴν
761 3905 1046 3976 ἀκρόασιν.
1070 3905 1143 3958 Οὐ
1178 3905 1286 3975 γάρ
1317 3904 1508 3974 μικρὸν
1535 3905 1643 3957 ἀπὸ
1664 3905 1764 3975 τῆς
1793 3906 2045 3975 τοιαύτης

471 3989 708 4058 σπουδῆς
726 3990 820 4040 καὶ
841 3989 968 4058 ὑμῖν
994 3989 1087 4040 καὶ
1104 3988 1233 4057 ἡμῖν
1251 3988 1401 4039 ἐσται
1423 3987 1483 4038 τὸ
1500 3985 1706 4058 κέρδος.
1741 3988 1930 4058 Ἡμεῖς
1946 3989 2044 4059 μὲν

468 4071 576 4142 γὰρ
603 4071 664 4124 οὐ
692 4069 890 4123 πολλοῦ
923 4069 1227 4140 δεησόμεθα
1260 4069 1422 4121 πόνου
1459 4070 1595 4138 πρὸς
1627 4069 1686 4121 τὸ
1716 4071 1859 4139 σαφῆ
1887 4073 2045 4140 ποιῆ-

471 4173 561 4208 σαι
602 4153 709 4206 τῶν
737 4153 1046 4224 λεγομένων
1075 4153 1173 4224 τὴν
1221 4151 1472 4222 δύναμιν,
1509 4151 1607 4221 τῆς
1637 4152 1873 4215 διανοίας
1918 4153 2044 4223 ὐμῖν

467 4239 566 4308 ήδη
599 4235 1080 4306 προοικειωθείσης
1104 4237 1170 4304 τῇ
1197 4233 1304 4287 τῶν
1343 4236 1604 4305 ῥημάτων
1632 4233 1830 4302 γνώσει
1851 4255 1864 4268 ο
1889 4235 2046 4305 ὑμεῖς

467 4320 523 4373 δὲ
553 4320 798 4390 ὀξύτεροι
826 4318 922 4372 καὶ
944 4316 1386 4386 διορατικώτεροι
1414 4317 1586 4386 τούτῳ
1628 4317 1707 4388 τῷ
1737 4318 1922 4388 τρόπῳ
1953 4335 2046 4386 γε-

469 4403 718 4472 νήσεσθε,
750 4403 810 4456 ού
843 4402 976 4472 πρὸς
1005 4401 1101 4470 τὴν
1138 4402 1399 4471 ἀκρόασιν
1430 4403 1608 4472 μόνον,
1635 4402 1755 4455 οὐδὲ
1779 4403 1914 4473 πρὸς
1945 4403 2044 4474 τὴν

473 4486 729 4557 μάθησιν,
766 4485 901 4539 ἀλλά
925 4487 1016 4537 καὶ
1043 4484 1177 4553 πρὸς
1199 4485 1258 4536 τὸ
1282 4484 1488 4550 διδάξαι
1519 4485 1758 4555 ἐτέρους.
1797 4485 1949 4538 Ἐπεὶ
1969 4485 2044 4548 ὥς

469 4585 532 4637 γε
557 4567 650 4620 νῦν
679 4568 727 4620 οἰ
763 4567 947 4620 πολλοὶ
963 4565 1068 4619 τῶν
1092 4567 1322 4620 ἐνταῦθα
1343 4570 1796 4638 παραγινομένων
1817 4568 2045 4621 ἀκούου-

472 4669 576 4713 σιν,
605 4649 741 4720 ὁμοῦ
769 4650 942 4702 πάντα
967 4648 1398 4718 ἀναγκαζόμενοι
1425 4650 1614 4719 μαθεῖν
1627 4650 1694 4704 τά
1715 4668 1772 4702 τε
1801 4651 2041 4719 ῥήματα,

468 4736 538 4787 τά
563 4751 620 4786 τε
651 4733 782 4803 παρ’
801 4732 955 4802 ἡμῶν
977 4733 1056 4794 εἰς
1079 4732 1217 4784 αὐτά
1245 4731 1536 4802 λεγόμενα,
1567 4733 1674 4785 οὐδ’
1699 4734 1764 4786 ἂν
1794 4737 1841 4787 εἰ
1864 4736 2043 4787 ἐνιαυ-

467 4818 558 4869 τὸν
585 4815 703 4868 ὅλον
736 4816 894 4868 τοῦτο
921 4815 1200 4877 ποιοῦντες
1229 4813 1626 4885 διατελοίημεν,
1657 4817 1798 4886 μέγα
1823 4833 1876 4869 τι
1905 4833 2042 4886 καρ-

472 4901 742 4952 πώσονται
776 4899 983 4970 κέρδος.
1029 4897 1152 4960 [Ιῶς
1197 4899 1326 4968 γὰρ,
1355 4899 1486 4952 ὅταν
1523 4900 1588 4953 ἐκ
1632 4899 1914 4971 παρέργου
1949 4903 2044 4955 καί

472 4983 705 5036 ἐνταῦθα
727 4984 883 5052 μόνον
911 4983 1049 5035 κατά
1069 4983 1160 5034 τὸν
1179 4983 1384 5052 βραχὺν
1400 4982 1586 5036 τοῦτον
1603 4986 1713 5046 τοῖς
1731 4983 2039 5055 λεγομένοις

471 5066 774 5137 σχολάζωσι
803 5067 1020 5136 καιρόν;
1051 5065 1111 5118 Εἰ
1138 5067 1194 5118 δέ
1224 5083 1366 5129 τινες
1398 5067 1696 5138 πράγματα
1716 5069 1993 5121 αἰτιῶνται
2014 5071 2040 5109 b

469 5151 563 5204 καὶ
593 5149 900 5221 φροντίδας,
929 5150 1021 5202 καὶ
1043 5148 1242 5219 πολλὴν
1274 5151 1369 5219 τήν
1400 5166 1458 5201 τε
1487 5150 1596 5202 τῶν
1627 5151 1916 5204 πολιτικῶν
1949 5154 2040 5206 καί

467 5235 575 5286 τῶν
610 5233 895 5287 ἰδιωτικῶν
937 5233 1224 5302 ἀσχολίαν
1285 5233 1500 5304 πρῶτον
1558 5235 1659 5304 μὲν
1710 5235 1842 5288 αὐτὸ
1886 5237 2043 5292 τοῦτο

469 5317 719 5385 ἔγκλημα
745 5319 804 5370 οὐ
830 5317 1044 5386 μικρὸν,
1066 5319 1128 5371 τὺ
1154 5317 1480 5371 κυκλοῦσθαι
1503 5319 1770 5372 τοσούτων
1789 5325 2044 5390 πραγμά-

469 5416 576 5451 των
625 5399 839 5466 πλὴθει,
885 5401 1117 5464 καὶτοῖς
1154 5402 1426 5470 βιωτικοῖς
1463 5401 1604 5456 οῦτω
1660 5405 2041 5474 προσηλῶσθαι

389 5547 402 5560 .
468 5481 780 5545 διαπαντὸς,
809 5482 884 5545 ὡς
914 5481 1047 5554 μηδὲ
1081 5484 1282 5552 μικρὰν
1311 5486 1389 5547 εἰς
1419 5486 1483 5538 τά
1515 5487 1729 5538 πάντων
1753 5489 2042 5555 ἀναγκαιό-

529 5625 556 5653 ³
579 5625 782 5693 Quidam
800 5626 854 5693 τί
865 5628 915 5693 δὲ
935 5625 1145 5693 εῦδῃλον.
1162 5626 1546 5693 lhidemﬁorol.
1561 5631 1694 5693 aiddit
1719 5632 2038 5693 σημειούσθω,

504 5689 731 5748 ergitque
765 5689 810 5734 τί
835 5689 886 5734 δὲ
917 5688 1072 5734 αὐτῶν
1095 5690 1316 5737 ἐναντίον.
1349 5690 1534 5739 Ibidem
1578 5688 2028 5750 διακωδωνίσαντες,

490 5751 759 5807 requenler
785 5753 1068 5803 lraclanles.
1090 5751 1397 5807 insonanles,
1420 5766 1480 5798 ex
1509 5751 1821 5800 tinlilmabuli
1849 5755 2028 5801 tinnitu

471 5807 693 5876 dgs-«mla
715 5809 1014 5876 ῳςιιιιιιιοιια.
1040 5809 1152 5857 Hm:
1174 5823 1265 5876 ξοδ
1302 5823 1396 5876 ηοη
1417 5813 1652 5876 Πίηεοιθηε
1670 5822 1745 5861 est
1765 5815 1891 5874 apud
1911 5818 2034 5864 scri-

474 5873 657 5926 ptores.
723 5870 750 5908 b
776 5868 925 5918 Saxil.
956 5875 1008 5916 et
1032 5877 1139 5920 cod.
1174 5871 1266 5919 705
1309 5873 1542 5934 αἰτιῷντο.

2147 2517 2281 2568 τερα
2301 2499 2454 2568 ἀγειν
2473 2501 2930 2571 σχολήν.Ἔπειτα
2960 2499 3040 2552 ὅτι
3059 2499 3260 2568 σκῆψις
3282 2498 3456 2552 ταῦτα
3483 2500 3577 2552 καί
3596 2502 3724 2572 πρό.

2149 2601 2332 2653 φασις,
2355 2585 2794 2654 κατηγορήσαιεν
2822 2584 2887 2636 ἂν
2911 2583 3087 2636 αὐτῶν
3113 2585 3204 2636 καὶ
3234 2584 3404 2651 φίλων
3425 2586 3725 2650 συνουσίαι,

2149 2668 2240 2720 καὶ
2276 2669 2330 2719 αἰ
2356 2671 2414 2719 ἐν
2443 2669 2554 2731 τοῖς
2600 2667 2847 2737 θεάτροις
2888 2665 3181 2737 διατριϐαὶ,
3227 2666 3322 2719 καὶ
3354 2667 3422 2720 τά
3456 2668 3726 2737 συνέδρια,

2149 2749 2290 2818 άπερ
2318 2749 2445 2812 θέας
2472 2749 2656 2802 ἕνεκεν
2684 2751 2784 2819 τῆς
2815 2747 2926 2800 τῶν
2953 2749 3136 2801 ἵππων
3167 2747 3402 2818 ἁμίλλης
3431 2750 3726 2808 ποιοῦνται,

2157 2831 2216 2882 ἐν
2252 2825 2338 2893 αἶς
2389 2831 2648 2894 πολλάκις
2684 2830 2900 2901 ἡμέρας
2931 2831 3217 2900 ἀνήλωσαν
3259 2829 3582 2901 ὁλοκλήρους
3615 2831 3729 2903 [καὶ

2150 2913 2325 2981 φίλοις
2363 2913 2716 2981 συνεγένεσθε
2764 2913 2995 2966 ἐπιπολύ
3013 2912 3055 2983 ],
3100 2914 3192 2967 καὶ
3225 2912 3464 2983 οὐδαμοῦ
3495 2913 3592 2984 τὴν
3623 2915 3728 2967 τῶν

2150 2996 2489 3066 πραγμάτων
2516 2995 2773 3065 ἀσχολίαν
2797 2995 3058 3066 ᾐτιάσατό
3080 3012 3162 3057 τις
3195 2996 3254 3047 ἐν
3279 2995 3492 3058 τούτοις
3520 2996 3720 3049 αὐτῶν.

2155 3075 2288 3133 Εἶτα
2316 3081 2375 3132 ἐν
2413 3080 2511 3149 μὲν
2545 3083 2657 3141 τοῖς
2691 3079 2962 3131 εὐτελέσιν
2993 3078 3390 3147 ἀπροφάσιστοι
3421 3079 3722 3148 πανταχοῦ,

2149 3161 2246 3214 καὶ
2265 3162 2459 3230 σχολὴν
2479 3161 2634 3229 ἄγειν
2653 3161 2873 3231 βαθεῖαν
2895 3160 3121 3214 δύνασθε
3140 3177 3152 3190 ·
3172 3163 3220 3212 εί
3251 3161 3306 3213 δὲ
3336 3164 3448 3224 τοῖς
3475 3161 3568 3213 τοῦ
3593 3162 3726 3215 Θεοῦ

2147 3243 2255 3296 δέοι
2283 3244 2594 3314 προσέχειν,
2621 3244 2874 3297 τοσοῦτον
2897 3244 3025 3312 ὑμῖν
3051 3241 3222 3296 ταῦτα
3251 3243 3609 3313 περιττότερα
3634 3246 3728 3296 καὶ

2147 3327 2446 3396 ἀτιμότερα
2476 3328 2692 3380 πάντων
2718 3323 2855 3381 εἶναι
2887 3327 3050 3388 δοκεῖ,
3077 3326 3152 3390 ὡς
3179 3326 3312 3397 μηδέ
3343 3328 3544 3398 μικράν
3565 3339 3587 3366 ε
3619 3331 3725 3381 οἴε-

2150 3407 2272 3460 σθαι
2300 3407 2413 3480 [63]
2441 3410 2550 3462 δεῖν
2570 3410 2868 3479 ἀπονέμειν
2883 3411 3065 3472 αὐτοῖς
3086 3409 3300 3479 σχολήν.
3319 3411 3428 3467 Καὶ
3451 3411 3569 3474 πῶς
3582 3411 3726 3476 ἀξιον

2147 3489 2290 3542 οὕτω
2306 3491 2682 3562 διακειμένους
2705 3493 2983 3556 ἀναπνεῖν,
3006 3492 3039 3562 ἢ
3071 3491 3160 3544 τὸν
3177 3493 3326 3562 ἥλιον
3352 3492 3540 3545 τοῦτον
3572 3496 3724 3564 δρᾷν;

2152 3574 2309 3626 Ἔστι
2343 3574 2437 3626 καί¹
2467 3575 2631 3645 ἐτέρα
2667 3574 2942 3646 πρόφασις
2974 3577 3087 3638 τοῖς
3129 3574 3272 3628 οὕτω
3309 3574 3572 3646 ῥᾳθύμοις
3609 3578 3728 3630 ἀλο-

2148 3655 2390 3725 γωτάτη,
2427 3656 2488 3708 τὸ
2530 3657 2604 3728 μὴ
2653 3657 2952 3727 κεκτῆσθαι
3006 3657 3139 3727 μηδὲ
3173 3659 3316 3728 ἔχειν
3365 3659 3562 3728 βιϐλία.
3621 3661 3724 3713 Καὶ

2151 3739 2286 3810 πρὸς
2310 3741 2409 3810 μὲν
2430 3742 2554 3803 τοὺς
2580 3740 2963 3804 πλουτοῦντας,
2990 3741 3162 3808 γέλως
3187 3744 3325 3813 ὑπὲρ
3351 3743 3554 3809 ταύτης
3581 3746 3725 3815 ἡμᾶς

2147 3823 2526 3876 ἀποτείνεσθαι
2543 3825 2640 3893 τῆς
2668 3825 2996 3894 προφάσεως
3018 3841 3030 3852 °
3061 3826 3320 3897 ἐπειδὴδὲ
3350 3827 3458 3879 τῶν
3484 3829 3728 3881 πενεστέο

2148 3922 2256 3976 ρων
2301 3907 2526 3968 πολλοὺς
2574 3903 2727 3976 οἶμαι
2765 3908 3212 3977 κατακεχρῆσθαι
3267 3909 3402 3977 αὐτῇ
3460 3911 3722 3978 συνεχῶς,

2145 3989 2320 4042 ἐκεῖνο
2351 3989 2416 4042 ἂν
2447 3989 2617 4058 ἡδέως
2647 3989 2876 4058 ἐροίμην
2906 3991 3126 4052 αὐτοὺς,
3151 3993 3200 4042 εἰ
3234 3991 3310 4061 μὴ
3343 3991 3518 4044 πάντα
3541 3993 3608 4045 τά
3628 3994 3725 4060 τῆς

2145 4071 2340 4140 τέχνης
2379 4072 2606 4141 ὄργανα,
2649 4068 2715 4145 ἦς
2742 4074 2971 4135 ἕκαστός
3003 4076 3119 4126 ἐστι
3149 4074 3500 4145 δημιουργὸς,
3540 4072 3722 4146 πλήρη

2148 4155 2241 4207 καὶ
2273 4155 2542 4225 ὁλόκληρα
2571 4155 2704 4225 ἔχει,
2733 4156 2837 4210 κᾶν
2867 4156 3034 4226 μυρία
3065 4157 3248 4227 κωλύῃ
3278 4160 3454 4212 πενία.
3480 4159 3600 4222 Πῶς
3627 4155 3722 4212 οὖν

2145 4237 2244 4290 οὐκ
2271 4237 2490 4300 ἄτοπον,
2512 4240 2628 4290 ἐκεῖ
2651 4238 2748 4308 μὲν
2773 4237 2848 4308 μὴ
2866 4239 3140 4292 αἰτιᾶσθαι
3164 4239 3366 4302 πενίαν,
3389 4240 3525 4294 ἀλλά
3550 4243 3728 4294 πάντα

2146 4321 2406 4390 πράττειν
2437 4320 2573 4390 πρὸς
2602 4321 2662 4372 τὸ
2703 4319 2868 4390 μηδὲν
2896 4321 3149 4388 γενέσθαι
3184 4322 3438 4390 ἐμπόδιον
3477 4323 3724 4393 μηδαμόσ

2147 4402 2262 4454 θεν*
2301 4403 2593 4472 μέλλοντας
2636 4404 2691 4456 δὲ
2718 4403 2986 4474 τοσαύτην
3036 4405 3304 4472 ὠφέλειαν
3352 4406 3726 4474 καρποῦσθαι.

2145 4484 2400 4553 ἀσχολίαν
2429 4486 2796 4556 ἀποδύρεσθαι
2828 4487 2920 4540 καί
2963 4488 3187 4550 πενίανς
3218 4488 3364 4557 Πλὴν
3395 4489 3529 4541 ἀλλά
3555 4491 3651 4542 καὶ
3679 4492 3732 4543 ετ

2143 4583 2287 4629 τινες
2312 4565 2454 4620 οὕτω
2481 4567 2710 4638 πένητες
2736 4566 2867 4632 εἶεν,
2901 4568 3108 4622 ἔνεστιν
3137 4573 3199 4622 ἐκ
3228 4571 3326 4639 τῆς
3358 4571 3616 4641 συνεχοῦς
3641 4575 3729 4624 ἐνο

2143 4647 2316 4702 ταῦθα
2338 4650 2648 4720 γινομένης,
2666 4651 3030 4718 ἀναγνώσεως
3063 4652 3228 4722 μηδὲν
3252 4655 3467 4720 ἀγνοεῖν
3496 4654 3604 4707 τῶν
3631 4656 3731 4721 ἐγ-

2145 4732 2411 4802 κειμένων
2434 4734 2490 4783 ἐν
2512 4736 2631 4796 ταῖς
2659 4733 2830 4795 θείαις
2851 4734 3113 4806 Γραφαῖς.
3143 4737 3203 4788 El
3229 4735 3286 4787 δὲ
3313 4735 3573 4791 ἀδύνατον
3595 4739 3731 4807 ὑμῖν

2143 4813 2302 4866 τοῦτο
2325 4809 2462 4867 εἶναι
2489 4814 2654 4875 δοκεῖ,
2688 4815 2918 4878 εἰκότως
2930 4815 3088 4868 τοῦτο
3109 4816 3274 4869 δοκεῖ.
3300 4818 3434 4870 Οὐδὲ
3454 4819 3563 4887 γὰρ
3588 4821 3732 4889 μετὰ

2145 4896 2342 4968 πολλῆς
2381 4897 2566 4952 πολλοὶ
2605 4900 2995 4970 παραγίνονται
3033 4900 3133 4968 τῆς
3168 4902 3474 4971 προθυμίας
3508 4901 3616 4955 τῶν
3640 4903 3734 4955 λε-

2144 4979 2389 5049 γομένων
2418 4981 2832 5052 ἀκροασόμενοι,
2867 4979 3002 5034 ἀλλά
3060 4983 3191 5035 αὐτὸ
3227 4983 3384 5036 τοῦτο
3418 4984 3576 5054 μόνον
3619 4985 3734 5055 ἀφ-

2137 5063 2494 5133 οσιωσάμενοι
2513 5065 2646 5134 πρὸς
2661 5065 2757 5134 τὴν
2774 5064 2983 5135 ἡμέραν
2995 5063 3044 5128 ἀ,
3066 5065 3270 5129 εὐθέως
3290 5067 3731 5138 ὑποστρέφουσιν

2140 5144 2339 5200 οἴκαδε.
2373 5148 2434 5199 El
2461 5147 2518 5200 δέ
2546 5164 2690 5210 τινες
2719 5148 2813 5199 καὶ
2843 5147 3262 5218 ἐνδιατρίψαιεν,
3291 5150 3398 5204 τῶν
3432 5151 3730 5223 ἀναχωρη-

2143 5229 2350 5282 σάντων
2378 5231 2530 5284 ούδέν
2569 5232 2788 5302 ἄμεινον
2832 5230 3154 5296 διάκεινται,
3184 5232 3263 5302 τῷ
3312 5233 3524 5304 σώματι
3559 5236 3732 5304 μόνον

2141 5313 2374 5366 ἐνταῦθα
2405 5313 2670 5384 παρόντες
2701 5316 2852 5384 ἡμῖν.
2902 5314 3040 5368 Ἀλλ’
3076 5315 3163 5370 ἵνα
3198 5316 3272 5387 μὴ
3313 5317 3570 5370 ἐπιπλέον
3597 5321 3726 5381 ταῖς

2142 5407 2340 5468 αἰτίαις
2371 5407 2512 5475 ὑμᾶς
2551 5406 2870 5478 βαρύνωμεν
2897 5418 2944 5470 ε,
2978 5409 3074 5461 καὶ
3103 5410 3160 5461 ἐν
3193 5413 3313 5472 ταῖς
3362 5410 3601 5481 μέμψεσι
3629 5411 3732 5463 τὸν

2143 5497 2330 5567 καιρὸν
2352 5495 2716 5567 ἀναλώσωμεν
2747 5496 2978 5563 ἅπαντα,
3009 5497 3176 5568 ἴωμεν
3205 5500 3296 5554 ἐπὶ
3327 5501 3392 5553 τά
3425 5501 3515 5554 τοῦ
3539 5503 3728 5569 Εὐαγ-

2142 5586 2321 5653 γελίου
2365 5589 2611 5658 ῥήματα’
2659 5587 2778 5657 ὥρα
2823 5589 2930 5660 γὰρ
2964 5591 3148 5643 λοιπον
3175 5593 3252 5654 είς
3279 5593 3347 5644 τά
3385 5593 3732 5662 προκείμενα

2201 5757 2222 5785 ε
2263 5754 2432 5818 Morel.
2458 5756 2586 5803 δοκεῖ
2607 5756 2810 5818 ὅτιγούδέ
2832 5756 3008 5818 μικραί.
3079 5756 3104 5794 ἀ
3137 5757 3214 5805 Sic
3239 5756 3410 5806 Morel.
3439 5757 3591 5811 Smil,
3637 5771 3729 5807 so-

2142 5816 2361 5880 l_us_7t96;
2393 5818 2532 5877 ἡμᾶς.
2604 5821 2626 5847 ε
2653 5816 2960 5870 Μαι-(διέταῖς
2999 5819 3088 5864 αἰτ.
3131 5821 3235 5880 βαρ.
3279 5819 3428 5868 δὶιγίἰ.
3479 5821 3576 5876 ταῖς
3619 5821 3724 5870 alt.

2142 5878 2273 5937 ὑμῶν
2295 5880 2383 5938 βαρ
2426 5879 2609 5925 Omnes
2631 5892 2759 5940 pone
2785 5891 2896 5925 mes.
2922 5880 3042 5938 ὑμᾶς
3075 5878 3272 5926 habent.
