4012 6210
264 172 335 227 7⁷1
932 194 937 201 ί
1396 169 1467 224 1N
1507 169 1826 226 JOANNEM
1860 170 2091 226 nomn.
2144 170 2229 227 XI.
2254 175 2333 228 ~al.
2373 172 2446 228 rx.
2697 217 2711 226 .
3506 185 3571 244 73

259 287 412 343 tione
442 285 617 340 induti
644 283 1062 347 accesserimus,
1108 282 1237 336 nihil
1282 280 1537 349 impediet
1575 282 1865 350 quominus

1971 284 2143 338 aﬂ'eeit
2174 303 2190 340 :
2219 301 2313 339 nos
2357 297 2534 339 autem
2568 287 2756 354 ipsum,
2782 286 3066 354 convivas,
3097 289 3345 357 nuptias,
3375 294 3562 347 ‘sor:li..

259 377 455 431 eadem
490 378 607 446 ipsa
635 378 923 445 patiamur,
957 390 1073 442 qua:
1101 375 1262 429 miser
1293 374 1380 428 ille
1407 387 1599 443 passus
1625 384 1730 429 cst.
1758 374 1864 427 Ab‘
1965 376 2151 431 darum
2191 377 2440 443 vestium,
2474 366 2584 433 hoc
2610 386 2712 444 est,
2745 383 3035 447 pravorum
3081 387 3331 449 οεισιιιηι,
3359 388 3556 436 ‘eontn-

255 468 483 521 surdum
516 469 666 522 enim
690 477 795 532 est,
826 467 947 520 dum
976 467 1081 531 ille,
1110 467 1199 534 qui
1231 467 1372 519 Deus
1404 474 1458 519 et
1487 464 1596 518 Rex
1627 473 1732 527 est,
1766 464 1859 516 ho-

261 560 434 612 mines
480 559 625 612 viles
667 567 726 613 et
770 558 967 611 nullius
996 557 1147 626 pretii
1179 571 1368 610 vocare
1414 570 1518 610 non
1565 556 1856 618 erubescit,

255 647 347 700 sed
379 663 411 702 e
454 648 618 701 trivio
648 649 772 701 illos
801 647 865 701 ad
896 661 1131 702 mensam
1174 663 1325 701 suam
1360 647 1570 712 invitat,
1612 662 1711 700 nos
1742 656 1859 716 tan-

255 745 363 788 tam
394 737 668 806 ignaviam
711 737 992 796 exhibere,
1044 745 1104 789 ιιι
1131 751 1201 805 ne
1238 737 1451 804 quidem
1494 745 1620 804 post
1650 744 1852 788 tantum

255 827 522 882 honorem
557 829 816 884 meliores
838 829 1149 891 evadamus,
1182 827 1275 883 sed
1299 836 1353 882 et
1382 837 1499 896 post
1520 828 1855 882 vocationem

256 916 309 969 in
327 917 533 972 eadem
559 919 801 988 nequitia
833 932 1257 988 perseveremus,
1301 917 1725 986 iuen‘abilemqne
1765 932 1858 971 vo-

252 1007 428 1060 rari-tis
458 1007 850 1078 benignitatem
874 1007 1302 1078 pessumdemus.
1334 1007 1448 1061 Non
1478 1009 1618 1062 enim
1653 1024 1749 1061 nos
1787 1008 1853 1062 ad

251 1097 603 1164 spiritualem
632 1100 773 1154 banc
798 1109 848 1154 et
889 1098 1210 1153 horrendam
1241 1098 1614 1169 mysteriorum
1644 1098 1857 1168 partici-

253 1189 534 1257 pationem
580 1192 814 1257 vocavit,
840 1200 905 1246 ut
945 1207 1066 1246 cum
1096 1192 1275 1260 priore
1297 1191 1538 1260 nequitia
1588 1192 1854 1261 ingredia-

253 1299 396 1346 mur,
442 1284 543 1337 sed
573 1294 630 1337 ut
655 1284 866 1353 abiecta
899 1284 989 1338 illa
1017 1283 1365 1354 turpitudine,
1395 1285 1459 1336 iis
1482 1284 1721 1337 vestibus
1770 1284 1856 1337 in-

249 1373 517 1440 dnamur,
554 1390 676 1445 qua:
698 1375 776 1429 ad
804 1377 1013 1444 regium
1037 1384 1258 1429 vocatos
1278 1375 1580 1429 convivium
1609 1374 1853 1428 deceant.

248 1465 346 1517 Sin
392 1466 646 1519 nolimus
672 1466 833 1536 digna
863 1467 950 1520 tali
981 1466 1262 1522 vocatione
1292 1477 1566 1536 praestare,
1597 1466 1646 1519 id
1682 1481 1784 1519 non
1811 1466 1858 1520 ei

246 1557 343 1625 qui
378 1572 490 1611 nos
538 1557 618 1611 sic
659 1558 962 1623 honoravit,
1007 1559 1099 1613 sed
1129 1560 1283 1614 nobis
1312 1559 1698 1629 imputandum.
1742 1558 1855 1612 Non

249 1650 406 1702 enim
443 1650 540 1704 ille
587 1666 689 1703 nos
726 1666 794 1704 ex
838 1651 1145 1705 admirando
1184 1651 1273 1704 illo
1302 1652 1643 1705 convivarum
1689 1650 1853 1704 choro

246 1737 442 1804 ejicit,
490 1738 591 1794 sed
631 1754 728 1792 nos
765 1740 906 1807 ipsos
947 1738 1204 1807 ejicimus.
1242 1738 1335 1793 ille
1363 1738 1506 1807 quod
1546 1753 1698 1791 suum
1736 1745 1848 1791 erat

246 1828 517 1895 prtestitit
557 1846 571 1882 :
606 1829 816 1898 nuptias
851 1827 997 1892 fecit,
1040 1844 1278 1885 mensam
1307 1829 1537 1898 paravit,
1567 1828 1655 1899 qui
1686 1843 1845 1882 voca-

244 1927 372 1973 rent
412 1919 589 1984 misit,
619 1919 896 1975 venientes
940 1919 1166 1989 excepit,
1212 1928 1268 1974 et
1312 1919 1461 1972 nullo
1499 1934 1603 1973 non
1647 1918 1847 1972 honore

1699 2120 2052 2189 ἩΟΜΠᾸᾹ
2096 2128 2212 2188 Χὶ.

284 2264 372 2325 ιι.
409 2269 474 2324 Et
510 2260 733 2326 Verbum
760 2289 878 2327 caro
898 2272 1089 2341 factum
1109 2283 1200 2338 est,
1229 2270 1276 2327 et
1300 2273 1537 2327 habitavit
1564 2260 1619 2325 in
1650 2257 1811 2325 nobis.

323 2362 378 2416 i.
414 2360 614 2415 Locum
641 2361 906 2433 Evangelii
935 2363 1290 2433 explicandum
1319 2373 1437 2416 ante
1464 2362 1848 2432 explicationem

250 2454 421 2525 legere
467 2456 743 2520 hortatur;
785 2455 1118 2526 quorumdam
1163 2456 1449 2509 socordiam
1496 2455 1549 2507 in
1593 2442 1848 2506 audienda

251 2546 529 2614 Scriptura
548 2549 751 2617 arguit;
777 2547 958 2601 deinde
989 2535 1241 2616 explicare
1258 2536 1411 2610 illud,
1442 2531 1681 2599 Verbum
1717 2558 1845 2598 caro

173 2628 189 2642 ⁹
246 2638 447 2690 factum
480 2645 591 2701 est,
623 2637 932 2708 aggreditur.
959 2663 1028 2693 -τ
1059 2635 1228 2691 Unam
1255 2651 1285 2689 a
1309 2636 1458 2691 vobis
1498 2635 1726 2704 gratiam
1754 2649 1845 2703 pec

248 2735 379 2790 tam,
410 2735 711 2795 antequam
737 2726 801 2781 ad
826 2726 982 2782 verba
1004 2728 1208 2781 veniam
1229 2716 1530 2796 evangelica
1556 2741 1570 2790 ;
1599 2724 1692 2779 sed
1713 2729 1844 2795 rogo

247 2832 316 2869 ne
336 2818 672 2884 postulatum
697 2819 917 2887 negetis.
936 2817 1118 2887 Neque
1134 2818 1273 2874 enim
1284 2833 1449 2889 grave
1469 2817 1741 2887 quidpiam
1761 2817 1844 2870 vel

244 2921 547 2962 onerosum
571 2909 808 2978 requiro,
834 2922 1015 2979 neque
1039 2910 1319 2979 accipienti
1349 2909 1480 2964 mihi
1511 2909 1684 2963 solum
1718 2895 1847 2962 utile

246 2999 369 3060 erit,
400 3000 503 3054 sed
534 3008 594 3055 et
618 2998 982 3068 prtebeutibus
1008 3000 1193 3063 vobis;
1227 3001 1335 3056 imo
1364 2999 1505 3054 forte
1525 2998 1677 3053 vobis
1692 2999 1851 3067 longe

245 3092 455 3145 utilius.
486 3091 635 3158 Quid
664 3092 823 3161 igitur
849 3106 880 3145 a
911 3090 1063 3144 vobis
1090 3090 1337 3160 postulo?
1366 3090 1437 3146 Ut
1472 3104 1576 3145 una
1607 3088 1854 3142 sabbato-

246 3198 370 3238 mm
402 3183 509 3253 (a),
555 3183 641 3237 vel
689 3183 742 3236 in
793 3183 911 3251 ipso
954 3180 1217 3241 sabbato.
1260 3180 1408 3235 illam
1458 3179 1854 3249 evangeliorum

240 3286 469 3345 partem
495 3290 627 3346 quae
656 3275 809 3329 vobis
833 3275 885 3329 in
912 3273 1174 3329 concione
1197 3272 1416 3343 legenda
1445 3279 1530 3328 est
1550 3286 1659 3340 pra:
1687 3270 1856 3324 mani-

247 3369 351 3421 bus
398 3366 607 3436 singuli
658 3366 1000 3434 accipientes,
1051 3364 1194 3418 domi
1245 3363 1493 3418 sedentes
1542 3352 1851 3432 frequenter

248 3458 461 3527 legatis,
512 3471 581 3510 ac
608 3455 747 3510 dicta
776 3470 921 3523 smpe
964 3454 1259 3523 exploretis
1300 3463 1353 3508 et
1396 3453 1714 3507 examinetis
1742 3467 1756 3506 :
1785 3466 1847 3505 ac

248 3549 371 3617 quid
412 3549 649 3609 clarum,
684 3546 808 3615 quid
852 3546 1139 3600 obscurum
1180 3545 1252 3599 sit
1288 3545 1587 3607 ann‘dletis;
1617 3530 1742 3613 quid
1790 3541 1841 3595 in

250 3639 425 3692 verbis
475 3647 719 3707 pugnare
762 3635 1023 3698 videatur,
1067 3636 1195 3690 licet
1240 3649 1343 3689 non
1395 3645 1633 3705 pugnet:
1662 3634 1842 3703 sicque

250 3728 500 3781 ottiuibus
532 3726 842 3797 frequenter
865 3725 1134 3793 expensis,
1164 3725 1228 3779 ad
1264 3725 1583 3780 concionem
1613 3725 1841 3779 acceda-

250 3822 335 3873 tis.
368 3820 566 3887 Neque
595 3817 739 3872 enim
782 3816 1045 3871 modicum
1088 3833 1151 3871 ex
1185 3817 1273 3870 tali
1301 3816 1479 3870 studio
1504 3825 1560 3870 et
1587 3815 1745 3869 nobis
1787 3823 1840 3867 et

251 3911 399 3965 vobis
424 3911 644 3965 lucrum
673 3907 910 3962 accedet.
960 3907 1121 3962 Nobis
1166 3908 1305 3961 enim
1356 3921 1461 3961 non
1500 3905 1668 3959 multo
1705 3920 1838 3974 opus

254 4001 352 4056 erit
383 4001 577 4055 labore
600 3997 666 4052 ad
699 3998 802 4052 vim
830 3998 1210 4053 sententiarum
1243 3998 1393 4051 vobis
1426 3994 1834 4066 explauandam,

256 4100 425 4146 uterne
452 4090 571 4159 iam
601 4088 751 4143 vobis
790 4088 855 4142 ad
884 4088 1147 4143 dictorum
1182 4078 1422 4142 notitiam
1452 4097 1668 4142 assueta
1697 4104 1709 4140 :
1742 4092 1838 4139 v‘os

253 4191 425 4236 autem
462 4180 743 4235 acutiores
771 4189 825 4234 et
848 4180 1269 4251 perspicaciorcs
1311 4178 1411 4232 hoc
1440 4177 1602 4232 modo
1639 4176 1839 4231 el‘ltcie-

257 4275 401 4340 mini,
442 4289 559 4327 non
599 4272 761 4327 modo
801 4281 860 4327 ut
896 4271 1124 4325 audiatis
1168 4280 1224 4325 et
1263 4269 1507 4334 discatis,
1544 4267 1639 4322 sed
1678 4268 1837 4322 etiam

259 4372 313 4417 ut
347 4374 582 4419 caeteros
620 4362 878 4418 doceatis.
924 4361 1197 4431 Siquidem
1240 4358 1333 4415 illo
1363 4373 1469 4429 quo
1500 4373 1640 4413 nunc
1680 4358 1838 4428 agitis

259 4455 428 4520 modo,
484 4453 644 4507 multi
689 4452 1028 4523 praesentium
1076 4452 1235 4506 verba
1276 4450 1564 4517 Scriptura:
1599 4449 1839 4503 simulet

254 4545 647 4613 explicationes
674 4552 884 4598 nostras
906 4542 1148 4597 ediscere
1177 4542 1382 4608 coacti,
1426 4556 1495 4597 ne
1536 4542 1748 4610 quidem
1792 4542 1835 4594 si

260 4648 449 4687 annum
492 4634 758 4700 integrum
801 4632 885 4686 his
907 4632 1257 4698 insumamus,
1288 4645 1534 4699 magnum
1564 4631 1838 4700 quidpiam

260 4723 379 4777 lucri
406 4724 669 4778 referent.
717 4721 996 4788 Quomodo
1023 4731 1245 4792 possent
1294 4723 1460 4788 enim,
1508 4735 1627 4773 cum
1665 4717 1839 4773 obiter

261 4824 454 4869 tantum
484 4824 540 4870 et
569 4815 717 4870 brevi
757 4825 997 4884 tempore
1036 4815 1195 4869 dictis
1236 4813 1555 4869 attendant?
1592 4810 1744 4883 Quod
1793 4815 1835 4868 si

257 4905 338 4969 qni
384 4904 598 4975 negotia
628 4904 963 4974 praetendant
999 4912 1054 4959 et
1084 4904 1493 4969 sollicitudines,
1537 4904 1581 4957 si
1616 4900 1835 4959 multam

261 4992 308 5044 in
336 4994 562 5062 publicis
588 4995 913 5063 privatisque
945 4995 1104 5050 rebus
1129 5010 1346 5065 Operam
1375 5011 1391 5060 ;
1425 4996 1598 5065 primo
1622 4993 1834 5065 quidem

263 5097 359 5137 non
387 5084 523 5140 levis
551 5085 706 5155 culpa
737 5085 851 5139 haec
878 5095 977 5149 est,
1002 5100 1122 5140 sese
1145 5096 1288 5141 tanta
1316 5088 1648 5156 negotiorum
1681 5081 1834 5140 turba

262 5176 502 5243 ubi-uere,
528 5188 585 5232 et
608 5177 956 5233 sweularibus
995 5178 1157 5232 rebus
1208 5179 1277 5232 ita
1322 5193 1537 5247 semper
1575 5178 1736 5248 attigi,
1780 5188 1839 5232 ut

263 5281 326 5320 ne
365 5269 646 5325 minimum
677 5270 893 5340 quidem
921 5270 1080 5324 studii
1124 5270 1460 5340 impendatur
1488 5270 1551 5324 iis
1574 5286 1693 5340 qua:
1720 5278 1833 5323 ma-

325 5385 394 5445 fa,
411 5386 567 5450 illud,
588 5400 687 5450 una
715 5386 1025 5450 saquer
1048 5389 1198 5450 (καιτᾲ
1219 5390 1332 5450 μίαν
1354 5389 1655 5450 σαρὅάτων),
1678 5391 1842 5450 potest

266 5446 560 5511 signiﬁcare.
597 5445 1102 5511 primarltebdomagtae
1131 5445 1234 5507 die,
1276 5456 1332 5511 ut
1367 5447 1504 5511 alibl.
1538 5445 1636 5511 una
1665 5445 1844 5511 sabba-

268 5510 422 5571 ternm
465 5506 913 5569 (μετ’σαδὸἀτων)
960 5508 1163 5569 primam
1207 5508 1527 5559 hebdomade;
1573 5506 1837 5571 signiﬁcat.

273 5567 414 5617 etiam
447 5567 579 5625 apud
603 5567 1020 5628 Chrysoslomum.

579 5652 848 5717 Parnm-
898 5652 1013 5709 (in.
1066 5649 1223 5709 LIX.

1964 468 2119 521 melia
2162 467 2477 532 allicientes,
2518 467 2638 537 jure
2681 468 2888 522 demum
2939 469 3218 539 ejiciatur.
3258 464 3378 525 ‘l’lo‘c
3409 473 3551 526 enim

1964 570 2136 626 pacto,
2168 567 2220 613 et
2243 560 2456 627 nuptias
2476 568 2530 613 et
2561 559 2803 613 invitatos
2832 559 3136 627 lionorans,
3173 554 3472 628 petulantes
3498 569 3554 617 et

1962 648 2291 718 impudentes
2312 650 2431 704 illos
2444 650 2615 718 ‘ejicit.
2645 638 2772 704 Nam
2798 651 2841 704 si
2873 648 3187 720 huiusmodi
3212 656 3359 707 veste
3388 652 3539 707 indu-

1963 747 2044 795 tos
2074 741 2417 810 relinqueret,
2454 742 2590 795 alios
2615 741 2886 796 videretur
2932 738 3264 798 contumelia
3307 743 3542 800 afﬁcere.

1959 830 2152 885 Verum
2178 831 2307 886 faxit
2335 833 2497 895 Dt-us,
2537 842 2594 885 ut
2624 847 2778 887 nemo
2807 833 2887 887 vel
2920 843 3166 887 nostrum
3207 833 3288 888 vel
3315 834 3540 888 aliorum

1962 922 2121 977 talem
2165 924 2469 992 experiatur
2511 924 2862 980 voca‘tioiiem.
2906 920 3042 980 ideo
3090 925 3203 980 haec
3250 934 3537 996 antequam

1962 1012 2147 1067 tierent
2175 1013 2343 1068 literis
2391 1015 2635 1067 mandata
2679 1023 2826 1081 sunt,
2873 1025 2926 1069 ut
2955 1014 3250 1086 Scriptura:
3282 1011 3440 1071 minis
3470 1018 3538 1070 ad

1963 1103 2156 1158 bonam
2180 1102 2383 1173 frugem
2425 1094 2646 1167 reducti,
2681 1120 2968 1173 numquam
3002 1106 3054 1159 in
3088 1113 3284 1160 tantam
3307 1107 3542 1177 ignomi-

1965 1196 2127 1258 niam,
2160 1196 2211 1249 iu
2242 1204 2551 1265 tantumque
2577 1197 2888 1264 supplicium
2916 1188 3351 1263 incidamus,‘scd
3376 1198 3539 1254 verbo

1964 1296 2169 1341 tantum
2201 1295 2354 1342 tenus
2385 1287 2501 1341 hmc
2539 1287 2911 1356 experiamur;
2941 1302 3004 1342 ac
3031 1281 3308 1357 splendida
3348 1289 3537 1358 singuli

1966 1386 2114 1433 veste
2141 1377 2330 1442 induti,
2357 1376 2425 1431 ad
2439 1367 2641 1441 locum,
2665 1394 2771 1448 quo
2798 1378 2968 1432 voréati
2997 1382 3207 1444 sitmus,
3241 1379 3543 1448 proﬁcisca-

1965 1483 2111 1532 mur;
2140 1481 2247 1538 quo
2273 1483 2370 1521 nos
2397 1482 2584 1521 omnes
2621 1467 2718 1521 frui
2749 1468 3044 1537 contingat,
3077 1469 3248 1537 gratia
3290 1478 3344 1522 et
3386 1470 3537 1525 beni-

1959 1558 2156 1626 gnitate
2185 1557 2393 1609 Domini
2433 1557 2595 1610 nostri
2622 1550 2747 1611 Jesu
2772 1554 2992 1617 Christi,
3029 1572 3126 1625 per
3152 1564 3307 1627 quem
3338 1568 3390 1612 et
3418 1573 3535 1613 cum

1956 1661 2061 1716 quo
2083 1646 2225 1700 Patri
2247 1646 2406 1700 simul
2439 1658 2493 1700 et
2523 1646 2738 1715 Spiritui
2776 1655 2966 1700 sant-lo
2992 1642 3186 1716 gloria,
3217 1646 3405 1713 honor,
3437 1648 3534 1703 im-

1957 1736 2181 1805 perium,
2220 1751 2363 1791 nunc
2410 1746 2464 1792 et
2505 1744 2732 1807 semper,
2763 1737 2818 1790 et
2858 1737 2911 1790 in
2954 1736 3154 1791 smetda
3185 1738 3530 1793 seculorum.

1953 1830 2143 1884 Anien.

1957 2265 2105 2323 ‘xime
2130 2270 2427 2322 necessaria
2459 2272 2602 2324 s‘un't.
2642 2266 2838 2327 Deinde
2867 2272 3016 2343 quod
3052 2263 3173 2328 'harc
3211 2274 3316 2329 sint
3350 2275 3535 2330 obten-

1956 2369 2038 2414 tus
2079 2368 2136 2414 et
2171 2360 2558 2424 simulationes,
2605 2373 2824 2432 arguunt
2854 2364 3128 2434 colloquia
3157 2368 3276 2420 cum
3305 2367 3488 2421 amicis
3515 2409 3532 2433 ,

1953 2442 2275 2506 theatrorum
2322 2449 2801 2520 freqtte:.'ta'tio‘nes,
2842 2460 3143 2509 “consessus
3181 2454 3245 2509 ad
3275 2471 3532 2527 equorum

1950 2543 2270 2596 certantium
2298 2542 2622 2611 spectabitla,
2668 2545 2717 2597 in
2744 2545 2941 2614 quibus
2970 2556 3118 2615 saepe
3154 2540 3268 2601 dies
3300 2548 3535 2621 integros

1948 2636 2305 2699 consumunt,
2350 2648 2523 2700 neque
2571 2642 2742 2690 tamen
2776 2636 2830 2690 in
2855 2630 2951 2690 bis
2995 2636 3327 2706 argutiarum
3361 2640 3532 2697 moles

1949 2737 2182 2793 unquam
2208 2720 2533 2777 obtenditur.
2569 2724 2620 2777 In
2652 2725 2840 2779 vilibus
2881 2727 3046 2797 igitur
3092 2727 3389 2797 bnjnsmotli
3443 2746 3521 2783 re.

1942 2806 2046 2868 bus
2092 2813 2290 2867 nullam
2333 2815 2620 2869 obtenditis
2650 2817 3059 2886 occupationem
3101 2835 3112 2870 :
3150 2819 3199 2873 si
3233 2830 3410 2874 autem
3453 2821 3531 2875 di-

1952 2903 2090 2957 vinis
2137 2903 2298 2958 rebus
2345 2904 2415 2957 sit
2460 2902 2910 2971 incumbentium,
2960 2898 3245 2963 ‘htrc‘adeo
3265 2910 3414 2965 vobis
3440 2926 3533 2965 su-

1954 2983 2156 3060 perﬂua
2181 2994 2234 3044 et
2260 2992 2456 3047 nullius
2486 2994 2638 3061 pretii
2670 2996 3104 3062 videntur‘esse,
3145 3010 3210 3051 ut
3252 3016 3317 3054 ne
3366 3002 3524 3054 mini-

1959 3097 2104 3135 mum
2167 3081 2381 3152 quidem
2451 3082 2682 3135 studium
2736 3085 2788 3135 in
2840 3084 2939 3138 'bis
3001 3084 3356 3142 adhibendum
3418 3104 3532 3144 csse

1959 3159 2185 3226 ducatis.
2225 3172 2304 3224 An
2350 3174 2622 3225 merentur
2654 3172 2740 3241 qui
2786 3173 2867 3227 sic
2913 3170 3095 3227 affecti
3139 3180 3270 3229 ‘sunt
3320 3177 3402 3230 vel
3453 3192 3536 3233 rc-

1959 3252 2190 3334 spirare,
2240 3263 2322 3318 vel
2366 3262 2508 3319 lumc
2550 3264 2716 3319 solem
2762 3264 3051 3335 aspicere?
3086 3250 3181 3319 Ὲει
3220 3275 3272 3320 et
3299 3269 3397 3322 alia
3429 3277 3533 3325 tatu

1951 3356 2157 3424 ignavis
2202 3344 2508 3409 hominibus
2556 3355 2885 3425 ineptissimo
2931 3356 3236 3420 excusatio,
3271 3357 3530 3416 librorum

1945 3446 2145 3499 scilicet
2188 3445 2385 3515 inopia.
2428 3446 2502 3501 Ac
2543 3444 2796 3502 divitibus
2826 3445 3045 3517 quidem
3071 3447 3356 3504 ridiculum
3384 3463 3527 3505 esset

1944 3553 2002 3592 ea
2033 3539 2103 3592 de
2142 3548 2200 3592 re
2226 3537 2386 3593 verba
2409 3536 2586 3595 facere
2615 3542 2837 3596 :verum
2868 3540 2993 3610 quia
3039 3538 3232 3594 multos
3263 3557 3531 3612 pauperes

1944 3627 2043 3682 hac
2086 3630 2395 3699 frequenter
2441 3632 2785 3687 excusatione
2834 3631 2910 3685 uti
2957 3638 3109 3700 puto,
3155 3632 3263 3687 h‘oc
3307 3634 3376 3688 ab
3421 3634 3527 3688 illis

1945 3716 2144 3788 placide
2188 3721 2450 3775 sciscitari
2493 3722 2674 3789 velim,
2720 3729 2902 3776 annon
2953 3722 3145 3790 singuli
3193 3723 3325 3778 artis
3380 3738 3525 3783 sum,

1940 3824 2094 3878 quam
2127 3817 2399 3873 exercent,
2424 3809 2775 3867 instrumenta
2805 3822 2935 3865 sana
2963 3821 3017 3866 et
3042 3812 3245 3882 integra
3271 3813 3533 3871 habeant.

1940 3910 1994 3955 ιιι
2015 3902 2061 3957 si
2087 3912 2331 3956 extrema
2359 3900 2536 3969 inopia
2562 3908 2898 3971 premantur.
2947 3902 3226 3969 Quomodo
3263 3920 3392 3973 ergo
3418 3917 3525 3958 non

1940 3989 2228 4047 absurdum
2274 3990 2451 4053 fuerit,
2495 3991 2601 4045 illic
2642 3994 3008 4061 paupertatem
3052 4003 3157 4046 non
3207 3993 3519 4055 obtendere,

1940 4097 2002 4137 ac
2027 4081 2156 4137 nihil
2185 4096 2293 4136 non
2310 4087 2476 4150 agere
2495 4080 2561 4133 ad
2592 4090 2777 4137 omnes
2804 4084 3160 4138 removendos
3189 4084 3407 4146 obices;
3437 4084 3523 4138 ubi

1941 4182 2118 4228 autem
2146 4176 2290 4227 tanta
2323 4164 2660 4238 decerpenda
2684 4179 2768 4224 est
2797 4172 3018 4236 utilitas,
3057 4174 3437 4244 occupationes
3473 4184 3528 4229 et

1942 4263 2178 4332 inopiam
2209 4258 2730 4314 deﬂere?’Ca"leru‘m
2762 4259 2806 4313 si
2828 4260 2916 4328 qui
2941 4260 3008 4313 ita
3041 4277 3304 4331 pauperes
3323 4273 3518 4328 essent,

1943 4364 2160 4425 possent
2183 4368 2247 4407 ex
2284 4352 2497 4407 assidua
2528 4351 2613 4406 hic
2642 4351 2752 4407 ﬁeri
2789 4352 2943 4406 solita
2974 4351 3226 4422 lectione,
3278 4354 3410 4408 nihil
3459 4371 3523 4410 et

1943 4451 2010 4505 iis
2039 4466 2158 4521 qua:
2203 4449 2396 4505 divinte
2435 4447 2726 4519 Scriptura:
2750 4449 3031 4504 continent
3068 4449 3339 4518 ignorare.
3371 4448 3522 4515 Quod

1943 4542 1985 4595 si
2017 4541 2068 4596 id
2095 4528 2424 4612 impossibile
2460 4541 2611 4595 vobis
2642 4540 2889 4596 videatur
2914 4556 3056 4605 esse,
3111 4556 3216 4595 non
3259 4541 3528 4594 immerito

1944 4632 2171 4689 videtur.
2212 4632 2352 4688 Multi
2400 4634 2542 4687 enim
2586 4636 2694 4685 "non
2747 4648 2991 4702 magnam
3026 4632 3238 4685 let'tioni
3270 4630 3522 4688 attentio-

1943 4739 2067 4779 nem
2095 4721 2367 4788 adhibent,
2398 4725 2490 4779 sed
2524 4723 2753 4778 lectione
2793 4721 3153 4792 perluucmrie
3178 4722 3378 4787 audita,
3418 4731 3527 4776 sta-

1940 4815 2035 4869 tim
2064 4813 2282 4869 domum
2321 4829 2381 4869 se
2422 4813 2707 4882 rccipiunt.
2752 4811 2903 4879 Quod
2937 4812 2982 4866 sl
3019 4813 3106 4882 qui
3139 4813 3451 4878 manserint,
3485 4815 3521 4870 ii

1940 4921 2045 4960 non
2091 4905 2311 4961 meliOre
2338 4914 2464 4959 sunt
2488 4902 2817 4968 conditione,
2847 4912 3004 4973 quam
3036 4906 3124 4974 qui
3158 4914 3523 4970 recesserunt,

1937 5002 2168 5063 corpore
2207 4994 2379 5049 solum
2411 4996 2730 5064 praesentes.
2770 4990 2878 5046 Sed
2905 5006 2970 5046 ne
2996 4993 3221 5063 amplius
3250 4993 3525 5063 querimo-

1941 5088 2041 5141 niis
2068 5102 2163 5141 vos
2193 5086 2352 5140 tmdio
2379 5071 2699 5143 ofﬁcia-must
2746 5097 2881 5139 neve
2919 5085 2970 5139 in
3000 5084 3519 5154 reprehensionibus

1941 5188 2109 5232 totutn
2119 5184 2333 5245 tempus
2356 5183 2616 5229 teramus,
2636 5168 2907 5241 EVnngclii
2931 5174 3091 5228 verba
3112 5172 3483 5242 aggrediamur
3501 5192 3521 5227 τ

1942 5253 2153 5337 tempus
2180 5264 2323 5320 enim
2352 5271 2437 5317 et
2469 5271 2527 5311 ut
2550 5271 2663 5309 rem
2699 5264 3017 5330 propositam
3045 5262 3387 5333 attingamus.
3414 5260 3523 5317 Sed

1941 5361 2175 5415 animum
2202 5355 2473 5415 adhibete,
2521 5362 2591 5400 uc
2620 5351 2744 5415 quid
2774 5371 2867 5412 vos
2900 5357 3163 5412 dictorum
3186 5356 3421 5425 eli'ugiat.
3459 5355 3523 5409 Et

1942 5450 2143 5502 νηί)υή
2183 5459 2302 5498 εηνο
2337 5442 2530 5510 Nam"
2575 5447 2670 5500 “in
2699 5452 2744 5494 ει
2784 5446 3023 5502 habitarit
3065 5447 3117 5500 in
3160 5446 3323 5500 nobis.
3373 5442 3525 5495 Post-

1942 5552 2106 5607 quam
2135 5534 2340 5587 dixerat
2365 5531 2481 5583 illos
2514 5526 2604 5594 qui
2633 5540 2751 5586 eum
2781 5547 3118 5606 προρρρι-ηηι,
3147 5551 3213 5587 με
3243 5535 3349 5583 pm
3380 5541 3533 5583 "ams

3170 5624 3203 5673 5
