4012 6210
480 247 553 304 το
1238 245 1295 301 s.
1320 245 1608 302 ‘JOANNIS
1644 243 2105 299 cnnvsosront
2146 243 2459 299 AittllllEP.
2499 245 3025 303 CONSTANTINOP.
3238 210 3243 216 ’
3561 259 3567 266 ’
3692 252 3762 307 ao

484 374 536 416 et
571 362 662 418 Dei
692 361 830 415 illius
856 375 1013 426 esse,
1064 359 1346 414 inellabilis
1386 358 1541 429 hujus
1584 356 1807 412 honoris
1841 369 2058 411 causam

483 453 659 522 affert,
711 454 847 525 hanc
874 467 1087 524 nempe,
1117 454 1260 522 quod
1284 451 1541 506 Verbum
1563 465 1689 505 caro
1721 448 1914 503 factum
1956 448 2060 513 sit,

486 556 541 600 et
567 545 823 599 Dominus
863 544 1005 598 servi
1035 542 1261 597 formam
1290 541 1576 610 acceperit.
1610 539 1775 593 Filius
1800 538 1941 592 enim
1966 535 2063 590 ho-

484 636 644 690 minis
688 633 909 689 eﬂectus
948 641 1049 698 est,
1080 647 1220 686 cum
1263 647 1423 686 verus
1467 630 1556 684 Dei
1574 629 1756 683 ’Filius
1783 635 1956 693 ιεδοι,
2007 634 2066 680 ιιι

491 725 735 780 homines
776 724 870 778 Dei
912 722 1047 777 ﬁlios
1092 722 1349 777 ct‘liccret.
1389 721 1628 775 Sublime
1675 732 1903 786 namque
1940 728 2064 769 cum

487 816 676 873 humili
700 830 937 878 versans,
962 813 1095 869 nihil
1123 814 1173 867 in
1199 813 1366 883 gloria
1399 825 1501 865 sua:
1520 810 1746 874 heditur,
1770 806 1909 861 illud
1937 821 2064 860 vero

484 927 551 965 ex
595 910 757 965 multa
798 907 955 979 erigit
1002 906 1300 960 lnnnilitatc
1343 923 1359 960 :
1399 902 1539 973 quod
1571 911 1624 956 et
1652 901 1702 954 in
1729 900 1943 954 Christo
1974 898 2051 950 fa-

481 1012 627 1055 ctum
674 1009 777 1055 est.
812 998 1063 1053 Naturam
1102 996 1297 1065 quippe
1330 1008 1480 1070 suam
1525 991 1616 1046 tali
1660 991 1922 1045 descensu
1943 1002 2059 1041 non

484 1092 705 1157 minuit;
734 1104 937 1160 nosque
964 1089 1051 1158 qui
1078 1088 1130 1141 in
1163 1085 1451 1156 ignominia
1482 1093 1537 1140 et
1574 1083 1627 1137 iu
1657 1081 1895 1137 tenebris
1919 1094 2060 1134 sem-

486 1197 583 1254 per
620 1180 987 1243 versabamur,
1034 1176 1099 1231 ad
1128 1176 1350 1246 gloriam
1381 1174 1551 1229 erexit
1577 1171 1924 1226 iuell‘abilcm.
1974 1168 2064 1224 Sic

482 1283 538 1328 et
563 1288 653 1327 rex
682 1287 803 1326 cum
837 1283 1124 1340 pauperem
1169 1276 1223 1322 et
1268 1265 1569 1319 mendicum
1612 1262 1902 1333 alloquitur
1940 1275 2061 1314 cum

485 1361 665 1435 studio
689 1371 745 1417 et
784 1359 1177 1425 benevolentia,
1217 1357 1348 1412 nihil
1377 1365 1532 1425 turpe
1560 1354 1708 1418 facit,
1753 1353 1901 1407 illum
1935 1364 2062 1405 vero

487 1455 860 1525 apttdctnnes
901 1453 1162 1507 illustrem
1213 1466 1274 1505 ac
1314 1448 1653 1519 Splendidum
1685 1445 1877 1501 reddit.
1911 1442 2062 1510 Quod

481 1546 526 1600 si
572 1545 624 1599 in
672 1545 759 1599 illa
804 1543 1090 1598 adventitia
1116 1557 1336 1612 prorsus
1363 1541 1639 1594 hominum
1672 1538 1932 1607 dignitate
1963 1535 2064 1588 ho-

484 1637 807 1691 noratiorem
879 1649 1000 1689 cum
1069 1631 1245 1687 viliori
1296 1630 1629 1686 consuetudo
1681 1628 1814 1683 nihil
1877 1627 2058 1690 lmdit;

484 1729 651 1781 nmlto
699 1727 875 1780 minus
918 1724 1273 1779 immortalem
1319 1738 1380 1777 ac
1413 1722 1621 1777 beatam
1650 1720 1793 1774 illam
1825 1718 2065 1774 substan-

485 1820 633 1884 tiam,
666 1834 783 1887 qua:
812 1817 943 1871 nihil
970 1816 1319 1871 adventitium
1352 1815 1534 1879 habet,
1567 1813 1699 1868 nihil
1729 1812 1873 1881 quod
1904 1811 2064 1866 modo

481 1908 642 1970 adsit,
689 1907 849 1962 modo
884 1906 1043 1973 absit,
1086 1905 1182 1961 sed
1211 1906 1388 1959 omnia
1414 1905 1552 1958 bona
1580 1905 1799 1957 immota
1827 1910 1879 1957 et
1906 1901 1969 1956 ad
1999 1902 2062 1955 li-

481 2013 605 2054 nem
648 2012 817 2068 nsque
862 1996 1158 2052 manentia.
1192 1995 1374 2065 Itaque
1408 1993 1812 2058 eumaudieris,
1845 1991 2063 2046 Verbum

481 2107 601 2145 caro
642 2096 831 2163 factum
875 2100 983 2153 est,
1025 2106 1099 2146 ne
1150 2090 1401 2157 turheris,
1458 2105 1526 2145 ne
1570 2087 1839 2144 concidas.
1878 2086 2064 2157 Neque

472 2181 626 2236 enim
667 2180 965 2236 substantia
1009 2181 1209 2237 decidit
1251 2183 1303 2235 in
1355 2196 1569 2236 carnem
1612 2167 1870 2251 (impium
1917 2178 2061 2232 enim

480 2278 627 2323 esset
657 2269 708 2324 id
737 2269 820 2324 vel
848 2271 1154 2340 cogitare),
1201 2269 1295 2326 sed
1348 2286 1573 2326 manens
1617 2269 1759 2342 quod
1806 2276 1942 2333 erat,
1985 2267 2065 2322 sic

484 2358 708 2414 formam
740 2361 879 2415 servi
909 2361 1137 2430 accepit.

554 2448 608 2502 2.
637 2447 744 2503 Cur
762 2458 936 2505 autem
974 2451 1065 2503 illo
1095 2449 1276 2515 verbo,
1312 2450 1528 2505 Factum
1558 2461 1649 2516 est,
1683 2465 1810 2504 usus
1839 2449 2066 2506 cstiUt

485 2539 857 2595 haereticorum
885 2555 975 2594 ora
1016 2539 1316 2596 obstrueret
1344 2540 1445 2611 (η).
1476 2541 1606 2609 Quia
1646 2542 1786 2594 enim
1827 2541 2066 2611 suntqui

483 2631 685 2695 dicant,
707 2646 767 2688 ea
791 2648 908 2703 qua:
929 2633 1345 2688 incarnationem
1373 2641 1695 2702 spectarent,
1736 2633 2065 2702 phantasiam

482 2730 540 2775 et
571 2720 870 2789 figmentum
897 2737 1038 2786 esse,
1069 2730 1124 2776 ut
1175 2737 1359 2777 eorum
1394 2721 1773 2792 blaSphemiam
1801 2721 1866 2776 de
1893 2720 2068 2776 medio

482 2810 674 2866 tollere
698 2820 1056 2881 prmverterct,
1080 2811 1204 2866 illud
1230 2810 1469 2876 verbum,
1497 2809 1708 2865 Factum
1735 2820 1825 2876 est,
1850 2809 2021 2879 posuit
2050 2828 2063 2864 :

483 2916 594 2957 non
635 2911 693 2956 ut
741 2902 1086 2959 mutationem
1127 2903 1458 2967 substantizn,
1496 2902 1654 2968 absit,
1696 2900 1789 2956 sed
1836 2910 1892 2954 ιιι
1928 2915 2068 2954 vera:

484 2992 661 3046 carnis
676 2993 1093 3063 assumptiouem
1112 2993 1427 3048 declararet.
1444 2992 1904 3061 Quemadmodum
1926 2991 2065 3046 enim

478 3096 605 3136 cum
648 3082 796 3149 dicit,
844 3081 1071 3137 Christus
1115 3099 1206 3137 nos
1242 3084 1469 3138 liberauit
1511 3083 1574 3137 de
1606 3083 1871 3138 maledicto
1922 3082 2064 3152 legis,

485 3171 648 3241 factus
678 3188 771 3243 pro
797 3172 939 3228 nobis
968 3174 1286 3228 maledictum
1322 3173 1465 3242 (Gul.
1496 3174 1548 3227 '5.
1580 3172 1688 3244 t5),
1720 3188 1825 3227 non
1865 3172 2067 3242 signiﬁ-

483 3273 569 3317 cat
606 3263 953 3319 substantiam
983 3279 1132 3319 suatn
1162 3279 1191 3318 a
1219 3266 1386 3334 gloria
1426 3263 1816 3327 abscedentem,
1858 3263 1910 3316 in
1950 3277 2067 3316 ma-

486 3353 739 3408 ledictum
777 3369 984 3409 versam
1023 3369 1142 3409 esse
1172 3355 1323 3423 (illud
1361 3355 1502 3407 enim
1535 3369 1601 3407 ne
1638 3354 1909 3407 daemones
1947 3353 2067 3422 qui-

484 3442 629 3503 dem,
662 3458 836 3512 neque
863 3443 948 3498 vel
989 3443 1286 3497 stultissimi
1317 3452 1372 3497 et
1408 3453 1648 3496 amentes
1685 3443 2064 3513 cogitaverim;

486 3541 687 3587 tantam
720 3548 911 3603 nempe
943 3533 1080 3603 sapit
1125 3532 1250 3588 illud
1280 3548 1402 3587 cum
1433 3533 1699 3602 impietate
1728 3533 2066 3602 conjunctam

480 3620 787 3693 stultitiam)
818 3639 832 3675 :
865 3638 969 3679 non
1011 3625 1169 3694 igitur
1193 3622 1295 3680 hoc
1320 3624 1466 3688 dicit,
1511 3624 1604 3678 sed
1640 3624 1809 3694 ipsum
1852 3635 2069 3697 aCCcpto

487 3712 600 3778 ilio,
627 3712 977 3782 quodcontra
1006 3729 1102 3770 nos
1129 3722 1261 3780 erat,
1289 3714 1594 3780 maledicto,
1628 3730 1733 3770 non
1768 3716 1943 3771 sinere
1969 3733 2069 3772 nos

487 3806 712 3873 amplius
743 3805 1053 3862 maledictos
1079 3821 1199 3861 esse
1229 3823 1243 3862 :
1276 3807 1352 3862 sic
1376 3816 1428 3861 et
1464 3805 1565 3862 hoc
1592 3804 1709 3861 loco
1733 3807 1861 3861 dicit
1895 3806 2065 3877 ipsum

487 3910 700 3950 c:u'ucm
737 3896 928 3952 factum
956 3912 1093 3960 esse,
1125 3913 1228 3951 non
1262 3908 1460 3952 mutata
1491 3899 1540 3951 in
1568 3912 1780 3952 carnem
1816 3897 2065 3952 substan-

489 3985 580 4049 tia,
613 3985 705 4042 sed
736 3995 855 4056 post
891 3996 1162 4057 acceptam
1180 4003 1407 4043 carnem
1432 3988 1536 4043 illa
1572 3989 1764 4044 intacta
1794 3999 2064 4044 manente.

487 4076 639 4144 Quod
668 4078 711 4131 si
744 4078 991 4140 dixerint,
1026 4077 1189 4133 Deum
1224 4089 1278 4134 ut
1317 4081 1405 4150 qui
1435 4080 1612 4134 omnia
1650 4080 1832 4149 possit,
1868 4080 1919 4134 in
1951 4095 2065 4134 car-

487 4185 610 4225 nem
656 4169 902 4227 decidere
949 4172 1182 4241 potuisse
1228 4188 1241 4224 :
1287 4171 1729 4241 respondebimus
1772 4171 1897 4238 illis,
1944 4187 2065 4227 eum

486 4263 666 4317 omnia
697 4276 850 4330 posse
876 4261 1045 4319 donec
1070 4272 1247 4319 manet
1273 4263 1453 4330 Deus;
1495 4261 1588 4320 sed
1628 4264 1673 4318 si
1717 4264 2063 4318 mutationem

487 4354 778 4418 admiserit,
809 4353 914 4408 imo
942 4356 1287 4411 mutationem
1318 4357 1373 4411 in
1418 4359 1589 4427 pejus,
1618 4354 1884 4427 quomodo
1927 4355 2066 4410 Deus

488 4443 684 4498 fuerit?
706 4441 838 4498 Nam
868 4444 1081 4509 mutari,
1116 4445 1270 4516 longe
1302 4454 1384 4500 est
1413 4446 1480 4500 ab
1521 4447 1804 4500 immortali
1839 4445 1925 4499 illa
1964 4461 2064 4499 na-

487 4543 622 4588 tura.
649 4534 982 4605 Quapropter
1002 4534 1256 4605 propheta
1286 4534 1492 4589 dicebat
1520 4553 1534 4592 :
1561 4535 1746 4590 (fonte:
1764 4537 1892 4591 sicut
1922 4536 2067 4589 resti-

485 4633 705 4676 ntentuot
747 4632 1071 4684 relerasccnt,
1121 4634 1167 4677 et
1206 4624 1332 4677 sicut
1368 4625 1674 4693 opertorium
1708 4624 1924 4678 mutabis
1957 4640 2059 4688 eos,

483 4724 529 4765 et
559 4719 895 4772 mutabuntur.
932 4713 1011 4768 Tu
1036 4724 1200 4767 mrtem
1231 4714 1361 4767 idem
1393 4716 1501 4783 ipse
1519 4731 1596 4779 es,
1622 4724 1671 4768 el
1696 4716 1818 4768 αιτιιί
1847 4714 1921 4768 tui
1964 4731 2065 4768 non

484 4805 715 4873 deﬁcient
738 4805 905 4874 (Paul.
942 4807 1062 4861 iOI.
1085 4806 1200 4876 Ξῖ).
1234 4806 1355 4859 llzuc
1385 4808 1577 4877 quippe
1594 4808 1897 4861 substantia
1919 4806 2063 4862 omni

466 4894 774 4948 mutatione
812 4896 1055 4965 superior
1094 4906 1193 4950 est.
1242 4895 1423 4965 Neque
1465 4895 1604 4949 aliud
1659 4897 1929 4966 quidpiam
1976 4897 2064 4951 illo

481 4986 672 5039 tut-lius
703 4994 805 5050 cst,
838 4996 892 5040 ιιι
928 4988 1254 5056 proﬁciendo
1291 4989 1459 5059 possit
1498 4987 1561 5043 ad
1591 4988 1716 5042 illud
1764 4990 2060 5059 pervenire.

543 5160 615 5221 (α)
647 5160 729 5208 llic
761 5158 869 5225 illos
902 5161 1163 5210 insectatur
1185 5162 1456 5218 hrcrelicos,
1478 5161 1562 5225 qui
1601 5168 1831 5225 putarent
1861 5161 2060 5225 simula-

480 5227 577 5267 tzun
612 5235 724 5286 esse
760 5222 1170 5286 Incaruationum;
1195 5236 1375 5286 nempe
1407 5222 1716 5286 simulatione
1750 5230 1802 5271 et
1833 5224 2060 5284 «mixtione

482 5288 666 5350 tantum
691 5283 738 5330 in
761 5296 920 5350 carne
930 5284 1187 5350 advenisse
1210 5283 1450 5350 Verbum
1475 5284 1777 5350 elfuticutes,
1804 5283 1949 5350 sui“:
1971 5286 2062 5350 soi-

482 5340 612 5404 lieot,
646 5356 756 5404 qua:
781 5358 871 5392 vox
910 5345 1043 5392 initio
1077 5348 1318 5396 nascentis
1351 5346 1576 5395 Ecclesia!
1608 5358 1635 5394 a
1669 5340 2064 5394 novatorilutsin-

480 5402 626 5469 ducta
657 5402 772 5457 fuit,
805 5406 1061 5469 ut_videas
1082 5406 1215 5469 apud
1243 5408 1484 5469 lgnathnn
1518 5406 1733 5469 Epistula
1766 5406 1827 5454 ad
1862 5404 2060 5454 Trallia-

482 5475 588 5530 nos,
617 5465 832 5526 itentqne
856 5465 1008 5530 Epist,
1034 5467 1094 5516 ad
1113 5465 1377 5530 Stnyrn'asos
1422 5465 1744 5518 illanrauteal
1772 5480 1941 5517 vocem
1977 5475 2059 5530 ta-

481 5526 584 5574 tine
617 5526 909 5590 conversam
934 5527 1086 5576 habes
1117 5526 1243 5590 apud
1280 5529 1542 5584 lreumnm.
1568 5532 1650 5578 ubi
1684 5538 1832 5588 ιωινςσιι
1854 5527 2060 5590 putatirc

481 5589 768 5655 exprimitur
792 5588 923 5655 libro
945 5590 1054 5647 l,ct
1085 5588 1425 5651 setiuentihus.
1451 5591 1765 5655 Stthiudequc
1790 5588 1870 5640 alii
1895 5598 1966 5640 ss.
1982 5598 2060 5640 l‘a-

480 5650 584 5697 tres
607 5650 729 5700 hanc
752 5651 977 5701 haeresim
1000 5650 1453 5701 commemoraruut.
1684 5650 1697 5655 ’
1961 5668 1965 5673 ·

2170 356 2305 423 Quid
2332 356 2452 412 dico
2490 358 2718 414 melius?
2756 360 2893 415 Nihil
2920 362 2969 415 ei
3009 375 3105 431 par
3130 370 3229 427 est,
3276 363 3354 417 vel
3396 363 3667 419 tantillum
3690 370 3765 422 ad

2170 449 2315 503 iitum
2340 450 2557 506 accedit.
2594 450 2849 522 Sequitur
2868 467 2997 522 ergo
3027 453 3195 522 ipsum
3224 454 3276 507 in
3308 454 3459 524 pejus
3491 466 3757 514 mutatum

2149 553 2287 593 esse
2309 539 2351 593 si
2379 548 2613 594 mutatus
2637 544 2722 596 sit.
2758 541 2867 596 Hoc
2887 551 3066 597 autem
3100 557 3203 596 non
3232 552 3408 613 potest
3437 544 3580 599 Deus
3614 560 3755 601 esse.

2170 629 2274 684 Sed
2309 630 2634 700 blasphemia
2665 633 2899 702 in'caput
2927 648 3132 699 eorum,
3174 636 3262 703 qui
3305 633 3420 689 huic
3453 635 3757 705 proferunt,

2169 728 2423 774 vertatur.
2446 718 2596 786 Quod
2626 723 2765 777 enim
2805 722 2955 789 illud,
2992 722 3209 778 Factum
3236 733 3334 791 est,
3393 726 3516 781 ideo
3551 727 3759 783 dictum

2140 832 2145 837 ·
2169 812 2257 878 sit,
2291 821 2349 868 ut
2373 828 2439 868 ne
2468 813 2799 884 phantasiam
2820 830 2942 871 esse
2967 818 3272 886 suSpiceris,
3304 817 3670 874 animadverte
3690 834 3760 874 ex

2169 902 2233 956 iis
2259 919 2377 974 qtne
2403 915 2715 976 sequuntur,
2747 906 3012 976 quomodo
3061 917 3116 962 ct
3148 908 3345 963 dictum
3377 909 3504 963 illud
3530 919 3587 964 et
3629 926 3759 980 pra-

2168 1009 2288 1048 vam
2320 995 2455 1050 hanc
2502 998 2856 1065 suspicionem
2901 1008 3183 1068 expurget.
3235 997 3423 1054 Subdit
3468 1001 3638 1064 enim,
3683 999 3756 1055 Et

2169 1083 2409 1139 habitavit
2430 1086 2485 1140 in
2510 1086 2671 1153 nobis,
2696 1101 2766 1143 ac
2790 1088 2851 1141 si
2882 1086 3081 1144 diceret
3110 1104 3128 1143 :
3154 1089 3297 1144 Nihil
3327 1089 3619 1146 absurdum
3659 1106 3759 1145 su-

2167 1176 2389 1245 spiceris
2409 1191 2474 1230 ex
2496 1177 2596 1233 hoc
2619 1178 2789 1244 dicto,
2817 1179 3032 1234 Factum
3055 1191 3147 1236 est.
3183 1180 3303 1236 Non
3332 1183 3473 1237 enim
3499 1183 3759 1237 immuta-

2169 1265 2290 1319 bilis
2336 1275 2539 1322 natura:
2585 1270 2965 1336 mutationem,
3025 1271 3120 1326 sed
3177 1271 3560 1327 habitationem
3611 1273 3756 1327 dixi.

2169 1354 2433 1411 llabitatio
2451 1366 2629 1412 autem
2673 1374 2779 1414 non
2819 1360 3044 1431 idipsum
3072 1370 3155 1417 est
3196 1361 3337 1432 quod
3366 1361 3753 1429 habitaculum,

2168 1443 2260 1498 sed
2291 1445 2452 1500 aliud.
2480 1447 2636 1503 Aliud
2665 1450 2806 1504 enim
2832 1450 2884 1504 in
2909 1451 3013 1506 alio
3035 1450 3272 1517 habitat;
3304 1451 3436 1506 alias
3469 1452 3613 1506 enim
3641 1468 3751 1506 non

2120 1556 2123 1560 ·
2168 1545 2309 1592 esset
2337 1535 2593 1593 habitatio
2624 1557 2638 1594 :
2667 1540 2801 1595 nihil
2841 1542 2982 1595 enim
3026 1542 3078 1596 in
3123 1542 3301 1611 seipso
3334 1540 3558 1597 habitat.
3592 1543 3752 1597 Aliud

2169 1640 2296 1679 vero
2319 1625 2431 1681 dixi
2456 1627 2744 1684 secundum
2770 1630 3143 1685 substantiam.
3172 1631 3304 1685 Nam
3325 1631 3528 1687 unitate
3549 1640 3603 1686 et
3623 1646 3754 1686 con-

2162 1714 2436 1784 junctione
2464 1718 2604 1773 Deus
2635 1719 2866 1775 Verbum
2897 1728 2950 1775 et
2973 1736 3100 1775 caro
3120 1736 3284 1776 utrum
3305 1730 3431 1777 sunt
3457 1740 3471 1776 :
3499 1722 3618 1777 sine
3647 1722 3752 1777 ulta

2168 1804 2495 1873 confusione,
2516 1808 2600 1862 vel
2621 1810 3032 1865 substantiarum
3055 1811 3341 1877 ablatione,
3365 1811 3457 1866 sed
3478 1826 3572 1881 per
3592 1811 3754 1865 unio-

2171 1912 2290 1951 nem
2313 1898 2630 1955 inell‘abilem
2669 1901 3218 1972 inexplicabilcmque.
3259 1902 3536 1969 Quomodo
3570 1914 3750 1959 autem

2170 1987 2220 2043 id
2273 1990 2359 2044 liat
2411 2004 2477 2045 ne
2513 2007 2753 2061 quaeras;
2799 1991 2996 2049 factum
3025 2003 3107 2048 est
3135 1992 3277 2048 enim
3323 2004 3380 2048 ut
3421 1993 3534 2062 ipse
3581 1996 3746 2049 novit.

2169 2077 2448 2146 Quodnam
2480 2096 2607 2152 ergo
2646 2081 2745 2137 fuit
2791 2082 3172 2147 habitaculum,
3215 2083 3269 2137 in
3310 2098 3417 2154 quo
3457 2082 3751 2137 habitavit?

2169 2170 2306 2225 Audi
2353 2171 2663 2241 prophetam
2708 2172 2973 2227 dicentem
3018 2190 3032 2226 :
3075 2171 3340 2226 Suscitabo
3370 2171 3751 2226 tabernaculum

2170 2259 2356 2329 David,
2380 2264 2515 2333 quod
2540 2264 2714 2319 cecidit
2736 2264 2933 2335 (Amos.
2956 2264 3008 2320 9.
3041 2264 3148 2334 ll).
3180 2263 3319 2319 Vere
3346 2279 3576 2334 namque
3602 2265 3746 2319 ceci-

2169 2352 2264 2415 dit,
2293 2355 2483 2409 cecidit
2519 2364 2701 2410 natura
2734 2365 2911 2410 nostra
2962 2371 3088 2409 casu
3118 2355 3415 2421 incurabili,
3461 2365 3511 2411 et
3541 2358 3744 2426 potenti

2171 2445 2259 2499 illa
2289 2461 2446 2500 manu
2474 2447 2586 2501 sola
2612 2448 2821 2518 egebat.
2853 2447 3035 2517 Neque
3057 2448 3196 2502 enim
3226 2456 3435 2517 poterat
3454 2448 3563 2501 alio
3590 2448 3748 2501 ιιιιιιισι

2170 2554 2470 2609 reatrgcre,
2501 2542 2600 2593 nisi
2632 2540 2676 2595 is
2704 2541 2792 2611 qui
2822 2540 2871 2595 in
2900 2540 3157 2611 principio
3185 2540 3326 2595 illaut
3352 2537 3745 2605 emirmaverat,

2172 2629 2205 2699 iI
2227 2630 2271 2683 si
2304 2646 2515 2684 manum
2542 2632 2886 2700 porrexisset,
2911 2640 2961 2686 et
2982 2645 3212 2700 superne
3240 2631 3381 2684 illam
3406 2633 3750 2707 reformasset

2172 2735 2266 2789 per
2294 2736 2444 2791 aqua:
2484 2721 2938 2791 regenerationem
2981 2729 3036 2776 et
3071 2720 3319 2791 Spiritus.
3349 2720 3417 2775 Et
3457 2720 3577 2773 vide
3616 2718 3747 2773 mihi

2170 2810 2497 2866 horrendum
2524 2820 2578 2867 et
2600 2827 2850 2868 arcanum
2871 2811 3205 2885 mysterium.
3227 2811 3451 2881 Semper
3467 2810 3668 2864 habitat
3693 2809 3748 2864 iu

2174 2902 2273 2957 hoc
2328 2903 2669 2958 tabernaculo
2703 2918 2965 2960 :caruem
3018 2903 3215 2974 quippe
3268 2911 3499 2957 nostram
3555 2903 3749 2967 ind..it',

2172 3011 2277 3049 non
2308 3005 2365 3049 ut
2400 3005 2580 3064 postea
2622 2995 2966 3067 relinqueret,
3010 2994 3105 3050 sed
3136 2993 3277 3049 illam
3316 3007 3531 3063 semper
3566 3007 3748 3048 secum

2165 3086 2205 3139 ah
2226 3087 2463 3141 ubiturus.
2500 3086 2608 3141 Nisi
2638 3086 2782 3142 enim
2805 3085 2906 3141 hoc
2924 3092 3087 3148 esset,
3119 3099 3223 3139 non
3254 3083 3396 3139 illam
3428 3083 3575 3153 regio
3611 3081 3749 3137 solio

2172 3180 2418 3250 dignatus
2433 3189 2596 3247 esset,
2618 3194 2793 3251 neque
2809 3178 2973 3248 ipsam
2992 3176 3171 3232 ferens
3187 3175 3502 3231 adoreretur
3517 3174 3586 3229 ab
3601 3174 3747 3228 omni

2171 3273 2367 3327 cretesti
2415 3271 2674 3337 exercitu,
2714 3271 2785 3324 ab
2815 3268 3044 3340 angelis,
3093 3266 3464 3337 arebangelis,
3518 3264 3745 3328 thronis,

2171 3361 2656 3428 dominationibus,
2715 3360 3136 3433 principatibus,
3195 3359 3562 3429 potestatibus.
3617 3356 3749 3425 Quis

2171 3468 2370 3518 sermo,
2395 3468 2708 3524 quaemens,
2743 3464 2945 3508 tantum
2986 3451 3132 3507 illum
3159 3450 3415 3506 honorem
3445 3449 3623 3519 generi
3652 3465 3750 3503 no-

2154 3554 2283 3600 stro
2306 3545 2577 3610 collatum,
2626 3543 3087 3614 supematuralem
3136 3542 3282 3596 illum
3326 3550 3381 3595 et
3424 3539 3748 3595 horrendum

2168 3635 2437 3704 explicare
2470 3635 2701 3705 poterit“!
2749 3634 2877 3700 Quis
2920 3633 3172 3704 angelus?
3197 3632 3318 3703 quis
3355 3630 3751 3701 archangelus‘!

2166 3725 2358 3781 Nullus
2386 3742 2604 3798 usquam
2631 3727 2713 3781 vel
2741 3727 2791 3781 in
2821 3727 2953 3781 caelo
2982 3725 3063 3780 vel
3104 3725 3156 3779 in
3187 3734 3348 3780 terra.
3377 3724 3524 3778 Talia
3552 3726 3753 3793 quippe

2171 3827 2296 3873 sum
2319 3818 2409 3874 Dei
2441 3833 2624 3889 opera,
2653 3828 2794 3872 tanta
2824 3828 3036 3889 tamque
3059 3813 3479 3888 supernaturalia
3504 3817 3623 3885 ejus
3653 3816 3751 3870 bc-

2172 3909 2379 3973 uelieia,
2404 3919 2459 3964 ιιι
2489 3926 2592 3964 non
2622 3911 2780 3965 modo
2801 3909 3083 3964 humanam
3102 3909 3362 3978 linguam,
3385 3907 3477 3962 sed
3502 3915 3753 3977 clange-

2171 4001 2324 4056 licam
2372 4001 2620 4058 virtutem
2675 4009 2891 4072 superet
2943 4015 3129 4055 eorum
3186 4008 3431 4054 accurata
3491 4000 3749 4056 uenatio.

2098 4142 2103 4148 .
2161 4090 2525 4159 Quamobrem
2554 4106 2653 4147 nos
2682 4091 2992 4147 concionem
3017 4091 3152 4145 hanc
3173 4090 3386 4145 silentio
3404 4087 3748 4157 claudemus,

2170 4200 2288 4239 cum
2330 4200 2425 4239 vos
2472 4187 2854 4251 monucrimus,
2896 4194 2957 4239 ut
2991 4184 3325 4240 benefactori
3380 4192 3527 4238 tanto
3570 4184 3751 4239 vicem

2171 4276 2493 4345 repettdatis,
2522 4277 2676 4344 cujus
2709 4277 2785 4331 rei
2813 4277 3017 4331 lucrum
3059 4284 3228 4330 totum
3262 4275 3414 4329 nobis
3444 4284 3629 4344 postea
3654 4291 3751 4330 re-

2166 4365 2646 4437 pendetur.Yiecm
2665 4377 2839 4421 autem
2858 4365 3214 4436 rcpendimus,
3239 4366 3282 4419 si
3301 4365 3752 4435 magnamanimre

2171 4466 2368 4510 nostrze
2415 4471 2597 4510 curam
2643 4456 2956 4511 habeamus.
3004 4455 3135 4510 Nam
3166 4454 3361 4510 ethoc
3408 4455 3752 4525 benignitatis

2170 4550 2311 4604 illius
2340 4565 2474 4619 Opus
2516 4560 2623 4617 est,
2675 4560 2731 4605 ut
2770 4566 2891 4605 cum
2938 4550 3085 4605 nullo
3137 4557 3377 4603 nostrum
3424 4558 3597 4618 egeat,
3648 4549 3751 4603 sibi

2170 4642 2337 4696 vicem
2366 4641 2583 4711 rependi
2623 4641 2784 4702 dicat.
2822 4656 2950 4696 cum
2992 4657 3089 4697 nos
3115 4641 3345 4695 animam
3372 4648 3612 4695 nostram
3644 4655 3751 4694 non

2170 4732 2505 4804 negligimus.
2534 4730 2888 4798 Quamobrem
2918 4742 3172 4787 extrema:
3209 4729 3457 4784 amentia}
3495 4737 3661 4794 esset,
3701 4741 3756 4785 et
3820 4729 3825 4733 ’

2168 4823 2458 4878 innumeris
2479 4820 2693 4892 dignum
2716 4822 3009 4891 suppliciis,
3042 4830 3244 4874 tantum
3263 4826 3624 4889 consequutus
3657 4818 3757 4873 bo-

2169 4929 2375 4979 norem,
2410 4927 2512 4968 non
2541 4928 2602 4969 ea
2629 4928 2748 4983 qum
2770 4927 2933 4982 penes
2964 4924 3060 4966 nos
3088 4919 3212 4965 sunt
3234 4908 3460 4974 referre,
3489 4922 3616 4963 cum
3641 4926 3757 4964 ma-

2169 5004 2310 5060 xime
2355 5011 2462 5058 tota
2503 5004 2579 5059 rei
2624 5004 2823 5059 utilitas
2851 5003 2903 5057 in
2945 5017 3041 5057 nos
3069 5001 3352 5065 redundet,
3388 5009 3441 5055 et
3468 5000 3753 5053 innumera

2170 5097 2321 5151 nobis
2347 5096 2399 5151 in
2426 5094 2582 5164 hujus
2605 5095 2684 5149 rei
2719 5086 3019 5149 mercedem
3041 5094 3278 5161 reposita
3309 5091 3446 5146 bona
3488 5091 3615 5143 sint.
3650 5089 3755 5143 l‘ro

2168 5186 2250 5243 his
2283 5203 2410 5243 vero
2457 5187 2702 5241 omnibus
2749 5184 2978 5254 gloriam
3026 5183 3321 5239 referamus
3372 5181 3757 5250 benignissimo

2169 5279 2298 5345 Deo,
2326 5294 2433 5333 non
2456 5277 2632 5332 verbis
2661 5286 2886 5331 tantum.
2929 5274 3021 5328 sed
3063 5274 3231 5329 multo
3268 5272 3436 5342 magis
3472 5271 3752 5342 operibus,

2168 5379 2226 5423 ut
2255 5369 2426 5423 futura
2474 5380 2867 5435 consequamur
2912 5364 3049 5418 bona
3090 5381 3103 5419 :
3142 5379 3262 5433 quae
3312 5363 3516 5415 utinam
3560 5376 3758 5415 onnn-s

2167 5458 2542 5525 adipiscamur,
2576 5455 2743 5524 gratia
2771 5463 2825 5507 et
2852 5453 3175 5522 benignitate
3207 5450 3412 5505 Domini
3438 5451 3609 5504 nostri
3628 5444 3760 5504 Iesu

2164 5546 2386 5611 Christi,
2413 5560 2508 5616 per
2531 5559 2688 5614 quem
2715 5553 2770 5597 et
2808 5558 2928 5596 cum
2956 5557 3063 5611 quo
3092 5541 3229 5594 Patri
3259 5539 3450 5608 gloria,
3482 5539 3762 5611 simulque

2169 5640 2388 5711 Spiritut
2410 5648 2615 5704 sancto,
2648 5638 2698 5692 in
2726 5634 2920 5691 saecula
2952 5631 3287 5689 surculorum.
3321 5634 3515 5686 Amen.
