4012 6210
278 335 342 395 81

279 457 1509 484 Μ...

1413 321 1482 377 ΙΝ
1523 318 2097 379 JOANM‘ZM'IIOMIL‘.
2137 317 2252 373 ΧΠ.
2291 319 2362 371 al.
2409 315 2496 371 XI.

1690 524 2032 588 HOMILIA
2092 527 2242 588 X‘Ik‘

290 689 351 745 Et
400 690 624 744 vidimus
671 688 883 760 gloriam
921 687 1048 758 ejus,
1101 683 1316 760 gloriam
1355 679 1502 748 quasi
1552 673 1809 746 Um'geniti
1846 687 1877 724 α

618 778 792 842 Patre,
822 777 1023 847 plenum
1048 775 1224 846 gratim
1251 784 1297 825 et
1324 769 1566 824 veritatis.

367 874 422 927 l.
451 870 618 927 Forte
655 869 775 939 plus
814 883 972 939 quam
1015 882 1108 936 par
1133 871 1251 920 erat
1280 862 1434 918 vobis
1468 875 1635 930 nuper
1669 859 1879 914 onerosi

298 974 352 1020 et
381 964 591 1019 molesti
624 961 842 1024 fuimus,
873 959 1064 1014 acriori
1095 958 1173 1011 usi
1202 969 1470 1017 sermone.
1500 963 1554 1008 et
1581 955 1737 1024 longa
1764 968 1884 1009 con-

303 1063 382 1110 tra
414 1053 704 1108 multorum
749 1050 1008 1106 desidiam
1037 1048 1280 1101 oratione
1305 1044 1504 1100 habita.
1532 1042 1730 1097 Verum
1758 1043 1802 1097 si
1832 1042 1881 1097 id

306 1145 583 1201 mordendi
622 1144 798 1201 solum
839 1157 997 1197 causa
1024 1140 1355 1204 fecissemus,
1379 1137 1497 1206 jure
1516 1135 1669 1190 nobis
1694 1133 1885 1205 singuli

306 1243 718 1299 succensereut;
743 1234 788 1288 si
820 1249 946 1287 vero
979 1231 1263 1285 utilitatem
1297 1237 1523 1281 vestram
1557 1216 1887 1297 spectantes,

309 1326 609 1381 auditorum
631 1325 857 1395 gratiam
880 1322 1016 1376 inire
1039 1334 1145 1373 non
1165 1317 1484 1383 curavimus,
1515 1315 1724 1369 etiamsi
1748 1315 1890 1368 illam

309 1416 579 1485 profectus
606 1413 774 1469 vestri
814 1427 1018 1475 curam,
1038 1424 1197 1480 quam
1222 1408 1787 1478 gessimus,acceptam
1806 1403 1896 1457 ha-

309 1507 442 1563 bere
471 1506 677 1571 nolitis,
722 1504 893 1558 amori
928 1502 1117 1557 saltem
1148 1510 1331 1554 nostro
1358 1498 1563 1553 veniam
1595 1494 1899 1551 concedatis

308 1605 545 1666 oportet.
568 1594 871 1650 Admodum
894 1592 1033 1646 enim
1054 1592 1317 1655 timemus,
1338 1605 1403 1642 ne
1417 1588 1568 1641 nobis
1586 1600 1709 1640 cum
1725 1584 1901 1639 studio

313 1689 490 1743 tnulto
519 1685 978 1749 concinnantibus,
1024 1682 1169 1735 vobis
1205 1689 1381 1734 autem
1424 1678 1577 1732 dictis
1619 1675 1894 1730 attendere

318 1778 730 1849 negligentibus.
753 1777 1019 1845 graviores
1046 1772 1191 1827 vobis
1212 1771 1444 1826 rationes
1461 1767 1746 1823 reddenda:
1766 1767 1889 1819 sint.

315 1871 449 1926 Ideo
473 1884 632 1937 cogor
663 1884 757 1920 vos
794 1865 1096 1935 frequenter
1123 1862 1355 1917 excitare
1380 1869 1434 1915 et
1464 1855 1890 1927 expergefacere,

315 1960 662 2015 nedictorum
678 1955 944 2025 quidpiam
962 1951 1214 2007 inutiliter
1231 1948 1433 2005 eflluat.
1451 1948 1560 2003 Hoc
1577 1948 1717 2003 enim
1740 1955 1893 2016 pacto

315 2050 498 2106 licebit
522 2047 674 2103 vobis
699 2046 1003 2101 lideiiter‘et
1024 2043 1109 2098 hic
1138 2042 1336 2107 vivere,
1367 2048 1423 2096 et
1449 2040 1500 2094 in
1533 2039 1623 2093 illo
1658 2038 1745 2093 die
1772 2047 1895 2090 ante

320 2139 548 2195 tribunal
586 2137 797 2193 Christi
815 2137 1048 2190 adstare.
1085 2133 1215 2200 Quia
1254 2132 1414 2202 igitur
1442 2144 1535 2184 vos
1574 2142 1742 2197 nuper
1767 2127 1896 2181 satis

320 2230 746 2302 perstrinximus,
775 2243 872 2298 age
902 2227 1058 2282 hodie
1087 2226 1264 2280 statim
1293 2225 1405 2294 ipsa
1444 2222 1601 2278 verba
1634 2234 1901 2291 propona-

321 2338 459 2377 mus.
479 2320 541 2375 Et
553 2321 790 2384 uidimus,
810 2318 999 2388 inquit,
1013 2316 1223 2388 gloriam
1239 2315 1367 2384 ejus,
1386 2313 1599 2384 gloriam
1610 2310 1754 2379 quasi
1776 2307 1904 2364 Uni-

323 2415 522 2486 genitia
550 2412 725 2466 Patre.
755 2411 1041 2480 Postquam
1071 2408 1281 2464 dixerat
1309 2420 1405 2460 nos
1425 2404 1559 2458 filios
1576 2402 1667 2477 Dei
1686 2400 1902 2456 allectos

322 2521 468 2573 esse,
495 2514 550 2561 et
577 2502 883 2566 ostenderat
916 2515 1020 2555 non
1045 2499 1151 2553 alio
1178 2495 1338 2553 modo
1369 2495 1418 2550 id
1447 2494 1710 2558 evenisse,
1742 2506 1902 2562 quam

325 2596 470 2666 quod
494 2595 717 2651 Verbum
732 2609 856 2649 caro
882 2592 1073 2647 fanum
1091 2599 1252 2652 esset,
1272 2587 1410 2642 aliud
1431 2587 1551 2640 hinc
1567 2586 1900 2640 emolumen-

326 2698 440 2742 tum
465 2687 769 2758 proveuisse
795 2684 864 2738 dit
884 2685 941 2738 it.
963 2682 1238 2751 Quodnam
1258 2679 1384 2734 illttd
1402 2677 1517 2731 est?
1542 2675 1766 2729 Vidimus
1787 2675 1899 2746 glo-

328 2779 463 2831 riam
479 2778 604 2847 ejus,
623 2776 834 2846 gloriam
864 2774 1008 2846 quasi
1036 2770 1293 2842 Unigeniti
1319 2786 1351 2822 a
1381 2767 1565 2823 Patre:
1592 2782 1696 2821 non
1722 2766 1904 2835 utique

331 2867 517 2934 visuri,
549 2867 644 2921 nisi
677 2880 771 2935 per
795 2865 997 2919 socium
1022 2863 1121 2918 sibi
1149 2876 1345 2930 corpus
1365 2859 1515 2914 nobis
1550 2856 1902 2928 apparuisset.

330 2959 464 3016 Nam
490 2959 534 3014 si
558 2958 752 3030 Moysis
777 2967 980 3011 natura:
1022 2963 1217 3009 nostrae
1252 2952 1480 3006 hominis
1524 2951 1726 3004 vultum
1772 2946 1912 3001 ferre

333 3058 739 3122 non-poterant
775 3049 915 3103 illius
944 3046 1203 3115 temporis
1250 3043 1514 3106 homines,
1559 3041 1701 3109 quod
1748 3039 1916 3109 gloria

333 3143 712 3204 illustraretur,
741 3138 836 3193 sed
859 3138 1169 3206 ~velompus
1203 3134 1392 3188 habuit
1433 3133 1511 3186 vir
1554 3133 1749 3200 justus,
1780 3128 1920 3199 quod

332 3233 562 3305 gloriam
602 3231 748 3284 illam
777 3231 1047 3299 ingentem
1083 3223 1451 3284 obumbraret,
1483 3238 1543 3276 ac
1571 3226 1750 3275 mitem
1778 3219 1928 3274 blan-

329 3325 575 3392 damque
598 3320 871 3390 propheta:
900 3316 1085 3370 faciem
1116 3312 1423 3369 ostenderet
1451 3313 1467 3343 ‘
1499 3331 1512 3365 :
1537 3310 1803 3381 quomodo
1827 3325 1925 3363 nu-

330 3416 465 3468 dam
496 3411 850 3472 divinitatem,
878 3407 1003 3476 ipsis
1024 3404 1266 3473 supernis
1284 3402 1559 3456 virtutibus
1577 3403 1917 3463 inaccessam,

338 3521 443 3561 nos
470 3504 600 3559 lutei
632 3514 684 3558 et
713 3499 913 3556 terreni
937 3499 1076 3553 ferre
1099 3514 1113 3567 ι
1133 3496 1493 3552 otuissemus?
1518 3493 1639 3548 ldeo
1664 3492 1919 3548 habitavit

339 3598 394 3651 in
423 3594 599 3660 nobis,
631 3602 689 3647 ut
732 3592 906 3661 ipsum
950 3588 1119 3655 adire,
1165 3586 1382 3661 alloqui,
1426 3600 1544 3642 cum
1576 3585 1691 3660 ipso
1719 3585 1918 3641 versari

342 3690 509 3742 libere
537 3698 841 3757 possemus.

417 3776 593 3832 Gloria
632 3774 778 3847 quasi
823 3773 1081 3843 Unigeniti
1102 3770 1225 3842 quid
1252 3771 1339 3826 ‘sit.
1363 3769 1733 3839 Imperatorum
1759 3785 1916 3823 orna-

345 3879 426 3921 tus
455 3877 500 3922 et
528 3862 951 3931 cultus.—Quid
977 3872 1156 3916 autem
1197 3860 1297 3916 sibi
1342 3861 1453 3915 vult
1498 3859 1649 3923 illud,
1691 3858 1917 3914 Gloriam

350 3960 492 4030 quasi
545 3957 802 4028 Unigeniti
847 3973 881 4009 a
931 3954 1129 4009 Patre?
1170 3954 1301 4022 Quia
1349 3954 1498 4008 multi
1538 3953 1915 4023 prophetarum

351 4052 513 4121 gloria
542 4050 668 4105 clari
711 4046 944 4113 fuerunt,
976 4054 1032 4099 ut
1061 4046 1175 4113 ipse
1201 4046 1427 4115 Moyses,
1475 4045 1637 4112 Elias,
1669 4045 1919 4109 Elis-.eus;

354 4143 442 4197 ille
465 4142 620 4212 igneo
645 4155 804 4195 curru
833 4146 1014 4193 vectus
1040 4177 1055 4201 ,
1107 4136 1194 4192 hic
1228 4148 1480 4210 receptus
1520 4156 1533 4193 :
1592 4145 1646 4191 et
1670 4137 1924 4205 pastillos

357 4231 537 4287 ltaniel
556 4241 607 4286 et
628 4238 737 4285 tres
764 4229 932 4299 pueri,
966 4228 1160 4299 aliique
1196 4228 1426 4296 plurimi,
1477 4236 1735 4296 quotquot
1767 4229 1923 4281 mira-

356 4325 471 4378 cuia
500 4332 797 4393 patrarunt,
844 4319 1021 4390 gloria-
1055 4317 1316 4388 splendidi
1359 4316 1550 4371 fuere:
1583 4317 1755 4386 angeli
1784 4331 1924 4391 Aquo-

357 4429 481 4484 que,
504 4413 592 4483 qui
622 4411 923 4464 hominibus
951 4415 1329 4478 apparuerunt,
1359 4416 1414 4461 et
1444 4415 1646 4462 natura:
1679 4424 1789 4463 suae
1828 4408 1931 4465 ful-

356 4520 536 4575 gorem
571 4503 870 4557 hominilms
907 4500 1261 4556 exbibueruut
1291 4518 1303 4554 :
1337 4515 1506 4570 neque
1542 4502 1711 4572 angeli
1737 4504 1930 4568 solum,

355 4594 452 4649 sed
480 4594 638 4647 etiam
677 4590 965 4648 Cherubini
996 4602 1048 4646 et
1085 4589 1361 4660 Seraphini
1387 4606 1507 4647 cum
1545 4592 1709 4662 gloria
1743 4608 1930 4661 magna

356 4685 631 4756 propheta:
661 4698 955 4753 apparuere
993 4699 1006 4735 :
1049 4682 1113 4736 ab
1161 4681 1331 4736 hisce
1354 4696 1513 4751 porro
1556 4681 1802 4737 omnibus
1838 4697 1937 4736 nos

357 4784 614 4831 avertens
642 4774 986 4844 evangelista,
1015 4780 1172 4841 atque
1199 4788 1230 4827 a
1255 4782 1622 4828 creaturarum
1646 4787 1935 4828 conservo-

358 4880 586 4936 rumque
617 4875 917 4918 nostrorum
956 4862 1241 4932 splendore
1278 4872 1510 4918 mentem
1544 4863 1814 4918 adducens
1838 4878 1939 4918 no-

355 4967 551 5022 stram,
582 4953 635 5008 in
670 4955 787 5023 ipso
819 4968 916 5008 nos
953 4954 1210 5008 bonorum
1240 4953 1468 5008 culmine
1501 4953 1793 5008 constituit.
1825 4951 1938 5006 Non

357 5048 503 5103 enim
537 5045 837 5117 prophetze,
872 5060 975 5098 non
1006 5045 1199 5116 angeli,
1230 5059 1332 5099 non
1363 5044 1688 5115 archangeli,
1716 5059 1819 5098 non
1849 5058 1941 5096 su-

361 5150 652 5207 perbarum
702 5137 977 5198 virtutmn,
1006 5150 1110 5189 non
1153 5134 1370 5189 alterius
1398 5143 1593 5188 creatae
1634 5141 1856 5200 naturae,
1898 5133 1946 5186 si

357 5245 462 5298 qua
489 5227 557 5282 sit
580 5226 722 5292 alia;
771 5226 866 5280 sed
902 5225 1066 5294 ipsius
1110 5225 1336 5292 Domini,
1365 5224 1547 5295 ipsius
1572 5224 1752 5293 Regis,
1781 5223 1946 5293 ipsius

360 5334 490 5375 vere
515 5318 775 5390 unigeniti
801 5318 940 5385 Filii,
969 5318 1205 5373 omnium
1230 5328 1464 5372 nostrum
1495 5316 1699 5371 Domini
1726 5316 1946 5386 gloriam

360 5409 617 5466 vidimus.
652 5407 786 5465 Illud
829 5418 1028 5475 autem,
1072 5407 1252 5475 Quasi,
1293 5423 1397 5463 non
1442 5405 1799 5461 similitudinis
1845 5414 1949 5472 est,

423 5635 440 5668 ⁸
467 5636 530 5708 ,περ
569 5636 743 5708 Morel.
767 5634 971 5708 legitur,
992 5645 1043 5708 et
1065 5639 1195 5699 mead
1214 5635 1263 5689 in
1286 5638 1435 5704 ipsius
1458 5644 1675 5703 asperas.
1690 5646 1791 5690 erat
1830 5639 1953 5691 iuta-

355 5696 387 5745 ι.
402 5698 577 5757 rul't'lr,
599 5701 736 5750 toler.
761 5688 854 5749 rite
881 5688 1011 5751 mia
1030 5688 1125 5753 ni;

1990 691 2160 745 neque
2200 678 2485 748 parabolae,
2528 681 2621 738 sed
2666 682 3099 740 conﬁrmationis
3151 696 3204 740 et
3248 686 3571 743 deﬁnitionis

1985 767 2114 820 nulli
2141 768 2301 823 dubio
2322 769 2599 839 obnoxiae;
2627 786 2689 827 ac
2709 774 2750 828 si
2776 774 2984 830 diceret
3008 790 3024 831 :
3066 776 3303 831 Vidimus
3323 780 3564 846 gloriam,

1985 861 2193 931 qualem
2222 862 2443 919 decebat
2471 864 2665 921 habere
2695 867 3021 937 unigenitum
3052 878 3103 923 et
3133 884 3444 938 germanum
3474 868 3564 924 Fi-

1989 953 2117 1008 lium
2148 954 2260 1019 Dei,
2305 955 2669 1010 universorum
2712 958 2886 1028 Regis.
2917 958 2971 1014 ω
3008 958 3061 1012 in
3094 972 3243 1013 more
3278 967 3359 1014 est
3401 958 3567 1027 pluri-

1987 1044 2123 1108 mis;
2154 1060 2323 1116 neque
2350 1046 2491 1102 enim
2527 1047 2781 1103 recusabo
2809 1063 2837 1103 a
2864 1050 3138 1104 communi
3180 1048 3565 1105 consuetudine

1990 1133 2042 1189 id
2065 1149 2324 1190 asserere.
2355 1136 2561 1190 Etenim
2584 1153 2686 1190 non
2716 1138 2781 1191 ad
2807 1138 3090 1192 verborum
3118 1140 3371 1208 speciem,
3397 1154 3566 1207 neque

1991 1225 2058 1281 ad
2087 1227 2248 1281 serici
2268 1236 2511 1281 ornatum
2538 1228 2680 1296 loqui
2708 1229 2758 1283 in
2783 1230 3052 1299 proposito
3075 1230 3351 1296 habemus,
3383 1230 3475 1285 sed
3503 1231 3570 1286 ad

1996 1325 2226 1371 vestram
2263 1318 2433 1371 solum
2477 1319 2788 1383 utilitatem;
2837 1329 3161 1388 quapropter
3197 1319 3329 1372 nihil
3372 1320 3566 1383 ollicit,

1997 1408 2280 1477 quominus
2321 1423 2348 1460 a
2389 1410 2653 1462 communi
2698 1408 3082 1463 consuetudine
3123 1408 3173 1463 id
3207 1410 3570 1463 coulirtuelur.

1998 1498 2251 1564 Qmenam
2267 1506 2348 1551 est
2364 1497 2449 1550 illa
2470 1498 2755 1551 multorum
2773 1497 3136 1553 consuetudo?
3152 1497 3375 1566 Quidam
3395 1511 3572 1567 regem

1997 1589 2389 1643 ornatissimum
2409 1587 2665 1652 videntes,
2689 1597 2741 1643 et
2761 1590 3009 1659 pretiosis
3027 1588 3262 1659 undique
3288 1588 3570 1659 fulgentem

1995 1677 2274 1746 lapidibus,
2300 1676 2559 1746 siquando
2583 1679 2723 1731 illam
2749 1678 3214 1748 pulchritudinem,
3238 1678 3383 1733 illum
3410 1693 3570 1733 orna-

1995 1778 2124 1833 tum,
2154 1768 2371 1838 gloriam
2412 1769 2553 1823 illam
2593 1769 2710 1824 aliis
2750 1784 3003 1825 enarrare
3038 1770 3221 1833 velint,
3272 1784 3370 1838 pro
3412 1769 3572 1823 modo

1992 1877 2090 1916 suo
2116 1862 2426 1933 depingunt,
2464 1876 2711 1931 purpurae.
2752 1861 2959 1930 liorem,
3009 1876 3335 1932 gemmarum
3368 1860 3573 1929 magnL

1997 1954 2252 2016 tudinem,
2295 1952 2560 2007 mularum
2603 1953 2873 2018 alborem,
2920 1952 3105 2021 jugum
3151 1965 3393 2011 aureum,
3427 1949 3578 2003 strati

1998 2043 2258 2112 fulgorem
2294 2060 2307 2096 :
2332 2053 2513 2114 postea
2537 2058 2664 2097 vero
2693 2041 2776 2097 his
2802 2042 3024 2112 aliisque
3065 2041 3248 2097 multis
3282 2040 3576 2105 recensitis,

2000 2149 2120 2188 cum
2168 2148 2274 2187 non
2321 2143 2540 2203 possunt
2577 2142 2744 2188 totum
2790 2133 3125 2204 Splendorem
3171 2132 3347 2187 verbis
3385 2148 3580 2200 reprae-

2002 2233 2234 2291 sentare,
2253 2224 2503 2279 continuo
2531 2224 2729 2279 addunt
2764 2242 2777 2278 :
2808 2225 2941 2291 Quid
2972 2225 3151 2278 multis
3179 2239 3312 2294 opus
3338 2224 3453 2278 est?
3476 2238 3579 2275 uno

2006 2312 2167 2367 verbo
2205 2313 2399 2378 dicam,
2437 2314 2585 2383 quasi
2630 2330 2722 2368 rex
2760 2332 2772 2366 :
2811 2330 3007 2384 perque
3059 2314 3207 2379 illud,
3249 2313 3424 2383 quasi,
3471 2327 3578 2367 non

2006 2404 2115 2472 regi
2157 2405 2383 2459 similem
2424 2404 2725 2463 describere
2751 2405 2953 2467 volunt.
2999 2405 3093 2460 sed
3136 2405 3304 2476 ipsmn
3338 2420 3465 2459 vere
3491 2419 3579 2458 re-

2003 2513 2146 2568 gem.
2176 2497 2265 2551 Sic
2290 2498 2447 2567 igitur
2470 2498 2791 2569 evangelista
2824 2498 2971 2562 illud,
3008 2498 3183 2564 Quasi,
3206 2497 3384 2566 posuit
3411 2506 3465 2549 ut
3497 2496 3580 2549 iu-

2004 2591 2412 2660 comparabilem
2445 2590 2587 2646 illam
2615 2599 2665 2645 et
2698 2590 3087 2668 pramellentem
3118 2589 3339 2659 gloriam
3362 2587 3583 2642 exhibe-

2006 2693 2104 2740 ret.
2134 2683 2232 2737 Alii
2268 2684 2463 2752 quippe
2486 2697 2688 2745 omnes,
2719 2682 2912 2752 angeli,
2936 2680 3258 2751 archangeli,
3291 2677 3583 2749 prophetae,

2002 2775 2134 2844 jussi
2163 2776 2337 2829 omnia
2366 2773 2626 2829 faciebant
2653 2792 2666 2827 :
2701 2774 2811 2842 ipse
2848 2787 2975 2827 vero
3016 2787 3133 2827 cum
3162 2780 3430 2841 potestate
3468 2784 3586 2839 qtta:

2011 2883 2184 2938 regem
2212 2876 2265 2922 et
2293 2866 2563 2923 dominum
2590 2867 2803 2922 deceret
2831 2884 2843 2920 :
2870 2865 2921 2920 id
2947 2864 3095 2935 quod.
3118 2867 3275 2919 etiam
3305 2862 3474 2918 turbze
3496 2864 3586 2917 mi-

2015 2960 2284 3021 rabantur,
2318 2958 2459 3028 quod
2485 2958 2695 3013 doceret
2720 2966 2998 3025 tamquam.
3017 2964 3330 3025 potestatem
3366 2952 3587 3007 habens.

2088 3048 2141 3101 2.
2165 3048 2440 3101 Discrimen
2457 3047 2583 3100 inter
2602 3045 2911 3102 Claristumel
2932 3046 3134 3113 angelos
3152 3046 3200 3097 in
3220 3057 3351 3097 terra
3369 3044 3591 3109 aliquan-

2026 3139 2090 3190 do
2103 3146 2434 3192 conversatos.
2452 3135 3234 3206 Circumstautia:adventusejus.
3252 3135 3417 3204 Ipsius
3435 3154 3449 3200 ι
3468 3142 3600 3187 σιρηι

2029 3230 2118 3295 tia,
2148 3230 2199 3283 in
2228 3229 2403 3283 ordine
2426 3229 2653 3300 physico,
2682 3230 2882 3291 morali,
2910 3228 3302 3297 supernaturuli.
3326 3255 3398 3266 —-
3419 3227 3594 3296 Appa-

2026 3332 2250 3380 rnerunt
2291 3322 2485 3393 itaque,
2529 3334 2578 3377 ut
2629 3322 2965 3391 dixi,iangeli
3003 3323 3051 3375 in
3101 3333 3241 3377 terra
3277 3336 3398 3374 cum
3428 3319 3594 3390 glria

2026 3413 2227 3480 multa,
2266 3419 2337 3467 ut.
2380 3412 2602 3476 Danieli,
2652 3411 2858 3474 Davidi,
2893 3410 3089 3483 Moysi;
3139 3413 3234 3467 sed
3290 3419 3345 3464 ut
3372 3410 3513 3464 servi
3542 3421 3596 3463 et

2022 3503 2238 3559 domino
2274 3501 2621 3573 obsequentes
2658 3502 2840 3557 omnia
2887 3501 3140 3557 faciebant
3173 3520 3186 3558 :
3236 3502 3350 3572 ipse
3380 3516 3508 3555 vero
3540 3514 3596 3555 ut

2021 3593 2265 3651 dominus
2289 3602 2339 3651 et
2364 3594 2594 3650 omnium
2627 3596 2938 3666 imperator,
2979 3595 3077 3649 etsi
3102 3594 3204 3650 sub
3231 3594 3318 3648 vili
3351 3593 3521 3647 forma
3544 3604 3600 3647 et

2023 3689 2203 3749 habitu
2230 3690 2526 3759 apparuerit
2561 3705 2575 3742 :
2604 3699 2840 3743 attamen
2875 3687 2953 3743 sic
2978 3703 3192 3759 quoque
3209 3696 3458 3743 creatura
3491 3684 3598 3738 υυ-

2023 3783 2219 3837 miuum
2235 3796 2384 3836 suum
2403 3782 2632 3853 agnovit.
2657 3779 2971 3848 Quomodo?
2987 3780 3146 3836 Stella
3171 3780 3237 3835 de
3258 3780 3392 3834 eicio
3416 3791 3600 3845 magos

2023 3874 2244 3937 vocavit,
2278 3874 2446 3942 ipsum
2474 3872 2827 3938 adoraturos;
2859 3872 3167 3940 angelorum
3188 3881 3358 3925 etrtus
3378 3881 3603 3935 magnus

2024 3965 2267 4035 undiun
2283 3963 2480 4018 cll'usus
2508 3962 2731 4015 Domino
2770 3975 2867 4015 suo
2896 3960 3301 4024 ministrabant,
3321 3960 3604 4028 ipsumque

2027 4056 2236 4126 hymnis
2260 4052 2601 4108 celebrabant
2619 4051 2658 4115 ';
2686 4058 2741 4103 et
2764 4050 2855 4103 alii
2883 4060 3100 4117 repente
3126 4063 3402 4119 prmcones
3430 4047 3607 4100 insur-

2028 4147 2239 4215 gebaut,
2284 4153 2577 4210 omnesque
2624 4137 2782 4192 simul
2826 4138 2926 4191 sibi
2973 4139 3197 4193 invicem
3242 4145 3604 4200 occurrentes,

2030 4249 2282 4290 arcanum
2315 4232 2416 4287 hoc
2457 4227 2766 4299 mysterium
2807 4226 3137 4289 nuntiabant,
3183 4226 3485 4296 pastoribus
3510 4240 3607 4279 au-

2030 4327 2157 4398 geli,
2184 4322 2389 4380 civibus
2415 4330 2688 4391 pastores;
2716 4316 2930 4374 Gabriel
2958 4317 3133 4371 Maria:
3170 4329 3219 4372 et
3255 4318 3608 4382 Elisabethae;

2035 4423 2099 4476 iis
2125 4417 2212 4493 qui
2245 4415 2296 4469 in
2321 4414 2517 4486 templo
2543 4421 2694 4467 erant
2716 4412 2863 4466 Anna
2895 4420 2946 4465 et
2973 4410 3209 4467 Simeou.
3240 4410 3345 4466 Nec
3372 4410 3469 4465 viri
3499 4427 3612 4465 IIII-l-

2038 4512 2300 4579 lieresque
2325 4505 2494 4561 solum
2526 4503 2703 4559 lautitia
2729 4517 2922 4573 magna
2940 4514 3061 4559 sunt
3093 4500 3289 4566 all'ecti,
3328 4501 3423 4557 sed
3453 4500 3616 4557 etiam

2042 4600 2293 4671 puerulus
2327 4597 2562 4654 nondum
2616 4612 2681 4652 ex
2726 4596 2878 4651 vulva
2905 4609 3173 4665 egressus,
3226 4592 3335 4658 ille,
3378 4593 3616 4662 inquam,

2040 4692 2234 4749 deserti
2265 4692 2456 4755 cultor,
2482 4689 2823 4761 evangelista:
2863 4684 3218 4759 cognominis,
3258 4683 3544 4741 exsnltavit
3571 4684 3618 4739 in

2042 4795 2194 4839 utero
2219 4783 2443 4839 matris:
2476 4795 2767 4851 omnesque
2805 4793 2901 4848 Spe
2924 4778 2990 4832 ad
3036 4777 3265 4830 futurum
3298 4786 3508 4848 partum
3542 4777 3621 4831 in-

2044 4874 2279 4929 hiabant.
2312 4874 2378 4928 Et
2403 4873 2515 4928 hzee
2536 4871 2749 4942 quidem
2777 4868 2917 4923 circa
2948 4875 3130 4936 partus
3158 4874 3387 4938 tempus;
3411 4868 3625 4938 quando

2044 4973 2221 5022 autem
2270 4965 2504 5036 seipsum
2534 4963 2701 5033 magis
2727 4959 2986 5024 exhibuit,
3017 4975 3198 5015 rursus
3223 4961 3324 5016 alia
3370 4960 3623 5016 miracula

2049 5055 2313 5126 prioribus
2333 5055 2535 5126 majora
2561 5050 2962 5123 splenduerunt.
3001 5050 3113 5106 Non
3143 5052 3275 5107 ultra
3299 5052 3441 5106 enim
3473 5053 3624 5108 stella

2049 5158 2103 5203 et
2127 5147 2338 5211 caelum,
2381 5161 2487 5200 non
2531 5139 2708 5212 angeli
2739 5148 2794 5193 et
2832 5139 3158 5212 archangeli,
3197 5157 3302 5195 nou
3334 5139 3549 5196 Gabriel
3577 5150 3627 5198 et

2051 5238 2310 5304 liliohael;
2339 5235 2431 5292 sed
2463 5236 2576 5304 ipse
2607 5232 2765 5286 Pater
2793 5244 3019 5298 superne
3047 5244 3099 5287 et
3123 5248 3188 5288 ex
3215 5233 3347 5287 caelo
3374 5231 3627 5303 praedica-

2053 5328 2141 5384 bat
2172 5329 2340 5391 illum,
2374 5334 2427 5380 et
2455 5338 2575 5378 cum
2611 5321 2767 5372 l‘atre
2794 5318 3094 5379 Paracletus
3120 5323 3372 5379 advolans
3398 5323 3464 5376 ad
3490 5322 3636 5378 illum

2055 5433 2176 5473 cum
2204 5431 2354 5478 voco,
2388 5422 2718 5475 monensque
2746 5421 2900 5476 Stlpra
2930 5414 3118 5485 ipsum
3176 5416 3306 5472 vero
3357 5421 3640 5484 propter“

2059 5509 2191 5563 dixit
2218 5523 2231 5560 :
2277 5504 2502 5559 Vidimus
2526 5496 2746 5569 gloriam
2768 5497 2895 5568 eius,
2922 5506 3133 5575 gloriam
3159 5506 3300 5574 φιαεξ
3332 5501 3587 5564 unigeniti
3613 5518 3649 5558 τι

2124 5646 2139 5676 ι
2180 5641 2234 5690 in
2268 5633 2430 5686 Morel.
2475 5630 2690 5698 legito.“
2709 5626 2857 5698 lurl‘ag
2903 5638 3110 5688 creteslcs
3147 5635 3426 5698 angelorum
3447 5627 3492 5698 in
3512 5629 3645 5684 terra

2065 5686 2317 5758 vista-sunt
2348 5686 2553 5745 Domino
2568 5686 2961 5757 ministrantium,
2986 5686 3274 5762 agnamve.
3297 5686 3597 5745 ementium,
