4012 6210
394 341 464 396 rs
1094 337 1149 394 s.
1189 335 1473 394 JOANNIS
1502 314 1969 392 cunvSosrout
2010 326 2325 387 sacrasse.
2364 324 2897 388 coasras'nxor.
3595 336 3662 391 Si

399 458 575 514 Patre.
600 457 781 529 Neque
804 463 1018 528 propter
1048 454 1134 510 illa
1161 454 1354 514 solum,
1378 451 1470 507 sed
1494 461 1708 522 propter
1728 465 1787 505 ea
1814 449 1973 504 etiam

399 565 516 617 tunc
562 558 785 618 sequuta
828 557 973 602 sunt.
1001 544 1114 600 Non
1144 546 1280 599 ultra
1311 544 1455 600 enim
1486 552 1727 613 pastores
1753 549 1979 603 tantum,

402 639 481 691 vel
532 638 726 705 vidum,
780 636 872 691 vel
912 652 1071 693 senes
1120 634 1273 690 nobis
1322 634 1468 688 illum
1509 629 1976 695 annuntiant;sed

397 732 560 786 etiam
608 731 719 800 ipsa
765 743 943 783 rerum
990 727 1355 783 natura‘tuha
1400 725 1596 780 clarius
1638 724 1893 783 clamaas,
1927 732 1981 778 et

406 835 511 875 tam
541 821 645 876 alta
674 835 827 885 voce,
859 829 915 874 ut
940 819 1057 889 ejus
1082 833 1247 874 sonus
1273 817 1453 873 statim
1496 815 1767 884 hucusque
1796 830 1983 883 perve-

402 913 565 968 ncrit.
595 911 843 968 Pervenit
877 911 1041 975 enim,
1077 909 1271 979 inquit,
1298 922 1465 978 usque
1510 907 1568 961 in
1606 905 1814 977 Syriam
1843 906 1979 958 fama

400 1004 519 1074 ejus
546 1002 756 1076 (lauit.
789 1003 841 1059 ι.
869 1000 986 1072 24),
1017 1017 1135 1071 qua:
1180 1000 1353 1071 ipsum
1382 998 1633 1054 omnibus
1677 995 1933 1052 reri-lavit
1963 1012 1977 1049 :

399 1091 1157 1162 omniaundiqueclamabaut,
1184 1105 1363 1160 regem
1380 1088 1627 1144 caelorum
1644 1084 1709 1140 ad
1725 1093 1977 1141 .entasse.

400 1184 535 1239 Nam
562 1185 833 1239 (immunes
859 1182 1093 1253 undique
1118 1180 1389 1252 fugiebant
1428 1188 1481 1234 et
1504 1178 1828 1241 resiliebant,
1863 1177 1979 1231 ilia-

401 1276 561 1331 lioius
584 1275 865 1331 obvolutus
884 1273 1185 1336 recedebat,
1215 1272 1324 1339 ipsa
1346 1260 1491 1326 mors
1511 1268 1721 1340 repulsa
1746 1269 1981 1333 interim,

318 1417 327 1427 .
403 1379 586 1426 oostea
628 1369 843 1438 penitus
878 1366 1074 1421 abolita
1108 1378 1228 1420 est:
1261 1379 1419 1419 onme
1463 1360 1784 1417 infirmitatis
1813 1375 1982 1431 genus

400 1462 630 1515 solutum
657 1468 759 1525 est;
785 1467 1129 1515 monumenta
1148 1466 1389 1511 mortuos
1409 1454 1741 1517 emittebant,
1766 1452 1981 1506 insanos

399 1552 668 1607 «iterumue
705 1551 1099 1621 relinquebant,
1147 1547 1323 1603 morbi
1361 1546 1601 1600 inﬁrmos
1628 1543 1979 1608 deserebant;

403 1644 688 1715 videreque
716 1634 833 1699 erat
858 1659 946 1699 res
987 1642 1275 1712 stupendas
1313 1649 1368 1695 ct
1398 1638 1690 1700 mirabiles,
1720 1654 1837 1709 qua:
1858 1639 1985 1707 jure

404 1733 677 1805 propheta:
723 1730 1098 1791 desiderabant
1124 1733 1328 1800 videre,
1370 1741 1557 1787 etnon
1586 1730 1852 1785 viderunt.
1886 1727 1980 1783 Vi-

400 1828 533 1882 dere
580 1836 697 1881 erat
754 1825 1008 1881 formatos
1058 1825 1263 1891 oculos,
1313 1832 1368 1880 et
1419 1823 1550 1878 illud
1592 1829 1696 1877 tam
1727 1821 1979 1892 optabile,

399 1915 555 1985 cujus
599 1929 788 1970 omnes
839 1924 1167 1985 spectatores
1210 1928 1331 1969 esse
1377 1911 1681 1982 cupiebant,
1712 1910 1981 1981 quomodo

399 2007 661 2061 Adamutu
690 2005 757 2063 de
778 2015 918 2062 terra
944 2007 1221 2062 formassct
1253 2004 1411 2069 Deus,
1440 2005 1492 2060 id
1518 2003 1663 2060 brevi
1694 2012 1748 2059 et
1768 2003 1819 2057 in
1848 2017 1984 2073 pra:-

398 2099 657 2153 stautiore
717 2098 956 2168 corporis
1024 2105 1175 2166 parte
1238 2079 1613 2173 ostendentem
1667 2092 1977 2157 Christum;

398 2190 635 2244 tnembra
663 2190 878 2259 insuper
905 2189 1130 2259 paralysi
1163 2187 1335 2242 soluta
1363 2195 1418 2241 et
1445 2185 1721 2249 dissoluta,
1749 2182 1856 2254 jam
1891 2199 1978 2237 re-

396 2282 579 2335 stituta
634 2292 687 2336 et
739 2281 948 2335 caeteris
994 2281 1262 2350 copulata,
1292 2294 1479 2334 manus
1522 2286 1794 2333 emortuas
1832 2285 1977 2331 motu

394 2370 710 2441 gaudentes,
759 2368 922 2439 pedes
969 2370 1175 2425 solutos
1219 2378 1438 2438 repente
1463 2367 1794 2434 exsilientes,
1818 2382 1978 2422 aures

395 2462 695 2516 obstructas
719 2461 828 2529 jam
854 2471 1086 2530 apertas,
1118 2468 1173 2514 et
1200 2459 1430 2529 linguam
1471 2472 1663 2527 magno
1688 2457 1865 2512 sonitu
1894 2458 1976 2511 lo-

392 2561 668 2623 quentem,
699 2568 818 2623 quae
849 2553 997 2623 prius
1021 2561 1163 2606 muta
1185 2559 1316 2606 erat.
1343 2547 1802 2618 Quemadmodum
1833 2547 1973 2603 enim

391 2645 624 2713 optionis
648 2644 991 2709 architectus,
1021 2643 1249 2699 domum
1267 2651 1528 2698 vetustate
1554 2640 1820 2696 labantem
1852 2658 1864 2694 :
1897 2639 1974 2695 sic

392 2737 482 2790 ille
513 2734 798 2789 humanam
842 2746 1085 2791 naturam
1133 2735 1384 2799 restituit,
1431 2744 1607 2804 partes
1648 2733 1843 2789 fractas
1883 2747 1970 2787 re-

390 2827 572 2894 sarsit,
627 2826 921 2897 disjunctas
970 2837 1026 2883 et
1075 2827 1365 2883 dissolutas
1416 2824 1706 2895 copulavit,
1761 2824 1977 2894 penitus.

390 2919 569 2988 lapsas
590 2920 776 2973 erexit.
807 2917 947 2986 Quid
965 2917 1256 2974 dixerimus
1276 2917 1345 2974 de
1365 2919 1556 2972 anima:
1575 2915 1969 2980 reformatione,

388 3012 662 3080 corporeis
713 3010 1076 3066 curationibus
1126 3009 1284 3080 longe
1340 3007 1745 3080 prmstantiore?
1783 3005 1968 3075 Magna

388 3116 474 3156 res
527 3113 674 3157 certe
722 3110 805 3157 est
854 3102 1096 3170 corporis
1146 3101 1411 3167 valetudo,
1464 3099 1559 3155 sed
1607 3099 1777 3153 multo
1802 3097 1972 3166 major

385 3191 613 3258 anima};
668 3201 919 3264 tantoque
962 3194 1154 3263 major,
1186 3199 1389 3263 quanto
1427 3190 1601 3245 anima
1636 3187 1971 3259 prmslantior

384 3295 467 3342 est
495 3301 760 3358 corpore:
794 3303 965 3358 neque
1021 3286 1121 3342 hac
1169 3293 1373 3340 tantum
1427 3282 1655 3348 ratione,
1707 3280 1802 3337 sed
1846 3281 1969 3351 quia

383 3392 669 3447 corporum
725 3386 945 3442 natura,
993 3390 1330 3447 quocumque
1372 3374 1515 3428 illam
1568 3374 1698 3428 velit
1747 3373 1971 3428 Creator

386 3482 571 3537 agere,
614 3467 872 3538 sequitur,
924 3482 1023 3522 nec
1063 3467 1298 3531 resistit;
1344 3465 1521 3519 anima
1571 3478 1706 3519 vero
1740 3474 1858 3535 qua:
1887 3467 1969 3521 sui

385 3558 594 3614 arbitrii
633 3568 737 3625 est,
780 3568 835 3614 et
878 3559 929 3613 in
969 3559 1172 3614 actibus
1224 3559 1523 3614 libertatem
1555 3558 1734 3627 habet,
1778 3576 1883 3614 non
1917 3559 1967 3614 iu

384 3650 635 3707 omnibus
657 3651 989 3722 obtemperat
1016 3653 1142 3716 Deo,
1173 3652 1217 3707 si
1245 3651 1459 3723 quidem
1488 3652 1638 3706 nolit.
1660 3650 1806 3707 Illam
1827 3653 1968 3709 enim

374 3740 607 3798 .iavitam
633 3757 739 3796 non
769 3742 882 3797 vult
911 3742 1051 3799 Deus
1081 3759 1175 3814 per
1208 3744 1311 3799 vim
1344 3751 1397 3799 et
1427 3743 1817 3805 necessitatem.
1851 3746 1968 3816 pul-

387 3833 575 3886 chram
601 3842 654 3888 et
685 3832 877 3889 virtute
921 3835 1193 3903 praeditam
1246 3836 1473 3907 reddere
1501 3855 1515 3892 :
1543 3837 1967 3908 quandoquidem

388 3925 514 3979 illud
543 3925 711 3982 virtus
743 3940 847 3981 non
874 3934 1017 3982 esset
1046 3940 1061 3984 :
1089 3927 1182 3982 sed
1214 3927 1287 3983 illi
1314 3927 1509 3983 volenti
1532 3938 1584 3984 et
1611 3928 1811 3984 lubenti
1842 3945 1966 3983 sua-

385 4017 637 4082 dendum,
670 4027 727 4072 ut
756 4018 877 4072 talis
902 4018 1204 4074 efficiatur:
1239 4019 1291 4074 id
1331 4020 1471 4090 quod
1505 4020 1659 4093 longe
1697 4021 1968 4078 difficilius

384 4123 462 4165 cst
495 4126 653 4181 quam
686 4111 775 4165 illa
799 4111 897 4164 alia
927 4112 1150 4165 curatio.
1189 4111 1242 4167 ιιι
1290 4123 1464 4167 tamen
1495 4111 1622 4168 fecit
1647 4114 1758 4179 ille,
1809 4128 1968 4185 atque

386 4203 639 4273 nequitia:
662 4218 829 4273 genus
858 4217 1019 4258 omne
1045 4202 1321 4274 depulsam
1349 4214 1450 4259 est.
1477 4206 1552 4259 Ac
1577 4206 1714 4260 sicut
1741 4220 1966 4275 corpora

385 4288 533 4350 liene
570 4305 752 4350 curata
794 4311 897 4350 non
941 4295 1009 4350 ad
1041 4296 1401 4352 valetudinem
1447 4299 1630 4363 modo,
1661 4298 1754 4353 sed
1784 4297 1850 4353 ad
1878 4315 1970 4353 su-

385 4403 629 4456 premum
654 4386 894 4442 sonitatis
912 4397 1104 4443 statum
1133 4388 1342 4443 reduxit
1376 4406 1389 4441 :
1419 4389 1495 4444 sic
1516 4399 1570 4445 et
1597 4391 1823 4458 animas,
1860 4404 1963 4445 non

385 4482 545 4536 modo
570 4480 637 4535 ah
664 4490 901 4536 extrema
933 4481 1168 4549 nequitia
1196 4480 1409 4551 eripuit,
1442 4482 1535 4541 sed
1564 4484 1627 4536 ad
1661 4484 1830 4555 ipsum
1864 4483 1969 4538 vir-

384 4573 510 4628 tutis
539 4572 757 4627 culmen
803 4570 994 4627 erexit.
1046 4569 1369 4625 Publicanus
1423 4572 1591 4627 factus
1630 4582 1714 4627 οδι
1751 4586 1968 4645 aposto-

386 4673 500 4733 lus;
532 4670 902 4737 persequutor,
935 4662 1277 4731 blaSphem‘us
1298 4670 1353 4716 et
1380 4664 1967 4727 contumeliosus,orbis

383 4757 703 4825 pra-dicatur
748 4755 886 4809 fuit:
933 4753 1091 4823 tuagi.
1145 4752 1454 4807 .lud.eorum
1499 4751 1778 4819 doctores;
1808 4755 1962 4823 latro,

386 4847 613 4914 paradisi
642 4846 806 4911 civis;
839 4846 1111 4908 meretrix,
1146 4844 1249 4900 fide
1278 4860 1465 4915 magna
1494 4845 1729 4912 refulsit;
1762 4838 1970 4902 Charm-

386 4953 497 4991 azea
523 4947 578 4992 et
598 4936 928 4993 Samaritana
953 4936 1222 5003 mulieres,
1255 4953 1477 5007 quarmn
1502 4948 1766 5006 postrema
1796 4956 1968 4997 mere-

388 5032 485 5087 trix
513 5040 655 5098 erat;
686 5046 752 5086 ex
776 5029 881 5096 his,
906 5030 1143 5101 inquam,
1177 5030 1487 5085 nmlieribus
1515 5031 1683 5086 altera
1713 5034 1969 5102 praedica-

388 5126 582 5178 tionem
634 5120 773 5193 apnd
821 5120 1151 5176 eontribules
1204 5134 1331 5175 suos
1380 5122 1636 5191 suscepit,
1695 5131 1967 5193 tetamque

388 5216 656 5269 rivitatem
688 5212 835 5283 quasi
864 5226 1058 5282 sagena
1088 5222 1296 5282 captam
1328 5212 1393 5265 ad
1421 5210 1694 5268 Christum
1720 5214 1962 5280 adduxit;

388 5307 551 5359 altera
581 5314 756 5358 autem
784 5303 888 5357 ﬁde
912 5312 967 5358 ct
989 5301 1299 5358 assiduitate
1330 5301 1381 5356 id
1408 5300 1603 5368 effecit,
1648 5312 1707 5358 ut
1755 5303 1963 5359 da'mon

385 5395 645 5465 malignus
669 5410 733 5448 ex
763 5395 882 5449 filiae
906 5408 1017 5448 sua:
1043 5393 1217 5448 animo
1256 5392 1564 5464 pelleretur.
1608 5396 1711 5451 Alii
1754 5412 1965 5467 quoque

384 5487 539 5557 longe
562 5486 645 5541 his
676 5486 884 5558 pejores
934 5486 984 5539 in
1032 5484 1416 5555 discipulorum
1464 5503 1744 5543 tnunerum
1783 5490 1962 5543 statim

380 5579 817 5636 admittebantur.
844 5577 1032 5633 Omnia
1058 5576 1215 5631 simul
1241 5580 1750 5644 transnnttabantur,
1776 5596 1963 5650 corpo-

456 5752 469 5781 ‘
515 5760 656 5812 savii.
691 5762 830 5826 tegit,
856 5758 961 5824 ipsa
988 5771 1155 5811 rerum
1176 5770 1280 5808 ros.

2086 462 2201 502 rum
2229 447 2589 516 a'gritudines,
2613 447 2782 504 morbi
2812 448 3128 512 animarum,
3154 465 3273 518 qth
3292 451 3357 504 ad
3376 454 3661 506 sanitatea

2085 538 2480 609 perfectamque
2499 538 2745 594 virtutem
2771 539 3180 594 reducebantur.
3203 539 3310 596 Nec
3324 542 3430 597 duo
3458 554 3665 598 tantum

2085 636 2350 701 homines,
2389 647 2480 692 aut
2526 646 2656 705 tres,
2702 648 2794 694 aut
2821 641 3078 711 quinque,
3124 642 3206 696 vel
3234 641 3443 707 decem,
3475 640 3558 696 vel
3592 641 3668 693 vi-

2082 726 2241 795 ginti,
2273 728 2353 782 vel
2381 739 2593 784 centum
2616 730 2974 798 Solummodo,
3024 732 3117 785 scd
3158 732 3379 803 integra:
3421 733 3668 788 civitates

2084 826 2137 870 et
2162 828 2349 886 gentes
2397 817 2647 875 facillime
2675 823 3182 877 transmutabantur.
3210 822 3339 890 Quis
3366 838 3493 877 vero
3521 838 3666 893 pra:-

2084 919 2361 974 ceptorum
2405 908 2742 978 sapientiam,
2800 911 3092 966 caelestium
3142 912 3316 983 legum
3369 913 3620 967 virtutem
3652 956 3665 975 .

2084 1000 2338 1069 angelica:
2406 1002 2527 1056 vita:
2593 1002 2834 1057 ordinem
2885 1003 3043 1073 digne
3102 1003 3485 1075 descripserit?
3536 1006 3669 1061 Tale

2085 1089 2281 1159 quippe
2308 1089 2514 1145 induxit
2542 1092 2663 1146 vita:
2687 1108 2875 1162 genus,
2921 1095 3053 1149 tales
3094 1095 3246 1150 nobis
3285 1097 3557 1152 Constituit
3593 1101 3670 1152 le-

2084 1195 2198 1248 ges,
2234 1180 2394 1234 talem
2423 1196 2631 1235 mormn
2662 1182 2909 1247 formam,
2940 1194 2996 1239 ut
3020 1187 3107 1255 qni
3132 1185 3197 1240 iis
3222 1195 3459 1254 utuntur,
3491 1190 3668 1258 angi-li

2087 1269 2264 1322 statim
2316 1270 2636 1337 efficiantur,
2688 1282 2742 1327 et
2790 1284 3045 1344 quantum
3108 1275 3308 1331 homini
3359 1278 3502 1344 licet,
3561 1280 3671 1333 lleo

2086 1361 2287 1414 similes
2313 1403 2326 1427 ,
2368 1362 2466 1418 etsi
2507 1362 2745 1418 omnium
2790 1366 3060 1420 hominum
3101 1368 3410 1438 nequissimi
3446 1369 3668 1424 fuerint.

2158 1453 2209 1507 5.
2234 1453 2494 1518 [aquibus
2519 1457 2625 1510 visa
2648 1459 2712 1510 sit
2728 1458 2891 1525 gloria
2914 1457 3100 1513 Christi
3119 1461 3264 1530 quasi
3278 1462 3441 1532 gloria
3472 1462 3667 1533 Unigcv

2087 1542 2178 1594 uiti
2207 1559 2236 1595 α
2265 1541 2436 1597 Putre.
2478 1540 2805 1600 Dieiuitatem
2825 1548 3012 1602 Christi
3030 1559 3249 1617 potestas
3270 1552 3379 1620 ejus
3400 1555 3666 1622 prrvdicut.

2088 1631 2263 1688 Gloria
2301 1633 2488 1690 Christi
2526 1637 2577 1690 iu
2622 1636 2759 1692 cazlis
2799 1649 3034 1710 quanta;
3060 1640 3127 1693 ad
3153 1640 3242 1695 illa
3282 1641 3552 1711 fruendum
3583 1661 3672 1698 vo-

2087 1725 2184 1778 cati
2223 1743 2415 1780 sumus.
2457 1756 2521 1767 -—
2549 1727 2676 1783 llaec
2702 1728 2877 1799 itaque
2907 1732 3084 1786 omnia
3116 1733 3367 1788 miracula
3407 1738 3673 1807 coltigens

2085 1832 2271 1887 evangt
2291 1818 2431 1881 lista,
2465 1834 2584 1889 qua:
2611 1819 2663 1873 in
2703 1823 3039 1891 corporibus,
3066 1838 3185 1894 qua:
3214 1824 3264 1877 in
3296 1828 3506 1888 animis,
3546 1846 3671 1896 qua:

2084 1908 2137 1963 in
2186 1909 2499 1976 elementis;
2559 1926 2765 1967 necnon
2821 1924 3110 1984 pnecepta,
3165 1915 3302 1970 dona
3338 1918 3423 1971 illa
3470 1936 3670 1973 arcana

2085 2000 2215 2070 ipsis
2240 2002 2385 2057 caelis
2416 2003 2749 2067 sublimiora,
2784 2004 2949 2074 leges,
2983 2006 3104 2061 vita:
3150 2007 3473 2074 institutum,
3501 2011 3667 2067 obse-

2083 2094 2375 2160 quentium,
2409 2092 2707 2150 futurorum
2738 2098 3141 2167 promissiones,
3193 2101 3417 2172 ejusque
3458 2106 3671 2160 crueia-

2085 2192 2183 2243 tus.
2239 2184 2376 2239 hanc
2432 2187 2729 2242 mirabilem
2781 2198 2836 2243 et
2890 2189 3106 2245 sublimi
3160 2191 3402 2248 doctrina
3451 2196 3665 2265 plenam

2081 2274 2259 2329 et‘uisit
2286 2291 2469 2332 vorem
2502 2294 2515 2331 :
2556 2277 2783 2333 Vidimus
2829 2280 3046 2350 gloriam
3099 2283 3226 2349 ejus,
3277 2284 3492 2354 gloriam
3516 2290 3669 2354 quasi

2085 2364 2345 2437 Unigeuili
2389 2384 2422 2422 α
2470 2367 2645 2435 Putre,
2699 2372 2902 2439 plenum
2931 2373 3131 2441 ,gratiw
3177 2384 3222 2427 et
3276 2377 3513 2433 veritatis.
3546 2378 3663 2433 Non

2079 2457 2220 2510 enim
2264 2468 2481 2528 propter
2526 2460 2782 2515 miracula
2828 2470 3030 2515 tantum
3061 2461 3231 2532 ipsum
3261 2466 3535 2532 miramur,
3565 2472 3661 2524 sed

2077 2548 2236 2603 etiam
2281 2560 2499 2621 propter
2526 2552 2829 2618 cruciatus;
2877 2563 2934 2607 ut
2972 2569 3111 2628 cum.
3140 2555 3332 2610 affixus
3370 2557 3464 2613 fuit
3489 2564 3660 2627 cruci,

2079 2638 2390 2709 flagellatus,
2424 2641 2594 2711 alapis
2618 2656 2808 2707 etesus,
2838 2652 3148 2712 consputus,
3179 2656 3231 2700 et
3254 2664 3373 2701 etnn
3402 2651 3452 2703 in
3472 2653 3660 2706 maxil-

2077 2732 2142 2787 lis
2171 2734 2350 2804 plagas
2374 2736 2579 2807 accepit
2623 2737 2690 2791 ab
2734 2736 2797 2790 iis
2823 2752 2958 2807 quos
2985 2737 3256 2794 beneficiis
3282 2741 3549 2797 affecerat.
3591 2746 3660 2799 At

2075 2826 2217 2876 enim
2246 2823 2295 2876 in
2328 2822 2410 2878 his
2436 2839 2650 2895 quoque
2675 2838 2792 2894 quae
2821 2826 3172 2895 ignominiosa
3215 2830 3478 2895 videatur,
3512 2834 3654 2889 idem

2076 2913 2247 2982 ipsqu
2277 2915 2477 2970 dietmu
2517 2917 2761 2986 apposite
2793 2917 3115 2986 proferatur,
3146 2923 3572 2993 quandoquidem
3602 2938 3660 2983 et.

2075 3004 2188 3072 ipse
2219 3021 2332 3060 rem
2357 3007 2522 3074 illam,
2550 3008 2773 3078 gloriam
2803 3011 3112 3080 appellavit.
3158 3013 3271 3068 Non
3301 3015 3444 3071 enim
3475 3023 3657 3088 provic

2073 3094 2267 3150 (lentia:
2302 3105 2500 3153 tantum
2530 3107 2585 3152 et
2609 3099 2849 3154 caritatis
2877 3101 2962 3155 illa
3016 3112 3187 3168 erant,
3218 3105 3311 3160 sed
3341 3108 3500 3163 etiam
3555 3111 3657 3166 im-

2074 3200 2273 3240 mensa:
2321 3186 2621 3258 potestatis.
2651 3188 2801 3244 Tune
2830 3191 2970 3245 enim
3004 3200 3057 3247 et
3087 3209 3231 3250 mors
3261 3195 3656 3268 destrucbatur,

2072 3285 2128 3330 et
2155 3278 2459 3335 maledictio
2486 3279 2812 3348 solvebatur,
2857 3281 3129 3340 daemones
3171 3289 3655 3360 confundebantur,

2073 3368 2244 3440 deque
2263 3371 2390 3441 ipsis
2415 3372 2859 3442 triumphabatur,
2887 3384 2941 3429 et
2965 3375 3376 3449 chirographum
3404 3394 3660 3452 peceato-

2076 3476 2190 3514 rmn
2218 3460 2359 3514 cruci
2384 3461 2716 3532 afﬁgebatur.
2749 3465 2968 3531 Deinde,
3002 3467 3123 3537 quia
3152 3467 3266 3525 lucc
3292 3472 3545 3529 miracula
3575 3476 3661 3531 in-

2074 3550 2352 3606 visibiliter
2395 3553 2740 3621 patrabantur
2769 3597 2787 3621 ,
2832 3556 3074 3626 quaedam
3122 3560 3400 3618 visibiliter
3441 3578 3658 3636 peracta

2072 3650 2234 3706 sunt,
2287 3657 2407 3712 qua:
2453 3642 2885 3701 demonstrarent
2938 3647 3111 3717 ipsum
3155 3664 3276 3708 esse
3326 3654 3655 3725 unigenitum

2076 3735 2264 3791 Filium
2302 3738 2429 3801 Dei,
2464 3738 2729 3809 totiusque
2768 3750 2971 3797 natura:
3015 3743 3317 3802 Dominum.
3358 3747 3488 3804 Nam
3528 3765 3652 3805 cum

2074 3827 2286 3883 beatum
2315 3846 2509 3900 corpus
2550 3831 2724 3888 adlmc
2759 3833 2810 3888 iu
2843 3850 3002 3891 cruce
3034 3837 3324 3906 penderet,
3355 3841 3433 3895 sol
3474 3842 3659 3897 radios

2072 3921 2282 3985 avertit,
2310 3930 2453 3977 terra
2478 3924 2694 3978 tremuit
2716 3934 2769 3979 et
2795 3926 3026 3981 tenebris
3050 3929 3259 3999 oppleta
3285 3940 3385 3998 cst,
3409 3933 3656 4002 sepulcra

2072 4026 2254 4084 aperta
2280 4059 2295 4084 ,
2330 4026 2484 4073 terra:
2513 4019 2683 4073 solum
2712 4034 3028 4075 concussum
3055 4031 3135 4075 est
3158 4063 3172 4085 ,
3206 4034 3533 4079 mortuorum
3568 4027 3658 4079 in-

2075 4122 2292 4162 tmmera
2333 4108 2614 4162 multitudo
2656 4109 2886 4176 essiliit,
2918 4120 2971 4164 et
3010 4111 3060 4166 iu
3101 4111 3369 4169 civitatem
3414 4115 3655 4185 ingressa

2072 4205 2153 4252 cst
2183 4215 2195 4251 :
2222 4213 2283 4252 ac
2308 4198 2433 4252 dum
2467 4200 2790 4253 monumenti
2837 4199 3000 4269 ipsius
3041 4201 3242 4271 lapides
3271 4202 3457 4258 loculis
3484 4208 3656 4275 aptati

2074 4298 2368 4355 manerent,
2398 4297 2451 4344 et
2479 4289 2748 4360 signacula
2781 4299 3004 4357 starent,
3036 4293 3266 4347 surrexit
3295 4304 3537 4350 mortuus
3564 4298 3660 4355 illo

2072 4383 2158 4449 qui
2186 4382 2330 4436 cruci
2358 4381 2519 4436 clavis
2546 4381 2735 4436 affixus
2763 4383 2951 4445 fuerat,
2980 4399 3041 4438 ac
3069 4385 3261 4440 virtute
3287 4388 3512 4456 quadam
3542 4408 3661 4444 ma-

2071 4488 2169 4542 gna
2211 4473 2440 4542 replet-is
2484 4473 2724 4528 undecim
2768 4474 3058 4544 discipulos
3097 4476 3243 4530 misit
3282 4479 3530 4533 omnilms
3561 4497 3661 4550 per

2070 4566 2257 4618 orbem
2286 4563 2621 4631 hominibus,
2653 4581 2966 4622 communes
2996 4577 3198 4622 natura:
3230 4569 3388 4624 totius
3417 4573 3658 4627 medicos

2072 4656 2297 4719 futuros,
2327 4654 2415 4725 qui
2448 4656 2608 4710 vitam
2638 4657 2910 4712 hominum
2938 4660 3304 4725 cmendarent,
3333 4663 3659 4718 ctelestium-

2071 4763 2174 4816 quc
2203 4747 2508 4818 dogmatum
2552 4745 2792 4802 notitiam
2843 4749 3037 4818 ubique
3065 4750 3475 4807 disseminareut
3497 4794 3513 4818 ,
3547 4756 3659 4809 ila--

2074 4856 2288 4893 tuouum
2329 4838 2661 4910 tyrannidem
2693 4840 3001 4904 solverent,
3044 4857 3339 4911 titagnaque
3366 4853 3421 4899 et
3458 4860 3657 4900 arcana

2074 4929 2208 4983 bona
2232 4929 2476 4984 ilOlllillCS
2495 4929 2752 4985 docerent.
2777 4948 2788 4984 :
2809 4932 3000 4986 animm
3023 4931 3474 4988 immortalitatem
3500 4936 3661 4990 nubs

2075 5021 2461 5090 praedicarent,
2507 5021 2852 5091 corporisque
2897 5021 3055 5075 vitam
3100 5033 3393 5088 aeternam,
3438 5027 3658 5092 pauentia

2073 5119 2304 5165 mentem
2354 5111 2724 5182 exsuperantia
2772 5121 2824 5165 et
2872 5127 3139 5181 nunquam
3182 5113 3340 5168 finem
3386 5114 3657 5171 habitura.

2072 5201 2195 5256 lla-e
2225 5217 2406 5257 secum
2448 5211 2702 5273 reputans
2731 5203 2916 5259 beatus
2947 5203 3032 5257 ille
3056 5246 3071 5270 ,
3101 5214 3155 5258 et
3180 5206 3282 5261 alia
3314 5206 3461 5276 plura
3487 5247 3502 5271 ,
3534 5223 3662 5276 qua:

2073 5293 2185 5362 ipse
2228 5293 2443 5356 quidem
2484 5303 2737 5359 noverat,
2767 5295 2860 5348 scd
2899 5295 3133 5351 scribere
3170 5297 3370 5363 noluit,
3403 5300 3543 5367 quod
3595 5318 3661 5354 ea

2072 5386 2298 5439 mundus
2322 5402 2424 5440 non
2442 5396 2656 5455 caperet
2678 5386 2820 5455 (nam
2842 5387 3042 5453 omnia,
3073 5387 3261 5457 inquit,
3288 5389 3349 5443 Si
3370 5390 3663 5445 scribantur

2073 5493 2161 5545 per
2187 5476 2406 5545 singula,
2436 5492 2525 5528 nec
2554 5476 2718 5544 ipsum
2747 5477 2965 5530 arbitror
2990 5479 3233 5533 mundum
3259 5496 3436 5551 capere
3461 5499 3544 5534 eos
3571 5487 3662 5552 qui

2070 5569 2316 5623 scribendi
2340 5577 2452 5620 sunt
2485 5567 2636 5621 libros
2659 5566 2846 5639 [Jama
2874 5568 2934 5622 2|
2952 5608 2965 5621 .
2994 5569 3064 5626 εδ
3087 5570 3100 5642 1
3123 5573 3142 5640 )
3168 5590 3179 5624 :
3212 5573 3325 5628 ha'c
3349 5614 3363 5635 ,
3398 5572 3615 5641 inquam
3641 5614 3660 5637 ,

2071 5660 2245 5712 tnttnia
2293 5659 2531 5727 cogitans
2574 5658 2935 5713 exclamavit:
2978 5660 3204 5715 l'idiums
3246 5664 3459 5733 gloriam
3507 5664 3663 5730 ejus,

2070 5751 2284 5821 gforimu
2313 5750 2454 5819 quasi
2489 5748 2743 5819 L'nigcnili
2772 5769 2801 5803 ιι
2835 5749 2984 5805 Putre
3010 5793 3021 5815 ,
3052 5754 3253 5822 plcitum
3290 5755 3467 5823 grauis
3497 5768 3544 5806 et
3576 5771 3664 5809 rs-
