4012 6210
299 248 368 301 85
1379 251 1439 305 IN
1480 251 1793 308 .IO.\NNE.'II
1837 250 2050 306 IIUSIIL.
2100 252 2234 306 XIII.
2280 255 2351 308 al.
2400 254 2508 307 XII.
3519 262 3584 312 86

297 380 330 412 ι’.
351 365 482 415 tatis.
513 362 612 429 Qui
646 380 774 433 ergo
802 374 876 418 tot
904 366 1241 435 spectaculis,
1273 365 1570 434 hujnsaoadi
1600 367 1842 437 doctrina
1863 409 1877 432 ,

308 463 452 506 tanto
479 470 701 510 munere
725 456 923 525 dignati
951 468 1090 522 sunt,
1124 457 1281 510 vitam
1308 458 1644 527 dogmatibus
1669 459 1879 529 dignam

304 542 593 597 exhibeant
615 554 861 612 oportet,
893 556 948 600 ut
980 547 1079 600 illis
1109 546 1350 600 fruamur
1376 548 1547 601 bouis.
1580 547 1707 602 Ideo
1733 564 1882 603 nam-

313 647 412 700 que
439 633 651 688 advenit
686 637 937 692 Dominus
967 649 1147 693 ιιοδιοιν
1172 638 1326 693 Jesus
1351 638 1595 694 Christus
1614 682 1627 701 .
1662 657 1766 694 non
1796 658 1883 693 so-

317 722 424 774 lum
456 734 509 776 ut
541 723 622 778 hic
651 725 765 793 ejus
790 727 1032 795 gloriam.
1063 728 1154 782 sed
1188 729 1344 783 etiam
1376 738 1430 782 ut
1457 728 1684 783 futuram
1713 729 1886 796 videa-

317 828 456 866 mus.
502 813 783 883 Pmpterea
831 818 1004 871 dixit:
1047 818 1168 872 Volo
1205 829 1256 872 ut
1293 819 1373 872 ubi
1408 837 1517 873 sum
1549 837 1637 890 ego
1662 863 1675 885 ,
1709 832 1754 874 et
1791 821 1889 889 ipsi

313 904 448 968 sint,
476 914 527 956 ut
556 905 749 959 rideant
773 909 985 976 gloriam
1017 925 1175 961 meam
1204 908 1378 978 (Joan.
1411 911 1495 963 17.
1527 909 1639 982 24).
1669 911 1817 977 Quod
1843 913 1887 966 si

319 993 434 1046 haec
465 994 626 1062 gloria
668 1006 772 1050 tam
805 998 1078 1066 splendida
1104 1041 1120 1064 ,
1155 1008 1259 1053 tam
1287 1002 1568 1070 conspicua
1599 1002 1694 1054 fuit
1719 1044 1734 1066 ,
1766 1003 1889 1070 quid

318 1083 388 1136 de
438 1084 523 1136 illa
567 1084 895 1139 dixerimus?
942 1086 1056 1142 Non
1101 1088 1242 1142 enim
1289 1089 1338 1141 in
1385 1099 1522 1143 terra
1568 1092 1893 1160 corruptioni

320 1173 547 1228 obnoxia
581 1175 844 1230 videbitur
868 1218 882 1240 ,
917 1195 1019 1231 non
1062 1179 1216 1233 nobis
1256 1180 1305 1233 in
1349 1179 1486 1234 fluxo
1524 1197 1750 1250 corpore
1781 1199 1894 1236 Ina-

321 1265 602 1327 nentibus;
635 1265 727 1318 sed
756 1267 807 1319 in
838 1267 1119 1320 immortali
1159 1276 1216 1320 et
1253 1278 1502 1337 perpetua
1536 1280 1778 1324 creatura
1799 1311 1816 1336 ,
1847 1282 1900 1326 et

321 1369 444 1406 cum
469 1362 615 1408 tanto
641 1356 947 1423 splendore.
977 1366 1036 1410 ιιι
1061 1358 1207 1410 nullo
1235 1359 1393 1428 possit
1418 1360 1672 1428 explicari
1701 1376 1903 1416 sermo-

321 1459 414 1498 ne.
446 1444 490 1499 0
520 1445 659 1500 beati
688 1488 702 1509 ,
737 1456 816 1500 ter
845 1448 981 1500 beati
1011 1489 1025 1512 ,
1057 1449 1352 1516 saepiusque
1392 1449 1528 1502 beati
1556 1492 1570 1514 ,
1604 1451 1693 1520 qui
1725 1453 1902 1519 glorite

323 1535 470 1587 illius
501 1546 830 1603 spectatores
860 1552 976 1591 esse
1005 1538 1386 1608 dignabuntnrl
1417 1541 1490 1594 De
1517 1541 1616 1595 hac
1649 1543 1898 1610 propheta

325 1625 502 1679 dicit:
532 1626 772 1682 Tollatur
814 1629 1035 1698 impius,
1083 1647 1149 1684 ne
1201 1633 1373 1684 videat
1417 1633 1640 1700 gloriam
1692 1634 1896 1687 Domini

333 1715 486 1779 (lsai.
510 1717 597 1771 26.
627 1718 706 1771 IO.
734 1721 784 1770 in
809 1719 1025 1788 Greece).
1052 1720 1152 1774 Sed
1179 1721 1336 1784 absit,
1363 1731 1415 1774 ut
1435 1723 1627 1790 aliquis
1655 1733 1892 1776 nostrum

327 1807 582 1873 tollatur,
615 1823 679 1862 ne
720 1810 858 1863 illam
907 1827 1150 1880 umquam
1197 1811 1388 1866 videat.
1414 1813 1519 1866 Nisi
1566 1815 1708 1867 enim
1754 1815 1892 1869 illam

323 1901 702 1968 cetisequutnri
731 1916 968 1956 essemus
990 1943 1002 1965 ,
1031 1914 1324 1971 opportune
1351 1920 1376 1957 a
1408 1906 1560 1959 nobis
1585 1906 1852 1961 diceretur
1879 1925 1894 1960 :

329 1989 527 2043 Donum
559 1999 669 2044 erat
710 1992 894 2052 nobis,
929 1995 970 2046 si
1012 1995 1116 2048 nati
1160 2012 1262 2048 non
1305 1997 1607 2050 fuissemus.
1641 1998 1774 2051 Nam
1806 2014 1898 2054 cur

329 2072 550 2135 vivimus
574 2123 587 2145 ,
617 2098 713 2136 cur
744 2085 1101 2150 respiramus?
1129 2086 1254 2154 quid
1285 2102 1468 2140 sumus
1491 2130 1514 2153 ,.
1535 2089 1577 2142 si
1610 2089 1704 2143 illo
1731 2090 1900 2157 prive-

329 2185 445 2223 tnur
485 2170 736 2239 aspectu?
776 2171 819 2224 si
867 2171 1144 2227 Dominttm
1186 2184 1422 2229 nostrum
1456 2192 1613 2230 nemo
1643 2178 1901 2231 concedat

331 2277 572 2331 umquam
607 2262 824 2316 videre?
855 2263 983 2317 Nam
1027 2265 1069 2318 si
1106 2266 1194 2336 qui
1233 2267 1460 2321 solarem
1487 2268 1658 2322 lucem
1689 2285 1794 2322 non
1820 2271 1900 2324 vi-

328 2349 475 2415 dent,
505 2361 668 2405 morte
697 2353 1030 2407 miseriorem
1066 2355 1218 2408 vitam
1247 2355 1477 2424 degunt;
1511 2357 1636 2425 quid
1665 2374 1757 2412 eos
1783 2374 1902 2428 pcr-

333 2440 434 2506 peti
471 2440 650 2496 eredas
675 2481 689 2506 ,
723 2443 809 2511 qui
841 2443 931 2495 tali
964 2444 1078 2498 luce
1104 2444 1416 2513 privautur?
1472 2446 1568 2501 Hic
1617 2448 1758 2502 enim
1801 2447 1898 2503 da-

334 2546 508 2582 mntuu
529 2531 580 2584 in
605 2531 701 2585 hoc
721 2547 826 2586 uno
843 2542 1069 2600 constat,
1093 2535 1196 2590 illic
1213 2551 1337 2590 vero
1359 2552 1462 2590 non
1479 2538 1634 2591 item:
1659 2539 1898 2608 quamvis

331 2621 372 2673 si
401 2621 522 2675 illud
550 2622 717 2676 solum
745 2623 958 2678 adesset
983 2624 1102 2678 mali
1126 2667 1139 2688 ,
1169 2642 1270 2680 non
1305 2643 1399 2696 par
1425 2629 1693 2682 cruciatus
1722 2639 1896 2695 esset,

331 2714 418 2768 sed
449 2723 591 2768 lauto
614 2717 841 2785 gravior,
868 2725 1062 2786 quanto
1085 2717 1166 2772 sol
1196 2719 1283 2774 ille
1310 2719 1410 2775 hoc
1435 2729 1618 2775 nostro
1642 2729 1901 2792 pra-stan-

1986 368 2086 421 tior
2104 375 2209 421 est:
2231 383 2413 422 verum
2433 367 2570 421 aliud
2591 384 2792 437 quoque
2809 369 3139 436 supplicium
3158 372 3575 439 exspectandum

1989 468 2086 510 est.
2118 455 2248 510 Nam
2281 457 2325 510 is
2350 457 2436 526 qui
2466 457 2631 511 lucem
2661 457 2796 511 illaut
2824 473 2930 510 non
2957 459 3177 527 aspicit,
3215 475 3320 511 non
3353 460 3402 510 in
3431 468 3573 514 teneo

1989 546 2106 599 bras
2130 545 2473 600 abducendus
2501 555 2695 600 tantum
2720 556 2816 606 est.
2845 547 2937 601 sed
2968 559 3236 617 perpetuo
3258 549 3572 603 comburen-

1987 636 2104 700 dus,
2137 637 2205 689 ita
2237 647 2291 690 ttt
2323 638 2572 698 tabescat.
2603 638 2846 693 dentibus
2877 640 3105 692 strideat
3126 681 3140 702 ,
3175 640 3567 708 innumerisqne

1988 727 2102 780 aliis
2126 727 2403 782 tormentis
2425 730 2768 783 escrucietur.
2787 728 2862 784 Nc
2886 733 3065 795 itaque
3087 729 3311 783 salutem
3334 740 3561 784 nostram

1991 819 2058 872 ita
2090 828 2494 874 contemnamus
2520 862 2535 886 ,
2565 831 2619 874 ut
2657 837 2748 890 per
2816 820 3081 875 rcvissimi
3114 819 3369 888 temporis
3401 820 3557 888 negli-

1991 911 2222 980 gentiam
2268 922 2424 979 atque
2471 911 2762 976 desidiam,
2819 912 2868 965 in
2917 920 3176 964 :eternum
3222 909 3560 977 conjiciantur

1994 1003 2345 1071 supplicium;
2389 1003 2480 1056 sed
2515 1003 2784 1072 vigilemus
2811 1044 2824 1066 ,
2863 1003 3026 1056 sobrii
3064 1003 3228 1055 simus
3252 1043 3268 1068 ,
3301 1001 3428 1055 nihil
3458 1017 3558 1055 non

1996 1107 2213 1160 agamus
2244 1101 2298 1145 et
2321 1107 2622 1160 operemur,
2656 1104 2710 1146 ut
2742 1094 2843 1147 illis
2871 1093 3103 1146 fruamur
3129 1093 3277 1145 bonis
3303 1134 3317 1156 ,
3346 1107 3410 1146 ac
3440 1107 3557 1160 pro-

2000 1185 2084 1237 cnI
2103 1172 2282 1237 ἐἰιιιιιε
2310 1183 2378 1237 ab
2408 1185 2496 1238 illo
2523 1184 2679 1238 fluvio
2703 1184 2876 1254 igneo,
2903 1185 2990 1252 qui
3021 1199 3141 1237 cum
3171 1184 3333 1237 multo
3361 1182 3564 1252 fragore

2004 1275 2130 1327 fluet
2159 1285 2282 1328 ante
2311 1273 2538 1327 tribunal
2567 1273 2904 1328 horrendum.
2934 1272 3032 1338 Qui
3064 1272 3227 1325 semel
3257 1271 3346 1324 illo
3374 1272 3565 1324 incide-

2007 1367 2103 1428 rlt,
2155 1365 2226 1418 ibi
2269 1374 2520 1432 perpetuo
2559 1372 2765 1417 Inancat
2807 1369 3048 1431 oportet,
3093 1376 3247 1413 nemo
3285 1360 3385 1413 erit
3419 1361 3503 1428 qui
3540 1377 3568 1414 a

2005 1455 2262 1522 soppliclo
2291 1455 2509 1522 eripiat,
2540 1469 2644 1506 non
2680 1460 2856 1520 pater.
2887 1468 2989 1504 non
3023 1461 3224 1510 mater,
3256 1463 3356 1501 non
3390 1449 3566 1501 frater.

2007 1546 2114 1598 lloc
2151 1544 2422 1612 protihetm
2449 1544 2709 1604 clamant;
2743 1542 2877 1595 alios
2904 1541 3030 1593 dicit
3061 1560 3074 1592 :
3108 1540 3286 1592 Frater
3309 1556 3408 1591 non
3435 1539 3568 1590 redi-

2001 1636 2106 1696 mit,
2132 1635 2337 1687 redimet
2366 1634 2511 1685 homo
2540 1631 2721 1701 (Psal.
2745 1633 2830 1685 48.
2855 1631 2961 1700 8)?
2993 1629 3234 1684 Ezechiel
3263 1644 3386 1682 vero
3414 1629 3561 1697 quid-

1999 1727 2135 1795 piam
2166 1726 2390 1794 amplius
2417 1727 2567 1778 efl'ert
2604 1725 2684 1779 his
2713 1724 2890 1778 verbis
2917 1741 2928 1777 :
2961 1723 3020 1777 Si
3048 1723 3231 1776 steterit
3261 1720 3374 1774 Noe
3401 1732 3446 1774 et
3472 1720 3570 1773 Job

1998 1826 2044 1869 et
2073 1815 2254 1869 Daniel
2276 1857 2290 1880 ,
2325 1815 2458 1883 ﬁlios
2491 1831 2606 1868 suos
2631 1824 2676 1867 et
2703 1816 2836 1880 ﬁlias
2874 1831 2971 1866 non
3001 1813 3207 1880 eripient
3237 1811 3447 1879 (Ezeclt.
3484 1813 3569 1865 Ν.

2006 1908 2068 1962 ll
2116 1918 2159 1961 et
2191 1907 2298 1977 I6).
2331 1907 2503 1962 Unum
2533 1907 2673 1959 enim
2705 1906 2774 1958 ibi
2805 1914 3002 1957 tantum
3028 1903 3196 1972 juvat,
3229 1917 3420 1970 nempe
3446 1918 3573 1969 ope-

2002 2015 2116 2052 rum
2147 1997 2520 2066 patrocinium,
2542 2012 2647 2065 quo
2672 1995 2758 2064 qui
2791 1995 3036 2059 caruerit,
3063 1995 3166 2046 alio
3194 1993 3350 2047 modo
3375 1995 3575 2047 servati

2004 2105 2108 2144 non
2135 2089 2351 2158 poterit.
2385 2089 2507 2141 I|:rc
2535 2088 2711 2154 itaque
2742 2093 2993 2154 perpetuo
3025 2093 3294 2138 versantes
3322 2093 3370 2137 et
3401 2083 3576 2136 nobis-

2005 2195 2124 2232 cum
2162 2188 2467 2248 reputantes
2489 2220 2502 2237 ,
2537 2179 2694 2231 \itatn
2726 2191 3078 2246 expurgentus
3103 2216 3116 2240 ,
3146 2185 3197 2229 et
3235 2173 3575 2242 conspicuam

2008 2269 2328 2332 teddamus,
2369 2276 2424 2319 ut
2466 2283 2584 2322 cum
2632 2265 2816 2319 fiducia
2861 2265 3130 2318 videamus
3177 2263 3496 2324 Dominum,
3525 2271 3576 2315 et

2007 2359 2260 2426 promissa
2308 2372 2696 2426 consequamur
2737 2355 2870 2408 bona
2898 2396 2910 2415 ,
2947 2356 3113 2423 gratia
3156 2363 3210 2407 et
3253 2352 3577 2421 benignitate

2006 2451 2209 2506 Domini
2257 2449 2425 2505 nostri
2468 2447 2592 2502 Jesu
2633 2446 2857 2510 Christi,
2897 2462 2987 2514 per
3022 2459 3180 2515 quem
3219 2453 3270 2498 et
3309 2458 3433 2498 cum
3473 2456 3576 2510 quo

2003 2543 2138 2597 I’atri
2165 2543 2354 2611 gloria,
2381 2555 2478 2592 una
2503 2554 2619 2592 cum
2651 2546 2836 2592 sancto
2859 2535 3071 2604 Spiritu,
3099 2549 3238 2589 nunc
3261 2545 3316 2588 et
3340 2548 3574 2601 semper,

2000 2646 2050 2690 ct
2078 2633 2350 2692 in,s;rcula
2380 2630 2713 2687 sa‘eulorum.
2744 2631 2932 2682 Amen.

1629 2925 1972 2987 HOMIL‘IA
2016 2927 2187 2986 XIII.

331 3060 422 3113 15.
453 3059 678 3114 Joannes
721 3061 1057 3114 testimonium
1096 3063 1316 3129 perhibet
1355 3063 1417 3116 de
1449 3063 1595 3131 ipso,
1637 3073 1684 3115 et
1723 3064 1908 3116 clamat

400 3151 568 3204 dicens
599 3150 739 3203 :Ilic
767 3161 874 3204 erat
913 3137 1200 3219 quem'dixi
1233 3168 1250 3205 :
1283 3152 1381 3218 Qui
1423 3161 1534 3221 post
1573 3168 1652 3205 me
1683 3161 1914 3207 venturus

403 3249 494 3298 est.
523 3249 638 3291 ante
665 3257 744 3293 me
769 3242 932 3309 [actus
959 3248 1050 3303 est,
1083 3242 1200 3309 quia
1228 3242 1366 3307 prior
1395 3258 1472 3294 me
1500 3251 1626 3296 erat.

403 3333 425 3383 l
441 3369 454 3381 .
482 3331 667 3384 Doctor
711 3348 773 3385 ea:
800 3332 1085 3385 auditorum
1099 3334 1302 3402 segnitie
1316 3334 1575 3402 praemium
1591 3349 1690 3387 non
1708 3334 1905 3385 amittit.

330 3421 515 3476 Pastor
533 3423 810 3490 spiritualis
833 3421 1077 3492 quomodo
1098 3424 1284 3476 Ita’rere
1311 3423 1481 3476 debeat
1515 3424 1779 3476 animabus
1813 3423 1910 3477 sibi

325 3512 622 3566 ronnnissis.
654 3513 923 3565 Audientes
961 3512 1182 3566 stimulat
1219 3510 1618 3583 Cltrysostomus.
1648 3544 1718 3552 —
1741 3512 1902 3567 Nutu-

326 3604 450 3671 quid
498 3603 688 3657 frustra
731 3603 1028 3667 currimus,
1067 3614 1121 3658 et
1169 3603 1359 3658 frustra
1397 3603 1734 3658 laboramus?
1776 3619 1898 3656 num

326 3711 481 3763 supra
514 3703 690 3764 petras
717 3707 899 3748 semen
923 3694 1181 3762 jacimus?
1212 3710 1333 3746 ntun
1361 3708 1515 3748 secus
1544 3693 1678 3747 viam
1712 3693 1790 3746 vel
1824 3694 1900 3746 in-

328 3799 408 3840 ter
435 3786 612 3855 Spiuas
638 3785 776 3854 jacla
803 3785 1000 3838 semina
1032 3785 1234 3838 latent?
1263 3785 1462 3837 Anxius
1487 3799 1602 3837 sum
1632 3793 1685 3837 et
1714 3785 1893 3848 timeo,

327 3892 396 3930 ne
441 3876 640 3930 inntilLs
677 3874 828 3929 nobis
868 3874 1188 3943 agricultura
1229 3874 1328 3937 sit;
1375 3874 1577 3928 etiamsi
1613 3873 1809 3927 nullum
1844 3874 1896 3927 iu

329 3968 544 4035 lmjnsce
580 3967 772 4021 laboris
797 3966 1042 4021 mercede
1070 3965 1437 4020 detrimentum
1467 3981 1718 4036 passurus
1751 3965 1851 4018 sim
1879 3981 1892 4017 :

327 4073 431 4112 non
458 4059 596 4112 enim
623 4057 805 4111 eadem
833 4055 1149 4121 conditione,
1179 4072 1280 4126 qua
1305 4057 1548 4126 agricola:
1566 4099 1580 4123 ,
1608 4066 1729 4110 sunt
1752 4055 1894 4110 verbi

326 4147 590 4202 doctores.
622 4148 862 4218 Agricola
891 4149 1033 4202 enim
1075 4157 1192 4217 post
1230 4161 1434 4200 annuos
1473 4163 1615 4216 szrpe
1650 4146 1856 4200 labores
1881 4185 1894 4208 ,

329 4249 441 4306 post
471 4248 666 4293 tantam
694 4240 958 4294 miseriam
988 4249 1041 4294 et
1069 4239 1311 4302 sudores,
1345 4241 1387 4293 si
1421 4248 1558 4293 terra
1590 4237 1718 4292 nihil
1750 4238 1896 4291 labo-

328 4331 468 4383 ribus
498 4329 600 4383 illis
628 4330 840 4400 dignum
875 4331 1084 4395 tulerit,
1115 4346 1144 4384 a
1180 4331 1395 4385 nemine
1421 4330 1524 4383 alio
1557 4329 1746 4396 poterit
1773 4343 1900 4383 con-

325 4422 636 4474 solationem
671 4422 944 4490 accipere;
976 4421 1068 4476 sed
1106 4435 1227 4475 cum
1268 4421 1475 4475 tristitia
1513 4430 1564 4474 et
1598 4419 1801 4490 pudore
1831 4421 1897 4474 ab

324 4526 442 4564 area
472 4512 683 4565 domum
711 4523 1006 4567 revertetur
1034 4511 1098 4566 ad
1131 4526 1346 4566 uxorem
1377 4520 1430 4565 et
1466 4511 1604 4565 ﬁlios
1629 4553 1643 4573 ,
1675 4520 1834 4580 atque
1866 4525 1895 4563 a

323 4601 537 4656 nemine
563 4601 794 4656 diuturni
836 4602 1029 4655 laboris
1070 4601 1365 4656 mercedem
1403 4611 1643 4670 repetere
1683 4600 1895 4670 poterit.

325 4693 484 4746 Nobis
527 4701 704 4749 autem
749 4693 879 4750 nihil
929 4693 1224 4761 hujusmodi
1269 4693 1506 4758 accidet;
1558 4692 1650 4746 sed
1691 4691 1897 4748 etiamsi

321 4787 459 4837 calta
506 4795 642 4839 terra
680 4786 879 4839 nullum
923 4783 1149 4841 fructum
1189 4785 1404 4852 tulerit,
1441 4786 1484 4838 si
1527 4784 1760 4837 laborem
1801 4797 1900 4837 nos

321 4892 532 4930 otnnem
561 4875 958 4932 exhibuerimus
980 4917 992 4938 ,
1021 4876 1109 4929 ille
1134 4884 1186 4929 et
1214 4885 1368 4932 terra:
1395 4883 1449 4929 et
1471 4873 1688 4928 cultoris
1719 4873 1898 4934 Domi-

328 4983 420 5020 nus
448 4983 551 5021 non
580 4967 720 5022 sinet
740 4981 837 5022 nos
864 4982 980 5020 cmn
1007 4981 1136 5020 vana
1161 4981 1253 5035 spe
1279 4966 1547 5031 recedere,
1575 4963 1667 5018 sed
1697 4977 1898 5018 merce-

321 5059 438 5112 dem
471 5058 687 5115 tt'ibuct.
721 5056 1068 5125 Umtsqnisque
1091 5058 1243 5121 enim,
1269 5057 1458 5122 inquit,
1488 5057 1746 5124 propriam
1769 5069 1899 5106 mer-

321 5151 487 5202 cedem
513 5150 724 5218 accipiet
752 5147 1022 5201 secundum
1052 5149 1310 5218 proprium
1342 5146 1560 5200 laborem
1590 5144 1665 5214 (ι.
1695 5143 1811 5198 Cor.
1842 5144 1896 5197 3.

318 5238 395 5307 Β).
419 5256 523 5292 non
548 5239 840 5293 secundum
865 5237 938 5291 rei
962 5237 1135 5291 finem.
1163 5237 1230 5291 Et
1249 5237 1388 5306 quod
1412 5237 1480 5289 ita
1505 5251 1590 5288 res
1607 5250 1664 5288 se
1685 5233 1896 5298 habeat,

318 5331 436 5382 anuli
470 5349 482 5384 :
513 5329 582 5383 Et
612 5338 698 5393 tn,
739 5328 939 5396 inquit,
971 5325 1076 5380 Fili
1110 5328 1356 5392 heroinis,
1391 5325 1673 5381 testiﬁcare
1706 5323 1899 5390 pepulo

322 5419 441 5474 huic
464 5462 476 5484 ,
506 5419 548 5472 si
577 5421 707 5489 forte
730 5417 959 5482 audiant,
983 5419 1023 5470 si
1055 5421 1181 5487 forte
1211 5417 1493 5484 intelligant
1521 5413 1730 5484 (Ezeclt.
1755 5413 1809 5464 2.
1845 5415 1898 5466 5.

317 5512 392 5576 ii).
429 5512 494 5565 fit
521 5526 614 5578 per
641 5507 974 5564 Ezechielem
1022 5509 1167 5577 (Cap.
1205 5510 1256 5561 5.
1284 5507 1376 5573 19)
1413 5504 1462 5557 id
1486 5503 1721 5557 ediscere
1749 5504 1896 5555 licet:

314 5604 367 5658 Si
409 5602 721 5672 Speculator
762 5599 1094 5669 prtedixcrit,
1128 5599 1251 5670 quid
1285 5599 1492 5666 fugere,
1532 5594 1656 5664 quid
1706 5594 1900 5664 eligere

2015 3073 2252 3130 eporteat
2277 3103 2292 3124 ,
2325 3063 2552 3115 animam
2583 3077 2733 3115 suam
2767 3061 3023 3124 liberavit,
3051 3061 3290 3129 quamvis
3319 3074 3482 3114 nemo
3506 3068 3584 3113 at-

2019 3156 2214 3207 tendat.
2243 3155 2486 3206 Attamen
2514 3152 2636 3206 licet
2662 3150 2800 3204 hanc
2826 3149 3028 3203 ﬁrmam
3050 3151 3466 3204 consolationem
3492 3149 3586 3203 ha.

2015 3245 2260 3310 beamus,
2292 3245 2412 3298 licet
2449 3244 2514 3297 de
2550 3243 2898 3298 retributione
2938 3241 3200 3308 fidamus,
3239 3241 3454 3309 quando
3491 3256 3587 3296 vos

2012 3333 2134 3386 nihil
2174 3349 2336 3402 opere
2375 3333 2631 3401 proficere
2671 3332 2910 3386 videmus
2936 3371 2950 3394 ,
2984 3329 3146 3383 nihilo
3185 3330 3374 3383 melius
3405 3328 3582 3384 afﬁri-

2010 3439 2137 3486 uutr,
2173 3439 2325 3492 quam
2362 3422 2625 3490 agricola,
2651 3422 2741 3491 qui
2781 3430 2998 3492 gemunt
3025 3431 3072 3476 et
3110 3421 3492 3491 lacrymanlur,
3517 3437 3580 3477 ac

2004 3514 2199 3584 pudore
2223 3514 2513 3584 ruboreun
2533 3513 2853 3568 afficiuntur.
2881 3511 2993 3567 lloc
3014 3512 3242 3566 doctoris
3269 3512 3575 3566 misericor-

2001 3605 2080 3658 dia
2108 3645 2122 3670 ,
2158 3603 2254 3658 hoc
2286 3604 2444 3674 patris
2474 3619 2599 3658 cura
2637 3612 2740 3659 est.
2774 3603 2979 3658 Etenim
3017 3601 3174 3672 Moysi
3195 3617 3220 3656 s
3245 3616 3364 3656 cum
3398 3602 3464 3654 ab
3494 3602 3575 3654 in-

2000 3714 2141 3775 grata
2170 3704 2467 3760 Ιιιιιωοτιιιιι
2495 3712 2650 3774 gente
2677 3702 2888 3757 liberari
2919 3710 3116 3771 possm,
3140 3699 3576 3768 splendidiastpte

1997 3813 2058 3851 ac
2082 3797 2246 3850 multo
2273 3797 2443 3865 majus
2474 3796 2524 3848 in
2552 3795 2710 3848 aliain
2739 3801 2952 3862 gentem
2981 3791 3260 3858 imperium
3289 3790 3534 3843 obtinere
3559 3807 3572 3843 :

2000 3905 2118 3942 nam
2147 3889 2221 3940 ait
2252 3887 2409 3946 Deus,
2444 3883 2651 3936 Dimitte
2675 3899 2772 3947 me,
2795 3891 2838 3934 et
2866 3880 3037 3934 delebo
3071 3897 3153 3934 eos
3176 3921 3190 3944 ,
3222 3881 3504 3949 fariamqnc
3529 3889 3579 3931 te

1999 3979 2049 4031 in
2078 3986 2274 4049 gentem
2301 3975 2393 4026 Itac
2420 3975 2659 4040 ntajorem
2688 3971 2889 4040 (Exod.
2927 3970 3011 4025 5?...
3052 3971 3177 4038 l0);
3211 3971 3329 4036 quia
3361 3975 3578 4022 sanctus

1998 4079 2110 4125 erat
2130 4079 2183 4122 et
2211 4067 2301 4120 Dei
2327 4078 2534 4126 servus,
2558 4061 2678 4130 quia
2701 4076 2824 4114 vere
2850 4061 3052 4113 amicus
3077 4071 3125 4111 et
3155 4059 3350 4127 probus
3377 4057 3414 4119 ¹,
3443 4057 3577 4113 hanc

2000 4173 2181 4214 Vocem
2211 4172 2275 4209 ne
2299 4153 2480 4207 auditu
2506 4151 2719 4219 quidem
2749 4151 2900 4214 tulit;
2927 4148 3019 4201 sed
3053 4149 3224 4214 perire
3249 4146 3432 4199 maluit
3456 4162 3574 4201 eum

1999 4261 2155 4322 gente
2176 4248 2275 4302 sibi
2307 4245 2472 4299 semel
2502 4241 2724 4306 credita,
2748 4255 2904 4308 quam
2934 4238 3049 4290 sine
3077 4239 3162 4290 illa
3186 4237 3406 4299 servari,
3431 4244 3482 4287 et
3510 4239 3571 4292 ad

2002 4345 2256 4412 majorem
2283 4336 2587 4407 dignitatem
2611 4330 2830 4387 assumi.
2857 4329 3037 4383 Talem
3066 4336 3272 4396 oportet
3291 4343 3410 4381 eum
3435 4341 3572 4392 e~se,

2000 4436 2083 4491 cui
2109 4432 2404 4487 animarum
2427 4425 2707 4483 commissa
2734 4438 2860 4478 cura
2885 4428 2983 4475 est.
3015 4420 3310 4478 Absurdum
3338 4418 3477 4471 enim
3501 4433 3575 4472 es.

2000 4536 2100 4589 set,
2121 4525 2246 4579 dum
2265 4535 2547 4592 pravorum
2571 4519 2798 4573 ﬁliorum
2823 4521 2972 4582 pater
2993 4526 3096 4563 non
3120 4507 3224 4560 vult
3247 4507 3398 4566 alios,
3417 4522 3571 4574 quam

2001 4621 2067 4672 ab
2096 4632 2153 4671 se
2185 4595 2430 4685 genitos,
2462 4610 2595 4664 ﬁlios
2625 4622 2749 4663 suos
2777 4604 2879 4658 dici
2900 4645 2916 4670 ,
2944 4597 3263 4656 commissos
3293 4595 3575 4662 discipulos

2002 4722 2213 4777 semper
2242 4715 2446 4758 mutare
2466 4742 2481 4768 ,
2511 4715 2572 4755 ac
2599 4713 2738 4754 nunc
2767 4695 2884 4761 hos,
2919 4707 3058 4747 nunc
3089 4690 3221 4742 alios
3246 4729 3259 4752 ,
3291 4696 3575 4756 posteaque

2002 4813 2168 4852 novos
2194 4795 2497 4850 adscribere
2517 4832 2531 4854 ,
2561 4799 2721 4857 atque
2749 4799 2870 4852 erga
2895 4781 3067 4836 nullos
3091 4779 3318 4833 amicitia
3345 4777 3574 4830 benevo-

2003 4887 2265 4956 lentiaque
2286 4882 2448 4938 affici.
2473 4881 2670 4934 Verum
2691 4874 2827 4927 absit
2855 4883 2910 4925 ut
2933 4871 3050 4925 talia
3071 4869 3136 4924 de
3158 4869 3306 4923 Vobis
3329 4881 3574 4956 umquam

2001 4954 2351 5045 suspicemur.
2385 4967 2718 5024 Confidimus
2745 4962 2884 5014 enim
2914 4975 3009 5014 vos
3037 4959 3200 5029 magis
3225 4956 3492 5012 abundare
3524 4954 3576 5006 in

2005 5043 2109 5123 fide
2152 5068 2202 5120 in
2252 5063 2532 5119 Domimun
2579 5060 2818 5108 nostrum
2862 5050 3041 5106 Jcsum
3088 5050 3389 5105 Christum,
3431 5050 3484 5094 et
3528 5043 3578 5096 iu

2002 5161 2222 5213 caritate
2257 5162 2436 5208 mutua
2468 5160 2593 5212 erga
2619 5153 2804 5194 omnes
2839 5142 2930 5210 (‘2.
2957 5141 3072 5195 Cor.
3100 5140 3153 5192 8.
3183 5140 3212 5188 7
3237 5137 3277 5202 ).
3310 5133 3435 5185 lla-c
3461 5147 3583 5184 vero

2003 5249 2228 5302 (IICIIIIUS
2260 5252 2316 5296 ut
2343 5237 2575 5293 studimn
2607 5236 2840 5282 vestrum
2867 5243 3151 5299 augeamus
3177 5269 3190 5293 ,
3222 5235 3278 5281 ct
3309 5223 3429 5274 vita:
3459 5235 3586 5287 pro-

2007 5308 2222 5389 bitatem
2253 5333 2304 5384 in
2337 5329 2453 5381 dies
2479 5331 2785 5375 accrescere
2809 5335 3072 5374 cureums,
3102 5319 3192 5373 Sic
3212 5315 3355 5370 enim
3379 5309 3446 5363 ad
3473 5325 3588 5361 vel».

2009 5428 2193 5479 boqu
2222 5421 2478 5474 horumce
2507 5403 2825 5476 profundum
2857 5419 3034 5466 ιηρηιε
3064 5407 3366 5478 perungere
3397 5397 3590 5463 νοωνί,

2075 5599 2088 5628 ¹
2129 5595 2183 5646 In
2208 5585 2374 5640 Morel.
2406 5582 2604 5640 legitur,
2631 5575 2740 5636 quia
2765 5591 2869 5632 t‘ere
2889 5595 3048 5634 servus
3071 5586 3114 5630 et
3139 5567 3344 5640 Probus.
