4012 6210
439 356 504 409 87
1177 352 1230 407 S.
1271 349 1556 406 JOANNIS
1599 344 2085 403 (IllRYSOSTOMl
2128 343 2442 398 Alltlllliii’.
2485 343 2823 399 COX$T.\.\'1
2845 347 3015 401 INOP.
3642 356 3707 411 33

441 470 531 531 tis,
558 467 600 522 si
630 467 778 521 nulla
806 467 1061 536 nequitiae
1088 468 1353 536 lippitudo
1382 467 1571 521 oculos
1598 466 1791 519 utentis
1819 472 2012 516 vestta:

441 560 719 624 obscuret,
780 559 1011 628 ejusque
1045 560 1512 629 perspicacit..tetn
1548 558 1825 611 obturbet.
1868 556 2006 621 Quid

444 650 610 713 igitur
641 650 799 705 nobis
822 651 983 705 hodie
1012 655 1335 720 proponitur
1358 650 1629 704 ‘!Joannes
1656 649 2009 703 testimonium

440 741 668 810 perhibet
688 742 751 795 de
774 744 910 811 ipso,
931 753 977 797 et
999 744 1193 795 clamat
1218 743 1427 796 dicens:
1453 742 1550 795 llic
1573 750 1686 795 erat
1702 756 1851 811 quem
1874 740 2011 791 dimi:

441 833 543 899 Qui
567 844 680 900 post
709 851 790 886 me
821 835 980 898 venit,
1020 844 1141 887 ante
1170 852 1247 887 me
1278 835 1450 902 factus
1480 844 1574 896 est,
1602 834 1721 903 quia
1753 833 1899 900 prior
1932 846 2014 884 me

441 933 576 977 erat.
613 926 767 994 Saepe
810 924 895 977 hic
928 925 1258 993 evangelista
1287 923 1550 977 Joannem
1585 925 1727 976 ultro
1760 922 2011 991 citroque

442 1024 639 1073 Versat.
658 1018 883 1084 ejusque
908 1017 1272 1067 testiinonium
1301 1015 1635 1070 Cit't'ttmfct‘l.
1663 1014 1716 1067 Id
1751 1029 1880 1067 vero
1902 1028 2011 1066 non

428 1107 544 1158 sine
587 1119 744 1157 causa
770 1148 784 1169 ,
818 1106 911 1159 sed
954 1103 1239 1157 admodum
1279 1099 1565 1169 prudenter
1605 1106 1839 1166 Ρηιιεῑηι.
1878 1097 2011 1162 Quia

429 1198 570 1249 enim
601 1196 771 1250 Judaei
802 1197 971 1249 virum
1003 1210 1160 1263 supra
1189 1192 1402 1245 modum
1437 1189 1762 1243 mirabantur
1788 1188 1823 1257 (ι
1849 1203 1930 1239 aut
1958 1197 2013 1240 et

427 1285 690 1353 Josephus
716 1301 780 1339 ex
809 1285 926 1352 ejus
953 1299 1081 1338 nece
1108 1283 1301 1336 bellum
1331 1290 1503 1333 ortunt
1534 1288 1735 1342 narrat,
1768 1279 2012 1347 illiusque

428 1377 541 1429 neci
593 1375 949 1444 ntctropolcos
996 1375 1257 1429 excidium
1308 1372 1563 1425 adscribit
1595 1371 1667 1440 (η)
1695 1412 1708 1433 ,
1750 1385 1811 1423 ac
1856 1370 2021 1437 longo.

426 1485 671 1524 sermone
705 1469 888 1522 laudes
914 1468 1030 1536 ejus
1060 1465 1451 1537 prosequitur),
1484 1475 1536 1515 ιιι
1568 1462 1780 1516 Jud;eos
1810 1460 2011 1530 pudore

426 1560 713 1625 sull‘undat,
732 1559 1010 1613 Prodrotni
1039 1558 1395 1611 testimonium
1420 1557 1519 1609 iliis
1543 1554 1846 1623 frequenter
1866 1567 2013 1606 com-

427 1660 703 1703 memorat.
740 1649 805 1701 Et
834 1647 921 1701 alii
952 1647 1163 1716 quidem
1194 1647 1533 1715 evangelistae
1553 1687 1567 1707 ,
1603 1644 1737 1698 facta
1769 1652 2010 1697 veterum

427 1742 805 1809 prophetarum
836 1739 1124 1802 mentione,
1150 1738 1214 1791 ad
1243 1737 1445 1805 singula
1473 1735 2011 1806 gesta'eoremittunt

426 1824 719 1877 auditorem
751 1841 764 1877 :
794 1838 856 1876 ac
896 1824 1107 1891 quando
1139 1831 1292 1875 natus
1323 1830 1404 1874 est
1442 1820 1623 1873 dicunt
1656 1836 1669 1872 :
1704 1818 1814 1872 Hoc
1842 1828 2011 1871 autent

425 1923 582 1965 totum
624 1915 815 1982 factum
859 1921 969 1975 est,
999 1921 1051 1963 ut
1094 1911 1387 1979 impleretur
1430 1910 1565 1979 quod
1603 1910 1789 1963 dictant
1819 1919 1890 1963 est
1921 1925 2016 1979 per.

427 2003 612 2055 lsaiam
642 2004 940 2071 prapltetam
968 2002 1211 2055 dicentem
1234 2018 1252 2055 :
1278 2002 1408 2056 Ecce
1444 2002 1594 2071 Virgo
1622 2002 1674 2055 in
1703 2011 1843 2054 utero
1864 1999 2010 2053 liabe-

425 2094 511 2158 bit,
542 2106 587 2147 et
617 2095 777 2159 pariet
803 2095 963 2162 ﬁlium
985 2093 1197 2162 (Matth.
1232 2095 1252 2147 l
1290 2092 1403 2151 .92.
1428 2094 1517 2150 25.
1561 2092 1686 2146 Isai.
1719 2093 1770 2146 7.
1801 2093 1911 2160 14).
1944 2092 2009 2146 Ει

424 2202 543 2238 cttttt
588 2186 795 2240 insidiis
832 2194 1208 2254 appeteretur,
1247 2194 1313 2240 ct.
1341 2186 1411 2240 ita
1450 2186 1733 2255 diligenter
1776 2184 2007 2253 undith

425 2276 858 2345 perquireretur,
898 2285 956 2329 ut
1001 2276 1280 2330 immatura
1324 2277 1482 2331 etiam
1528 2286 1658 2331 tetas
1696 2276 1764 2330 ab
1796 2275 2007 2331 Herode

420 2365 769 2435 jugularetur,
803 2365 1089 2421 Jcremiam
1122 2366 1267 2420 illum
1299 2367 1429 2421 olim
1460 2366 1773 2436 pr0pltetam
1805 2368 1856 2421 in
1887 2381 2024 2422 mc--

424 2457 569 2509 dium
613 2454 877 2509 adducunt
914 2454 1179 2509 dicentem
1214 2473 1226 2509 :
1269 2455 1379 2511 Vox
1411 2458 1462 2509 in
1495 2456 1659 2510 [tanta
1687 2458 1865 2509 audita
1893 2465 2002 2522 est,

426 2544 735 2610 latitentatio,
763 2544 997 2612 ploratus
1018 2554 1063 2598 et
1091 2546 1317 2601 ululatus
1343 2546 1548 2611 multus,
1580 2546 1771 2601 Rachel
1799 2546 2005 2615 plorans

423 2634 557 2699 filios
584 2651 698 2688 suos
727 2633 859 2705 (Jer.
890 2637 978 2691 ⁸51.
1012 2636 1100 2705 l5)
1127 2652 1140 2699 ;
1173 2646 1225 2691 et
1253 2652 1375 2691 cum
1403 2653 1469 2691 ex
1504 2637 1735 2708 Egypto
1767 2636 2001 2703 rediret,

421 2727 611 2779 Useam
656 2726 927 2796 proferunt
969 2728 1047 2783 sic
1087 2728 1391 2798 loquentem
1419 2768 1433 2792 ,
1464 2728 1547 2781 Ex
1576 2727 1805 2798 Ac'gypto
1835 2728 2005 2783 vocavi

423 2818 583 2884 [ilium
632 2836 793 2871 meum
836 2820 1005 2892 (Osee
1048 2821 1133 2874 Η.
1178 2821 1237 2891 1)
1278 2838 1291 2874 :
1333 2831 1384 2875 et
1426 2821 1618 2890 ubique
1648 2821 1711 2874 ad
1759 2821 1896 2874 hunc
1927 2819 2003 2875 fa-

422 2910 567 2963 ciunt
607 2911 838 2964 tnoduut.
882 2912 977 2967 llic
1004 2928 1129 2967 vero
1151 2956 1164 2979 ,
1199 2921 1381 2983 utpote
1410 2913 1498 2982 qui
1538 2912 1815 2966 sublimius
1845 2927 2001 2981 quam

421 3002 505 3052 alii
544 3000 595 3054 lo
615 3013 817 3069 piatur,
846 3004 1038 3058 clarius
1066 3014 1221 3074 atque
1255 3006 1519 3059 recentius
1549 3005 1822 3074 proferens
1856 3004 2004 3059 testi-

420 3091 691 3154 monium,
722 3109 826 3149 non
857 3104 1091 3147 mortuos
1123 3104 1357 3157 tantum,
1388 3094 1478 3149 sed
1509 3104 1565 3149 et
1593 3096 1853 3149 viveulem
1874 3135 1886 3156 ,
1911 3094 1998 3163 qui

417 3196 539 3233 eum
570 3192 621 3233 ct
654 3192 965 3250 prasentem
998 3183 1307 3237 ostenderat
1330 3194 1383 3237 et
1411 3183 1786 3253 baptizaverat,
1816 3184 1867 3237 itt
1899 3199 2001 3238 tne-

415 3269 559 3323 tliutn
603 3270 923 3340 frequenter
945 3274 1199 3338 adducit;
1239 3290 1342 3327 non
1389 3290 1494 3343 quo
1540 3275 1816 3329 Dominum
1859 3276 1998 3330 servi

418 3361 721 3414 testimonio
755 3361 856 3415 fide
886 3362 1103 3431 dignum
1133 3364 1509 3432 comprobaret
1534 3404 1549 3427 ,
1576 3364 1669 3417 sed
1706 3373 1761 3416 ιιι
1787 3365 1996 3417 audito-

416 3470 529 3506 rum
561 3455 852 3509 iulirmitati
892 3469 948 3506 se
978 3464 1377 3523 attemperaret.
1408 3454 1555 3507 Sicut
1584 3456 1723 3507 enim
1756 3455 1852 3508 nisi
1886 3454 1995 3508 for-

416 3559 555 3596 mam
604 3545 741 3597 servi
794 3546 1127 3613 accepisset,
1181 3562 1284 3599 non
1333 3555 1583 3615 acceptus
1628 3546 1997 3618 admissusque

417 3637 601 3689 fuisset
625 3654 636 3687 :
662 3638 737 3689 sic
768 3638 866 3689 nisi
897 3638 1033 3691 servi
1069 3653 1198 3692 voce
1223 3652 1601 3691 conservorum
1630 3654 1787 3693 aures
1816 3655 1999 3693 assue-

418 3728 631 3782 l'ecisset
656 3770 669 3790 ,
700 3729 933 3782 maxima
967 3745 1087 3799 pars
1129 3728 1434 3785 JUdiCOI’UﬂI
1462 3771 1475 3794 ,
1508 3731 1739 3785 sermoni
1772 3746 1877 3787 non
1903 3732 1987 3787 ob.

416 3830 783 3888 tctnpcraSSct.

482 3916 539 3967 ξι.
581 3912 683 3965 Cur
717 3922 760 3967 et
792 3913 1041 3982 quomodo
1067 3913 1291 3967 Joannes
1324 3914 1548 3984 Baptista
1580 3915 1831 3969 Christum
1867 3932 1995 3985 prte-

414 4004 562 4057 tlicet.
587 4034 655 4042 ——
676 4004 753 4057 Ad
784 4004 897 4058 lucc
923 4005 1065 4060 aliud
1095 4006 1452 4075 apparabatur
1478 4023 1723 4075 magnum
1755 4017 1806 4060 et
1837 4008 1994 4059 mira-

414 4096 536 4149 bile.
571 4096 702 4163 Quia
748 4096 929 4161 enim,
974 4098 1060 4166 qui
1104 4097 1171 4152 de
1215 4098 1391 4167 seipso
1431 4112 1678 4167 maguum
1724 4097 1990 4166 quidpiam

412 4184 601 4251 elfert,
642 4194 923 4255 StlSpCCltlS
964 4196 1079 4257 est,
1122 4196 1174 4241 et
1212 4186 1509 4242 auditorum
1556 4187 1812 4256 plurimos
1851 4203 1992 4256 sa-pe

411 4275 664 4341 offendit;
694 4278 811 4333 ideo
835 4279 971 4332 alius
998 4280 1061 4333 de
1090 4280 1180 4333 illo
1205 4280 1576 4334 testiﬁcaturus
1597 4281 1820 4335 accedit.
1847 4281 1992 4333 Alio-

408 4369 534 4439 quin
564 4377 739 4421 autem
767 4410 782 4433 ,
811 4369 930 4438 quia
964 4371 1100 4424 solet
1129 4370 1408 4425 multitudo
1445 4370 1510 4424 ad
1544 4369 1852 4425 familiarem
1890 4371 1988 4424 sibi

408 4468 459 4513 et
485 4459 718 4511 innatam
744 4474 927 4513 vocem
958 4476 1259 4525 accurrere,
1291 4470 1471 4527 utpote
1495 4478 1649 4530 quam
1679 4462 1868 4515 melius
1896 4476 1993 4515 no-

409 4549 581 4603 verint
609 4566 622 4601 :
655 4548 774 4600 ideo
806 4563 903 4601 vox
946 4548 1012 4601 de
1052 4548 1182 4601 (uelo
1212 4549 1375 4601 semel
1416 4557 1507 4600 aut
1550 4550 1626 4603 bis
1656 4549 1833 4602 audita
1866 4558 1948 4603 est
1972 4590 1987 4613 ,

405 4654 507 4691 vox
560 4652 688 4692 vero
733 4636 954 4691 JOanuis
1000 4636 1445 4705 frequentissime.
1497 4637 1623 4690 Nam
1673 4638 1763 4706 qui
1810 4640 1987 4707 p0puli

407 4728 820 4782 imbecillitatem
862 4728 1219 4796 superabant,
1262 4738 1315 4781 et
1355 4744 1382 4779 a
1425 4730 1707 4783 sensilibus
1743 4732 1989 4785 onmibus

404 4820 637 4887 exetnpti
667 4828 839 4879 erant,
876 4820 1068 4889 quique
1098 4835 1381 4888 supernam
1415 4834 1597 4872 vocem
1625 4822 1808 4876 audire
1840 4832 1989 4890 pote-

400 4918 524 4963 rant
544 4948 557 4970 ,
588 4923 691 4959 non
719 4908 1003 4963 admodum
1036 4925 1168 4979 opus
1200 4911 1463 4964 habebant
1494 4912 1722 4965 humana
1748 4929 1761 4975 ;
1794 4914 1990 4982 quippe

398 4988 489 5077 μιαί
516 4997 637 5051 lmic
655 5000 874 5050 onmiuo
895 5000 1347 5070 obtemperabant,
1369 4982 1420 5055 δι
1440 5001 1507 5055 ab
1530 5002 1612 5054 illa
1636 5001 1982 5057 ducebantur.

404 5088 504 5152 Qui
557 5105 682 5144 vero
716 5087 889 5141 adhuc
921 5090 1058 5144 circa
1100 5092 1278 5145 infima
1316 5092 1697 5159 versabantur,
1729 5102 1784 5147 et
1820 5092 1984 5146 multa

467 5245 538 5304 (a)
561 5245 700 5315 Quod
719 5246 797 5294 hic
828 5244 945 5295 dicit
967 5244 1357 5315 Chrysostomus,
1381 5247 1642 5315 amentum
1664 5250 1983 5315 Jerosolymo-

402 5320 509 5354 rum
544 5308 787 5355 excidium
811 5309 1007 5356 Joannis
1029 5308 1249 5369 Baptistae
1283 5311 1391 5359 neci
1426 5308 1725 5371 adscribere,
1752 5308 1983 5362 non'om-

407 5371 517 5435 nino
536 5378 781 5435 consonat
812 5382 921 5417 cum
969 5371 1029 5435 iis
1059 5384 1169 5431 qua:
1202 5379 1361 5435 narrat
1393 5372 1632 5435 .losejbus
1665 5371 1696 5419 l.
1726 5374 1813 5430 18,
1838 5388 1882 5424 c.
1920 5377 1979 5435 6,

403 5432 481 5476 ubi
516 5431 647 5485 dicit,
672 5438 822 5477 totum
858 5433 1057 5479 Herodis
1082 5434 1350 5481 exercitum
1374 5431 1553 5482 caesuin
1586 5434 1736 5483 fuisse
1761 5431 1981 5486 ahAreta

406 5492 590 5553 Arabia;
617 5498 813 5539 I‘etra'a:
831 5504 955 5552 rege
975 5505 986 5538 :
1017 5501 1067 5540 et
1091 5492 1211 5539 ltauc
1229 5494 1433 5553 ehtdem,
1451 5509 1543 5543 non
1556 5503 1719 5545 autem
1739 5498 1982 5548 excidium

400 5551 823 5613 terowlvmorum,
847 5551 1043 5601 Joannis
1088 5557 1307 5612 Baptistae
1342 5551 1447 5604 neci
1481 5557 1721 5605 adscribit.
1760 5565 1854 5606 Mn
1889 5560 1979 5607 tle-

404 5620 694 5679 ti'tlll‘lulclll
718 5615 844 5661 inter
870 5615 996 5660 viros
1024 5613 1194 5679 doctos
1217 5615 1307 5679 ⁸(ιιιί
1345 5616 1468 5663 hunc
1492 5618 1695 5679 aesephi
1717 5618 1780 5666 de
1798 5627 1980 5670 Joanne

400 5672 606 5741 limitista
644 5674 798 5722 locum
831 5681 1111 5744 sustiectunt
1154 5673 1379 5744 habeant.
1416 5677 1503 5727 sed
1541 5672 1643 5727 hinc
1680 5678 1832 5730 fusius
1864 5694 1977 5744 per-

406 5735 542 5792 sequi
580 5750 672 5782 non
708 5744 781 5783 est
818 5736 1077 5795 pra‘sentis
1101 5734 1322 5783 instituti.

2124 465 2451 509 terrenarum
2486 470 2659 508 rerum
2690 456 2913 526 caligine
2948 456 3335 526 obtegebanlur
3356 502 3372 527 ,
3407 461 3505 516 hac
3536 462 3704 517 humi-

2122 544 2255 599 liore
2281 545 2501 611 egebant
2534 560 2678 599 Voce.
2712 548 2799 600 Sic
2821 562 2947 616 ergo
2976 547 3240 607 Joannes,
3272 550 3391 619 quia
3421 554 3705 609 sensilibus

2119 653 2179 692 se
2204 639 2433 709 undique
2458 640 2623 703 exuit,
2652 640 2916 710 magistris
2948 640 3249 697 hominibus
3274 646 3287 674 ³
3313 661 3445 713 opus
3473 662 3579 699 non
3609 646 3703 700 ha-

2119 728 2253 792 buit,
2286 730 2378 784 sed
2411 746 2473 785 ex
2503 732 2636 786 caelo
2665 732 2904 787 eruditus
2931 740 3032 786 est.
3065 732 3192 786 Nam
3222 736 3314 799 ait,
3344 735 3441 800 Qui
3472 739 3605 791 misit
3633 756 3706 793 me

2120 819 2375 887 baptizare
2411 821 2462 873 in
2489 837 2635 889 ‘aqua
2658 861 2672 883 ,
2714 821 2799 875 ille
2840 822 2965 875 mihi
3006 822 3173 875 dixit:
3200 823 3366 893 Super
3394 842 3541 893 quem
3574 829 3697 881 vide

2118 909 2189 961 ris
2228 909 2475 978 Spiritum
2517 910 2612 964 Dei
2650 911 3024 965 dzsceudentem
3050 954 3063 975 ,
3110 912 3191 965 Itic
3234 922 3325 965 est.
3367 913 3535 970 Juda-i
3580 933 3705 972 vero

2119 998 2291 1051 adhuc
2336 999 2601 1066 infantes,
2633 1000 2721 1070 qui
2770 1000 2836 1055 ad
2879 1000 3211 1055 altitudinem
3261 1002 3404 1057 illam
3444 1007 3703 1075 attingere

2120 1089 2353 1143 nondum
2398 1102 2640 1159 poterant
2666 1133 2679 1155 ,
2720 1093 2986 1147 hominem
3042 1092 3308 1148 habebant
3352 1098 3661 1166 magistrum
3688 1143 3703 1163 ,

2119 1193 2223 1231 non
2267 1193 2361 1232 sua
2392 1181 2470 1234 eis
2494 1221 2507 1243 ,
2540 1180 2631 1235 sed
2669 1181 2898 1234 ca'lestia
2943 1183 3365 1238 annuntiantem.
3408 1187 3544 1251 Quid
3577 1204 3703 1258 ergo

2120 1266 2202 1320 hic
2229 1269 2459 1338 loquitur
2477 1272 2498 1322 ’ἒ
2524 1269 2548 1322 Ι
2558 1287 2645 1339 pse
2666 1272 2999 1324 testimonium
3022 1273 3243 1341 perhibet
3264 1276 3327 1327 de
3347 1293 3424 1340 eo,
3450 1286 3497 1329 et
3517 1280 3703 1332 clamat

2118 1358 2305 1410 dicens.
2336 1360 2470 1426 Quid
2498 1360 2597 1414 sibi
2622 1361 2729 1414 vult
2758 1362 2905 1426 illud,
2931 1361 3170 1415 Clamat?
3190 1362 3319 1417 Cum
3345 1367 3555 1433 fiducia,
3580 1385 3700 1423 cum

2117 1448 2361 1505 libertate
2382 1494 2395 1515 ,
2428 1454 2570 1506 omni
2601 1453 2804 1522 abjecta
2833 1452 3113 1509 formidine
3143 1458 3417 1524 prmdicat.
3450 1459 3587 1527 Quid
3620 1472 3701 1516 te-

2116 1550 2286 1596 statur
2315 1553 2367 1597 et
2392 1544 2619 1598 clamat?
2650 1544 2751 1598 llic
2777 1555 2905 1610 erat,
2931 1546 3119 1616 inquit,
3144 1563 3289 1616 quem
3318 1550 3444 1613 diri,
3475 1553 3562 1617 qui
3590 1566 3701 1620 post

2116 1652 2195 1689 me
2220 1640 2367 1703 venit,
2397 1646 2515 1689 ante
2538 1654 2615 1690 me
2638 1637 2803 1705 [actus
2825 1646 2915 1703 est,
2940 1638 3057 1707 quia
3084 1638 3224 1708 prior
3246 1656 3323 1692 me
3347 1651 3471 1692 erat.
3500 1640 3701 1696 0hscu~

2116 1742 2233 1780 rum
2272 1736 2351 1781 est
2386 1728 2743 1782 testimonium
2770 1770 2784 1793 ,
2817 1738 2869 1781 et
2897 1728 3071 1783 adhuc
3103 1730 3256 1783 valde
3288 1714 3488 1789 humile
3516 1747 3577 1785 ac
3606 1733 3700 1786 de-

2115 1817 2356 1871 missum.
2399 1817 2512 1871 Non
2540 1819 2680 1873 enim
2705 1819 2881 1883 dixit,
2914 1819 3007 1873 llic
3033 1828 3113 1874 est
3144 1819 3309 1874 Fiiius
3344 1822 3431 1875 Dci
3461 1823 3701 1892 unigeni-

2116 1915 2199 1962 tus
2221 1908 2241 1938 ²
2269 1925 2281 1961 :
2316 1908 2407 1962 sed
2440 1908 2604 1976 quid?
2637 1908 2736 1961 llic
2761 1918 2868 1962 erat
2902 1926 3046 1978 quem
3078 1910 3187 1965 dixi
3212 1952 3224 1972 ,
3254 1913 3344 1981 qui
3381 1922 3490 1979 post
3525 1916 3654 1967 venit
3680 1958 3695 1979 ,

2112 2007 2229 2053 ante
2252 2016 2328 2053 me
2347 2001 2510 2069 factus
2539 2010 2631 2068 est,
2664 2002 2781 2071 quia
2811 2002 2950 2070 ptiar
2978 2018 3055 2055 me
3084 2013 3209 2055 erat.
3238 2002 3695 2070 Quemadmodum

2112 2092 2253 2145 enim
2280 2092 2602 2148 avicularum
2644 2104 2839 2148 matres
2876 2095 3049 2164 pullos
3076 2109 3202 2149 suos
3241 2111 3344 2150 non
3384 2098 3562 2151 statim
3600 2114 3696 2154 nec

2114 2195 2219 2233 uno
2259 2181 2345 2237 die
2374 2183 2580 2239 volandi
2611 2192 2778 2239 artem
2819 2193 2980 2237 totam
3020 2183 3281 2251 edocent,
3309 2186 3401 2241 sed
3432 2187 3604 2256 primo
3630 2204 3695 2243 ex

2112 2271 2237 2327 nido
2263 2272 2495 2329 educunt
2524 2284 2747 2339 tantum,
2775 2274 2969 2331 deinde
2995 2292 3023 2328 :t
3054 2276 3228 2330 volatu
3260 2278 3597 2346 requiescere
3625 2280 3695 2334 si-

2112 2374 2265 2430 nunt,
2293 2374 2411 2435 post
2433 2366 2499 2420 ad
2513 2367 2761 2425 tvolatum
2780 2377 3053 2433 exercent,
3070 2367 3269 2438 dieque
3290 2380 3498 2439 postera
3527 2372 3694 2427 multo

2110 2456 2281 2525 majus
2308 2457 2519 2512 volandi
2548 2459 2862 2513 exercitium
2887 2459 3109 2527 addunt,
3144 2463 3324 2529 sicque
3355 2465 3603 2533 paulatim
3631 2481 3693 2522 ac

2108 2548 2306 2601 sensim
2350 2548 2415 2602 ad
2465 2559 2849 2619 congruentem
2901 2551 3235 2606 altitudinem
3282 2552 3513 2608 educunt
3562 2574 3575 2608 :
3622 2558 3689 2610 ita

2112 2639 2296 2695 beatus
2322 2640 2552 2695 Joannes
2584 2657 2687 2697 non
2718 2643 2896 2697 statim
2928 2643 2994 2697 ad
3026 2645 3268 2698 sublimia
3296 2644 3507 2701 ittdteos
3534 2648 3691 2703 dcdtto

2109 2730 2220 2794 xit;
2252 2731 2344 2784 sed
2374 2732 2640 2802 paululum
2664 2748 2694 2788 e
2723 2743 2861 2788 terra
2889 2734 3067 2789 educit
3088 2746 3140 2790 ct
3166 2737 3343 2791 volare
3366 2737 3537 2802 docet,
3568 2754 3689 2795 cum

2108 2820 2181 2873 ait
2206 2861 2219 2883 ,
2246 2819 2515 2875 Christum
2542 2837 2597 2877 se
2626 2823 2900 2878 meliorem
2936 2839 3073 2879 esse.
3108 2824 3289 2895 Neque
3319 2828 3460 2881 enim
3504 2844 3689 2898 parum

2108 2906 2319 2962 interim
2371 2910 2500 2965 illttd
2542 2921 2688 2978 erat,
2726 2912 2866 2981 quod
2903 2913 3174 2968 auditores
3216 2915 3434 2971 credere
3474 2929 3692 2987 possent

2108 2998 2278 3063 illum,
2309 3001 2395 3070 qui
2427 3003 2659 3056 nondmn
2693 3003 2836 3058 visus
2864 3003 3069 3069 fuerat,
3103 3021 3198 3060 nec
3230 3006 3474 3061 miracula
3504 3009 3690 3064 edide-

2108 3099 2206 3151 rat,
2229 3106 2346 3143 esse
2371 3092 2623 3159 majorem
2644 3093 2866 3153 Joanne.
2889 3102 2993 3147 tam
3021 3096 3244 3149 mirabili
3268 3106 3319 3149 et
3343 3098 3527 3152 illustri
3553 3100 3689 3164 viro,

2104 3180 2169 3232 ad
2200 3197 2357 3249 quem
2386 3198 2572 3238 omnes
2597 3186 2983 3250 accurrebant,
3014 3203 3275 3256 quemque
3302 3191 3543 3257 angelum
3571 3206 3692 3245 esse

2107 3272 2379 3338 putabant.
2414 3272 2628 3330 Interim
2664 3292 2791 3330 vero
2830 3276 2878 3330 id
2918 3278 3216 3331 auditorum
3246 3280 3438 3335 animis
3465 3283 3692 3338 suadere

2104 3362 2396 3417 conabatur
2419 3405 2435 3429 ,
2464 3381 2610 3431 eum,
2643 3366 2711 3422 de
2739 3384 2842 3436 quo
2876 3369 3238 3425 testimonium
3272 3372 3649 3441 perhibebatur
3672 3418 3689 3442 ,

2103 3454 2415 3522 perhibente
2451 3457 2706 3525 majorem
2744 3473 2884 3523 esse,
2923 3476 2988 3513 eo
3035 3461 3121 3530 qui
3157 3461 3265 3530 jam
3304 3474 3520 3518 venerat
3565 3482 3691 3520 eum

2102 3545 2189 3612 qui
2220 3554 2472 3600 venturus
2504 3556 2650 3613 erat,
2680 3550 2967 3618 conspicuo
2993 3559 3046 3604 et
3076 3550 3266 3607 illustri
3294 3569 3413 3608 eum
3439 3555 3527 3624 qui
3557 3572 3692 3609 non-

2103 3634 2228 3686 dum
2255 3646 2570 3704 apparuerat
2600 3652 2719 3691 esse
2746 3641 3192 3707 prtrsutntiorem.
3226 3642 3358 3698 Vide
3382 3660 3537 3714 quam
3564 3662 3685 3715 pru-

2103 3724 2291 3778 denter
2322 3725 2681 3781 testimonium
2724 3728 2977 3797 proferat.
3018 3730 3129 3783 Non
3173 3744 3488 3800 praesentem
3528 3737 3695 3790 modo

2102 3816 2352 3882 ostendit,
2373 3817 2465 3872 sed
2488 3828 2770 3889 antequam
2791 3832 3044 3890 appareat
3068 3824 3338 3893 prredicat.
3366 3825 3497 3881 Illud
3519 3829 3688 3889 enim,

2107 3906 2201 3960 llic
2242 3917 2313 3961 est
2354 3925 2499 3973 quem
2539 3910 2681 3977 dixi,
2729 3912 2778 3965 id
2821 3913 3121 3982 significat,
3155 3920 3597 3985 quemadmodum
3635 3933 3691 3974 t-t

2102 3996 2377 4051 Matthteus
2417 3998 2491 4052 ait
2524 4017 2537 4053 :
2565 3998 2821 4055 Omnibus
2860 4002 2948 4072 qui
2995 4003 3058 4056 ad
3110 4020 3169 4058 se
3209 4007 3489 4061 veniebant
3537 4010 3689 4063 dice-

2099 4085 2187 4139 bat
2220 4104 2233 4139 :
2266 4085 2374 4154 Ego
2403 4088 2603 4158 quidem
2634 4090 2835 4159 baptizo
2862 4110 2947 4146 vos
2973 4095 3025 4147 iu
3054 4111 3187 4165 aqua
3215 4112 3233 4148 :
3260 4098 3348 4167 qui
3380 4109 3545 4150 autem
3576 4113 3690 4168 post

2098 4193 2176 4229 me
2203 4178 2352 4245 venit,
2381 4180 2562 4249 fortior
2588 4198 2664 4234 me
2689 4192 2781 4247 est,
2811 4185 2959 4249 cujus
2985 4202 3075 4254 ego
3103 4202 3204 4239 non
3233 4203 3344 4240 sum
3372 4190 3554 4257 dignus
3584 4193 3689 4243 sol-

2096 4282 2206 4320 vere
2237 4270 2507 4339 corrigiam
2539 4271 2864 4325 calceantenti
2895 4272 3126 4343 (Matth.
3164 4276 3216 4330 '5.
3251 4277 3307 4329 ll
3340 4276 3379 4346 ).
3419 4278 3524 4331 Cur
3552 4294 3689 4347 crio

2096 4369 2377 4429 antequam
2408 4370 2726 4431 appareret,
2761 4365 2827 4417 ita
2870 4364 3117 4435 loquutus
3145 4366 3265 4420 est?
3297 4366 3365 4422 Ut
3408 4378 3688 4437 acceptum

2096 4459 2237 4502 esset
2266 4453 2570 4518 apparentis
2598 4454 2960 4508 testimonium
2982 4498 2997 4520 ,
3023 4455 3129 4525 jam
3159 4456 3463 4512 auditorum
3492 4462 3690 4515 animis

2095 4537 2159 4591 ad
2188 4537 2289 4592 hoc
2316 4542 2584 4609 apparatis
2608 4558 2700 4611 per
2720 4542 2939 4598 Joannis
2959 4560 3261 4600 sermonem
3284 4563 3299 4611 ;
3332 4563 3462 4602 neve
3485 4546 3689 4605 Clitiin

2097 4629 2198 4681 vilc
2230 4629 2593 4683 indumentum
2621 4630 2861 4686 officeret
2899 4634 2997 4701 ipsi
3028 4634 3067 4686 ³.
3102 4634 3231 4688 Nam
3262 4636 3362 4690 nisi
3394 4637 3589 4705 aliquid
3618 4640 3690 4693 de

2096 4718 2304 4771 Christo
2329 4718 2603 4773 audissent
2630 4730 2912 4791 antequam
2944 4724 3089 4776 illmtt
3121 4724 3381 4791 viderent,
3414 4727 3513 4779 nisi
3546 4730 3689 4781 testi-

2094 4809 2326 4862 monium
2353 4809 2477 4863 illud
2505 4826 2751 4881 magnum
2776 4823 2827 4867 ct
2856 4814 3097 4869 mirabile
3120 4815 3304 4870 de’illo
3325 4818 3685 4886 accepissent,

2093 4899 2304 4955 habitus
2336 4902 2606 4957 humilitas
2638 4906 2814 4958 statim
2848 4905 3107 4961 dictorum
3136 4908 3483 4977 magnitudini
3515 4909 3690 4964 obsti-

2094 4992 2263 5048 tisset.
2299 4993 2540 5050 Christus
2565 4997 2707 5051 enim
2738 5007 2842 5051 tant
2877 4999 3031 5053 trivio
3060 5007 3113 5053 et
3140 5002 3341 5068 vulgari
3375 5002 3560 5056 ltabitu
3600 5004 3687 5057 in~

2091 5083 2347 5150 cedebat,
2377 5094 2434 5138 ιιι
2463 5094 2517 5141 et
2552 5087 2898 5142 Samaritaum
2926 5088 3179 5143 mulieres
3198 5131 3212 5154 ,
3241 5098 3296 5144 et
3331 5092 3650 5147 meretrices
3672 5135 3685 5159 ,

2091 5184 2144 5227 et
2176 5174 2438 5243 publicani
2471 5192 2590 5230 cum
2634 5192 2821 5246 magna
2853 5177 3099 5233 libertate
3122 5194 3184 5233 ac
3214 5180 3402 5236 fiducia
3433 5182 3498 5237 ad
3532 5182 3688 5240 illum

2092 5262 2412 5319 accederent
2441 5266 2720 5335 ipsumque
2746 5267 3163 5335 alloquerentur.

2154 5442 2171 5508 ξ
2206 5440 2345 5508 sarit.
2380 5442 2815 5508 habet,nmgistris
2838 5445 2963 5496 aliis.

2087 5502 2371 5624 ﬁu’mldcm,
2398 5513 2505 5568 post
2548 5502 2854 5567 bac'verba,
2884 5511 2971 5560 Det
3010 5509 3294 5575 wrigeuitus,
3330 5514 3483 5574 addit,
3532 5524 3677 5568 rem:

2154 5626 2171 5655 ³
2190 5624 2399 5695 ¹ιριιίιιειηι
2426 5628 2685 5695 hahettt....
2707 5628 2915 5695 alliceret
2940 5629 3033 5693 ipsi
3050 5668 3062 5685 .
3083 5632 3170 5681 sed
3194 5641 3243 5682 ut
3270 5644 3423 5695 posset
3442 5638 3673 5689 timerent

2086 5684 2149 5731 ab
2182 5684 2422 5755 hominum
2456 5690 2628 5741 animis
2650 5684 2834 5742 arcere.
2866 5693 2917 5741 ln
2945 5684 3100 5753 t'exttt,
3138 5684 3277 5743 Satal:
3303 5704 3354 5745 et
3381 5684 3673 5758 Atssrphtri;

2088 5759 2190 5794 mos
2214 5760 2480 5809 sequimur.
