4012 6198
253 221 327 275 ει,
1336 200 1400 270 in
1438 215 1745 271 JO.\.\'NE.\l
1790 212 2017 268 nomn.
2053 217 2189 274 xm.
2225 220 2293 274 al.
2337 221 2452 278 xu.
3482 241 3551 293 an

328 339 384 392 3.
414 338 484 393 Ct
516 349 647 404 ergo
686 331 794 386 dixi
821 373 834 392 ,
879 329 922 383 si
969 327 1083 382 ltmc
1110 328 1269 383 verba
1303 328 1460 382 simul
1502 329 1772 383 audissent
1804 337 1856 381 et

253 431 434 498 ipsum
460 426 739 483 vidissmt,
762 421 985 476 Joannis
1007 419 1366 475 testimonium
1393 420 1701 474 irrisisscnt.
1720 420 1852 473 Cum

254 531 387 572 vero
415 525 543 570 ante
573 513 771 568 Christi
803 511 1090 566 adventum
1124 509 1173 563 id
1203 524 1346 579 smpe
1374 509 1680 597 audissent,
1712 521 1762 565 et
1789 528 1852 565 ex

252 610 416 665 dictis
447 606 661 662 videndi
706 604 958 673 cupidine
1001 600 1250 655 concitati
1281 611 1461 655 essent
1481 641 1494 664 ,
1527 602 1851 655 contra-riunt

252 699 494 754 accidit:
518 712 691 766 neque
720 696 839 749 viso
870 692 963 747 illo
993 692 1061 747 de
1089 705 1196 761 quo
1222 691 1587 745 testimonium
1610 691 1852 761 pcrhihi-

255 801 369 843 tum
405 788 616 848 iuerat.
659 785 777 855 ejus
813 783 1112 837 doctrinam
1142 780 1485 850 abjecerunt,
1535 781 1628 837 sed
1656 798 1718 837 ex
1754 783 1853 835 title

254 896 420 951 quam
459 895 525 933 ex
555 877 714 931 dictis
743 883 1141 944 conceperant,
1191 872 1365 942 ipsum
1392 872 1668 927 clariorem
1699 883 1846 941 puta-

255 982 407 1027 runt.
442 970 575 1025 Illud
605 978 807 1031 autem,
844 967 945 1033 Qui
972 976 1082 1036 post
1112 982 1191 1019 me
1215 975 1455 1020 venturus
1484 974 1576 1031 est,
1606 964 1704 1019 hoc
1732 975 1814 1019 est
1834 1007 1848 1029 ,

257 1065 687 1135 praxiieaturus,
743 1075 882 1124 non,
936 1058 1163 1112 iuturus.
1224 1056 1335 1111 lloc
1379 1056 1520 1111 enim
1575 1055 1851 1110 Mattha'us

255 1170 470 1226 quoque
499 1152 769 1222 signiﬁestt
812 1165 933 1203 eutn
965 1148 1066 1210 ait,
1105 1147 1227 1200 Post
1258 1163 1337 1200 me
1360 1148 1490 1200 venit
1517 1147 1623 1214 vir;
1654 1164 1756 1201 non
1785 1149 1851 1202 de

255 1254 372 1314 ejus
398 1262 462 1299 es
488 1244 651 1298 Maria
676 1241 1027 1311 generatione
1051 1239 1294 1309 loquens,
1323 1237 1416 1292 sed
1439 1237 1506 1291 de
1530 1238 1758 1292 adventu
1785 1238 1848 1291 ad

256 1333 684 1407 pmdicandum.
717 1332 847 1386 Nam
875 1331 919 1385 si
948 1330 1014 1384 de
1042 1330 1385 1399 generatione
1412 1328 1659 1399 loquutus
1685 1339 1848 1395 esset,

255 1444 362 1481 non
384 1427 609 1479 dixisset
630 1424 698 1478 de
721 1421 995 1493 prmsenti,
1028 1420 1119 1475 sed
1147 1419 1213 1474 de
1243 1420 1512 1489 przeterito
1536 1436 1550 1480 ;
1571 1419 1678 1490 jam
1708 1424 1848 1474 enim

256 1531 419 1575 natus
446 1529 565 1574 erat
593 1516 840 1572 Christus
864 1556 880 1580 ,
914 1531 1034 1569 eum
1065 1514 1180 1569 iure
1209 1513 1440 1569 Joannes
1465 1514 1669 1569 diceret
1714 1514 1848 1581 Quid

255 1622 443 1667 autem
487 1609 748 1679 signiﬁcat
798 1606 961 1671 illud,
1012 1605 1141 1659 Ante
1185 1622 1262 1658 me
1299 1605 1466 1673 factus
1510 1605 1851 1659 est?(llarior

260 1715 465 1769 nempe
510 1713 571 1752 ac
610 1696 960 1767 splendidior.
1004 1694 1134 1749 Nam
1181 1694 1321 1765 quod
1368 1695 1515 1762 prior
1555 1694 1850 1763 praedicans

258 1794 500 1848 venerim
522 1805 641 1861 ego,
670 1804 739 1844 ne
767 1804 854 1842 me
878 1787 998 1841 ideo
1020 1785 1274 1855 majorem
1297 1800 1418 1841 esse
1441 1786 1670 1856 putetis:
1693 1786 1849 1856 longe

256 1885 438 1940 minor
462 1897 563 1953 ego
591 1896 711 1935 sum
733 1923 749 1946 ,
779 1890 833 1935 et
861 1893 1028 1949 usque
1060 1878 1195 1933 adeo
1222 1878 1432 1943 minor,
1461 1888 1519 1933 ut
1545 1894 1611 1933 ne
1633 1879 1849 1949 quidem

257 1977 401 2030 illius
430 1989 621 2030 scmus
656 1971 867 2028 censeri
912 1972 1105 2041 dignus
1145 1971 1269 2025 sim.
1308 1970 1369 2025 id
1415 1971 1556 2026 enim
1588 1972 1848 2041 signiﬁcat

256 2068 384 2122 illud
407 2109 421 2126 .
456 2069 588 2119 Ante
615 2080 696 2117 me
734 2065 899 2134 [actas
938 2070 1008 2116 est
1039 2078 1058 2117 :
1088 2060 1228 2131 Quod
1267 2062 1372 2115 alio
1414 2060 1647 2116 declarat
1690 2062 1848 2116 modo

254 2155 546 2211 blatthmus
576 2155 660 2208 his
686 2153 864 2206 Verbis
888 2191 904 2214 ,
957 2150 1077 2205 Non
1115 2168 1224 2206 sam
1253 2151 1438 2222 dignus
1465 2152 1657 2207 solvere
1683 2154 1846 2207 corri-

249 2250 393 2317 giam
421 2245 753 2300 calceamenti
781 2246 908 2316 ejus.
941 2242 1093 2311 Quod
1123 2259 1252 2298 vero
1293 2242 1443 2310 illud,
1494 2245 1622 2299 Ante
1649 2240 1729 2299 me
1768 2248 1850 2317 [n-

248 2352 366 2391 ctu
392 2347 489 2399 est,
520 2351 629 2391 non
657 2336 971 2405 intelligatur
990 2334 1057 2388 de
1078 2334 1276 2388 Christi
1303 2343 1442 2398 ortu,
1475 2350 1538 2389 ex
1567 2335 1669 2390 hoc
1693 2336 1846 2405 addi-

250 2438 507 2481 tamenta
532 2436 694 2496 patet.
729 2424 855 2479 Nam
875 2426 919 2479 si
942 2425 992 2479 id
1014 2425 1194 2480 dicere
1216 2425 1488 2483 voluisset.
1519 2427 1844 2497 superﬂuum

242 2519 451 2573 inisset
473 2518 528 2571 id
549 2517 688 2587 quod
714 2516 947 2580 additur,
973 2514 1107 2581 Quia
1131 2516 1272 2585 prior
1294 2533 1374 2569 me
1393 2526 1518 2571 erat.
1552 2516 1681 2585 Quis
1702 2520 1843 2573 enim

253 2610 326 2664 ita
342 2610 542 2665 stultus
562 2617 618 2663 et
639 2608 899 2677 insipiens
919 2614 1001 2662 est
1026 2615 1083 2660 ut
1109 2607 1339 2677 ignoret,
1370 2622 1493 2664 cum
1521 2608 1607 2677 qui
1638 2618 1760 2663 ante
1787 2624 1846 2664 se

253 2701 429 2757 [actus
457 2701 613 2755 fuerit
643 2716 701 2755 se
728 2700 959 2770 priorem
992 2700 1155 2753 esse?
1192 2698 1341 2767 Quod
1367 2700 1409 2752 si
1442 2699 1489 2753 id
1518 2699 1585 2755 de
1616 2701 1700 2756 illa
1729 2719 1845 2771 qua:

250 2807 378 2848 ante
408 2792 606 2846 smrula
633 2802 713 2845 est
739 2791 1049 2845 exsistentia
1079 2790 1421 2861 intelligatur,
1454 2790 1582 2845 nihil
1606 2793 1745 2847 aliud
1768 2796 1843 2848 si-

249 2886 473 2955 guiliCaI
498 2883 698 2937 dictum
727 2879 878 2947 illud,
908 2881 1008 2935 nisi
1041 2879 1163 2946 hoc,
1188 2879 1289 2945 Qui
1315 2891 1427 2951 post
1448 2898 1527 2935 me
1552 2883 1701 2950 venit,
1729 2895 1847 2940 ante

242 2993 333 3029 suc
355 2979 519 3047 {actus
538 2984 632 3028 est.
654 2973 907 3043 Alioquin
925 2981 1101 3027 autem
1120 2971 1221 3026 ltoc
1238 2970 1627 3028 inconsiderate
1648 2974 1844 3030 dictum

250 3078 444 3133 esset,
491 3076 546 3122 et
586 3080 745 3120 causa
770 3073 980 3120 temere
1009 3067 1241 3134 proiecta
1272 3064 1477 3121 fuisset.
1509 3064 1640 3120 Nam
1671 3068 1714 3119 si
1746 3066 1846 3120 hoc

238 3156 561 3228 signiﬁcare
587 3155 880 3222 voluisset,
924 3155 1193 3211 contrario
1221 3154 1383 3209 modo
1409 3168 1497 3210 res
1520 3155 1844 3211 enuntianda

248 3260 397 3313 erat,
422 3249 524 3316 Qui
552 3257 672 3318 post
705 3264 791 3302 me
818 3247 982 3312 venit,
1017 3246 1163 3317 prior
1183 3262 1270 3301 me
1290 3254 1427 3313 erat,
1459 3246 1582 3316 quia
1608 3255 1732 3301 ante
1761 3263 1846 3301 me

250 3341 426 3395 factus
445 3351 550 3395 est.
569 3338 704 3394 Nam
727 3337 866 3408 quod
888 3337 1102 3406 quidam
1131 3336 1274 3406 prior
1300 3335 1391 3403 sit,
1419 3335 1542 3405 jure
1567 3337 1687 3407 quis
1711 3336 1847 3392 hanc

250 3446 474 3487 causam
519 3428 764 3493 dederit,
811 3428 954 3499 quod
998 3427 1145 3497 prior
1178 3426 1349 3482 iactus
1377 3426 1484 3481 Sit‘
1507 3444 1520 3480 :
1545 3428 1685 3498 quod
1718 3443 1846 3483 vero

254 3526 410 3596 prior
450 3525 623 3579 [actus
651 3523 759 3579 sit.
793 3537 899 3576 non
930 3520 980 3575 id
1019 3521 1071 3575 in
1102 3535 1262 3575 causa
1304 3528 1385 3575 est
1414 3520 1553 3590 quod
1579 3521 1649 3575 sit
1679 3521 1843 3590 prior.

249 3614 409 3683 Quod
439 3629 568 3669 vero
595 3628 696 3668 nos
733 3612 957 3667 dicimus
977 3654 991 3675 ,
1026 3612 1175 3665 ﬁrma
1216 3611 1424 3665 ratione
1454 3612 1658 3667 nititur.
1686 3610 1846 3668 Scitis

247 3710 451 3778 quippe
477 3723 690 3771 omnes,
734 3721 840 3761 non
883 3704 1317 3767 manifestorum,
1358 3704 1451 3758 sed
1496 3705 1843 3760 ohseurormu

190 3840 203 3857 .
248 3812 475 3851 causam
507 3811 626 3852 esse
654 3811 869 3865 semper
896 3793 1242 3850 afferendatu.
1268 3793 1418 3862 Quod
1445 3794 1489 3848 si
1518 3793 1585 3848 de
1612 3795 1844 3849 essentia

249 3904 438 3944 sermo
463 3899 627 3952 esset,
659 3904 765 3943 non
798 3895 940 3942 esset
971 3887 1282 3951 obscurum,
1325 3900 1445 3940 cum
1477 3885 1564 3954 qui
1595 3885 1741 3955 prior
1771 3886 1847 3939 ia-

246 3991 376 4036 etus
394 3982 487 4035 sit.
510 3979 740 4049 priorem
764 3993 884 4033 esse
895 3987 1187 4048 oportere;
1214 3976 1337 4047 quia
1359 3986 1537 4030 autem
1560 3975 1626 4031 de
1644 3976 1847 4032 homrc

249 4074 500 4132 disserit,
525 4071 647 4139 jure
670 4085 790 4125 eam
817 4085 937 4139 qua:
965 4068 1244 4123 videbatur
1276 4067 1454 4121 inesse
1480 4065 1845 4122 difﬁcultatem

251 4162 435 4218 solvit.
464 4159 600 4215 Nam
628 4159 919 4215 verisimile
940 4170 1040 4222 est,
1073 4157 1271 4211 multos
1300 4156 1351 4210 in
1381 4155 1600 4210 dubium
1629 4167 1848 4211 vocatu-

255 4270 349 4308 νος
377 4269 521 4319 esse,
550 4268 649 4306 cur
672 4261 725 4306 ct
744 4266 846 4320 qua
869 4251 936 4305 de
950 4264 1114 4305 causa
1145 4250 1192 4303 is
1217 4248 1307 4319 qui
1331 4249 1593 4317 posterior
1612 4248 1845 4311 advenit,

257 4347 408 4413 prior
446 4346 549 4409 sit;
594 4341 650 4397 id
676 4352 757 4396 est
779 4384 794 4408 ,
843 4341 1209 4396 honorabilior
1242 4340 1386 4394 visus
1412 4340 1500 4394 sit.
1528 4338 1699 4408 ilujus
1723 4355 1851 4408 ergo

254 4437 576 4507 qna-stionis
603 4435 783 4490 statim
812 4448 1029 4489 causam
1074 4442 1128 4488 et
1160 4432 1478 4486 solutionem
1509 4431 1684 4495 allert,
1718 4432 1851 4498 Quia

254 4529 398 4595 prior
426 4544 510 4580 me
534 4537 664 4580 erat.
694 4525 876 4595 Neque
917 4525 1058 4579 enim
1080 4565 1096 4588 ,
1129 4524 1320 4594 inquit,
1350 4523 1579 4592 quodam
1612 4522 1850 4591 proiectu

250 4632 471 4683 auctus,
502 4634 589 4672 me
616 4618 791 4688 priore
815 4628 1106 4673 retrorsum
1128 4616 1361 4683 abjccto.
1384 4614 1527 4684 prior
1553 4614 1665 4683 ipso
1688 4613 1854 4668 lactus

250 4724 373 4775 cst;
408 4718 508 4765 sed
542 4708 696 4762 Prior
722 4726 801 4763 me
821 4717 950 4772 erat,
982 4707 1080 4763 etsi
1116 4702 1383 4775 posterior
1409 4704 1679 4759 adveniat.

330 4800 617 4869 Propheta
653 4798 825 4867 futura
864 4807 916 4852 ut
948 4798 1061 4868 jam
1092 4796 1230 4866 facta
1257 4812 1393 4866 serpe
1420 4795 1673 4849 nuntiant.
1695 4825 1767 4836 ——
1786 4793 1856 4849 Et

250 4890 571 4961 quomodo,
624 4890 868 4960 inquies,
913 4889 958 4943 si
1010 4887 1077 4942 de
1115 4887 1406 4957 conspicuo
1443 4885 1562 4958 ejus
1590 4885 1850 4950 adventu,

252 4986 433 5054 deque
479 4983 649 5053 gloria
692 4981 866 5051 ipsum
911 4989 1201 5050 exceptura
1250 4994 1429 5034 sermo
1465 4987 1568 5044 est,
1619 4977 1671 5032 id
1714 4978 1853 5047 quod

256 5074 501 5127 umidam
539 5072 702 5126 tinem
733 5082 1015 5142 accepant
1063 5080 1121 5125 ut
1157 5071 1268 5141 jam
1314 5070 1508 5125 factum
1557 5068 1720 5123 dicit?
1752 5087 1854 5122 non

252 5164 406 5218 enim
430 5163 563 5217 dicit
588 5203 601 5223 .
631 5162 743 5218 Fiet
767 5177 784 5227 ;
824 5162 918 5215 sed
940 5201 957 5227 ,
1000 5160 1190 5215 Factus
1235 5171 1328 5214 est.
1357 5159 1488 5226 Quia
1519 5159 1570 5214 id
1595 5159 1704 5229 jam
1731 5160 1855 5213 oliut

256 5254 549 5322 prophetis
574 5254 627 5306 in
655 5268 805 5306 more
826 5253 942 5315 iuit,
962 5253 1050 5321 qui
1077 5251 1147 5306 de
1174 5251 1368 5305 futuris
1395 5250 1555 5305 rebus
1575 5248 1728 5319 quasi
1746 5249 1854 5318 jam

250 5344 419 5399 laetis
450 5346 762 5413 Ισηιιιυιιω.
794 5344 928 5398 Nam
968 5344 1133 5398 isaias
1162 5343 1230 5398 de
1274 5358 1406 5398 nece
1437 5342 1577 5397 illius
1606 5341 1855 5412 loqurns,

252 5451 368 5489 m
410 5434 575 5499 dixit,
624 5435 922 5505 Tamquam
962 5436 1076 5490 ovis
1120 5436 1185 5490 ad
1230 5436 1555 5491 occisionem
1598 5434 1855 5499 ducetur,

249 5526 409 5598 quod
442 5524 684 5579 futurum
714 5536 859 5593 erat;
886 5527 1001 5593 sed,
1032 5525 1306 5597 Tamquam
1333 5529 1437 5583 oris
1463 5527 1531 5580 ad
1560 5528 1856 5582 occisionem

322 5664 341 5690 ι
388 5655 532 5717 ηπ,
561 5657 843 5720 ᾳκοάφγῦοιο
867 5660 1019 5718 factas
1050 5659 1138 5721 sit,
1157 5659 1331 5711 desunt
1358 5662 1404 5711 iu
1428 5658 1572 5712 Savil.

1964 330 2145 385 ductas
2192 344 2264 387 est
2304 334 2456 407 (lsai.
2507 337 2595 392 55.
2646 337 2728 407 7).
2774 340 2935 409 Atqui
2976 344 3208 399 nondunt
3241 346 3548 404 incarnatus

1963 435 2106 489 erat;
2136 426 2228 481 sed
2254 427 2303 481 id
2327 429 2465 497 quod
2496 428 2728 484 futurum
2747 443 2883 496 erat,
2912 434 3167 504 propheta
3185 439 3334 509 quasi
3354 439 3547 496 factum

1962 526 2163 571 narrat.
2213 519 2275 572 Et
2308 520 2470 574 David
2514 537 2729 577 crucem
2756 524 3094 594 signiticans,
3125 544 3227 583 non
3257 530 3386 585 dixit
3408 550 3419 582 :
3442 532 3546 587 Fo-

1961 606 2107 661 dieut
2153 624 2342 663 manus
2383 627 2529 667 meas
2572 622 2625 666 et
2673 613 2836 684 pedes
2874 630 3054 680 meos;
3104 617 3230 682 sed,
3284 618 3548 676 Foderant

1960 716 2140 754 manus
2177 718 2313 757 meas
2357 712 2403 756 et
2441 704 2591 772 pedes
2631 720 2801 770 meos;
2837 714 2910 771 et,
2958 705 3246 762 Divisi-runt
3273 711 3368 764 sibi
3394 715 3544 766 vesti-

1960 801 2125 842 menta
2143 806 2270 855 mea,
2296 799 2340 843 et
2361 809 2511 862 super
2529 803 2708 847 vestem
2732 811 2889 847 meam
2912 798 3153 851 miserunt
3172 808 3355 852 sortem
3370 801 3388 868 (
3399 800 3540 855 l’sal.

1956 879 2045 932 2|.
2078 883 2167 937 Π.
2197 891 2242 934 et
2274 881 2383 953 19).
2440 883 2506 937 Et
2550 882 2618 938 de
2665 885 2937 952 proditore
2978 887 3138 941 verba
3178 887 3411 954 ﬁacietts,
3452 892 3542 959 qui

1960 975 2190 1028 nomium
2228 983 2388 1030 natus
2429 985 2576 1040 erat,
2620 977 2697 1032 sic
2736 977 2964 1045 aitzQai
2992 979 3167 1033 edebat
3194 998 3347 1050 panes
3374 998 3539 1047 meos,

1959 1067 2299 1136 magni/ienuit
2329 1084 2480 1138 super
2520 1085 2599 1122 me
2625 1069 3082 1138 supplantationem
3110 1070 3278 1143 (Psal.
3308 1074 3397 1129 40.
3430 1074 3539 1143 10).

1958 1156 2216 1209 Similiter
2246 1165 2298 1210 et
2324 1156 2390 1210 dc
2428 1157 2493 1211 iis
2531 1174 2649 1226 qua:
2687 1160 2737 1211 iu
2765 1173 2923 1213 crure
2953 1160 3289 1230 Contigerant
3317 1164 3540 1232 loquens

1957 1245 2120 1299 dicit:
2147 1245 2403 1299 Dederunt
2428 1248 2479 1300 iu
2506 1263 2668 1299 escam
2695 1264 2856 1301 nteant
2887 1247 2976 1319 fet,
3004 1259 3051 1302 et
3080 1250 3131 1301 in
3158 1251 3240 1304 siti
3266 1268 3374 1304 mea
3397 1262 3541 1320 pota-

1957 1345 2133 1388 t'crunt
2162 1352 2238 1388 me
2259 1344 2398 1388 aceto
2426 1334 2595 1403 (Psal.
2628 1337 2718 1390 68.
2744 1336 2862 1407 22).

2027 1427 2061 1481 4
2117 1426 2383 1481 Conclusio
2408 1442 2427 1481 :
2448 1428 2546 1481 vita
2579 1429 2707 1481 bona
2728 1468 2742 1493 ,
2783 1429 3060 1499 gratiarum
3105 1431 3237 1484 actio
3258 1471 3273 1496 ,
3326 1432 3540 1493 caritas,

1956 1518 2388 1571 commendantur.
2433 1517 2580 1571 Dona
2621 1534 2684 1572 ea:
2716 1519 2903 1589 rapina
2944 1519 3399 1587 imprdbantur.—-
3420 1521 3542 1574 Vul-

1951 1608 2093 1662 tisne
2132 1607 2234 1661 alia
2278 1607 2591 1662 inducamus
2612 1650 2627 1673 ,
2660 1622 2726 1661 an
2757 1608 2871 1662 hrrc
2902 1608 3052 1662 vnhis
3077 1619 3203 1664 sunt
3233 1611 3398 1665 satis?
3422 1611 3539 1680 Ego

1954 1714 2082 1757 sane
2112 1702 2362 1756 arbitror.
2387 1701 2518 1757 Nam
2543 1703 2585 1757 si
2614 1717 2718 1757 non
2740 1702 2903 1756 latins
2917 1701 3098 1757 locum
3114 1704 3537 1773 exploravimus,

1954 1809 2085 1850 sane.
2108 1794 2421 1862 profundius
2446 1796 2666 1850 scrutati
2691 1810 2875 1849 sunms
2902 1812 2917 1849 :
2943 1809 3041 1849 nec
3069 1795 3244 1849 minor
3264 1796 3362 1850 hac
3382 1797 3432 1849 in
3456 1812 3536 1856 re.

1955 1904 2115 1957 quam
2147 1887 2198 1942 iu
2229 1888 2347 1954 illa,
2378 1887 2529 1943 labor
2554 1896 2668 1953 est;
2702 1901 3058 1956 veremurque
3085 1902 3152 1941 ne
3182 1887 3223 1941 si
3256 1903 3346 1939 vos
3373 1888 3423 1940 iu
3455 1890 3537 1939 his

1953 1979 2067 2033 sine
2086 1979 2246 2034 modo
2261 1979 2615 2046 detineamos,
2635 1977 2905 2033 histidium
2926 1977 3316 2047 ingeucretnus.
3342 1976 3537 2044 Quam-

1956 2072 2169 2137 obrem,
2199 2070 2270 2125 uti
2311 2086 2405 2140 par
2454 2079 2568 2137 est,
2610 2069 2770 2124 linem
2808 2068 3018 2124 dicendi
3064 2068 3340 2123 faciamus.
3398 2068 3529 2136 Quis

1956 2176 2117 2232 porro
2142 2160 2259 2216 linis
2285 2168 2368 2215 est
2394 2159 2807 2230 congruentior?
2831 2159 2883 2214 Si
2912 2157 3091 2213 debita
3125 2159 3232 2213 Deo
3255 2158 3424 2228 gloria
3454 2174 3537 2211 re-

1957 2251 2186 2317 feratur;
2219 2267 2324 2306 non
2350 2250 2524 2306 verbis
2566 2259 2769 2304 Lautum
2790 2290 2804 2313 ,
2837 2248 2932 2304 sed
2977 2248 3144 2302 multo
3169 2248 3333 2318 magis
3360 2250 3534 2317 operi-

1954 2344 2075 2398 bus.
2109 2343 2327 2409 Luceat,
2373 2344 2542 2413 inquit
2564 2384 2579 2409 ,
2608 2344 2699 2395 lux
2738 2351 2901 2396 vestra
2925 2358 3094 2395 coram
3134 2341 3449 2405 hominibus,
3484 2349 3536 2392 at

1955 2438 2152 2491 videant
2173 2453 2325 2507 opera
2345 2445 2504 2489 vestra
2525 2435 2671 2496 bona,
2702 2443 2748 2487 cl
2774 2434 3055 2504 glorificent
3087 2430 3290 2485 Patrem
3320 2443 3533 2486 restrain

1953 2530 2040 2599 qui
2067 2530 2117 2582 in
2143 2529 2277 2583 caelis
2299 2538 2369 2580 cst
2389 2525 2599 2595 (Matth.
2623 2526 2678 2582 5.
2707 2526 2815 2594 16).
2842 2524 2981 2579 Nihil
3007 2525 3147 2579 enim
3171 2522 3499 2591 splendidius
3517 2560 3531 2584 ,

1953 2620 2163 2684 dilecte,
2196 2619 2399 2689 optimo
2426 2617 2549 2670 vita:
2590 2616 2856 2670 instituto.
2902 2615 3013 2669 lloc
3051 2614 3264 2683 sapiens
3308 2613 3396 2667 ille
3433 2611 3530 2663 de-

1954 2713 2119 2767 clarat
2145 2729 2156 2763 :
2186 2710 2296 2765 Via:
2321 2718 2485 2765 autem
2500 2710 2759 2779 jnslorttm
2786 2717 2839 2761 ut
2863 2708 2953 2761 lux
2976 2706 3239 2777 splendent
3272 2703 3449 2775 (Prov.
3476 2704 3529 2754 λι.

1956 2804 2066 2874 l8).
2108 2800 2403 2872 Splendeat
2445 2810 2593 2854 certe
2640 2813 2745 2853 non
2788 2799 2853 2851 iis
2897 2798 3057 2851 modo
3100 2796 3188 2867 qui
3240 2811 3331 2864 per
3372 2809 3532 2865 opera

1955 2896 2131 2950 lumen
2164 2892 2483 2953 accendunt,
2526 2901 2579 2945 ct
2618 2890 2683 2945 ad
2717 2899 2915 2945 rectam
2945 2889 3143 2943 tlneuut
3171 2890 3330 2954 viam,
3359 2888 3450 2942 sed
3481 2898 3537 2940 et

1956 2987 2141 3042 vicinis
2172 3000 2374 3040 eorum.
2423 2983 2763 3035 lul'uudatnus
2789 2997 2914 3051 ergo
2944 2983 3121 3036 oleum
3153 2979 3301 3035 hisve
3326 2980 3529 3047 lampa-

1954 3077 2129 3140 dibus,
2164 3085 2219 3128 ut
2249 3073 2528 3127 sublimior
2554 3073 2615 3124 sit
2648 3072 2806 3140 ignis,
2830 3078 2883 3124 et
2909 3072 2996 3124 lux
3023 3079 3275 3139 appareat
3301 3069 3533 3138 locuple-

1957 3169 2076 3222 tior.
2112 3167 2222 3221 iloc
2252 3165 2391 3220 enim
2419 3164 2592 3218 oleum
2623 3179 2725 3216 non
2756 3175 2895 3216 nunc
2927 3170 3127 3215 tantum
3158 3174 3400 3230 magnam
3430 3160 3533 3213 vim

1955 3258 2134 3322 habet,
2164 3256 2255 3311 sed
2294 3270 2415 3310 cum
2445 3254 2604 3308 etiam
2654 3252 2911 3307 sarrilicia
2957 3250 3230 3315 threrent,
3263 3249 3454 3303 mirum
3486 3252 3535 3301 in

1954 3349 2167 3404 naulum
2204 3347 2451 3402 \irtutem
2502 3344 2713 3398 illorqu
2758 3342 2994 3412 (rohavit
3023 3361 3035 3396 :
3061 3357 3184 3395 nam
3220 3340 3328 3394 ait:
3357 3339 3536 3393 Oleum

1952 3443 2083 3494 enim
2129 3437 2240 3491 colo
2286 3446 2329 3489 et
2372 3452 2470 3490 non
2509 3432 2914 3504 sacri/ieinm(a)
2954 3432 3109 3505 (Osce
3147 3437 3199 3486 1).
3247 3431 3301 3486 6.
3344 3430 3528 3483 Matth.

1952 3530 2007 3586 Ξ).
2054 3529 2162 3597 15).
2198 3526 2263 3580 Et
2305 3525 2497 3579 merito
2525 3524 2762 3592 quidem.
2802 3522 2932 3578 lllttd
2981 3523 3121 3577 enim
3169 3524 3334 3576 altare
3366 3523 3537 3575 inani-

1954 3629 2151 3675 matutn
2193 3625 2329 3671 erat.
2366 3617 2466 3670 hoc
2492 3631 2619 3670 vero
2644 3616 2935 3669 animatum
2964 3626 3044 3669 est
3071 3632 3082 3667 :
3109 3625 3158 3668 et
3193 3614 3296 3667 illic
3320 3614 3533 3683 quidem

1953 3707 2203 3780 quidquid
2235 3707 2539 3777 impositum
2569 3715 2669 3767 est,
2701 3706 2819 3775 igne
2846 3707 3194 3768 consumitur,
3224 3705 3273 3759 in
3301 3705 3535 3760 cineri-iu

1951 3801 2062 3855 altit
2083 3840 2097 3864 ,
2140 3807 2298 3869 atque
2327 3796 2615 3852 cll'utztlitur
2638 3838 2652 3861 ,
2684 3796 3082 3865 dissiilutnsque
3114 3796 3286 3848 fumus
3317 3796 3367 3848 in
3395 3794 3534 3847 neiis

1955 3902 2198 3947 naturam
2231 3889 2421 3944 transit
2446 3906 2458 3941 :
2487 3889 2572 3942 hic
2601 3903 2728 3943 vero
2756 3887 2887 3941 nihil
2917 3887 3124 3951 simile;
3154 3887 3247 3941 sed
3276 3885 3410 3941 alios
3439 3886 3540 3938 fort

1957 3986 2179 4037 fructus.
2205 3980 2331 4035 lianc
2354 3979 2547 4033 Paulus
2571 3978 2894 4041 declaravit;
2924 3994 3042 4032 cum
3070 3978 3211 4032 enim
3238 3977 3537 4030 Corinthio-

1955 4090 2107 4141 rum,
2141 4073 2230 4143 qui
2265 4085 2553 4142 pauperum
2586 4069 2807 4123 studiosi
2839 4078 3027 4135 erant,
3072 4069 3353 4123 thesauros
3378 4082 3538 4121 enar-

1956 4171 2119 4226 raret,
2149 4161 2264 4215 haec
2287 4159 2500 4227 scripsit
2525 4176 2538 4211 :
2567 4157 2819 4222 Quoniam
2854 4159 3185 4211 ministerium
3216 4157 3367 4227 Itujus
3393 4157 3540 4225 oﬂicii

1956 4271 2055 4307 non
2098 4254 2261 4306 solum
2299 4251 2498 4319 supplet
2541 4266 2600 4302 ca
2639 4264 2752 4318 qua:
2799 4249 2977 4302 desunt
3005 4249 3227 4311 sanctis,
3272 4247 3361 4301 sed
3388 4248 3538 4301 etiam

1956 4341 2179 4395 abundat
2208 4356 2297 4409 per
2321 4339 2505 4392 multas
2529 4340 2805 4409 gratiarum
2834 4338 3057 4392 actiones
3096 4335 3154 4392 D.
3172 4354 3201 4391 ο
3230 4337 3303 4408 (2.
3333 4334 3452 4393 Cor.
3482 4337 3533 4390 9.

1960 4430 2079 4502 1‘2);
2111 4444 2173 4484 ac
2198 4444 2433 4492 rursum,
2465 4426 2818 4497 Clori/icantcs
2841 4424 3003 4481 Deum
3032 4429 3084 4481 in
3111 4428 3391 4482 obedientia
3418 4446 3539 4482 roa-

1957 4523 2186 4592 fessionis
2213 4532 2386 4575 t'estrte
2428 4521 2479 4574 in
2512 4521 2788 4592 erangelio,
2818 4531 2865 4575 et
2902 4522 3225 4591 simplicitate
3266 4525 3543 4575 communi-

1957 4613 2168 4667 cationis
2209 4623 2387 4667 vestrm
2429 4615 2481 4665 in
2531 4613 2668 4679 illos,
2714 4626 2759 4667 et
2795 4613 2847 4667 in
2890 4629 3097 4677 anates,
3138 4622 3185 4666 ct
3224 4614 3275 4666 in
3320 4615 3544 4684 ipsorat"

1960 4705 2299 4758 obsecratione
2328 4720 2419 4775 pro
2454 4704 2589 4758 vobis
2611 4747 2623 4768 ,
2652 4705 3043 4759 desiderantium
3072 4719 3155 4758 eos
3183 4703 3342 4777 (Ibid.
3373 4721 3420 4760 υ.
3459 4705 3541 4759 15.

1966 4807 2014 4851 ct
2049 4797 2161 4866 Η).
2194 4795 2381 4850 \‘idru‘
2405 4798 2554 4851 illum
2585 4797 2634 4850 iu
2665 4799 2953 4868 gratiarum
2984 4797 3247 4853 actionem
3275 4798 3542 4864 desinere,

2024 4976 2098 5040 (a)
2133 4975 2189 5027 In
2212 4983 2373 5027 Greco
2393 4983 2534 5040 textu
2556 4975 2757 5040 legitur,
2782 4986 2936 5040 mam...
2954 4989 3015 5028 ut
3044 4989 3086 5029 es
3110 4990 3248 5035 huic»,
3265 4977 3540 5030 misericor-

1962 5035 2173 5101 iam...
2186 5045 2237 5101 et
2253 5050 2348 5088 non
2369 5035 2680 5101 sacri/icium.
2707 5037 2778 5087 liv
2804 5039 3123 5101 similitudine
3144 5053 3311 5089 vocum
3329 5052 3428 5090 ιλιον
3452 5054 3541 5090 nu-

1961 5099 2295 5164 sericordiam,
2317 5106 2370 5149 et
2393 5098 2512 5164 ante;
2527 5099 2705 5164 aleam,
2729 5112 2840 5164 qua:
2860 5098 3192 5164 Chrysostomi
3216 5108 3439 5162 tempore
3466 5117 3550 5164 eo-

1959 5161 2074 5210 dem
2106 5161 2249 5224 modo
2268 5161 2716 5224 pronuuthtimtttur,
2743 5160 2920 5224 factum
2937 5160 3030 5224 {ut
3051 5160 3274 5224 quadam
3299 5160 3461 5224 exemi
3482 5163 3550 5211 la-

1961 5224 2032 5271 ria
2054 5229 2216 5288 (mea
2239 5221 2456 5288 hiemum
2480 5221 2739 5288 haberent,
2766 5228 2819 5288 e_t
2840 5221 3133 5288 fortassisin
3154 5223 3322 5288 priscis
3339 5221 3548 5288 Chryso-

1962 5284 2105 5348 stomi
2131 5284 2649 5348 exemtrlaritutszum
2681 5283 2759 5332 hic
2790 5281 3071 5348 legebatur.
3093 5281 3251 5348 sorte
3278 5281 3550 5348 liquet't'oe

1965 5342 2263 5409 laconicum
2283 5341 2526 5409 intelligi,
2553 5351 2608 5409 et
2636 5344 2761 5409 hanc
2794 5341 3055 5409 lectionem
3091 5346 3167 5409 hic
3185 5341 3553 5409 Clay-sistam",

1963 5406 2213 5469 adhibuit,
2229 5407 2312 5468 qui
2347 5403 2646 5469 alternatim
2672 5407 2844 5469 utitur,
2859 5407 2941 5469 ubi
2974 5406 3049 5469 de
3073 5403 3406 5469 misericordia
3438 5419 3547 5469 agt-

1965 5474 2062 5525 tnr,
2084 5474 2139 5516 ut
2159 5467 2218 5515 ad
2236 5463 2493 5528 Stagirium
2518 5463 2551 5512 l.
2583 5467 2624 5521 Ι,
2648 5475 2779 5515 'rom.
2799 5467 2843 5524 t.
2857 5466 2948 5515 col.
2963 5467 3071 5525 457,
3089 5473 3138 5516 et
3161 5468 3305 5525 alibi;
3328 5469 3418 5517 sed
3442 5463 3552 5528 quia

1966 5528 2046 5577 hic
2077 5540 2195 5577 ωηο-ο
2216 5526 2372 5577 oleum
2396 5526 2454 5574 ad
2479 5528 2660 5577 seriem
2695 5541 2832 5577 suam
2863 5528 3136 5590 aptabatur,
3160 5528 3284 5577 hanc
3305 5526 3546 5588 sequutus

1970 5605 2048 5645 est
2072 5597 2350 5661 lectionem.
2382 5593 2447 5661 in
2479 5595 2692 5661 ili-lineo
2728 5608 2891 5648 autem
2937 5597 3118 5661 legitur
3145 5593 3454 5648 ’I'l'JSi'l'iDi'l
3476 5595 3552 5657 ν),

1975 5673 2087 5726 (μω
2105 5657 2237 5709 misr:
2252 5655 2487 5708 icordiam
2514 5660 2654 5710 rotat.
