4012 6210
475 277 535 330 91
1215 267 1268 322 S.
1311 265 1588 320 JOANNIS
1626 259 2096 319 CIIRYSOSTOXH
2131 260 2444 313 ARCHIEI‘.
2478 262 3005 318 (IONSTANTLVUP.
3697 276 3771 324 ξιξ,

478 399 529 443 et
561 387 613 440 in
649 384 742 440 Dei
774 381 1014 450 laudem;
1049 382 1100 436 in
1135 381 1439 451 frequentes
1470 394 1654 433 eorum
1688 376 2057 448 precationes,

480 478 570 547 qui
604 474 862 530 beneficia
890 481 1227 544 acceperunt,
1261 473 1310 525 in
1345 471 1719 526 lerrentiorem
1750 466 2064 522 caritatem?

481 568 854 622 Sacriliccmus
885 580 1045 635 ergo,
1076 564 1254 617 dilecti
1281 604 1296 627 ,
1345 561 1709 616 sacrificemus
1747 559 1982 628 quotidie
2011 559 2061 610 in

485 659 630 711 hisee
658 658 788 710 aris.
820 656 931 710 Hoc
956 656 1150 724 quippe
1176 654 1496 708 Sacriﬁcium
1517 695 1530 716 ,
1561 662 1614 706 et
1643 651 1886 721 precibus
1911 661 1963 704 et
1985 651 2066 717 je-

479 749 630 813 junio
656 759 706 801 et
741 747 922 800 multis
962 746 1080 800 aliis
1111 745 1448 814 [ll'LIBblﬂllllllS
1479 751 1596 805 est;
1645 742 1768 794 dum
1814 756 1879 794 ex
1918 741 2064 810 justo

483 839 653 904 luero,
701 854 765 891 ex
810 836 968 906 justis
1023 836 1293 891 laboribus
1336 834 1618 904 procedat,
1668 844 1721 888 et
1772 833 1944 886 onmis
1996 833 2066 886 sit

479 945 673 999 evpers
702 929 965 990 avaritiae,
1002 930 1221 998 rapinae,
1256 928 1540 980 violentim.
1569 926 1726 980 Tales
1751 926 1891 980 enim
1921 925 2066 979 obla-

481 1024 651 1074 tiones
695 1021 923 1075 admittit
970 1021 1160 1082 lleus';
1212 1028 1434 1071 ceteras
1474 1028 1654 1070 autem
1696 1026 1974 1070 aversatur
2013 1022 2066 1067 ct

483 1112 613 1164 odit.
656 1112 838 1181 Neque
881 1111 1020 1163 enim
1052 1110 1164 1162 vult
1204 1125 1266 1162 ex
1295 1109 1520 1161 aliorum
1551 1107 1941 1160 calamitatibus
1971 1107 2066 1157 ho-

483 1205 682 1258 norari.
704 1205 970 1272 lmpnrnm
997 1217 1223 1271 namque
1249 1203 1633 1268 prolannmque
1655 1210 1736 1253 est
1762 1198 2062 1267 ltuju~modi

477 1296 818 1359 sacriﬁcium,
855 1296 1126 1362 Deumque
1160 1294 1331 1361 potius
1360 1293 1662 1353 irritaverit,
1696 1306 1855 1362 quam
1891 1291 2065 1359 placa-

480 1386 635 1440 verit.
687 1385 1026 1453 Quapropter
1068 1384 1212 1436 onmi
1262 1383 1437 1436 studio
1483 1382 1790 1436 enitendum
1833 1393 1946 1446 est,
2000 1397 2066 1436 ne

479 1477 655 1530 cultus
686 1476 919 1539 neruiue,
948 1490 1106 1546 quem
1135 1473 1399 1528 honorare
1427 1473 1692 1537 volmnus,
1726 1472 1921 1541 probro
1949 1470 2065 1524 alli-

480 1572 701 1632 ciamns.
727 1570 780 1620 Si
806 1570 947 1622 enim
967 1569 1118 1631 Cain,
1135 1569 1221 1637 qui
1241 1583 1302 1621 ea
1321 1584 1439 1636 qum
1462 1566 1726 1621 inferioris
1744 1566 2066 1620 conditionis

479 1669 634 1714 erant
658 1659 871 1724 obtulit,
907 1675 1002 1712 nec
1029 1660 1332 1728 quempiam
1366 1658 1593 1719 laeserat,
1627 1667 1894 1712 extremas
1919 1657 2066 1711 dedit

483 1765 702 1818 plenas;
732 1764 852 1803 cum
886 1748 1008 1818 quid
1033 1765 1100 1803 ex
1126 1749 1306 1818 rapina
1340 1757 1390 1802 et
1420 1749 1636 1801 avaritia
1667 1747 2056 1812 obtulerimns,

483 1857 658 1895 aimon
687 1842 935 1912 grmiora
969 1841 1274 1909 patiemur?
1319 1841 1444 1895 Ideo
1479 1855 1707 1909 namque
1743 1840 1881 1894 Deus
1907 1837 2066 1909 hujus

543 2040 556 2069 ί
595 2037 650 2086 ιιι
674 2037 834 2088 uorel.
861 2037 1043 2100 legitur
1068 2052 1080 2087 :
1110 2038 1241 2088 Tales
1258 2038 1385 2089 enim
1408 2037 1559 2089 solum
1578 2036 1837 2089 oblationes
1856 2037 2065 2089 admittit

484 2108 622 2146 heus.

509 2112 549 2148 Μ’
554 2113 622 2148 us.

487 2204 566 2216 ~—

567 2207 3635 2230 Wm-

2173 374 2420 443 praeeepti
2454 376 2749 440 rationem,
2785 378 2938 431 nobis
2967 378 3275 446 declaravit,
3298 391 3354 436 ut
3385 384 3764 451 misereamnr,

2172 479 2273 516 non
2304 475 2356 517 nt
2386 478 2675 520 conservos
2704 475 3080 536 torqueamns;
3109 469 3197 539 qui
3224 480 3402 526 autem
3428 473 3600 528 aliena
3625 479 3767 546 rapit

2171 565 2223 606 et
2247 554 2400 608 alteri
2426 555 2536 622 dat,
2564 557 2734 610 isnon
2760 559 3180 614 misericordiam
3204 565 3464 630 exercuit,
3487 567 3581 620 sed
3603 567 3764 632 lwsit,

2171 655 2223 698 et
2251 656 2542 700 extremam
2577 658 2827 716 operatus
2868 649 3199 719 iniquitatem
3239 663 3339 706 est.
3375 653 3444 710 Ut
3471 673 3599 727 ergo
3630 658 3765 726 ιηιιῑς

2177 755 2461 808 numquam
2501 740 2677 794 oleum
2714 741 2919 809 pariat,
2965 742 3040 796 sic
3071 759 3168 797 nec
3199 745 3489 800 crudelitas
3521 747 3764 801 humani-

2173 839 2352 882 tatem.
2395 830 2525 884 Cum
2573 831 2714 884 enim
2763 831 2882 886 talis
2920 832 2988 885 sit
3025 833 3192 898 radix,
3220 850 3506 906 numquam
3537 838 3587 891 id
3614 840 3760 892 elec-

2173 935 2392 990 mosyna
2441 921 2616 975 fuerit.
2669 921 3028 987 Quamobrem
3083 926 3308 980 obsecro
3358 943 3423 981 ne
3469 943 3536 983 eo
3583 931 3763 986 solum

2171 1021 2474 1081 spectemus
2501 1022 2554 1067 ut
2585 1013 2983 1086 eleemosynam
3015 1031 3300 1086 erogemns
3321 1060 3334 1083 ,
3376 1021 3468 1075 sed
3513 1023 3676 1077 etiam
3709 1036 3764 1078 nt

2175 1120 2240 1156 ne
2265 1119 2327 1157 ex
2358 1105 2540 1173 rapina
2571 1105 2874 1176 largiamur.
2905 1107 3035 1161 Nam
3067 1118 3184 1162 esto
3216 1109 3360 1164 Unus
3384 1113 3467 1178 qui
3492 1123 3760 1183 precetur,

2170 1197 2300 1248 alter
2327 1197 2410 1265 qui
2439 1197 2768 1264 imprecetur;
2797 1200 2957 1253 utrius
2978 1216 3144 1254 uocem
3172 1203 3339 1254 audiet
3365 1202 3610 1261 Dominus
3629 1206 3759 1278 (Er-

2171 1289 2256 1340 cli.
2280 1289 2366 1343 54.
2391 1288 2522 1358 9.9)?
2551 1289 2605 1343 Si
2634 1306 2729 1344 nos
2757 1292 2835 1346 sic
2860 1291 3141 1361 diligenter
3172 1295 3526 1360 instituamus,
3553 1316 3648 1368 per
3667 1300 3759 1354 Dei

2171 1379 2394 1446 gratiam
2428 1381 2718 1449 poterimus
2750 1383 2968 1436 multam
2999 1384 3419 1454 benignitatem,
3454 1391 3761 1446 misericor-

2170 1472 2309 1523 diam
2339 1481 2391 1523 et
2417 1471 2623 1526 veniam
2655 1474 2892 1527 omnium
2914 1516 2928 1538 ,
2959 1491 3074 1544 qua:
3107 1475 3207 1531 hoc
3233 1478 3488 1533 diuturno
3517 1491 3756 1552 tempore

2170 1563 2501 1628 admisimus,
2531 1575 2869 1632 peccatorum
2899 1568 3175 1637 consequi,
3206 1584 3269 1622 ac
3299 1570 3513 1625 ﬂuvium
3544 1574 3753 1641 igneum

2171 1653 2438 1723 clingere;
2473 1671 2499 1706 a
2531 1671 2636 1725 quo
2661 1658 2850 1725 erepti,
2880 1659 3078 1711 utinam
3107 1675 3205 1712 nos
3224 1675 3410 1714 omnes
3439 1663 3504 1715 ad
3535 1680 3753 1734 regnum

2169 1745 2421 1799 ca-lornm
2449 1748 2853 1806 ascendamus‘.
2876 1751 3042 1819 gratia
3071 1761 3118 1805 et
3152 1753 3517 1808 miseri-cordia
3548 1756 3754 1811 Dotttini

2171 1838 2338 1890 nostri
2367 1837 2492 1892 Jesu
2513 1838 2731 1905 Christi,
2763 1857 2858 1909 per
2879 1857 3036 1910 quem
3061 1853 3251 1897 etcum
3273 1861 3380 1914 quo
3403 1845 3543 1900 Patri
3566 1849 3753 1916 gloria,

2169 1927 2328 1984 simul
2354 1939 2405 1982 et
2432 1939 2619 1984 saneto
2637 1930 2876 2000 Spiritui,
2903 1933 2954 1986 in
2978 1935 3169 1988 sweula
3193 1938 3532 1990 sa'eulorum.
3561 1939 3752 1994 Amen.

2235 2039 2271 2102 ‘_
2289 2045 2431 2088 Juxta
2456 2040 2620 2089 Morel.
2647 2040 2916 2102 legendum
2940 2052 3094 2102 esset,
3131 2043 3312 2095 alitum:
3335 2059 3417 2097 uos
3451 2048 3500 2097 iu
3525 2050 3756 2099 ert-tortari

2169 2099 2380 2149 thalamo
2403 2099 2753 2152 recmnbmuus.

3639 2218 3754 2234 δή

1825 2311 2170 2371 ΗΟΜΠᾸΛ
2228 2313 2397 2372 XIV.

487 2457 570 2512 16.
604 2457 667 2510 Et
713 2459 777 2511 de
821 2456 1132 2528 plenitudine
1170 2456 1279 2525 ejus
1322 2471 1411 2507 nos
1437 2470 1606 2506 omnes
1645 2453 1969 2522 accepimus,
2013 2461 2065 2503 et

1002 2547 1215 2617 gratiam
1243 2561 1333 2615 pro
1359 2544 1543 2616 gratia.

562 2664 613 2717 l.
669 2661 848 2729 Nuper
877 2659 1183 2714 dicebamus
1240 2658 1498 2713 Joannem
1525 2699 1539 2722 ,
1583 2665 1642 2710 ut
1685 2656 2064 2710 dubitationem

485 2769 670 2806 eorum
715 2752 983 2816 solveret,
1016 2751 1104 2820 qui
1134 2749 1272 2818 apud
1320 2764 1376 2802 se
1428 2749 1698 2816 qua'sitm-i
1731 2756 1880 2800 erant
1906 2787 1920 2808 ,
1975 2760 2069 2798 cur

487 2843 731 2897 (Lhristus
759 2841 846 2910 qui
879 2841 1145 2909 posterior
1173 2841 1237 2892 ad
1267 2837 1665 2909 praalieandum
1706 2837 1884 2900 venit,
1925 2835 2070 2903 prior

487 2944 539 2987 et
560 2933 884 3000 splendidior
915 2932 1004 2986 illo
1036 2931 1210 2992 fuerit,
1238 2931 1337 2985 hoc
1353 2929 1642 2992 addidisse,
1671 2929 1802 2996 Quia
1829 2928 1968 2996 prior
1994 2943 2070 2979 me

489 3036 616 3079 erat.
651 3024 712 3078 Et
743 3024 853 3078 haec
887 3039 988 3077 una
1017 3039 1177 3078 causa
1207 3033 1289 3077 est
1317 3040 1328 3076 :
1359 3023 1450 3076 sed
1481 3021 1657 3075 sabdit
1689 3020 1844 3074 aliam
1874 3019 1938 3074 de
1967 3035 2069 3090 qua

489 3131 628 3170 nunc
650 3116 821 3184 agitur
851 3115 888 3166 ⁸.
921 3116 1175 3179 ριιωιιτιιιι
1218 3113 1304 3166 illa
1336 3114 1458 3167 est?
1489 3111 1565 3165 De
1593 3111 1939 3181 plenitudine,
1987 3112 2069 3164 in-

486 3207 633 3276 quit,
666 3207 774 3274 cius
802 3223 892 3260 nos
917 3223 1087 3259 omnes
1113 3205 1395 3276 accepimus
1422 3214 1466 3257 et
1493 3205 1710 3274 gratiam
1733 3219 1826 3275 pro
1866 3205 2070 3274 gratia;

485 3309 537 3352 et
566 3297 819 3367 posthaec
850 3303 1039 3353 iterum
1067 3297 1246 3349 aliam.
1276 3295 1444 3362 Quam
1477 3296 1618 3347 illam
1643 3294 1666 3346 ?
1708 3295 1837 3358 Quia
1869 3295 1954 3348 lex
1982 3311 2071 3362 per

491 3387 715 3456 Moysen:
737 3388 857 3439 data
882 3396 990 3450 est,
1014 3386 1178 3454 gratia
1216 3395 1261 3436 et
1291 3384 1475 3436 reritas
1499 3399 1585 3450 per
1609 3380 1644 3432 Ι
1649 3397 1788 3434 esum
1815 3379 2070 3435 Christum

489 3477 623 3543 facta
651 3485 741 3529 est.
776 3475 836 3527 Et
865 3474 991 3544 quid
1019 3483 1098 3527 est
1117 3515 1131 3537 ,
1167 3473 1376 3540 inquies
1405 3513 1419 3532 ,
1453 3471 1605 3536 illud,
1657 3470 1737 3523 Ex
1760 3472 2070 3540 plenitudine

489 3565 600 3634 ejus
651 3581 740 3617 nos
791 3580 960 3616 onmcs
985 3562 1308 3628 accepimus?
1351 3560 1482 3614 Nam
1529 3576 1593 3614 eo
1635 3561 1845 3614 interim
1895 3577 2072 3616 sermo

497 3653 804 3708 referendus
826 3662 927 3706 est.
951 3653 1065 3706 Non
1090 3652 1269 3716 habet,
1303 3651 1492 3720 inquit,
1517 3651 1638 3703 dom
1663 3651 1912 3720 erogandi
1943 3668 2073 3705 eon-

489 3755 688 3799 sortem
717 3787 730 3809 ,
760 3745 852 3798 sed
883 3745 994 3813 ipse
1029 3745 1143 3797 fons
1163 3785 1178 3807 ,
1215 3746 1324 3814 ipse
1356 3744 1506 3798 radix
1547 3754 1628 3798 est
1659 3745 1918 3798 honorum
1948 3762 2066 3799 ozu-

494 3835 636 3888 ninm
657 3876 669 3898 ,
705 3835 813 3902 ipsa
849 3836 948 3888 vita
972 3878 983 3900 ,
1012 3836 1120 3904 ipsa
1151 3836 1235 3888 lux
1258 3877 1272 3899 ,
1306 3837 1414 3904 ipsa
1441 3837 1667 3901 veritas,
1699 3837 1786 3906 qui
1815 3838 2070 3892 honorum

492 3926 705 3979 divitias
727 3941 828 3980 non
861 3929 909 3980 in
943 3942 999 3980 se
1026 3929 1238 3992 retinet,
1270 3927 1362 3981 sed
1386 3927 1435 3981 in
1465 3927 1598 3982 alios
1619 3943 1806 3982 (mines
1829 3928 2070 3994 t'lTnndit;

494 4025 544 4068 el
571 4025 845 4086 postquam
879 4017 1082 4083 elTndit,
1106 4018 1296 4086 plenus
1319 4027 1586 4084 remanet,
1613 4018 1739 4072 nihil
1773 4020 1945 4072 minus
1977 4018 2069 4072 ha-

493 4110 622 4164 bens
643 4122 916 4180 poStqnam
932 4112 1049 4165 aliis
1065 4111 1428 4180 elargitnscst,
1445 4112 1536 4165 sed
1555 4113 2072 4181 eemperscaturiens

491 4211 544 4253 et
575 4203 690 4255 aliis
719 4203 853 4256 liona
875 4203 1203 4272 impertit-ns,
1229 4204 1278 4257 in
1310 4205 1497 4258 eadem
1522 4215 1696 4258 manet
1721 4203 2068 4273 perfectione.

492 4295 640 4360 Quod
673 4306 847 4349 autem
874 4311 972 4365 ego
1000 4297 1108 4350 lero
1135 4297 1397 4367 particeps
1417 4296 1558 4360 boni,
1584 4297 1649 4349 ab
1673 4298 1776 4351 alio
1799 4299 1996 4366 accepi.
2021 4308 2074 4354 et

491 4386 676 4453 exigua
708 4402 826 4455 pars
853 4389 1012 4440 totius
1032 4399 1113 4442 est
1137 4429 1150 4451 ,
1183 4398 1238 4443 et
1264 4390 1410 4458 quasi
1436 4389 1574 4442 stilla
1597 4389 1790 4460 abysso
1821 4391 2070 4445 inelTabili

490 4486 541 4528 et
567 4475 752 4543 pelago
795 4477 1055 4531 iunnen-o
1104 4490 1407 4545 comparata
1440 4496 1454 4533 :
1486 4479 1590 4532 imo
1626 4496 1691 4534 ne
1733 4481 1832 4535 hoc
1856 4482 2070 4552 quidem

489 4565 790 4634 exemplum
841 4575 1012 4633 ιοιοδι
1058 4567 1185 4618 satis
1213 4567 1479 4634 explicare
1511 4569 1559 4621 id
1601 4575 1740 4639 quod
1793 4587 2072 4628 recensere

490 4670 764 4708 Cttllatlllll‘.
802 4657 1010 4710 litenim
1055 4656 1097 4709 si
1149 4656 1348 4708 stillam
1376 4672 1438 4709 ex
1485 4659 1670 4727 pelago
1723 4659 1958 4726 haurias,
2007 4677 2072 4717 eo

491 4745 606 4812 ipso
651 4747 866 4814 pelagus
909 4731 1182 4812 minuisti,
1230 4747 1436 4800 etiamsi
1486 4749 1783 4804 innninutio
1833 4751 1919 4805 illa
1955 4753 2068 4806 \‘istl

491 4851 596 4890 non
629 4839 969 4906 percipiatur.
1015 4839 1088 4892 De
1114 4837 1257 4893 fonte
1287 4849 1462 4893 autem
1499 4839 1600 4892 isto
1625 4840 1673 4892 id
1697 4841 1800 4895 dici
1834 4846 2061 4912 nequit;

487 4925 580 4978 sed
599 4938 1082 4998 quantumcumtme
1109 4929 1367 4991 hauseris,
1392 4938 1570 4982 manet
1599 4939 1776 4984 tamen
1806 4933 1934 4986 nihil
1965 4935 2067 4987 im-

488 5019 742 5072 minutus.
773 5019 945 5084 Qnare
967 5021 1070 5075 alio
1107 5021 1350 5090 exempl.)
1379 5021 1632 5074 utendum
1661 5040 1672 5074 :
1712 5023 1853 5092 quod
1887 5033 2064 5079 tamen

491 5111 758 5164 inﬁrmum
778 5119 854 5164 est
879 5153 893 5177 ,
924 5127 1021 5165 nec
1045 5123 1214 5178 potest
1237 5129 1350 5167 rem
1372 5113 1649 5182 qumsitam
1667 5112 2064 5179 demonstrare;

487 5204 578 5256 sed
614 5204 781 5272 magis
807 5219 962 5273 quam
1010 5205 1236 5274 primum
1264 5205 1329 5259 ad
1361 5205 1684 5274 propositam
1731 5220 1827 5258 nos
1856 5205 2069 5261 adducit

487 5295 828 5346 sententiain.
877 5293 1249 5363 Supponamus
1299 5310 1418 5349 esse
1464 5296 1674 5359 igneum
1728 5296 1925 5348 fontem
1961 5314 2064 5351 :ex

489 5397 592 5448 quo
625 5381 770 5435 futue
803 5383 944 5436 mille
966 5424 979 5443 ,
1012 5384 1091 5437 bis
1118 5385 1294 5450 mille,
1324 5394 1404 5439 ter
1427 5385 1590 5446 mille,
1623 5395 1675 5438 et
1709 5385 1862 5453 longe
1892 5386 2067 5454 plures

489 5472 720 5527 lucerna:
743 5472 1143 5527 accenduntur:
1175 5491 1348 5529 annon
1382 5493 1530 5546 :t-qne
1558 5477 1746 5546 plenus
1777 5478 1910 5546 ignis
1953 5494 2067 5531 ma-

554 5607 567 5635 ¹
606 5603 745 5652 savil.
782 5603 926 5672 habet
951 5643 963 5656 .
986 5605 1070 5652 sed
1114 5616 1205 5652 non
1238 5618 1295 5654 ea
1329 5613 1603 5672 contentus,
1632 5606 1793 5658 subdit
1835 5606 1980 5658 alia»:
2006 5609 2066 5658 de

487 5676 581 5724 qua
604 5678 728 5714 mou:
751 5672 931 5731 agitur.

2178 2463 2267 2506 uel
2291 2495 2304 2508 .
2339 2465 2614 2524 ιοδιιμιιιιιι
2643 2467 2720 2511 tot
2746 2459 2864 2511 aliis
2889 2459 2990 2514 vim
3027 2479 3175 2515 suam
3211 2463 3438 2516 indidit?
3471 2466 3524 2519 Id
3555 2473 3758 2527 nemini

2173 2562 2278 2598 non
2317 2561 2496 2599 notum
2534 2561 2636 2603 est.
2682 2550 2834 2616 Quod
2865 2554 2906 2605 si
2952 2555 3001 2606 in
3042 2555 3353 2623 corp-uibus
3382 2557 3756 2626 dbisibilihne,

2173 2653 2290 2704 quas
2318 2640 2816 2710 perademptiouem
2838 2645 3164 2712 mimmntur,
3184 2649 3450 2718 quidpiam
3473 2652 3648 2707 simile
3679 2671 3761 2708 rc-

2175 2729 2392 2796 peritur,
2431 2731 2570 2799 quod
2623 2743 2898 2804 postquam
2929 2737 3050 2790 aliis
3081 2755 3196 2807 qua:
3228 2756 3322 2794 sua
3349 2756 3501 2797 erant
3532 2745 3758 2806 indidit.

2175 2819 2302 2872 nihil
2339 2829 2510 2874 tamen
2543 2825 2816 2890 minuitur,
2853 2827 3020 2881 multo
3053 2831 3218 2900 magis
3269 2833 3318 2884 in
3365 2833 3678 2905 incorporea
3708 2848 3763 2893 et

2177 2910 2457 2967 immortali
2489 2915 2578 2969 iila
2611 2918 2842 2984 potentia
2874 2917 2975 2974 hoc
3001 2922 3294 2992 continget.
3323 2924 3454 2980 Nam
3485 2928 3526 2979 si
3555 2944 3680 2982 cum
3710 2930 3761 2984 id

2175 3004 2314 3072 quod
2350 3006 2694 3076 partieipatur
2723 3019 2805 3064 est
2830 3010 3125 3067 substantia
3153 3024 3204 3068 et
3233 3031 3446 3086 corpus,
3476 3029 3531 3072 et
3571 3021 3761 3075 dividi-

2177 3103 2282 3157 tur.
2311 3107 2366 3151 et
2393 3113 2496 3150 non
2527 3098 2780 3154 dividitur
2811 3119 2824 3154 :
2858 3103 3024 3156 multo
3055 3107 3225 3175 magis
3247 3121 3366 3160 cum
3394 3108 3460 3162 de
3487 3111 3534 3162 vi
3567 3113 3758 3180 agendi

2175 3201 2353 3240 sermo
2381 3197 2494 3253 est,
2543 3189 2716 3260 deque
2745 3192 2794 3246 vi
2835 3193 3024 3263 agendi
3067 3195 3391 3267 incorporeze
3415 3200 3756 3270 substantiae,

2181 3277 2512 3346 exploratum
2537 3290 2619 3334 est
2651 3281 2698 3334 id
2726 3283 2962 3338 evenire.

2247 3367 2389 3422 Illud
2409 3413 2423 3434 ,
2464 3371 2536 3424 De
2565 3371 2898 3442 plenitudine
2928 3376 3044 3445 ejus
3074 3379 3378 3448 accepinms
3398 3421 3413 3445 ,
3442 3395 3760 3438 commenta-

2175 3469 2273 3514 tur.
2300 3493 2366 3503 --
2393 3463 2516 3517 Ideo
2542 3463 2778 3520 Joannes
2804 3466 3015 3522 dicebat
3037 3511 3050 3534 ,
3084 3467 3160 3523 De
3182 3471 3494 3540 plenitudine
3521 3476 3629 3545 ejus
3670 3494 3762 3531 nos

2175 3572 2346 3610 omnes
2377 3558 2701 3626 accepimus;
2726 3569 2779 3614 et
2809 3560 3168 3616 testimonium
3193 3579 3344 3618 somn
3375 3565 3622 3636 Baptista
3650 3579 3764 3622 tes-

2180 3649 2399 3702 timonio
2428 3653 2714 3706 cmmectit.
2744 3651 2873 3706 Nam
2908 3654 3056 3720 illud,
3090 3654 3162 3708 De
3183 3655 3499 3726 plenitudine
3523 3660 3633 3728 ejus
3664 3677 3759 3713 uos

2177 3756 2348 3794 euntes
2377 3742 2662 3810 accepimus
2681 3783 2696 3807 ,
2735 3759 2840 3797 non
2869 3748 3212 3812 prasenrsoris
3232 3789 3246 3811 ,
3278 3746 3371 3800 sed
3395 3747 3640 3818 discipuli
3675 3751 3759 3803 di-

2177 3841 2318 3884 ctum
2352 3842 2451 3885 est.
2486 3833 2596 3888 lloc
2619 3845 2794 3890 autem
2822 3836 2930 3890 vult
2959 3838 3290 3906 signiﬁcare:
3316 3839 3392 3894 Ne
3426 3842 3618 3909 putetis
3640 3856 3759 3905 nos,

2176 3922 2264 3991 qni
2294 3923 2460 3976 nmlto
2483 3933 2720 3993 tempore
2742 3941 2859 3979 cum
2886 3927 2978 3981 illo
3005 3929 3194 3982 versati
3219 3945 3421 3995 sumus,
3447 3942 3500 3984 et
3520 3931 3763 3997 ejusdem

2177 4029 2376 4067 mensa:
2407 4025 2688 4071 consortes
2731 4016 2954 4083 lniums,
2995 4036 3058 4074 ex
3088 4021 3256 4089 gratia
3288 4021 3461 4089 aliqua
3513 4024 3765 4077 testimo-

2179 4104 2322 4157 nium
2354 4104 2511 4159 ferre.
2542 4106 2671 4160 Nam
2704 4107 2936 4162 Joannes
2958 4151 2970 4172 ,
2995 4111 3084 4180 qui
3113 4111 3258 4166 illum
3289 4123 3442 4166 autea
3473 4127 3576 4168 non
3607 4115 3764 4170 vide-

2179 4203 2260 4248 rat
2283 4237 2296 4256 ,
2329 4212 2428 4252 nec
2459 4211 2577 4251 cum
2608 4199 2699 4253 illo
2729 4211 2970 4253 versatus
3001 4201 3172 4256 fuerat
3197 4246 3211 4269 ,
3240 4203 3332 4256 sed
3363 4220 3482 4259 cum
3520 4204 3761 4276 baptiza-

2177 4297 2258 4341 ret
2290 4297 2490 4341 tantum
2511 4331 2526 4356 ,
2560 4289 2673 4358 ipso
2702 4305 2822 4344 cum
2853 4292 3063 4346 ea-teris
3091 4303 3400 4364 conspecto,
3440 4295 3560 4351 inde
3581 4299 3762 4351 omnia

2178 4380 2442 4447 accipiens
2459 4423 2474 4446 ,
2499 4381 2848 4445 exclamavit,
2882 4380 3034 4435 Prior
3055 4400 3132 4436 me
3158 4395 3283 4437 erat.
3311 4385 3417 4440 Nos
3440 4397 3616 4440 autem
3641 4405 3761 4441 om—

2179 4486 2292 4533 nes,
2325 4471 2632 4536 duolecim,
2669 4473 2886 4526 trecenti
2913 4515 2926 4532 .
2959 4475 3265 4545 quingenti,
3295 4487 3376 4531 ter
3409 4478 3579 4539 mille,
3605 4478 3766 4548 quin-

2176 4564 2325 4632 quies
2351 4565 2494 4617 mille
2516 4607 2529 4629 ,
2555 4565 2732 4617 multa:
2758 4565 3058 4620 Imheorum
3085 4568 3372 4638 myriadcs,
3394 4569 3568 4622 omnis
3592 4570 3764 4638 pleni-

2178 4653 2303 4707 tudo
2332 4653 2602 4717 lidelium,
2650 4655 2737 4723 qui
2770 4665 2894 4709 tunc
2927 4657 3072 4711 luere
3095 4698 3110 4723 ,
3142 4659 3229 4728 qui
3260 4675 3434 4724 nunc,
3476 4659 3564 4727 qni
3599 4660 3762 4712 lntnri

2174 4753 2332 4814 sunt,
2381 4742 2449 4799 de
2493 4745 2820 4813 plenitudine
2864 4746 2980 4816 ejus
3025 4749 3352 4816 accepimus.
3399 4749 3532 4813 Quid
3580 4758 3763 4802 autent

2174 4834 2512 4903 accepimus?
2539 4831 2774 4888 Gratiam
2809 4851 2902 4905 pro
2932 4837 3121 4906 gratia.
3156 4840 3323 4904 Quam
3353 4853 3447 4905 pro
3479 4839 3626 4906 qua?
3658 4839 3765 4892 Pr.»

2178 4928 2342 4979 veteri
2373 4942 2586 4980 novam.
2617 4926 2760 4982 Sicut
2783 4928 2923 4982 enim
2961 4939 3075 4982 erat
3102 4928 3301 4996 jnstitia
3329 4939 3383 4982 et
3407 4929 3638 4997 justitia,
3665 4930 3764 4983 Se-

2173 5019 2674 5088 tllmlumjltsfiliam,
2706 5021 2892 5089 inquit,
2913 5037 3026 5087 qua:
3045 5022 3095 5074 iu
3120 5020 3224 5091 lege
3242 5031 3333 5084 est,
3357 5023 3521 5091 factus
3543 5021 3762 5092 irrepre.

2173 5111 2430 5163 lteusiltilis
2458 5110 2713 5180 (Philipp.
2747 5112 2800 5164 5.
2827 5112 2881 5181 ϐ)
2908 5129 2921 5175 ς
2966 5113 3088 5166 item
3121 5113 3251 5166 lides
3280 5123 3333 5165 et
3368 5112 3496 5166 lides
3523 5123 3606 5166 est
3638 5130 3650 5165 :
3684 5113 3766 5166 lis

2173 5203 2274 5270 [ide
2311 5203 2362 5255 in
2393 5203 2543 5270 ﬁdem
2583 5202 2756 5273 (Rom.
2810 5205 2854 5257 l.
2901 5206 3008 5267 l7);
3047 5205 3263 5275 atlopzio
3298 5222 3508 5275 qunque
3549 5214 3600 5258 et
3635 5205 3765 5257 ado-

2175 5295 2325 5362 ptio:
2384 5293 2608 5360 Quorum
2653 5296 2857 5363 adoptio
2904 5296 3062 5363 (Ibid.
3111 5297 3164 5352 9.
3207 5297 3284 5364 4),
3340 5297 3542 5365 inquit;
3593 5298 3764 5366 gloria

2172 5402 2381 5454 quoque
2407 5387 2596 5454 duplex
2632 5403 2644 5439 :
2679 5387 2741 5440 Si
2780 5389 2908 5439 enim
2949 5389 3082 5455 quod
3129 5401 3400 5442 et'uruatur
3425 5407 3514 5458 per
3543 5390 3768 5457 gloriam

2173 5488 2264 5541 est,
2291 5477 2445 5528 multo
2469 5478 2628 5546 magis
2649 5478 2785 5545 quod
2809 5491 2970 5529 tuane!
2994 5480 3043 5530 in
3065 5480 3230 5547 gloria
3250 5478 3328 5543 (9..
3353 5478 3470 5532 Cur.
3495 5479 3548 5531 3.
3577 5481 3591 5532 l
3614 5480 3629 5532 Ι
3655 5495 3686 5540 ιζ
3717 5503 3726 5524 ο
3753 5490 3770 5534 ι

2174 5569 2255 5622 lex
2301 5569 2492 5636 duplex
2524 5585 2537 5621 :
2571 5585 2690 5622 nam
2725 5570 2815 5630 ait,
2852 5570 2956 5622 Lm:
3005 5572 3215 5638 spiritus
3250 5574 3362 5622 vita:
3414 5572 3646 5624 liberavit
3693 5591 3773 5624 me

2177 5660 2350 5730 (ﬂant.
2384 5662 2434 5713 8.
2466 5659 2521 5728 Ξ)
2549 5678 2562 5724 ;
2591 5671 2636 5715 el
2669 5661 2837 5715 cultus
2865 5661 3081 5734 duplex,
3125 5661 3348 5726 Quorum
3382 5663 3628 5721 scriniis,
3674 5679 3773 5716 seu
