4012 6198
264 314 341 371 33
1311 306 1374 363 IN
1405 304 1717 362 JOANNEM
1769 293 1997 360 llOMlL.
2040 302 2178 359 XIV.
2222 305 2293 359 al.
2336 306 2468 362 Xlll.
2536 354 2549 373 ,
3488 314 3558 379 94

262 427 476 490 cultus;
493 431 550 479 et
564 437 803 488 rursum,
824 420 1023 488 Spiritu
1041 418 1146 473 Deo
1161 420 1426 474 servientes
1444 420 1484 489 ‘(
1498 416 1690 488 Philip.
1708 417 1759 472 5.
1782 417 1858 485 5);

267 517 467 587 duplex
498 529 715 586 quoque
758 522 1183 568 testamentum:
1216 510 1495 582 Disponam
1538 510 1674 564 vobis
1716 517 1865 562 testa-

268 620 495 663 mentum
521 622 730 671 novum,
762 621 863 658 non
891 605 1170 658 secundum
1199 613 1549 657 testamentum
1578 600 1713 672 quod
1753 600 1861 653 dis-

270 701 419 769 posui
481 714 599 752 cum
663 697 891 765 patribus
944 696 1120 750 vestris
1172 693 1305 766 (λεν.
1357 696 1447 749 51.
1500 695 1619 764 3|);
1668 694 1860 763 duplex

307 804 482 859 neque
528 786 916 851 sanctiﬁcatio,
959 784 1154 855 duplex
1201 784 1498 852 baptisma,
1541 784 1732 854 duplex
1771 797 1861 837 sa-

260 879 531 934 criﬁcium
551 917 568 942 ,
600 875 797 945 duplex
825 875 1115 943 templum,
1146 874 1344 943 duplex
1387 874 1755 937 circumcisio;
1784 872 1862 927 sic

268 978 323 1024 et
351 969 556 1039 duplex
589 968 778 1037 gratia.
826 963 933 1021 Sed
982 965 1068 1019 illa
1112 966 1324 1035 quidem
1353 979 1450 1019 ceu
1492 965 1655 1035 ﬁgura
1697 970 1856 1029 sunt;

268 1060 386 1116 lucc
427 1069 486 1114 ut
537 1061 775 1114 veritas:
809 1073 929 1127 quae
975 1057 1295 1128 homonyma
1339 1056 1583 1126 quidem,
1617 1055 1709 1111 sed
1754 1070 1858 1109 non

267 1165 567 1221 synonyma
594 1158 737 1203 sum.
766 1147 899 1202 Nam
944 1146 995 1200 in
1029 1146 1166 1217 typis
1195 1154 1244 1199 ct
1290 1145 1605 1216 imaginibus
1629 1145 1720 1215 qui
1764 1159 1859 1199 co-

270 1239 386 1294 lere
405 1239 529 1293 albo
555 1246 612 1292 et
639 1238 787 1307 nigro
810 1236 1063 1306 pingitur,
1086 1235 1246 1289 homo
1274 1243 1511 1298 vocatur,
1538 1241 1595 1286 ut
1617 1244 1672 1289 et
1700 1247 1860 1288 verus

269 1333 432 1384 homo
457 1329 642 1381 native
664 1327 847 1382 colore
875 1326 1163 1383 instructus
1192 1342 1208 1381 :
1236 1326 1286 1379 in
1310 1324 1496 1378 statuis
1518 1339 1728 1394 quoque
1759 1339 1856 1377 au-

266 1432 356 1473 rea
388 1417 614 1488 perinde
659 1430 820 1487 atque
868 1414 1080 1485 ﬁglina,
1122 1425 1291 1471 statua
1344 1414 1572 1479 dicitur;
1617 1413 1712 1469 sed
1766 1412 1855 1468 illa

269 1520 433 1582 typus
459 1520 586 1564 sunt
608 1551 623 1570 ,
653 1509 767 1563 hac
794 1510 1011 1562 Veritas.

338 1600 393 1652 2.
430 1598 574 1652 Inter
599 1608 765 1652 vetera
805 1607 852 1650 et
894 1613 1023 1650 uoca
1060 1595 1347 1647 discrimen.
1379 1622 1452 1634 -—
1480 1594 1555 1649 Ne
1600 1594 1758 1664 igitur
1795 1610 1857 1648 ex

272 1690 554 1745 nominum
583 1689 853 1742 consortio
871 1728 886 1752 ,
920 1701 1006 1741 res
1026 1686 1241 1741 easdem
1261 1728 1274 1747 .
1308 1685 1401 1740 sed
1432 1701 1601 1755 neque
1624 1685 1860 1740 diversas

274 1798 402 1837 esse
432 1793 602 1851 putes.
650 1779 780 1835 Nam
811 1779 860 1836 si
909 1790 1065 1851 typus
1099 1787 1245 1843 erat,
1293 1793 1397 1832 non
1440 1787 1557 1834 erat
1585 1778 1789 1833 alienus
1828 1794 1857 1832 a

273 1872 538 1939 veritate;
581 1872 627 1927 si
656 1872 897 1926 umbram
946 1869 1230 1934 servabat,
1261 1868 1437 1921 minor
1462 1877 1577 1921 erat
1616 1867 1855 1921 veritate.

271 1963 414 2030 Quid
458 1979 589 2034 ergo
612 1961 937 2016 discriminis
978 1970 1058 2015 cst
1107 1961 1244 2014 inter
1289 1960 1402 2015 lucc
1445 1960 1659 2014 omnia?
1690 1959 1859 2015 Vultis

270 2070 436 2110 utinm
453 2066 539 2108 aut
562 2054 666 2108 duo
686 2069 750 2109 es
768 2052 927 2108 dictis
944 2052 1251 2106 tractemus?
1272 2051 1360 2107 Sic
1375 2060 1565 2106 caetera
1581 2052 1731 2107 vobis
1748 2068 1861 2108 ma-

271 2147 464 2202 nifesta
494 2156 650 2201 erunt
676 2164 691 2200 :
714 2145 1117 2214 videbimusque
1147 2143 1230 2196 illa
1265 2157 1546 2211 puerorum
1571 2153 1855 2213 prmcepta,

270 2239 388 2294 lucc
405 2240 638 2292 virorum
672 2236 883 2290 fortium
904 2234 1083 2297 fuisse;
1106 2233 1191 2287 illa
1206 2233 1354 2303 quasi
1392 2232 1715 2292 hominibus.
1744 2232 1859 2288 lucc

268 2331 426 2402 quasi
455 2330 660 2400 angelis
683 2327 991 2383 constituta.
1024 2325 1173 2380 Unde
1204 2325 1361 2394 igitur
1391 2324 1699 2380 ordiemur?
1728 2324 1856 2379 Vul-

269 2423 346 2477 tis
378 2421 451 2474 ab
476 2422 593 2491 ipsa
622 2418 900 2488 adeptione
926 2416 1243 2471 ordiamur?
1274 2416 1408 2483 Quid
1434 2416 1755 2471 discriminis
1779 2417 1859 2471 in-

271 2525 368 2568 ter
396 2515 537 2567 hanc
564 2520 620 2567 et
645 2511 782 2564 illam
811 2510 930 2565 est?
953 2511 1041 2564 Illa
1070 2509 1281 2564 nomine
1308 2518 1460 2565 tenus
1488 2521 1629 2575 erat;
1661 2511 1774 2566 lucc
1800 2526 1859 2567 re

268 2605 416 2673 ipsa.
453 2602 530 2657 De
556 2602 640 2656 illa
668 2601 885 2667 dicitur,
916 2600 1025 2670 Ego
1054 2600 1161 2654 dixi
1182 2640 1196 2665 ,
1232 2599 1317 2654 Dii
1343 2602 1488 2665 estis,
1519 2610 1566 2654 et
1585 2602 1681 2669 ﬁlii
1703 2601 1859 2655 Altis-

266 2694 393 2747 simi
419 2709 593 2745 omnes
621 2690 796 2760 (Psal.
824 2689 914 2746 8L
943 2691 1022 2763 6).
1054 2691 1127 2745 De
1153 2689 1252 2745 hac
1271 2702 1447 2746 autem
1468 2732 1484 2758 ,
1512 2691 1595 2746 Ea:
1619 2692 1724 2747 Deo
1750 2694 1859 2748 nati

266 2794 413 2840 sum.
441 2784 721 2852 Quomodo
748 2790 804 2839 et.
837 2796 940 2853 qua
992 2782 1238 2836 ratione?
1266 2782 1365 2837 Per
1392 2784 1659 2837 lavacrum
1703 2796 1857 2854 rege-

269 2876 567 2931 nerationis
582 2885 636 2929 et
655 2874 1016 2930 renevatienis
1028 2873 1257 2943 Spiritus
1271 2874 1462 2928 sancti.
1477 2874 1544 2928 Et
1557 2875 1628 2929 illi
1642 2875 1855 2945 quidem

271 2981 556 3042 postquam
576 2970 668 3023 lilii
687 2968 935 3040 appellati
957 2979 1102 3034 sunt,
1122 2967 1367 3036 Spiritum
1398 2968 1667 3022 servitutis
1683 2968 1857 3024 adhuc

271 3064 544 3119 habebant
577 3079 591 3116 :
634 3077 757 3116 nam
783 3061 924 3115 servi
950 3075 1070 3115 cum
1099 3069 1312 3126 essent,
1363 3059 1461 3114 hac
1504 3061 1856 3130 appellat'ene

271 3153 648 3219 ornabantur;
679 3168 780 3208 nos
805 3161 985 3206 autem
1035 3150 1188 3206 liberi
1216 3160 1343 3205 tunc
1366 3149 1535 3206 ctl'ecti
1561 3193 1577 3218 ,
1624 3166 1727 3205 non
1758 3166 1857 3204 no-

268 3246 458 3309 mine,
488 3243 582 3298 sed
613 3259 670 3298 re
697 3243 958 3297 honorem
987 3241 1306 3309 accepimus.
1340 3240 1406 3296 Et
1431 3239 1529 3295 hoc
1554 3240 1747 3294 Paulus
1772 3239 1857 3294 di-

270 3333 437 3389 cebat
464 3350 481 3388 :
513 3332 635 3387 Non
672 3334 805 3387 enim
848 3332 1111 3402 accepistis
1137 3331 1369 3400 spiritum
1393 3332 1641 3386 servitutis
1679 3333 1858 3385 iterant

270 3430 329 3481 in
358 3429 568 3492 timore,
594 3426 683 3480 sed
705 3425 969 3496 accepistis
994 3424 1245 3493 Spiritum
1272 3423 1560 3495 adeptionis
1597 3424 1820 3492 ﬁliorum
1838 3465 1851 3489 ,

271 3519 329 3570 in
356 3531 458 3584 quo
484 3517 785 3579 statuamus,
817 3514 958 3568 Abba
980 3512 1138 3566 Pater
1170 3510 1343 3585 (Rom.
1372 3512 1426 3568 8.
1456 3513 1565 3585 15).
1609 3513 1856 3570 Generati

271 3622 512 3678 namque
554 3621 826 3676 superne,
871 3614 928 3661 et
983 3615 1039 3659 ut
1079 3605 1148 3658 ita
1177 3605 1384 3670 dicam,
1427 3604 1735 3671 reformati,
1783 3606 1860 3660 sic

270 3698 451 3752 vocati
490 3712 677 3752 sumus
731 3696 844 3750 (iiii.
894 3694 1201 3751 Sanetitatis
1238 3711 1365 3749 vero
1411 3695 1622 3749 modum
1653 3696 1696 3750 si
1741 3696 1859 3765 quis

270 3788 562 3852 didicerit,
593 3787 713 3857 quis
740 3787 846 3851 hic,
876 3786 993 3856 quis
1019 3785 1128 3851 ille,
1159 3786 1378 3839 multam
1412 3784 1497 3839 hic
1521 3801 1732 3857 quoque
1760 3786 1857 3840 dif-

272 3878 562 3936 ferentiam
591 3877 810 3931 videbit.
841 3878 915 3932 Illi
942 3891 1170 3947 namque
1195 3876 1407 3946 quando
1433 3877 1570 3931 idola
1598 3894 1700 3932 non
1718 3878 1861 3934 cole-

274 3974 426 4038 bant,
458 3988 581 4028 eum
611 3986 711 4026 nec
735 3970 1150 4035 fornicabantur,
1182 3985 1280 4025 nec
1307 3969 1731 4039 tntechahanlur,
1760 3971 1860 4028 hoc

274 4064 612 4119 vocabantur
654 4063 869 4117 nomine
901 4078 914 4113 :
945 4076 1041 4115 nos
1088 4069 1267 4117 autem
1318 4076 1421 4114 non
1451 4061 1766 4117 abstinendo
1794 4062 1861 4115 ah

276 4157 386 4212 illis
415 4156 582 4212 rebus
614 4163 815 4209 tantum
842 4191 858 4221 ,
887 4152 980 4208 sed
1007 4161 1058 4208 et
1090 4151 1287 4223 majora
1332 4150 1651 4223 possidendo
1690 4154 1860 4208 sancti

274 4248 564 4304 efﬁcimur.
600 4246 668 4300 Et
712 4247 881 4315 primo
904 4243 1117 4314 quidem
1146 4257 1213 4297 ex
1259 4243 1375 4313 ipso
1402 4241 1629 4314 Spiritus
1673 4243 1858 4313 illapsu

279 4334 382 4395 hoc
430 4336 815 4407 consequimur
861 4333 1057 4388 donum
1104 4351 1117 4387 :
1172 4332 1365 4388 deinde
1415 4348 1484 4388 ex
1551 4334 1656 4387 vita
1709 4334 1861 4403 longe

280 4428 660 4500 pra-stantiere
686 4442 842 4496 quam
869 4425 1107 4479 Jndaica.
1139 4424 1205 4478 Et
1240 4438 1308 4479 ne
1331 4437 1398 4478 ex
1429 4423 1679 4493 iactantia
1721 4424 1858 4481 dicta

280 4532 437 4592 putes
459 4560 477 4584 ,
529 4518 653 4573 audi
700 4517 826 4588 quid
855 4516 958 4569 illis
980 4516 1163 4570 dicat:
1199 4513 1375 4569 Nolite
1424 4516 1659 4579 lustrare.
1709 4528 1863 4586 neque

316 4613 563 4680 Iriﬁcare
613 4611 749 4679 ﬁlios
799 4619 1004 4676 vestros,
1055 4608 1176 4677 quia
1218 4609 1435 4678 populus
1480 4619 1683 4663 sanctus
1746 4609 1861 4663 estis

282 4700 476 4769 (Deut.
507 4700 596 4755 18.
621 4698 733 4769 10).
779 4698 959 4768 Itaque
982 4698 1119 4767 apud
1148 4697 1268 4751 illos
1291 4696 1403 4751 lucc
1432 4698 1687 4752 sanctitas
1711 4707 1859 4765 erat,

275 4795 348 4848 ab
372 4792 643 4848 idolorum
696 4790 899 4860 legibus
941 4788 1244 4855 abstinere;
1271 4789 1412 4859 apud
1460 4804 1556 4844 nos
1581 4805 1709 4845 vero
1755 4805 1861 4845 non

274 4886 371 4949 ita,
392 4882 517 4948 sed,
540 4882 610 4937 Ut
628 4882 691 4936 sit
713 4891 907 4948 saneta,
930 4881 1115 4951 inquit,
1140 4897 1350 4951 corpore
1376 4891 1421 4935 et
1446 4882 1624 4953 spiritu
1642 4882 1718 4952 (l.
1743 4881 1859 4936 Cor.

276 4977 329 5029 7.
357 4976 497 5046 34).
536 4973 725 5029 Pacem
773 4974 1125 5044 persequimini
1151 4984 1197 5025 et
1234 4975 1680 5043 sancti/irationem
1702 5019 1717 5041 ,
1759 4978 1864 5030 sine

274 5086 374 5141 ρ·
397 5085 548 5124 nale
586 5068 767 5122 videbit
813 5065 1084 5121 Dominum
1110 5065 1291 5136 (Hebr.
1318 5067 1401 5121 12.
1430 5067 1533 5136 14)
1558 5086 1572 5133 ;
1603 5078 1656 5121 ct
1676 5111 1688 5129 .
1734 5066 1863 5121 Per-

278 5162 502 5227 ﬁda-tes
530 5158 981 5227 mortiﬁcationem
1019 5159 1071 5211 in
1098 5160 1273 5212 timore
1299 5156 1394 5211 Dei
1436 5158 1529 5230 (2.
1554 5159 1671 5212 Cor.
1700 5158 1751 5213 7.
1788 5156 1859 5230 Ι).

276 5250 393 5306 Neo
423 5251 571 5307 enim
602 5250 703 5305 hoc
728 5264 920 5304 nomen
946 5291 961 5316 ,
987 5261 1199 5303 sanctus
1224 5292 1237 5310 .
1268 5251 1317 5304 in
1343 5251 1586 5306 omnibus
1604 5288 1619 5316 ,
1651 5251 1717 5306 de
1743 5251 1860 5320 qui-

276 5342 375 5395 bus
426 5340 644 5404 dicitur,
702 5339 943 5394 eamdem
997 5341 1153 5395 habet
1205 5340 1672 5411 signiﬁcationem.
1732 5341 1860 5396 Nam

274 5433 415 5485 Deus
439 5440 663 5485 sanctus
706 5428 920 5494 dicitur,
950 5429 1043 5484 sed
1075 5445 1178 5484 non
1206 5431 1343 5485 sicut
1372 5447 1489 5486 nos.
1539 5431 1668 5487 Cum
1715 5432 1858 5486 enim

268 5524 539 5594 propheta
580 5518 719 5573 banc
747 5533 929 5574 vocem
972 5535 1001 5572 a
1027 5520 1335 5590 Seraphinis
1360 5521 1560 5577 audivit
1585 5563 1600 5587 ,
1643 5523 1859 5577 attende

341 5718 359 5751 ³
398 5724 546 5766 Juxta
584 5716 707 5765 alios
739 5717 1000 5777 legendum
1026 5727 1176 5774 esset.
1211 5720 1407 5783 Spiritui
1447 5720 1531 5771 Dei
1553 5720 1828 5772 servientes.

614 5797 882 5858 Psrnet.
928 5801 1045 5859 Gn.
1097 5801 1256 5862 LIX.

1979 415 2105 485 quid
2127 416 2346 472 dixerit:
2369 419 2467 473 llei
2488 421 2627 485 milii,
2655 423 2803 477 miser
2826 440 2915 495 ego
2934 424 2973 492 ‘,
2991 426 3109 494 quia
3134 417 3284 483 homo
3301 447 3414 484 eum
3434 423 3551 497 sim,

1971 509 2172 579 impura
2203 511 2335 563 labia
2363 512 2519 565 habeo
2539 554 2556 577 ,
2600 524 2645 566 et
2684 516 2735 568 in
2764 517 2925 570 media
2951 520 3127 589 pepuli
3177 521 3380 590 impura
3420 522 3554 577 labia

1971 601 2196 655 habentis
2220 618 2310 673 ego
2340 602 2507 657 habito
2534 604 2683 676 (Isai.
2732 606 2785 662 6.
2820 608 2898 675 5);
2926 609 3038 664 Etsi
3065 610 3153 667 ille
3177 620 3231 666 et
3260 623 3476 669 sanctus
3502 626 3555 670 ct

1969 705 2134 760 purus
2178 702 2341 747 esset.
2394 693 2588 749 Verum
2639 697 2683 751 si
2730 706 2965 752 nostram
3017 714 3136 755 cum
3183 714 3413 773 superna
3462 705 3551 760 illa

1967 781 2299 836 sanctitatem
2327 797 2721 853 comparemus,
2763 787 2953 858 impuri
2977 804 3181 845 sumus.
3212 792 3393 850 Sancti
3418 808 3545 852 sunt

1967 872 2161 941 angeli,
2192 873 2361 927 san'cti
2384 884 2508 928 sunt
2532 875 2858 945 archangeli,
2885 889 2937 932 et
2959 880 3246 936 Cherubim
3268 893 3429 954 atque
3447 885 3549 942 Se-

1965 963 2170 1031 mphim
2200 978 2215 1029 ;
2246 963 2340 1017 sed
2371 964 2528 1033 hujus
2556 968 2853 1022 sanctitatis
2877 968 2981 1025 alia
3006 986 3215 1026 rursum
3242 974 3541 1031 dzd‘erentia

1965 1060 2047 1105 est
2076 1052 2213 1107 inter
2235 1068 2330 1108 nes
2357 1053 2603 1110 videlicet
2626 1065 2679 1109 et
2708 1060 3012 1127 superiores
3042 1061 3160 1116 illas
3183 1073 3474 1134 potestates
3502 1064 3545 1124 ⁹.

1966 1140 2184 1197 Possem
2210 1154 2404 1200 caetera
2433 1148 2611 1201 omnia
2642 1150 2911 1219 persequi,
2942 1152 3033 1207 sed
3061 1155 3216 1210 video
3244 1158 3541 1214 oralionem

1967 1232 2175 1303 longius
2228 1248 2604 1306 pregrcssam;
2681 1252 3006 1312 quapropter
3058 1245 3311 1302 ulteriore
3386 1249 3543 1303 missa

1965 1326 2379 1395 perquisitione,
2442 1329 2591 1384 vobis
2658 1338 2851 1386 ca'tera
2903 1336 3225 1404 exploranda
3277 1339 3547 1409 rclanue-

1966 1431 2105 1469 mus.
2139 1415 2301 1471 Vobis
2328 1418 2468 1471 enim
2498 1419 2619 1473 licet
2642 1420 2784 1474 domi
2816 1422 2928 1477 hare
2947 1424 3265 1495 colligendo,
3296 1427 3546 1483 dill'erena

1968 1505 2090 1558 tiam
2120 1507 2506 1573 internoscere,
2552 1518 2605 1563 et
2651 1511 2853 1580 reliqua
2882 1513 3130 1568 similiter
3157 1515 3424 1587 indagare.
3463 1516 3545 1572 Da

1964 1597 2199 1665 sapienti,
2240 1598 2426 1669 inquit,
2464 1600 2808 1666 occasionem,
2848 1611 2895 1656 et
2934 1605 3208 1674 sapientior
3235 1609 3325 1659 erit
3359 1606 3539 1678 (Preti.

1964 1689 2017 1743 9.
2047 1688 2121 1758 9).
2153 1689 2363 1744 luitium
2393 1705 2619 1761 namque
2655 1706 2686 1746 a
2711 1693 2861 1748 nobis
2895 1704 2996 1759 est,
3032 1695 3152 1751 linis
3179 1698 3280 1752 erit
3307 1713 3336 1752 a
3369 1699 3540 1757 vobis.

1963 1778 2150 1849 Operae
2177 1781 2405 1849 pretium
2428 1793 2605 1837 autem
2636 1792 2718 1838 est
2743 1785 2935 1840 seriem
2963 1788 3231 1858 persequi.

2045 1871 2273 1925 Gratiam
2301 1890 2393 1944 pro
2420 1875 2584 1943 gratia
2613 1874 2736 1946 quid
2762 1878 3266 1948 signiﬁcet.——Cum
3297 1880 3537 1949 dixisset,

1971 1961 2051 2017 De
2089 1965 2397 2034 plenitudine
2421 1977 2588 2020 autem
2614 1969 2725 2039 ejus
2767 1986 2858 2023 nos
2886 1986 3057 2023 omnes
3083 1974 3388 2042 accepimus,
3416 1974 3541 2027 sult-

1960 2055 2115 2122 didit,
2142 2056 2206 2111 Et
2226 2059 2442 2127 gratiam
2465 2075 2556 2128 pro
2577 2061 2739 2130 gratia
2762 2063 3079 2118 :ostendens
3099 2064 3311 2121 Jndzces
3331 2081 3541 2137 queque

1963 2160 2063 2215 per
2085 2148 2311 2217 gratiam
2356 2150 2534 2204 salvos
2562 2150 2743 2206 fuisse.
2773 2151 2887 2207 Non
2929 2155 3067 2208 enim
3098 2155 3238 2226 quod
3287 2159 3542 2229 multiplis

1960 2237 2062 2290 eali
2091 2237 2246 2305 sitis,
2298 2239 2391 2293 sed
2432 2249 2650 2310 propter
2692 2250 2869 2312 patres
2913 2252 3120 2299 vestros
3160 2246 3293 2315 elegi
3340 2262 3455 2301 vos.
3484 2248 3538 2303 Si

1961 2341 2089 2397 ergo
2116 2344 2220 2383 non
2248 2345 2313 2384 ex
2343 2330 2573 2399 prepriis
2598 2332 2802 2387 meritis
2826 2348 2856 2386 a
2883 2332 2993 2388 Deo
3016 2335 3168 2390 electi
3195 2346 3337 2402 sunt,
3364 2340 3535 2407 palam

1961 2432 2055 2472 eos
2106 2433 2202 2487 per
2222 2419 2447 2489 gratiam
2479 2419 2619 2475 hunc
2639 2436 2757 2475 esse
2784 2433 3137 2493 consequutos
3161 2423 3438 2482 honorem.
3475 2429 3539 2483 Et

1959 2523 2058 2562 nos
2088 2519 2298 2579 queque
2327 2511 2495 2581 gratia
2538 2511 2671 2567 salvi
2698 2511 2821 2568 facti
2850 2529 3034 2570 sumus
3062 2532 3075 2569 :
3104 2518 3199 2571 sed
3231 2532 3336 2571 non
3376 2519 3532 2573 simili

1962 2599 2141 2655 modo.
2187 2600 2370 2671 Neque
2411 2602 2552 2657 enim
2598 2602 2784 2658 iisdem
2833 2606 2883 2658 in
2926 2607 3122 2671 rebus,
3152 2608 3244 2663 sed
3275 2608 3326 2662 in
3370 2610 3535 2664 nntho

1961 2690 2251 2760 majoribus
2272 2700 2325 2746 ct
2345 2692 2764 2749 sublimioribus.
2794 2695 2909 2750 Non
2936 2696 3114 2767 itaque
3143 2698 3264 2754 talis
3286 2707 3369 2754 est
3395 2697 3533 2770 apud

1961 2794 2059 2835 nos
2100 2782 2289 2852 gratia.
2335 2780 2517 2852 Neque
2562 2783 2702 2837 enim
2751 2794 3087 2854 peccatorum
3139 2796 3341 2841 tantum
3381 2791 3533 2843 venia

1961 2873 2115 2928 nobis
2140 2872 2330 2928 collata
2360 2885 2438 2929 est
2464 2891 2477 2939 ;
2512 2874 2667 2944 hujus
2710 2891 2938 2946 namque
2967 2893 3087 2932 cum
3119 2878 3221 2933 illis
3260 2892 3535 2936 consortes

1959 2979 2143 3021 sumus
2176 2983 2188 3018 :
2221 2981 2408 3021 omnes
2452 2968 2595 3021 enim
2639 2979 3026 3037 peccaverunt;
3054 2970 3146 3025 sed
3176 2972 3334 3026 datur
3376 2974 3533 3028 etiam

1955 3058 2157 3127 justitia
2184 3099 2198 3122 ,
2231 3058 2584 3112 sanctiﬁcatio
2607 3100 2620 3124 ,
2649 3061 2895 3130 adeptio,
2921 3061 3147 3130 Spiritus
3169 3065 3337 3132 gratia
3382 3064 3537 3135 longe

1960 3149 2294 3220 splendidior
2337 3159 2391 3204 et
2442 3150 2677 3204 uberior.
2724 3151 2828 3205 Per
2856 3152 2992 3206 hanc
3028 3155 3249 3222 gratiam
3282 3155 3390 3209 Deo
3427 3157 3535 3210 cari

1962 3240 2080 3294 iacti
2108 3254 2320 3302 sumus,
2348 3254 2454 3293 non
2485 3239 2620 3293 ultra
2656 3250 2715 3294 ut
2739 3242 2875 3295 servi
2905 3250 3105 3296 tantum
3130 3286 3143 3308 ,
3172 3244 3263 3298 scd
3291 3246 3450 3299 etiam
3480 3254 3538 3300 ιιι

1963 3331 2055 3385 lilii
2084 3338 2137 3385 et
2158 3330 2334 3384 amici.
2360 3329 2484 3385 Ideo
2511 3330 2702 3401 inquit,
2729 3330 2958 3385 Gratiam
2989 3350 3080 3403 pro
3101 3336 3285 3405 gratia.
3324 3336 3530 3390 Etenim

1960 3421 2146 3493 legalia
2177 3435 2388 3492 quoque
2414 3436 2478 3475 ex
2499 3422 2666 3491 gratia
2691 3431 2865 3489 erant,
2891 3438 3095 3479 necnon
3120 3426 3258 3496 quod
3281 3440 3344 3480 ex
3374 3426 3539 3481 nihilo

1962 3514 2084 3569 facti
2114 3513 2281 3569 simus
2310 3531 2323 3567 :
2348 3529 2453 3568 non
2477 3515 2617 3569 enim
2644 3530 2707 3569 ex
2732 3516 3156 3586 prmcedentibus
3179 3519 3379 3574 meritis
3403 3519 3540 3576 hanc

1960 3605 2441 3660 remunerationem
2488 3606 2832 3676 accepimus:
2864 3609 3135 3678 quemon
3180 3612 3324 3666 enim
3350 3653 3365 3677 ,
3412 3626 3531 3668 cum

1960 3711 2066 3751 non
2079 3694 2350 3751 essemus?
2364 3695 2457 3750 sed
2474 3695 2611 3751 Deus
2631 3711 2841 3768 semper
2856 3698 3129 3755 beneﬂciis
3145 3715 3244 3755 nos
3263 3705 3537 3770 prun-cuit.

1961 3785 2076 3839 Non
2099 3784 2257 3839 modo
2269 3797 2389 3840 cum
2412 3800 2511 3840 nos
2539 3801 2603 3840 ex
2630 3787 2797 3841 nihilo
2820 3789 3085 3858 produxit,
3110 3792 3202 3846 s’ed
3228 3793 3385 3847 etiam
3416 3810 3537 3849 cum

1961 3877 2152 3931 creatis
2165 3876 2251 3930 dat
2265 3886 2316 3930 ut
2333 3892 2449 3947 quae
2462 3877 2659 3947 agenda
2670 3894 2806 3948 ,qu:c
2821 3892 2925 3933 non
2944 3881 3144 3950 agenda
3162 3894 3280 3937 sunt
3298 3886 3526 3939 sciamus

1963 3977 2016 4023 ct
2039 3969 2172 4024 hanc
2204 3968 2255 4022 in
2280 3978 2468 4022 natura
2493 3968 2661 4037 legem
2693 3971 3062 4025 nanciscamur
3090 3990 3102 4025 :
3130 3976 3343 4043 etquod
3389 3977 3539 4030 nobis

1964 4060 2306 4115 conscienti:e
2337 4059 2567 4113 tribunal
2597 4060 2957 4129 ittcorrttplunt
2983 4062 3249 4129 indiderit,
3280 4066 3330 4119 id
3358 4070 3540 4136 gratim

1964 4154 2209 4207 maxima:
2250 4157 2307 4204 et
2354 4148 2636 4204 inell'abilis
2684 4151 3023 4221 benignitatis
3068 4153 3183 4208 fuit.
3215 4155 3365 4221 Quod
3414 4159 3537 4212 item

1964 4241 2101 4296 hanc
2131 4242 2302 4311 legem
2342 4239 2451 4309 jam
2482 4249 2785 4309 corruptam
2808 4281 2823 4305 ,
2851 4256 2946 4309 per
2970 4243 3218 4313 scriptam
3250 4246 3419 4315 legem
3450 4263 3539 4304 res

1965 4332 2303 4393 stauraverit,
2334 4330 2382 4384 id
2413 4331 2598 4399 gratiae
2627 4339 2760 4384 erat.
2796 4331 2925 4386 Nam
2954 4343 3365 4391 consentaneum
3386 4348 3501 4395 erat
3521 4378 3537 4407 ,

1968 4432 2026 4475 ut
2053 4422 2140 4492 qui
2174 4420 2338 4475 semel
2370 4420 2547 4474 datam
2574 4422 2740 4491 legem
2770 4422 3179 4490 adulterassent,
3206 4428 3465 4498 supplicio
3490 4440 3543 4486 ct

1967 4508 2151 4567 ultioni
2193 4511 2552 4566 traderentur.
2585 4511 2699 4566 Non
2732 4510 2834 4567 hoc
2861 4523 3039 4569 autem
3073 4516 3266 4571 factum
3310 4528 3419 4581 est;
3449 4522 3540 4574 sed

1965 4617 2217 4658 concessa
2248 4613 2326 4657 est
2349 4602 2674 4668 emendatio,
2706 4612 2757 4659 et
2790 4606 2941 4659 venia
2973 4622 3077 4660 non
3106 4605 3305 4670 debita.
3334 4611 3426 4664 sed
3450 4628 3546 4680 per

1967 4693 2385 4749 misericordiam
2417 4702 2471 4749 et
2495 4694 2718 4764 gratiam
2750 4695 2891 4750 data.
2924 4695 3075 4763 Quod
3098 4698 3237 4752 enim
3264 4697 3314 4753 id
3340 4714 3402 4754 ex
3425 4713 3542 4770 gra-

1970 4785 2037 4838 tia
2068 4792 2119 4839 ct
2143 4783 2502 4839 misericordia
2525 4786 2798 4854 prodierit,
2820 4785 2940 4840 audi
2958 4787 3206 4842 Davidem
3234 4788 3499 4847 dicentem
3526 4809 3541 4847 :

1970 4875 2184 4930 Faciem
2234 4877 2605 4931 misericordias
2638 4874 2889 4932 Dominus
2911 4919 2927 4944 ,
2972 4888 3019 4933 et
3033 4881 3286 4949 judicium
3316 4884 3546 4939 omnibaé

1965 4968 2205 5039 injuriam
2233 4967 2557 5037 patientibus.
2594 4967 2755 5022 Notas
2791 4970 2908 5040 fecit
2930 4970 3034 5025 vias
3062 4987 3181 5025 suas
3208 4971 3395 5044 Moysi,
3424 4976 3547 5044 ﬁliis

1968 5057 2132 5113 Israel
2157 5060 2437 5113 voluntates
2458 5075 2576 5112 suas
2598 5058 2618 5130 (
2643 5056 2787 5113 I’sal.
2820 5058 2942 5113 102.
2971 5060 3025 5115 6.
3050 5073 3095 5115 et
3115 5064 3147 5118 7
3168 5064 3211 5136 ).
3240 5064 3307 5119 Et
3327 5065 3541 5120 iterum:

1970 5148 2150 5203 Dulcis
2205 5158 2251 5203 et
2291 5160 2457 5203 rectus
2509 5147 2795 5209 Dominus:
2832 5161 3036 5219 propter
3064 5150 3160 5207 hoc
3194 5154 3353 5224 legem
3404 5156 3545 5209 dabit

1968 5240 2366 5310 delinquentibus
2392 5240 2441 5293 in
2470 5241 2550 5293 via
2577 5240 2593 5304 (
2624 5237 2652 5292 Ι
2659 5238 2760 5293 bid.
2784 5239 2874 5293 21.
2906 5240 2939 5295 8
2961 5243 3006 5311 ).

2034 5417 2049 5450 ι
2088 5421 2197 5464 Post
2220 5413 2355 5468 illud.
2378 5410 2525 5461 miser
2539 5422 2643 5475 ego,
2668 5408 2832 5475 Morel.
2860 5419 3032 5461 etttss.
3054 5415 3190 5475 pauci
3215 5413 3416 5475 addunt,
3441 5432 3545 5467 ntu-

1965 5477 2097 5549 ajime
2127 5464 2462 5536 compunctus;
2487 5464 2705 5522 sed'h'ec
2726 5472 2904 5523 desunt
2929 5475 2976 5523 in
2999 5464 3137 5525 sa'til.
3168 5484 3219 5525 et
3240 5464 3416 5528 inlusis:
3443 5464 3542 5542 plu-

1966 5552 2238 5664 ΠὛδξηιιε
2261 5593 2446 5664 Merel..
2473 5591 2735 5664 legendum
2770 5604 2936 5664 esset,
2953 5596 3039 5664 sed
3063 5599 3288 5648 sanctitas
3329 5600 3416 5649 Dei
3445 5606 3546 5651 tum

1964 5657 2205 5708 sanctitati
2228 5663 2403 5705 nostra:
2424 5664 2524 5723 tum
2549 5657 2787 5723 structum
2811 5663 3112 5721 potestatum,
3138 5671 3249 5720 ante
3286 5673 3434 5723 supra
3457 5675 3541 5713 nos

1966 5727 2091 5780 sunt,
2116 5724 2312 5782 pt'tcstat
2336 5724 2382 5766 et
2401 5714 2651 5767 dissimilis
2673 5726 2762 5768 est.
