4012 6194
437 310 498 365 iiii
1146 308 1198 365 S.
1240 308 1515 367 JOANNIS
1554 306 2026 366 CllliYSOSTOEIl
2066 308 2377 365 ARCIIIEP.
2407 312 2937 373 CUNSTANTINOP.
3641 321 3711 374 96

506 432 559 486 5.
601 428 980 484 Misericordia:
1025 428 1183 498 igitur
1216 437 1270 482 et
1314 427 1715 482 miserationmn
1747 434 1800 480 et
1835 424 2019 495 gratia:

440 534 575 589 opus
618 518 749 574 illud
779 529 858 574 est
882 558 899 587 ,
926 518 1101 589 legem
1141 519 1405 589 accipere.
1455 516 1580 572 Ideo
1606 531 1726 572 cum
1757 516 2018 583 dixisset,

436 610 668 665 Gratiam
695 627 789 682 pro
808 610 993 683 gratia,
1026 610 1396 665 vehementius
1418 610 1439 641 ‘
1473 607 1821 678 magnitudini
1848 606 2019 662 dono-

437 719 554 758 rum
603 704 857 758 insistens
903 702 1176 773 subjungit
1204 718 1219 757 :
1251 703 1337 757 l7.
1374 698 1479 756 Lea:
1515 716 1604 772 per
1635 700 1859 772 Moysen:
1899 699 2020 753 data

433 804 542 860 est,
595 795 760 865 gratia
804 803 852 849 et
897 793 1079 847 veritas
1107 809 1198 863 per
1234 790 1411 846 Jesum
1454 790 1711 846 Christum
1741 789 1879 859 [arta
1921 798 2015 843 est.

439 884 625 940 Videte
659 899 816 955 quam
848 883 1057 954 placide
1086 898 1149 938 ac
1170 883 1425 953 paulatim
1456 897 1562 937 uno
1587 882 1753 937 verbo
1782 890 1836 936 et
1862 880 2018 936 Joan-

438 990 538 1030 nes
584 975 821 1045 Baptista
864 983 919 1031 et
951 975 1245 1045 discipulus
1285 974 1351 1029 ad
1403 989 1706 1044 supremam
1744 972 2017 1029 auditores

435 1069 794 1138 cognitionem
835 1067 1061 1123 evellant
1081 1108 1095 1133 ,
1125 1078 1405 1137 postquam
1444 1081 1537 1121 eos
1566 1066 1618 1119 in
1645 1064 2015 1120 humilioribus

432 1161 831 1215 exercitarunt?
855 1158 948 1216 llle
970 1174 1199 1229 namque
1219 1166 1497 1229 postquam
1518 1172 1698 1213 secum
1719 1157 2016 1213 contulerat

431 1263 581 1316 eum,
604 1247 696 1317 qui
730 1249 846 1302 sine
873 1249 1276 1318 comparatione
1303 1261 1492 1302 omnes
1518 1246 1766 1312 excedit,
1798 1247 1877 1302 sic
1898 1246 2015 1317 ejus

430 1350 613 1408 postea
654 1339 1023 1393 excellentiam
1073 1338 1307 1392 ostendit
1353 1338 1577 1393 dicens:
1630 1338 1729 1405 Qui
1774 1346 1892 1391 ante
1935 1353 2016 1391 me

430 1432 597 1501 {actus
638 1439 744 1493 est;
776 1428 969 1485 deinde
997 1428 1235 1484 subdens
1266 1428 1416 1492 illud,
1450 1427 1605 1481 Prior
1633 1443 1712 1481 me
1748 1434 1899 1481 erat:
1924 1425 2013 1481 hic

428 1536 557 1576 vero
582 1521 750 1575 multo
776 1520 953 1590 majus
983 1520 1250 1589 prmstitit,
1279 1520 1455 1573 minus
1487 1527 1663 1574 tamen
1690 1534 1847 1589 quam
1875 1517 2010 1574 Uni-

426 1612 591 1681 geniti
618 1611 848 1682 dignitas
879 1611 1194 1682 postularet.
1230 1610 1345 1666 Non
1378 1611 1522 1665 enim
1547 1610 1737 1665 Joanni
1758 1649 1774 1676 ,
1807 1609 1901 1665 sed
1927 1610 2007 1677 ei,

426 1702 517 1771 qui
545 1702 734 1772 majori
760 1717 916 1773 quam
948 1701 1185 1757 Joannes
1212 1701 1350 1772 apud
1379 1701 1596 1756 Judmos
1628 1710 1743 1755 erat
1772 1700 1997 1755 admirao

429 1794 582 1860 tioni,
611 1795 776 1866 Moysi
806 1810 1021 1864 nempe,
1046 1796 1220 1865 ipsum
1247 1804 1523 1865 comparat
1548 1794 1753 1860 dicens,
1785 1793 1893 1849 Lea:
1921 1811 2011 1865 per

428 1885 662 1959 Moysen:
694 1887 815 1941 data
836 1896 929 1953 est,
958 1888 1127 1958 gratia
1154 1896 1200 1942 et
1227 1887 1410 1941 veritas
1437 1903 1525 1956 per
1552 1887 1583 1941 J
1592 1903 1728 1941 esum
1754 1886 2008 1941 Christum

425 1982 564 2050 {acta
590 1987 683 2033 est.
715 1979 781 2034 Et
805 1978 925 2034 vide
963 1977 1322 2050 prudentiam.
1354 1978 1466 2033 Non
1513 1993 1881 2047 personarum,
1910 1978 2006 2034 sed

426 2084 605 2125 rerum
633 2068 1066 2140 disquisitionem
1095 2067 1240 2124 facit.
1268 2068 1399 2123 Nam
1427 2083 1549 2123 cum
1583 2082 1669 2123 res
1694 2069 1821 2139 ipsae
1852 2069 2007 2139 longe

426 2160 659 2230 majores
684 2160 1201 2224 detnonstrarentur,
1233 2160 1538 2215 necessario
1561 2159 1749 2229 ingrati
1782 2159 1856 2214 illi
1879 2174 2006 2214 sen-

425 2252 646 2307 tentiam
686 2262 742 2308 et
769 2253 1077 2322 opinionem
1104 2252 1172 2307 de
1197 2251 1412 2308 Christo
1440 2253 1690 2321 excipere
1715 2252 2003 2309 debebant.

423 2343 560 2398 Cum
585 2344 728 2398 enim
755 2359 917 2413 orera
940 2344 1075 2415 ipsa,
1100 2360 1217 2414 qua:
1236 2343 1434 2399 nullam
1463 2342 1793 2400 habeantch
1821 2346 2005 2416 gratim

423 2433 509 2489 vel
552 2433 660 2488 odii
708 2434 1071 2504 suspicionem
1097 2473 1112 2500 ,
1162 2433 1556 2500 testificantur,
1590 2447 1794 2489 certum
1844 2437 2003 2490 etiam

422 2523 821 2593 impudentibus
846 2525 1090 2594 prmbent
1119 2524 1391 2579 indicium.
1423 2523 1554 2579 Nam
1594 2526 1767 2597 qualia
1796 2526 1881 2581 illa
1907 2541 2002 2582 au-

420 2624 599 2671 ctores
634 2615 960 2684 ediderunt,
1005 2616 1129 2672 talia
1171 2627 1389 2673 manent
1431 2629 1484 2674 et
1521 2620 1806 2690 conspicua
1837 2630 2001 2677 sunt:

417 2709 768 2779 quamobrem
792 2709 937 2765 omni
972 2710 1276 2781 suspicione
1302 2720 1357 2766 et
1385 2712 1701 2782 exceptione
1729 2713 1899 2783 majus
1924 2724 2005 2769 est

420 2801 635 2857 illorum
671 2803 1055 2858 testimonium.
1088 2803 1467 2859 Animadverte
1495 2813 1672 2860 autem
1700 2821 1855 2876 quam
1886 2822 2002 2861 mo-

416 2892 622 2949 destam
645 2892 801 2949 faciat
827 2894 1281 2965 comparationem
1308 2896 1468 2951 etiam
1492 2896 1630 2965 apud
1660 2895 1999 2953 infirmiores.

416 2983 535 3040 Non
555 2985 695 3040 enim
716 2984 1083 3041 excellentiam
1112 2986 1257 3041 illam
1280 2987 1459 3041 verbis
1478 2987 1705 3055 extollit,
1729 2988 1821 3043 sed
1845 2987 2001 3044 nudis

414 3075 721 3132 nominibus
772 3075 1124 3132 diﬂ'erentiam
1173 3077 1448 3145 ostendit,
1505 3078 1630 3133 dum
1675 3080 1900 3149 gratiam
1944 3089 2000 3136 et

411 3166 710 3232 veritatem,
742 3166 866 3238 legi,
897 3176 951 3222 et
981 3167 1117 3222 hanc
1142 3182 1347 3235 vocem,
1381 3167 1543 3223 Facta
1569 3183 1662 3235 est,
1687 3168 1830 3233 huic,
1861 3169 2000 3225 Data

409 3265 483 3312 est
503 3298 519 3320 ,
550 3258 791 3327 opponit.
820 3257 1037 3313 Multum
1069 3269 1246 3315 autem
1297 3269 1381 3316 cst
1408 3261 1548 3316 inter
1576 3271 1857 3334 utramque
1883 3263 1996 3318 dis-

408 3350 633 3404 crimen.
662 3349 794 3404 Nam
829 3350 977 3418 illud,
1004 3350 1136 3404 Data
1161 3360 1253 3419 est,
1287 3352 1513 3407 ministri
1539 3364 1671 3417 erat,
1696 3355 1783 3424 qui
1805 3355 1871 3409 ab
1890 3356 1997 3411 alio

409 3448 689 3509 acceptum
715 3438 863 3495 dedit
883 3441 1076 3510 quibus
1094 3441 1272 3510 jussus
1300 3450 1451 3506 erat;
1480 3442 1612 3497 illud
1638 3458 1763 3499 vero
1785 3484 1801 3510 ,
1833 3444 1995 3500 Facta

411 3541 486 3585 est
511 3572 526 3597 ,
556 3533 724 3602 gratia
751 3541 805 3588 et
828 3534 1027 3589 veritas
1051 3575 1065 3599 ,
1113 3535 1272 3606 Regis
1310 3546 1393 3592 est
1436 3537 1525 3606 qui
1571 3552 1690 3593 cum
1734 3548 1994 3609 potestate

409 3632 633 3692 peccata
679 3623 863 3678 omnia
889 3623 1145 3693 dimittit,
1187 3635 1244 3683 et
1283 3625 1480 3682 donum
1515 3640 1777 3700 praeparat
1814 3648 1991 3688 suum.

407 3714 767 3782 Quamobrem
795 3715 1026 3782 dicebat,
1055 3717 1393 3774 Dimittuntur
1436 3720 1523 3774 tibi
1554 3734 1758 3793 peccata
1786 3722 1988 3795 (Marc.

406 3806 462 3860 2.
493 3805 548 3877 9)
574 3816 660 3872 ;ct
688 3822 918 3876 rursum,
942 3807 1011 3864 Ut
1034 3821 1200 3866 autem
1218 3812 1388 3867 sciatis
1405 3814 1525 3883 quia
1538 3823 1830 3885 potestate»:
1847 3818 1995 3872 habet

412 3900 584 3958 Filius
622 3903 839 3958 hominis
878 3906 930 3959 in
971 3915 1104 3961 terra
1128 3908 1412 3963 dimittendi
1456 3923 1694 3981 peccata,
1731 3915 1802 3968 ait
1840 3932 1992 3985 para-

394 3996 584 4067 Jytico:
601 3995 829 4067 Surgens
843 3999 963 4053 tolle
981 3999 1160 4055 lectum
1176 4010 1333 4068 tuum,
1357 4013 1403 4056 et
1420 4007 1544 4058 vade
1560 4005 1612 4058 in
1629 4005 1833 4060 domum
1852 4017 1990 4063 tuam

390 4087 565 4160 (ιδιά.
598 4104 646 4144 υ.
680 4089 766 4145 10.
799 4099 844 4144 et
872 4091 933 4146 ιι
968 4090 1010 4161 ).
1044 4090 1231 4148 Viden‘
1258 4094 1526 4162 quomodo
1551 4097 1718 4167 gratia
1751 4113 1846 4167 per
1865 4114 1985 4154 eum

394 4180 537 4234 sliat?
566 4179 867 4237 Veritatem
894 4197 1108 4253 quoque
1135 4183 1275 4239 vide.
1300 4183 1537 4241 Gratiam
1570 4187 1763 4258 igitur,
1793 4198 1848 4244 et
1873 4189 1987 4245 haec

402 4278 456 4323 et
485 4284 604 4340 qua:
630 4270 696 4326 ad
726 4271 985 4328 latronem
1008 4281 1275 4343 spectant,
1304 4283 1359 4330 et
1390 4274 1723 4346 baptismatis
1744 4278 1945 4335 donum
1964 4321 1981 4350 ,

392 4359 703 4431 ethpiritus
729 4363 895 4433 gratia
918 4379 1013 4434 per
1034 4367 1203 4434 ipsum
1228 4365 1352 4435 data
1369 4368 1390 4398 ¹
1419 4368 1705 4424 ostendunt
1731 4387 1746 4435 ;
1775 4385 1983 4426 necnon

393 4451 505 4505 alia
534 4452 773 4522 plurima
807 4471 821 4507 :
855 4456 1129 4509 veritatem
1178 4467 1355 4511 autem
1409 4458 1739 4515 manifestius
1784 4460 1984 4516 intelli-

410 4555 620 4611 gemus,
649 4543 692 4596 si
717 4542 1290 4614 figurasdidiccritnus.
1321 4546 1453 4602 Nam
1481 4565 1600 4619 ipse
1626 4550 1679 4605 in
1706 4551 1854 4607 Novo
1880 4552 1983 4608 Te-

398 4641 671 4688 stamento
695 4631 1055 4703 dispensanda
1105 4643 1294 4702 erant,
1324 4636 1506 4707 figura:
1536 4643 1680 4708 pritts
1718 4652 1774 4697 ut
1802 4644 1983 4714 ﬁgura:

396 4721 815 4793 descripserant;
837 4725 1079 4781 Christus
1104 4734 1289 4781 autem
1313 4728 1532 4783 veniens
1567 4732 1979 4793 consummavit.

401 4812 591 4869 Paucis
612 4828 740 4884 ergo
760 4814 958 4886 figuras
982 4817 1099 4871 illas
1121 4816 1412 4873 videamus.
1439 4819 1623 4891 Neque
1642 4823 1783 4877 enim
1803 4827 1979 4880 omnia

400 4903 491 4958 illa
533 4918 817 4960 recensere
848 4909 1125 4975 praesentis
1152 4917 1235 4962 est
1258 4910 1551 4978 temporis;
1585 4926 1615 4966 a
1642 4914 1824 4980 paucis
1860 4930 1980 4984 qua:

399 5011 542 5053 nunc
572 4997 838 5066 proferam
859 5009 1047 5055 extera
1080 5000 1407 5069 intelligetis.
1446 5002 1613 5058 Vultis
1632 5004 1696 5057 ab
1718 5005 1829 5074 ipsa
1861 5022 1981 5076 pas-

391 5088 551 5144 sione
593 5087 945 5159 incipiamus?
973 5090 1105 5157 Quid
1151 5092 1225 5146 ait
1267 5091 1432 5164 figura
1465 5111 1482 5151 :
1510 5096 1748 5165 Accipite
1786 5112 1977 5167 agnum

392 5194 494 5248 per
518 5180 741 5248 domos,
783 5189 839 5237 et
882 5181 1182 5248 immolato,
1222 5192 1278 5239 et
1322 5184 1478 5239 tacite
1522 5196 1579 5239 ut
1624 5189 1881 5257 praecepit
1925 5196 1983 5243 et

395 5270 579 5326 statuit
621 5270 882 5327 Dominus
912 5270 1129 5344 (Exod.
1174 5272 1260 5328 η.
1293 5274 1385 5345 3).
1415 5275 1659 5330 Christus
1698 5293 1827 5332 vero
1872 5294 1976 5332 non

395 5360 504 5426 sic;
546 5375 721 5431 neque
761 5361 903 5417 enim
934 5364 1172 5433 prrccipit
1219 5364 1320 5420 hoc
1344 5381 1501 5436 agere
1534 5385 1548 5422 :
1577 5367 1670 5423 sed
1701 5368 1812 5437 ipse
1859 5383 1978 5424 sese

396 5452 720 5508 oblationem
748 5463 805 5510 ct
832 5452 1058 5509 hostiam
1090 5454 1231 5510 Patri
1258 5456 1432 5511 offert.

458 5609 476 5673 ξ
513 5606 648 5673 Alias
676 5606 876 5673 legitur,
902 5608 1102 5673 clarius.
1126 5621 1232 5670 pro,
1268 5608 1602 5673 relierrtetttitrs.

453 5669 477 5702 ³
510 5669 762 5742 sicsavilf,
790 5680 844 5742 et
874 5669 1215 5742 plurimittssq
1242 5671 1401 5742 Morel.
1425 5688 1542 5725 vero
1574 5675 1721 5725 habet
1740 5708 1755 5735 ,
1782 5682 1828 5726 et
1856 5673 1978 5739 [ttio-

392 5750 503 5790 rttm
525 5733 719 5799 adoptio
737 5733 978 5798 nobis’pcr
1000 5733 1081 5800 Spi
1102 5735 1227 5782 'itmn
1252 5736 1380 5784 data.

2203 425 2257 480 6.
2304 425 2432 483 Vide
2460 443 2567 499 quo
2594 441 2747 499 pacto
2777 430 2937 501 figura
2971 446 3065 501 per
3090 432 3325 505 Moysctn
3354 434 3478 491 data
3505 435 3596 497 sit.
3620 453 3708 495 ve-

2127 515 2259 570 ritas
2285 526 2459 572 autem
2494 534 2589 588 per
2608 519 2791 575 Jesum
2811 520 3083 577 Christum
3113 521 3247 578 facta
3291 526 3380 579 sit.
3408 526 3473 581 Et
3497 543 3706 585 rursum

2126 605 2180 661 in
2208 617 2393 662 monte
2421 606 2571 677 Sina,
2598 624 2718 664 cum
2757 611 3068 667 Amalecitte
3097 624 3283 668 contra
3314 614 3574 673 Hebraeos
3615 636 3708 688 pu-

2122 712 2280 768 gnam
2304 700 2720 769 committerent,
2765 717 2955 757 manus
2981 703 3176 775 Moysis
3221 705 3290 760 ab
3316 706 3528 763 Aarone
3554 719 3608 763 et
3635 710 3707 765 Or

2126 790 2374 861 utrinque
2397 802 2633 848 extensa:
2653 794 3089 863 sustinebantur;
3115 797 3366 854 Christus
3393 810 3571 856 autem
3596 807 3706 872 lpse

2123 895 2219 950 per
2241 896 2359 938 sese
2385 897 2573 938 manus
2603 893 2850 939 extensas
2868 886 3035 940 tenuit
3064 886 3117 940 in
3147 902 3327 943 cruce.
3361 890 3548 946 Videu‘
3577 909 3705 962 quo-

2122 972 2280 1027 modo
2308 973 2469 1042 figura
2499 973 2643 1039 data,
2683 977 2876 1031 veritas
2901 986 3078 1032 autem
3103 979 3236 1033 facta
3264 978 3368 1033 sit?
3394 981 3602 1038 Rursus
3624 984 3705 1037 lex

2119 1062 2351 1130 dicebat,
2378 1063 2684 1119 Maledictus
2714 1067 2877 1121 omnis
2920 1068 3006 1136 qui
3047 1085 3146 1122 non
3190 1080 3354 1124 manet
3390 1072 3441 1125 in
3489 1073 3555 1127 iis
3595 1088 3708 1143 quia

2118 1153 2307 1224 scripta
2331 1157 2521 1210 suntin
2554 1156 2682 1210 libro
2712 1157 2808 1211 hoc
2852 1157 3029 1228 (Dent.
3062 1158 3154 1226 27,
3192 1160 3322 1229 26);
3363 1163 3531 1231 gratia
3577 1178 3706 1219 vero

2118 1244 2242 1315 quid
2269 1245 2437 1301 dicit?
2473 1245 2646 1301 Venite
2664 1247 2734 1301 ad
2761 1262 2839 1302 me
2866 1265 3037 1303 omnes
3057 1250 3143 1320 qui
3167 1250 3410 1306 laboratis
3438 1263 3485 1307 et
3506 1257 3707 1309 onerati

2117 1335 2254 1400 estis,
2292 1345 2339 1389 et
2376 1352 2469 1407 ego
2508 1338 2733 1406 reﬁciant
2767 1355 2854 1393 vos
2897 1339 3107 1409 (Matth.
3140 1341 3227 1396 il.
3259 1341 3383 1413 28);
3412 1354 3466 1399 et
3486 1344 3701 1409 Paulus,

2118 1423 2349 1479 Christus
2374 1442 2464 1479 nos
2479 1427 2686 1481 redemit
2706 1427 2769 1481 de
2789 1428 3055 1483 maledicto
3087 1427 3230 1501 tegis,
3254 1431 3421 1501 [actus
3443 1450 3537 1502 pro
3564 1436 3704 1489 nobis

2115 1517 2435 1573 maledictum
2467 1517 2608 1592 (Gal.
2651 1521 2704 1575 ὅ.
2739 1520 2851 1590 15).
2905 1521 3036 1589 Quia
3087 1524 3245 1593 igitur
3289 1533 3432 1579 tanta
3479 1524 3703 1581 frititnur

2113 1610 2281 1680 gratia
2318 1623 2371 1666 et
2396 1613 2640 1678 veritate,
2670 1613 2897 1668 obsecro
2925 1629 2991 1668 ne
3034 1623 3251 1685 propter
3279 1616 3406 1672 doni
3438 1620 3701 1689 magnitu-

2116 1702 2296 1756 dinem
2328 1703 2603 1773 scgniores
2628 1703 2937 1759 evadamus.
2975 1704 3184 1772 Quanto
3211 1708 3397 1776 majori
3431 1709 3574 1763 enim
3616 1709 3698 1762 dio

2111 1794 2255 1862 gnati
2271 1807 2458 1847 sumus
2481 1792 2709 1860 honore,
2732 1802 2878 1848 tanto
2896 1795 3152 1864 majorem
3169 1797 3419 1852 virtutem
3445 1797 3699 1854 exhibere

2114 1891 2374 1937 tenemur.
2403 1883 2533 1937 Nam
2559 1884 2647 1954 qui
2677 1884 2852 1953 parvis
2872 1885 3105 1954 acceptis
3132 1886 3404 1942 beneficiis
3431 1903 3591 1957 parva
3616 1904 3698 1943 rc-

2112 1972 2314 2037 tulerit,
2348 1987 2453 2027 non
2496 1988 2665 2044 usque
2706 1973 2842 2030 adeo
2882 1973 3177 2044 culpandus
3203 1986 3317 2031 est:
3350 1979 3438 2047 qui
3469 1993 3599 2034 vero
3629 1980 3696 2033 ad

2110 2077 2419 2133 supremum
2451 2064 2669 2119 honoris
2697 2064 2908 2120 culmen
2942 2066 3204 2134 ascendit,
3252 2077 3547 2141 posteaque
3574 2072 3696 2126 vilia

2110 2153 2407 2225 exiguaque
2450 2154 2715 2225 rependit,
2761 2156 2920 2225 longe
2947 2157 3135 2228 majori
3178 2160 3285 2214 erit
3327 2162 3589 2232 supplicio
3617 2165 3699 2219 di-

2109 2262 2265 2318 gnus.
2299 2247 2405 2303 Sed
2450 2247 2609 2317 absit,
2644 2263 2713 2304 ne
2755 2248 2821 2304 de
2849 2249 3000 2305 vobis
3029 2250 3152 2305 talia
3180 2266 3433 2322 umquam
3459 2256 3695 2325 suspice-

2111 2354 2252 2393 mur.
2275 2337 2605 2395 Conﬁdimus
2626 2340 2770 2394 enim
2794 2339 2848 2394 iu
2878 2340 3124 2409 Domino,
3149 2357 3245 2398 vos
3265 2345 3471 2401 animas
3490 2356 3695 2405 vestras

2110 2444 2298 2485 versus
2323 2430 2511 2485 caelum
2533 2444 2629 2487 ceu
2657 2431 2758 2487 alis
2780 2431 3096 2501 quibusdam
3125 2433 3401 2500 extulisse,
3424 2444 3478 2491 et
3501 2451 3531 2491 a
3556 2446 3692 2494 terra

2111 2520 2457 2590 abstraxisse,
2489 2536 2553 2577 ac
2581 2520 2709 2576 dum
2740 2521 2793 2576 in
2820 2522 3021 2577 mundo
3070 2524 3381 2591 versamini,
3427 2527 3691 2583 mundana

2109 2628 2214 2667 non
2248 2621 2494 2668 tractare.
2527 2613 2775 2668 Attamen
2802 2613 2926 2669 licet
2958 2615 3046 2670 tali
3076 2614 3319 2671 instructi
3348 2617 3560 2686 ﬁducia,
3588 2635 3690 2676 non
3726 2680 3749 2691 κ

2107 2717 2382 2759 cessamus
2410 2718 2504 2758 vos
2531 2702 2840 2773 frequenter
2855 2703 2923 2759 de
2948 2705 3137 2761 iisdem
3157 2706 3285 2777 ipsis
3302 2722 3541 2766 monere.
3560 2710 3690 2766 Nam

2107 2803 2162 2850 et
2188 2795 2239 2849 in
2266 2797 2502 2851 externis
2527 2796 2632 2850 illis
2662 2796 3043 2852 certaminibus
3073 2814 3179 2853 non
3226 2808 3541 2869 prostratos,
3585 2817 3689 2858 non

2107 2887 2327 2957 supinos
2351 2887 2615 2958 jacentcs,
2646 2886 2741 2943 sed
2767 2897 3034 2955 strenuos,
3069 2900 3369 2956 currentes,
3412 2891 3692 2949 hortantur

2107 2988 2439 3049 spectatores
2459 2994 2667 3035 omnes.
2698 2978 2824 3035 lllos
2845 2980 2986 3034 enim
3008 2981 3174 3035 semel
3200 2997 3229 3036 a
3258 2982 3481 3039 victoria
3506 2985 3687 3040 exclu-

2105 3083 2216 3135 sos,
2247 3071 2336 3141 qui
2372 3069 2519 3125 nullo
2551 3072 2756 3141 possint
2788 3072 3000 3126 hortatu
3029 3073 3158 3127 moti
3182 3089 3423 3145 surgere,
3453 3092 3520 3133 ne
3553 3093 3686 3132 vane

2107 3159 2370 3228 laborent,
2416 3161 2598 3216 sinunt
2627 3160 2884 3217 decussus
2907 3163 3125 3232 jacere:
3156 3163 3242 3220 hic
3272 3175 3452 3221 autem
3487 3184 3591 3222 non
3617 3168 3684 3224 de

2103 3257 2255 3313 vobis
2284 3256 2444 3312 modo
2473 3257 2561 3327 qui
2596 3256 2848 3327 vigilatis,
2876 3257 2971 3313 sed
2997 3260 3158 3312 etiam
3183 3257 3251 3315 de
3273 3259 3338 3314 iis
3355 3260 3442 3331 qui
3466 3262 3681 3332 collapsi

2102 3357 2248 3413 sunt,
2296 3359 2377 3404 est
2417 3348 2615 3419 aliquid
2648 3347 2993 3418 sperandum,
3041 3349 3087 3403 si
3138 3348 3455 3421 resipiscere
3500 3352 3677 3408 velint.

2101 3437 2461 3506 Quamobrem
2489 3437 2621 3493 nihil
2651 3454 2755 3492 non
2787 3438 3013 3509 agimus,
3063 3449 3332 3510 rogantes,
3387 3441 3678 3508 hortantes,

2098 3530 2503 3602 exprobrantes,
2535 3532 2895 3601 increpantes,
2925 3530 3224 3594 laudantes,
3255 3541 3312 3587 ut
3339 3545 3570 3589 vestram
3592 3551 3679 3589 sa-

2100 3621 2264 3676 lutem
2292 3636 2598 3690 operemur.
2623 3620 2699 3676 Ne
2726 3621 2902 3692 itaque
2925 3620 3339 3693 frequentiorem
3367 3624 3433 3679 ad
3460 3626 3676 3695 probam

2099 3713 2259 3767 vitam
2285 3711 2643 3767 hortationem
2671 3727 2812 3783 tegre
2842 3712 3046 3767 feratis.
3078 3712 3193 3768 Non
3214 3709 3366 3769 enim
3395 3716 3466 3770 ita
3498 3717 3676 3786 loqui-

2098 3819 2218 3858 mur
2243 3812 2299 3857 ut
2326 3818 2422 3859 vos
2451 3803 2501 3857 in
2526 3802 2747 3858 desidia:
2774 3804 2977 3860 crimen
3002 3821 3275 3866 vocemus.
3299 3806 3391 3862 sed
3426 3808 3560 3863 bona
3586 3824 3676 3879 spe

2096 3896 2209 3950 fulti
2233 3910 2536 3954 monemus.
2558 3896 2740 3967 Neque
2764 3896 2830 3951 ad
2854 3910 2950 3952 vos
2969 3896 3166 3962 solum,
3196 3897 3289 3952 sed
3312 3899 3377 3953 ad
3396 3914 3493 3953 nos
3517 3901 3673 3955 etiam

2094 3996 2338 4060 Spectant
2363 3998 2417 4045 ct
2446 3989 2558 4044 haec
2578 3999 2632 4044 et
2658 4003 2776 4060 qua:
2816 3997 2999 4059 postea
3048 3988 3327 4046 dicentur:
3354 3992 3550 4047 etenim
3579 4008 3674 4047 nos

2093 4095 2305 4151 quoque
2336 4080 2435 4135 hac
2464 4095 2683 4150 egemus
2721 4079 2981 4135 doctrina.
3027 4079 3250 4137 Etiamsi
3295 4083 3436 4138 enim
3465 4099 3495 4138 a
3523 4085 3673 4139 nobis

2093 4171 2358 4237 dicantur,
2385 4171 2514 4226 nihil
2547 4180 2723 4226 tamen
2756 4180 2899 4227 vetat
2927 4173 3214 4243 quominus
3245 4172 3360 4229 lure
3389 4190 3487 4230 nos
3514 4177 3670 4231 etiam

2092 4267 2376 4339 attingant.
2403 4265 2595 4322 Sermo
2626 4281 2855 4336 namque
2886 4267 3118 4336 peccatis
3161 4267 3452 4322 obnoxium
3500 4271 3670 4324 corri-

2090 4358 2196 4429 git;
2229 4358 2454 4428 probnm
2498 4373 2628 4412 vero
2666 4373 2729 4412 ac
2767 4357 2974 4412 scelere
3015 4373 3241 4413 vacuum
3271 4359 3337 4415 ab
3365 4375 3432 4415 eo
3464 4360 3672 4430 longius

2091 4451 2325 4507 adducit.
2353 4451 2536 4521 Neque
2561 4451 2699 4505 enim
2720 4465 2859 4504 nosa
2889 4452 3121 4520 peccatis
3148 4452 3264 4520 puri
3292 4467 3496 4506 smnus.
3514 4454 3674 4507 Com-

2091 4543 2265 4599 munis
2289 4550 2373 4597 est
2398 4543 2680 4607 medicina,
2714 4542 2947 4596 remedia
2993 4543 3240 4598 omnibus
3282 4554 3548 4613 prostant;
3576 4546 3669 4601 sed

2089 4633 2296 4689 curatio
2319 4648 2422 4687 non
2451 4632 2751 4687 communis
2781 4644 2885 4699 est,
2916 4632 3042 4687 licet
3067 4648 3193 4688 usus
3223 4634 3553 4704 singulorum
3579 4652 3669 4690 ar-

2090 4724 2248 4778 bitrio
2293 4722 2650 4793 permi:tatur.
2694 4723 3031 4792 Quapropter
3058 4724 3101 4777 is
3143 4725 3231 4793 qui
3267 4733 3318 4777 ut
3350 4739 3445 4793 par
3471 4735 3551 4779 est
3583 4741 3667 4780 rc-

2088 4814 2267 4870 medio
2296 4816 2476 4879 utitur,
2505 4813 2861 4868 valetudinem
2892 4822 3204 4883 recuperat;
3230 4815 3317 4884 qui
3352 4814 3555 4869 vulneri
3582 4831 3670 4870 rc-

2088 4906 2322 4961 medium
2368 4922 2474 4960 non
2522 4905 2789 4965 admovet,
2822 4906 3018 4959 malum
3050 4914 3229 4974 auget,
3261 4914 3315 4959 et
3343 4905 3409 4959 ad
3441 4905 3671 4960 deterio-

2090 5013 2202 5053 rem
2222 4998 2379 5053 iinem
2404 4997 2594 5067 vergit.
2614 4995 2690 5051 Ne
2708 4996 2887 5066 itaque
2907 4994 3226 5049 medicinam
3255 5010 3396 5064 a‘gre
3414 4995 3667 5062 feramus;

2089 5090 2197 5144 into
2227 5091 2399 5158 potius
2425 5089 2772 5160 gaudeamus,
2816 5089 2861 5142 si
2904 5087 3160 5143 doctrina:
3191 5089 3382 5143 modus
3419 5089 3669 5144 acerbum

2090 5181 2279 5234 inferat
2308 5180 2545 5234 dolo.em
2574 5197 2585 5231 :
2621 5193 2741 5232 nam
2772 5179 3145 5232 suavissimum
3177 5187 3358 5247 postea
3390 5179 3541 5232 nobis
3561 5178 3673 5233 fru-

2089 5282 2232 5326 ctum
2265 5269 2468 5324 af'feret.
2501 5270 2639 5324 Nihil
2672 5272 2736 5324 ad
2767 5269 2868 5323 hoc
2891 5285 2994 5322 non
3018 5284 3256 5339 agamus,
3288 5277 3346 5323 ut
3372 5285 3400 5322 a
3429 5270 3594 5340 plagis
3617 5283 3672 5327 ct

2087 5360 2419 5427 vulneribus,
2450 5378 2568 5430 qua:
2600 5361 2801 5431 peccati
2834 5359 3023 5413 dentes
3052 5361 3245 5413 anima:
3290 5359 3550 5429 infligunt,
3604 5362 3671 5415 li-

2087 5452 2222 5515 beri,
2272 5451 2336 5504 ad
2388 5460 2640 5506 tt‘tcrnattt
2686 5452 2846 5504 vitam
2899 5451 3330 5519 proficiscamur;
3381 5461 3436 5506 ut
3473 5454 3670 5508 Christi

2087 5554 2376 5611 conspecm
2403 5542 2566 5612 digni,
2592 5558 2658 5596 ne
2687 5542 2965 5595 ultricibus
2985 5541 3412 5611 itnrnanibusque
3436 5551 3672 5610 potesta-

2089 5635 2228 5689 tibus
2260 5634 2349 5688 illo
2377 5634 2464 5687 die
2494 5633 2782 5699 tradantur,
2810 5633 2903 5688 sed
2936 5633 3038 5687 illis
3063 5647 3182 5702 qua:
3203 5647 3301 5687 nos
3323 5632 3387 5686 ad
3414 5635 3671 5688 caelorum

2092 5727 2441 5783 hereditatem
2469 5726 2736 5795 inducant,
2768 5743 2885 5798 qua:
2915 5736 3210 5798 praiparata
3234 5725 3297 5780 iis
3325 5737 3405 5781 est
3434 5728 3522 5799 qui
3546 5728 3668 5784 dili~
