4012 6198
322 265 396 318 97
1389 259 1453 312 IN
1492 257 1808 315 JOANNEM
1863 258 1910 313 ll

2024 256 2100 315 ιι..
2140 258 2256 315 XV.
2295 257 2363 312 al.
2406 256 2542 311 XlV.
3513 265 3599 320 pg.

321 391 459 451 gunt
505 378 661 433 illum
696 394 711 431 :
750 393 913 448 quam
962 377 1168 431 utinam
1219 393 1319 431 nos
1365 392 1556 432 omnes
1605 392 1909 448 consequa-

323 486 467 534 mur,
494 468 673 541 gratia
706 476 761 523 et
792 467 1123 539 benignitate
1156 466 1366 522 Domini
1394 468 1569 523 nostri
1596 467 1724 525 Jesu
1749 468 1908 523 Chri-

2018 377 2111 443 sti,
2144 378 2232 432 cui
2277 379 2447 449 gloria
2492 383 2545 431 et
2592 374 2961 445 imperiumin
3009 376 3206 431 saecula
3239 376 3586 437 saectdovum.

2015 468 2207 524 Amen.

1642 674 1989 737 HOMILIA
2033 672 2174 734 XV.

316 812 402 867 18.
435 810 608 868 Deum
635 830 780 868 neruo
813 814 938 867 vidit
963 831 1245 886 umquam:
1273 816 1575 888 Unigeuitus
1605 817 1789 883 Filius,
1828 818 1914 889 qui

645 913 718 957 est
746 905 798 959 in
822 905 936 959 sinu
965 904 1166 974 Patris,
1188 907 1297 977 ipse
1319 909 1593 961 enarravit.

397 999 452 1052 1.
492 995 612 1051 Non
640 1010 704 1050 ea
733 1005 816 1051 est
861 996 952 1051 Dei
1004 997 1278 1063 voluntas,
1309 1005 1367 1052 ut
1408 1012 1575 1053 sacrae
1623 998 1913 1069 Scriptura:

320 1090 545 1144 tiotnina
573 1097 778 1143 tantum
810 1096 866 1144 et
895 1090 1053 1144 verba
1076 1089 1377 1156 audiamus,
1403 1091 1494 1146 sed
1523 1098 1578 1145 ut
1599 1106 1720 1145 cum
1749 1091 1912 1145 multa

323 1182 611 1253 prudentia
643 1182 1023 1252 intelligamus.
1048 1181 1173 1238 Ideo
1201 1182 1390 1238 beatus
1414 1182 1572 1237 David
1601 1182 1915 1253 plerumque

327 1276 408 1330 sic
437 1274 684 1329 Psalmos
708 1287 837 1328 suos
869 1273 1140 1343 inscripsit
1167 1314 1181 1337 ,
1216 1271 1279 1327 In
1308 1272 1610 1326 intellectum
1634 1315 1648 1339 ,
1678 1280 1734 1326 et
1763 1272 1912 1328 dice-

329 1367 419 1419 bat
447 1382 461 1417 :
500 1361 689 1418 Revela
714 1363 888 1417 oculos
918 1378 1074 1427 meos,
1121 1370 1170 1416 et
1205 1362 1534 1417 considerabo
1577 1361 1829 1416 mirabilia
1853 1363 1916 1416 de

322 1457 434 1527 lege
456 1464 547 1508 tua
571 1454 748 1523 (Psal.
782 1455 907 1510 118.
938 1455 1051 1526 18).
1084 1454 1210 1509 Post
1231 1456 1403 1524 ipsum
1429 1454 1566 1509 illius
1595 1455 1710 1525 ejus
1738 1454 1914 1521 docet,

327 1546 657 1614 sapientiam
700 1545 854 1615 quasi
900 1554 1178 1615 argentum
1204 1544 1591 1614 exquirendum
1620 1560 1776 1611 esse;
1810 1546 1916 1601 imo

332 1640 619 1709 plusquam
648 1651 839 1692 aurum
864 1636 1277 1706 comparandam
1299 1637 1317 1707 (
1342 1635 1496 1692 Prov.
1530 1636 1618 1692 16.
1650 1636 1780 1705 16).
1813 1636 1917 1691 Do-

335 1729 519 1785 minus
537 1744 661 1784 vero
684 1728 899 1784 Iudaeos
925 1728 1169 1783 hortatur
1194 1770 1209 1794 ,
1238 1740 1295 1783 ut
1319 1737 1625 1785 scrutentur
1673 1729 1915 1798 Scriptu-

337 1836 452 1887 ras,
482 1820 550 1875 ad
575 1821 939 1890 maioremque
969 1834 1068 1875 nos
1103 1819 1303 1874 inducit
1330 1820 1792 1889 perquisitionem.
1814 1819 1918 1875 Ne-

329 1931 439 1986 que
488 1915 631 1969 enim
674 1914 753 1968 sic
795 1913 1044 1982 loquutus
1092 1911 1300 1975 fuisset,
1342 1912 1388 1968 si
1437 1912 1614 1968 statim
1663 1927 1692 1966 a
1745 1912 1915 1981 prima

329 2007 565 2063 lectione
592 2006 707 2061 haec
733 2005 954 2075 intelligi
1003 2014 1240 2073 possent.
1273 2004 1427 2071 Quod
1462 2005 1603 2059 enim
1659 2005 1710 2058 in
1743 2003 1918 2059 medio

332 2098 563 2169 positum
594 2098 777 2153 statim
804 2097 1112 2167 percipitur,
1141 2110 1300 2150 nemo
1326 2104 1592 2151 scrutatus
1608 2095 1761 2150 fuerit
1786 2094 1917 2169 λοεεά

332 2190 387 2244 id
415 2199 621 2243 tantum
652 2188 792 2258 quod
823 2186 1106 2242 obscurum
1136 2195 1218 2241 est
1243 2195 1298 2242 et
1326 2186 1494 2240 multo
1514 2195 1633 2256 eget
1649 2185 1916 2240 examine.

333 2281 463 2336 Ideo
489 2280 795 2335 thesaurum
817 2277 1189 2333 absconditum
1209 2278 1516 2347 Seripturas
1538 2292 1659 2333 esse
1683 2276 1833 2342 dicit,
1864 2284 1921 2331 ut

332 2375 407 2429 ad
437 2372 834 2444 inquisitionem
855 2386 953 2427 nos
978 2370 1199 2426 excitet.
1242 2369 1367 2424 llaec
1407 2377 1585 2424 autem
1621 2368 1741 2423 ideo
1777 2367 1920 2423 dixi-

334 2479 494 2528 sutis,
524 2471 585 2517 ut
625 2476 694 2517 ne
735 2462 903 2516 obiter
939 2469 995 2516 et
1035 2460 1398 2531 perfunctorie
1444 2457 1734 2528 Scriptum
1759 2457 1919 2513 verba

332 2553 731 2625 aggrediamur,
752 2551 843 2607 sed
873 2566 995 2607 eum
1023 2550 1362 2605 aceuratioue
1377 2549 1562 2603 multa.
1587 2548 1640 2604 Si
1658 2546 1919 2618 quispiam

330 2646 485 2701 enim
510 2646 627 2699 sine
651 2643 895 2700 examine
917 2642 1032 2712 ejus
1059 2642 1198 2696 dicta
1229 2641 1428 2707 audiat,
1451 2649 1507 2695 ct
1529 2640 1705 2695 omnia
1731 2653 1921 2695 secun-

332 2738 707 2792 dumlitteram
735 2736 979 2805 accipiat,
1005 2734 1235 2791 absurda
1262 2734 1429 2788 multa
1460 2732 1527 2787 de
1559 2733 1666 2787 Deo
1687 2732 1921 2801 suspica-

338 2829 507 2882 bitur.
528 2825 661 2882 Νίκη
693 2825 846 2881 illum
890 2824 1162 2881 hominem
1205 2827 1346 2888 esse,
1379 2831 1434 2878 et
1467 2837 1697 2888 aaneum,
1720 2822 1923 2877 iracun-

333 2919 488 2985 dum,
534 2916 879 2973 furibundum
916 2917 1149 2986 putabit,
1185 2924 1238 2971 et
1289 2916 1371 2971 liis
1406 2915 1670 2970 deteriora
1719 2913 1788 2969 de
1828 2913 1920 2969 illo

332 3012 585 3082 dogmata
615 3010 866 3079 excipiet.
901 3008 957 3064 Si
994 3023 1121 3065 vero
1166 3006 1479 3078 profundam
1524 3005 1639 3076 ejus
1685 3013 1918 3061 mentem

339 3100 641 3165 edulieerit,
656 3098 905 3155 absurdis
931 3097 1230 3167 lmjusmodi
1261 3095 1603 3166 opinionibus
1639 3094 1772 3150 liber
1796 3094 1917 3150 erit.

340 3194 475 3250 Nam
499 3193 552 3248 in
580 3194 678 3248 hac
703 3190 973 3263 praposita
1001 3191 1229 3245 lectione
1247 3189 1386 3244 Deus
1413 3189 1605 3243 dicitur
1629 3188 1803 3242 sinum
1828 3186 1924 3240 ha-

338 3291 492 3349 bere,
540 3283 682 3354 quod
727 3292 813 3339 est
855 3282 1167 3351 corporibus
1208 3279 1502 3351 proprium.
1544 3279 1613 3332 At
1647 3290 1807 3332 nemo
1849 3277 1920 3331 ita

336 3378 534 3445 stultus
555 3384 659 3442 est,
689 3386 741 3428 ut
770 3375 1139 3443 incorporeum
1160 3385 1355 3441 corpus
1380 3385 1500 3426 esse
1529 3377 1693 3439 putet.
1728 3366 1793 3423 Ut
1818 3367 1920 3422 ita-

334 3485 444 3540 que
471 3468 651 3525 omnia
679 3466 941 3537 spirituali
972 3479 1135 3520 sensu
1178 3463 1538 3533 percipiamus
1561 3501 1577 3528 ,
1622 3474 1720 3531 age
1763 3458 1921 3514 altius

334 3564 481 3619 hunc
498 3564 670 3617 locum
699 3560 1054 3630 exploremus.
1080 3556 1239 3611 Deum
1262 3572 1407 3611 nemo
1422 3555 1545 3609 vidit
1562 3568 1813 3624 umquam.
1839 3551 1921 3607 Ex

333 3670 443 3726 qua
471 3651 603 3708 illud
647 3650 1029 3720 consequentia
1071 3648 1394 3718 evangelista
1437 3646 1604 3701 dicit?
1636 3645 1937 3714 Postquam.

333 3745 650 3803 ostenderat
673 3752 870 3798 tantam
915 3741 1055 3797 illam
1085 3740 1345 3797 donorum
1376 3737 1570 3794 Christi
1599 3734 1918 3807 magnitudi-

335 3854 483 3901 nem,
508 3846 565 3891 et
605 3850 765 3906 quam
811 3834 1072 3890 immenso
1102 3831 1217 3887 hmc
1252 3830 1559 3886 discrimine
1598 3828 1685 3883 illa
1727 3841 1845 3897 qua:
1888 3839 1920 3880 a

336 3932 524 4000 Iloyse
560 3927 866 3997 dispensata
913 3924 1124 3980 fuerant
1171 3930 1508 3992 superarent,
1548 3920 1659 3975 vult
1704 3919 1920 3974 demum

331 4027 753 4076 cos-saltaneam
792 4015 1105 4071 dill'erentiaa
1137 4029 1354 4068 causam
1383 4012 1614 4083 aperire.
1643 4010 1738 4066 Ille
1775 4009 1918 4066 enim

332 4126 529 4169 servus
556 4126 679 4166 cum
705 4118 888 4175 esset,
937 4108 1275 4163 bumiliorum
1316 4121 1492 4160 rerum
1523 4104 1766 4159 minister
1787 4103 1917 4170 fuit;

332 4207 423 4261 hic
450 4219 581 4259 vero
609 4202 881 4265 Dominus,
916 4215 1009 4255 rex
1031 4239 1048 4264 ,
1102 4198 1241 4269 regis
1286 4196 1453 4253 Filius
1473 4238 1504 4265 ,Α
1525 4196 1683 4266 longe
1716 4195 1918 4266 majora

332 4296 495 4352 nobis
520 4293 720 4358 attulit,
744 4292 834 4363 qui
864 4306 986 4346 cum
1018 4299 1168 4360 patre
1193 4304 1407 4359 semper
1432 4297 1515 4344 est
1540 4297 1596 4344 et
1624 4287 1770 4343 videt
1794 4302 1917 4343 eum

335 4396 621 4458 perpetuo.
648 4384 932 4453 Propterea
952 4381 1067 4437 haec
1087 4381 1282 4447 intulit,
1309 4378 1474 4435 Deum
1499 4395 1645 4434 nemo
1667 4378 1787 4433 vidit
1807 4395 1921 4433 ant-

334 4495 511 4547 ῃιυι.
543 4475 683 4543 Quid
726 4490 854 4546 ergo
878 4474 1117 4530 dicemus
1138 4473 1475 4529 vocalissimo
1498 4473 1646 4528 lsaiae
1673 4471 1871 4527 dicenti
1901 4490 1915 4527 :

346 4570 463 4622 Vidi
483 4566 763 4622 Dominum
782 4564 1033 4619 sedentem
1048 4580 1201 4635 super
1223 4563 1404 4618 solium
1423 4562 1673 4618 excelsum
1692 4571 1739 4616 et
1751 4562 1919 4617 eleva-

333 4661 480 4730 ιιι(
511 4658 641 4715 Isai.
673 4658 726 4713 6.
754 4659 778 4712 1
814 4656 871 4727 )?
900 4656 1026 4725 quid
1057 4656 1248 4711 Joanni
1276 4656 1580 4711 testiﬁcanti
1602 4656 1771 4727 ipsum
1804 4655 1919 4710 haec

330 4752 562 4815 dixisse,
587 4747 802 4819 quando
830 4746 962 4800 vidit
998 4745 1219 4816 gloriam
1247 4745 1405 4816 ejus?
1440 4745 1565 4816 quid
1612 4744 1920 4801 Ezechieli?

330 4857 459 4897 nisi
483 4840 674 4909 etipse
712 4853 875 4909 super
919 4836 1210 4893 Cberubim
1252 4838 1528 4893 sedentem
1573 4836 1720 4890 illum
1745 4834 1918 4891 vidit:

328 4934 463 5005 quid
488 4932 719 4998 Danieli,
749 4933 838 5002 qui
868 4940 923 4986 et
951 4932 1065 5001 ipse
1100 4930 1261 4993 dicit,
1293 4931 1543 5001 Antiquus
1572 4931 1767 4985 dierum
1791 4931 1917 4985 sedit

327 5026 499 5093 (Dos.
533 5025 588 5079 7.
610 5022 711 5094 9)Ῑ
738 5022 867 5093 qttid
887 5031 941 5077 ει
963 5022 1062 5091 ipsi
1088 5020 1257 5101 Μοχεί
1286 5021 1504 5088 dicenti,
1540 5021 1762 5077 Ostende
1797 5021 1921 5075 mihi

328 5117 551 5188 ςέοτὶαι
579 5122 741 5179 tuna,
772 5121 827 5169 ut
854 5109 1140 5182 mauifeste'
1155 5111 1352 5166 videam
1381 5122 1428 5167 te
1451 5111 1645 5182 (Exod.
1672 5114 1758 5169 33.
1796 5114 1920 5184 l3)!

327 5205 498 5263 Iacob
525 5219 657 5261 vero
683 5203 814 5259 hinc
838 5204 1248 5274 appellationem
1291 5207 1515 5275 accepit,
1560 5205 1723 5261 lsrael
1757 5219 1917 5260 voca-

327 5308 417 5353 tus
448 5314 465 5351 :
495 5295 659 5352 Israel
687 5295 856 5359 enim,
886 5294 1072 5351 videns
1104 5295 1293 5361 Deum,
1338 5296 1620 5367 significat.
1654 5296 1755 5351 Alii
1786 5310 1919 5367 quo-

320 5404 431 5461 que
460 5387 638 5459 ipsum
666 5386 935 5442 viderunt.

396 5481 543 5536 Deus
571 5478 852 5535 secundum
880 5478 1071 5532 nudum
1109 5479 1440 5534 substantiam
1485 5494 1517 5531 a
1553 5481 1751 5532 nemine
1784 5477 1917 5531 visus

321 5584 417 5627 est.
452 5601 527 5614 --
555 5570 699 5640 Quid
739 5585 870 5642 ergo
893 5570 1129 5628 Joannes
1157 5572 1254 5637 ait,
1290 5570 1449 5626 Deum
1475 5587 1620 5627 neuio
1648 5571 1771 5625 vidit
1799 5586 1913 5624 um-

322 5662 523 5731 quam?
579 5661 644 5720 Ut
698 5661 1015 5721 ostenderet.
1061 5663 1150 5719 illa
1195 5664 1371 5720 omnia
1418 5663 1910 5737 attetnperationcm

2020 815 2304 886 quamdam
2332 828 2470 879 esse,
2509 829 2612 869 non
2645 814 2799 869 nudae
2821 814 3133 870 substantiae
3161 816 3438 873 visionem.
3467 816 3599 873 Nam

2021 905 2064 958 si
2095 906 2262 974 ipsam
2313 913 2558 959 naturam
2618 905 2893 971 vidissent,
2939 922 3043 960 non
3089 907 3304 962 diverso
3345 908 3604 964 vidissent

2018 996 2198 1052 modo.
2232 996 2470 1066 Simplex
2504 998 2646 1050 enim
2683 997 2770 1051 illa
2801 1005 2904 1064 est,
2931 997 3049 1052 sine
3078 998 3262 1068 figura,
3305 1000 3421 1055 sine
3448 1014 3596 1055 com-

2019 1089 2302 1160 positione,
2329 1089 2827 1159 incircumscripta;
2862 1105 2967 1145 non
2989 1090 3161 1155 sedet,
3207 1106 3310 1145 non
3339 1100 3460 1152 stat.
3496 1107 3601 1149 non

2018 1179 2274 1234 ambulat.
2319 1179 2445 1236 Hzec
2491 1181 2683 1251 quippe
2732 1181 2910 1235 omnia
2941 1182 3005 1236 ad
3036 1197 3260 1253 corpora
3308 1184 3594 1254 pertinent.

2018 1270 2297 1339 Quomodo
2335 1280 2510 1327 autem
2559 1274 2663 1339 sit,
2705 1273 2819 1342 ipse
2866 1274 3012 1330 solus
3054 1278 3217 1330 novit.
3274 1278 3338 1332 Et
3374 1277 3478 1335 huc
3506 1294 3602 1350 per

2022 1362 2336 1433 prophetam
2363 1363 2647 1433 quemdam
2687 1365 2800 1434 ipse
2841 1366 2982 1421 Deus
3027 1378 3080 1421 et
3107 1358 3265 1423 Paier
3287 1370 3596 1425 declaravit.

2024 1453 2153 1527 Ego,
2184 1455 2386 1526 inquit,
2430 1457 2644 1512 visiones
2675 1458 3029 1528 multiplicavi,
3064 1468 3110 1513 et
3140 1460 3192 1514 iu
3220 1462 3450 1517 manibus
3479 1479 3601 1533 pro-

2022 1548 2289 1617 phetarum
2315 1548 2626 1603 assimilatas
2646 1567 2758 1603 sum
2788 1550 2807 1620 (
2836 1548 2964 1604 Osee
2992 1550 3078 1605 Η.
3109 1553 3178 1607 10
3202 1553 3222 1623 )
3249 1568 3262 1618 ;
3294 1553 3344 1608 id
3371 1563 3489 1620 est,
3521 1555 3603 1610 Me

2020 1639 2388 1709 attemperavi,
2421 1655 2593 1710 neque
2619 1641 2670 1695 id
2699 1643 2839 1711 quod
2861 1657 3005 1697 eram
3028 1646 3270 1713 apparui.
3296 1645 3425 1713 Quia
3457 1648 3600 1702 enim

2021 1730 2184 1785 Filius
2207 1730 2323 1801 ejus
2354 1733 2404 1786 in
2434 1748 2557 1787 vera
2584 1748 2745 1789 carne
2776 1735 2928 1790 nobis
2955 1735 3282 1792 adventurus
3320 1747 3466 1806 erat,
3488 1740 3608 1809 jam

2020 1821 2148 1875 olim
2182 1821 2304 1877 illos
2328 1822 2675 1889 exercitabat,
2730 1832 2790 1879 ut
2819 1824 2911 1880 Dei
2942 1826 3289 1882 substantiam
3321 1829 3603 1898 viderent,

2020 1925 2272 1984 quantum
2300 1914 2479 1970 videre
2506 1924 2771 1985 poterant.
2799 1916 2930 1972 Nam
2955 1918 3005 1973 id
3034 1921 3173 1989 quod
3203 1920 3343 1975 Deus
3370 1931 3472 1988 est,
3495 1939 3599 1977 non

2022 2005 2180 2062 modo
2217 2006 2511 2076 prophetat,
2541 2008 2635 2062 sed
2679 2023 2777 2063 nec
2826 2009 2999 2081 angeli
3029 2024 3130 2064 nec
3172 2011 3476 2083 archangeli
3518 2014 3601 2068 vi-

2021 2096 2143 2151 dent
2179 2113 2192 2150 :
2222 2096 2317 2151 sed
2358 2098 2402 2151 si
2445 2099 2742 2168 interroges
2774 2099 2911 2166 illos,
2940 2100 3074 2155 nihil
3101 2102 3166 2157 de
3197 2103 3490 2159 substantia
3513 2122 3600 2162 re-

2021 2186 2345 2256 spondentes
2371 2188 2577 2253 audies,
2602 2189 2694 2244 sed
2716 2198 2916 2244 tantum
2942 2199 3214 2259 canentes,
3240 2192 3415 2248 Gloria
3438 2197 3489 2248 in
3516 2213 3605 2250 ex-

2022 2279 2168 2334 celsis
2197 2278 2305 2333 Deo
2322 2289 2371 2334 et
2400 2280 2453 2334 in
2477 2290 2610 2335 terra
2650 2297 2772 2351 pax,
2818 2282 2871 2336 in
2911 2284 3193 2338 hominibus
3220 2286 3349 2341 bona
3375 2289 3604 2344 voluntas

2025 2368 2175 2443 (Luc.
2201 2370 2256 2423 2.
2290 2370 2404 2440 li).
2446 2371 2551 2426 Sia
2604 2371 2921 2426 Cherubinis
2968 2383 3018 2428 et
3050 2373 3359 2445 Seraphinis
3403 2378 3638 2449 aliquid

2024 2460 2265 2516 ediscere
2295 2461 2447 2528 velis,
2497 2462 2781 2532 mysticum
2821 2464 3260 2521 sanctiﬁcationis
3304 2467 3472 2523 melos
3509 2484 3604 2523 au-

2023 2549 2157 2616 dies,
2185 2559 2257 2617 et,
2296 2549 2443 2605 Pleni
2472 2561 2587 2605 sunt
2616 2553 2729 2606 cwli
2756 2563 2801 2607 et
2842 2562 2975 2607 terra
3018 2556 3183 2625 gloria
3207 2558 3316 2627 ejus
3342 2560 3361 2627 (
3384 2556 3511 2613 lsai.
3547 2559 3600 2615 6.

2023 2641 2099 2711 3).
2132 2641 2186 2698 Si
2216 2656 2476 2713 supernas
2506 2643 2726 2699 virtutes
2747 2647 3094 2714 perconteris,
3126 2648 3258 2703 nilnil
3282 2648 3421 2704 aliud
3451 2665 3602 2706 com-

2025 2732 2221 2802 peries,
2253 2734 2353 2788 nisi
2399 2742 2568 2789 totum
2613 2735 2716 2790 illis
2769 2752 2903 2806 opus
2953 2752 3072 2792 esse
3121 2738 3284 2794 Deum
3337 2740 3602 2798 laudare:

2024 2821 2274 2892 Laudate,
2307 2825 2498 2895 inquit,
2533 2842 2667 2893 eum,
2700 2843 2872 2883 omnes
2901 2829 3104 2886 virtutes
3128 2831 3276 2903 ejus(
3305 2830 3448 2888 Psal.
3475 2835 3601 2891 “8.

2023 2912 2102 2986 2).
2131 2913 2287 2971 Solus
2335 2931 2464 2987 ergo
2491 2917 2654 2973 Filius
2686 2922 2859 2988 ipsum
2889 2920 3067 2987 videt,
3101 2922 3334 2995 itemque
3374 2925 3606 2997 Spiritus

2022 3017 2261 3064 sanctus.
2311 3008 2499 3066 Creata
2552 3012 2750 3082 quippe
2780 3021 2967 3068 natura
2999 3017 3266 3085 quomodo
3309 3019 3603 3075 increatum

2023 3097 2205 3153 videre
2228 3099 2437 3167 possit?
2461 3099 2592 3154 Nam
2625 3102 2668 3154 si
2702 3101 3072 3171 incorporeum
3118 3107 3409 3175 quamlibet
3441 3112 3605 3164 virtu-

2028 3198 2157 3257 tem,
2186 3191 2287 3245 etsi
2317 3205 2377 3245 ea
2410 3200 2588 3246 creata
2618 3192 2721 3257 sit,
2756 3194 2900 3249 clare
2933 3196 3243 3266 conspicere
3287 3200 3566 3271 nequimus
3586 3244 3621 3268 ,.

2025 3287 2079 3335 et
2105 3278 2206 3334 hoc
2249 3295 2392 3350 sirpe
2422 3282 2474 3336 in
2525 3283 2729 3353 angelis
2766 3291 3041 3339 ostensum
3075 3296 3176 3354 est,
3223 3289 3391 3344 multo
3430 3292 3603 3348 minus

2025 3370 2393 3443 incorpoream
2432 3381 2486 3428 et
2525 3388 2630 3429 non
2662 3373 2854 3430 factam
2888 3385 3129 3433 naturam
3175 3379 3355 3437 videre
3403 3387 3603 3453 poteti-

2025 3476 2166 3516 mus.
2206 3458 2326 3517 Ideo
2356 3462 2555 3518 Paulus
2580 3478 2790 3536 quoque
2835 3465 2910 3519 ait
2944 3482 2957 3520 :
2987 3465 3147 3533 Quem
3172 3486 3317 3524 nemo
3346 3471 3605 3527 hominum

2023 3554 2167 3618 vidit,
2188 3570 2347 3625 neque
2373 3555 2539 3610 videre
2562 3565 2722 3628 potest
2750 3556 2825 3631 (1.
2855 3555 2990 3612 Tim.
3014 3560 3066 3614 6.
3098 3560 3212 3630 16).
3241 3560 3421 3619 Soliuc
3450 3565 3605 3635 igitur.

2027 3646 2168 3702 Patri
2219 3646 2321 3703 hoc
2365 3647 2689 3718 praecipuum
2736 3650 3013 3719 competit,
3061 3667 3167 3706 non
3215 3662 3391 3709 autem
3430 3655 3607 3712 Filio?

2024 3739 2436 3810 Apagezetiam
2484 3740 2619 3795 Filio
2657 3739 2813 3796 inest.
2862 3739 3013 3809 Quod
3062 3750 3117 3798 et
3165 3743 3238 3798 illi
3284 3746 3428 3809 insit,
3482 3749 3605 3803 audi

2025 3830 2247 3887 Paulum
2287 3830 2689 3888 declarantem:
2726 3830 2828 3897 Qui
2876 3840 2951 3887 est
3005 3834 3172 3905 imago
3208 3834 3301 3891 Dei
3345 3837 3606 3893 invisibilis

2027 3922 2047 3995 (
2075 3921 2268 3978 Coloss.
2297 3923 2349 3977 1.
2380 3921 2447 3977 15
2473 3920 2515 3995 ).
2538 3921 2637 3989 Qui
2678 3930 2854 3977 autem
2888 3922 3166 3979 invisibilis
3199 3925 3374 3998 imago
3402 3938 3485 3982 est
3507 3970 3519 3993 ,
3552 3940 3625 3983 et.

2025 4014 2141 4087 ipse
2171 4013 2452 4069 invisibilis
2477 4023 2593 4079 est;
2644 4014 2775 4069 alias
2807 4031 2911 4069 non
2957 4026 3100 4072 esset
3144 4017 3337 4087 imago.
3360 4021 3513 4085 Quod
3560 4024 3603 4076 si

2024 4107 2151 4163 alibi
2173 4106 2313 4162 dicat
2345 4124 2357 4159 :
2390 4104 2529 4161 Deus
2555 4107 2906 4176 manifestatus
2934 4118 3005 4163 est
3027 4108 3078 4163 in
3105 4126 3256 4163 carne
3281 4112 3354 4179 (l.
3387 4112 3517 4165 Tim.
3546 4115 3601 4168 5.

2027 4198 2151 4270 16);
2183 4213 2249 4253 ne
2277 4197 2487 4251 mireris
2520 4214 2532 4250 :
2563 4212 2683 4251 nam
2714 4196 3078 4253 manifestatio
3109 4215 3203 4267 per
3222 4214 3462 4266 carnem,
3497 4218 3602 4258 non

2025 4288 2316 4345 secundum
2337 4288 2626 4343 essentiam
2657 4286 2797 4342 facta
2823 4288 3227 4357 esl.,Siquidt‘tn
3271 4291 3440 4359 ipsum
3473 4293 3627 4347 iuvi»

2025 4380 2232 4436 sibilem
2264 4393 2407 4444 esse,
2433 4392 2540 4433 non
2568 4376 2729 4432 modo
2758 4376 3083 4440 hominibus,
3115 4379 3206 4433 sed
3229 4378 3389 4435 etiam
3412 4398 3604 4453 super-

2025 4473 2109 4529 nis
2136 4470 2439 4536 virtutibus,
2467 4468 2702 4525 ostendit
2729 4467 2943 4524 Paulus.
2995 4468 3130 4525 Cum
3170 4471 3393 4529 dixisset
3434 4475 3601 4541 enim,

2025 4564 2384 4636 Manifestatus
2403 4571 2475 4617 est
2498 4561 2552 4616 in
2571 4577 2739 4629 came,
2769 4559 3023 4628 subdidit,
3050 4559 3199 4617 Visus
3225 4572 3298 4617 est
3321 4566 3534 4636 angelis.

2093 4655 2149 4712 2.
2184 4655 2363 4724 Itaque
2391 4662 2516 4709 tunc
2548 4653 2751 4724 angelis
2798 4652 2943 4709 visus
2967 4660 3069 4721 est,
3112 4666 3234 4709 cum
3267 4668 3483 4712 carnem
3524 4657 3609 4712 in.

2025 4744 2175 4804 duit:
2207 4756 2361 4802 antea
2392 4754 2571 4803 autem
2600 4746 2770 4816 ipsum
2801 4761 2905 4801 non
2938 4746 3008 4799 ita
3037 4745 3308 4810 videbant,
3339 4748 3602 4819 siquidem

2025 4837 2318 4896 substantia
2346 4838 2473 4909 ipsis
2502 4836 2780 4893 invisibilis
2804 4844 2939 4892 erat.
2973 4835 3040 4890 Et
3059 4836 3348 4906 quomodo,
3374 4840 3598 4909 inquies,

2025 4930 2154 4986 dicit
2176 4930 2442 4995 Christus,
2476 4928 2558 4983 Ne
2599 4928 2926 4983 contemnutis
2962 4943 3116 4980 unum
3149 4944 3213 4982 ea:
3251 4929 3330 4983 Itis
3356 4932 3555 4999 pus'llis
3590 4947 3605 4988 ε

2025 5025 2137 5077 dico
2164 5024 2296 5077 eu'm
2337 5021 2489 5085 vobis,
2534 5020 2670 5089 quod
2703 5017 2870 5089 angeli
2898 5032 3069 5070 eorum
3095 5035 3292 5087 semper
3325 5020 3491 5075 vident
3519 5025 3603 5091 [a-

2024 5115 2148 5167 ciem
2180 5110 2351 5166 Patris
2380 5112 2508 5178 mei,
2531 5110 2616 5182 qui
2642 5110 2692 5164 in
2718 5107 2855 5163 uelis
2880 5117 2950 5162 est
2972 5106 3186 5179 (Matth.
3218 5109 3306 5164 18.
3331 5111 3447 5178 Ill)?
3462 5110 3599 5178 Quid

2025 5205 2207 5261 enim?
2231 5220 2355 5258 num
2387 5203 2575 5258 faciem
2617 5200 2776 5255 habet
2811 5200 2969 5266 Deus,
3002 5207 3057 5255 ct
3096 5201 3148 5255 in
3188 5200 3334 5255 cadis
3375 5202 3603 5257 circum-

2025 5294 2316 5352 scribitur?
2348 5292 2542 5347 Verum
2588 5305 2746 5346 nemo
2798 5290 2868 5345 ita
2907 5289 3154 5354 insaniat,
3183 5298 3241 5345 ut
3283 5289 3398 5346 btec
3435 5292 3596 5349 dicat.

2023 5385 2158 5455 Quid
2200 5398 2329 5454 ergo
2368 5398 2509 5439 nunc
2552 5380 2782 5437 dicitur?
2822 5380 3284 5449 Quemadmodum
3325 5397 3444 5439 cum
3487 5385 3601 5440 ait:

2022 5475 2165 5530 Beati
2196 5476 2381 5529 mundo
2408 5475 2575 5538 corde,
2597 5472 2833 5542 quoniam
2851 5471 2949 5541 ipsi
2967 5469 3131 5527 Deum
3147 5472 3599 5544 videbuntUlatttt.

2022 5569 2076 5623 5.
2110 5568 2198 5637 8);
2226 5567 2291 5622 de
2334 5566 2419 5620 illa
2447 5580 2565 5635 qua:
2594 5564 2888 5621 secundum
2916 5574 3149 5620 mentem
3179 5576 3263 5621 est
3287 5567 3492 5621 visione
3525 5567 3601 5619 ιο⁴

2027 5661 2226 5731 quitur,
2254 5657 2408 5714 nobis
2438 5657 2693 5729 possibili,
2720 5664 2774 5714 et
2796 5656 2864 5714 de
2891 5654 3206 5727 cogitatione
3238 5655 3403 5713 Deum
3436 5659 3603 5728 respi-
