4012 6198
624 274 692 333 99
936 255 950 263 ’
1322 270 1379 327 s.
1417 267 1691 336 JOANNlS
1726 263 2196 334 cuuvsosrotu
2235 260 2554 325 ARClllEP.
2594 263 3120 325 CONSTANTINOP.

628 386 848 445 ciente:
889 383 969 442 sic
1009 393 1062 440 et
1099 383 1167 439 de
1210 381 1413 453 angelis
1450 378 1734 445 dicendum
1782 387 1884 444 est,
1931 377 2075 449 ipsos
2120 390 2216 446 per

630 496 816 553 puram
847 490 902 534 ct
948 477 1160 549 vigilem
1202 483 1452 541 naturam.
1494 487 1644 539 suam
1685 470 1813 527 nihil
1858 468 2026 535 aliud,
2056 482 2214 552 quam

633 570 821 634 Deum,
854 583 1056 640 semper
1097 565 1398 635 mtaginari.
1418 563 1550 621 Ideo.
1570 564 1684 639 ipse
1704 574 1915 632 quoque
1935 559 2025 624 ait,
2054 556 2217 612 Nemo

632 662 768 717 norit
794 669 1009 732 patrem,
1039 659 1134 713 nisi
1160 657 1326 712 Filius
1351 655 1568 725 (Matth.
1600 655 1686 709 ll.
1713 652 1828 722 27).
1857 651 1993 719 Quid
2020 648 2217 720 igitur?

632 768 893 809 omnesne
924 753 975 807 in
1018 751 1321 823 ignorantia
1343 748 1566 805 sumus?
1596 747 1750 804 Absit
1778 765 1792 801 :
1822 745 1914 802 sed
1946 757 2106 808 nemo
2141 741 2219 797 sic

632 846 801 911 novit,
831 854 887 899 ut
911 843 1096 899 Filius.
1125 841 1196 906 Ut
1219 842 1377 913 igitur
1398 840 1549 895 multi
1576 838 1593 869 ¹
1621 852 1716 908 pro
1739 844 1897 906 captu
1918 849 2016 888 suo
2045 833 2217 902 ipsum

636 935 905 999 viderunt,
933 932 1284 998 substantiam
1325 943 1454 986 vero
1497 941 1656 984 nemo
1686 925 1851 991 vidit;
1889 924 1967 981 sic
1994 931 2049 978 et
2079 934 2221 975 nunc

636 1041 824 1083 omnes
861 1024 1029 1091 Deum
1082 1023 1349 1088 novimus,
1398 1018 1752 1081 substantiam
1797 1013 2068 1083 veroejus
2102 1025 2222 1083 qua:

635 1120 706 1176 sit
729 1132 888 1179 nemo
911 1119 1080 1179 novit,
1111 1115 1213 1171 nisi
1258 1116 1304 1169 is
1332 1112 1423 1184 qui
1470 1126 1539 1167 ex
1575 1110 1693 1181 ipso
1721 1114 2003 1167 natuseSt.
2031 1101 2223 1173 Cogni-

637 1210 836 1270 tionem
866 1207 1010 1265 enim
1053 1204 1140 1260 hic
1183 1202 1315 1259 dicit
1351 1209 1553 1258 certam
1592 1198 1851 1256 visionem
1881 1204 1936 1251 et
1975 1206 2223 1261 compre-

640 1298 974 1362 hensionem,
1022 1295 1288 1365 talemque
1325 1291 1535 1363 qualem
1573 1289 1731 1345 Pater
1766 1287 1835 1342 de
1876 1284 2012 1342 Filio
2041 1282 2222 1336 habet.

640 1392 785 1453 Sicut
807 1390 941 1450 enim
968 1387 1223 1459 cognoscit
1251 1400 1330 1440 me
1354 1383 1532 1454 Pater,
1562 1380 1752 1452 inquit,
1791 1387 1837 1434 et
1861 1394 1953 1450 ego
1981 1389 2225 1448 cognosco

644 1480 849 1545 Patrem
875 1477 1052 1553 (Joan.
1078 1477 1164 1533 10.
1191 1473 1303 1549 15).

713 1573 945 1644 Christus
972 1571 1106 1650 q’uod
1127 1570 1179 1638 in
1198 1569 1313 1630 sinu
1334 1566 1510 1622 Patris
1534 1565 1619 1631 sit,
1640 1571 1877 1619 accurate
1907 1560 2113 1616 Patrem
2135 1574 2228 1613 no-

642 1667 732 1723 vit.
759 1695 830 1721 -τ
853 1664 1197 1737 Quapropter.
1229 1659 1356 1724 vide
1387 1674 1509 1722 cum
1545 1664 1743 1729 quanta
1784 1655 2070 1712 securitate
2094 1653 2115 1685 ³
2150 1652 2227 1707 io-

642 1764 838 1827 quatur
877 1753 1223 1824 evangelista.
1266 1748 1398 1806 Cum
1438 1749 1660 1813 dixisset
1685 1747 1850 1814 enim,
1894 1743 2060 1799 Deum
2084 1758 2230 1797 nemo

647 1849 768 1910 cidit
798 1862 1063 1916 umquam,
1088 1859 1193 1901 non
1222 1841 1444 1908 addidit,
1473 1839 1640 1898 Filius
1663 1838 1752 1909 qui
1780 1836 1930 1902 vidit,
1956 1832 2226 1899 narravit;

644 1939 743 2001 sed
774 1936 983 2008 aliquid.
1002 1935 1145 1991 aliud
1166 1933 1414 2004 amplius,
1443 1946 1603 2003 quam
1641 1929 1854 1997 videre,L
1874 1925 2081 1998 posuit,
2108 1938 2230 1989 cum

647 2030 801 2095 dixit,
830 2028 931 2106 Qui
955 2037 1007 2095 et
1029 2027 1089 2090 in,
1110 2026 1232 2093 sinu.
1248 2023 1419 2085 Patris
1442 2040 1461 2078 :
1479 2021 1646 2081 multo
1665 2017 2055 2088 enimamplius
2073 2029 2231 2091 quam

648 2123 848 2188 videre,
877 2128 964 2179 cst
982 2133 1100 2177 esse
1131 2119 1183 2173 in
1212 2117 1333 2181 sinu
1375 2115 1564 2171 Patris.
1595 2112 1726 2169 Nam
1754 2111 1844 2182 qui
1870 2110 2042 2165 solum
2069 2107 2230 2174 videt,

649 2229 767 2283 non,
786 2222 1087 2273 accuratam
1113 2209 1332 2269 omnino
1361 2207 1440 2263 rei
1464 2207 1588 2261 visa:
1629 2202 1984 2275 cognitionem
2029 2198 2230 2253 habet:

651 2303 742 2375 qui
771 2314 947 2359 autem
973 2301 1024 2357 in
1052 2300 1171 2363 sinu
1198 2307 1465 2363 versatur,
1492 2295 1624 2351 nihil
1652 2292 1973 2364 ignoraverit
2014 2289 2090 2345 Nc
2106 2303 2236 2358 ergo

652 2395 898 2462 audiens,
944 2391 1108 2447 Nemo
1142 2392 1277 2445 novit
1307 2388 1550 2453 Patrem,
1591 2386 1689 2442 nisi
1730 2383 1918 2452 Filius,
1964 2383 2132 2449 dicas,
2179 2380 2234 2437 Si

544 2498 558 2512 '
651 2486 882 2559 amplius
909 2499 1070 2557 quam
1100 2482 1191 2538 alii
1221 2480 1401 2549 novit,
1439 2489 1496 2535 at
1532 2492 1638 2534 non
1669 2477 1829 2532 novit»
1857 2484 2088 2547 quantus
2129 2472 2233 2539 sit;

656 2579 779 2641 ideo
816 2575 1140 2649 evangelista
1178 2574 1308 2631 dicit
1336 2573 1509 2644 ipsum
1551 2570 1603 2626 in
1633 2570 1751 2626 sinu
1781 2566 1954 2625 Patris
1998 2565 2233 2631 versari;

657 2673 876 2748 ipseque
901 2668 1144 2737 Christus
1173 2682 1233 2729 se
1265 2674 1464 2727 tantum
1498 2663 1643 2726 illum
1678 2675 1838 2725 nosse
1878 2659 2026 2724 dicit,
2063 2672 2235 2729 quan-

655 2775 767 2829 tum
810 2764 970 2820 Pater
1017 2762 1233 2823 Filium.
1280 2755 1742 2825 Contradiceutem
1777 2769 1905 2825 ergo
1930 2753 2236 2822 interroga:

655 2856 1002 2929 cognoscitne
1030 2854 1189 2917 Pater
1214 2849 1451 2913 Filium?
1476 2845 1861 2919 Respondebit,
1894 2844 2093 2912 Etiam,
2136 2841 2238 2899 nisi

657 2949 908 3013 insaniat.
941 2945 1142 3013 Deinde
1170 2945 1499 3014 interrogare
1542 2953 1863 3013 pergamus:
1904 2938 2238 2995 Accuratane

659 3043 866 3107 visione
890 3049 943 3096 et
964 3036 1270 3110 cognitione
1295 3035 1466 3105 ipsum
1483 3032 1626 3091 novit
1642 3040 1696 3087 et
1716 3029 1879 3097 videt,
1903 3043 1965 3088 ac
1983 3028 2238 3098 quidnam

656 3136 729 3196 sit
755 3133 908 3204 plane
946 3126 1258 3202 cognoscit?
1288 3124 1418 3185 Illud
1458 3124 1620 3188 etiam
1659 3120 1930 3185 fatebitur.
1963 3118 2097 3173 Hinc
2121 3116 2239 3177 col-

626 3214 629 3215 ⁷
663 3227 766 3298 liga
792 3230 1096 3284 accuratam
1122 3216 1241 3275 Filii
1267 3216 1333 3273 de
1365 3216 1519 3293 Patre
1538 3212 1918 3286 cognitionem.
1947 3208 2064 3281 ipse
2086 3223 2239 3263 nam-

656 3334 762 3387 que
788 3317 950 3383 dixit,
975 3315 1123 3371 Sicut
1150 3311 1286 3369 novit
1327 3324 1407 3363 me
1452 3306 1642 3372 Pater,
1672 3306 1745 3359 ita
1778 3315 1825 3361 et
1862 3319 1954 3373 ego
1992 3316 2239 3387 cognosco

659 3408 865 3474 Putrem
885 3422 911 3471 ;_
930 3414 985 3459 et
1008 3403 1155 3466 alibi,
1183 3400 1347 3455 Deum
1372 3414 1514 3453 nemo
1540 3397 1683 3463 vidit,
1710 3395 1806 3449 nisi
1829 3394 1915 3465 qui
1939 3402 2013 3451 est
2039 3408 2101 3455 ex
2128 3391 2239 3449 Deo

658 3494 950 3565 (tantum.
984 3495 1070 3553 l5.
1095 3500 1142 3546 ct
1186 3490 1238 3546 6.
1286 3489 1400 3560 46).
1451 3488 1593 3552 ideo,
1635 3495 1693 3547 ut
1732 3485 1867 3548 dixi,
1918 3482 2239 3553 evangelista

654 3590 830 3651 sinum
854 3589 1264 3650 commemorat,
1293 3579 1470 3637 omnia
1504 3579 1604 3639 hoc
1633 3594 1738 3631 uno
1784 3575 1947 3633 verbo
1975 3574 2127 3637 nobis
2148 3573 2243 3630 de-

655 3684 890 3748 clarans,
917 3676 1058 3748 quod
1091 3674 1259 3731 multa
1305 3672 1376 3731 sit
1415 3670 1725 3726 substantia:
1763 3667 2010 3739 cognatio
2036 3676 2091 3722 et
2117 3665 2239 3721 uui-

658 3783 771 3838 tas;
815 3768 959 3841 quod
1009 3765 1230 3829 omnino
1272 3778 1367 3834 par
1409 3763 1479 3817 sit
1514 3760 1766 3830 utrinque
1811 3757 2067 3829 cognitio,
2095 3754 2239 3826 quod

657 3879 753 3935 par
780 3869 1031 3933 potestas.
1075 3856 1189 3912 Non
1232 3855 1373 3911 enim
1415 3853 1646 3922 aliquem
1681 3850 1900 3904 alterius
1927 3846 2239 3902 substantia:

655 3956 814 4019 Pater
844 3953 895 4008 in
926 3951 1057 4011 sinu
1073 3948 1362 4005 habuerit:
1391 3958 1562 4015 neque
1590 3942 1680 3997 ille
1704 3940 1946 4006 auderet,
1978 3938 2022 3994 si
2050 3953 2239 3995 servus

652 4054 709 4101 et
732 4060 797 4105 ex
836 4044 1064 4110 alienun
1105 4052 1328 4102 numero
1357 4045 1522 4102 esset,
1550 4035 1602 4089 in
1629 4034 1746 4089 sinu
1777 4031 1949 4099 Patris
1988 4030 2187 4085 versari
2220 4048 2233 4085 :

654 4140 758 4198 hoc
786 4138 934 4200 enim
955 4135 1065 4199 veri
1097 4132 1189 4188 ﬁlii
1214 4140 1417 4195 tantum
1440 4137 1551 4195 est,
1581 4125 1683 4197 qui.
1706 4124 1870 4179 multa
1898 4121 2086 4178 ﬁducia
2115 4136 2236 4183 cum

654 4242 805 4304 patre
825 4239 1029 4295 utatur,
1071 4225 1312 4295 nihilque
1347 4222 1525 4284 minus
1573 4234 1730 4290 quam
1772 4216 1861 4279 ille
1900 4216 2110 4271 habeat.
2146 4213 2237 4269 Vis

650 4325 1006 4382 aeternitatem
1039 4321 1157 4391 ejus
1182 4315 1427 4374 discere?
1454 4312 1590 4370 Audi
1621 4327 1740 4383 qua:
1760 4310 1904 4375 dicat
1939 4308 2148 4379 Moyses
2168 4307 2237 4364 de

653 4419 831 4475 Patre.
884 4413 1016 4470 Cum
1064 4411 1208 4472 enim
1250 4409 1640 4476 interrogaret,
1687 4401 1836 4474 quid,
1876 4399 2237 4472 qua-rentibus

652 4505 936 4578 Egyptiis,
956 4505 1074 4576 quis
1095 4504 1268 4573 ipsum
1293 4498 1544 4561 misisset,
1564 4507 1916 4565 responsurus
1938 4492 2050 4561 ipse
2070 4498 2231 4555 esset,

648 4600 831 4669 jussus
875 4603 959 4650 est
1000 4593 1204 4656 dicere,
1253 4589 1360 4655 Qui
1395 4595 1489 4655 est,
1532 4586 1665 4639 misit
1695 4601 1773 4639 me
1801 4582 1996 4654 (Exod.
2027 4581 2081 4636 3.
2116 4580 2233 4650 14).

650 4688 782 4747 illud
813 4697 1010 4753 autem,
1045 4685 1145 4753 Qui
1174 4693 1269 4749 est,
1311 4681 1483 4751 ipsum
1526 4694 1738 4748 semper
1777 4691 1897 4732 esse
1943 4674 2232 4746 signiﬁcat,

650 4791 810 4851 atque
835 4780 996 4840 etiam
1025 4778 1143 4841 sine
1173 4772 1454 4846 principio,
1476 4786 1603 4832 vere
1632 4780 1686 4825 et
1718 4769 1931 4841 proprie
1955 4782 2096 4825 esse.
2120 4769 2237 4824 Hoc

649 4873 916 4943 signiﬁcat
958 4869 1117 4927 etiam
1164 4866 1333 4933 illud,
1374 4863 1441 4926 1n
1486 4862 1736 4933 principio
1783 4870 1911 4927 erat,
1955 4862 2236 4933 ipsumque

651 4979 866 5034 snnper
891 4976 1011 5019 esse
1057 4959 1273 5015 indicat.
1320 4958 1432 5015 Hoc
1478 4956 1637 5024 igitur
1677 4954 1819 5010 dicto
1857 4953 1945 5011 hic
1989 4968 2115 5008 usus
2152 4962 2238 5009 est

649 5060 905 5120 Joannes,
934 5053 1223 5112 ostendens
1244 5052 1437 5113 Filium
1464 5049 1580 5104 sine
1601 5047 1860 5119 principio
1879 5046 2015 5110 etab
2033 5053 2235 5109 teterno

652 5152 704 5206 in
732 5152 852 5205 sinu
885 5148 1056 5203 Patris
1077 5160 1221 5203 esse.
1246 5142 1323 5201 Nc
1350 5143 1527 5213 itaque
1554 5141 1625 5195 ob
1651 5138 1881 5193 nominis
1905 5137 2233 5195 consortium

651 5253 867 5314 putares
898 5241 1044 5297 illum
1066 5254 1130 5292 ex
1166 5251 1350 5294 eorum
1385 5248 1608 5295 numero
1630 5247 1749 5287 esse
1774 5229 1866 5301 qui
1889 5244 1985 5298 per
2007 5228 2232 5298 gratiam

652 5336 744 5390 lilii
774 5342 916 5396 sunt,
961 5332 1112 5386 adest
1151 5329 1408 5384 articulus
1444 5326 1534 5397 qui
1573 5325 1863 5393 distinguat
1900 5321 2045 5374 illum
2074 5318 2142 5373 ab
2169 5319 2234 5372 iis

644 5428 741 5498 qui
774 5441 868 5496 per
895 5424 1118 5495 gratiam
1156 5429 1285 5476 sunt
1328 5420 1443 5474 lilii.
1479 5417 1629 5484 Quod
1670 5417 1715 5471 si
1755 5416 1856 5470 hoc
1894 5412 1986 5468 tibi
2029 5426 2133 5469 non
2164 5410 2233 5473 sit

715 5585 730 5616 ²
769 5580 951 5644 ὶιυιέι.Δ
971 5578 1117 5628 habet
1148 5614 1162 5637 ,
1186 5574 1450 5644 propheta),
1486 5586 1589 5634 tm,
1615 5587 1663 5633 tn
1685 5570 1769 5644 :lti.

717 5647 736 5676 ¹
773 5643 908 5694 idem
943 5642 1081 5703 legit,
1100 5639 1423 5695 «στω-ωασπς,
1451 5650 1555 5698 pro,
1580 5639 1845 5686 securitate.

2323 374 2474 441 satis,
2506 384 2562 431 et
2597 375 2641 430 si
2667 375 2843 431 adlutc
2870 366 3055 438 versus
3083 385 3277 431 terram
3309 389 3508 446 pronus
3539 374 3757 441 incedis,

2322 463 2403 534 gis
2427 465 2700 535 proprium
2732 467 2854 521 audi
2888 482 3104 533 nomen,
3137 462 3457 537 Unigenitus.
3487 465 3578 522 Sin
3607 466 3778 521 adhuc

2324 573 2470 611 mum
2498 558 2740 627 restricis,
2774 575 2878 620 non
2919 558 3173 614 dubitabo
3213 560 3503 622 humanum
3544 557 3610 614 de
3640 557 3747 612 Deo

2324 649 2467 705 ferre
2499 646 2740 717 verbum,
2788 666 2980 721 nempe
3021 651 3230 718 sinum;
3277 660 3480 705 tantum
3526 667 3591 707 nc
3633 652 3778 721 quid;

2325 739 2527 799 humile
2547 743 2854 811 suspiceris.
2883 742 3124 797 Vidistin’
3143 742 3356 812 benigni
3367 751 3602 797 tatemet
3623 744 3778 811 provi.

2326 835 2452 889 tiam
2478 834 2730 894 Domini?
2756 832 3003 905 Indignas
3022 831 3125 887 sibi
3151 846 3308 889 voces
3335 831 3590 888 adscribit
3614 833 3631 865 ι
3661 833 3778 886 Deu:

2326 926 2411 981 vel
2438 925 2516 983 sic
2541 924 2744 991 videas,
2775 940 2839 980 ac
2886 939 3135 995 maguum
3173 922 3299 994 quid
3335 932 3389 979 et
3416 922 3639 978 sublime
3665 924 3778 992 cogi

2307 1026 2381 1075 et
2408 1027 2464 1073 tu
2505 1018 2649 1074 humi
2681 1017 2865 1089 repis?
2909 1016 3003 1073 Dic
3030 1017 3173 1072 enim
3204 1015 3329 1071 mihi
3356 1031 3452 1072 cur
3478 1015 3626 1074 sinus
3669 1015 3754 1071 hic

2327 1123 2588 1177 moratur,
2619 1110 2763 1183 quod
2790 1125 3031 1166 crassum
3059 1118 3114 1165 et
3139 1108 3354 1163 carnale
3380 1122 3574 1164 nomen
3603 1107 3725 1162 est?
3748 1125 3778 1162 a

2330 1205 2495 1260 Deum
2522 1218 2643 1259 esse
2679 1218 2875 1281 corpus
2914 1202 3248 1271 suspicemur
3265 1200 3486 1267 i'Absit,
3536 1201 3756 1271 inquies.

2327 1297 2495 1366 ergo?
2519 1296 2652 1352 Nam
2693 1297 2737 1351 si
2768 1312 2861 1367 per
2900 1295 3003 1353 hoc
3032 1293 3252 1351 verbum
3282 1308 3379 1349 nec
3408 1306 3566 1349 verus
3593 1292 3759 1349 Filius

2329 1388 2612 1458 probatur,
2668 1403 2768 1444 nec
2826 1388 2998 1444 Deum
3046 1388 3419 1456 incorporeum
3469 1399 3589 1442 esse
3634 1393 3773 1440 statu

2331 1477 2524 1534 frustra
2542 1479 2773 1547 iactatur
2798 1477 2900 1534 hoc
2921 1478 3122 1534 dictum
3146 1477 3342 1532 nullius
3371 1492 3517 1533 usus.
3545 1474 3651 1532 Cur
3675 1492 3778 1547 ergt

2328 1579 2472 1625 ctum
2498 1568 2625 1625 est?
2671 1584 2845 1641 neque
2886 1569 3031 1626 enim
3067 1569 3137 1625 ab
3175 1568 3277 1625 hac
3312 1568 3607 1639 quaestione
3630 1568 3774 1624 desis

2330 1663 2522 1717 Annon
2554 1661 2726 1733 palam
2769 1672 2852 1718 est
2894 1663 3014 1719 ideo
3065 1662 3328 1732 prolatum
3366 1675 3507 1726 esse,
3538 1669 3727 1716 utnon
3765 1677 3778 1714 :

2331 1767 2399 1808 ex
2430 1753 2523 1809 illo
2551 1753 2928 1825 percipiamus,
2968 1767 3127 1825 quam
3156 1751 3295 1822 quod
3340 1752 3432 1807 ille
3458 1751 3529 1806 sit
3558 1766 3683 1808 vere
3708 1750 3771 1808 Ut

2332 1844 2498 1912 nitus,
2528 1845 2668 1916 quod
2709 1854 3007 1902 conterens
3038 1845 3224 1901 Patri?
3262 1845 3364 1900 Ille
3401 1845 3675 1912 euenerit,
3714 1846 3778 1898 illi

2333 1937 2470 2005 Quid
2499 1938 2801 1994 enarravit?
2825 1938 2989 1993 Deum
3026 1954 3171 1994 nemo
3197 1937 3319 1993 vidit
3359 1954 3613 2008 umquam.
3652 1937 3778 1994 Uno:

2336 2031 2495 2088 Deus.
2522 2030 2628 2086 Sed
2669 2030 2772 2086 hoc
2814 2039 2868 2086 et
2915 2030 3103 2100 reliqui
3147 2028 3442 2100 prophetae,
3479 2038 3533 2083 et
3573 2029 3778 2101 Moyses

2334 2118 2688 2190 quenlissime
2716 2121 2913 2181 clamat
2945 2139 2958 2175 :
3003 2120 3258 2176 Dominus
3288 2119 3425 2175 Deus
3464 2129 3580 2175 tuus
3602 2162 3619 2188 ,
3665 2120 3775 2175 Don

2340 2226 2472 2265 unus
2496 2222 2567 2267 est
2595 2211 2775 2281 (Deut.
2807 2214 2859 2267 6.
2884 2211 2976 2284 υς
3015 2221 3069 2267 et
3100 2211 3281 2279 lsaias,
3326 2210 3454 2265 Ante
3494 2228 3572 2266 me
3607 2228 3704 2265 non
3730 2228 3778 2265 es

2337 2313 2446 2357 ctus
2470 2302 2602 2357 alius
2636 2303 2788 2369 Deus,
2820 2314 2867 2357 et
2892 2313 3003 2374 post
3032 2320 3109 2359 me
3134 2321 3235 2361 non
3265 2315 3336 2361 est
3358 2303 3512 2375 (ικαὶ.
3538 2303 3625 2358 45.
3658 2302 3767 2373 10).

2410 2395 2465 2450 ὅ.
2498 2396 2646 2462 Qua’,
2676 2394 2930 2464 quomodo
2956 2406 3001 2450 et
3027 2411 3149 2465 quos
3173 2395 3401 2451 docuerit
3426 2393 3591 2450 Filius
3622 2394 3734 2449 Dei.
3765 2398 3778 2450 l

2344 2498 2421 2544 tas
2465 2489 2869 2544 commendatur.
2904 2486 3180 2544 Christiani
3206 2504 3363 2542 unum
3392 2504 3578 2556 corpus
3612 2499 3749 2555 sunt,

2338 2590 2411 2636 est
2449 2581 2725 2635 maximum
2765 2580 3001 2634 amicitia:
3037 2579 3314 2634 vinculum.
3338 2609 3408 2622 --
3432 2578 3568 2647 Quid
3597 2595 3725 2649 ergo
3771 2597 3778 2633 :

2339 2687 2370 2729 a
2395 2671 2531 2727 Filio
2558 2671 2860 2734 didicimus.
2894 2683 3075 2744 utpote
3102 2672 3193 2742 qui
3222 2673 3290 2727 sit
3315 2673 3368 2728 in
3394 2673 3513 2727 sinu
3542 2672 3711 2727 Patris
3736 2673 3761 2726 ?

2339 2764 2410 2821 ab
2455 2762 2738 2836 linigenito
2763 2764 2787 2819 ?
2827 2763 3005 2819 Primo
3032 2763 3173 2833 quod
3211 2763 3325 2819 btec
3350 2764 3457 2819 sint
3494 2778 3558 2818 ex
3585 2764 3700 2834 ejus
3727 2780 3778 2834 οι

2343 2854 2528 2912 tione:
2553 2855 2768 2919 deinde,
2800 2870 2898 2910 nos
2928 2855 3083 2926 longe
3116 2853 3398 2911 clariorem
3423 2855 3693 2924 accepisse
3718 2854 3778 2909 dc

2342 2962 2489 3015 nam,
2521 2956 2576 3003 et
2597 2962 2920 3020 cognoscere
2961 2947 3100 3018 quod
3130 2947 3362 3016 Spiritus
3390 2947 3461 3002 sit
3488 2947 3658 3011 Deus,
3686 2957 3741 3003 et

2342 3041 2431 3110 qui
2463 3039 2683 3095 adorant
2715 3054 2859 3106 eum,
2897 3041 2946 3093 in
2979 3039 3170 3108 spiritu
3213 3047 3268 3093 et
3308 3038 3529 3094 veritate
3557 3038 3778 3101 adorare

2343 3134 2506 3189 beant
2552 3150 2566 3186 :
2614 3134 2941 3203 it.superque
2980 3130 3109 3186 illud
3166 3131 3377 3200 ipsum,
3431 3131 3761 3200 impossibile

2344 3224 2510 3279 Deum
2559 3224 2776 3286 videre,
2817 3233 2871 3279 et
2917 3224 3181 3278 neminem
3226 3224 3396 3291 ipsum
3432 3239 3778 3296 cognoscere,

2344 3315 2537 3371 Filium
2567 3314 2763 3388 (Joau.
2794 3316 2848 3371 4.
2874 3315 2984 3386 25.)
3016 3333 3029 3369 :
3062 3326 3119 3371 et
3138 3316 3291 3385 quod,
3309 3316 3377 3371 sit
3412 3316 3569 3371 Pater.
3594 3315 3707 3370 veri
3733 3314 3774 3370 U

2345 3408 2439 3461 ltiti
2474 3425 2489 3472 ;
2517 3418 2571 3463 et
2608 3423 2960 3479 qua‘cumque
2992 3410 3095 3464 alia
3125 3409 3194 3464 de
3222 3410 3315 3464 illo
3340 3418 3586 3467 enarcata
3615 3417 3762 3462 sunt.

2343 3508 2519 3555 autem
2545 3541 2559 3566 ,
2615 3500 2916 3567 Enarravit,
2966 3500 3260 3556 clariorem
3295 3510 3355 3557 et
3392 3501 3714 3571 apertiorem
3772 3522 3778 3549 ι

2343 3592 2638 3647 doctrinam
2665 3632 2681 3658 ,
2712 3609 2871 3663 quam
2914 3609 3019 3648 non
3049 3593 3245 3648 Judaeis
3275 3592 3434 3647 modo
3459 3634 3475 3660 ,
3509 3591 3605 3649 sed
3635 3592 3777 3647 etian

2343 3686 2458 3739 orbi
2505 3684 2719 3740 tradidit
2755 3693 2809 3741 et
2839 3686 3145 3756 complevit.
3182 3685 3463 3756 Prophetis
3490 3694 3637 3740 certe
3662 3700 3728 3739 ne
3754 3683 3778 3739 .l

2342 3776 2557 3845 quidem
2603 3792 2790 3832 omnes
2830 3777 3210 3842 attendebant;
3259 3776 3544 3847 Unigenito
3607 3784 3778 3831 autem

2344 3876 2487 3922 totus
2529 3866 2676 3922 orbis
2723 3868 2886 3923 cessit
2921 3875 2978 3923 et
3004 3866 3250 3923 credidit.
3292 3866 3576 3921 Enarratio
3620 3866 3778 3935 itaqut

2341 3957 2598 4014 doctrinae
2641 3958 2961 4014 evidentiam
2993 3956 3254 4028 significat
3291 3974 3305 4013 :
3354 3959 3582 4028 ideoque
3609 3964 3665 4013 et
3692 3956 3778 4011 νει

2340 4046 2557 4118 dicitur,
2586 4062 2640 4107 ct
2670 4051 2845 4123 magni
2875 4052 3084 4107 consilii
3113 4051 3364 4119 Angelus.
3389 4050 3649 4118 Quoniam
3683 4050 3771 4120 igit

2341 4142 2546 4211 majore
2573 4153 2628 4197 ct
2666 4142 2985 4213 periectiore
3032 4141 3271 4197 doctrina
3316 4141 3517 4211 dignati
3561 4154 3773 4206 sumus,

2342 4249 2448 4288 non
2493 4234 2637 4288 ultra
2684 4250 2779 4305 per
2806 4233 3131 4303 prophetas,
3172 4232 3266 4288 sed
3306 4248 3399 4301 per
3426 4232 3699 4302 proprium
3730 4231 3777 4286 Ε

2341 4326 2496 4381 nobis
2524 4327 2783 4383 extremis
2811 4326 2959 4381 hisee
2997 4325 3185 4381 diebus
3214 4325 3500 4394 loquente,
3542 4324 3667 4379 vita:
3709 4323 3778 4379 in:

2337 4428 2450 4474 tum
2480 4419 2636 4488 longe
2662 4418 2875 4484 melius,
2918 4426 2973 4472 et
3012 4426 3160 4472 tanto
3188 4417 3394 4471 honore
3418 4415 3634 4487 dignum
3662 4415 3777 4472 exh

2341 4526 2481 4567 mus.
2512 4510 2814 4565 Absurdum
2841 4509 2989 4565 enim
3011 4519 3176 4575 esset,
3204 4509 3248 4563 si
3283 4524 3404 4562 cum
3429 4509 3541 4577 ipse
3567 4518 3773 4562 tantum

2340 4601 2629 4668 scenderit,
2658 4610 2717 4656 ut
2744 4617 2848 4655 non
2877 4600 3015 4654 ultra
3060 4615 3155 4669 per-
3193 4613 3379 4654 servos
3423 4612 3551 4653 suos
3590 4612 3690 4652 nos
3715 4598 3778 4651 all

2340 4694 2507 4759 velit,
2539 4692 2633 4748 sed
2665 4706 2760 4761 per
2797 4691 3030 4760 seipsum
3060 4708 3080 4743 ι
3102 4704 3198 4744 nos
3228 4688 3360 4743 nihil
3397 4688 3628 4757 amplius
3658 4704 3778 4756 quat

2341 4787 2548 4858 priores
2568 4785 2966 4841 exhiberemus.
2999 4782 3075 4837 Illi
3102 4782 3360 4853 Moysem,
3390 4796 3487 4835 nos
3517 4779 3717 4851 Moysis
3746 4781 3778 4834 ἰ]

2340 4896 2465 4934 ηυιιι
2510 4879 2782 4933 doctorem
2811 4876 3090 4931 habemus.
3125 4874 3282 4928 Tanti
3303 4888 3431 4943 ergo
3459 4872 3679 4928 honoris
3707 4872 3778 4944 di;

2341 4970 2747 5042 pbilosotthiam,
2774 4969 3110 5039 proferamus
3133 5006 3148 5031 ,
3197 4965 3437 5035 nihilque
3478 4964 3777 5019 habeamus

2341 5075 2478 5119 terra
2507 5076 2812 5119 commune.
2853 5058 2978 5114 ideo
3007 5070 3239 5128 namque
3265 5056 3353 5111 ille
3371 5054 3441 5111 de
3467 5055 3616 5111 caelis
3651 5055 3776 5109 nubi

2339 5158 2564 5212 ctrinam
2578 5154 2775 5219 attulit,
2791 5161 2849 5207 ut
2863 5167 2927 5208 eo
2937 5151 3313 5220 cogitationem
3331 5159 3565 5204 nostram
3587 5147 3778 5203 transfe

2339 5258 2396 5305 ct
2417 5264 2514 5320 pro
2539 5246 2674 5303 virili
2704 5254 2882 5300 nostra
2923 5243 3217 5297 imitatores
3243 5240 3486 5296 Doetoris
3527 5241 3696 5295 nostri
3736 5241 3778 5294 si

2341 5346 2406 5398 lit
2431 5340 2698 5413 qumnodo
2748 5353 3028 5410 possumus
3053 5379 3069 5404 ,
3106 5336 3343 5404 inquies,
3386 5334 3686 5389 imitatores
3726 5332 3777 5387 C‘

2340 5453 2460 5493 esse
2489 5438 2511 5490 ?
2543 5437 2598 5493 Si
2654 5435 2831 5489 omnia
2879 5431 2945 5487 ad
2989 5444 3330 5487 communem
3360 5426 3643 5483 utilitatem
3675 5426 3773 5479 laci

2342 5549 2440 5588 nec
2478 5546 2595 5600 qua:
2636 5538 2815 5582 nostra
2865 5535 2991 5578 sunt
3038 5534 3358 5592 quatramus.
3423 5518 3561 5574 Nam
3609 5528 3657 5573 et
3696 5516 3773 5574 Ch

2410 5648 2425 5678 ι
2462 5642 2554 5694 Alii
2580 5648 2630 5695 et
2653 5639 2809 5693 nerei.
2821 5675 2834 5703 ,
2853 5634 3134 5690 adscribere
3148 5632 3282 5685 solet.
