4012 6194
310 233 394 289 101

312 359 404 395 non
433 345 532 397 sibi
563 345 666 414 ipsi
690 345 899 413 placuit,
928 344 1014 397 sed
1051 343 1173 396 sicut
1206 342 1445 412 scriptum
1490 351 1581 396 est.
1620 342 1905 410 Opprobria

317 435 730 498 exprobrantium
771 435 857 486 tibi
897 433 1172 486 ceciderunt
1197 448 1349 500 super
1392 449 1469 486 me
1496 432 1514 503 (
1542 434 1698 486 Rom.
1735 433 1895 491 15.5.

323 525 456 579 i’snl.
479 525 694 596 08.10).
717 526 878 580 Nemo
903 526 1053 595 igitur
1071 525 1203 593 quod
1219 542 1362 576 suum
1381 535 1450 578 est
1467 537 1662 590 quaerat
1680 528 1756 593 (1.
1779 524 1896 583 Cor.

325 621 403 674 10.
425 619 666 688 24).,81ρ
694 620 836 673 enim
863 619 977 686 quis
1001 617 1137 687 quod
1166 632 1318 670 smnn
1343 626 1426 670 est
1450 617 1660 686 quierit,
1691 619 1733 670 si
1760 617 1895 687 quod

327 713 621 781 proximum
661 719 901 780 spectat,
921 709 1186 778 respiciat.
1213 708 1344 762 Nam
1373 725 1488 777 quze
1512 709 1735 778 proximi
1754 718 1896 778 sunt,

328 813 500 855 nostra
536 811 678 854 sunt.
704 800 897 868 Corpus
927 816 1078 856 unum
1108 815 1300 863 sumus,
1345 799 1471 851 alter
1505 799 1712 852 alterius
1739 815 1896 852 mem-

328 893 410 942 bra
456 901 500 943 et
549 901 712 956 partes
759 892 776 958 (
803 889 948 947 Rom.
983 890 1067 944 12.
1099 888 1186 959 5).
1217 888 1294 943 Nc
1337 889 1491 957 igitur
1522 889 1589 942 ita
1621 890 1788 942 atfecti
1821 890 1896 943 si-

328 997 440 1039 mus
489 995 550 1034 ac
590 982 633 1033 si
675 981 930 1048 segregati
975 993 1256 1032 essemus:
1291 995 1356 1032 ne
1395 979 1511 1047 quis
1549 978 1759 1042 dixerit,
1805 979 1896 1034 Ille

328 1073 453 1126 mihi
480 1073 682 1125 amicus
710 1087 813 1125 non
843 1080 939 1134 est,
977 1087 1078 1124 non
1105 1081 1384 1140 cngnatus,
1419 1086 1522 1123 non
1556 1070 1778 1135 vicinus,
1809 1086 1901 1125 ne-

328 1177 427 1231 que
455 1161 578 1228 quid
602 1177 884 1216 commune
911 1177 1030 1214 cum
1064 1162 1158 1215 illo
1189 1161 1360 1215 habeo
1394 1178 1407 1212 :
1448 1162 1711 1229 quomodo
1750 1177 1898 1218 acce-

327 1253 497 1307 dam?
537 1253 663 1323 quid
723 1253 934 1306 dicam?
979 1253 1204 1307 Etiamsi
1259 1254 1399 1307 enim
1461 1269 1565 1306 non
1621 1264 1896 1324 cognatus,

327 1344 530 1397 etiamsi
559 1359 664 1397 non
694 1345 896 1399 amicus
925 1345 1012 1407 sit,
1040 1353 1094 1398 at
1120 1347 1278 1398 homo
1302 1352 1382 1398 est
1403 1343 1640 1412 ejusdem
1679 1355 1898 1412 naturae,

333 1435 580 1488 eumdem
599 1435 803 1488 habens
827 1434 1124 1500 Dominum,
1146 1448 1452 1495 conservus,
1474 1434 1862 1488 contubernalis
1885 1451 1900 1488 :

327 1526 378 1579 in
437 1526 628 1579 eodem
657 1526 853 1596 quippe
903 1526 1098 1580 mundo
1139 1534 1238 1581 est.
1286 1526 1432 1591 Quod
1479 1527 1521 1579 si
1552 1525 1791 1580 eamdem
1837 1526 1900 1579 fi-

327 1615 454 1669 dem
508 1616 732 1680 habeat,
777 1631 900 1670 ecce
938 1617 1227 1669 membrum
1257 1625 1339 1668 est
1368 1625 1530 1669 tuum.
1561 1616 1689 1681 Quae
1715 1615 1893 1669 amici-

337 1704 408 1758 tia
461 1713 658 1757 tantam
704 1705 1122 1772 coniunctionem
1166 1703 1376 1758 efficere
1417 1715 1608 1772 potest,
1647 1716 1893 1773 quantam

339 1795 461 1848 fidei
483 1796 726 1865 cognatio
755 1797 777 1849 ?
803 1795 982 1865 Neque
1005 1798 1144 1851 enim
1176 1807 1314 1851 tanta
1340 1798 1508 1852 solum
1535 1799 1893 1868 prepinquitas

324 1885 463 1939 inter
488 1900 587 1939 nos
631 1886 945 1952 exhibenda,
977 1897 1168 1957 quanta
1207 1899 1287 1943 est
1329 1889 1481 1943 amici
1523 1889 1588 1943 ad
1616 1890 1842 1944 amicum
1873 1906 1889 1954 ;

323 1975 414 2030 Sed
443 1985 635 2046 quanta
668 1978 889 2032 membri
915 1978 980 2032 ad
1011 1980 1446 2036 membrumJloc
1474 1980 1670 2050 quippe
1700 1983 1889 2036 amici-

328 2069 410 2121 tia:
434 2078 485 2122 et
512 2068 918 2123 necessitudinis
943 2070 956 2101 ¹
989 2085 1182 2139 genere
1201 2071 1401 2124 nullum
1430 2072 1601 2141 majus
1633 2073 1888 2142 reperias.

325 2156 774 2222 Quemadmodum
819 2175 914 2214 nec
958 2161 1132 2216 dicere
1173 2162 1360 2230 possis,
1393 2162 1544 2218 Unde
1578 2164 1707 2218 mihi
1741 2164 1892 2218 fami-

225 2311 246 2316 -
327 2245 524 2301 liaritas
563 2256 615 2302 et
645 2249 982 2302 necessitudo
1007 2266 1126 2304 cum
1174 2250 1264 2304 illo
1293 2265 1308 2315 ;
1359 2250 1406 2304 id
1438 2252 1579 2306 enim
1612 2252 1890 2306 ridiculum

326 2343 404 2388 est
428 2352 440 2387 :
470 2336 545 2389 sic
573 2351 671 2392 nec
693 2337 759 2390 de
789 2335 952 2391 fratre
977 2337 1076 2391 hoc
1104 2337 1282 2392 dicere
1303 2339 1496 2409 possis.
1531 2339 1716 2393 Omnes
1739 2341 1890 2405 enim,

327 2425 512 2495 inquit,
557 2428 607 2480 in
654 2444 810 2480 unum
840 2445 1023 2497 corpus
1052 2429 1292 2499 baptizati
1327 2447 1498 2484 sumus
1525 2431 1542 2499 (
1570 2433 1619 2486 1.
1652 2430 1766 2484 Cor.
1803 2431 1886 2485 12.

327 2514 447 2585 15).
475 2516 580 2570 Cur
609 2517 659 2570 in
691 2533 852 2572 unum
883 2533 1075 2588 corpus
1104 2521 1126 2572 ?
1169 2519 1233 2574 Ut
1261 2535 1362 2574 non
1393 2535 1755 2590 segregcmur,
1786 2521 1880 2577 sed

327 2615 380 2660 ut
405 2623 471 2662 ex
497 2617 678 2664 mutua
709 2609 1097 2666 necessitudine
1125 2618 1178 2666 et
1203 2609 1432 2666 amicitia
1463 2611 1620 2666 unius
1648 2611 1886 2681 corporis

325 2698 681 2753 conditionem
709 2715 1000 2756 servemus.
1029 2701 1105 2756 Ne
1135 2718 1261 2772 ergo
1291 2704 1589 2772 proximum
1620 2703 1885 2773 despicia-

325 2804 460 2856 nins,
483 2800 539 2845 ut
564 2807 630 2847 ne
657 2809 753 2848 nos
782 2795 925 2864 ipsos
972 2805 1371 2852 contemnamus
1397 2801 1439 2850 ³.
1474 2797 1661 2864 Nemo,
1693 2798 1884 2868 inquit,

385 2922 399 2988 ξ
435 2920 529 2970 Alit
562 2923 751 2988 legunt,
774 2923 1122 2988 sollicitudinis,
1160 2940 1264 2988 pro,
1288 2927 1668 2982 necessitudinis.

382 2985 403 3013 ’
437 2984 598 3032 Morel.
620 2984 637 3052 ί
651 2985 778 3052 hunc
801 2985 956 3035 locum
977 2990 1046 3035 sic
1062 2984 1332 3052 ell'erti'sic
1355 3002 1468 3052 ergo
1490 2985 1700 3051 proximi
1721 2997 1889 3037 curam

318 3053 564 3106 geramus,
590 3051 638 3093 ut
656 3046 716 3094 de
738 3053 897 3095 nostro
920 3059 1115 3108 corpore
1138 3046 1343 3098 solliciti.

1375 229 1435 286 ΞΝ
1473 230 1791 286 JOANNEM
1831 233 2046 290 ilOMlL.
2089 235 2226 290 XVI.
2270 239 2340 294 al.
2403 238 2512 293 XV.

3488 252 3581 308 102

2006 362 2205 400 carnem
2249 365 2391 402 suam
2436 351 2551 403 odio
2581 352 2721 405 habet
2773 351 3003 421 (Ep/tes.
3047 355 3102 410 5.
3135 355 3262 425 29),
3295 357 3386 410 sed
3417 363 3572 415 nutrit

2002 447 2054 491 et
2085 438 2247 492 fovet.
2279 440 2399 494 Ideo
2423 440 2636 494 domum
2661 457 2812 495 unam
2845 442 2988 497 hunc
3014 445 3273 499 mundum
3301 446 3447 500 dedit
3480 464 3569 501 no-

2001 527 2081 581 bis
2124 529 2281 591 Deus,
2314 530 2488 583 omnia
2522 545 2586 584 ex
2616 546 2764 600 teque
2788 531 3082 596 distribuit,
3130 549 3289 587 unum
3330 537 3566 590 accendit

2001 617 2246 672 omnibus
2270 619 2457 687 solem,
2485 635 2644 674 unum
2672 631 2860 675 tectum
2886 623 3149 684 extendit,
3176 625 3384 688 caelum,
3414 643 3565 682 unam

2002 709 2205 776 paravit
2227 723 2484 774 mensam,
2516 718 2728 763 terram.
2761 711 2912 764 Dedit
2939 727 3153 780 quoque
3173 714 3392 767 alteram
3420 731 3566 768 men-

2001 816 2110 851 sam
2137 838 2153 864 ,
2200 801 2298 854 hac
2326 800 2479 868 longe
2517 801 2787 871 majorem,
2815 801 2906 856 sed
2937 803 3072 856 hanc
3102 819 3282 866 unam,
3315 815 3370 858 ut
3395 807 3564 860 sciunt

2003 888 2375 957 mysteriorum
2420 900 2693 944 consortes
2723 907 2735 955 ;
2771 907 2932 944 unum
2966 893 3296 960 spiritualem
3339 909 3562 964 genera-

2006 980 2162 1031 tionis
2191 979 2404 1032 modum
2429 981 2670 1035 omnibus
2699 981 2912 1048 largitus
2935 992 3016 1036 est
3048 1001 3060 1036 :
3087 998 3187 1036 una
3218 995 3297 1038 est
3320 986 3563 1042 omnibus

2006 1071 2172 1138 patria
2215 1071 2267 1123 in
2317 1072 2459 1124 exulis
2487 1091 2499 1124 :
2531 1088 2592 1127 ex
2633 1073 2819 1128 eodem
2862 1074 3028 1128 calice
3081 1090 3265 1130 omnes
3312 1077 3560 1132 bibimus.

2006 1160 2145 1213 Nihil
2176 1160 2327 1214 diviti
2359 1161 2475 1228 plus
2503 1171 2592 1215 aut
2635 1163 2948 1230 pretiosius,
2985 1164 3113 1218 nihil
3145 1167 3356 1233 pauperi
3410 1167 3566 1220 vilius

2008 1251 2088 1304 vel
2115 1252 2290 1305 minus
2316 1253 2472 1306 datur
2504 1273 2516 1308 :
2546 1255 2638 1309 sed
2666 1269 2850 1308 omnes
2871 1269 2934 1308 ex
2963 1271 3115 1324 aequo
3137 1259 3359 1322 vocavit,
3387 1267 3440 1312 et
3456 1275 3568 1312 car-

2009 1343 2143 1396 nalia
2166 1353 2218 1397 et
2238 1344 2527 1413 spiritualia
2552 1346 2821 1416 aequaliter
2847 1346 3076 1401 tradidit.
3105 1345 3250 1402 Unde
3279 1363 3403 1416 ergo
3429 1357 3566 1402 tanta

2009 1434 2064 1490 in
2089 1435 2190 1487 vita
2223 1435 2549 1504 inmqualitas
2573 1436 2596 1488 ?
2623 1435 2702 1490 Ex
2732 1436 2952 1489 divitum
2980 1437 3194 1489 avaritia
3222 1447 3274 1492 et
3319 1452 3568 1507 arrogant-

2008 1525 2098 1578 tia.
2130 1524 2234 1578 Sed
2266 1539 2351 1588 ne,
2382 1539 2580 1594 qumso,
2615 1524 2820 1588 fratres,
2864 1525 2936 1578 ita
2965 1524 3017 1577 in
3049 1532 3315 1592 posterum
3360 1536 3564 1594 agatur,

2004 1615 2373 1668 communibus
2415 1623 2468 1668 et
2497 1615 2660 1684 magis
2703 1613 3018 1669 necessariis
3053 1629 3149 1668 nos
3180 1631 3280 1667 una
3314 1615 3566 1683 capulan-

2002 1705 2139 1758 tibus
2163 1746 2177 1768 ,
2208 1720 2273 1759 ne
2307 1721 2338 1759 a
2367 1707 2592 1760 terrenis
2629 1715 2681 1760 et
2721 1706 2908 1760 vilibus
2940 1705 3100 1760 rebus
3130 1706 3509 1773 distrahemur,
3535 1723 3564 1760 a

1998 1796 2223 1862 divitiis,
2258 1797 2496 1865 inquam,
2543 1806 2596 1851 et
2638 1809 2967 1866 paupertate,
3019 1813 3048 1849 a
3095 1797 3410 1865 cognatione
3449 1812 3567 1852 cor-

1999 1901 2178 1954 porca,
2211 1885 2276 1939 ab
2302 1887 2424 1940 odio
2449 1896 2504 1941 et
2525 1888 2772 1940 amicitia.
2806 1887 2931 1941 ﬂare
2961 1886 3157 1955 quippe
3179 1887 3355 1938 omnia
3385 1886 3568 1942 umbra

1999 1988 2144 2045 sunt,
2191 1989 2246 2034 et
2287 1979 2476 2033 umbra
2514 1980 2792 2047 abjectiora
2827 1979 2910 2042 iis,
2945 1978 3036 2046 qui
3080 1991 3307 2045 superna
3351 1978 3570 2032 caritate

1999 2070 2334 2138 colligantur.
2377 2069 2491 2123 lloc
2533 2069 2795 2122 vinculum
2829 2067 3109 2122 infractum
3139 2082 3408 2121 servemus
3441 2085 3455 2121 :
3487 2068 3567 2122 ni-

2002 2157 2184 2226 hilque
2228 2173 2294 2211 ex
2344 2159 2583 2227 malignis
2631 2157 2901 2226 spiritibus
2947 2157 2962 2188 ¹
3013 2171 3297 2224 surrepere
3347 2156 3564 2225 poterit.

2001 2247 2140 2316 quod
2175 2247 2310 2301 hanc
2339 2247 2591 2301 unitatem
2621 2247 2819 2301 dividat
2854 2265 2867 2300 :
2895 2261 3054 2316 quam
3085 2259 3182 2298 nos
3208 2260 3393 2300 oumes
3420 2260 3562 2302 asse-

1997 2338 2084 2406 qui
2130 2337 2420 2406 contingat,
2452 2339 2614 2406 gratia
2665 2346 2717 2391 et
2760 2337 3085 2406 benignitate
3136 2337 3339 2392 Domini
3397 2347 3560 2393 nostri

1995 2425 2118 2481 Jesu
2149 2426 2366 2492 Christi,
2410 2441 2508 2496 per
2526 2443 2678 2496 quem
2703 2437 2755 2482 et
2783 2442 3034 2498 cumquo
3056 2427 3197 2482 Patri
3225 2430 3426 2499 gloria,
3463 2445 3561 2484 una

1993 2531 2114 2573 cum
2138 2525 2322 2572 sancto
2347 2517 2563 2585 Spiritu,
2591 2533 2726 2573 nunc
2744 2529 2798 2574 et
2830 2533 3067 2588 semper,
3090 2527 3144 2572 et
3170 2519 3222 2584 in
3246 2519 3438 2584 saecula
3465 2533 3562 2577 εωε,

1992 2611 2252 2664 culorum.
2283 2609 2476 2663 Amen.

2047 2779 2063 2810 '
2097 2784 2199 2835 Aiii
2222 2785 2425 2848 habent,
2447 2785 2757 2850 passimibus,
2791 2784 3179 2852 j.r0,spiritibus..

1685 3268 2031 3330 HOMILIA
2074 3267 2242 3329 XVI.

317 3413 406 3468 19.
447 3411 562 3464 lloc
592 3413 722 3465 enim
761 3422 834 3466 est
872 3414 1200 3466 testimonium
1226 3412 1461 3477 Joannis,
1494 3413 1694 3483 quando
1741 3413 1897 3466 mise-

388 3512 504 3554 runt
526 3500 594 3552 ad
615 3518 726 3554 eum
755 3499 927 3556 Judaei
943 3517 1006 3556 ea:
1026 3501 1353 3572 Jerasolymis
1381 3503 1658 3556 sacerdotes
1677 3512 1720 3556 et
1742 3499 1892 3556 Levi-

389 3604 486 3656 tas,
520 3601 572 3646 ut
601 3594 958 3664 interrogarent
985 3610 1096 3647 eum
1117 3610 1137 3647 :
1165 3594 1242 3648 Tu
1267 3596 1376 3665 quis
1400 3595 1490 3648 es?

393 3685 443 3737 1.
476 3685 646 3739 Grave
672 3685 936 3754 quidpiam
969 3685 1160 3740 invidia
1192 3695 1290 3749 est,
1321 3686 1508 3741 dilecte
1533 3727 1546 3750 ,
1577 3701 1762 3756 grave.
1798 3686 1883 3739 in~

321 3789 498 3844 quam,
527 3783 579 3827 et
607 3774 962 3843 perniciosum
993 3775 1199 3840 invidis,
1230 3792 1331 3829 non
1370 3777 1432 3830 iis
1455 3777 1644 3845 quibus
1674 3775 1887 3830 invide-

323 3875 425 3919 tur.
459 3863 589 3934 lpsis
607 3864 746 3919 enim
768 3865 1030 3933 prioribus
1049 3875 1220 3928 nocet,
1246 3868 1386 3935 ipsos
1409 3868 1612 3936 priores
1641 3883 1886 3922 corrum-

328 3958 424 4024 pit,
455 3963 721 4024 tamquam
760 3956 902 4010 virus
930 3957 1257 4010 mortiferum
1287 3973 1468 4011 eorum
1504 3957 1711 4011 animos
1732 3973 1891 4012 occu-

322 4059 473 4114 pans.
505 4045 558 4099 Si
583 4054 758 4098 autem
803 4046 852 4098 in
890 4047 1130 4115 quapiam
1157 4046 1310 4100 ltedat
1336 4061 1428 4100 eos
1454 4047 1642 4116 quibus
1685 4046 1889 4100 invide-

323 4144 408 4188 tur
430 4175 445 4201 ,
478 4135 593 4188 leve
622 4143 674 4190 et
703 4136 894 4189 nullius
921 4138 1168 4191 momenti
1201 4136 1448 4190 damnum
1479 4146 1559 4190 est
1584 4177 1601 4202 ,
1634 4135 1772 4205 quod
1797 4135 1889 4189 da-

321 4241 443 4280 mno
474 4225 645 4295 majus
686 4226 888 4280 lucrum
925 4227 1138 4282 referat.
1171 4227 1350 4297 Neque
1375 4229 1426 4281 in
1453 4228 1647 4281 invidia
1672 4227 1840 4280 Solum
1865 4267 1881 4292 ,

323 4315 413 4369 sed
437 4316 595 4369 etiam
648 4317 699 4369 in
747 4318 954 4371 exteris
997 4319 1245 4372 omnibus
1284 4319 1462 4383 vitiis,
1494 4335 1598 4371 non
1627 4319 1713 4385 qui
1756 4318 1893 4372 malo

321 4403 563 4469 afficitur,
595 4405 690 4459 sed
716 4409 804 4474 qui
831 4406 1016 4473 afficit,
1046 4407 1089 4461 is
1117 4407 1366 4461 damnum
1387 4407 1592 4476 accipit.
1618 4407 1725 4461 Nisi
1748 4409 1888 4462 enim

320 4509 482 4549 resse
512 4496 582 4548 ita
607 4494 830 4550 haberet
858 4537 872 4564 ,
905 4511 1010 4551 non
1036 4500 1375 4566 praecepisset
1399 4499 1672 4570 discipulis
1699 4499 1892 4553 Paulus

321 4585 568 4652 injuriam
587 4585 846 4654 accipere,
868 4588 1040 4655 potius
1061 4604 1216 4657 quam
1233 4587 1450 4654 inferre,
1470 4605 1587 4642 cum
1618 4589 1760 4653 dicit,
1793 4589 1896 4643 Cur

319 4692 421 4729 non
452 4676 620 4744 potius
639 4676 877 4744 injuriam
908 4680 1170 4748 accipitis?
1199 4697 1288 4732 cur
1323 4698 1418 4734 non
1464 4682 1621 4752 magis
1661 4679 1892 4749 frondent

316 4770 642 4840 patimini“.
668 4769 782 4824 Cor.
815 4771 868 4825 6.
900 4771 994 4843 7)?
1024 4772 1278 4824 Accnrate
1300 4771 1492 4840 quippe
1525 4780 1764 4834 noverat,
1788 4785 1892 4823 non

317 4862 458 4915 mala
485 4861 787 4930 accipienti,
821 4861 912 4915 sed
941 4862 1078 4915 mala
1108 4859 1354 4923 inferenti
1381 4849 1666 4931 perniciem
1699 4861 1896 4931 ubique

319 4961 562 5020 paratam
601 4965 742 5006 esse.
776 4949 902 5004 ﬂare
947 4966 1106 5019 porro
1144 4951 1319 5004 omnia
1351 4961 1566 5020 prepter
1591 4951 1896 5005 Jtidmorutu

321 5042 543 5096 livorem
594 5041 732 5095 dicta
773 5042 926 5095 nobis
968 5050 1112 5096 sunt.
1159 5041 1292 5095 Nam
1336 5043 1424 5111 qui
1463 5057 1526 5096 ex
1571 5041 1790 5095 urbibus
1830 5040 1896 5094 ad

321 5133 579 5189 Joannem
606 5132 999 5198 confluxerant,
1028 5141 1081 5186 et
1101 5142 1312 5202 peccata
1338 5147 1430 5186 sua
1464 5131 1778 5184 damnautes
1805 5129 1890 5181 ba-

321 5226 506 5296 ptizati
550 5225 786 5288 fuerant,
841 5224 1002 5278 iidem
1048 5224 1146 5292 ipsi
1187 5223 1334 5292 quasi
1380 5221 1690 5291 poenitentia
1720 5219 1890 5284 ducti,

319 5318 536 5371 mittunt
565 5318 654 5385 qui
689 5316 1016 5384 interrogent
1045 5328 1165 5368 eum
1192 5355 1204 5378 ,
1229 5311 1307 5366 Tu
1334 5313 1445 5380 quis
1471 5311 1563 5364 es?
1593 5310 1729 5363 Vere
1755 5307 1900 5376 genic

322 5409 465 5462 mina
497 5409 803 5476 viperarum
833 5446 848 5470 ,
897 5414 1198 5473 serpentes,
1233 5412 1287 5457 et
1315 5403 1358 5456 si
1400 5401 1525 5470 quid
1553 5400 1635 5453 his
1667 5397 1899 5466 gravius.

320 5501 613 5555 Generatio
645 5498 782 5553 mala
811 5538 824 5563 ,
851 5497 1088 5551 adultera
1121 5505 1172 5549 et
1211 5507 1478 5563 perversa,
1509 5499 1784 5558 postquam
1808 5487 1902 5540 ha-

325 5594 522 5662 ptizata
550 5607 635 5660 es,
679 5589 746 5645 de
777 5589 1012 5659 Baptista
1044 5585 1268 5656 inquiris
1307 5593 1359 5639 et
1389 5582 1595 5638 curiose
1624 5577 1904 5639 scrutaris?

2002 3411 2202 3481 Ecquid
2233 3409 2328 3465 hac
2351 3410 2567 3466 stultitia
2593 3413 2803 3466 stultius
2825 3411 3020 3468 fuerit?
3047 3412 3324 3479 Quomodo
3353 3415 3560 3471 exiistis

1997 3499 2061 3556 ad
2093 3501 2251 3556 eum?
2293 3500 2559 3571 quomodo
2597 3509 2807 3571 peccata
2847 3504 3070 3558 confessi
3101 3505 3560 3576 estis?qnomodo

1994 3591 2297 3646 accurristis
2342 3589 2408 3645 ad
2469 3591 2835 3660 baptizantem,
2879 3583 3140 3662 quomodo
3184 3596 3562 3662 interrogastis

1993 3680 2114 3751 quid
2143 3680 2400 3751 agendum
2441 3684 2615 3736 esset?
2643 3682 2765 3736 Βᾶτε
2793 3684 2987 3752 quippe
3032 3686 3205 3737 omnia
3237 3699 3267 3737 a
3294 3683 3452 3737 vobis
3479 3683 3557 3735 in-

1993 3773 2324 3828 considerate
2357 3772 2490 3827 facta
2523 3783 2663 3837 sunt,
2698 3775 2784 3842 qui
2820 3789 2914 3827 nec
2947 3775 3259 3844 principium
3283 3815 3298 3837 ,
3324 3787 3428 3826 nec
3457 3787 3556 3839 qua

1992 3863 2058 3917 de
2081 3879 2138 3919 re
2163 3871 2428 3933 ageretur,
2475 3862 2860 3931 intelligeretis.
2911 3863 3013 3916 Sed
3045 3865 3172 3917 nihil
3205 3864 3402 3916 horum
3432 3861 3564 3914 dixit

1993 3956 2074 4009 vel
2117 3951 2461 4024 exprobravit
2501 3952 2684 4004 beatus
2732 3951 2967 4005 Joannes
2999 3992 3016 4018 ,
3048 3967 3231 4005 verum
3263 3951 3411 4003 omni
3443 3965 3562 4005 cum

1994 4044 2398 4101 mansuetudine
2426 4041 2712 4108 respondit.
2764 4042 2871 4095 Cur
2899 4053 3070 4095 autem
3115 4043 3182 4094 ita
3214 4057 3274 4094 se
3315 4041 3560 4108 gesserit,

1997 4137 2209 4204 cognitu
2229 4132 2447 4199 dignum
2478 4138 2560 4182 est
2585 4169 2598 4192 ,
2624 4135 2679 4179 ut
2704 4142 2886 4181 eorum
2923 4128 3149 4194 nequitia
3177 4127 3428 4180 omnibus
3455 4141 3565 4180 ma-

1994 4227 2186 4279 nifesta
2236 4227 2398 4274 esset.
2447 4218 2598 4286 Smpe
2638 4216 2870 4270 Joannes
2914 4215 3050 4281 apud
3089 4215 3303 4269 Judzeos
3357 4214 3567 4273 Christo

2002 4307 2697 4378 testimonium\perhibuit,
2731 4315 2786 4360 et
2829 4319 2945 4358 cum
2984 4305 3273 4372 haptizaret
3312 4319 3422 4370 eos,
3458 4305 3566 4362 frc-

1998 4415 2226 4473 quenter
2276 4398 2539 4452 Christum
2585 4395 3030 4451 commemorabat
3070 4395 3379 4462 dicebatque
3412 4415 3424 4449 :
3459 4395 3567 4468 Ego

1996 4496 2200 4564 quidem
2225 4506 2307 4544 vos
2351 4488 2548 4557 baptizo
2577 4491 2628 4541 in
2660 4505 2789 4557 aqua
2820 4506 2836 4540 :
2875 4488 2958 4556 qui
2983 4496 3146 4538 autent
3179 4496 3287 4551 post
3314 4500 3389 4538 me
3419 4493 3566 4557 venit,

2002 4585 2182 4656 fortior
2209 4597 2285 4633 me
2310 4589 2399 4634 est.
2432 4576 2551 4649 Ipse
2587 4596 2670 4632 vos
2701 4578 2966 4649 baptizabit
3003 4577 3054 4628 in
3097 4573 3295 4644 Spiritu
3328 4588 3498 4631 sancto
3524 4595 3569 4637 ei

1998 4676 2114 4745 igne
2157 4672 2363 4744 (Matth.
2406 4673 2458 4724 5.
2497 4668 2600 4741 11).
2630 4668 2708 4721 llli
2750 4669 2906 4736 igitur
2930 4668 3070 4720 circa
3091 4666 3348 4720 Joannem
3373 4667 3567 4740 aliquid

2001 4765 2288 4819 humanum
2330 4761 2469 4833 passi
2512 4767 2654 4815 sunt.
2700 4757 2877 4811 Mundi
2907 4771 3132 4825 namque
3177 4756 3397 4825 gloriam
3441 4775 3566 4831 spe-

1997 4864 2220 4918 ctantes,
2239 4863 2288 4907 ct
2313 4869 2373 4906 ea
2393 4851 2562 4904 solum
2585 4863 2703 4917 quae
2730 4846 2797 4902 ob
2818 4847 3000 4900 oculos
3020 4855 3171 4900 erant
3197 4849 3561 4919 respicientes,

1997 4947 2201 5001 Joanne
2231 4945 2502 5012 indignum
2533 4938 2807 5009 putabant,
2836 4935 2879 4987 si
2907 4933 3116 4989 Christo
3153 4935 3373 4990 inferior
3399 4952 3566 5000 esset.

2000 5039 2155 5093 Multa
2177 5050 2401 5103 namque
2420 5033 2677 5086 Joannem
2705 5025 3144 5082 commendabant
3175 5044 3190 5092 ;
3211 5028 3381 5094 primo
3401 5030 3574 5095 splen.

2005 5131 2102 5184 dor
2149 5127 2396 5199 generis;
2471 5129 2587 5176 erat
2633 5118 2773 5173 enim
2825 5117 3075 5186 principis
3131 5115 3466 5172 sacerdotum
3517 5123 3578 5175 ii-

2005 5221 2109 5275 ]ius
2138 5220 2250 5290 (0);
2282 5214 2475 5270 deinde
2505 5211 2625 5263 vita:
2652 5207 2930 5273 asperitas,
2964 5205 3315 5258 humanarum
3343 5209 3576 5265 omnium

2004 5329 2179 5369 rerum
2204 5311 2543 5371 contemptus
2577 5317 2590 5352 :
2616 5299 2862 5350 vestitum
2886 5296 3164 5367 siquidem,
3199 5307 3458 5362 mensam,
3482 5301 3582 5352 do-

2067 5402 2140 5462 (α)
2184 5408 2280 5449 Non
2322 5383 2658 5462 demeres}?
2678 5382 3588 5462 amissumﬁstulave???“

2005 5443 2455 5525 natiiisthéijiwce
2469 5447 2658 5525 false
2677 5443 2993 5525 εὲεεηξεξςξεφ-
3014 5443 3586 5525 tamenseutia-

2006 5506 2490 5572 uiel‘n‘inwli'vaugelio
2522 5513 2660 5554 Lucae
2693 5517 2786 5555 non
2821 5506 3136 5570 dicitur,"uno
3167 5506 3464 5552 contrarium
3487 5515 3597 5554 sua-

2007 5587 2161 5634 detur.

3408 5742 3510 5760 ""‘.
3529 5757 3546 5762 ..
