4012 6194
487 326 590 380 1υό

483 455 651 499 mum.
685 438 857 506 ipsum
906 434 1086 490 cibum
1120 426 1545 500 parvipendens,
1579 425 1631 479 in
1674 424 1891 479 deserto
1915 432 2072 476 antea

487 537 732 585 versatus
781 527 971 581 fuerat.
1026 521 1269 578 Christus
1297 525 1483 574 contra
1510 557 1525 580 ,
1563 515 1651 568 vili
1678 528 1874 585 genere
1919 520 2073 566 natus

489 630 626 686 erat,
659 619 710 674 id
741 616 883 688 quod
914 618 1013 686 ipsi
1038 629 1181 684 saepe
1205 613 1288 667 his
1309 610 1485 666 verbis
1502 608 1863 678 objiciebaut:
1890 603 2074 659 Nonne

487 712 572 766 hic
598 720 668 765 cst
695 707 829 781 fabri
856 706 1033 777 ﬁlius?
1072 720 1238 759 nonne
1274 711 1435 757 mater
1463 703 1572 773 ejus
1598 701 1785 754 dicitur
1806 697 1995 762 Maria,
2024 705 2074 751 et

481 803 664 873 fratres
693 801 801 872 ejus
837 798 1062 853 Iacobus
1088 807 1133 852 et
1155 794 1305 850 loses
1333 794 1548 860 (Matth.
1584 793 1670 848 15.
1698 791 1832 863 55)?
1858 796 1936 846 Ac
1955 804 2074 860 quae

488 894 770 948 videbatur
813 892 928 961 ejus
959 905 1082 945 esse
1128 887 1295 959 patria
1342 888 1415 942 ita
1441 884 1807 956 vituperabilis
1850 892 1986 950 eral,
2016 893 2074 938 ut

481 986 643 1042 etiam
674 983 971 1040 Nathanael
1021 983 1226 1038 diceret
1256 998 1269 1034 :
1303 980 1388 1035 Ea;
1433 979 1662 1034 Nazaret
1687 986 1847 1051 potest
1877 977 2099 1045 aliquid.

374 1096 387 1114 ι
479 1076 599 1131 boni
624 1090 731 1131 esse
749 1075 775 1128 7
794 1074 873 1128 Ad
900 1074 1037 1149 lucc,
1057 1075 1176 1127 vitm
1196 1086 1363 1143 genus
1379 1070 1680 1125 communis
1704 1109 1721 1137 ,
1751 1069 2069 1124 vestimenta

481 1168 740 1240 vulgaria.
784 1166 964 1237 Neque
1027 1166 1168 1220 enim
1243 1179 1377 1219 zona
1437 1163 1663 1233 pellicea
1724 1161 2066 1232 cingebatur,

487 1275 660 1330 neque
708 1274 773 1315 ex
805 1258 927 1328 pilis
974 1268 1214 1327 paratum
1261 1256 1639 1312 vestimentum
1670 1251 1872 1315 habuit,
1896 1264 2071 1320 neque

493 1352 653 1407 melle
679 1360 733 1406 et
783 1349 1006 1405 locustis
1035 1347 1350 1403 vescebatur
1376 1363 1392 1413 ;
1421 1345 1518 1403 sed
1544 1342 1746 1414 vulgari
1774 1342 1942 1396 victus
1975 1355 2070 1410 ge-

485 1458 615 1498 nere
670 1455 845 1507 usus,
905 1441 1067 1496 etiam
1117 1438 1483 1509 improborum
1534 1435 1811 1491 hominum
1860 1447 1924 1488 ac
1971 1447 2072 1503 pu-

489 1533 823 1588 blicanorum
864 1531 1122 1587 conviviis
1160 1531 1452 1595 intererat,
1492 1536 1550 1582 ut
1588 1527 1707 1581 illos
1748 1525 2064 1581 attsahcret.

480 1623 633 1690 Quod
681 1637 787 1678 non
830 1621 1186 1691 intclligentcs
1238 1619 1435 1680 Judmi,
1490 1617 1589 1687 ipsi
1631 1616 2065 1688 exprobrabant,

484 1722 542 1767 ut
593 1720 648 1766 ct
706 1712 819 1782 ipse
873 1710 998 1764 ait:
1059 1709 1201 1763 Venit
1259 1707 1427 1763 Filius
1492 1707 1708 1761 hominis
1754 1706 2070 1760 manducans

479 1813 526 1856 et
580 1803 784 1869 bibens,
824 1810 871 1856 et
923 1801 1096 1855 dicunt
1130 1815 1149 1854 :
1178 1797 1312 1853 Ecce
1363 1799 1508 1854 homo
1563 1814 1719 1852 corax
1767 1807 1815 1852 et
1869 1806 2070 1869 potator

479 1893 602 1953 uini.
639 1893 1023 1963 publicanorum
1050 1900 1097 1945 et
1140 1900 1458 1960 peccatorum
1489 1890 1682 1943 amicus
1712 1888 1732 1962 (
1757 1888 1949 1945 Matth.
1974 1889 2065 1945 11.

479 1985 548 2040 19
566 1986 606 2054 ).
652 1985 783 2039 Cum
811 1997 940 2054 ergo
967 1983 1275 2053 frequenter
1314 1981 1547 2037 Joannes
1575 1982 1643 2035 ab
1671 1995 1731 2037 se
1757 1981 1973 2037 Jlldil‘OS
1999 1980 2065 2037 ad

478 2077 755 2130 Christum
788 2076 1042 2141 mitteret,
1071 2074 1159 2144 qui
1189 2072 1465 2130 videbatur
1487 2073 1592 2128 illis
1617 2073 1821 2128 Joanne
1842 2072 2069 2130 inferior

481 2180 640 2229 esse;
672 2180 792 2222 cum
832 2162 1100 2235 pudefacti
1149 2175 1202 2219 et
1227 2179 1368 2235 :rgre
1395 2163 1630 2221 ferentes
1656 2164 1878 2220 mallent
1904 2165 2070 2221 Joan-

483 2273 606 2312 nem
634 2256 834 2311 habere
862 2256 1139 2311 doctorem
1163 2296 1180 2323 ,
1210 2256 1260 2311 id
1290 2265 1465 2311 tamen
1514 2265 1700 2326 aperte
1725 2255 1911 2313 dicere
1950 2256 2068 2312 ausi

484 2364 589 2401 non
610 2354 732 2400 sunt
750 2361 767 2412 ;
790 2345 885 2402 sed
907 2346 1122 2400 mittunt
1142 2345 1208 2399 ad
1235 2345 1404 2413 illum,
1423 2354 1704 2416 Sperantes
1723 2361 1783 2402 se
1801 2362 1896 2417 per
1924 2345 2060 2402 adu-

490 2439 744 2494 lationem
768 2451 928 2509 posse
956 2438 1103 2492 illum
1120 2437 1358 2505 allicere,
1386 2448 1442 2492 ut
1460 2452 1522 2494 se
1546 2437 1891 2494 conﬁteretur
1907 2437 2064 2495 Chri~

485 2540 646 2583 slum.
705 2528 821 2584 Non
872 2529 1067 2583 intima:
1121 2530 1281 2585 sortis
1325 2529 1572 2586 homines
1620 2531 1857 2597 mittunt,
1898 2538 1957 2586 ut
2000 2529 2070 2587 ad

486 2620 756 2674 Christum
778 2660 793 2684 ,
819 2634 940 2674 cum
968 2619 1165 2674 vellent
1193 2634 1314 2675 eum
1340 2634 1535 2690 capere
1573 2623 1625 2675 in
1650 2632 1932 2687 sermone;
1954 2635 2060 2676 ser-

487 2726 584 2765 vos
628 2711 770 2765 enim
817 2710 1096 2776 miserunt,
1121 2710 1314 2766 deinde
1353 2710 1685 2767 llerodianos
1723 2712 2072 2784 ejusdemque

497 2802 683 2858 farina:
734 2801 981 2858 homines
1012 2818 1028 2856 :
1057 2801 1143 2856 hic
1182 2811 1359 2858 autem
1390 2801 1696 2858 sacerdotes
1720 2814 1774 2859 et
1825 2802 2068 2872 Levitas;

490 2909 587 2948 nec
612 2891 880 2965 quoslibet
904 2890 1243 2959 sacerdotes,
1266 2890 1362 2947 sed
1385 2892 1451 2948 ab
1473 2891 1823 2965 Jcrosolymis
1846 2933 1861 2961 ,
1882 2891 1941 2950 id
1964 2904 2068 2962 est,

492 2983 922 3039 honorabiliores
943 2982 1143 3054 (neque
1162 2983 1304 3039 enim
1344 2984 1462 3039 sine
1480 2998 1639 3039 causa
1668 2982 1782 3039 lucc
1802 2984 2071 3057 signiﬁca-

489 3075 932 3148 vitevangelista)
962 3084 1051 3132 :et
1079 3075 1317 3143 mittunt,
1341 3084 1399 3130 ut
1421 3076 1832 3147 interrogarent,
1860 3075 1937 3131 Tu
1959 3077 2074 3148 quis

486 3168 584 3226 es?
610 3146 828 3223 Natales
854 3166 1053 3238 quippe
1081 3165 1199 3237 ejus
1241 3167 1313 3221 ita
1357 3146 1641 3238 conspicui
1674 3146 1936 3235 erant,'ut
1959 3146 2074 3222 om.

491 3276 586 3316 nos
614 3257 853 3315 dicerent
884 3273 900 3311 :
933 3256 1055 3325 Quis
1086 3267 1236 3328 putas
1280 3273 1408 3327 puer
1437 3258 1531 3312 iste
1554 3257 1649 3312 crit
1679 3255 1830 3331 (Luc.
1860 3257 1912 3313 i.
1938 3256 2075 3329 66)?

491 3363 546 3407 et
574 3367 670 3420 per
694 3350 875 3419 omnia
915 3359 1170 3403 montana
1212 3351 1327 3403 htec
1354 3348 1781 3417 divulgabantur.
1812 3346 2076 3402 Rursum-

493 3458 599 3510 que
628 3456 752 3496 cum
780 3441 928 3496 venit
954 3439 1020 3492 ad
1053 3438 1383 3501 ‘Jordanrm,
1416 3452 1605 3494 omnes
1642 3438 1888 3493 civitates
1916 3436 2079 3493 advo-

492 3535 694 3599 larunt,
736 3539 790 3586 ct
836 3544 903 3586 cx
958 3528 1255 3584 Jerusalem
1305 3529 1554 3598 omnique
1605 3526 1787 3583 Juda-a
1818 3527 2077 3583 Joannem

493 3623 710 3677 adibant
758 3629 817 3677 ut
864 3620 1282 3690 baptizarentur.
1326 3620 1391 3674 lli
1431 3620 1606 3690 itaque
1651 3635 1793 3676 nunc
1849 3620 2082 3678 interro-

494 3725 644 3786 gant,
675 3729 780 3770 non
808 3714 948 3786 quod
977 3712 1221 3782 ignorent
1255 3712 1273 3780 (
1304 3712 1570 3782 quomodo
1604 3712 1744 3767 enim
1774 3712 2080 3783 ignorarent

496 3821 620 3863 eum
650 3805 738 3875 qui
770 3812 847 3860 tot
876 3803 1050 3858 modis
1072 3801 1385 3858 manifestus
1417 3801 1633 3875 erati),
1657 3801 1751 3859 sed
1782 3812 1839 3859 ut
1863 3818 1987 3860 eum
2013 3805 2080 3862 ad

498 3898 573 3961 id,
601 3895 742 3968 quod
759 3910 918 3966 supra
947 3894 1080 3960 dixi,
1112 3893 1444 3951 inducerent.

567 3986 625 4043 9...
664 3985 800 4042 Audi
829 4000 954 4056 ergo
982 3983 1250 4055 quomodo
1289 3985 1475 4041 beatus
1513 3985 1599 4042 hic
1640 3986 1707 4042 ad
1738 3987 2080 4059 interrogan-

501 4080 632 4140 tium
662 4087 921 4147 mentem,
948 4093 1054 4133 non
1080 4077 1148 4134 ad
1179 4078 1346 4147 ipsam
1371 4079 1837 4148 interrogationem
1860 4095 2084 4153 respon-

499 4172 643 4228 deat.
668 4169 971 4227 Diceutihus
989 4170 1154 4237 enim,
1189 4168 1264 4223 Tu
1285 4171 1396 4243 quis
1411 4186 1463 4225 es
1479 4169 1506 4223 ?
1539 4185 1646 4226 non
1673 4170 1943 4241 respondit
1969 4180 2083 4230 sta-

503 4264 596 4325 tim
614 4261 665 4318 id
684 4260 826 4332 quod
851 4269 993 4316 recte
1016 4258 1440 4330 respondendum
1458 4269 1594 4329 erat,
1616 4259 1727 4331 Ego
1750 4277 1845 4317 vos:
1859 4260 2086 4319 claman-

502 4354 566 4410 tis
594 4353 647 4408 in
673 4352 866 4408 deserto
893 4349 1074 4426 (Joan.
1109 4351 1160 4407 l.
1187 4350 1279 4421 25)
1297 4392 1311 4417 ,
1345 4350 1441 4407 sed
1465 4351 1627 4422 quid?
1650 4351 1707 4408 Id
1734 4353 1876 4424 quod
1899 4352 1972 4408 illi
1996 4367 2086 4409 suc

501 4442 844 4514 spicabantur
881 4441 1098 4496 amovit.
1142 4440 1276 4495 Nam
1320 4439 1696 4512 interrogatus,
1724 4440 1804 4497 Tu
1849 4443 1962 4513 quis
1996 4442 2087 4499 es?

503 4533 695 4604 inquit,
724 4531 813 4589 20.
848 4528 1121 4602 Confessus
1148 4539 1244 4597 est,
1268 4536 1317 4584 ct
1345 4547 1445 4585 non
1472 4532 1669 4602 negavit
1695 4546 1718 4597 ;
1750 4541 1798 4586 et
1825 4533 2086 4602 confessus

504 4634 601 4693 est,
631 4625 751 4698 quia
793 4640 893 4678 non
920 4638 1033 4676 sum
1059 4635 1149 4692 ego
1177 4616 1424 4675 Christus.
1466 4620 1532 4691 Et
1576 4621 1698 4677 vide
1742 4622 2087 4694 evangelista:

508 4718 840 4786 εορτοηιίειιιι.
873 4713 979 4767 'l‘er
1006 4711 1234 4781 idipsum
1263 4709 1425 4777 dicit,
1457 4719 1517 4765 ut
1544 4720 1600 4767 et
1627 4713 1879 4783 Baptistae
1918 4716 2086 4770 virtu-

508 4815 616 4862 tem
640 4847 655 4871 ,
686 4812 739 4861 et
772 4804 1062 4873 nequitiam
1092 4802 1457 4870 insaniamque
1494 4803 1704 4859 illorum
1735 4806 2087 4864 demonstret.

506 4898 680 4955 Lucas
705 4912 831 4951 vero
852 4897 997 4963 dicit,
1020 4895 1161 4967 quod
1188 4910 1306 4951 cum
1332 4894 1501 4949 turbte
1522 4896 1916 4966 suspicarentur
1940 4901 2088 4956 illum

508 5005 631 5046 esse
660 4986 927 5045 Christum
950 5027 969 5056 ,
1000 4988 1115 5058 ipse
1163 4986 1300 5042 hanc
1352 4987 1613 5043 amaverit
1663 4990 2020 5060 suSpicionem
2044 4992 2086 5048 ³.

510 5081 624 5136 lloc
653 5078 788 5150 frugi
826 5079 968 5134 servi
1005 5078 1241 5134 ofﬁcium
1286 5086 1368 5134 est
1389 5118 1404 5144 ,
1436 5092 1540 5133 non
1580 5079 1741 5136 modo
1770 5081 1979 5137 Domini
2008 5083 2090 5139 sui

506 5174 736 5246 gloriam
764 5188 871 5228 non
908 5172 1186 5241 abripere,
1216 5171 1309 5227 sed
1339 5172 1500 5228 etiam
1529 5171 1762 5229 oblatam
1788 5188 1818 5228 a
1850 5175 2091 5231 multitu-

508 5266 635 5322 dine
657 5265 949 5337 depellere.
983 5263 1178 5321 Verum
1208 5264 1375 5320 turbae
1400 5279 1467 5323 ex
1491 5264 1831 5336 simplicitate
1859 5278 1914 5323 et
1939 5268 2093 5340 igno-

511 5357 683 5413 rantia
710 5358 763 5414 in
794 5356 931 5414 hanc
971 5371 1167 5413 venere
1193 5358 1550 5429 suspicionem
1583 5374 1599 5413 :
1632 5358 1687 5414 hi
1724 5368 1905 5416 autem
1930 5362 2091 5431 malo,

578 5495 600 5559 ξ
632 5495 709 5544 sic
727 5492 869 5544 Sull.
915 5499 970 5545 et
1007 5498 1151 5554 Mss;
1175 5493 1226 5542 in
1250 5489 1415 5559 ator-el.
1438 5500 1602 5559 autem
1623 5493 1697 5545 sic
1717 5491 1902 5559 legitur
1926 5508 1941 5546 :
1962 5493 2096 5559 Idem

516 5553 685 5627 vitae
706 5563 777 5607 εει
797 5559 936 5627 αρνιμ.
960 5552 1154 5627 eum;
1177 5552 1262 5627 sui
1292 5552 1480 5627 ίπάυςίς
1496 5563 1748 5627 Meam
1770 5552 2098 5627 memoriis

514 5618 600 5729 qui
620 5618 746 5669 inter
765 5630 818 5669 se
830 5616 1081 5682 agitabant
1101 5616 1146 5667 si
1167 5617 1290 5677 forte
1310 5623 1431 5668 esset
1452 5616 1687 5679 Christus,
1699 5636 1722 5665 ι
1743 5619 1874 5670 Venit
1897 5618 1980 5692 qui
2001 5620 2099 5683 for-

539 5693 615 5729 sor
634 5692 721 5729 sne
743 5686 832 5729 est.
857 5697 880 5727 ι
909 5685 953 5729 et
990 5691 1076 5729 per
1098 5692 1155 5729 ea
1177 5691 1287 5729 mue
1322 5679 1576 5729 resnondct
1590 5716 1604 5729 .
1629 5679 1755 5729 hanc
1777 5695 2098 5729 snsmaonem

539 5679 832 5791 ﬂmyﬁgt,
857 5679 888 5727 ἱ
909 5685 953 5732 et
990 5691 1076 5745 per
1098 5692 1155 5730 ea
1177 5691 1287 5742 qua:
1322 5679 1604 5743 respondet,
1629 5679 1755 5733 Itane
1777 5679 2098 5747 suspicionem

789 5757 824 5791 ι.

514 5752 803 5792 mrwt‘mtem
811 5777 824 5791 .

1232 314 1288 371 s.
1328 309 1605 369 JOANNIS
1640 294 2108 366 CllRYSOSTOMl
2146 301 2462 359 ARCIIIEP.
2502 302 3032 362 CONSTANTINOP.

3664 305 3764 361 IOI

2185 426 2242 473 ut
2268 418 2398 483 dixi,
2426 418 2605 473 animo
2632 418 3035 489 interrogabant
3065 433 3205 486 sum,
3236 426 3514 488 sperantes
3544 430 3603 473 se
3632 416 3766 473 adu-

2184 508 2381 565 latione
2426 509 2477 564 id
2526 509 2666 581 quod
2722 510 2974 581 optabant
3020 518 3444 580 consequuturos
3486 524 3628 564 esse.
3655 507 3764 564 Nii

2182 602 2326 658 enim
2365 602 2467 657 hoc
2491 612 2830 673 sperassent,
2860 617 2967 658 non
3007 603 3185 657 statim
3213 601 3282 656 ad
3308 602 3467 657 aliam
3494 602 3763 658 venissent

2181 692 2679 764 interrogationem,
2712 693 2807 749 sed
2851 692 3106 764 indignati
3141 691 3284 763 quod
3325 691 3394 748 ad
3435 692 3766 763 prepositqu

2180 799 2288 840 non
2320 785 2682 855 respondisset
2706 827 2720 850 ,
2751 785 3010 840 dixissent
3038 801 3052 840 :
3079 784 3215 839 Num
3243 785 3344 839 hoc
3381 785 3634 854 suSpicati
3674 798 3765 838 su-

2181 876 2334 933 mus?
2360 893 2484 933 num
2517 877 2620 933 hoc
2647 887 3012 948 percontatum
3039 878 3281 933 venimus
3303 876 3327 931 ?
3351 876 3454 933 Sed
3493 877 3649 947 quasi
3677 892 3768 932 ca-

2180 968 2253 1038 pti
2296 984 2361 1024 ac
2401 968 2720 1039 deprehensi
2741 969 2807 1024 ad
2833 968 2990 1022 aliam
3015 967 3234 1023 veniunt
3259 967 3767 1038 interrogationem:

2177 1060 2269 1115 21.
2313 1060 2447 1128 Quid
2475 1062 2635 1133 ergo?
2666 1060 2807 1115 Elias
2833 1077 2884 1115 es
2913 1060 3007 1115 tu?
3035 1060 3102 1115 Et
3130 1059 3426 1129 respondit,
3457 1056 3581 1113 Non
3630 1076 3763 1115 sum.

2175 1151 2309 1206 Nam
2338 1151 2556 1207 ethunc
2583 1161 2863 1207 venturum
2885 1166 3007 1207 esse
3036 1149 3340 1220 sperabant,
3366 1157 3492 1205 utet
3518 1148 3765 1205 Christus

2175 1242 2269 1296 ait.
2319 1242 2450 1297 Nam
2501 1242 2950 1312 interrogantibus
2992 1240 3311 1311 discipulis:
3347 1240 3616 1308 Quomodo
3645 1258 3765 1313 ergo

2174 1333 2353 1389 scribae
2379 1334 2589 1402 dicunt,
2631 1335 2768 1407 quod
2807 1344 3033 1406 oporteat
3078 1332 3249 1387 Etiam
3296 1333 3515 1403 primum
3555 1334 3768 1389 venire?

2175 1424 2290 1494 ipse
2315 1425 2587 1494 respondit
2610 1443 2624 1479 :
2656 1424 2803 1479 Etias
2824 1426 3024 1494 quidem
3051 1426 3225 1489 veniet,
3252 1435 3300 1478 et
3339 1425 3564 1479 restituet
3594 1427 3766 1480 omnia

2175 1515 2389 1585 (Matth.
2412 1517 2501 1571 l7.
2520 1516 2585 1573 10
2608 1514 2648 1586 ).
2673 1515 2869 1571 Deinde
2895 1516 3220 1585 interrogant
3252 1532 3265 1569 :
3304 1513 3560 1585 Propheta
3587 1532 3639 1569 es
3669 1517 3763 1569 tu?

2175 1607 2243 1662 Et
2271 1608 2567 1679 respondit,
2596 1607 2739 1663 Non.
2768 1608 2835 1664 Et
2861 1618 3035 1664 tamen
3061 1606 3317 1679 propheta
3341 1615 3476 1663 erat.
3502 1605 3615 1663 Cur
3636 1622 3765 1678 ergo

2174 1698 2226 1753 id
2269 1699 2464 1771 negat?
2502 1699 2708 1756 Rursus
2747 1699 3183 1771 interrogantium
3235 1707 3470 1754 mentem
3520 1699 3760 1769 respicit.

2173 1789 2470 1858 Sperabam
2498 1790 2638 1846 enim
2662 1789 2973 1860 prephetam
2995 1788 3278 1860 quemdam
3298 1790 3551 1845 eximium
3574 1801 3763 1845 ventu-

2172 1896 2292 1937 rum
2317 1896 2456 1948 esse,
2479 1881 2620 1952 quod
2650 1882 2858 1953 Moyses
2875 1882 3130 1937 dixisset:
3156 1879 3463 1948 Prophetam
3493 1882 3634 1937 vobis
3652 1900 3758 1938 sus-

2170 1972 2338 2028 citabit
2373 1972 2620 2029 Dominus
2665 1973 2799 2028 Deus
2838 1989 2903 2027 e1:
2945 1972 3185 2043 fratribus
3221 1972 3412 2038 vestris,
3446 1973 3578 2027 sicut
3634 1990 3715 2028 me
3738 1990 3759 2030 :

2170 2066 2337 2136 ipsum
2362 2068 2534 2121 audite
2560 2065 2736 2140 (Deut.
2770 2066 2854 2121 l8.
2881 2062 2990 2138 15).
3024 2064 3120 2119 llic
3144 2073 3322 2120 autem
3352 2072 3467 2120 erat
3490 2064 3758 2120 Christus.

2172 2154 2295 2212 Ideo
2323 2171 2427 2212 non
2456 2157 2659 2223 dicunt,
2677 2157 2937 2227 Pmpheta
2960 2171 3019 2213 cs
3046 2163 3100 2211 tu
3117 2157 3142 2209 ἰ
3162 2156 3240 2225 (α)
3266 2155 3353 2228 [ex
3383 2170 3606 2211 numero
3634 2172 3762 2226 pro.

2172 2246 2488 2318 phetarum;
2549 2246 2643 2304 sed
2680 2263 2801 2304 cum
2847 2248 3072 2303 articulo
3105 2270 3119 2302 :
3152 2247 3417 2317 Propheta
3444 2248 3534 2303 ille
3561 2263 3621 2303 es
3660 2246 3761 2321 tu],

2171 2336 2314 2407 quia
2340 2336 2523 2409 Moyse
2554 2336 2941 2407 praenuntiatus
2978 2336 3334 2393 est?ldcirco
3376 2328 3589 2408 negavit
3630 2339 3755 2407 ille,

2172 2441 2279 2482 non
2325 2440 2387 2482 se
2429 2426 2741 2497 prophetam
2781 2441 2902 2483 esse
2926 2469 2940 2494 ,
2973 2427 3068 2485 sed
3117 2427 3268 2483 illum
3300 2426 3633 2498 prOphetam.
3665 2428 3755 2483 22.

2171 2514 2426 2571 Dixerunt
2463 2532 2582 2588 ergo
2611 2517 2659 2573 ci
2678 2532 2698 2572 :
2731 2517 2858 2585 Quis
2907 2519 3006 2573 es?
3046 2527 3107 2573 ut
3128 2534 3423 2589 responsum
3470 2519 3646 2575 demus
3693 2520 3757 2575 iis

2170 2605 2260 2677 qui
2287 2605 2534 2661 miserunt
2576 2622 2687 2661 nos.
2721 2605 2859 2675 Quid
2900 2607 3025 2662 dicis
3074 2608 3137 2662 de
3182 2609 3393 2680 teipso?
3417 2608 3603 2664 Viden‘
3641 2610 3762 2665 illcs

2172 2698 2387 2770 quidem
2419 2700 2681 2755 instantes
2711 2709 2764 2756 et
2792 2699 3197 2772 interrogantes,
3219 2716 3390 2771 neque
3418 2701 3760 2768 desistentes;

2173 2788 2323 2844 illum
2351 2803 2482 2846 vero
2509 2789 2786 2846 moderate
2823 2790 2971 2860 prius
3012 2792 3234 2847 remotis
3271 2791 3419 2847 falsis
3444 2793 3763 2862 suSpicioni-

2174 2879 2295 2949 bus,
2324 2896 2504 2937 veram
2530 2883 2849 2937 sententiam
2871 2891 3214 2938 statuentem.
3243 2882 3372 2937 Nam
3397 2884 3471 2938 ait
3496 2901 3511 2938 :
3537 2882 3630 2940 2'5.
3656 2884 3764 2955 Ego

2174 2986 2272 3026 vos:
2313 2970 2580 3027 clamantis
2627 2973 2681 3027 in
2725 2972 2959 3037 deserto;
2987 2983 3167 3044 parate
3201 2974 3333 3028 viam
3380 2972 3607 3041 Domini,
3635 2975 3765 3030 sicut

2176 3061 2305 3116 dia-it
2326 3060 2494 3118 Isaias
2522 3063 2786 3135 propheta.
2805 3063 2939 3132 Quia
2966 3065 3107 3119 enim
3138 3081 3385 3136 magnum
3415 3076 3468 3122 et
3489 3067 3761 3123 excelsum

2176 3151 2444 3223 quidpiam
2472 3152 2540 3208 de
2561 3153 2774 3208 Christo
2803 3153 3050 3224 loquutus
3072 3164 3172 3220 est,
3207 3155 3414 3211 illorum
3439 3172 3498 3212 se
3524 3158 3763 3226 Opinioni

2175 3252 2558 3314 attemperans,
2581 3244 2649 3299 ad
2669 3243 2982 3315 pr0phetam
3011 3245 3189 3302 statim
3213 3247 3468 3319 confugit,
3500 3249 3625 3306 hinc
3646 3265 3768 3306 ver-

2178 3334 2261 3390 bis
2285 3335 2396 3391 suis
2426 3334 2584 3391 [idem
2616 3337 2929 3392 concilians.
2961 3336 3050 3393 24.
3085 3336 3151 3392 Et
3175 3339 3261 3408 qui
3277 3339 3414 3394 missi
3438 3342 3660 3411 fuerant,
3687 3341 3767 3396 iu-

2178 3425 2313 3495 quit,
2345 3432 2487 3480 erant
2517 3442 2579 3481 ea:
2606 3423 2884 3483 Pharisaeis
2909 3444 2930 3483 :
2956 3427 3046 3485 95.
3068 3437 3114 3483 et
3159 3430 3591 3503 interrogaverunt
3625 3449 3766 3497 enin.

2180 3526 2226 3570 et
2275 3516 2508 3571 dixerunt
2532 3517 2576 3572 ei
2606 3533 2626 3572 :
2655 3517 2794 3585 Quid
2821 3535 2937 3590 ergo
2965 3519 3224 3590 baptizas,
3252 3522 3298 3575 si
3326 3531 3378 3574 tu
3409 3539 3510 3578 non
3537 3540 3593 3578 es
3618 3524 3771 3578 Chri-

2179 3617 2321 3675 stus,
2349 3623 2508 3677 neque
2558 3606 2724 3673 Etias,
2750 3624 2910 3680 neque
2955 3610 3248 3681 propheta?
3287 3611 3474 3667 Viden'
3518 3628 3606 3668 me
3658 3629 3768 3669 non

2184 3708 2384 3755 temere
2411 3699 2634 3767 dixisse,
2666 3700 2812 3771 ipsos
2842 3717 2908 3757 eo
2937 3701 3188 3758 inducere
3211 3703 3359 3758 illum
3389 3705 3621 3762 voluisse
3646 3707 3671 3760 ἰ
3700 3707 3771 3763 Et

2183 3789 2333 3845 initio
2359 3790 2571 3861 quidem
2603 3790 2656 3847 id
2686 3807 2795 3846 non
2823 3793 3091 3859 dicebant,
3120 3808 3189 3850 ne
3212 3795 3281 3848 ab
3308 3797 3555 3853 omnibus
3582 3797 3773 3868 depre-

2186 3879 2565 3936 henderentur.
2595 3882 2795 3939 Deinde
2836 3884 2958 3954 quia
3009 3883 3175 3951 dixit,
3208 3885 3330 3941 Non
3374 3904 3488 3942 sum
3514 3888 3771 3956 Christus,

2184 3989 2394 4029 rursum
2445 3974 2609 4030 illiut
2647 3990 2711 4031 ea
2752 3992 2873 4046 quae
2912 3977 3056 4033 intus
3084 3979 3525 4039 machinabantur
3552 3983 3777 4055 obtege-

2185 4076 2326 4136 rent,
2354 4067 2422 4123 ad
2465 4068 2637 4123 Eliam
2669 4069 2926 4137 veniunt,
2954 4079 3011 4127 et
3057 4071 3122 4126 ad
3174 4072 3513 4144 prophetam.
3545 4074 3614 4132 Ut
3644 4090 3777 4131 vero

2184 4157 2338 4225 dixit,
2369 4173 2428 4214 se
2454 4168 2700 4215 neutrum
2722 4175 2907 4217 eorum
2933 4177 3075 4228 esse,
3104 4162 3250 4219 dubii
3279 4165 3494 4221 demum
3523 4175 3575 4222 et
3599 4168 3775 4237 posita

2187 4250 2353 4319 larva,
2383 4260 2566 4322 aperte
2608 4251 2847 4309 dolosam
2876 4270 3026 4311 suam
3057 4265 3289 4313 mentem
3315 4258 3565 4331 detegunt
3591 4260 3778 4317 dicen-

2189 4353 2269 4400 tes
2302 4365 2315 4401 :
2344 4343 2480 4413 Quid
2504 4361 2621 4417 ergo
2647 4346 2892 4416 baptizas,
2924 4348 2968 4402 si
2988 4357 3043 4403 tu
3068 4365 3172 4404 non
3191 4366 3246 4404 es
3269 4347 3497 4406 Christus
3516 4352 3543 4406 .’
3569 4351 3779 4408 Deinde

2187 4448 2397 4490 rursum
2423 4434 2650 4492 obscure
2676 4435 2974 4505 loquentes,
2993 4438 3127 4494 alios
3148 4438 3370 4507 addunt,
3392 4440 3558 4496 Eliam
3581 4457 3780 4513 nempe

2188 4534 2241 4581 et
2273 4524 2602 4596 prophetam.
2629 4526 2763 4594 Quia
2803 4528 2946 4582 enim
2980 4528 3285 4585 adulatione
3312 4530 3486 4600 ipsum
3514 4532 3778 4602 supplau-

2190 4623 2302 4671 tare
2331 4631 2436 4670 non
2463 4625 2747 4686 potuerant
2768 4659 2783 4683 ,
2814 4631 3098 4688 sperarunt
3143 4635 3203 4677 se
3245 4623 3587 4680 accusatione
3618 4640 3781 4695 posse

2190 4707 2338 4763 illum
2368 4723 2561 4779 cogere
2598 4708 2663 4763 ad
2699 4709 2751 4763 id
2794 4709 2863 4766 de
2903 4726 2963 4768 se
3003 4712 3390 4781 conﬁtendum,
3420 4715 3562 4787 quod
3588 4732 3782 4773 verum

2192 4811 2297 4852 non
2324 4806 2507 4853 esset:
2535 4807 2589 4853 at
2627 4814 2732 4854 non
2768 4811 3077 4872 potuerunt.
3106 4805 3151 4860 0
3194 4806 3521 4863 amentiam!
3552 4822 3586 4863 ο
3627 4822 3787 4865 arro-

2191 4890 2426 4960 gantiam
2468 4898 2525 4945 ct
2573 4892 3005 4963 intempestivam
3036 4896 3396 4953 curiositatem
3426 4900 3441 4953 ι
3470 4898 3614 4955 Missi
3647 4900 3788 4956 estis

2194 4990 2253 5037 ut
2299 4981 2581 5039 disceretis
2622 4983 2692 5040 ab
2719 4980 2817 5052 eo,
2841 4986 2960 5057 quis
2987 4996 3041 5043 et
3079 4988 3221 5044 unde
3247 4998 3392 5045 esset
3435 4988 3586 5061 ipse;
3619 5006 3790 5046 num-

2194 5074 2321 5146 quid
2366 5075 2510 5148 leges
2553 5076 2655 5148 ipsi
2703 5080 3100 5150 prtescribetis?
3125 5083 3238 5140 lloc
3283 5084 3425 5140 enim
3474 5085 3787 5157 cogentium

2195 5175 2309 5222 erat
2331 5207 2347 5234 ,
2379 5175 2437 5223 ut
2464 5182 2524 5225 se
2564 5167 2834 5225 Christum
2864 5185 2985 5228 esse
3010 5173 3376 5232 conﬁteretur.
3406 5176 3653 5233 Attamen
3685 5193 3790 5235 ne-

2196 5272 2303 5328 que
2326 5275 2466 5315 nunc
2494 5259 2814 5331 indignatur,
2842 5278 3016 5335 neque
3042 5274 3099 5320 ut
3126 5280 3221 5336 par
3238 5280 3360 5323 esse
3385 5266 3666 5323 videbatur
3688 5268 3795 5323 ali-

2197 5347 2323 5418 quid
2347 5350 2546 5418 protert
2572 5350 2747 5407 simile
2775 5369 2791 5408 :
2820 5353 2902 5411 An
2933 5368 3028 5409 vos
3072 5354 3200 5410 mihi
3227 5357 3550 5428 praecipitis,
3584 5358 3796 5429 legem-

2198 5451 2303 5507 que
2356 5437 2627 5495 statuitis?
2692 5456 2877 5497 verum
2941 5446 3161 5500 multam
3210 5462 3422 5502 rursum
3471 5448 3798 5510 modesuam

2200 5528 2433 5586 exhibet.
2456 5530 2586 5585 Nam
2616 5532 2689 5587 ait
2736 5549 2750 5589 :
2793 5533 2884 5589 26.
2918 5532 3033 5605 Ego
3060 5537 3260 5605 quidem
3287 5538 3486 5610 baptiso
3513 5539 3569 5594 in
3605 5556 3745 5612 aqua
3768 5559 3790 5597 :

2265 5685 2337 5759 (ιι)
2372 5690 2700 5759 Quzeuncjuis
2720 5686 3036 5755 clauduntur,
3063 5691 3197 5757 lapsu
3221 5695 3567 5759 typograpnioo
3597 5694 3809 5748 deside-

2211 5755 2376 5798 rantur
2402 5751 2449 5797 in
2470 5749 2630 5801 Morel.
