4012 6194
283 242 385 299 105

291 543 370 614 jus
399 560 498 597 non
526 560 642 596 sunt
668 543 857 613 dignus
879 549 932 594 ut
954 542 1146 593 solvam
1170 539 1437 609 corrigiam
1463 536 1814 591 calceamenti.

367 637 420 687 ὃ.
452 634 483 688 ,Ι
493 636 666 689 udwos
687 634 1024 688 testimonium
1042 629 1259 685 Joannis
1279 628 1342 684 Β.
1378 629 1707 700 postulantes,
1739 644 1884 683 suam

301 725 399 793 ipsi
417 726 792 777 accusationem
823 719 1160 792 postularunt.
1190 749 1262 758 ——
1299 717 1436 784 Quid
1482 718 1565 771 his
1613 731 1882 786 opponere

307 822 523 884 possunt
545 812 715 867 Juda-i
733 813 758 865 ?
781 810 979 866 Contra
1002 809 1140 863 hanc
1169 809 1565 863 accusationem
1594 822 1662 861 ne
1688 807 1882 861 mutire

305 905 516 974 quidem
544 910 790 972 possunt,
831 901 1102 955 damnatio
1125 899 1265 953 nulla
1290 898 1441 953 venia
1460 898 1630 952 averti
1664 904 1838 966 potest
1862 937 1876 962 ,

307 994 404 1063 ipsi
458 1003 639 1048 contra
690 993 896 1061 seipsos
943 990 1258 1045 sententiam
1304 989 1553 1043 tulerunt.
1605 985 1882 1053 Quomodo

305 1095 356 1139 et
377 1101 476 1155 qua
505 1085 709 1139 ratione
734 1086 757 1137 ?
789 1083 917 1138 Fide
936 1083 1153 1154 dignum
1184 1081 1439 1152 putabant
1459 1096 1577 1135 esse
1597 1080 1878 1146 Joannem,

306 1183 360 1228 et
385 1174 454 1227 ita
484 1188 749 1238 veracem,
785 1182 841 1227 ut
869 1187 974 1227 non
1014 1170 1176 1226 modo
1203 1185 1326 1226 cum
1345 1170 1413 1225 de
1433 1171 1573 1235 aliis,
1599 1170 1692 1224 sed
1717 1169 1880 1223 etiam

303 1280 422 1319 cum
452 1264 520 1319 de
548 1266 729 1335 seipso
756 1264 1158 1327 testiﬁcaretur,
1188 1262 1487 1318 credendus
1513 1271 1676 1317 esset.
1696 1260 1883 1331 Neque

301 1355 466 1420 enim,
497 1355 597 1410 nisi
626 1371 688 1408 ea
714 1356 935 1409 fuissent
961 1355 1230 1425 OpiniOne,
1259 1354 1529 1408 misissent
1548 1353 1636 1423 qui
1658 1352 1886 1406 interro-

300 1455 492 1513 gareut
540 1446 693 1500 illum
724 1445 795 1501 de
830 1446 1026 1516 seipso.
1058 1446 1218 1502 Scitis
1251 1448 1392 1502 enim
1422 1461 1520 1500 nos
1549 1446 1655 1499 illis
1682 1452 1884 1499 tantum

296 1533 366 1589 de
385 1535 584 1604 seipsis
605 1535 951 1605 loquentibus
975 1536 1213 1601 credere,
1242 1550 1375 1606 quos
1393 1537 1629 1589 omnium
1651 1535 1884 1588 veracis-

294 1627 472 1678 simos
505 1639 627 1680 esse
674 1636 941 1695 putamus.
983 1625 1164 1695 Neque
1209 1625 1335 1679 illud
1387 1634 1588 1678 tantum
1646 1623 1878 1692 ipsorum

295 1715 677 1780 obstruitora,
707 1714 802 1769 sed
853 1715 1059 1769 animus
1105 1730 1315 1784 quoque
1359 1728 1465 1784 quo
1504 1713 1651 1768 illunt
1702 1712 1873 1766 adorti

294 1814 443 1861 sunt.
468 1805 604 1860 Cum
636 1804 938 1859 vehementi
969 1819 1193 1875 namque
1210 1805 1385 1858 studio
1411 1804 1582 1873 ipsum
1602 1802 1868 1869 adierunt,

295 1898 420 1952 licet
442 1907 625 1967 postea
658 1898 846 1951 mutati
881 1898 1011 1953 sint.
1066 1897 1193 1965 Quae
1214 1897 1372 1951 ambo
1398 1895 1699 1967 significans
1721 1894 1872 1949 Chri-

300 1998 415 2044 stus
438 1988 648 2043 dicebat
673 2004 689 2042 :
719 1988 820 2042 Ille
844 1998 948 2043 erat
969 1988 1172 2043 lucerna
1194 1989 1379 2042 ardens
1399 2028 1419 2056 ,
1464 1998 1511 2042 et
1539 2004 1623 2041 vos
1650 1987 1871 2041 voluistis

295 2080 363 2133 ad
398 2080 574 2134 harant
612 2080 863 2135 exsultare
889 2083 943 2135 in
989 2082 1099 2153 ejus
1140 2081 1250 2136 luce
1294 2081 1489 2152 (Joau.
1522 2082 1574 2138 5.
1604 2083 1673 2137 55
1717 2080 1760 2152 ).
1806 2081 1870 2135 Et

295 2172 570 2241 responsio
606 2171 723 2241 ejus
769 2172 925 2226 tidem
974 2173 1071 2242 ipsi
1102 2173 1423 2228 conciliabat
1448 2175 1726 2244 majorem.
1770 2173 1870 2241 Qui

293 2263 424 2315 enim
447 2279 546 2317 non
565 2264 742 2335 quierit
771 2263 986 2335 gloriam
1004 2279 1182 2331 suam,
1211 2265 1402 2334 inquit,
1429 2280 1582 2319 verax
1605 2274 1696 2329 est,
1719 2275 1766 2319 et
1788 2266 1869 2319 iu-

292 2353 487 2423 iustitia
506 2355 557 2407 in
586 2355 674 2408 illo
704 2370 804 2407 non
832 2363 901 2407 est
931 2352 951 2425 (
979 2351 1117 2408 Ibid.
1165 2356 1219 2411 7.
1251 2356 1383 2425 18).
1438 2356 1534 2411 llic
1581 2370 1712 2411 vero
1762 2372 1867 2412 non

291 2444 555 2512 qumsivit,
585 2444 677 2499 sed
706 2444 772 2498 ad
797 2445 960 2500 alium
995 2446 1138 2516 ipsos
1159 2447 1322 2501 misit.
1355 2447 1421 2501 Et
1451 2447 1538 2517 qui
1571 2446 1716 2500 tuiSsi
1740 2446 1858 2501 fuc-

293 2542 410 2586 raut
434 2548 496 2588 es
531 2533 633 2588 fide
662 2533 990 2605 dignioribus
1016 2535 1153 2605 apud
1188 2536 1331 2607 ipsos
1376 2546 1429 2591 et
1473 2552 1537 2592 ex
1594 2536 1863 2607 primariis

293 2621 416 2677 viris
435 2633 605 2689 erant,
624 2633 680 2678 ut
708 2625 850 2679 nulla
889 2626 1015 2695 ipsis
1041 2636 1343 2695 superesset
1362 2628 1631 2683 excusatio
1660 2639 1747 2681 aut
1774 2643 1863 2683 ve-

292 2712 375 2766 nia
402 2714 543 2783 quod
571 2713 783 2770 Christo
805 2731 908 2769 non
935 2716 1278 2772 crediderint.
1320 2717 1427 2772 Cur
1450 2718 1591 2774 enim
1621 2735 1726 2773 non
1768 2719 1863 2775 ob-

291 2806 627 2874 temperastis
652 2807 719 2861 iis
756 2823 873 2878 qua:
894 2806 1126 2863 Joannes
1151 2808 1219 2863 dc
1249 2809 1338 2863 illo
1366 2809 1607 2865 dicebat?
1629 2811 1737 2865 Vos
1757 2811 1860 2865 mi-

286 2895 432 2952 sistis
461 2898 723 2966 primores
751 2909 983 2963 vestros,
1036 2914 1131 2954 vos
1162 2899 1397 2970 ipsorum
1442 2916 1605 2971 opera
1634 2902 1863 2956 interro-

284 2987 487 3055 gastisl
515 3003 611 3043 vos
654 2989 877 3043 audistis
901 2988 1028 3058 quid
1057 2988 1291 3059 Baptista
1318 2991 1672 3059 responderit.
1698 2989 1868 3047 Omne

278 3080 544 3147 studium,
574 3096 790 3136 omnem
819 3080 1149 3151 diligentiam
1183 3081 1257 3133 illi
1279 3080 1659 3146 adhibuerunt,
1691 3082 1869 3137 omnia

276 3173 509 3227 scrutati
534 3182 681 3239 sunt,
703 3185 996 3242 omnesque
1018 3172 1364 3242 protulerunt
1389 3186 1524 3241 quos
1553 3171 1862 3243 suspicaba-

277 3265 465 3320 mini:
510 3274 566 3320 et
588 3274 765 3321 tamen
797 3265 1027 3320 illecum
1070 3265 1316 3320 libertate
1355 3279 1544 3336 magna
1589 3264 1867 3320 confessus

275 3367 382 3418 est.
415 3372 478 3413 se
508 3372 610 3413 nec
629 3356 919 3423 Christunt,
954 3373 1052 3413 nec
1084 3357 1276 3423 Ellam,
1308 3372 1411 3413 nec
1462 3358 1776 3428 prophetam
1803 3358 1864 3413 il-

278 3451 393 3505 lum
440 3465 583 3505 esse.
616 3449 802 3520 Neque
828 3449 930 3504 hoc
954 3458 1259 3517 contentus,
1297 3449 1416 3520 quis
1455 3451 1570 3520 ipse
1600 3460 1742 3506 esset
1765 3451 1861 3506 do-

280 3528 412 3605 cuit,
441 3549 496 3596 et
531 3541 598 3596 de
628 3541 966 3611 baptismatis
1014 3541 1095 3596 sui
1146 3549 1334 3595 natura
1376 3542 1663 3610 disseruit,
1716 3544 1856 3614 quod

282 3649 473 3704 nempe
497 3632 745 3705 exiguum
771 3640 826 3689 et
860 3634 964 3689 vile
989 3643 1151 3701 esset,
1180 3642 1236 3690 et
1260 3643 1456 3704 praeter
1485 3651 1678 3706 aquam
1724 3637 1854 3691 nihil

282 3726 511 3796 amplius
531 3726 750 3782 haberet
774 3766 789 3791 ,
813 3725 1100 3781 ostendens
1126 3727 1541 3795 praecellentiam
1572 3726 1856 3797 baptisma-

283 3820 351 3874 tis
371 3833 402 3873 a
430 3817 646 3874 Christo
670 3817 799 3872 dati.
831 3819 1056 3874 Protulit
1074 3834 1283 3889 quoque
1310 3819 1498 3875 Isaiam
1528 3822 1845 3891 prophetam

287 3910 377 3965 ditt
404 3920 560 3965 antea
594 3910 989 3976 testificantem,
1017 3911 1166 3965 illum
1198 3911 1500 3977 Dominum,
1549 3912 1687 3968 hunc
1736 3928 1853 3968 scr-

280 4017 405 4057 vum
421 4011 477 4057 et
500 4002 797 4056 ministrum
824 4011 1126 4058 vocantem.
1154 4002 1287 4071 Quid
1306 4004 1518 4059 demunt
1541 4006 1855 4075 supererat?

280 4105 457 4147 annon
487 4099 543 4145 ut
563 4091 844 4147 crederent
872 4092 920 4147 ei
948 4090 1014 4147 de
1044 4108 1150 4162 quo
1177 4092 1536 4149 testimonium
1564 4094 1852 4163 ferebatur,

283 4193 339 4239 ut
367 4183 653 4239 adorarent
676 4199 818 4250 eum,
838 4192 891 4238 et
911 4184 1292 4240 confiterentur
1318 4186 1531 4242 Deum?
1557 4188 1706 4256 Quod
1757 4205 1853 4243 au-

282 4281 391 4328 tem
423 4273 785 4328 testimonium
816 4289 921 4328 non
948 4288 1013 4329 ex
1044 4274 1368 4338 adulatione,
1401 4274 1497 4329 sed
1540 4292 1603 4330 ex
1638 4277 1857 4333 veritate

284 4363 616 4433 procederet,
663 4362 713 4417 id
756 4370 810 4418 et
858 4377 1037 4418 mores
1067 4371 1122 4418 et
1151 4363 1485 4434 philosophia
1529 4367 1857 4423 testilicautis

282 4455 656 4510 ostendebant.
692 4453 819 4510 lude
841 4470 970 4510 vero
1015 4455 1190 4525 palam
1238 4456 1288 4511 id
1320 4466 1455 4520 erat,
1504 4460 1645 4530 quod
1699 4477 1857 4516 nemo

283 4547 581 4615 proximum
603 4543 701 4601 sibi
722 4545 990 4615 prmferat,
1016 4562 1187 4617 neque
1208 4547 1250 4602 si
1283 4550 1448 4618 possit
1474 4549 1731 4607 honorem
1756 4553 1856 4607 sibi

282 4638 594 4703 conciliare,
622 4638 776 4692 alteri
808 4638 954 4692 illum
1000 4639 1192 4707 cedat,
1247 4655 1367 4695 cum
1411 4643 1642 4698 maxime
1682 4652 1858 4700 tantus

283 4737 427 4784 esset
458 4729 865 4799 honorJtaque
906 4729 1172 4797 Joannes,
1222 4731 1322 4786 nisi
1373 4732 1615 4789 Christus
1673 4735 1861 4792 fuisset

287 4820 444 4884 Deus,
472 4834 759 4889 numquam
807 4819 913 4876 hoe
953 4820 1316 4876 testimonium
1365 4824 1693 4892 protulisset.
1724 4824 1855 4879 Nam

285 4911 329 4964 si
359 4910 503 4965 hunc
530 4911 813 4977 honorem,
842 4922 1024 4983 utpote
1055 4922 1296 4968 naturam
1329 4932 1480 4970 suam
1520 4916 1677 4988 longe
1702 4933 1861 4972 exsu-

288 5010 588 5071 perantem,
639 5003 706 5058 ab
737 5017 795 5058 se
820 5005 1051 5073 repulit:
1076 5016 1221 5062 certe
1245 5022 1348 5061 non
1372 5008 1459 5063 alii
1486 5020 1691 5064 natura:
1720 5009 1857 5066 infc-

284 5093 413 5148 riori
462 5095 610 5150 illum
666 5095 958 5152 tribuisset.
1019 5097 1219 5153 Medius
1254 5111 1421 5153 autem
1467 5111 1682 5156 vestrum
1722 5111 1858 5169 stat,

283 5201 431 5254 quem
474 5201 561 5243 vos
603 5188 824 5242 nescitis.
852 5186 966 5242 Hoc
1000 5188 1151 5253 dixit,
1177 5192 1296 5260 quia
1324 5192 1436 5258 ille,
1482 5201 1537 5247 ut
1569 5208 1664 5263 par
1708 5204 1822 5248 erat
1845 5236 1860 5258 ,

282 5277 435 5346 quasi
468 5293 606 5333 unus
627 5293 658 5334 e
688 5278 840 5333 turba
867 5280 1060 5349 populo
1101 5278 1516 5348 admiscebatnr,
1565 5293 1748 5353 utpote
1775 5284 1863 5353 qui

286 5369 483 5439 ubique
511 5378 566 5425 et
594 5369 763 5425 fastus
810 5379 864 5424 et
912 5385 1123 5440 pompa:
1168 5381 1536 5443 contemptum
1594 5373 1863 5429 edoceret.

283 5457 658 5530 Cognitionem
719 5468 900 5515 autem
951 5459 1038 5515 hic
1076 5460 1206 5515 dicit
1252 5461 1542 5530 perfectam
1586 5462 1825 5517 no:itiam
1851 5506 1865 5528 ,

285 5565 479 5621 nempe
511 5552 634 5621 quis
659 5559 843 5617 esset,
886 5551 1023 5605 unde
1070 5551 1329 5606 venisset.
1364 5549 1497 5604 illud
1539 5567 1702 5617 vero,
1746 5551 1871 5608 Post

282 5659 361 5698 mc
381 5654 624 5700 venturus
667 5654 764 5711 est,
800 5658 941 5713 smpe
965 5644 1182 5714 posuit,
1212 5656 1275 5695 ac
1305 5641 1346 5696 si
1375 5641 1578 5698 diceret
1604 5661 1617 5698 ε
1667 5643 1742 5699 Ne
1772 5661 1868 5715 pu-

1365 238 1429 293 lN
1462 234 1806 292 JOANNEM.
1849 232 2068 289 llOMlL.
2115 238 2249 294 XVI.
2290 244 2357 298 al.
2403 245 2517 301 XV.

282 360 477 413 medius
506 367 681 412 autem
714 369 925 413 vestrum
952 366 1068 424 stat,
1100 371 1240 425 quem
1287 369 1371 407 vos
1408 353 1629 407 nescitis.
1661 351 1754 404 9.7.
1792 345 1890 402 Hic

286 460 357 504 est
377 450 464 521 qui
496 460 616 521 post
645 468 727 504 me
754 459 985 504 venturus
1008 458 1100 512 est,
1132 447 1217 518 qui
1241 456 1356 500 ante
1390 462 1468 499 me
1486 436 1654 516 [actus
1679 453 1772 508 est,
1800 458 1891 495 cu-

3482 250 3579 308 106

1996 354 2114 409 lctis
2144 366 2307 413 totum
2333 360 2383 414 in
2414 362 2727 432 baptismate
2766 379 2889 421 meo
2921 365 3130 437 perlici.
3161 365 3216 422 Si
3260 364 3362 419 hoc
3392 366 3567 434 perle-

1989 455 2128 500 ctum
2159 458 2323 517 esset,
2352 466 2455 507 non
2502 454 2639 509 alius
2665 464 2781 525 post
2806 471 2892 511 me
2915 456 3148 523 veniret,
3180 455 3402 509 alterum
3430 452 3563 507 afla-
3590 510 3601 549 ε

1986 546 2171 603 turus;
2224 542 2317 617 sed
2357 542 2458 598 hoc
2483 544 2549 600 ad
2596 546 2723 601 illud
2768 556 2850 602 est
2898 550 3224 617 prmparatio
3289 543 3555 615 quaedam.

1983 629 2178 687 Nostra
2229 614 2353 690 sunt
2379 637 2565 693 umbra
2589 649 2643 695 et
2668 640 2871 711 imago;
2914 640 3077 695 alium
3109 639 3294 695 venire
3320 645 3557 708 oportet,

1980 724 2069 793 qui
2093 725 2371 781 veritatem
2418 728 2622 784 afferat.
2654 732 2834 800 Itaque
2876 731 3003 787 illud
3031 773 3045 795 ,
3098 731 3225 785 Post
3258 747 3337 784 me
3372 731 3555 791 veniet,

1980 816 2093 887 ejus
2123 816 2435 888 dignitatem
2466 824 2693 878 maxime
2721 823 2973 879 ostendit.
3000 822 3133 877 Nam
3166 822 3212 876 si
3244 821 3347 875 hoc
3375 820 3547 890 perle-

1979 916 2122 962 ctum
2150 920 2310 977 esset,
2336 928 2440 967 non
2472 914 2761 971 secundum
2794 924 3140 987 quaereretur,
3185 913 3315 967 Ante
3345 927 3423 965 me
3452 913 3537 982 fa-

1982 1012 2091 1057 ctus
2132 1013 2234 1071 est;
2280 1006 2381 1062 hoc
2425 1018 2501 1063 est
2535 1051 2550 1076 ,
2606 1025 2692 1065 me
2733 1010 3094 1066 honorabilior
3127 1017 3182 1063 ct
3201 1007 3393 1061 clarior
3445 1011 3546 1057 est.

1982 1091 2187 1149 Deinde
2227 1111 2293 1150 ne
2322 1106 2572 1166 putarent
2612 1100 3020 1168 przecellentiam
3064 1113 3128 1152 ex
3154 1092 3548 1165 comparatione

1982 1182 2227 1252 indicari,
2269 1196 2326 1241 ut
2358 1188 2556 1243 nullam
2608 1204 2725 1243 esse
2774 1187 3222 1258 comparationem
3275 1183 3544 1247 declaret,

1982 1275 2167 1345 adjicit
2194 1295 2208 1330 :
2234 1273 2395 1348 Cujus
2421 1295 2521 1333 non
2549 1295 2659 1332 sum
2686 1279 2867 1349 dignus
2894 1276 3083 1333 solvere
3120 1275 3421 1346 corrigiam;
3451 1271 3550 1325 hoc

1983 1375 2070 1424 est
2089 1409 2104 1433 ,
2131 1367 2245 1422 Non
2277 1371 2446 1424 solum
2473 1379 2595 1425 ante
2626 1386 2709 1426 me
2738 1370 2905 1425 factus
2948 1378 3029 1424 est
3054 1409 3069 1435 ,
3107 1367 3198 1422 sed
3230 1366 3299 1419 ita
3329 1378 3415 1419 res
3444 1372 3548 1425 est,

1986 1467 2044 1512 ut
2076 1474 2144 1514 ne
2166 1459 2380 1529 quidem
2403 1462 2543 1517 inter
2585 1463 2794 1517 ultimos
2820 1462 2934 1531 ejus
2987 1460 3210 1514 famulos
3257 1453 3549 1525 computari

1981 1564 2221 1614 merear;
2269 1553 2686 1607 calceamentum
2717 1554 2912 1623 quippe
2948 1552 3194 1613 solvere,
3247 1556 3541 1602 extremum

1976 1638 2329 1694 ministerium
2364 1648 2467 1695 est.
2526 1642 2675 1710 Quod
2719 1642 2764 1696 si
2808 1642 3040 1697 Joannes
3083 1654 3189 1693 non
3220 1644 3303 1692 est
3354 1635 3544 1703 dignus

1973 1727 2061 1796 qui
2092 1728 2372 1799 corrigiam
2395 1730 2592 1797 solvat,
2624 1731 2857 1786 Joannes
2877 1746 2983 1802 quo
3008 1729 3185 1784 nullus
3206 1727 3376 1796 major
3405 1724 3543 1777 inter

1970 1827 2124 1875 natos
2153 1821 2433 1875 mulierum
2479 1823 2498 1893 (
2526 1823 2652 1877 Luc.
2678 1824 2729 1877 7.
2757 1823 2847 1878 28.
2889 1823 3076 1877 Matth.
3126 1820 3213 1874 il.
3260 1818 3320 1872 ll
3345 1816 3364 1888 )
3395 1833 3410 1869 :
3440 1827 3543 1883 quo

1968 1926 2067 1967 nos
2098 1912 2195 1983 ipsi
2220 1913 2335 1967 loco
2357 1927 2615 1982 ponemus
2631 1913 2657 1966 'i
2682 1912 2736 1968 Si
2757 1914 2800 1967 is
2814 1913 2899 1984 qui
2917 1912 3033 1967 orbi
3061 1912 3303 1982 aequalis,
3332 1909 3439 1965 imo
3456 1907 3544 1959 illo

1969 2005 2139 2074 major
2162 2013 2278 2058 erat
2303 2004 2319 2035 ⁸
2344 2004 2363 2076 (
2391 2003 2637 2071 Quorum,
2665 2004 2867 2075 inquit,
2915 2004 3097 2075 dignus
3126 2020 3227 2058 non
3263 2013 3369 2058 erat
3396 2018 3542 2055 mun-

1969 2096 2065 2146 dus
2103 2091 2297 2166 [chr.
2335 2095 2422 2149 ll.
2454 2092 2545 2168 '58]
2570 2093 2610 2163 ),
2660 2110 2719 2150 se
2749 2094 3018 2165 indignum
3045 2109 3163 2150 esse
3192 2094 3265 2148 ait
3288 2095 3378 2164 qui
3410 2092 3547 2147 inter

1972 2185 2190 2241 ultimos
2230 2186 2347 2257 ejus
2386 2187 2659 2242 ministros
2686 2197 3060 2257 computetur:
3094 2186 3218 2258 quid
3253 2201 3352 2241 nos
3396 2186 3542 2241 dit-e-

1970 2291 2111 2342 mus,
2142 2278 2230 2347 qui
2255 2277 2404 2331 malis
2433 2278 2728 2333 innumeris
2753 2280 2929 2333 onusti
2972 2292 3185 2342 sumus,
3216 2277 3306 2349 qui
3338 2285 3539 2332 tantunt

1971 2368 2229 2424 distamus
2265 2384 2296 2425 a
2348 2369 2569 2426 Joannis
2606 2370 2803 2425 virtute
2832 2410 2848 2439 ,
2894 2382 3150 2440 quantum
3189 2377 3331 2426 terra
3380 2366 3540 2424 distat

1966 2475 1995 2515 a
2022 2460 2199 2517 carie?
2901 2454 2908 2461 ’

2034 2555 2090 2609 4.
2142 2553 2238 2609 llic
2264 2567 2392 2624 ergo
2413 2568 2474 2609 se
2494 2553 2766 2625 indignum
2799 2568 2918 2610 esse
2946 2555 3019 2610 ait
3046 2555 3134 2626 qui
3163 2554 3338 2611 solvat
3364 2554 3532 2610 corri-

1960 2645 2100 2717 giam
2126 2647 2491 2704 calceamenti.
2518 2646 2719 2704 Inimici
2750 2658 2928 2705 autem
2956 2649 3193 2706 veritatis
3235 2649 3289 2703 in
3339 2656 3536 2703 tantam

1965 2749 2321 2810 prorumpunt
2348 2741 2618 2831 insaniam
2642 2783 2657 2808 ,
2692 2751 2752 2797 ut
2780 2742 2961 2797 dicant
2990 2757 3046 2798 se
3072 2758 3231 2798 nosse
3257 2742 3408 2796 illum
3432 2782 3447 2806 ,
3478 2748 3535 2796 ιιι

1962 2829 2076 2899 ipse
2099 2845 2159 2885 se
2183 2829 2488 2897 novit.'Qua
2521 2833 2750 2888 amentia
2786 2833 2911 2902 quid
2937 2832 3218 2889 deterius?
3246 2845 3351 2903 qua
3380 2848 3532 2887 arro-

1964 2921 2142 2990 gantia
2165 2922 2291 2990 quid
2317 2922 2613 2978 furiosius?
2657 2924 2804 2979 Bene
2829 2924 2963 2979 dixit
3002 2926 3217 2995 sapiens
3271 2924 3484 2994 quidam
3519 2944 3533 2981 :

1970 3008 2291 3077 Principium
2312 3011 2558 3078 superbia:
2599 3029 2700 3065 non
2745 3028 2890 3066 nosse
2933 3013 3205 3067 Dominum
3233 3011 3418 3081 (Eccli.
3448 3013 3534 3067 l0.

1970 3100 2039 3155 ﬂ
2055 3098 2098 3171 ).
2127 3099 2244 3153 Non
2270 3099 2510 3170 dejectus
2539 3116 2633 3157 nec
2656 3102 2906 3158 diabolus
2932 3102 3149 3159 eﬂ‘ectus
3197 3104 3385 3158 fuisset
3426 3102 3537 3156 dia-

1969 3192 2126 3248 bolus
2149 3191 2258 3258 ille,
2287 3192 2375 3262 qui
2401 3201 2522 3248 ante
2547 3192 2793 3249 diabolus
2832 3209 2937 3249 non
2964 3203 3094 3262 erat,
3133 3194 3234 3250 nisi
3259 3192 3360 3250 hoc
3402 3209 3542 3250 mor-

1964 3286 2034 3341 bo
2062 3297 2250 3356 captus
2273 3285 2481 3342 fuisset.
2509 3287 2619 3342 lloc
2639 3288 2784 3342 illum
2813 3303 2840 3340 a
2870 3288 3085 3358 pristina
3109 3287 3301 3343 fiducia
3322 3287 3535 3358 dejet-it,

1963 3378 2141 3433 hocin
2161 3376 2458 3447 gehennam
2509 3377 2741 3443 demisit,
2798 3378 2900 3433 hoc
2944 3379 3040 3448 ipsi
3095 3388 3255 3448 caput
3296 3379 3532 3436 omnium

1960 3470 2222 3524 malorum
2253 3467 2373 3523 fuit.
2402 3468 2512 3524 lloc
2532 3471 2724 3543 quippe
2748 3470 2932 3525 vitium
2974 3485 3187 3527 omnem
3233 3472 3394 3526 animi
3427 3470 3533 3526 vir-

1959 3570 2121 3616 tutem
2150 3559 2453 3627 labefactat,
2499 3562 2895 3635 elecmosynam
2944 3578 3156 3634 nempe,
3205 3564 3524 3631 orationem,

1950 3655 2232 3725 jejunium,
2255 3653 2459 3724 quidvis
2482 3654 2645 3710 aliud.
2676 3654 2949 3710 Excelsum
2992 3654 3045 3710 in
3097 3656 3403 3722 horninibus,
3448 3655 3528 3710 in—

1954 3748 2085 3818 quit,
2110 3747 2366 3817 impurum
2388 3755 2461 3802 est
2485 3748 2623 3818 apud
2651 3746 2948 3802 Dominum.

2024 3836 2277 3905 Superbia
2304 3837 2441 3890 omni
2468 3839 2584 3891 uitio
2628 3840 2792 3908 pejor.
2835 3835 3003 3892 Homo
3048 3854 3292 3908 arrogans
3334 3838 3518 3892 acriter

1952 3929 2294 4000 redarguitur.
2320 3926 2508 3982 —Non
2539 3927 2816 3984 fornicatio
2839 3930 2997 3999 igitur
3021 3970 3037 3994 ,
3071 3944 3175 3983 non
3207 3929 3527 3989 adulterium

1956 4031 2156 4076 tantum
2185 4020 2456 4074 hominem
2491 4019 2717 4087 polluit,
2763 4020 2858 4075 sed
2888 4023 3048 4076 etiam
3076 4029 3130 4075 et
3165 4022 3333 4075 multo
3364 4022 3530 4088 magis

1954 4113 2224 4183 superbia.
2257 4108 2473 4178 Quare?
2501 4110 2761 4176 Quoniam
2807 4109 3087 4166 fornicatio
3118 4110 3240 4168 licet
3265 4110 3420 4165 venia
3451 4111 3531 4165 in-

1954 4207 2113 4278 digna
2161 4206 2267 4268 sit,
2298 4212 2470 4273 potest
2517 4214 2691 4258 tamen
2722 4204 2840 4272 quis
2872 4202 3358 4271 concupiscentiam
3390 4216 3529 4270 pra:-

1959 4297 2181 4352 tcndere
2212 4311 2226 4349 :
2253 4291 2556 4363 arrogantia
2582 4307 2711 4347 vero
2738 4290 2933 4345 nullam
2968 4290 3123 4345 habet
3156 4307 3396 4355 causam,
3426 4307 3529 4349 non

1957 4391 2236 4446 obtentum
2260 4427 2276 4450 ,
2325 4401 2431 4455 quo
2477 4387 2557 4441 vel
2600 4385 2767 4442 venite
2808 4386 3048 4442 umbram
3090 4397 3402 4444 mereatur:
3439 4391 3531 4446 sed

1959 4481 2095 4538 nihil
2120 4479 2265 4535 aliud
2291 4488 2376 4535 est
2400 4495 2556 4550 quam
2586 4481 2780 4535 mentis
2804 4480 3014 4535 eversio
3036 4519 3051 4545 ,
3082 4479 3299 4534 morbus
3326 4480 3532 4548 gravis-

1960 4573 2128 4628 simus
2155 4586 2222 4627 ex
2250 4586 2350 4625 una
2378 4570 2678 4641 insipientia
2716 4580 2885 4626 ortus.
2919 4570 3058 4625 Nihil
3083 4570 3228 4625 enim
3276 4568 3530 4636 insipien-

1960 4664 2067 4719 tius
2094 4672 2375 4734 arrogante
2418 4663 2631 4720 homine
2655 4707 2670 4731 ,
2698 4665 2803 4720 etsi
2834 4663 3274 4735 epulentissimus
3304 4662 3402 4727 sit,
3432 4664 3532 4718 etsi

1962 4763 2181 4810 externa
2211 4754 2299 4809 illa
2324 4756 2581 4825 sapientia
2607 4753 2892 4810 admodum
2922 4756 3228 4819 instructus,
3260 4761 3532 4823 quantum-

1961 4848 2041 4903 vis
2070 4858 2277 4918 potens,
2324 4848 2533 4904 etiamsi
2575 4862 2637 4903 ea
2667 4844 2843 4900 omnia
2886 4860 3008 4915 qua:
3037 4845 3338 4901 hominibus
3374 4861 3533 4916 expe-

1965 4937 2121 4993 tenda
2148 4938 2394 4993 videntur
2418 4937 2680 4992 obtineat.
2708 4933 2840 4988 Nam
2868 4934 2912 4988 si
2940 4934 2984 4988 is
3008 4937 3095 5006 qui
3117 4936 3186 4992 de
3214 4936 3354 4992 veris
3380 4937 3532 4992 bouis

1962 5028 2219 5098 superbit,
2243 5028 2422 5082 infelix
2443 5042 2506 5081 ac
2528 5026 2711 5087 miser,
2739 5022 2973 5079 omnium
3001 5025 3208 5081 illorum
3233 5025 3533 5081 mercedem

1963 5123 2207 5187 amittat;
2236 5121 2326 5191 qui
2353 5120 2419 5174 de
2450 5118 2514 5172 iis
2553 5131 2671 5185 quae
2717 5113 2846 5166 nihil
2875 5128 2997 5173 sunt
3035 5118 3325 5180 extollitur,
3355 5116 3446 5184 qui
3471 5132 3534 5172 ex

1966 5214 2150 5268 umbra
2177 5220 2232 5268 et
2276 5212 2399 5265 fleui
2429 5209 2580 5272 ﬂore,
2611 5204 2663 5257 id
2689 5204 2832 5258 enim
2872 5218 2949 5262 est
2979 5208 3150 5262 inanis
3190 5206 3355 5276 gloria
3377 5247 3391 5272 ,
3421 5223 3538 5266 sese

1969 5289 2113 5361 inflat
2132 5348 2146 5369 ,
2178 5301 2448 5373 quomodo
2474 5311 2583 5351 non
2624 5294 2860 5351 omnium
2907 5302 3138 5355 maxime
3166 5296 3421 5355 ι-Ῑειίωιιη
3443 5302 3509 5355 si,
3529 5345 3542 5366 θ

1971 5416 2091 5456 cum
2123 5398 2353 5467 ίάίρειιηι
2394 5398 2519 5460 θείη
2564 5385 2703 5456 τιυοά
2750 5401 2946 5462 Pauper
2984 5402 3040 5449 et
3091 5388 3407 5455 mendicus,
3455 5393 3544 5461 qui

2037 5534 2054 5566 t
2089 5539 2203 5589 quae
2226 5529 2353 5575 intra
2375 5517 2705 5589 parentbfses
2729 5516 3061 5589 includuntur.
3080 5520 3229 5589 9mm-
3245 5516 3485 5589 habemw.
3503 5523 3549 5589 in

1975 5576 2181 5647 Moror,
2229 5576 2411 5647 ncmp'e
2439 5594 2451 5628 :
2482 5576 2662 5628 Paulus
2686 5577 2843 5647 enim,
2871 5586 2932 5636 de
2968 5576 3116 5647 Ϊυέεξε
3147 5582 3345 5643 mum,
3371 5609 3386 5636 ν
3412 5578 3554 5647 dicit,

1988 5672 2012 5701 ι
2029 5643 2237 5713 quorum
2258 5643 2433 5707 digitus
2465 5650 2559 5687 non
2592 5643 2696 5686 erat
2727 5646 2950 5699 mundus,
2968 5643 3010 5692 ἰ
