4012 6194
452 253 550 309 lfﬂ

450 385 663 442 semper
708 367 984 425 famelicus
1007 406 1027 435 ,
1055 364 1103 421 si
1143 363 1310 420 semel
1358 361 1537 416 Italum
1566 358 1831 414 somnium
1875 362 2035 411 noctu

457 462 687 527 viderit,
718 459 839 514 idco
863 454 1171 528 glorietur?
1193 453 1382 510 Infelix
1414 461 1469 508 et
1490 453 1654 507 miser
1670 491 1687 519 ,
1706 449 1833 506 dum
1857 448 2032 503 anima

454 561 544 607 tua
572 550 891 622 gravissimo
911 546 1101 604 morbo
1123 545 1506 617 corrumpitur,
1534 552 1774 599 extrema
1799 553 2032 612 pauper-

451 649 560 696 tate
588 641 870 705 laborans,
908 638 1078 693 altum
1128 637 1313 708 sapis,
1360 634 1503 706 quod
1549 642 1630 690 tot
1672 633 1869 689 talenta
1916 629 2033 686 auri

451 731 673 796 habeas,
698 733 829 800 quot
863 742 1146 784 servorum
1175 726 1421 783 turbam!
1454 725 1647 781 Verum
1674 722 1790 778 hmc
1815 737 1921 778 non
1947 730 2033 776 tua

449 831 595 879 sunt.
619 822 675 878 Si
697 820 827 876 mihi
853 836 958 878 non
984 820 1180 884 credis,
1205 818 1433 874 aliorum
1458 816 1681 871 divitum
1704 813 2034 885 experientia

450 914 508 971 id
531 913 731 970 cdisce.
753 911 849 968 Sin
894 911 965 967 ita
1006 910 1189 967 ebrius
1216 925 1296 975 es,
1325 917 1385 963 ιιι
1423 898 1728 979 huiusmodi
1777 904 2035 975 exemplis

452 1023 563 1063 non
591 1005 885 1062 instituaris
906 1046 922 1072 ,
952 1003 1229 1075 paululum
1266 1009 1516 1070 exspecta
1541 1041 1556 1064 ,
1587 1007 1642 1054 et
1667 997 2035 1068 experimento

455 1108 547 1155 tuo
576 1097 806 1160 edisces,
830 1096 962 1151 nihil
990 1096 1113 1149 hinc
1133 1092 1226 1147 tibi
1251 1091 1492 1146 utilitatis
1516 1087 1795 1155 accedere,
1823 1086 2035 1158 quando

453 1189 684 1245 animam
713 1184 929 1252 efﬂans,
960 1199 1059 1240 nec
1084 1184 1230 1239 horze
1266 1196 1367 1236 nec
1389 1178 1645 1235 momenti
1674 1179 1831 1234 unius
1858 1177 2033 1234 domi-

452 1294 553 1333 nus
576 1319 592 1345 ,
622 1277 738 1332 haec
767 1277 963 1330 invitus
984 1272 1339 1346 prmsentibus
1364 1270 1632 1340 relinques
1655 1310 1670 1335 ,
1698 1269 1869 1339 iisque
1891 1283 2036 1339 saepe

449 1369 642 1439 quibus
671 1366 865 1422 nolles.
895 1362 1074 1419 Multis
1101 1363 1243 1418 enim
1272 1374 1371 1416 nec
1399 1358 1469 1415 de
1507 1360 1571 1413 iis
1595 1358 1883 1428 disponere
1912 1373 2034 1429 per—

451 1460 672 1514 missum
707 1458 829 1524 fuit,
860 1455 956 1511 sed
1008 1460 1228 1524 repente
1278 1451 1611 1522 migrarunt,
1653 1448 1778 1504 dum
1829 1446 1895 1503 iis
1928 1447 2034 1503 frui

449 1554 734 1620 optarent,
768 1561 867 1602 nec
893 1551 1208 1603 concessum
1236 1530 1353 1598 illis
1372 1551 1486 1609 est,
1512 1540 1606 1597 sed
1646 1541 1899 1596 abstracti
1924 1582 1940 1608 ,
1970 1555 2033 1596 ac

452 1656 548 1710 per
572 1640 678 1695 vim
705 1638 915 1693 abducti
940 1679 955 1701 ,
987 1636 1106 1691 aliis
1124 1676 1140 1702 ,
1165 1635 1357 1705 quibus
1404 1632 1625 1687 minime
1654 1631 1937 1699 volebant,
1966 1646 2033 1686 ea

450 1732 798 1802 reliquerunt.
820 1727 971 1795 Quod
1004 1741 1071 1782 ne
1108 1725 1263 1781 nobis
1307 1722 1542 1786 accidat,
1577 1721 1701 1777 hinc
1726 1721 1837 1791 jam
1860 1763 1875 1789 ,
1903 1720 2030 1777 dum

452 1840 549 1895 per
567 1821 924 1877 valetudinem
950 1820 1092 1884 licet,
1116 1817 1390 1872 mittamus
1411 1815 1464 1869 in
1486 1813 1754 1868 civitatem
1773 1821 2032 1868 nostram.

453 1914 548 1969 Illo
572 1913 713 1968 enim
741 1907 1133 1965 tantummodo
1162 1906 1250 1960 his
1280 1904 1386 1959 frui
1411 1902 1740 1974 poterimus,
1769 1902 1902 1957 alias
1926 1901 2027 1957 mi-

1215 182 1283 304 S.’
1313 243 1590 304 JOANNIS
1626 234 2095 300 CHRYSOSTOMI
2133 232 2448 290 ARClllEP.
2492 232 3022 290 CONSTANTINOP.

3628 239 3732 295 {08

2145 349 2287 405 nime
2316 367 2330 402 :
2357 349 2438 404 sic
2480 349 2532 404 in
2580 350 2904 406 tutissimum
2950 350 3126 407 locum
3176 351 3555 411 rccondemus.
3589 354 3727 412 Nihil

2142 442 2317 507 enim,
2373 441 2506 497 nihil
2556 444 2737 514 utique
2789 452 2966 514 potest
3014 459 3075 498 ea
3130 444 3289 499 istinc
3327 445 3574 512 auferre,
3621 461 3728 502 non

2139 547 2317 599 mors,
2345 549 2451 589 non
2487 542 2839 601 testamenta,
2888 548 2994 590 non
3022 535 3383 591 hereditatum
3419 520 3730 608 successio,

2139 639 2247 681 non
2277 625 2642 697 schpbantia:
2668 626 2750 681 vel
2796 626 3003 682 insidia:
3032 644 3047 692 ;
3074 628 3167 683 sed
3198 628 3284 698 qui
3313 628 3439 683 hinc
3489 630 3734 688 abscedit

2139 716 2305 771 multa
2334 730 2517 771 secum
2565 715 2773 782 ferens,
2807 717 2872 772 iis
2896 726 3149 787 perpetuo
3178 718 3402 774 fruetur.
3432 720 3562 788 Quis
3603 738 3734 793 ergo

2102 856 2103 859 η
2139 811 2218 865 sic
2241 810 2411 866 miser
2437 817 2551 877 est,
2578 810 2667 880 qui
2709 811 2841 865 nolit
2882 827 3002 865 cum
3046 813 3286 881 pecuniis
3313 815 3426 869 suis
3467 824 3730 871 internum

2138 899 2413 956 deliciari?
2445 900 2850 957 Transferamus
2896 916 3024 972 ergo
3066 901 3282 957 divitias
3324 914 3540 961 nostras
3566 948 3581 972 ,
3624 909 3735 964 illic

2141 994 2494 1066 deponamus.
2542 994 2658 1051 Non
2700 995 2856 1052 nobis
2898 1012 3033 1067 opus
3074 998 3179 1053 erit
3228 1000 3431 1066 asinis,
3472 1005 3733 1070 camelis,

2140 1084 2417 1152 curribus,
2465 1100 2571 1141 non
2622 1087 2844 1143 navibus
2890 1085 2957 1142 ad
3004 1087 3118 1143 haec
3164 1092 3557 1147 transvehenda
3591 1114 3604 1147 :
3637 1095 3738 1151 huc

2139 1173 2453 1231 difficultate
2477 1192 2575 1233 nos
2600 1178 2794 1248 eripuit
2830 1178 3002 1246 Deus;
3046 1179 3139 1235 sed
3168 1197 3304 1251 opus
3335 1191 3536 1240 tantum
3565 1185 3737 1242 babe-

2138 1280 2259 1321 mus
2286 1267 2608 1337 pauperibus
2632 1309 2647 1333 ,
2677 1267 2882 1324 claudis
2906 1309 2923 1337 ,
2952 1268 3139 1336 amcis,
3188 1270 3437 1330 inﬁrmis.
3492 1277 3584 1331 llis
3615 1280 3736 1334 talis

2138 1358 2492 1426 comportatio
2515 1358 2830 1415 demandata
2853 1369 2935 1415 est
2960 1378 2973 1415 :
3003 1361 3054 1415 bi
3079 1364 3334 1432 pecunias
3364 1369 3736 1425 transmittunt

2139 1447 2193 1503 in
2216 1452 2439 1517 caelum;
2469 1452 2523 1507 bi
2551 1453 2733 1508 talium
2769 1470 3109 1525 possessores
3134 1473 3295 1527 opum
3325 1459 3376 1515 in
3403 1469 3733 1518 mtcrnorum

2139 1540 2493 1599 hereditatem
2536 1544 2800 1601 bonormn
2842 1547 3178 1617 perducunt;
3217 1567 3375 1622 quam
3418 1570 3517 1609 nos
3543 1572 3736 1613 omnes

2138 1635 2351 1705 assequi
2382 1638 2651 1707 contingat
2683 1638 2852 1708 gratia
2879 1648 2934 1695 et
2962 1640 3289 1711 benignitate
3321 1644 3531 1701 Domini
3558 1651 3729 1704 nostri

2137 1722 2267 1780 Jesu
2306 1724 2537 1793 Christi,
2588 1743 2687 1798 per
2719 1745 2878 1800 quem
2927 1739 2983 1785 et
3028 1747 3149 1786 cum
3177 1748 3283 1803 quo
3331 1735 3472 1791 Patri
3516 1738 3689 1807 gloria
3715 1779 3732 1805 ,

2135 1829 2241 1871 una
2282 1831 2403 1872 cum
2431 1817 2632 1888 Spiritu
2664 1831 2878 1888 sancto,
2912 1838 3052 1880 nunc
3093 1834 3147 1881 et
3183 1841 3399 1898 semper
3421 1872 3437 1899 ,
3471 1841 3524 1886 et
3552 1831 3604 1887 in
3630 1847 3739 1889 sa:-

2139 1905 2256 1960 cula
2287 1907 2626 1964 smculorum.
2658 1911 2848 1966 Amen.

1775 2114 2121 2179 HOMILIA
2161 2117 2365 2182 XVII.
3171 2132 3175 2135 “

460 2270 551 2328 28.
591 2264 715 2326 Πιιτ
743 2270 884 2340 facta
915 2277 1031 2323 sunt
1057 2264 1108 2321 in
1133 2263 1418 2320 Bethania‘
1449 2267 1588 2318 trans
1613 2260 1892 2315 Iordanem
1912 2301 1927 2328 ,
1957 2259 2044 2314 ubi

526 2371 635 2417 erat
663 2359 892 2415 Joannes
920 2358 1201 2429 baptizans.
1242 2354 1337 2411 29.
1369 2354 1543 2408 Altera
1586 2361 1757 2406 autem
1803 2350 1887 2405 die
1912 2351 2042 2405 videt

532 2450 712 2506 Jesum
735 2452 1009 2506 venientem
1032 2448 1100 2502 ad
1124 2464 1198 2512 se,
1221 2457 1268 2501 et
1288 2446 1401 2500 ait:
1430 2443 1563 2499 Ecce
1588 2456 1749 2514 agnus
1779 2441 1904 2509 Dei,
1933 2456 2046 2497 ecce

527 2545 614 2617 qui
641 2545 772 2599 tollit
803 2552 1009 2614 peccata
1033 2540 1231 2595 mundi.

537 2638 589 2692 l.
630 2636 876 2707 Magnum
920 2634 1119 2689 bonum
1165 2630 1356 2687 fiducia
1402 2639 1456 2686 et
1492 2625 1742 2700 loquendi
1790 2627 2040 2695 libertas,

466 2727 751 2795 omniaque
790 2724 988 2779 Christi
1028 2719 1351 2777 confessioni
1403 2727 1764 2791 postponere;
1811 2717 1882 2771 ita
1931 2729 2045 2771 ma-

461 2832 625 2888 gnum
652 2824 707 2871 et
730 2813 997 2879 mirabile,
1025 2820 1083 2868 ut
1111 2811 1278 2867 Filius
1301 2810 1394 2866 Dei
1425 2809 1730 2879 unigenitns
1762 2807 1920 2862 talem
1941 2805 2043 2861 ho-

467 2907 666 2964 minem
694 2921 874 2962 coram
916 2905 1072 2960 Patre
1118 2902 1373 2975 pra‘dicet
1404 2919 1419 2956 :
1449 2900 1549 2956 etsi
1575 2914 1682 2955 non
1722 2899 1943 2970 aaqnalis
1967 2899 2039 2955 sit

464 3013 690 3055 merces.
722 2997 799 3052 Tu
827 2997 968 3053 enim
998 2995 1274 3051 confiteris
1300 2994 1353 3048 in
1388 3002 1566 3059 terra;
1598 2992 1687 3047 ille
1714 3005 1844 3047 vero
1870 2991 2042 3046 conti-

463 3098 602 3146 tetur
627 3090 677 3144 in
707 3089 851 3144 cmlis
878 3106 892 3142 :
915 3097 970 3143 tu
996 3085 1301 3142 hominibus
1327 3082 1711 3155 prmsentibus;
1743 3082 1833 3138 ille
1862 3096 2042 3137 coram

461 3182 619 3237 Patre
656 3189 710 3237 et
752 3180 955 3251 angelis
995 3176 1266 3234 omnibus.
1312 3175 1458 3231 Talis
1484 3182 1600 3230 erat
1626 3172 1864 3229 Joannes
1894 3187 1908 3226 :
1936 3186 2045 3228 non

463 3269 875 3341 multitudinem,
907 3287 1011 3327 non
1042 3272 1263 3342 gloriam
1281 3311 1295 3335 ,
1324 3282 1430 3324 non
1462 3266 1605 3323 aliud
1631 3266 1845 3337 quidvis
1874 3265 2048 3336 respi-

364 3362 375 3377 '
459 3364 664 3428 ciebat;
695 3362 789 3418 sed
820 3362 936 3417 hinc
961 3361 1140 3416 omnia
1185 3358 1428 3415 calcabat
1446 3398 1461 3423 ,
1491 3364 1548 3412 et
1576 3370 1700 3411 cum
1725 3370 1790 3411 ea
1818 3370 1921 3426 qua
1948 3369 2047 3425 par

459 3461 577 3508 erat
597 3452 845 3508 libertate
871 3466 990 3521 qua:
1006 3449 1203 3505 Christi
1233 3458 1387 3503 erant
1414 3446 1664 3501 omnibus
1695 3444 2042 3516 prmdicabat.

462 3544 586 3600 Ideo
611 3543 784 3598 locum
812 3540 1006 3596 indicat
1034 3539 1385 3610 evangelista,
1417 3544 1478 3592 ut
1502 3536 1824 3593 vocalissimi
1849 3550 2045 3607 praeco-

462 3635 545 3690 nis
580 3633 826 3689 fiduciam
855 3630 1185 3688 ostenderet.
1228 3629 1343 3685 Non
1366 3627 1544 3695 domi,
1587 3642 1692 3683 non
1724 3628 1776 3682 in
1809 3627 2041 3698 angulo,

471 3739 576 3781 non
628 3724 682 3780 in
731 3723 948 3779 deserto
991 3723 1035 3786 ²,
1086 3720 1178 3775 sed
1205 3719 1270 3775 ad
1295 3718 1581 3775 Jordanem
1614 3718 1664 3774 in
1694 3717 1873 3774 medio
1901 3717 2044 3772 mul-

462 3816 724 3883 titudinis,
751 3814 1211 3887 prmsentibusqne
1243 3813 1492 3868 omnibus
1512 3811 1601 3881 qui
1626 3811 1695 3866 ab
1723 3811 1838 3882 ipso
1867 3809 2044 3880 bapti-

460 3908 719 3964 zabantur
747 3904 1010 3973 (aderant
1030 3905 1173 3960 enim
1211 3903 1381 3960 Judmi
1402 3904 1446 3974 ),
1473 3902 1770 3957 mirabilem
1803 3901 1944 3956 illam
1974 3900 2044 3958 de

460 3998 677 4055 Christo
700 3996 1011 4071 prtedicavit
1040 3995 1432 4051 confessionem
1463 3993 1802 4060 sublimibus,
1836 3994 2043 4063 magnis

456 4090 771 4161 arcanisque
799 4089 1009 4160 plenam
1039 4086 1378 4159 dogmatibus
1397 4128 1411 4152 ,
1440 4085 1581 4156 quod
1615 4100 1724 4140 non
1753 4093 1896 4140 esset
1928 4084 2042 4154 ipse

457 4185 650 4257 dignus
675 4184 763 4255 qui
791 4182 1074 4254 corrigiam
1096 4179 1447 4236 calceamenti
1475 4178 1592 4249 ejus
1615 4179 1868 4234 solveret.
1899 4178 2043 4244 Quo-

457 4276 620 4334 modo
648 4285 825 4332 autem
868 4274 920 4330 id
946 4273 1089 4344 agit?
1120 4273 1214 4328 llis
1241 4286 1437 4342 nempe
1464 4270 1642 4326 verbis
1667 4288 1680 4325 :
1710 4269 1835 4324 Παῖς
1858 4270 1913 4323 in
1942 4267 2041 4324 Be—

458 4370 637 4423 thania
662 4372 798 4438 facta
825 4375 965 4420 sunt.
1008 4366 1351 4421 Aecnratiora
1382 4373 1561 4418 autem
1591 4362 1913 4433 exemplaria
1942 4361 2039 4415 ha-

458 4461 619 4526 bent,
652 4458 717 4512 ln
766 4457 1072 4513 Det/tabam.
1123 4456 1253 4511 Nam
1300 4455 1557 4510 Bethania
1604 4470 1708 4509 non
1756 4463 1839 4509 est
1895 4462 2041 4509 trans

455 4551 766 4618 Jordanem,
792 4563 966 4620 neque
992 4549 1043 4602 in
1072 4547 1307 4611 deserto,
1327 4546 1420 4601 sed
1444 4561 1606 4616 prope
1626 4546 2036 4617 Jerosolymam.

458 4642 596 4697 Loca
647 4649 824 4696 autem
887 4640 989 4694 alia
1037 4638 1198 4693 etiam
1243 4636 1313 4691 de
1375 4651 1533 4691 causa
1577 4637 1858 4706 significat.
1905 4638 2037 4692 Cum

454 4735 599 4788 enim
629 4748 716 4787 res
743 4746 846 4785 non
873 4730 1118 4799 antiquas
1136 4769 1150 4792 ,
1192 4727 1287 4783 sed
1317 4744 1437 4799 qua:
1468 4729 1623 4797 paulo
1649 4737 1772 4783 ante
1800 4730 2038 4800 contige-

425 4832 614 4897 lrant,
644 4829 957 4876 narraturus
985 4827 1164 4885 esset,
1194 4818 1313 4873 illos
1343 4817 1430 4887 qui
1461 4817 1683 4871 aderant
1713 4826 1766 4872 et
1796 4818 2038 4873 viderant

418 5043 430 5123 l

453 4912 715 4967 dictorum
764 4917 930 4965 testes
977 4907 1237 4975 advocat,
1267 4921 1441 4977 exque
1493 4906 1624 4960 locis
1674 4908 2035 4962 testimonium

454 5004 665 5075 accipit.
699 5002 834 5060 Cum
863 4999 1006 5058 enim
1052 5001 1240 5057 fideret
1287 5015 1347 5056 se
1391 4998 1521 5054 nihil
1552 4998 1759 5053 veritati
1807 4998 2035 5064 addere,

452 5099 545 5155 sed
569 5114 630 5155 ea
657 5112 776 5169 qme
800 5103 946 5167 gesta
975 5095 1184 5151 fuerant
1203 5109 1329 5150 vere
1350 5102 1404 5149 et
1432 5092 1742 5162 simpliciter
1762 5106 2034 5159 enarrare,

451 5206 481 5245 a
510 5191 629 5247 loco
659 5187 1022 5245 testimonium
1066 5186 1293 5257 accipit,
1325 5200 1445 5256 quae
1475 5201 1580 5239 non
1627 5184 1778 5249 levis,
1810 5193 1867 5239 ut
1893 5184 2032 5249 dixi,

515 5362 533 5393 ί
568 5358 741 5423 Aliqui
773 5359 983 5423 legunt,
1017 5358 1068 5409 in
1118 5357 1381 5423 Bethabafa
1408 5358 1539 5423 :__sic
1570 5357 1618 5407 in
1651 5355 2036 5423 accuratiorilnts

452 5419 1046 5484 exemplaribus‘lt-gitur,
1070 5422 1225 5483 inquit
1257 5420 1379 5484 infra
1412 5420 1804 5484 Chrysostomus,
1831 5421 1912 5481 qui
1948 5419 2033 5467 ad-

450 5483 520 5534 dit
555 5480 830 5532 Bethaniam
865 5480 959 5530 non
996 5480 1417 5532 tratis'tordanem
1452 5480 1563 5530 esse
1587 5517 1601 5539 ,
1635 5480 1722 5530 sed
1757 5480 1908 5543 prope
1949 5488 2031 5529 Je-

449 5544 757 5609 rosolymam.
801 5543 997 5602 Quidam
1033 5550 1201 5609 putant
1234 5544 1374 5592 aliam
1418 5544 1499 5592 hic
1530 5544 1805 5599 Bethaniam
1844 5554 2030 5592 memo-

449 5608 562 5663 rari,
577 5605 688 5663 {tum
718 5606 782 5653 sit
804 5612 937 5655 trans
956 5605 1228 5651 Jordanmn.

513 5669 534 5699 ⁸
569 5663 709 5727 illiut,
735 5681 825 5718 non
848 5672 894 5720 in
932 5670 1138 5725 desetto,
1165 5666 1305 5714 deest
1332 5666 1377 5712 in
1403 5663 1636 5727 llurimis.

2148 2260 2322 2318 futura
2360 2272 2476 2319 erat
2516 2266 2754 2321 veritatis
2796 2264 3202 2327 demonstratio.
3239 2272 3415 2329 Altera
3449 2285 3617 2332 autem
3653 2279 3740 2335 die

2144 2354 2268 2409 vidit
2285 2354 2509 2412 Joannes
2536 2355 2713 2412 Jesum
2734 2363 3005 2415 venientem
3025 2362 3094 2416 ad
3112 2380 3192 2432 se,
3221 2375 3269 2419 et
3291 2368 3362 2421 ait
3385 2382 3405 2423 :
3428 2368 3557 2424 Ecce
3572 2388 3738 2443 agnus

2147 2442 2278 2511 Dei,
2305 2445 2392 2515 qui
2421 2447 2552 2501 tollit
2595 2459 2798 2518 peccata
2834 2451 3030 2507 mundi.
3058 2454 3453 2515 Distrihuerunt
3496 2442 3733 2533 tempora

2151 2536 2492 2607 evangelista:
2517 2555 2530 2591 :
2556 2535 2835 2597 Matthznus
2874 2553 3112 2614 tempora
3142 2561 3262 2616 qua:
3299 2546 3519 2607 Joannis
3557 2548 3740 2624 Bapti-

2151 2636 2251 2684 sta:
2283 2629 2495 2686 vincula
2537 2642 2928 2701 prmcesscrunt
2978 2631 3212 2693 breviter
3237 2648 3639 2713 transcurrens,
3669 2645 3737 2701 ad

2156 2722 2434 2791 sequentia
2465 2731 2756 2795 properat;
2796 2724 3031 2783 Joannes
3061 2738 3238 2785 autem
3271 2735 3596 2805 evangelista
3625 2751 3736 2793 non

2155 2812 2317 2869 modo
2358 2813 2477 2872 haec
2526 2830 2630 2870 non
2679 2816 2913 2874 breviter
2961 2822 3355 2889 przetercurrit,
3400 2825 3494 2882 sed
3549 2828 3603 2883 in
3653 2827 3737 2885 his

2154 2905 2383 2961 maxime
2414 2905 2749 2964 immoratur.
2778 2910 2890 2975 Ille,
2922 2922 3202 2984 postquam
3228 2917 3373 2972 venit
3396 2916 3554 2974 Jesus
3582 2934 3614 2974 e
3638 2919 3738 2976 de-

2149 3010 2314 3066 serto,
2344 2998 2675 3057 intermediis
2696 3003 2940 3071 omissis;
2964 3006 3113 3062 verbi
3142 3009 3335 3078 gratia,
3360 3027 3479 3079 qua:
3501 3010 3737 3070 Joannes

2148 3090 2397 3162 loquutus
2423 3102 2537 3159 est,
2565 3109 2685 3165 quae
2732 3095 3005 3152 mittentes
3049 3097 3219 3154 Judaei
3262 3101 3540 3168 dixerunt;
3570 3112 3734 3160 etate-

2149 3182 2331 3254 risque
2360 3185 2538 3241 missis
2564 3185 2835 3254 omnibus,
2866 3189 3043 3244 statim
3075 3191 3287 3247 transiit
3311 3192 3378 3249 ad
3410 3208 3725 3251 carcerem:

2148 3270 2276 3328 Cum
2342 3272 2602 3343 audisset,
2658 3276 2860 3348 inquit,
2902 3276 3085 3345 Jesus,
3133 3272 3273 3352 quod
3319 3281 3544 3339 traditus
3593 3294 3737 3341 esset

2147 3364 2401 3432 Joannes,
2427 3368 2628 3423 secessit
2657 3364 2774 3426 inde
2798 3369 2819 3443 (
2846 3363 3032 3425 Matth.
3070 3372 3157 3427 it.
3194 3367 3316 3443 l3).
3349 3368 3585 3432 Joannes
3607 3390 3736 3434 vero

2150 3473 2256 3542 non
2287 3453 2394 3526 sic,
2423 3459 2517 3515 sed
2545 3461 2926 3531 profectionem
2958 3464 3008 3519 in
3037 3464 3308 3523 desertum
3337 3468 3519 3538 tacuit,
3550 3480 3733 3542 utpote

2148 3541 2450 3606 aMalthaao
2493 3560 2780 3620 narratam;
2809 3566 2874 3609 ea
2912 3570 3041 3611 vero
3085 3571 3205 3628 qua:
3247 3567 3370 3629 post
3414 3559 3730 3618 descensum

2149 3654 2215 3695 ex
2256 3649 2436 3697 monte
2459 3652 2608 3713 gesta
2656 3654 2782 3699 sunt
2823 3647 3090 3713 narravit,
3117 3658 3172 3704 et
3214 3649 3381 3705 multa
3412 3662 3735 3722 praetercur-

2149 3746 2274 3788 rens
2297 3727 2480 3804 adjicit
2507 3749 2520 3785 :
2552 3727 2797 3791 Nondum
2827 3738 2957 3792 enim
2990 3740 3173 3795 missus
3217 3743 3383 3813 fuerat
3425 3738 3653 3799 Joannes
3679 3746 3732 3800 in

2147 3841 2398 3880 carcerem
2426 3822 2606 3896 (Joan.
2730 3828 2844 3902 24).
2875 3830 2940 3886 Et
2968 3847 3064 3887 cur
3083 3870 3099 3900 ,
3134 3832 3340 3904 inquies
3362 3876 3378 3901 ,
3411 3852 3553 3892 nunc
3574 3837 3732 3893 Jesus

2148 3916 2294 3971 venit
2320 3916 2387 3971 ad
2407 3915 2667 3975 Joannem
2686 3934 2790 3976 non
2814 3920 3002 3990 semel,
3030 3923 3124 3979 sed
3153 3922 3269 3981 bis?
3297 3923 3429 3982 Nam
3454 3921 3732 3985 Matthazus

2147 4009 2361 4079 quidem
2391 4012 2697 4068 necessario
2739 4008 2887 4068 illum
2926 4014 2992 4069 ad
3039 4014 3300 4086 baptisma
3333 4020 3544 4075 venisse
3572 4021 3727 4087 dicit;

2148 4100 2198 4157 id
2220 4103 2359 4174 quod
2386 4104 2674 4161 ostendens
2698 4100 2855 4162 Jesus
2880 4106 3091 4178 adjicit:
3117 4108 3206 4165 Sic
3235 4110 3373 4165 decet
3399 4127 3490 4166 nos
3516 4111 3726 4183 iiitplete

2147 4204 2342 4250 onmem
2362 4197 2616 4266 justitiam
2648 4191 2863 4269 (Matth.
2884 4196 2937 4256 3.
2961 4201 3026 4257 l5
3056 4200 3098 4272 ).
3118 4201 3353 4259 Joannes
3382 4220 3510 4259 vero
3538 4206 3730 4261 iterum

2147 4287 2357 4344 venisse
2375 4288 2523 4343 illum
2543 4288 2676 4345 dicit
2697 4300 2815 4360 post
2837 4291 3096 4362 baptisma
3121 4309 3137 4360 ;
3167 4293 3218 4349 id
3242 4295 3379 4364 quod
3399 4296 3573 4366 palam
3608 4297 3731 4352 facit

2147 4378 2231 4436 bis
2279 4382 2454 4438 verbis
2484 4399 2499 4436 :
2528 4375 2639 4456 Ego
2692 4378 2797 4438 vidi
2843 4384 3094 4455 Spiritum
3154 4386 3533 4443 descendentem
3586 4390 3733 4457 quasi

2146 4467 2465 4541 columbam,
2496 4484 2543 4528 et
2570 4485 2849 4529 manentem
2876 4492 3028 4546 super
3053 4476 3373 4549 eum\(Joan.
3398 4479 3449 4533 l.
3478 4477 3591 4550 3‘2).
3625 4480 3732 4535 Cur

2143 4573 2272 4632 ergo
2291 4562 2435 4617 venit
2461 4560 2526 4618 ad
2546 4564 2838 4619 Joannem?
2865 4565 2980 4621 Non
3002 4565 3161 4622 modo
3191 4567 3333 4621 enim
3367 4569 3538 4636 venit,
3556 4569 3648 4625 sed
3677 4579 3731 4625 et

2143 4651 2290 4706 illum
2321 4653 2469 4706 adiit.
2499 4653 2625 4707 Cum
2660 4655 2847 4709 veniret
2867 4697 2882 4723 ,
2916 4658 3120 4727 inquit,
3166 4654 3235 4710 ad
3263 4673 3396 4723 eum,
3432 4660 3553 4713 vidit
3580 4677 3719 4714 eum.

2141 4744 2250 4800 Cur
2278 4761 2407 4816 ergo
2430 4746 2613 4801 venit?
2643 4745 2775 4815 Quia
2811 4744 2901 4804 ille
2929 4748 3100 4818 ipsum
3125 4764 3247 4805 cum
3279 4751 3458 4806 multis
3486 4752 3728 4820 baptiza-

2142 4835 2237 4901 vit,
2264 4835 2335 4889 ita
2364 4845 2422 4891 ut
2452 4851 2608 4894 nemo
2639 4839 2999 4908 suspicaretur
3030 4840 3201 4909 ipsum
3223 4841 3412 4896 eadem
3443 4841 3510 4897 de
3536 4857 3722 4909 causa,

2141 4941 2243 4996 qua
2270 4926 2357 4980 alii
2384 4968 2399 4993 ,
2429 4927 2495 4981 ad
2524 4922 2782 4984 Joannem
2827 4930 3121 4986 accessisse
3141 4972 3156 4995 ,
3190 4941 3243 4986 ut
3276 4929 3481 4987 scilicet
3506 4941 3725 5001 peccata

2141 5017 2502 5083 confiteretur,
2528 5028 2582 5074 et
2603 5019 2654 5074 in
2682 5021 3046 5090 paenitentiam
3068 5020 3376 5079 ablueretur
3402 5025 3453 5080 in
3484 5024 3723 5079 flumine.
3770 5022 3782 5043 ‘

2142 5101 2264 5164 ideo
2290 5109 2515 5176 accedit,
2547 5111 2680 5166 dans
2722 5106 2911 5167 Joanni
2954 5114 3151 5175 locum.
3180 5124 3233 5169 ut
3263 5110 3422 5169 talem
3450 5125 3720 5171 amoveret

2139 5202 2520 5272 suspicionem.
2562 5202 2693 5259 Nam
2737 5219 2860 5259 cum
2909 5202 3077 5269 dicit,
3115 5203 3245 5259 Ecce
3286 5222 3448 5277 agnus
3480 5204 3611 5273 Dei,
3640 5206 3724 5276 qui

2140 5293 2270 5347 tollit
2303 5305 2560 5363 peceatum
2588 5290 2766 5349 mundi
2784 5336 2798 5360 ,
2834 5304 2999 5349 totam
3041 5292 3182 5350 illam
3214 5292 3436 5365 depellit
3464 5296 3727 5366 suspicio-

2140 5399 2283 5439 nem.
2329 5385 2428 5450 Oui
2481 5386 2622 5439 enim
2674 5386 2744 5440 ita
2795 5401 2959 5455 purus
2992 5396 3106 5449 est,
3154 5396 3210 5439 ut
3248 5386 3475 5441 altorum
3511 5395 3729 5456 peccata

2139 5476 2308 5542 possit
2336 5473 2555 5528 abluere
2575 5516 2588 5538 ,
2625 5474 2669 5527 is
2693 5515 2707 5538 ,
2737 5486 2793 5528 ut
2825 5477 2997 5545 palam
3025 5483 3126 5537 est,
3163 5491 3267 5528 non
3295 5485 3354 5529 ut
3378 5486 3596 5545 peccata
3628 5490 3729 5530 sua

2136 5564 2454 5619 eoMitcatur
2480 5564 2715 5631 accedit,
2763 5565 2855 5621 scd
2906 5574 2960 5620 ut
3006 5564 3322 5620 admirando
3369 5566 3442 5620 illi
3492 5568 3729 5636 prmeuni

2141 5654 2478 5710 occasionem
2519 5654 2753 5726 praebeat
2779 5698 2794 5726 ,
2835 5664 2893 5712 ut
2943 5653 3176 5711 secunda
3209 5655 3541 5727 repetitaque
3594 5671 3727 5713 voce
