4012 6198
286 235 392 290 M9

281 367 404 420 qua!
433 347 586 418 prius
610 345 753 400 dicta
801 342 1015 396 fuerant
1048 341 1097 393 in
1141 337 1471 395 audientium
1502 337 1695 392 animis
1725 335 1882 390 altius

282 444 761 511 imprimerentur,
791 437 1004 505 aliaque
1049 448 1260 489 rursum
1322 431 1705 501 adjicerentur.
1753 427 1882 484 Illud

280 547 500 597 autem,
538 530 702 593 Ecce,
748 527 950 582 dictum
990 534 1110 588 est,
1157 525 1279 595 quia
1328 523 1481 577 multi
1510 536 1652 592 smpe
1677 536 1743 576 ex
1773 519 1881 589 jam

283 626 444 681 dictis
468 632 526 680 et
563 637 595 678 a
635 621 806 676 multo
847 627 1087 688 tempore
1133 616 1447 687 qumrebant
1474 629 1617 669 eum.
1655 613 1884 682 Ideoque

284 727 612 788 prasentem
652 715 798 768 illum
827 709 1064 767 ostendit
1105 723 1168 763 ac
1194 707 1363 773 dicit,
1397 707 1563 770 Ecce;
1591 703 1882 760 ostendens

285 813 440 866 illum
475 811 651 880 ipsum
683 820 804 862 esse
832 805 920 876 qui
967 804 1078 871 jam
1106 801 1232 856 olim
1278 799 1638 870 quzerebatur.
1684 796 1780 850 llic
1806 804 1888 849 est

285 915 484 972 agnus.
515 901 729 969 Agnum
755 907 936 950 autem
967 901 1160 960 vocat,
1203 892 1257 946 in
1303 899 1540 946 mentem
1573 887 1879 943 Judmorum

287 1005 554 1048 revocans
604 985 938 1060 prophetiam
988 984 1140 1039 Isaize
1164 1025 1180 1046 ,
1219 997 1427 1037 necnon
1457 981 1700 1036 umbram
1733 978 1879 1032 illam

287 1083 490 1156 Moysis
538 1089 780 1149 tempore
802 1120 818 1143 ,
848 1085 905 1131 ut
942 1091 1039 1146 per
1065 1075 1290 1145 ﬁguram
1346 1073 1468 1127 illos
1491 1071 1659 1141 magis
1689 1069 1754 1124 ad
1781 1084 1877 1124 ve-

287 1177 506 1232 ritatem
532 1172 848 1228 adduceret.
874 1168 972 1224 Ille
1001 1167 1218 1237 quidem
1256 1180 1425 1235 agnus
1471 1163 1668 1219 nullius
1700 1175 1886 1232 pecca-

289 1276 406 1320 tum
433 1263 643 1332 accepit
668 1278 683 1327 ;
711 1260 799 1315 hic
829 1268 1009 1314 autem
1043 1257 1207 1311 totius
1232 1256 1378 1310 orbis
1406 1264 1666 1330 terrarum
1699 1265 1888 1320 pecca-

291 1371 362 1410 ta.
415 1355 820 1413 Periclitantem
863 1351 1065 1422 quippe
1115 1346 1372 1402 mundum
1417 1346 1523 1400 cito
1562 1344 1631 1399 ab
1663 1344 1741 1398 ira
1789 1341 1884 1398 Dei

289 1448 509 1517 eripuit.
541 1445 632 1501 50.
678 1442 782 1497 llic
820 1451 893 1496 est
936 1441 1000 1494 de
1026 1454 1126 1510 quo
1157 1437 1264 1490 dixi
1283 1478 1299 1504 ,
1338 1435 1438 1504 Qui
1469 1443 1580 1505 post
1607 1449 1686 1488 me
1715 1431 1843 1486 venit
1866 1471 1881 1497 ,

289 1550 411 1593 ante
447 1553 528 1592 me
556 1537 722 1605 {actus
749 1542 849 1588 est.

361 1633 424 1687 9..
461 1624 650 1682 Viden‘
687 1621 854 1676 etiam
917 1617 1006 1670 hic
1061 1627 1173 1684 quo
1229 1617 1392 1682 pacto
1445 1623 1633 1664 vocem
1703 1607 1871 1672 illam,

303 1725 469 1785 Ante,
493 1709 924 1785 interpretatur?
971 1705 1105 1761 Nam
1132 1718 1257 1760 cum
1289 1703 1521 1758 dixisset
1563 1715 1786 1770 agnum,
1819 1707 1873 1754 et

295 1807 474 1875 ipsum
498 1803 677 1858 tollere
703 1808 979 1871 peccatum
1006 1797 1211 1864 mundi,
1245 1807 1372 1852 tunc
1401 1797 1512 1862 ait,
1541 1793 1671 1848 Ante
1694 1809 1772 1846 me
1798 1795 1879 1864 [ac

291 1907 405 1952 ctus
424 1905 535 1960 est;
560 1893 848 1950 ostendens
869 1891 1022 1956 illud,
1051 1890 1201 1957 Ante,
1229 1889 1306 1944 sic
1335 1886 1708 1956 explicandum
1738 1899 1880 1950 esse,

290 1987 435 2058 quod
481 1986 629 2041 tollat
677 1991 892 2054 peccata
925 1979 1131 2046 mundi,
1171 1978 1312 2049 quod
1343 1978 1574 2048 baptizet
1601 1977 1653 2030 in
1683 1975 1884 2046 Spiritu

289 2085 496 2130 sancto.
523 2074 800 2130 Adventus
823 2071 1022 2143 quippe
1044 2083 1194 2125 meus
1216 2069 1343 2123 nihil
1372 2067 1489 2137 plus
1516 2066 1698 2122 habuit
1724 2080 1882 2135 quam

288 2167 434 2238 quod
474 2179 812 2222 communem
852 2163 1000 2218 orbis
1029 2159 1422 2216 benefactorcm
1446 2156 1843 2228 praedicaverim
1865 2196 1880 2219 ,

286 2272 346 2316 et
371 2259 512 2331 quod
540 2258 858 2328 baptismum
899 2271 1051 2326 aqua:
1095 2253 1552 2314 ministraveritn;
1597 2250 1755 2320 hujus
1784 2263 1882 2302 au-

287 2361 407 2408 tem
437 2351 700 2406 adventus
727 2363 858 2419 opus
881 2346 1006 2402 illud
1026 2354 1128 2412 est,
1146 2360 1376 2416 purgare
1405 2343 1646 2398 homines
1671 2355 1881 2408 omnes,

289 2441 568 2499 l’araclcti
591 2440 942 2511 operationem
976 2437 1177 2508 largiri.
1204 2436 1299 2490 llic
1325 2435 1454 2489 Ante
1482 2451 1562 2489 me
1589 2433 1751 2504 factus
1769 2440 1883 2496 est;

285 2537 348 2592 id
375 2546 479 2601 est,
510 2550 596 2589 me
620 2534 809 2589 clarior
834 2532 1097 2602 apparuit,
1129 2530 1260 2597 Quia
1289 2529 1429 2599 prior
1468 2543 1546 2581 me
1589 2535 1716 2581 erat.
1749 2525 1883 2581 Eru-

283 2627 513 2681 bescant
559 2627 594 2678 ii
643 2625 732 2693 qui
764 2623 909 2678 Pauli
958 2619 1292 2676 Samosateni
1334 2619 1577 2673 insanum
1643 2631 1880 2672 errorem

283 2733 576 2787 suscepere
603 2717 702 2788 (a),
723 2715 811 2786 qui
835 2725 938 2770 tam
974 2724 1212 2785 apertam
1242 2718 1550 2782 oppugnant
1577 2709 1878 2765 veritatem.

281 2815 376 2869 5|.
411 2812 477 2867 Et
494 2829 587 2884 ego
616 2811 894 2866 nesciebam
917 2826 1051 2864 eum.
1083 2807 1212 2862 Vide
1233 2821 1339 2876 quo
1362 2789 1520 2875 pacto
1545 2816 1756 2857 omnem
1780 2801 1882 2856 hoc

282 2903 598 2959 teatintonio
624 2899 835 2956 auferat
877 2898 1259 2968 suspicionem,
1293 2893 1585 2950 ostendens
1615 2891 1744 2946 illud
1775 2907 1879 2946 non

281 3012 353 3052 ex
375 2997 605 3050 humana
625 2994 794 3064 gratia
824 3000 878 3047 et
922 2991 1177 3054 amicitia,
1225 2987 1318 3043 sed
1361 3003 1423 3043 ex
1455 2985 1632 3041 divina
1680 2983 1882 3038 revela-

282 3087 435 3141 lione
461 3083 746 3156 proficisci.
781 3082 893 3154 Ego
915 3082 1198 3136 nesciebam
1227 3095 1359 3142 eum,
1387 3077 1576 3148 inquit.
1601 3073 1881 3142 Quomodo

281 3195 420 3252 ergo
453 3179 553 3234 fide
571 3177 766 3248 dignus
795 3175 948 3230 testis
977 3171 1187 3228 fueris?
1230 3169 1500 3240 quomodo
1541 3168 1673 3222 alios
1717 3165 1880 3220 doce-

276 3275 395 3337 bis,
425 3272 471 3327 si
499 3272 610 3340 ipse
633 3268 888 3338 ignores?
919 3264 1034 3320 Non
1084 3263 1237 3325 dixit,
1269 3261 1385 3317 Non
1413 3260 1534 3315 novi
1559 3259 1728 3324 illum,
1762 3256 1876 3321 sed,

281 3363 589 3418 Nesciebam
612 3377 724 3415 eum
742 3378 761 3426 ;
797 3360 867 3412 ita
915 3367 971 3412 ut
997 3356 1123 3411 hinc
1165 3354 1402 3410 maxime
1432 3351 1536 3407 ﬁde
1557 3350 1755 3421 dignus
1783 3364 1880 3418 ap-

278 3465 490 3526 pareat.
521 3454 641 3522 Quo
688 3463 845 3522 pacto
871 3450 1012 3505 enim
1043 3450 1094 3502 in
1123 3447 1240 3518 ejus
1265 3446 1514 3517 gratiam,
1547 3458 1702 3514 quem
1732 3443 1882 3512 igno-

276 3547 438 3602 tabat
459 3587 476 3609 ,
508 3545 761 3614 loquutus
793 3541 985 3596 fuerit?
1025 3538 1132 3594 Sed
1157 3546 1210 3591 ut
1235 3535 1582 3605 manifestetur
1609 3535 1661 3586 in
1693 3532 1877 3599 Israel,

277 3639 398 3691 ideo
437 3637 552 3690 veni
579 3634 839 3704 baptizans
883 3634 934 3685 in
974 3646 1125 3700 aqua.
1153 3627 1268 3684 Non
1295 3641 1423 3697 ergo
1448 3626 1537 3680 ille
1565 3625 1881 3694 baptismate

277 3743 423 3798 opus
449 3725 714 3790 habebat;
769 3737 945 3794 neque
995 3721 1098 3775 alia
1139 3719 1206 3775 de
1245 3732 1405 3775 causa
1446 3717 1714 3772 lavat-rum
1753 3713 1878 3769 illud

280 3830 537 3890 paratum
563 3816 758 3881 fuerat,
793 3827 949 3885 quam
990 3821 1051 3866 ut
1077 3809 1326 3866 omnibus
1369 3806 1434 3862 ad
1480 3805 1674 3861 Christi
1723 3803 1878 3858 fidem

277 3913 427 3966 viam
455 3917 742 3966 sterneret.
772 3905 888 3961 Non
914 3905 1056 3961 enim
1087 3902 1242 3968 dixit,
1271 3901 1345 3958 Ut
1382 3899 1679 3969 baptizatos
1721 3912 1882 3966 puros

279 4002 534 4068 reddam,
560 4013 755 4070 neque,
776 3997 1108 4068 Baptizatum
1152 3993 1293 4059 veni,
1323 4000 1436 4046 uta
1470 3988 1703 4060 peccatis
1745 3987 1880 4041 Iibe-

281 4109 442 4158 rcm;
492 4091 614 4157 sed,
673 4089 744 4145 Ut
791 4087 1136 4157 ntanifestetur
1183 4085 1236 4138 in
1284 4081 1469 4137 Israel.
1517 4079 1652 4149 Quid
1700 4079 1880 4144 enim,

279 4198 471 4253 (ιωο
493 4181 516 4236 3
535 4197 605 4235 an
637 4180 756 4235 sine
791 4178 1111 4248 baptismate
1152 4189 1257 4229 non
1286 4173 1480 4228 licebat
1511 4169 1801 4242 praedicare
1829 4174 1884 4224 et

282 4276 543 4346 populum
565 4271 871 4327 attrahere?
898 4269 1090 4325 Verum
1118 4283 1223 4324 non
1257 4265 1309 4321 id
1342 4266 1411 4321 ita
1443 4264 1600 4320 facile
1632 4263 1745 4318 ﬁeri
1781 4279 1877 4333 po-

284 4376 425 4420 terat
448 4367 489 4417 ⁸.
522 4363 709 4433 Neque
739 4361 881 4416 enim
918 4360 989 4414 ita
1012 4357 1411 4414 concurrissent
1438 4369 1647 4420 omnes,
1675 4352 1717 4407 si
1747 4369 1882 4421 pra:-

289 4457 486 4513 dicatio
523 4456 644 4509 sine
698 4453 1014 4522 baptismate
1063 4449 1285 4512 fuisset;
1337 4462 1434 4501 nec
1487 4445 1884 4514 comparatione

286 4548 423 4603 facta
445 4548 565 4616 ejus
591 4541 1049 4614 przeeniinentiam
1072 4538 1435 4595 cdidicissent.
1459 4533 1730 4605 Siquidem
1751 4531 1885 4586 mul-

285 4642 462 4696 titudo
489 4640 694 4703 exibat,
729 4652 832 4691 non
861 4644 918 4689 ut
943 4649 1061 4705 quae
1098 4631 1310 4688 dicebat
1339 4629 1547 4683 audiret
1581 4645 1593 4680 :
1631 4626 1723 4681 sed
1750 4624 1884 4680 cur?

285 4732 358 4789 Ut
408 4734 732 4786 conﬁtentes
782 4735 999 4799 peccata
1050 4725 1469 4793 haptizarentur.
1526 4718 1885 4774 Advenientes

283 4834 468 4878 autem
489 4838 610 4890 qua:
638 4818 707 4873 ad
731 4818 1004 4872 Christum
1030 4814 1344 4884 spectabant
1373 4810 1721 4874 docebantur,
1753 4823 1882 4862 nec-

282 4931 392 4969 non
439 4911 693 4982 baptismi
738 4907 1116 4964 differentiam.
1172 4904 1270 4958 ilic
1312 4903 1454 4958 enim
1506 4910 1621 4956 erat
1662 4898 1886 4953 Iudaico

286 5005 668 5076 prastantior;
719 5001 943 5070 ideoque
985 5011 1175 5052 omnes
1214 4994 1562 5051 accurrebant
1595 5009 1608 5044 :
1650 4999 1883 5044 attamen

285 5097 374 5152 hic
399 5097 703 5164 baptismus
731 5090 1078 5162 imperfectus
1097 5097 1232 5144 erat.
1278 5084 1562 5155 Quomodo
1598 5083 1758 5153 igitur
1796 5095 1886 5135 co-

281 5185 520 5258 gnovisti
574 5184 738 5239 cum?
791 5183 894 5237 Per
936 5179 1254 5235 descensum
1301 5175 1550 5246 Spiritus,
1577 5173 1766 5243 inquit.
1806 5168 1886 5226 Nc

281 5279 412 5349 quis
429 5287 614 5331 anum
645 5275 770 5330 hinc
800 5273 1091 5337 existimet,
1124 5271 1276 5326 illum
1322 5269 1522 5339 Spiritu
1570 5267 1802 5338 eguisse,
1829 5272 1885 5318 ut

282 5384 390 5424 nos
417 5382 662 5439 quius,
691 5364 814 5420 audi
839 5362 1107 5435 quomodo
1137 5361 1274 5416 hanc
1293 5375 1505 5432 quoque
1529 5357 1883 5428 suspicionem

349 5476 662 5589 (emebat
686 5469 857 5519 Paulus
877 5475 1216 5536 samosateaus
1241 5464 1416 5514 Filium
1452 5461 1630 5512 nullam
1661 5462 1885 5526 byposta—

349 5556 368 5589 ι
537 5538 636 5584 isse
667 5540 926 5589 antequam
961 5541 1023 5578 ex
1049 5533 1188 5575 Maria
1222 5533 1524 5576 nasceretur.

279 5533 372 5595 ne;
403 5533 636 5589 habuisse
667 5540 926 5593 antequam
961 5541 1023 5578 ex
1049 5533 1188 5595 Maria
1222 5533 1524 5595 nasceretur.

351 5609 368 5636 ι
409 5604 467 5654 In
498 5597 786 5664 quibusdam
805 5592 1023 5664 legitur“,
1048 5608 1110 5643 an
1128 5593 1231 5644 sine
1254 5592 1598 5658 baptismate...
1641 5595 1688 5641 et
1723 5599 1877 5652 p017!-

274 5667 389 5717 hn
419 5657 529 5716 tam
551 5660 696 5728 facite
727 5657 970 5708 attralaere
992 5657 1016 5706 2
1039 5657 1358 5718 nequaquam.

634 5752 906 5815 Pnaoe.
953 5756 1068 5816 Gn.
1112 5755 1268 5821 LIX.

1435 220 1504 277 IN
1539 219 1850 278 JOANNEM
1887 217 2111 275 IIOMIL.
2156 218 2316 276 XVII.
2358 223 2428 277 al.
2473 221 2610 278 XVI.

3483 222 3583 285 ilo

1993 345 2257 402 amoveat,
2285 337 2575 395 ostendens
2599 338 2827 410 Spiritus
2849 340 3166 396 descensum
3193 340 3259 394 ad
3293 342 3583 409 prmdiean-

1992 429 2118 484 dum
2146 427 2418 485 Christum
2443 428 2780 488 solummodo
2807 432 2994 489 fuisse.
3023 431 3156 488 Cum
3178 433 3398 489 dixisset
3418 439 3581 503 enim,

1993 521 2062 576 Et
2090 539 2179 593 ego
2209 540 2310 578 non
2333 526 2692 596 cognoscebam
2713 543 2847 593 emn,
2877 523 3146 597 subjunin
3170 545 3183 582 :
3210 527 3316 582 Sed
3344 529 3433 600 qui
3453 529 3580 583 misit

1992 631 2070 668 me
2093 615 2351 686 baptizare
2372 618 2424 671 in
2455 633 2608 687 aqua,
2631 616 2720 672 ille
2745 617 2870 672 mihi
2897 613 3028 673 dixit
3071 633 3091 673 :
3136 619 3304 691 Super
3329 637 3474 691 quem
3513 625 3580 674 ιιὶσι

1992 703 2126 759 deris
2153 706 2406 776 Spiritum
2426 707 2822 772 descendentem,
2865 716 2911 763 et
2952 720 3235 765 manentem
3257 728 3409 778 super
3430 729 3541 765 eum
3565 750 3581 776 ,

1991 795 2078 848 ille
2106 806 2180 849 est
2201 799 2287 865 qui
2303 797 2526 867 baptizat
2569 799 2622 852 in
2678 799 2878 870 Spiritu
2924 807 3119 855 sancto.
3148 802 3340 856 Viden’
3387 805 3450 857 ad
3485 803 3584 856 hoc.

1991 888 2202 969 venisse
2228 881 2482 957 Spiritum
2510 897 2776 956 sanctum,
2823 901 2879 944 ut
2905 890 3176 946 Christum
3232 893 3583 947 ostenderet?

1992 979 2123 1033 Erat
2167 977 2364 1050 quippe
2410 983 2569 1037 etiam
2621 975 2842 1039 Joannis
2888 981 3248 1040 testimonium
3281 982 3582 1054 suspicione,

1992 1086 2234 1125 vacuum.
2269 1063 2339 1127 Ut
2367 1079 2547 1129 autem
2591 1075 2719 1129 illud
2751 1074 2852 1130 fide
2904 1075 3116 1144 dignius
3171 1074 3449 1130 exhiberet
3471 1117 3489 1142 ,
3512 1077 3579 1128 ad

1994 1161 2162 1217 Deum
2189 1163 2400 1219 reduxit
2443 1174 2498 1220 et
2540 1165 2608 1220 ad
2647 1167 2900 1237 Spiritum
2943 1177 3205 1222 sanctum.
3255 1167 3387 1233 Quia
3437 1167 3580 1222 enim

1988 1253 2220 1311 Joannes
2270 1272 2384 1312 rem
2435 1266 2654 1326 tantam,
2705 1268 2810 1313 tam
2855 1258 3218 1314 admirandam
3251 1260 3576 1330 praedicavit,

1989 1360 2109 1416 quze
2140 1357 2318 1416 posset
2343 1348 2612 1405 auditores
2637 1365 2826 1405 omnes
2882 1350 2934 1404 in
2973 1359 3242 1421 stuporem
3276 1349 3575 1418 conjicere;

1989 1453 2181 1509 nempe
2197 1440 2336 1510 quod
2365 1442 2478 1511 ipse
2506 1443 2652 1497 solus
2676 1441 2822 1497 orbis
2850 1451 3065 1512 peccata
3111 1442 3287 1496 omnia
3328 1442 3534 1498 tolleret
3558 1482 3575 1507 ,

1988 1537 2043 1585 et
2068 1528 2208 1600 quod
2234 1530 2360 1585 doni
2389 1532 2698 1601 magnitudo
2719 1531 2784 1587 ad
2810 1541 3006 1587 tantam
3027 1532 3448 1604 redemptionem
3469 1532 3579 1586 suf-

1990 1619 2174 1677 ﬁceret
2207 1635 2222 1674 :
2253 1618 2391 1677 hanc
2429 1621 2645 1677 demum
2683 1624 3001 1678 sententiam
3038 1623 3234 1677 ﬁrmat.
3276 1618 3575 1678 Confirma-

1989 1719 2076 1765 tur
2101 1719 2279 1766 autem
2311 1727 2377 1767 ex
2409 1726 2473 1767 eo
2500 1711 2642 1782 quod
2666 1713 2735 1768 sit
2762 1711 2931 1768 Filius
2962 1713 3076 1772 Dei.
3117 1713 3258 1784 quod
3286 1730 3389 1769 non
3427 1721 3579 1783 egeat

1987 1798 2327 1870 baptismate,
2359 1810 2414 1857 et
2441 1802 2583 1872 quod
2613 1802 2731 1858 ideo
2758 1811 2962 1858 tantum
2992 1803 3219 1872 Spiritus
3262 1804 3576 1869 descendit,

1988 1901 2046 1947 ut
2076 1893 2219 1948 illum
2246 1894 2624 1949 manifestaret.
2654 1893 2768 1948 Non
2807 1895 2948 1950 enim
2978 1904 3141 1964 penes
3177 1895 3434 1950 Joannem
3463 1903 3578 1949 erat

1988 1985 2242 2056 Spiritum
2276 1987 2424 2052 dare,
2475 1985 2614 2056 quod
2650 1985 2922 2041 declarant
2957 1986 2990 2040 ii
3014 1986 3104 2056 qui
3144 1986 3212 2040 ab
3241 1985 3357 2055 ipso
3403 1985 3577 2054 hapti-

1987 2091 2161 2132 smnm
2183 2088 2522 2148 acceperant,
2539 2075 2778 2133 dicentes
2805 2094 2818 2131 :
2843 2070 2949 2131 Sed
2969 2091 3125 2147 neque
3141 2076 3185 2131 si
3205 2076 3432 2148 Spiritus
3451 2090 3575 2130 san-

1987 2177 2098 2221 ctus
2125 2175 2199 2222 est
2223 2167 2505 2223 audivimus
2525 2168 2676 2239 (Act.
2707 2167 2794 2223 l9.
2825 2168 2861 2222 2
2880 2170 2924 2240 ).

2058 2257 2288 2314 Christus
2336 2256 2632 2332 baptismate
2681 2260 2901 2317 Joannis
2936 2277 3036 2316 non
3082 2259 3277 2332 egebat,
3305 2260 3393 2315 sed
3419 2252 3573 2316 Chri-

1987 2360 2064 2405 sto
2109 2349 2389 2422 Baptisma.
2456 2349 2626 2419 Quare
2673 2351 2901 2408 Joannes
2953 2353 3016 2408 Β.
3066 2354 3348 2424 frequenter
3399 2352 3572 2418 dicat,

1987 2440 2264 2495 nesciebam
2311 2459 2442 2497 eum.
2482 2473 2552 2483 —
2609 2441 2722 2499 Non
2775 2459 2904 2516 ergo
2964 2443 3282 2514 baptismate
3330 2441 3574 2498 Chrisms

1987 2530 2196 2601 egebat,
2226 2547 2330 2587 non
2364 2530 2473 2601 illo,
2514 2548 2620 2589 non
2649 2531 2786 2601 alio;
2840 2535 2933 2590 sed
2965 2535 3140 2606 potius
3184 2534 3444 2604 baptisma
3474 2546 3573 2602 po-

1988 2625 2152 2679 tentia
2208 2624 2424 2680 Christi.
2465 2625 2596 2680 Nam
2649 2625 2921 2682 residuum
2973 2635 3131 2697 caput
3175 2634 3291 2682 erat
3335 2619 3570 2681 omnium

1987 2717 2269 2787 bonorum,
2323 2727 2382 2775 ut
2427 2720 2633 2775 scilicet
2677 2720 2972 2791 baptizatus
3014 2721 3214 2791 Spiritu
3261 2733 3446 2777 sancto
3493 2722 3574 2775 di-

1985 2820 2255 2877 gnaretur.
2285 2810 2396 2866 IIoc
2431 2811 2659 2882 Spiritus
2692 2812 2888 2866 donum
2925 2811 3128 2868 addidit
3151 2812 3237 2868 ille
3262 2827 3380 2868 cum
3407 2812 3572 2868 adve-

1986 2901 2078 2953 nit.
2106 2899 2193 2955 52.
2229 2899 2296 2955 Et
2323 2903 2660 2956 testimonium
2689 2903 2936 2973 perhibuit
2959 2903 3186 2958 Joannes
3208 2905 3376 2958 dicens
3413 2920 3432 2958 :
3459 2902 3574 2962 Vidi

1987 2989 2239 3059 Spiritum
2279 2993 2657 3047 descendentem
2688 2995 2816 3047 sicut
2855 2994 3166 3062 columbam,
3207 3003 3255 3050 et
3288 3003 3573 3050 manentem

1983 3097 2136 3150 super
2156 3098 2288 3135 eum.
2322 3084 2409 3138 55.
2435 3083 2501 3135 Et
2543 3083 2650 3154 figo
2683 3085 2958 3138 nesciebam
2997 3102 3109 3138 eam
3147 3101 3165 3139 :
3193 3085 3281 3140 sed
3313 3087 3402 3157 qui
3438 3088 3572 3141 misit

1985 3189 2064 3227 me
2091 3173 2347 3243 baptizare
2372 3175 2423 3228 in
2460 3191 2614 3244 aqua,
2643 3176 2730 3229 ille
2760 3176 2886 3229 mihi
2914 3177 3044 3229 dixit
3066 3191 3084 3229 :
3107 3169 3281 3247 Super
3323 3194 3467 3248 quem
3493 3180 3570 3232 ui-

1984 3265 2118 3319 deris
2149 3263 2398 3335 Spiritum
2421 3265 2818 3332 descendentem,
2855 3274 2902 3319 et
2919 3275 3200 3319 tnanentem
3243 3279 3394 3336 super
3434 3285 3566 3332 eum,

1985 3357 2064 3410 hic
2093 3366 2164 3410 cst
2184 3356 2270 3426 qui
2295 3355 2515 3424 baptizat
2545 3357 2596 3409 in
2624 3354 3027 3426 Spiritusancto.
3061 3355 3148 3410 δι.
3175 3355 3240 3409 Et
3268 3374 3356 3428 ego
3377 3356 3499 3422 vidi,
3521 3367 3570 3412 et

1986 3447 2321 3500 testimonium
2345 3441 2596 3515 perhibui,
2624 3446 2742 3512 quia
2764 3446 2848 3500 hic
2874 3455 2944 3499 est
2973 3445 3020 3499 F
3023 3445 3139 3499 ilius
3165 3440 3276 3500 Dei.
3305 3443 3574 3517 Frequen—

1987 3547 2068 3595 ter
2096 3540 2200 3594 hoc
2229 3539 2393 3593 utitur
2417 3537 2581 3603 dicto,
2615 3539 2912 3593 Nesciebam
2937 3555 3080 3605 eum;
3113 3527 3209 3594 nec
3238 3539 3353 3595 siue.
3377 3555 3533 3596 causa
3554 3580 3569 3603 ,

1985 3629 2079 3684 sed
2107 3630 2226 3700 quia
2254 3638 2510 3700 cognatus
2535 3630 2652 3699 ejus
2680 3639 2794 3685 erat
2820 3629 2833 3662 ¹
2859 3629 3148 3686 secundum
3178 3645 3411 3687 carnem.
3442 3629 3574 3686 Ecce

1986 3721 2229 3784 Elisabet,
2283 3721 2472 3790 inquit,
2519 3730 2733 3791 cognata
2773 3731 2879 3788 tua,
2925 3732 2970 3776 et
3005 3723 3117 3792 ipsa
3147 3723 3369 3792 concepit
3408 3722 3572 3791 ﬁlium

1987 3810 2006 3878 (
2025 3806 2151 3865 Luc.
2182 3813 2232 3866 1.
2271 3804 2402 3880 56).
2447 3810 2524 3865 Ne
2555 3813 2824 3867 videretur
2873 3827 3000 3883 ergo
3038 3813 3366 3883 cognationis
3403 3813 3570 3882 gratia

1987 3898 2151 3974 loqui,
2186 3905 2491 3972 frequenter
2516 3903 2666 3969 dicit,
2703 3901 3003 3957 Nesciebam
3030 3911 3164 3956 eum.
3213 3905 3289 3957 Ac
3335 3919 3458 3957 vere
3499 3904 3569 3956 ita

1985 4010 2072 4052 res
2127 4010 2186 4049 se
2237 3989 2467 4050 habuit:
2503 4009 2626 4047 nam
2675 3999 2788 4049 toto
2841 3994 2963 4048 vita:
3013 3993 3252 4063 tempore
3277 3992 3328 4049 in
3357 3991 3573 4047 deserto

1987 4087 2298 4142 versabatur
2321 4095 2470 4142 extra
2499 4093 2774 4154 paternam
2803 4080 3042 4140 domum.
3066 4085 3176 4139 Cur
3203 4099 3350 4156 ergo,
3378 4083 3424 4140 si
3449 4094 3573 4140 ante

1987 4177 2217 4250 Spiritus
2269 4173 2586 4234 descensum
2641 4193 2747 4232 non
2797 4187 3024 4232 noverat
3073 4190 3216 4239 eum,
3257 4186 3310 4231 et
3350 4175 3394 4232 si
3422 4175 3573 4230 illum

1989 4283 2114 4327 tunc
2142 4273 2367 4341 primum
2392 4271 2557 4334 novit,
2589 4278 2714 4324 ante
2741 4267 3062 4339 baptismum
3107 4267 3422 4339 prohibebat
3447 4282 3570 4322 eum

1985 4363 2188 4427 dicens,
2214 4362 2324 4434 Ego
2346 4379 2376 4415 a
2401 4371 2448 4416 te
2477 4358 2628 4414 debeo
2665 4357 2912 4430 baptizari
2943 4359 3166 4429 (Matth.
3199 4359 3250 4414 5.
3283 4358 3350 4412 Ib
3376 4357 3434 4429 )?
3462 4357 3573 4412 Hoc

1986 4458 2130 4512 enim
2163 4457 2370 4526 signum
2399 4463 2515 4508 erat
2539 4452 2813 4508 Christum
2845 4451 2944 4507 sibi
2972 4451 3140 4522 probe
3171 4459 3354 4505 notum
3388 4447 3572 4504 fuisse.

1988 4550 2187 4605 Verum
2216 4564 2322 4603 non
2352 4547 2442 4602 diu
2467 4555 2620 4610 ante;
2653 4555 2707 4600 et
2736 4545 2856 4614 jure
2882 4545 3117 4616 quidem.
3146 4541 3278 4597 Nam
3317 4539 3571 4597 miracula

1989 4640 2072 4694 illa
2095 4682 2109 4705 ,
2155 4655 2274 4708 qua:
2315 4637 2440 4692 dum
2487 4652 2619 4706 puer
2657 4645 2798 4692 esset
2827 4634 2986 4690 .lesus
3016 4634 3150 4688 facta
3188 4641 3346 4699 sunt,
3379 4647 3573 4700 nempe

1989 4733 2126 4787 circa
2175 4745 2360 4800 magos
2405 4739 2460 4784 et
2508 4729 2732 4794 similia,
2777 4728 2945 4782 multo
2967 4736 3089 4782 ante
3113 4735 3351 4794 tempore
3398 4723 3573 4778 conti-

1988 4835 2192 4896 gerant,
2228 4823 2343 4893 ipso
2367 4835 2576 4891 quoque
2598 4820 2804 4874 Joanne
2833 4818 3008 4873 adhuc
3045 4816 3246 4871 infante
3277 4832 3292 4871 :
3321 4829 3416 4885 per
3439 4815 3576 4867 mul-

1991 4925 2100 4971 tum
2151 4925 2326 4969 autem
2376 4912 2502 4967 illud
2552 4911 2692 4983 quod
2735 4909 2929 4965 abhinc
2971 4907 3272 4964 intercessit
3325 4916 3572 4976 tempus,

1990 5006 2236 5060 omnibus
2290 5011 2407 5058 erat
2446 5003 2678 5071 ignotus.
2710 4999 2840 5053 Nam
2895 4995 2938 5053 si
2989 5008 3148 5052 notus
3199 4997 3420 5061 fuisset,
3468 5011 3574 5049 non

1991 5097 2228 5151 dicturus
2267 5102 2404 5160 erat,
2455 5091 2523 5147 Ut
2567 5091 2916 5159 manifestetur
2965 5089 3018 5142 in
3066 5087 3252 5154 Israel,
3300 5086 3413 5138 ideo
3467 5085 3576 5137 veni

1989 5188 2262 5255 baptizare.

2062 5281 2114 5334 5.
2178 5279 2309 5332 llinc
2347 5275 2520 5347 palam
2561 5282 2643 5329 est
2690 5272 2839 5343 signa
2872 5270 2954 5324 illa
3001 5284 3120 5340 qua:
3169 5265 3208 5321 it
3260 5265 3476 5322 Christo
3521 5266 3573 5320 in

1992 5371 2215 5442 pueritia
2269 5369 2400 5423 facta
2455 5365 2716 5429 feruntur,
2765 5362 2895 5418 falsa
2926 5371 3037 5416 eta
3084 5357 3396 5430 quibusdam
3450 5371 3577 5410 con-

2055 5544 2074 5577 ⁸
2106 5542 2270 5603 savil.,
2295 5548 2347 5595 et
2378 5539 2527 5592 Codd.
2561 5539 2687 5598 705,
2720 5537 2846 5598 706,
2879 5537 2960 5603 sic
2980 5533 3288 5603 habent......
3330 5526 3576 5603 {nesciet

1991 5592 2270 5723 Lam—eum:
2288 5619 2313 5650 ι
2333 5592 2452 5665 ’ρυη
2485 5605 2548 5652 de
2595 5592 2772 5651 causa.
2806 5592 2852 5646 et
2893 5597 2960 5648 ad
2992 5593 3112 5657 quid
3141 5592 3168 5644 ν
3197 5597 3434 5655 Cognatas
3475 5592 3582 5654 ejus

3170 5753 3210 5816 ἰ
