4012 6198
565 326 663 379 ttt
1310 310 1370 366 s.
1412 298 1689 364 JOANNIS
1725 277 2196 350 CitRYSOSTOMI
2237 271 2553 332 ARClllEP.
2594 261 3122 324 CONSTANTINOP.
3719 250 3806 307 ιη

573 441 693 492 ficta
746 449 865 491 esse
898 432 997 506 (α).
1022 429 1155 486 Nam
1185 425 1229 481 si
1270 439 1299 478 a
1355 431 1520 491 puero
1567 404 1821 467 miracula
1867 395 2140 454 edidisset,
2255 387 2456 458 jectare
2503 396 2784 454 possumus
2825 387 2879 434 et
2920 377 3034 430 haec
3059 383 3114 430 et
3134 371 3237 427 alia
3265 369 3421 438 longe
3449 368 3596 439 plura
3625 367 3805 421 silentii

1817 493 1848 506 ..
1933 504 1947 506 ,
2011 481 2118 506 Hui
2255 479 2416 506 ...τμη
2440 475 2631 506 ratos...
2677 469 2816 506 munt
2846 470 2932 506 ιιῐρ
2979 467 3093 506 ineo
3121 461 3443 506 evangelista
3495 460 3546 506 in
3591 460 3686 506 fine
3715 459 3805 506 liln-

984 471 997 486 ο
1022 459 1155 486 L‘dlll
1185 459 1229 481 ῦι
1270 459 1299 478 a
1396 459 1519 474 ιιυιν
1569 459 1724 467 -ο-----

570 533 802 586 Joannes
853 459 970 580 nitu)
1002 521 1150 576 illum
1185 459 1558 587 iguoraivisset,
1611 514 1711 556 nec
1755 493 1957 561 reliqua
2011 481 2148 539 mul-
2255 479 2416 534 missa
2440 475 2632 539 fuisse;
2677 469 2817 543 quod
2846 470 2932 522 hic
2979 467 3093 536 ipse
3121 461 3444 532 evangelista
3495 460 3548 514 in
3591 460 3686 513 fine
3715 459 3805 511 libr

1871 584 1882 587 ’
1945 579 1975 587 ’⁸
2112 581 2123 587 ‘
2264 570 2322 587 ί⁶ν
2350 567 2574 587 ηεηλ---ει
2643 564 2871 587 ’π’--ιη-νι
2907 559 3045 587 Ληιηι
3079 554 3243 587 ηῑιΐηῖο
3283 559 3338 587 nl
3369 565 3615 587 mnannm
3642 550 3805 587 nlinnii

573 550 802 586 Joannes
853 550 958 580 ιιυςι
1003 550 1150 576 Ιιιυιιι
1186 550 1199 570 ι
1242 550 1558 571 ιινιιιιιευυυ,
1613 550 1708 556 ---ἡ
1875 550 1890 561 _

573 621 741 677 titudo
788 632 924 692 opus
961 550 1233 672 habuisse:
1273 605 1492 661 doctore
1537 594 1628 666 qui
1678 589 1825 645 illum
1870 579 2149 637 indicaret.
2259 567 2597 639 signiﬁcavit.
2643 564 2872 617 Tantum
2906 559 3046 614 enim
3078 554 3246 610 abfuit
3283 559 3343 606 ut
3369 565 3615 621 magnum
3641 550 3806 618 aliquit

1563 690 1570 692 λ
1715 680 1777 692 η
1925 674 2124 692 μαι-η
2261 660 2328 692 ,ιο
2368 660 2456 692 ςιιη
2485 656 2848 692 ,ιηηηησιη-ριιι
2916 659 2973 692 nt
3001 649 3160 692 etiam
3191 659 3311 692 mm
3342 643 3596 692 nrobrosa
3617 655 3730 692 esse
3760 641 3805 692 vi

575 641 741 677 tttttuo
788 641 924 692 Opus
961 641 1231 672 mouisset
1273 641 1492 661 υυυινω
1539 641 1628 666 η-.-

575 713 727 769 Nunc
755 720 930 765 autem
964 709 1076 778 ipse
1099 705 1194 770 ait,
1220 714 1281 756 sc
1306 697 1426 752 ideo
1456 690 1685 748 venisse,
1713 680 1779 736 Ut
1801 674 2154 744 manifestare-
2261 660 2328 716 de
2368 660 2456 714 illo
2485 656 2869 724 conﬁngerent,
2916 659 2974 704 ut
3001 649 3162 704 etiam
3191 659 3311 715 qua:
3342 643 3596 712 probrosa
3617 655 3730 694 esse
3760 641 3805 693 vi

1667 777 1675 778 ί
1807 768 1848 778 -
2004 772 2016 778 -
2075 758 2125 778 Α-
2264 750 2525 778 λαιψηι...
2574 759 2758 778 ητηηοε
2784 757 2887 778 nnn
2913 753 3178 778 nnncpnen
3216 741 3462 778 accurate
3488 739 3805 778 recenserem

578 739 727 769 l‘lﬂll;
755 739 930 765 ausum
964 739 977 762 I
1019 739 1076 761 δυ
1099 739 1172 758 au-
1220 739 1281 756 υν
1306 739 1423 752 ιιι-νυ
1468 739 1595 746 -τ-νη
1618 739 1624 740 κ
1673 739 1685 748 π
1941 739 1951 744 ,

578 817 659 860 tur
675 807 729 858 in
757 802 960 864 Israel;
983 739 1145 868 |atque
1171 743 1292 849 ideo
1313 800 1524 846 rursum
1545 777 1777 840 dicebat,
1805 768 1910 839 Ego
1940 781 1972 817 a
1999 772 2044 816 te
2065 758 2156 811 de-
2263 750 2542 813 debantur,
2574 759 2760 800 omnes
2784 757 2887 796 uno
2913 753 3180 794 consensu
3216 741 3462 789 accurate
3488 739 3806 786 recenserem

1867 861 1896 868 --
1921 855 1954 868 -ο
1993 854 2005 866 ο
2046 867 2055 868 κ
2075 857 2117 868 ρ-
2266 854 2366 868 mm
2387 836 2684 868 unauna-tm
2712 833 2923 868 “Ini-nm
2962 828 3086 868 nniil
3125 825 3299 868 eimilp.
3331 823 3560 868 tacuisse
3587 821 3804 868 renerias

582 821 659 860 [ur
675 822 729 858 τη
757 821 960 864 Israel;
987 821 1145 868 atque
1171 821 1292 849 lucu
1314 821 1524 846 Inlaqu
1545 821 1777 840 u-vvv-"r
1805 821 1829 824 '
1850 821 1874 839 υ

582 899 670 952 bro
691 894 956 966 baptizari.
985 887 1207 954 Deinde,
1253 888 1436 952 utpote
1471 874 1560 946 qui
1589 868 1787 925 clarius
1816 854 2155 916 edidicisset,
2266 854 2367 895 nec
2385 836 2684 908 quempiam
2712 833 2926 888 illorum
2962 828 3087 899 quid
3125 825 3300 882 simile
3331 823 3560 878 tacuisse
3587 821 3804 890 reperias

1819 963 1827 966 .
1975 964 1983 966 ξ
2015 941 2116 966 ,ίιμε
2148 954 2163 966 .
2269 927 2514 966 ιιίιυιρηιει
2546 939 2676 966 νρνη
2706 924 2805 966 alia
2836 922 2955 966 aliis
2993 915 3335 966 narrantibus
3383 913 3688 966 omiserunt.
3741 910 3804 963 ali

585 941 971 1056 turbisripsum
1017 975 1328 1052 prtedicavit
1355 971 1539 1025 dicens
1571 983 1584 1018 :
1610 959 1708 1015 llic
1724 963 1988 1052 eratquem
2008 941 2116 1056 digii

585 1031 755 1045 μην...
800 1031 971 1056 τη---
2153 1031 2166 1044 ο

584 1081 711 1136 Post
740 1094 818 1133 me
856 1076 985 1131 venit
1013 1074 1087 1126 vir
1111 1071 1197 1143 qui
1224 1075 1340 1122 ante
1360 1078 1435 1118 me
1457 1064 1621 1133 {actus
1650 1061 1754 1115 est;
1783 1041 2035 1143 quoniam
2065 1035 2167 1100 Qut

585 1175 724 1228 misit
749 1187 826 1224 me
852 1167 1106 1238 baptizare
1143 1162 1197 1215 in
1221 1173 1373 1226 aqua,
1401 1152 1624 1219 ideoque
1649 1157 1736 1198 me
1760 1134 1924 1200 misit,
1957 1128 2028 1238 Ut
2054 1141 2166 1230 nta-

585 1217 990 1333 nifestareturrin
1016 1254 1200 1320 Israel,
1255 1251 1369 1320 ipse
1397 1245 1469 1299 illi
1498 1250 1622 1296 ante
1647 1235 1966 1333 descensum
1998 1217 2169 1324 Spiri-

587 1367 676 1412 tus
703 1357 875 1424 ipsum
900 1348 1175 1406 revelavit.
1207 1337 1562 1411 Quamobrem
1586 1337 1871 1397 antequam
1896 1313 2173 1424 adveniret

586 1403 836 1502 diccbat:
872 1442 996 1496 Post
1049 1454 1127 1493 me
1170 1435 1321 1498 venit,
1369 1429 1454 1501 qui
1482 1435 1600 1480 ante
1637 1435 1714 1475 me
1740 1421 1904 1490 factus
1933 1416 2025 1464 est.
2057 1403 2172 1460 Non

590 1554 722 1610 ergo
753 1544 970 1592 noverat
1009 1533 1156 1587 illum
1183 1535 1466 1594 antequam
1496 1517 1702 1573 veniret
1741 1508 1808 1564 ad
1845 1503 2132 1562 Jordanem
2157 1535 2173 1561 ,

595 1593 891 1697 omnesque
926 1624 1219 1694 baptizaret
1247 1637 1259 1672 :
1292 1593 1387 1670 sed
1413 1609 1627 1682 quando
1666 1595 2015 1672 baptizandus
2038 1593 2174 1652 erat,

600 1732 729 1776 tunc
748 1686 898 1774 illum
923 1686 1170 1785 cognovit
1200 1729 1214 1764 :
1245 1711 1360 1778 ipso
1406 1705 1562 1760 Patre
1602 1699 1747 1753 illum
1793 1686 2064 1785 prophetae
2095 1694 2180 1734 re-

596 1810 832 1875 vclante,
855 1816 909 1863 et
926 1773 1122 1876 Spiritu
1146 1773 1316 1872 ipsum
1338 1798 1462 1850 dum
1485 1790 1839 1861 baptizaretur
1866 1773 2183 1835 ostendente

603 1900 823 1965 Judaeis,
855 1866 1082 1968 quorum
1108 1866 1269 1948 causa
1297 1888 1526 1957 Spiritus
1554 1875 1849 1936 descendit.
1875 1866 2087 1968 Etenim
2117 1875 2184 1915 ne

601 1990 827 2048 Joannis
855 1983 1213 2043 testimonium
1261 1979 1691 2037 contemneretur
1735 1961 1980 2025 dicentis,
2032 1953 2186 2008 Prior

611 2100 691 2138 me
718 2092 845 2148 erat,
876 2089 948 2144 et,
979 2078 1032 2132 ln
1064 2076 1262 2145 Spiritu
1303 2069 1569 2140 baptizat,
1614 2071 1687 2127 et,
1717 2050 1981 2114 Judicabit
2003 2046 2187 2102 orbem

609 2173 803 2246 (Joan.
919 2139 1008 2224 30.
1039 2139 1126 2223 55.
1168 2175 1213 2219 et
1241 2165 1293 2219 5.
1319 2139 1445 2231 i'i);
1470 2156 1625 2211 Pater
1652 2150 1844 2207 Filium
1868 2139 2186 2246 praedicans,

617 2225 802 2320 vocem
853 2261 1086 2319 emittit:
1115 2255 1344 2327 Spiritus
1385 2247 1621 2309 advenit,
1665 2255 1852 2296 vocem
1897 2236 1949 2289 in
1994 2225 2193 2286 Christi

609 2365 774 2427 caput
795 2351 1130 2425 pertrainms.
1157 2320 1293 2416 Quia
1321 2343 1464 2399 enim
1487 2339 1576 2393 ille
1606 2330 1936 2427 baptizabat,
1976 2323 2064 2427 hic
2095 2320 2195 2375 ba-

612 2414 929 2518 ptizabatur,
960 2456 1026 2496 ne
1065 2414 1274 2508 quisiex
1325 2427 1680 2504 praesentibus
1727 2418 1852 2478 illttd
1884 2416 1952 2472 de
1991 2414 2199 2469 Joanne

618 2501 819 2591 dictum
855 2546 975 2588 esse
1021 2501 1247 2600 putaret,
1306 2501 1449 2578 venit
1477 2517 1707 2588 Spiritus
1745 2511 1833 2580 qui
1859 2507 1998 2562 hanc
2027 2501 2202 2572 suspi-

614 2629 828 2684 cionem
853 2631 1146 2680 amoveret.
1179 2619 1360 2688 Itaque
1386 2629 1505 2670 cum
1531 2610 1680 2674 dicit,
1725 2600 2024 2659 Nesciebam
2064 2610 2199 2662 eum,

618 2719 688 2775 de
709 2717 978 2789 praeterito
1002 2715 1052 2768 id
1080 2707 1476 2780 intelligendum
1501 2711 1585 2760 est
1617 2707 1876 2769 tempore,
1898 2706 2004 2748 non
2025 2697 2202 2743 autem

624 2812 691 2867 de
711 2787 784 2867 eo
813 2808 953 2880 quod
980 2807 1245 2876 baptismo
1290 2800 1586 2872 proximum
1627 2799 1763 2848 erat.
1806 2787 1938 2842 Nam
1977 2795 2085 2854 quo
2115 2792 2209 2850 pa-

622 2914 712 2958 cto
735 2867 1094 2973 prohibuisset
1119 2911 1242 2950 cum
1268 2867 1473 2957 dicens,
1500 2887 1607 2958 Ego
1623 2901 1654 2937 a
1679 2893 1724 2936 te
1748 2879 1900 2934 debeo
1925 2867 2209 2945 baptizari?

624 2961 892 3064 quomodo
936 2995 1078 3043 tanta
1125 2986 1374 3055 loquutus
1409 2975 1628 3034 fuisset?
1653 2973 1761 3029 Cur
1794 2982 1942 3038 ergo,
1974 2961 2206 3036 inquies,

629 3100 734 3139 non
765 3081 1107 3139 crediderunt
1135 3054 1344 3131 Judtei?
1389 3083 1560 3140 neque
1608 3064 1752 3121 enim
1790 3059 1936 3115 solus
1977 3054 2212 3110 Joannes

624 3173 901 3230 Christum
929 3169 1137 3225 viderat
1165 3166 1217 3221 in
1246 3139 1506 3219 columba:
1529 3155 1730 3228 specie.
1751 3150 1882 3220 Quia
1905 3142 2114 3202 etiamsi
2137 3139 2213 3195 illi

631 3265 908 3327 viderant,
961 3267 1016 3314 at
1061 3273 1148 3314 res
1197 3249 1499 3325 hujusmodi
1551 3263 1657 3302 non
1695 3238 1970 3312 corporeis
2011 3240 2212 3290 tantum

631 3357 801 3414 oculis
846 3367 982 3422 opus
1033 3351 1252 3414 habent,
1309 3344 1402 3399 sed
1454 3341 1630 3412 potius
1676 3333 1890 3397 mentis,
1938 3343 2008 3384 ne
2043 3325 2218 3381 inanis

638 3446 918 3519 phantasia
943 3456 1062 3498 esse
1091 3445 1388 3510 putaretur.
1416 3433 1546 3487 Nam
1580 3428 1624 3483 si
1668 3423 1919 3480 miracula
1969 3417 2217 3472 edentem

637 3540 902 3598 videntes,
931 3535 975 3588 si
1009 3531 1255 3587 manibus
1277 3531 1577 3596 tangentem
1607 3529 1830 3586 corpora
1873 3522 2138 3580 :egrorum
2165 3513 2220 3560 et

637 3636 996 3688 mortuorum,
1027 3629 1081 3676 ct
1108 3623 1183 3672 sic
1203 3617 1270 3672 ad
1297 3616 1457 3670 vitam
1479 3621 1530 3666 et
1550 3609 1828 3663 sanitatem
1851 3601 2218 3662 reducentem,

638 3729 786 3776 tanta
830 3715 1012 3770 livoris
1037 3711 1293 3768 ebrietate
1321 3706 1459 3774 capti
1489 3709 1679 3764 erant,
1730 3706 1788 3752 ut
1837 3691 2102 3750 contraria
2157 3688 2222 3746 iis

642 3826 763 3882 quae
796 3807 1112 3863 videbantur
1140 3801 1440 3874 proferrent
1471 3815 1483 3850 :
1515 3790 1780 3866 quomodo
1809 3803 1874 3844 ex
1905 3786 2021 3842 solo
2048 3783 2222 3854 Spiri-

642 3877 729 3958 tius
755 3901 984 3956 adventu
1011 3895 1434 3952 incredulitatem
1455 3882 1815 3959 abiecissent?
1843 3877 2066 3950 Quidam
2097 3889 2225 3932 vero

642 3993 848 4055 dicunt,
876 3977 982 4045 non
1012 4001 1201 4044 omnes
1235 3983 1451 4045 vidisse,
1501 3977 1594 4034 sed
1623 3975 1883 4032 Joannem
1917 3977 2120 4025 tantum
2173 3974 2228 4022 et

643 4101 738 4140 eos
759 4083 847 4154 qui
873 4081 1067 4139 melius
1092 4077 1453 4134 ali‘ectierant.
1485 4072 1633 4126 Licet
1663 4067 1804 4123 enim
1839 4077 1998 4120 sensu
2029 4058 2226 4131 praedi-

646 4177 714 4232 tis
741 4173 911 4230 oeulis
935 4171 1166 4243 Spiritus
1191 4166 1370 4238 specie
1396 4159 1656 4218 columba:
1683 4153 2016 4212 descendens
2053 4148 2227 4203 videri

647 4273 864 4337 posset;
905 4277 1011 4318 non
1056 4272 1275 4315 necesse
1317 4263 1494 4311 tamen
1541 4260 1656 4306 erat
1683 4261 1795 4302 rem
1825 4258 1945 4300 esse
1982 4239 2230 4295 omnibus

646 4330 1002 4414 manifestam.
1033 4351 1162 4406 Nam
1189 4358 1244 4406 et
1283 4344 1568 4402 Zacharias
1595 4338 1759 4396 multa
1787 4331 2027 4391 sensibili
2051 4330 2230 4400 specie

647 4448 800 4514 vidit,
832 4459 1041 4502 necnon
1077 4441 1264 4496 Daniel
1293 4447 1346 4494 et
1375 4431 1646 4498 Ezechiel,
1680 4443 1742 4484 ac
1771 4428 1888 4483 sine
1929 4423 2037 4478 ullo
2065 4420 2230 4475 visio-

649 4540 732 4596 nis
758 4511 1006 4594 consorte
1032 4551 1047 4590 :
1089 4533 1298 4604 Moyses
1325 4539 1537 4598 quoque
1563 4520 1729 4577 multa
1757 4517 1910 4583 vidit,
1961 4524 2016 4570 et
2057 4511 2233 4582 qualia

650 4632 828 4687 nullus
843 4629 976 4684 alius
991 4625 1212 4682 viderat.
1233 4614 1732 4688 Transﬁgurationis
1753 4623 1963 4682 quoque
1983 4607 2036 4662 in
2055 4613 2234 4660 monte

651 4723 858 4776 visione
888 4733 994 4774 non
1019 4728 1207 4773 omnes
1232 4710 1480 4780 discipuli
1508 4705 1708 4776 dignati
1738 4712 1893 4767 sunt;
1919 4703 2027 4755 imo
2058 4712 2124 4752 ne
2152 4712 2237 4752 re-

651 4809 1036 4867 surrectionem
1061 4803 1272 4876 quidem
1303 4814 1491 4857 omnes
1515 4797 1790 4852 viderunt:
1819 4792 1870 4848 id
1893 4789 2032 4862 quod
2053 4796 2238 4858 aperte

653 4899 888 4956 declarat
928 4897 1099 4952 Lucas
1121 4896 1338 4958 dicens,
1369 4891 1617 4948 Ostendit
1661 4889 1895 4958 seipsum
1957 4881 2186 4937 Testt'bus
2209 4898 2238 4933 a

655 4990 766 5045 Dea
788 4987 1160 5059 prwordinatis.
1191 4987 1256 5040 Et
1275 5001 1364 5056 ego
1391 4983 1493 5038 vidi
1515 4992 1562 5037 et
1609 4979 1941 5035 testimonium
1987 4973 2234 5044 perlribui,

653 5081 773 5152 quia
799 5080 880 5133 hic
908 5088 981 5133 est
1008 5076 1173 5131 Filius
1199 5077 1294 5131 Dei
1315 5075 1457 5149 (Act.
1490 5073 1577 5129 10.
1609 5073 1670 5126 41
1693 5071 1733 5140 ).
1755 5067 1850 5123 Ubi
1879 5062 2237 5120 testimonium

652 5151 943 5242 perhibuit,
967 5181 1091 5224 esse
1115 5165 1308 5221 Filium
1359 5165 1489 5221 Dei?
1538 5163 1746 5230 Agnum
1797 5153 2011 5226 quidem
2062 5151 2236 5222 ipsum

652 5240 964 5332 appellavit,
986 5267 1042 5317 et
1079 5256 1223 5328 quod
1253 5255 1456 5327 Spiritu
1497 5250 1860 5322 baptizaturus
1894 5251 2038 5300 esset
2070 5240 2236 5306 dixit;

658 5331 851 5412 Filium
873 5359 1048 5406 autem
1078 5349 1171 5405 Dei
1193 5361 1474 5418 nusquam.
1498 5341 1656 5412 Atqui
1680 5347 1796 5410 post
1823 5335 2080 5406 baptisma
2110 5331 2240 5386 nihil

649 5445 831 5515 ipsum
873 5441 1072 5496 dixisse
1127 5437 1366 5494 scribunt
1404 5435 1582 5491 caeteri
1627 5429 2012 5500 evangelistre:
2054 5437 2240 5477 verum

650 5514 836 5592 missis
878 5533 942 5588 iis
975 5546 1092 5602 quae
1135 5529 1336 5584 interea
1393 5527 1524 5581 facta
1579 5523 1807 5586 fuerant,
1838 5514 2090 5573 miracula
2122 5521 2244 5584 post

648 5633 872 5694 aptum
895 5621 1154 5679 Joannem
1186 5635 1214 5674 a
1241 5617 1452 5674 Christo
1479 5613 1620 5671 edita
1651 5617 1887 5666 narrant.
1933 5604 2088 5663 Unde
2116 5618 2243 5658 con-

722 5693 796 5774 ζα)
829 5712 1023 5770 Quidam
1055 5707 1544 5760 comminiscebantur
1582 5703 1824 5756 Christum
1859 5710 2065 5762 puerum
2099 5693 2244 5744 mira-

654 5770 786 5825 cula
799 5775 1080 5836 patravisse.

2268 927 2515 985 Miracula
2546 939 2676 980 vero
2706 924 2806 976 alia
2836 922 2955 975 aliis
2993 915 3335 973 narrantibus
3383 913 3688 975 omiserunt,
3741 910 3805 963 ali

2270 1020 2426 1076 simul
2452 1033 2639 1074 omnes
2667 1020 2964 1070 tacuerunt.
3013 1009 3138 1064 Haec
3176 1015 3353 1061 autem
3382 1019 3488 1059 non
3535 1002 3646 1056 sine
3691 1015 3806 1054 caus

2271 1113 2462 1182 loquor
2486 1151 2499 1174 ,
2536 1107 2630 1164 sed
2673 1106 2738 1161 ad
2773 1100 3206 1160 contundendam
3257 1095 3533 1168 gentilium
3577 1093 3806 1162 impudeu

2276 1207 2423 1259 tiam.
2454 1203 2564 1257 Hoc
2579 1200 2774 1272 quippe
2795 1198 2926 1252 satis
2947 1203 3027 1250 est
3056 1192 3120 1247 ad
3145 1187 3616 1246 demonstrandum
3644 1185 3806 1239 illorut

2276 1297 2385 1350 veri
2414 1295 2668 1360 studium,
2715 1302 2768 1346 et
2800 1286 3133 1360 probandum
3167 1284 3313 1354 ipsos
3351 1280 3482 1335 nihil
3523 1279 3587 1333 ad
3633 1277 3806 1347 gratim

2276 1388 2495 1444 dixisse.
2522 1386 2633 1440 Hoc
2665 1390 2983 1454 argumento
3011 1385 3066 1433 et
3088 1376 3205 1431 aliis
3236 1373 3447 1436 muniti,
3473 1369 3707 1439 poteritis
3733 1383 3806 1421 Clll

2281 1482 2384 1536 illis
2411 1478 2682 1550 congredi.
2706 1477 2904 1531 Verum
2930 1469 3190 1548 attendite
3217 1484 3233 1524 :
3265 1481 3387 1522 nam
3409 1462 3690 1519 absurdum
3717 1475 3806 1513 ess:

2281 1572 2548 1628 medicum
2578 1580 2684 1624 tam
2708 1577 2924 1622 strenue
2946 1578 3044 1636 pro
3061 1571 3175 1616 arte
3195 1573 3290 1614 sua
3313 1569 3567 1628 pugnare,
3586 1552 3799 1607 cor-Lirin

2284 1665 2433 1728 item,
2485 1671 2767 1724 textorem,
2808 1665 3141 1724 czeterosque
3186 1663 3375 1705 omnes
3421 1643 3681 1708 artiﬁces;
3713 1640 3806 1694 Clu

2286 1755 2520 1810 stianum
2544 1767 2690 1816 vero,
2722 1763 2886 1820 seque
2924 1747 3083 1802 talem
3123 1741 3460 1813 proﬁtentem
3482 1777 3496 1801 ,
3532 1751 3598 1790 ne
3645 1732 3802 1787 verhu

2287 1845 2502 1916 quidem
2526 1856 2682 1913 posse
2711 1841 2776 1895 ad
2799 1855 2950 1894 suam
2975 1833 3226 1892 tuendam
3248 1830 3405 1886 ﬁdem
3429 1825 3682 1898 proferre.
3710 1825 3806 1892 Atq

2291 1938 2382 1994 illa
2414 1934 2670 2005 neglecta,
2702 1931 2938 2004 pecunia:
2959 1922 3297 1983 solummodo
3330 1920 3578 1976 damnum
3605 1915 3806 1972 referuu

2296 2027 2410 2082 ham
2440 2039 2568 2080 vero
2593 2024 2639 2078 si
2677 2022 3030 2092 negligantur,
3081 2017 3248 2085 ipsam
3281 2010 3434 2066 nobis
3465 2010 3484 2040 ί
3513 2008 3737 2062 animam
3779 2019 3806 2072 p

2296 2119 2516 2174 rimunt.
2563 2117 2815 2171 Attamen
2870 2112 2941 2166 ita
2988 2110 3186 2164 misere
3237 2102 3412 2159 affecti
3445 2113 3660 2163 sumus,
3690 2097 3801 2151 util

2299 2221 2462 2266 totam
2515 2224 2698 2265 curam
2746 2203 3152 2275 impendamus;
3206 2193 3508 2252 necessaria
3551 2205 3712 2254 vero,
3756 2203 3805 2257 qt

2301 2301 2455 2357 nobis
2479 2300 2665 2356 salutis
2686 2311 2845 2353 causa
2867 2301 3012 2359 sunt,
3059 2298 3119 2345 ttt
3153 2287 3353 2343 nullius
3395 2282 3549 2354 pretii
3575 2289 3806 2336 contenti

2304 2406 2442 2448 mus.

2375 2483 2428 2537 4.
2462 2481 2515 2537 Id
2547 2494 2674 2534 vero
2704 2493 2809 2534 non
2837 2475 2961 2532 sinit
2987 2471 3210 2545 gentiles
3247 2481 3482 2524 errorem
3521 2478 3670 2520 suum
3701 2463 3769 2517 ita
3799 2461 3806 2513 l

2307 2575 2410 2630 cile
2441 2573 2683 2629 irridere.
2716 2572 2849 2627 Cum
2873 2569 3016 2624 enim
3047 2565 3146 2636 ipsi
3173 2562 3450 2618 mendacio
3475 2559 3582 2614 nixi
3612 2557 3740 2612 nihil
3780 2572 3806 2608 n

2308 2672 2501 2736 agant,
2531 2673 2589 2718 ut
2616 2663 2920 2733 dogmatum
2953 2671 3169 2712 suorum
3201 2651 3576 2724 turpitudinem
3605 2648 3806 2716 ohtegar

2312 2771 2411 2812 nos
2431 2766 2606 2811 autem
2628 2753 2866 2809 veritatis
2891 2750 3121 2806 cultores
3147 2761 3215 2802 ne
3239 2759 3300 2800 os
3328 2742 3540 2813 quidem
3567 2740 3771 2811 aperire
3795 2754 3806 2784 η

2311 2849 2551 2918 leamus,
2581 2845 2849 2918 quomodo
2879 2858 2984 2898 non
3029 2839 3153 2896 inde
3189 2836 3454 2907 dogmatis
3483 2830 3798 2888 imliccillitat

2314 2949 2538 3010 arguant
2565 2946 2620 2992 et
2657 2934 2944 2991 damnent?
2983 2927 3250 3002 quomodo
3280 2941 3385 2980 non
3424 2922 3682 2980 fallaciam
3724 2931 3806 2973 stu

2318 3029 2548 3100 tiamque
2579 3039 2757 3083 nostra
2785 3041 2904 3083 esse
2932 3020 3307 3093 suspicentur?
3337 3015 3604 3088 quomodo
3645 3029 3748 3068 non
3779 3013 3806 3065 b

2317 3119 2677 3191 sphemabunt
2705 3117 2974 3173 Christum
3006 3123 3062 3168 ut
3091 3113 3306 3183 planum
3337 3118 3390 3163 et
3419 3107 3777 3175 deceptorem,

2320 3210 2609 3266 multorum
2649 3207 2872 3262 stultitia
2909 3205 2974 3258 ad
3014 3201 3253 3258 fraudem
3294 3213 3420 3253 usus
3446 3197 3551 3251 sit?
3591 3194 3806 3262 llujusm

2322 3316 2450 3356 vero
2479 3297 2827 3368 blasphemia:
2853 3311 2951 3351 nos
2976 3296 3025 3348 in
3053 3307 3211 3348 causa
3237 3303 3437 3353 sumus,
3463 3286 3550 3358 qui
3576 3284 3806 3340 noluerir

2322 3391 2737 3459 ediscendis'prn
2759 3387 2953 3442 tuenda
2971 3385 3228 3456 religione
3249 3378 3574 3451 argumentis
3593 3375 3804 3444 advigil.

2324 3484 2423 3541 sed
2463 3483 2546 3538 his
2578 3479 2900 3549 contemptis
2926 3478 3072 3532 velut
3113 3471 3395 3544 superﬂuis
3420 3511 3435 3535 ,
3483 3477 3692 3523 terrena
3732 3462 3806 3517 sol

2325 3589 2594 3632 curemus.
2626 3574 2690 3629 Et
2715 3571 2928 3644 quidem
2967 3559 3254 3631 saltatoris,
3285 3572 3377 3618 aut
3409 3560 3637 3630 aurigas,
3670 3565 3759 3611 aut
3790 3571 3806 3610 (

2327 3669 2456 3726 feris
2480 3667 2761 3740 pugnantis
2786 3678 2969 3719 amore
2994 3669 3180 3730 captus
3200 3656 3483 3728 quispiam,
3512 3651 3644 3706 nihil
3670 3664 3775 3703 non
3803 3667 3806 3700 l

2329 3772 2436 3829 vet,
2466 3761 2599 3817 nihil
2629 3775 2733 3814 non
2763 3758 2890 3828 agit,
2917 3765 2975 3811 ut
3006 3754 3060 3809 in
3090 3747 3468 3808 certaminibus
3497 3760 3603 3800 non
3632 3741 3806 3797 inferit

2330 3854 2594 3920 evadant;
2627 3852 2748 3907 illos
2771 3847 3057 3905 admodum
3088 3843 3323 3908 laudant,
3350 3851 3404 3896 et
3424 3838 3682 3893 adversus
3706 3834 3806 3886 vitu

2331 3957 2512 4005 rantes
2559 3945 2925 4002 defensionem
2991 3945 3212 4008 parant,
3269 3929 3714 3998 adversariosque
3777 3940 3806 3976 n

2332 4039 2588 4096 conviciis
2614 4042 2839 4091 onerant
2865 4051 2879 4088 :
2908 4045 3027 4087 cum
3053 4041 3181 4083 vero
3205 4025 3272 4081 de
3297 4021 3701 4080 Christianismo
3722 4031 3805 4084 prt‘

2333 4129 2546 4204 gnando
2572 4129 2767 4199 agitur,
2811 4136 2998 4180 omnes
3041 4127 3199 4189 caput
3239 4116 3526 4177 inclinant,
3575 4119 3806 4178 [OrpeSCI

2336 4224 2592 4286 oscilant,
2633 4234 2696 4275 ac
2728 4232 2847 4274 cum
2878 4216 2986 4270 risu
3015 4209 3220 4281 excepti
3257 4205 3530 4264 recedunt.
3558 4201 3770 4270 Quanta

2336 4312 2696 4386 indignatione
2726 4324 2830 4364 non
2856 4307 3014 4376 digna
3045 4301 3269 4366 fuerint,
3297 4312 3418 4353 cum
3443 4293 3689 4349 Christus
3717 4306 3746 4342 τι
3779 4304 3806 4341 v

2337 4381 2591 4461 saltatore
2623 4400 2841 4456 inferior
2866 4393 3126 4451 habetur?
3153 4384 3582 4462 quandoquidem
3607 4381 3678 4437 de
3717 4381 3806 4434 illa

2337 4499 2501 4570 gestis
2525 4493 2670 4550 mille
2696 4489 2890 4561 paratis
2913 4483 3268 4548 defensiones,
3293 4479 3411 4534 licet
3436 4475 3534 4546 ipsi
3556 4472 3804 4529 omnium

2340 4566 2541 4661 pissimi
2569 4585 2707 4649 sint;
2737 4581 2822 4637 ubi
2851 4587 3027 4635 autem
3054 4575 3124 4631 de
3150 4570 3347 4630 Christi
3375 4566 3668 4631 miraculis,
3703 4578 3806 4632 qua

2343 4651 2452 4736 tum
2492 4680 2824 4733 attraxerunt
2865 4670 3072 4734 orbem,
3117 4663 3308 4734 agitur,
3334 4674 3400 4716 ne
3440 4655 3681 4728 cogitare
3718 4651 3806 4721 qui

2341 4783 2434 4830 aut
2458 4784 2645 4827 curare
2674 4763 2944 4838 quidpiam
2974 4755 3248 4814 videmini.
3275 4751 3560 4810 Credimus
3601 4747 3656 4801 in
3697 4745 3806 4798 Palt

2341 4877 2396 4921 et
2435 4863 2627 4919 Filium
2670 4835 2723 4914 et
2767 4835 3020 4926 Spiritum
3063 4858 3302 4906 sanctum
3328 4885 3343 4912 ,
3383 4842 3435 4896 in
3478 4835 3806 4894 resurrectio

2343 4968 2650 5023 corporum,
2683 4949 2735 5003 in
2762 4947 2923 5001 vitam
2945 4952 3218 4998 aeternam.
3242 4937 3298 4992 Si
3321 4933 3437 5004 quis
3457 4945 3589 5001 ergo
3608 4927 3806 4984 Gra'cu

2346 5015 2725 5114 terrogaverit,
2773 5037 2902 5105 Quis
2939 5043 3019 5088 est
3059 5031 3144 5085 hic
3182 5025 3372 5082 Pater?
3409 5022 3531 5093 quis
3570 5015 3785 5073 Filius?

2345 5105 2574 5207 Spiritus
2602 5127 2855 5186 sanctus?
2893 5133 2949 5180 et
2984 5118 3254 5195 quomodo
3293 5128 3388 5169 vos
3411 5154 3427 5180 ,
3468 5111 3558 5181 qui
3613 5117 3725 5162 tres
3771 5105 3805 5157 d

2347 5229 2498 5292 deos,
2531 5239 2630 5280 nos
2657 5219 2920 5277 accusatis
2948 5213 3090 5286 qttod
3115 5212 3337 5267 deorum
3364 5199 3806 5270 multiplicitaten

2347 5314 2655 5374 mittamus?
2673 5311 2796 5383 quid
2817 5306 3038 5364 dicetis?
3063 5301 3189 5374 quid
3215 5292 3654 5368 respondebitis?
3675 5305 3806 5360 quot

2351 5411 2487 5465 hanc
2511 5380 2865 5477 objectionem
2897 5393 3209 5468 depelletis?
3236 5388 3371 5459 Quid
3401 5399 3527 5441 vero
3555 5383 3638 5449 si,
3680 5380 3806 5434 vobi

2351 5499 2624 5564 centihus,
2668 5498 2824 5551 aliam
2856 5496 3104 5546 moveant
3130 5481 3476 5556 quaeSIionem
3512 5493 3526 5530 :
3560 5475 3806 5542 Quarnau

2352 5591 2440 5645 illa
2486 5584 2838 5644 resurrectio?
2885 5594 3010 5635 num
3056 5577 3108 5632 in
3155 5575 3255 5630 hoc
3289 5583 3514 5639 corpore
3556 5575 3806 5630 resurget

2419 5747 2436 5777 ί
2473 5745 2577 5804 Atii,
2605 5741 2752 5792 vobis.
