4036 6208
419 205 510 264 NI
1469 196 1533 252 IN
1567 195 1883 253 «ΙΟᾹΝΝΕΜ
1925 193 1966 247 ll

2078 193 2164 250 IL.
2203 192 2375 254 XVII.
2413 198 2482 252 al.
2524 197 2660 254 XVI.

413 315 478 371 έν
502 313 690 380 ὕδατι,
725 312 820 369 καὶ
847 312 934 367 διὰ
963 311 1121 366 τοῦτο
1143 312 1388 383 πέμψας,
1414 311 1537 364 Ἵνα
1564 306 1876 380 φανερωθῇ
1907 305 1987 370 τῷ

423 397 684 466 Ἰσραὴλ,
720 394 882 460 αὐτὸς
923 396 1072 466 αύτῷ
1117 396 1210 449 καὶ
1240 400 1346 465 προ
1377 394 1479 462 τῆς
1520 392 1617 446 τοῦ
1669 389 1986 460 Πνεύματος

408 477 624 536 καθόδου
676 479 840 533 αὑτὸν
885 479 1224 548 ἀπεκάλυψε.
1263 478 1354 531 Διὸ
1381 476 1474 532 καὶ
1509 474 1699 547 πρὶνῆ
1738 488 1982 545 παραγε-

408 561 606 627 νέσθαι,
636 563 842 632 ἔλεγεν·
885 562 1100 614 Ὀπίσω
1119 577 1239 630 μου
1267 560 1524 628 ἔρχεται,
1554 557 1622 626 ὃς
1644 553 1987 626 ἔμπροσθέν

404 661 514 715 μου
563 644 831 715 τέτονεν·
877 645 952 698 οὗ
981 643 1162 696 τοίνυν
1198 641 1312 712 ᾔδει
1347 641 1510 695 αὐτὸν
1549 639 1656 710 πρὸ
1688 636 1780 691 τοῦ
1812 634 1986 688 ἐλθεῖν

409 730 492 782 ἐπὶ
527 729 621 782 τὸν
680 728 952 799 Ἰορδάνην
986 727 1079 780 καὶ
1115 726 1323 790 πάντας
1370 723 1678 795 βαπτίζειν,
1725 719 1842 774 ἀλλ’
1897 719 1986 772 ὅτε

405 811 590 878 ἔμελλε
629 810 1009 881 βαπτίζεσθαι,
1038 809 1160 862 τότε
1185 809 1348 862 αὑτὸν
1374 807 1544 876 έγνω·
1580 804 1862 860 καὶταῦτα
1889 801 1984 855 τοῦ

406 893 614 963 Πατρός
641 892 804 945 αὑτὸν
832 891 1289 961 ἀποκαλύψαντος
1326 890 1406 962 τῷ
1433 889 1718 960 Προφὴτῃ,
1755 887 1851 940 καὶ
1887 883 1982 938 τοῦ

407 977 714 1047 Ιίνεύματος
737 976 1010 1042 δείξαντος
1039 974 1436 1046 βαπτιζόμενον
1477 972 1772 1035 Ἰουδαίοις,
1790 971 1858 1024 δι’
1889 968 1984 1033 οῦς

404 1061 490 1114 καί
529 1062 562 1130 ἡ
611 1059 838 1123 κάθοδος
881 1058 978 1112 τοῦ
1009 1058 1328 1129 Πνεύματος
1349 1057 1592 1126 γέγονεν.
1641 1057 1756 1110 Ίνα
1803 1055 1913 1127 γὰρ
1947 1057 1981 1126 ἡ

417 1143 658 1196 Ἰωάννου
705 1141 784 1213 μὴ
819 1140 1212 1212 καταφρονηθῇ
1264 1140 1536 1210 μαρτυρία
1590 1139 1860 1208 λέγοντος,
1901 1139 1983 1191 ὅτι

402 1224 633 1295 Πρῶτός
674 1243 795 1295 μου
835 1221 930 1294 ἦν,
981 1225 1076 1278 καὶ
1108 1225 1192 1277 ὅτι
1231 1221 1318 1275 Ἐν
1370 1222 1644 1291 Πνεύματι
1699 1219 1982 1292 βαπτίζει,

402 1313 490 1363 καὶ
517 1311 602 1363 ὃτι
659 1311 854 1381 Κρινεῖ
880 1308 978 1379 τὴν
1008 1307 1356 1378 οἰκουμένην,
1387 1307 1480 1358 καὶ
1521 1307 1549 1358 ό
1577 1304 1767 1376 Πατὴρ
1801 1305 1983 1376 φωνὴν

401 1394 627 1466 ἀφίησιν
654 1391 1052 1462 ἀνακηρύττων
1071 1389 1160 1442 τὸν
1183 1388 1332 1450 Υίδν,
1355 1389 1445 1441 καὶ
1460 1387 1520 1440 τὸ
1536 1385 1762 1458 Πνεῦμα
1783 1388 1982 1451 ἔπεισι,

399 1479 494 1550 τὴν
520 1476 706 1546 φωνὴν
721 1475 881 1528 ’ἐλκον
894 1474 986 1528 ἐπὶ
997 1473 1094 1543 τὴν
1111 1472 1352 1542 κεφαλὴν
1368 1471 1460 1525 τοῦ
1477 1469 1736 1542 Χριστοῦ.
1767 1469 1985 1541 Ἐπειδὴ

399 1561 554 1632 γὰρὸ
585 1560 685 1630 μὲν
714 1556 1069 1620 ἐϐάπτιζεν,ὀ
1091 1556 1147 1609 δὲ
1182 1554 1526 1619 ἐϐαπτίζετο,
1547 1553 1635 1606 ἵνα
1665 1554 1737 1624 μή
1769 1570 1853 1616 τις
1872 1553 1978 1605 τῶν

399 1643 687 1715 παρόντων
715 1641 846 1711 περὶ
889 1640 1132 1693 Ἰωάννου
1161 1637 1354 1707 νομίσῃ
1391 1636 1645 1704 λέγεσθαι
1669 1636 1730 1688 τὸ
1751 1634 1980 1705 εἰρημέ-

403 1744 515 1790 νον,
550 1726 772 1797 έρχεται
811 1724 873 1777 τὸ
913 1723 1134 1794 Πνεῦμα
1177 1721 1560 1792 διορθούμενον
1593 1721 1690 1790 τὴν
1722 1719 1980 1790 τοιαύτην

401 1810 674 1864 ὑπόνοιαν.
706 1810 865 1860 Ὥστε
907 1806 1036 1860 ὅταν
1073 1804 1230 1876 λέγῃ,
1265 1807 1387 1858 Οὐκ
1426 1803 1599 1872 ἤδειν
1638 1804 1844 1866 αὑτὸν,
1887 1802 1978 1854 τὸν

397 1891 702 1963 ἔμπροσθεν
728 1889 876 1959 λέγει
905 1888 1114 1958 χρόνον,
1134 1888 1196 1940 οὑ
1233 1886 1325 1939 τὸν
1345 1886 1516 1954 ἐγγὺς
1553 1885 1646 1939 τοῦ
1663 1883 1976 1955 βαπτίσμα-

396 1991 508 2039 τος.
561 1975 714 2027 Ἐπεὶ
747 1973 863 2035 πῶς
892 1972 1056 2026 αὐτὸν
1099 1969 1304 2025 ἐκώλυε
1348 1969 1547 2038 λέγων,
1590 1968 1738 2038 Ἐγὼ
1770 1969 1979 2037 χρείαν

395 2059 511 2126 ἔχω
539 2055 660 2112 ὑπὸ
700 2054 820 2109 σοῦ
847 2051 1302 2121 ,ϐαπτισθῆναι;
1345 2052 1464 2116 πῶς
1509 2051 1567 2105 δὲ
1615 2051 1712 2106 καὶ
1754 2050 1979 2106 τοιαῦτα

398 2141 525 2210 περὶ
554 2138 716 2192 αὑτοῦ
742 2138 894 2206 ἔλεγε
916 2156 928 2204 ;
964 2137 1088 2199 Πῶς
1105 2133 1198 2190 οῦν
1225 2136 1323 2190 οὐκ
1349 2136 1676 2189 ἐπίστευσαν
1713 2134 1976 2198 Ἰουδαῖοι,

397 2223 602 2294 φησίν;
635 2223 758 2275 οὐδὲ
804 2221 914 2293 γὰρ
947 2221 1106 2291 μόνος
1149 2219 1404 2289 Ἰωάννης
1429 2213 1538 2272 εἶδε
1571 2218 1631 2271 τὸ
1665 2217 1888 2288 Πνεῦμα
1922 2220 1979 2270 ἐν

394 2305 526 2358 εῖδει
561 2305 910 2375 περιστερᾶς.
934 2303 1059 2356 Ὅτι
1084 2304 1134 2356 εί
1154 2303 1249 2355 καὶ
1273 2297 1432 2367 εἶδον,
1459 2299 1595 2354 ἀλλά
1611 2301 1680 2354 τά
1707 2300 1933 2354 τοιαῦτα
1953 2311 1976 2339 ι

393 2391 523 2459 οὐχ).
547 2388 656 2442 τῶν
686 2389 781 2440 τοῦ
811 2387 1062 2458 σώματος
1093 2385 1388 2457 ὀφθαλμῶν
1415 2386 1587 2438 δεῖται
1629 2385 1811 2455 μόνον,
1843 2383 1979 2437 ἀλλά

394 2471 507 2540 πρὸ
539 2469 746 2524 τούτων
777 2470 877 2541 τῆς
907 2470 1047 2524 κατά
1074 2470 1313 2524 διάνοιαν
1336 2469 1531 2538 ὅψεως,
1559 2466 1700 2522 ὥστε
1733 2467 1808 2538 μὴ
1842 2483 1970 2535 φαν-

391 2553 588 2607 τασίαν
617 2553 872 2624 περιττὴν
903 2552 964 2606 τὸ
996 2553 1228 2623 πρᾶγμα
1260 2552 1498 2620 νομίσαι.
1525 2552 1588 2604 Εἰ
1618 2549 1747 2620 γοῦν
1782 2550 1810 2590 δ
1845 2549 1976 2604 θαυο

393 2637 809 2708 ματουργοῦντα
855 2635 1105 2707 ὁρῶντες,
1141 2637 1234 2688 καὶ
1271 2636 1573 2706 ἀπτόμενον
1605 2638 1725 2698 ταῖς
1749 2635 1974 2698 οἰκείαις

389 2722 556 2794 χερσὶ
580 2720 689 2775 τῶν
711 2720 1084 2791 νενοσηκότων
1112 2721 1208 2775 καὶ
1239 2719 1347 2774 τῶν
1375 2720 1738 2792 τεθνηκότων,
1772 2721 1866 2773 καὶ
1890 2719 1977 2773 οῦ-

387 2819 495 2868 τως
541 2805 740 2868 αὐτοὺς
778 2803 918 2874 πρὸς
952 2802 1095 2876 ζωὴν
1119 2805 1464 2873 ἐπανάγοντα
1491 2803 1586 2858 καὶ
1619 2803 1827 2872 ὑγείαν,
1855 2820 1976 2856 τοσ-

384 2887 548 2942 οῦτον
598 2887 827 2959 ἐμέθυον
871 2889 976 2942 ύπὸ
1025 2889 1122 2958 τῆς
1170 2887 1504 2958 βασκανίας,
1559 2887 1699 2940 ὥστε
1757 2887 1974 2941 ἐναντία

384 2971 495 3034 τοῖς
532 2970 830 3042 ὁρωμένοις
879 2971 1314 3040 ἀποφαίνεσθαι·
1344 2969 1558 3033 πῶςοᾶν
1587 2969 1694 3022 ἀπὸ
1730 2969 1832 3039 τῆς
1860 2971 1977 3024 ἐπι-

387 3055 700 3125 φοιτήσεως
741 3054 838 3106 τοῦ
869 3053 1188 3122 Πνεύματος
1230 3053 1400 3122 μόνης
1438 3051 1851 3122 ἀπεκρούσαντο
1881 3052 1979 3122 τὴν

384 3138 683 3202 ἀπιστίαν;
725 3135 882 3200 Τινὲς
926 3137 983 3190 δέ
1033 3153 1200 3205 φασιν
1240 3135 1360 3187 οὐδὲ
1420 3135 1629 3197 πάντας
1660 3134 1858 3197 αὐτοὺς
1896 3151 1984 3187 τε-

384 3220 651 3286 θεᾶσθαι,
681 3221 797 3273 ἀλλ’
841 3220 875 3291 ἡ
908 3219 1070 3289 μόνον
1109 3218 1368 3286 Ἰωάννην
1395 3217 1490 3270 καὶ
1532 3218 1658 3279 τοὺς
1702 3217 1981 3288 εὐγνωμο-

385 3303 550 3358 νέστε
559 3302 1059 3374 ρονδιακειμένους.
1080 3302 1140 3354 Εἰ
1156 3301 1263 3372 γὰρ
1275 3299 1369 3354 καὶ
1391 3299 1668 3370 αἰσθητοῖς
1683 3299 1980 3371 ὀφθαλμοῖς

379 3386 626 3440 δυνατὸν
657 3381 726 3457 ἦν
761 3385 889 3438 ίδεῖν
936 3386 1012 3448 ὡς
1039 3385 1096 3436 ἐν
1137 3383 1266 3436 εῖδει
1304 3383 1632 3455 περιστερᾶς
1662 3382 1721 3434 τὸ
1754 3382 1979 3453 Πνεῦμα

385 3470 584 3523 κατιόν
614 3487 626 3499 ·
660 3468 778 3523 ἀλλ’
810 3468 960 3540 ὅμως
993 3467 1052 3521 ού
1097 3465 1184 3520 διά
1224 3465 1384 3519 τοῦτο
1427 3467 1574 3518 πᾶσα
1603 3465 1814 3537 ἀνάγκη
1843 3470 1975 3521 πᾶσι

381 3552 694 3624 κατάδηλον
725 3549 864 3605 εἶναι
899 3550 960 3604 τὸ
1003 3551 1257 3622 πρᾶγμα.
1291 3549 1400 3602 Καὶ
1429 3548 1539 3620 γὰρ
1577 3549 1672 3602 καὶ
1701 3551 1976 3622 Ζαχαρίας

383 3636 440 3688 ἐν
475 3633 731 3708 αἰσθητῷ
773 3633 903 3688 είδει
951 3632 1120 3686 πολλά
1165 3631 1458 3686 τεθέαται·
1507 3632 1602 3685 καὶ
1651 3632 1850 3706 Δανιὴλ
1882 3635 1974 3688 καὶ

395 3717 689 3791 Ἰεζεκιὴλ,
719 3718 814 3772 καὶ
843 3716 1100 3771 κοινωνὸν
1126 3716 1226 3786 τῆς
1258 3715 1386 3780 θέας
1428 3714 1618 3770 οὐδένα
1659 3715 1816 3787 ἔσχον
1836 3733 1850 3746 ·
1881 3717 1972 3770 καὶ

381 3801 633 3871 Μωῦσῆς
683 3800 740 3854 δὲ
769 3799 938 3854 πολλά
967 3794 1099 3863 οἶδε,
1140 3799 1235 3852 καὶ
1263 3793 1355 3852 οία
1389 3797 1500 3852 τῶν
1543 3797 1716 3853 ἀλλων
1759 3799 1969 3864 οὐδείς·

383 3885 618 3956 καὶτῆς
665 3881 1138 3956 μεταμορφώσεως
1180 3881 1237 3936 δέ
1279 3881 1382 3952 τῆς
1425 3881 1516 3935 ἐπὶ
1557 3880 1652 3934 τοῦ
1697 3881 1857 3952 ὅρους
1908 3882 1970 3935 ού

383 3967 591 4032 πάντες
615 3964 922 4037 ἠξιώθησαν
957 3975 980 4005 ε
1011 3966 1060 4018 οί
1110 3962 1377 4036 μαθηταί·
1410 3963 1525 4017 ἀλλ’
1562 3963 1683 4017 οὐδὲ
1710 3965 1809 4035 τῆς
1831 3965 1971 4018 κατά

382 4051 475 4124 τὴν
498 4049 804 4105 ἀνάστασιν
819 4049 994 4119 ὂψεως
1011 4047 1378 4118 ἐκοινώνησαν
1407 4046 1645 4111 ἆπαντες
1667 4063 1681 4078 ·
1704 4046 1972 4102 καὶτοῦτο

259 4161 263 4164 -
379 4133 530 4205 δηλοῖ
555 4133 748 4202 σαφῶς
776 4133 804 4186 ό
829 4133 1045 4195 Λουκᾶς
1077 4129 1276 4184 εἰπών·
1307 4131 1392 4183 ὅτι
1412 4128 1611 4193 ἔδειξεν
1640 4130 1832 4184 ἑαυτὸν
1859 4133 1972 4196 τοῖς

381 4217 665 4286 Μάρτυσι
683 4214 806 4282 τοῖς
825 4211 1528 4283 προκεχειροτονημένοις
1541 4211 1660 4266 ὑπὸ
1679 4213 1784 4267 τοῦ
1801 4213 1968 4269 Θεοῦ.

383 4300 562 4372 Κάγὼ
581 4299 809 4366 ἑώρακα
827 4297 928 4352 καί
941 4297 1390 4367 μεμαρτύρηκα,
1425 4295 1512 4348 ὅτι
1541 4289 1722 4362 οὗτός
1739 4295 1911 4350 ἐστιν
1938 4299 1972 4350 ὀ

383 4381 537 4459 μοι]
586 4383 718 4450 Υἱὸς
749 4383 856 4436 τοῦ
879 4381 1182 4459 ΘεοῦηΚα)Ϊ
1214 4378 1318 4459 ποῦ
1347 4377 1752 4459 ἐμαρτύρησεν,
1783 4380 1868 4434 ὅτι
1890 4374 1972 4435 οῦ-

385 4464 467 4527 τός
497 4457 658 4518 ἐστιν
686 4464 714 4515 ό
753 4460 882 4524 Υἱὸς
923 4459 1017 4514 τοῦ
1046 4457 1222 4523 Θεοῦ;
1267 4457 1465 4529 ’Δμνὸν
1512 4457 1612 4528 μὲν
1659 4457 1766 4530 γάρ
1809 4459 1970 4513 αὐτὸν

386 4548 643 4609 ἐκάλεσε,
676 4547 770 4600 καὶ
790 4546 873 4599 δτι
894 4543 1171 4614 Πνεύματι
1203 4541 1484 4613 βαπτίζειν
1505 4541 1750 4612 ἔμελλεν,
1783 4539 1964 4597 εἶπεν·

386 4630 512 4685 Υἰδν
549 4630 610 4685 δέ
635 4628 772 4683 Θεοῦ
801 4625 1060 4698 οὐδαμοῦ.
1099 4625 1292 4680 Καίτοι
1321 4641 1384 4693 γε
1418 4625 1558 4695 μετά
1591 4625 1652 4678 τὸ
1687 4625 1970 4696 βάπτισμα

384 4713 536 4768 οὐδὲν
575 4711 736 4766 αὐτὸν
769 4709 1180 4782 ἀναγράφουσιν
1203 4707 1464 4779 εἰρηκότα
1485 4710 1534 4761 οἰ
1568 4705 1715 4761 ἄλλοι
1741 4710 1971 4778 εὐαγγε-

383 4793 592 4858 λισταὶ,
625 4793 764 4851 ἀλλά
799 4795 868 4848 τά
899 4792 1105 4866 μεταξὺ
1153 4792 1550 4861 σιωπήσαντες,
1586 4791 1653 4845 τὰ
1697 4793 1835 4863 μετά
1870 4795 1968 4864 τὴν

385 4877 654 4950 σύλληψιν
707 4877 952 4932 Ἰωάννου
991 4874 1262 4945 γενόμενα
1301 4873 1394 4928 τοῦ
1440 4873 1674 4947 Χριστοῦ
1715 4874 1967 4947 θαύματα

383 4960 662 5029 λέγουσιν.
710 4959 826 5029 Ἀφ’
855 4952 931 5012 ῶν
963 4957 1319 5030 στοχάζεσθαι
1359 4955 1526 5022 εἰκὸς,
1557 4958 1640 5012 ὄτι
1674 4961 1768 5012 καὶ
1798 4958 1968 5012 ταῦτα

385 5047 478 5097 καὶ
509 5043 697 5114 πολλῷ
728 5043 894 5114 ἔτερα
935 5041 1155 5096 πλείονα
1189 5039 1647 5113 παραλέλειπται·
1682 5043 1778 5096 καὶ
1808 5041 1966 5096 τοῦτο

384 5127 548 5192 αὐτὸς
575 5119 729 5192 οὗτος
756 5129 784 5182 ό
811 5124 1205 5197 εὐαγγελιστὴς
1248 5125 1382 5198 πρὸς
1421 5124 1498 5195 τῷ
1526 5125 1668 5179 τέλει
1709 5127 1805 5195 τῆς
1837 5141 1966 5194 συγ-

384 5211 608 5283 γραφῆς
636 5210 898 5282 ἐδήλωσε.
927 5208 1192 5263 Τοσοῦτον
1228 5207 1339 5280 γάρ
1370 5208 1609 5278 ἀπέσχον
1637 5207 1731 5261 τοῦ
1762 5207 1965 5264 πλάσαι

382 5311 435 5346 τι
471 5295 616 5365 μέγα
642 5297 770 5367 περὶ
789 5291 978 5356 αὐτοῦ,
1015 5293 1098 5346 ὅτι
1128 5290 1197 5344 τὰ
1223 5291 1322 5362 μὲν
1347 5289 1605 5345 δοκοῦντα
1629 5291 1966 5345 ἐπονείδιστα

383 5371 528 5431 εἶναι
557 5377 757 5440 πάντες
792 5374 1130 5449 όμοφώνωςει
1166 5376 1257 5429 καὶ
1288 5374 1425 5446 μετά
1446 5373 1732 5447 ἀκριϐείας
1764 5374 1966 5444 ἔθηκαν

381 5460 626 5533 ἀπάσης.
653 5463 750 5516 καὶ
766 5462 868 5515 οὐκ
893 5460 961 5516 ἂν
983 5459 1164 5531 εὖροις
1175 5459 1364 5513 οὐδένα
1381 5458 1560 5512 αὐτῶν
1591 5457 1968 5529 παραλιπόντα

381 5544 540 5598 οὖδὲν
565 5545 673 5599 τῶν
699 5543 972 5600 τοιούτων·
1011 5543 1122 5598 τῶν
1151 5541 1210 5596 δέ
1235 5541 1530 5613 θαυμάτων
1557 5541 1626 5594 τά
1661 5543 1759 5612 μὲν
1789 5542 1966 5605 ἀλλοις

437 5701 800 5774 Ὠυίάεπιξξι
820 5699 1122 5774 τδετραξςαε
1174 5701 1216 5774 ,ιε
1249 5701 1306 5751 ει
1337 5699 1427 5774 γᾴρ
1463 5697 1615 5774 ami-
1643 5698 1829 5774 ωερε

360 5767 407 5809 οί
562 5767 665 5814 00d.
694 5764 805 5817 706.
873 5767 894 5796 ε
922 5765 1070 5814 Sam.
1095 5759 1664 5822 ἀπήλαυον(ἆπήλαυσαν
1689 5761 1826 5812 codd.
1854 5759 1964 5823 705,

357 5823 496 5885 ῖο6).
547 5826 716 5876 Morel.
743 5827 1023 5884 ἠξιώθησαν,
1091 5823 1116 5864 ἀ
1141 5823 1238 5878 Alii
1267 5823 1552 5886 ὁμοφρόνως.

3562 207 3667 267 II!

2093 306 2281 361 εἴασαν
2315 325 2355 392 ᾖ,
2394 310 2462 364 τά
2485 311 2541 364 δὲ
2581 312 2781 375 πάντες
2809 312 3225 387 ἀπεσιώπησαν.
3256 313 3438 369 Ταῦτα
3474 315 3535 372 δέ
3573 337 3664 392 μοι

2089 392 2186 461 οὐχ
2235 391 2422 456 ἁπλῶς
2461 395 2696 466 εἴρηται,
2744 395 2880 450 ἀλλὰ
2921 396 3058 467 πρὸς
3086 396 3184 468 τὴν
3237 399 3346 452 τῶν
3399 397 3668 471 Ἑλλήνων

2093 477 2498 546 ἀναισχυντίαν.
2548 477 2755 532 Ἱκανὸν
2786 477 2894 549 γὰρ
2924 480 3082 533 τοῦτο
3097 479 3191 534 τοῦ
3221 481 3546 553 φιλαλήθους
3566 485 3668 538 αύ-

2089 558 2197 610 τῶν
2225 558 2426 630 τρόπου
2454 559 2672 632 δεῖγμα,
2696 562 2790 614 καὶ
2811 561 2904 614 τοῦ
2931 563 3099 632 μηδὲν
3119 563 3254 635 πρὸς
3283 567 3441 634 χάριν
3466 565 3662 634 λέγειν.

2086 639 2196 693 Καὶ
2214 640 2510 712 δυνήσεσθε
2537 646 2629 697 καὶ
2661 644 2832 716 ταύτῃ
2859 644 2998 715 μετὰ
3025 645 3132 700 τῶν
3153 647 3329 702 ἀλλων
3351 647 3663 714 ὁπλίζεσθαι

2085 729 2152 798 τῇ
2169 727 2276 780 τῶν
2289 728 2461 797 λόγων
2477 729 2727 784 ὑποθέσει
2745 731 2880 801 πρὸς
2901 731 3120 794 αύτούς.
3154 733 3315 787 Ἃ).λά
3331 735 3626 805 προσέχετε
3647 751 3661 765 ·

2085 811 2180 864 καὶ
2205 810 2318 882 γάρ
2342 812 2542 867 ἄτοπον
2569 813 2662 866 τὸν
2693 814 2792 884 μὲν
2815 812 2996 885 ἰατρὸν
3033 814 3172 883 μετά
3209 815 3492 886 ἀκριδείας
3523 816 3663 886 ὑπὲρ

2084 893 2183 963 τῆς
2211 893 2409 964 τέχνης
2442 895 2804 964 ἀγωνίζεσθαι
2830 897 2928 966 τῆς
2954 897 3140 960 αὑτοῦ,
3167 898 3260 952 καὶ
3283 898 3374 952 τὸν
3407 900 3662 952 σκυτοτό-

2088 992 2208 1044 μον,
2244 979 2340 1032 καὶ
2365 978 2455 1032 τὸν
2484 979 2746 1049 ὑφάντην,
2773 981 2864 1034 καὶ
2893 980 3100 1044 πάντας
3129 981 3314 1044 ἁπλῶς
3339 982 3466 1046 τοὺς
3487 982 3666 1052 τεχνί-
3767 1027 3770 1032 .

2083 1073 2183 1122 τας
2204 1073 2216 1086 ·
2247 1060 2339 1112 τὸν
2367 1059 2423 1113 δὲ
2449 1061 2773 1130 Χριστιανὸν
2799 1059 2936 1116 εἶναι
2961 1063 3258 1132 φάσκοντα,
3299 1063 3374 1134 μὴ
3405 1063 3663 1118 δύνασθαι

2084 1143 2245 1212 λόγον
2273 1143 2412 1216 ὑπὲρ
2453 1147 2548 1214 τῆς
2586 1146 2793 1209 οἰκείας
2835 1150 3137 1218 παρασχεῖν
3184 1147 3440 1212 πίστεως.
3474 1148 3664 1202 Καίτοι

2084 1227 2270 1279 ἐκεῖνα
2321 1227 2420 1296 μὲν
2474 1229 2844 1298 παροφθέντα,
2881 1231 2960 1290 εἰς
3002 1230 3262 1301 χρήματα
3311 1229 3410 1301 τὴν
3463 1228 3666 1300 ζημίαν

2084 1309 2285 1381 ἡνεγκε
2307 1325 2320 1338 ·
2358 1309 2531 1364 ταῦτα
2557 1310 2612 1363 δὲ
2637 1310 3002 1382 ἀμελούμενα,
3027 1311 3196 1383 αὐτὴν
3217 1314 3351 1382 ἡμῖν
3379 1311 3398 1352 ί
3428 1312 3668 1381 διαφθεί-

2089 1409 2171 1464 ρει
2201 1393 2301 1461 τὴν
2326 1392 2526 1463 ψυχὴν.
2563 1392 2704 1445 Ἀλλ’
2733 1395 2881 1464 ὅμως
2905 1393 3080 1458 οὕτως
3101 1394 3301 1459 ἀθλίως
3325 1395 3668 1465 διακείμεθα.

2085 1476 2160 1538 ὡς
2191 1475 2422 1538 ἐκείνοις
2453 1475 2551 1544 μὲν
2583 1475 2803 1529 ἅπασαν
2837 1476 3135 1548 ἀπονέμειν
3171 1477 3411 1550 σπουδήν
3433 1494 3447 1509 ·
3470 1477 3580 1532 τῶν
3611 1478 3668 1530 δέ

2083 1557 2413 1624 ἀναγκαίων,
2451 1558 2544 1609 καὶ
2584 1556 2619 1610 ἀ
2650 1557 2922 1626 σωτηρίας
2948 1559 3204 1622 ὑπόθεσις
3247 1559 3348 1630 τῆς
3383 1561 3662 1632 ἡμετέρας

2083 1640 2220 1701 ἐστὶ,
2256 1639 2460 1692 τούτων
2490 1638 2565 1702 ὡς
2593 1638 2805 1704 οὐδενὸς
2838 1640 3002 1706 ἀξίων
3045 1645 3426 1713 καταφρονεῖν.

2138 1722 2197 1776 δ’.
2207 1721 2377 1776 Τοῦτο
2391 1723 2494 1776 οὐκ
2508 1722 2700 1793 ἀφίησι
2715 1723 3114 1794 τοὺςἝλληνας
3125 1725 3440 1795 τῆςοίκείας
3455 1726 3666 1798 ταχέως

2077 1803 2454 1874 καταγελάσαι
2481 1804 2708 1876 πλάνης.
2733 1806 2899 1860 Ὅταν
2933 1807 3042 1878 γὰρ
3068 1807 3221 1861 αὐτοὶ
3257 1808 3354 1878 μέν
3381 1808 3460 1878 τῷ
3479 1808 3665 1878 ψεύδει

2079 1887 2486 1958 συνιστάμενοι,
2515 1887 2692 1941 πάντα
2723 1887 3038 1959 πράττωσιν
3064 1889 3204 1943 ὥστε
3232 1891 3526 1944 συσκιάσαι
3560 1891 3666 1945 τῶν

2077 1969 2364 2040 δογμάτων
2409 1970 2510 2040 τὴν
2561 1969 2848 2042 αἰσχύνην,
2897 1973 3059 2042 ἡμεῖς
3097 1971 3152 2026 δὲ
3184 1974 3233 2026 οἱ
3277 1974 3375 2046 τῆς
3407 1972 3667 2044 ἀληθείας

2079 2053 2417 2125 θεραπευταὶ
2453 2053 2587 2123 μηδέ
2612 2053 2796 2124 διᾶραι
2824 2053 2884 2106 τὸ
2921 2055 3094 2125 στόμα
3116 2054 3425 2128 δυνώμεθα,
3462 2057 3579 2121 πῶς
3604 2056 3664 2110 ού

2081 2138 2284 2206 πολλὴν
2308 2135 2406 2190 τοῦ
2441 2137 2711 2208 δόγματος
2736 2137 3179 2206 καταγνώσονται
3213 2140 3312 2212 τὴν
3345 2141 3664 2204 ἀσθένειανς

2080 2220 2199 2284 πῶς
2217 2221 2315 2274 οὐκ
2337 2220 2553 2290 ἀπάτην
2577 2221 2670 2274 καὶ
2699 2221 2912 2291 μωρίαν
2933 2221 3002 2274 τὰ
3030 2223 3273 2296 ἡμέτερα
3297 2225 3665 2278 ὑποπτεύσου-

2082 2319 2164 2367 σι;
2191 2302 2305 2364 πῶς
2325 2303 2382 2354 οὐ
2408 2301 2864 2372 βλασφημὴσουσι
2881 2303 2974 2356 τὸν
2996 2304 3228 2374 Χριστὸν
3247 2305 3322 2368 ώς
3343 2306 3543 2378 εἴρωνα
3571 2310 3663 2359 καὶ

2078 2385 2395 2446 ἀπατεῶνα,
2427 2385 2520 2438 καὶ
2547 2387 2612 2456 τῇ
2662 2385 2771 2438 τῶν
2800 2385 3009 2440 πολλῶν
3051 2388 3206 2460 ἀνοία
3243 2389 3379 2458 πρὸς
3406 2389 3502 2461 τὴν
3528 2388 3666 2443 ἀπά-

2075 2486 2174 2542 την
2195 2469 2682 2540 ἀποχρησάμενονς
2716 2469 2931 2542 Ταύτης
2956 2471 3013 2524 δέ
3041 2473 3204 2542 ἡμεῖς
3228 2473 3388 2527 αἴτιοι
3411 2473 3510 2542 τῆς
3543 2473 3665 2544 βλα-

2077 2571 2182 2625 σφη
2191 2553 2339 2624 μίας,
2362 2555 2462 2606 οὐκ
2491 2553 2765 2616 ἐθέλοντες
2795 2555 3095 2626 ἀγρυπνεῖν
3118 2555 3177 2607 ἐν
3207 2558 3320 2618 τοῖς
3346 2555 3486 2626 ὑπὲρ
3509 2557 3665 2608 εύσεα

2075 2635 2228 2701 δείας
2258 2638 2456 2706 λόγοις,
2485 2637 2620 2690 ἀλλά
2651 2637 2907 2709 πάρεργα
2937 2635 3211 2708 τιθέμενοι
3247 2637 3442 2700 ταῦτα,
3477 2639 3566 2691 καὶ
3595 2639 3662 2692 τά

2074 2720 2170 2791 τῆς
2194 2720 2296 2790 γῆς
2323 2720 2711 2792 μεριμνῶντες.
2740 2721 2851 2774 Καὶ
2878 2719 3146 2792 ὀρχηστοῦ
3173 2720 3274 2791 μέν
3297 2737 3383 2784 τις
3403 2719 3545 2790 ἐρῶν
3567 2723 3662 2775 καὶ

2073 2803 2287 2874 ἡνιόχου
2318 2803 2414 2856 καὶ
2440 2802 2536 2856 τοῦ
2571 2805 2682 2866 τοῖς
2709 2803 2916 2874 θηρίοις
2952 2803 3334 2866 πυκτεύοντος,
3369 2805 3547 2857 πάντα
3576 2821 3661 2857 κι-

2073 2889 2155 2939 νεῖ
2176 2889 2268 2940 καὶ
2289 2885 2756 2958 πραγματεύεται,
2784 2887 2925 2940 ὥστε
2952 2889 3010 2940 ἐν
3035 2890 3150 2950 τοῖς
3173 2885 3351 2956 ἀγῶσι
3377 2890 3490 2951 τοῖς
3517 2888 3659 2958 ύπέρ

2076 2969 2240 3022 αὐτοῦ
2269 2969 2344 3040 μὴ
2380 2970 2603 3022 ἔλαττον
2627 2968 2764 3038 έχων
2805 2968 3090 3022 ἀπελθεῖν·
3127 2972 3221 3022 καὶ
3256 2971 3500 3042 μακροὺς
3535 2987 3660 3023 συν-

2079 3052 2314 3122 είρουσιν
2357 3051 2631 3113 ἐπαίνους,
2677 3051 2810 3120 πρὸς
2838 3050 2964 3112 τοῦς
3004 3050 3442 3121 κατηγοροῦντας
3483 3052 3661 3105 αὐτῶν

2083 3133 2376 3202 ἀπολογίαν
2406 3130 2764 3194 συντιθέντες,
2786 3132 2880 3184 καὶ
2916 3131 3129 3202 μυρίοις
3165 3131 3447 3201 βάλλοντες
3479 3134 3664 3205 σκώμ-

2085 3231 2218 3288 μασι
2263 3216 2388 3277 τοῦς
2430 3213 2910 3285 ἐναντιουμένους·
2948 3214 3088 3286 ὑπὲρ
3133 3213 3191 3267 δέ
3237 3215 3661 3287 Χριστιανισμοῦ

2082 3299 2454 3370 προκειμένων
2470 3299 2496 3338 ε
2517 3297 2710 3366 λόγων,
2733 3297 2935 3360 πάντες
2954 3296 3104 3350 κάτω
3123 3297 3358 3360 νεύουσι,
3387 3297 3478 3352 καὶ
3504 3300 3663 3355 κνῶν-

2077 3400 2196 3447 ται,
2240 3382 2332 3434 καὶ
2375 3379 2722 3451 χασμῶνται,
2767 3379 2862 3433 καὶ
2906 3379 3408 3448 καταγελασθέντες
3451 3383 3662 3452 ἀναχω-

2078 3465 2254 3539 ροῦσι.
2285 3459 2432 3537 [102]
2467 3463 2578 3518 Καὶ
2607 3462 2723 3528 πῶς
2750 3464 2850 3517 οὐκ
2879 3460 3005 3528 ἀξια
3032 3463 3204 3518 ταῦτα
3236 3465 3436 3536 μυρίας
3466 3465 3656 3538 ὀργῆς,

2077 3551 2204 3602 ὅταν
2231 3549 2260 3601 ὁ
2295 3546 2528 3620 Χριστὸς
2556 3546 2877 3617 ἀτιμότερος
2910 3545 3180 3617 ὀρχηστοῦ
3229 3547 3488 3620 φαίνηται
3525 3551 3656 3620 παρ’

2075 3632 2233 3702 ύμῖν;
2258 3630 2312 3683 εἰ
2337 3646 2398 3699 γε
2433 3628 2574 3702 ὑπὲρ
2600 3629 2697 3698 μὲν
2721 3628 2829 3682 τῶν
2857 3627 3084 3692 ἐκείνοις
3113 3631 3520 3702 πεπραγμένων
3557 3648 3657 3701 μυ-

2075 3714 2196 3786 ρίας
2223 3711 2518 3782 ἀπολογίας
2561 3711 2993 3783 μεμελετήκατε,
3023 3711 3201 3766 καίτοι
3228 3729 3292 3781 γε
3323 3715 3544 3768 πάντων
3571 3717 3657 3768 αἰο

2075 3797 2376 3869 σχροτέρων
2407 3796 2602 3850 όντων·
2636 3795 2776 3866 ὑπὲρ
2805 3794 2860 3846 δὲ
2897 3793 3008 3847 τῶν
3032 3794 3126 3848 τοῦ
3168 3795 3405 3866 Χριστοῦ
3437 3797 3655 3868 θαυμά-

2072 3896 2199 3945 των,
2232 3879 2410 3933 καίτοι
2439 3894 2502 3946 γε
2529 3877 2625 3948 τὴν
2658 3877 2986 3948 οἰκουμένην
3018 3879 3502 3949 ἐπισπασαμένων,
3532 3880 3654 3934 οὐδὲ

2073 3962 2322 4035 ἐννοῆσαί
2347 3979 2401 4014 τι
2422 3961 2518 4014 καὶ
2551 3960 2881 4031 μεριμνῆσαι
2905 3957 3183 4030 ἀνέχεσθε.
3217 3961 3554 4032 Πιστεύομεν
3574 3964 3657 4026 εἰς

2072 4047 2291 4118 Πατέρα
2334 4045 2429 4098 καὶ
2459 4044 2584 4098 Υίδν
2625 4043 2718 4097 καὶ
2757 4041 3194 4113 ἀγιονΠνεῦμα·
3235 4044 3314 4108 είς
3359 4045 3654 4098 ἀνάστασιν

2075 4129 2366 4200 σωμάτων,
2396 4128 2476 4191 εἰς
2507 4126 2652 4195 ζωὴν
2697 4124 2934 4180 αίώνιον.
2965 4126 3062 4178 "Av
3107 4125 3288 4178 τοίνυν
3331 4125 3526 4196 ἔρηταί
3569 4143 3653 4188 τις

2085 4211 2383 4282 Ἑλλήνων·
2427 4210 2525 4273 Τίς
2565 4209 2698 4262 ποτέ
2733 4209 2881 4262 ἐστιν
2922 4201 3076 4270 οὗτος
3101 4209 3131 4260 ό
3162 4208 3387 4279 Πατὴρ;
3418 4207 3502 4272 τίς
3541 4207 3596 4260 δὲ
3625 4213 3654 4261 ὁ

2073 4293 2232 4360 Υἱόςς
2271 4292 2354 4357 τίς
2387 4292 2444 4346 δὲ
2485 4292 2547 4346 τὸ
2587 4291 2812 4360 Πνεῦμα
2834 4289 2896 4342 τὸ
2931 4289 3114 4356 ἀγιονς
3146 4289 3178 4361 ἡ
3213 4288 3328 4352 πῶς
3357 4290 3453 4343 καὶ
3495 4291 3654 4361 ὑμεῖς

2073 4380 2222 4451 τρεῖς
2267 4376 2515 4445 λέγοντες
2568 4373 2758 4436 θεοὺς,
2806 4372 2938 4443 ἡμῖν
2987 4371 3208 4437 ἐγκαλεῖ
3244 4371 3565 4440 πολυθεῐαν;
3599 4376 3652 4427 τί

2073 4462 2278 4533 ἐρεῖτες
2307 4459 2360 4512 τί
2389 4457 2446 4513 δέ
2491 4455 2901 4528 ἀποκρινεῖσθε;
2947 4453 3066 4518 πῶς
3113 4454 3514 4527 ἀποκρούσεσθε
3551 4458 3652 4528 τὴν

2072 4543 2380 4617 προσϐολὴν
2417 4541 2528 4595 τῶν
2568 4539 2740 4609 λόγων
2782 4538 3020 4604 τούτων;
3052 4537 3118 4592 Τί
3154 4537 3232 4604 δὲ,
3273 4536 3340 4592 ἂν
3379 4538 3654 4607 σιγώντων

2073 4630 2226 4701 ὑμῶν
2255 4627 2414 4682 πάλιν
2443 4625 2710 4697 ἐπενέγκῃ
2746 4623 2805 4678 τὸ
2831 4623 3018 4693 ἕτερον
3053 4622 3298 4694 ζήτημα.
3325 4620 3390 4678 Τί
3415 4621 3473 4676 δέ
3504 4623 3652 4676 ἐστιν

2042 4714 2205 4785 δὸλως
2237 4712 2553 4775 ἀνάστασις,
2581 4706 2831 4779 ἐρωτῶν;
2865 4701 2974 4785 ἆρα
3015 4703 3125 4776 γὰρ
3146 4705 3206 4760 ἐν
3233 4704 3408 4777 τούτῳ
3435 4703 3512 4776 τῷ
3549 4705 3652 4760 σώ-

2027 4783 2055 4817 ί
2073 4813 2199 4867 ματι
2228 4795 2389 4850 πάλιν
2413 4789 2860 4862 ἀναστησόμεθας
2885 4783 2994 4859 ἆρα
3013 4788 3071 4840 ἐν
3089 4788 3262 4858 ἑτέρῳ
3288 4788 3437 4861 παρὰ
3459 4788 3644 4854 τοῦτο;

2069 4881 2163 4934 καὶ
2186 4881 2235 4933 εἰ
2263 4881 2320 4933 ὲν
2339 4877 2533 4948 τούτῳ,
2557 4875 2642 4936 τίς
2670 4871 2827 4946 χρεία
2853 4870 2988 4925 αὐτὸ
3013 4871 3405 4943 καταλυθῆναις
3432 4872 3484 4926 τί
3514 4874 3647 4945 πρὸς

2067 4963 2474 5034 ταῦτα.ἐρεῖτε;
2523 4959 2589 5013 Τί
2625 4959 2704 5024 δέ,
2745 4957 2812 5012 ἀν
2840 4955 3008 5029 λέγῃ·
3038 4955 3188 5010 Διατί
3220 4955 3334 5024 νῦν,
3367 4957 3460 5011 καὶ
3491 4957 3566 5030 μὴ
3593 4957 3651 5009 ἐν

2067 5055 2178 5115 τοῖς
2223 5047 2531 5120 ἔμπροσθεν
2577 5045 2911 5118 παρεγένετο
2958 5042 3168 5115 χρόνοις
3192 5045 3223 5098 ό
3253 5043 3527 5115 Χριστόςς
3556 5043 3650 5125 νῦν

2067 5137 2176 5208 γὰρ
2205 5135 2380 5201 ἔδοξεν
2411 5131 2560 5204 αὐτῷ
2605 5129 2903 5201 προνοῆσαι
2950 5127 3060 5181 τῶν
3104 5126 3431 5198 ἀνθρώπων,
3473 5125 3564 5179 τὸν
3590 5125 3650 5208 ,δὲ

2067 5207 2225 5275 ἄλλον
2265 5217 2480 5272 ἃπαντα
2507 5217 2699 5287 χρόνον
2730 5212 2890 5283 ἡμῶν
2925 5212 3279 5281 κατεφρόνεις
3309 5208 3343 5279 ἢ
3390 5209 3484 5262 καὶ
3518 5207 3651 5262 ἀλλα

2068 5304 2147 5358 ἔτι
2178 5303 2242 5357 ἂν
2274 5301 2409 5372 πρὸς
2430 5297 2458 5338 δ
2491 5299 2700 5360 τούτοις
2739 5295 2941 5350 τούτων
2969 5293 3186 5348 πλείονα
3224 5289 3486 5365 ἐξετάζῃς
3518 5291 3649 5344 Οὐδὲ

2067 5391 2176 5460 γάρ
2207 5387 2501 5453 ἀναγκαῖον
2534 5381 2703 5436 πολλά
2727 5380 2922 5450 ἐφεξῆς
2950 5378 3240 5460 ζητήματα
3259 5375 3527 5460 τιθέντας,
3552 5375 3652 5460 τὰς

2067 5455 2250 5532 λύσεις
2282 5465 2572 5536 ἀποσιγᾷν,
2598 5463 2736 5517 ὥστε
2785 5461 2860 5533 μὴ
2898 5462 3023 5524 τοὺς
3049 5459 3438 5530 ἀφελεστέρους
3479 5455 3654 5528 ταύτῃ

2069 5549 2443 5625 παραϐλάψαι.
2481 5548 2664 5617 ’Δρκεῖ
2712 5545 2820 5618 γὰρ
2864 5543 2960 5598 καὶ
3001 5541 3069 5595 τὰ
3112 5541 3376 5613 είρημένα
3409 5536 3546 5610 πρὸς
3592 5539 3652 5592 τὸ

2128 5699 2148 5720 ⁸
2169 5693 2250 5746 Sic
2267 5691 2416 5742 Savil.
2438 5688 2609 5740 Morel.
2645 5686 2812 5751 1619.5!
2833 5677 3054 5751 ἀλλήλοις
3076 5683 3438 5751 παρεχώρησαν.
3459 5741 3474 5751 _
3508 5676 3530 5716 ί
3556 5681 3651 5732 Alii

2068 5741 2314 5824 691-120”?
2342 5753 2517 5824 ἡμῖν...
2543 5752 2667 5824 {fde
2698 5741 2806 5824 δέν.
2837 5741 3284 5824 οὶιῇρέυξίιτιίρήἱέεἶ
3324 5741 3495 5792 Morel.
3533 5758 3652 5802 προ-

2072 5813 2388 5880 τεινομένων(
2432 5815 2458 5854 h
2483 5813 2686 5875 Quidam
2729 5813 2758 5868 ἢ
2800 5813 3034 5868 καίῐτιρα
3062 5813 3190 5868 πρὸς.
