4012 6198
406 435 536 474 num
565 419 620 473 in
649 415 799 471 alio?
831 415 878 470 si
910 414 963 468 in
991 412 1093 467 hoc
1112 452 1128 478 ,
1158 425 1278 482 quae
1307 410 1601 466 necessitas
1645 417 1704 464 ut
1740 407 2001 464 dissolva-

406 512 534 567 tur?
552 509 681 582 quid
707 509 774 564 ad
801 509 916 564 haec
943 505 1376 577 respondebitis?
1401 503 1530 574 quid
1560 518 1686 558 vero
1709 503 1755 557 si
1785 502 1887 557 hoc
1908 501 2005 557 ob-

395 602 554 672 jiciat
586 619 600 655 :
635 601 744 656 Cur
772 615 879 654 non
909 597 1170 668 superiori
1212 604 1452 664 tempore
1476 593 1696 649 advenit
1719 592 2002 648 Christus?

407 709 473 749 an
503 709 646 748 nunc
673 693 910 748 humano
931 690 1114 762 generi
1147 688 1425 760 providere
1447 687 1621 742 visum
1648 686 1720 741 illi
1747 693 1849 751 est,
1873 695 1926 741 et
1947 686 1999 740 in

404 787 682 856 prmterito
706 785 852 840 omni
877 795 1118 853 tempore
1139 783 1190 836 id
1213 779 1483 851 neglexit?
1507 779 1632 849 quid
1659 780 1702 834 si
1723 779 1823 834 alia
1845 779 1998 849 plura

403 876 718 932 examinet!
755 874 938 945 Neque
964 874 1108 930 enim
1137 872 1351 943 expedit
1380 881 1438 924 ut
1465 869 1656 924 multas
1685 869 1819 923 alias
1847 884 1997 937 quaa-

403 971 611 1024 stiones
634 967 977 1036 adjieicntes,
1015 965 1332 1020 solutionem
1361 962 1565 1016 illarum
1599 972 1896 1027 taceamus,
1928 977 1997 1016 ne

405 1063 524 1118 hac
550 1060 965 1132 simplicioribus
988 1065 1236 1113 noceant.
1268 1054 1404 1111 Nam
1434 1070 1550 1126 qua:
1579 1053 1838 1120 diximus,
1871 1059 1996 1107 sunt

403 1155 470 1210 ad
501 1153 878 1210 excutiendum
909 1165 1156 1206 somnum
1184 1157 1418 1204 vestrum
1444 1147 1594 1201 satis.
1623 1145 1759 1213 Quid
1790 1160 1918 1216 ergo
1947 1145 1992 1200 si

405 1247 521 1302 hmo
550 1252 952 1315 percontentur,
983 1257 1079 1297 vos
1105 1250 1282 1294 autem
1311 1255 1378 1294 ne
1414 1237 1598 1292 audire
1633 1237 1846 1307 quidem
1879 1237 1992 1292 hate

401 1340 563 1395 verba
593 1337 850 1408 possitis?
875 1351 973 1399 an,
1001 1349 1204 1406 quaeso,
1247 1333 1492 1402 exiguum
1531 1346 1630 1386 nos
1658 1341 1836 1386 manet
1861 1347 1991 1401 Stip-

401 1431 639 1500 plicium,
669 1428 759 1498 qui
781 1426 1096 1484 sedentibus
1116 1425 1166 1479 in
1192 1423 1426 1481 tenebris
1449 1431 1592 1477 tanta
1610 1423 1810 1478 erroris
1829 1437 1987 1477 causa

399 1523 602 1576 simus?
638 1520 838 1576 Vellem
859 1559 875 1585 ,
913 1519 960 1574 si
1001 1533 1095 1586 per
1121 1516 1286 1571 otium
1316 1525 1550 1570 vestrum
1593 1514 1802 1578 liceret,
1835 1527 1989 1568 exse-

401 1612 591 1667 crandi
616 1610 892 1682 cuiusdam
923 1608 1095 1665 Graeci
1128 1605 1428 1678 philosophi
1461 1605 1653 1661 librum
1681 1615 1864 1660 contra
1889 1620 1988 1660 nos

408 1706 662 1775 scriptum
693 1705 794 1758 huc
821 1701 1037 1766 aﬂerre,
1065 1714 1271 1756 necnon
1297 1699 1517 1753 alterius
1541 1698 1698 1768 longe
1724 1697 1990 1767 antiquio-

400 1799 512 1862 ris,
552 1807 609 1852 ut
641 1796 720 1850 sic
758 1809 854 1851 vos
882 1794 1203 1854 excitarem,
1235 1799 1291 1846 et
1318 1799 1518 1844 tantam
1546 1797 1779 1844 vestram
1804 1787 1983 1859 segni-

398 1889 524 1942 tiem
549 1896 880 1942 excuterem.
908 1884 1040 1939 Nam
1069 1884 1114 1939 si
1141 1883 1216 1937 illi
1234 1925 1248 1948 ,
1279 1891 1339 1938 ut
1367 1897 1464 1938 nos
1490 1882 1882 1952 impugnarent,
1912 1879 1982 1934 ita

392 1982 778 2050 advigilarunt,
804 1995 907 2050 qua
933 1979 1134 2034 erimus
1159 1977 1303 2048 digni
1337 1977 1488 2031 venia
1508 2017 1523 2041 ,
1553 1975 1598 2030 si
1626 1975 1767 2028 illata
1797 1981 1980 2028 contra

390 2091 492 2129 nos
519 2075 624 2130 tela
656 2074 969 2144 propulsare
1012 2071 1348 2128 nesciamus?
1389 2069 1506 2136 Qua
1543 2068 1611 2123 de
1648 2082 1807 2122 causa
1852 2079 1979 2136 pro-

387 2166 536 2220 ducti
565 2165 788 2221 sumus?
817 2164 930 2220 Non
957 2163 1111 2218 audis
1138 2162 1436 2232 apostolum
1457 2159 1724 2215 dicentem
1749 2177 1764 2214 :
1799 2157 1980 2212 Parati

385 2271 548 2315 estote
584 2260 652 2312 ad
689 2258 1025 2330 defensionem
1054 2257 1190 2310 omni
1233 2255 1368 2309 vobis
1407 2255 1652 2308 rationem
1689 2252 1978 2322 exposcenti

389 2360 510 2424 ejus
538 2369 652 2422 qua
679 2352 732 2406 in
759 2351 886 2405 vobis
910 2360 982 2406 est
1007 2351 1116 2421 spei
1141 2350 1160 2415 (
1181 2350 1228 2404 ι.
1265 2347 1377 2401 Pet.
1409 2347 1462 2402 ’5.
1493 2345 1610 2417 15).
1639 2345 1832 2400 Paulus
1853 2360 1978 2416 quo-

389 2462 504 2515 que
534 2444 722 2499 eadem
749 2445 904 2497 utitur
926 2438 1544 2496 admonitionezVerbum
1569 2438 1754 2493 Christi
1777 2437 1977 2491 inhabi-

380 2544 459 2588 tet
486 2535 541 2588 in
565 2533 700 2588 nobis
727 2532 1038 2588 abundanter
1064 2529 1217 2603 (Col.
1247 2531 1300 2585 5.
1331 2529 1456 2599 16).
1486 2529 1590 2583 Sed
1615 2528 1740 2600 quid
1765 2527 1830 2582 ad
1859 2526 1974 2584 haec

374 2629 566 2684 dicunt
587 2627 833 2682 homines
852 2626 987 2682 fucis
1008 2622 1467 2696 insipientiores‘?
1489 2621 1770 2680 Benedicta
1793 2621 1968 2678 omnis

441 2747 460 2777 ι
495 2743 572 2793 sic
601 2753 776 2790 onme-
808 2750 937 2800 peue
959 2743 1064 2787 bis.
1099 2733 1238 2785 savii.
1277 2743 1441 2785 autem
1474 2737 1526 2783 et
1555 2731 1743 2795 ﬂoret,
1768 2731 1969 2785 Codices

1479 293 1546 351 IN
1581 288 1889 353 JOANNEM
1926 290 2154 351 IIOIIIL.
2186 296 2371 360 XVIII.
2400 305 2473 362 al.
2513 306 2672 367 XVII.

3599 325 3703 382 ω

2107 416 2285 472 anima
2325 421 2576 491 simplex;
2613 433 2700 492 et,
2743 426 2851 492 Qui:
2880 429 3106 486 ambulat
3130 431 3444 503 simpliciter,
3471 437 3697 493 antbulat

2107 511 2418 577 conﬁdenter
2451 511 2646 582 (Prov.
2693 517 2779 573 10.
2820 519 2912 588 9).
2954 517 3067 576 Hoc
3105 523 3300 594 quippe
3336 537 3416 581 est
3453 525 3693 586 omnium

2105 615 2262 655 causa
2307 603 2598 671 malorum,
2639 608 2782 678 quod
2821 609 3213 680 Scripturarum
3249 616 3565 672 tesﬁmoniis
3588 632 3692 688 op-

2106 701 2332 760 portune
2357 696 2431 750 uti
2463 699 2612 752 multi
2644 701 2905 756 nesciant.
2933 701 3114 773 Neque
3138 705 3282 760 enim
3313 704 3402 760 hic
3427 708 3689 778 insipien-

2105 791 2209 838 tem
2232 785 2494 857 intelligit,
2526 805 2696 859 neque
2723 790 2964 861 ignarum
2990 794 3080 863 qui
3102 795 3232 849 nihil
3255 798 3409 862 sciat,
3437 798 3532 853 sed
3561 813 3686 855 eum

2101 879 2190 947 qui
2219 894 2317 934 nec
2339 879 2636 951 improbus,
2656 899 2756 939 nee
2775 895 3020 941 versutus
3043 887 3132 953 sit,
3156 887 3249 942 sed
3273 887 3525 957 prudens.
3549 889 3684 953 Nam

2101 970 2144 1023 si
2175 985 2264 1025 res
2291 971 2360 1025 ita
2389 981 2532 1028 esset
2554 973 2603 1040 ⁸,
2643 973 2835 1029 frustra
2867 977 3134 1032 diceretur
3161 994 3177 1031 :
3205 977 3382 1033 Estote
3414 981 3685 1050 prudentes

2096 1063 2226 1113 sicut
2252 1073 2533 1130 serpentes,
2571 1075 2620 1120 et
2645 1067 2897 1138 simplices
2921 1070 3051 1123 sicut
3075 1069 3318 1126 columba:
3341 1070 3362 1145 (
3376 1071 3562 1127 Matth.
3591 1074 3680 1128 IO.

2101 1149 2227 1219 16).
2259 1153 2364 1207 Sed
2393 1155 2518 1223 quid
2549 1156 2662 1211 haec
2690 1158 2824 1212 ultra
2857 1175 3257 1230 persequamur,
3287 1163 3354 1217 ad
3393 1163 3527 1218 nihil
3552 1179 3680 1236 pro-

2096 1241 2309 1297 futura?
2347 1245 2551 1301 Prwter
2589 1263 2651 1303 ea
2691 1249 2831 1303 enim
2871 1265 2990 1320 qua:
3031 1251 3138 1320 jam
3175 1251 3315 1308 dicta
3372 1263 3532 1321 sunt,
3576 1254 3680 1310 alia

2095 1351 2303 1406 quoque
2341 1338 2407 1392 ad
2444 1354 2620 1395 mores
2645 1350 2698 1395 et
2731 1343 2849 1396 vita:
2880 1343 3172 1398 institutum
3209 1346 3501 1413 spectantia
3539 1349 3678 1404 male

2091 1439 2348 1496 geruntur
2369 1445 2397 1482 a
2423 1430 2598 1486 nobis.
2626 1431 2823 1488 Verum
2850 1433 3082 1504 undique
3107 1437 3287 1492 miseri
3307 1478 3322 1502 ,
3348 1437 3581 1508 undique
3604 1441 3680 1495 ri-

2092 1520 2250 1576 diculi
2276 1537 2494 1588 sumus;
2525 1538 2586 1579 ac
2611 1539 2826 1594 semper
2849 1528 3015 1595 parati
3038 1528 3104 1582 ad
3128 1529 3260 1584 alios
3283 1531 3672 1601 coarguendos,

2091 1629 2283 1685 segnes
2309 1631 2494 1672 sumus
2517 1617 2583 1672 ad
2614 1632 2674 1673 ea
2703 1620 3016 1691 corrigenda
3053 1637 3172 1691 quae
3208 1622 3261 1676 in
3299 1624 3452 1677 nobis
3490 1623 3675 1680 redar-

2089 1715 2340 1776 guuntur.
2368 1707 2756 1776 Quamobrem,
2788 1710 3036 1778 obsecro,
3066 1713 3220 1767 nobis
3247 1713 3458 1768 tandem
3493 1722 3671 1770 atten-

2087 1797 2296 1863 dentes,
2325 1814 2394 1854 ne
2419 1799 2472 1853 in
2500 1801 2918 1870 reprehensione
2943 1803 3162 1874 gradum
3191 1805 3462 1860 sistamus.
3487 1805 3672 1878 Neque

2087 1891 2229 1942 enim
2274 1888 2375 1944 hoc
2412 1898 2494 1944 est
2531 1891 2596 1945 ad
2639 1892 2801 1946 Deum
2846 1894 3158 1962 placandum
3190 1895 3354 1960 satis;
3383 1895 3476 1950 sed
3507 1897 3669 1951 etiam

2085 1981 2339 2049 optimam
2381 1982 2433 2035 in
2473 1984 2719 2057 omnibus
2762 1987 3107 2040 mutationem
3156 1987 3411 2042 exhibere
3454 1987 3672 2044 studea-

2084 2087 2223 2139 mus,
2256 2081 2314 2128 ut
2338 2074 2404 2128 ad
2436 2074 2657 2143 gloriam
2688 2063 2779 2130 Dei
2820 2077 2978 2132 vitam
3006 2087 3254 2148 agentes,
3281 2086 3337 2134 et
3363 2079 3462 2148 ipsi
3492 2077 3667 2133 futura

2081 2164 2249 2234 gloria
2274 2164 2545 2232 fruamur;
2578 2183 2735 2237 quam
2765 2184 2863 2224 nos
2889 2184 3077 2224 omnes
3102 2171 3314 2240 assequi
3356 2171 3628 2240 contingat
3647 2212 3662 2234 ,

2080 2254 2248 2324 gratia
2272 2265 2328 2310 et
2350 2256 2672 2327 benignitate
2701 2259 2906 2314 Domini
2936 2261 3102 2316 nostri
3137 2258 3262 2315 Jcsu
3300 2260 3495 2316 Christi
3522 2303 3537 2326 ,
3578 2261 3663 2316 cui

2079 2347 2246 2417 gloria
2274 2356 2328 2403 ct
2356 2349 2636 2420 imperium
2665 2351 2715 2406 in
2746 2351 2940 2408 saecula
2967 2353 3304 2409 saeculorum.
3339 2354 3528 2410 Amen.

2078 2591 2171 2662 705
2203 2601 2256 2644 et
2285 2595 2379 2662 796
2407 2599 2584 2662 secuti,
2609 2597 2783 2662 legunt
2813 2598 3076 2662 segniores,
3092 2613 3207 2662 pro,
3233 2597 3595 2661 iusipietttiores.

2142 2657 2160 2688 ι
2197 2657 2384 2718 March,
2410 2659 2576 2718 habet,
2609 2657 2703 2710 nisi
2726 2674 2803 2710 res
2832 2657 2902 2710 ita
2930 2675 2982 2712 se
3013 2657 3226 2712 haberet.
3255 2657 3395 2711 Savtl.
3420 2670 3582 2711 autem
3607 2670 3660 2715 et

2076 2726 2180 2769 Mss.
2204 2718 2390 2771 habent
2417 2727 2472 2770 ut
2505 2722 2553 2770 in
2587 2729 2746 2785 textu,
2770 2729 2820 2774 et
2851 2724 2918 2773 ita
2949 2723 3072 2788 legit
3103 2724 3274 2774 Franc.
3298 2723 3547 2774 Aretiuus.

371 2838 3652 2867 ..ρ-..Μ

1730 2909 2072 2976 ΗοΜιιΙΑ
2116 2916 2350 2980 XVIII.

370 3074 466 3130 35.
506 3073 680 3128 Altera
708 3071 792 3126 die
813 3071 996 3125 iterum
1031 3068 1193 3124 stabat
1220 3065 1480 3127 Joannes,
1525 3071 1573 3117 et
1598 3079 1660 3117 ex
1700 3058 1965 3130 discipulis

447 3169 558 3236 ejus
582 3167 706 3220 duo.
725 3164 819 3220 36.
845 3162 912 3218 Et
931 3161 1202 3231 respiciens
1215 3157 1394 3214 Jesum
1419 3155 1778 3217 ambulantem,
1808 3152 1965 3206 dicit:

453 3261 584 3315 Ecce
601 3276 765 3330 agnus
794 3257 908 3312 Dei.
931 3257 1021 3312 37.
1058 3253 1123 3308 Et
1142 3252 1412 3306 audierunt
1438 3265 1552 3305 eum
1591 3247 1692 3302 duo
1720 3244 1959 3316 discipuli

446 3351 734 3419 loquentem
748 3391 763 3411 ,
785 3356 832 3402 et
858 3345 1050 3415 sequuti
1077 3353 1194 3398 sunt
1215 3340 1254 3396 ,Ι
1255 3357 1412 3397 esum.

443 3444 500 3497 l.
542 3440 765 3511 Propter
806 3438 1067 3510 segnitiem
1113 3444 1307 3490 natum:
1344 3434 1579 3487 humana:
1603 3431 1776 3486 eadem
1801 3429 1965 3484 moni-

365 3547 422 3590 ta
441 3534 635 3605 sepius
676 3531 949 3603 repetenda
987 3539 1125 3584 sunt.
1165 3527 1268 3582 Cur
1305 3525 1535 3581 Joannes
1576 3524 1732 3596 Bnpt.
1783 3523 1961 3578 eadem

361 3630 486 3698 ipsa
526 3625 783 3680 multoties
817 3623 1072 3688 loquatur.
1095 3619 1374 3690 —Segnis
1423 3617 1580 3687 plane
1623 3625 1707 3671 est
1767 3614 1960 3669 huma-

365 3737 438 3775 na
498 3730 710 3782 natura,
761 3725 818 3772 et
864 3716 930 3769 ad
979 3711 1266 3784 perniciem
1324 3725 1487 3782 prona
1518 3751 1533 3776 ,
1587 3724 1692 3764 non
1737 3724 1804 3763 ex
1848 3708 1961 3776 ipsa

363 3822 582 3866 natura
629 3808 971 3871 conditione,
1006 3805 1101 3861 sed
1125 3820 1192 3860 ex
1233 3803 1525 3860 voluntatis
1554 3802 1760 3873 ignavia
1789 3817 1804 3856 :
1832 3815 1962 3871 qna-

363 3912 599 3974 propter
635 3901 800 3956 multa
839 3913 976 3969 opus
1023 3896 1187 3953 habet
1223 3895 1541 3951 monitione.
1595 3894 1719 3950 Ideo
1763 3893 1962 3948 Paulus

365 3993 809 4064 Philippensibus
853 3989 1095 4046 scribens
1141 3987 1355 4044 diccbat
1399 4004 1414 4042 :
1463 3985 1658 4040 Eadem
1719 3984 1957 4050 scribere,

362 4087 498 4140 mihi
521 4085 725 4154 quidem
744 4100 844 4138 non
869 4098 1044 4154 grave,
1072 4081 1208 4135 tabis
1227 4090 1393 4136 autent
1419 4089 1577 4135 tutum
1605 4081 1623 4149 (
1648 4077 1880 4147 Philipp.
1903 4077 1957 4132 5.

363 4183 389 4235 I
407 4181 450 4247 ).
486 4176 619 4231 Nam
647 4185 786 4230 terra
827 4175 1038 4245 quidem
1065 4173 1228 4229 scmcl
1255 4180 1502 4242 suscepto
1525 4169 1748 4235 semine,
1781 4167 1959 4224 statim

368 4272 583 4325 fructus
611 4268 813 4338 profert
839 4306 856 4334 ,
883 4281 1058 4335 neque
1085 4265 1248 4319 altera
1270 4272 1390 4334 eget
1419 4263 1627 4317 satione
1659 4278 1674 4316 :
1706 4262 1756 4315 in
1779 4261 1958 4315 anima

363 4372 553 4417 autem
586 4370 766 4415 nostra
801 4374 905 4412 non
942 4357 1010 4411 ita
1053 4371 1139 4412 res
1165 4371 1224 4411 se
1256 4355 1415 4410 habet
1442 4372 1456 4420 ;
1485 4355 1577 4409 sed
1617 4353 1850 4424 optabile
1878 4361 1960 4408 cst

367 4464 429 4509 ut
471 4465 756 4524 postquam
804 4450 1111 4520 frequenter
1145 4448 1348 4518 jactum
1397 4456 1478 4502 est
1507 4461 1728 4510 semen,
1759 4454 1813 4500 et
1843 4453 1960 4514 post

366 4561 623 4616 magnam
655 4543 946 4599 ex'nibitam
979 4541 1344 4611 diligentiam,
1373 4539 1540 4594 semel
1569 4539 1756 4593 saltem
1790 4538 1960 4608 possit

368 4640 606 4693 fructum
632 4637 896 4706 excipere.
928 4633 1106 4688 Primo
1147 4631 1512 4702 quidemquae
1557 4630 1807 4685 dicuntur
1851 4645 1956 4683 non

367 4731 530 4786 facile
553 4729 931 4798 imprimuntur
950 4727 1002 4780 in
1027 4724 1262 4778 animum
1283 4763 1300 4787 ,
1331 4721 1472 4793 quod
1502 4722 1664 4776 multa
1689 4720 1956 4777 substrata

363 4823 440 4878 sit
500 4820 761 4881 durities.
810 4816 1107 4873 innumeris
1155 4815 1325 4883 spinis
1393 4815 1700 4869 obstruatur
1738 4813 1952 4880 anima,

365 4914 681 4984 multosque
709 4910 1048 4966 insidiatores
1093 4907 1286 4961 habeat
1310 4905 1398 4976 qui
1445 4919 1626 4960 semen
1669 4904 1955 4974 abripiant.

365 5005 581 5063 Deinde
610 5014 885 5075 postquam
920 5001 1142 5057 inﬁxum
1173 5014 1358 5055 semen
1398 4998 1604 5054 radices
1628 4997 1834 5068 egerit,
1862 5011 1958 5053 ea-

363 5099 494 5154 dem
525 5105 610 5153 est
645 5110 782 5167 opus
807 5094 1078 5165 diligentia
1107 5132 1124 5158 ,
1166 5099 1225 5146 ut
1264 5091 1331 5146 ad
1363 5090 1596 5161 vigorem
1646 5089 1957 5160 perveniant

371 5189 577 5243 semina
603 5229 617 5252 ,
647 5186 920 5254 illzesaque
946 5191 1232 5249 maneant,
1268 5196 1442 5252 neque
1472 5180 1733 5235 lmdantur
1755 5179 1822 5236 ab
1856 5180 1956 5235 ali-

369 5295 499 5351 quo.
525 5279 582 5334 In
611 5276 907 5332 seminibus
940 5275 1082 5330 enim
1107 5287 1230 5328 cum
1268 5274 1412 5344 spica
1446 5271 1680 5342 perfecta
1706 5271 1954 5328 virtutem

365 5385 520 5425 suam
554 5368 795 5435 accepit,
839 5374 1028 5420 aestum
1055 5373 1383 5434 ceterasque
1409 5374 1588 5433 pestes
1614 5363 1908 5418 contemnit
1935 5380 1949 5416 :

368 5462 426 5516 In
467 5459 808 5530 dogmatibus
843 5473 972 5512 vero
1017 5471 1122 5512 non
1153 5456 1274 5522 sic;
1320 5455 1413 5512 sed
1455 5465 1732 5526 postquam
1781 5464 1950 5510 totum

367 5564 504 5620 opus
536 5551 838 5618 impensum
861 5554 946 5602 est
967 5586 983 5611 ,
1011 5546 1395 5617 superveniens
1425 5545 1595 5602 hiems
1624 5561 1687 5601 ac
1741 5555 1950 5616 tempe-

373 5651 505 5708 stas,
533 5639 850 5697 dimcultate
880 5646 1308 5711 prcoccupantc,
1329 5646 1384 5695 et
1403 5637 1751 5696 fraudulentis
1781 5637 1953 5697 homi-

2072 3064 2229 3121 nibus
2255 3067 2648 3139 insidiantibus,
2672 3073 3041 3143 ingruentibus
3058 3074 3220 3129 variis
3247 3075 3652 3145 tentationibus,

2071 3170 2240 3217 totum
2265 3163 2637 3218 labefactatur.
2666 3163 2792 3221 Hinc
2817 3180 2981 3236 porro
3007 3179 3113 3220 non
3152 3166 3270 3222 sine
3292 3180 3452 3222 causa
3489 3181 3518 3220 a
3551 3181 3652 3222 no-

2068 3255 2152 3311 bis
2179 3255 2320 3312 dicta
2349 3264 2518 3323 sunt;
2565 3256 2664 3312 sed
2687 3265 2744 3313 ut
2781 3257 2906 3313 dum
2947 3256 3100 3312 audis
3149 3255 3411 3314 Joannem
3459 3256 3651 3314 eadem

2069 3350 2185 3420 ipsa
2214 3360 2546 3421 repetentem
2567 3392 2581 3414 .
2615 3367 2682 3408 ne
2710 3351 2861 3422 quasi
2892 3365 3149 3422 nugacem
3179 3351 3402 3406 damnes
3429 3392 3444 3417 ,
3478 3366 3653 3421 neque
3671 3387 3680 3390 .-

2069 3443 2280 3498 inanem
2318 3457 2677 3500 onerosumve
2713 3443 3008 3500 existimes.
3042 3441 3312 3499 Voluisset-
3333 3445 3528 3514 quippe
3564 3457 3652 3499 se-

2066 3537 2174 3593 mel
2201 3537 2448 3607 IOquutus
2490 3535 2660 3591 audiri
2688 3555 2701 3592 :
2731 3536 2855 3606 quia
2896 3549 3026 3592 vero
3067 3549 3172 3590 non
3200 3534 3352 3590 multi
3383 3535 3672 3606 erantqui.»

2067 3628 2224 3684 dictis
2250 3629 2431 3684 statim
2461 3629 2804 3685 attenderem
2835 3628 2906 3683 ob
2935 3625 3352 3683 somnolentiam
3379 3669 3394 3694 ,
3425 3627 3649 3698 repetita

2068 3735 2198 3778 voce
2227 3720 2350 3776 illos
2376 3720 2752 3792 expergefacit.
2795 3719 2911 3775 Jam
2941 3719 3026 3775 hic
3055 3716 3272 3775 attende
3297 3735 3312 3772 :
3340 3716 3514 3784 dixit,
3548 3716 3651 3784 Qui

2066 3825 2179 3887 post
2203 3831 2284 3868 me
2307 3815 2458 3880 venit,
2490 3823 2608 3868 ante
2631 3830 2710 3867 me
2736 3814 2901 3884 factus
2928 3822 3041 3876 est;
3071 3820 3145 3879 et,
3179 3810 3302 3866 Non
3327 3828 3439 3865 sum
3465 3810 3649 3882 dignus

2065 3908 2255 3962 solvere
2283 3905 2554 3976 corrigiam
2583 3905 2908 3958 calcemnenti
2925 3903 3036 3974 ejus
3059 3920 3077 3967 ;
3106 3913 3158 3958 et
3181 3944 3198 3969 ,
3227 3901 3347 3971 Ipse
3373 3917 3459 3957 vos
3485 3902 3650 3972 bapti-

2063 3998 2198 4053 zabit
2223 3998 2276 4052 in
2315 3996 2513 4068 Spiritu
2537 4006 2711 4050 sancto
2736 4005 2782 4049 et
2803 3995 2906 4066 igni
2929 3993 3140 4064 (Matth.
3171 3994 3226 4048 3.
3257 3993 3369 4060 Il),
3401 3990 3650 4062 quodque

2066 4090 2257 4147 viderit
2302 4087 2558 4159 Spiritum
2604 4085 3015 4141 descendentem
3054 4083 3510 4140 sicutcolumham
3539 4124 3552 4147 ,
3590 4094 3647 4138 et

2065 4191 2368 4240 manentem
2397 4195 2558 4250 super
2585 4193 2744 4244 eum;
2781 4187 2836 4233 et
2881 4177 3193 4233 testificatus
3230 4186 3313 4232 est
3349 4175 3488 4246 quod
3528 4175 3644 4242 ipse

2064 4283 2207 4332 esset
2232 4273 2396 4328 Filius
2436 4273 2568 4328 Dei:
2613 4285 2769 4326 nemo
2812 4269 3072 4331 attendit,
3105 4283 3264 4324 nemo
3301 4267 3647 4337 interrogavit

2065 4367 2148 4422 vel
2173 4367 2323 4431 dixit,
2354 4365 2463 4420 Cur
2487 4363 2600 4419 lucc
2629 4362 2882 4434 loqueris,
2911 4377 3012 4432 qua
3037 4361 3104 4416 de
3132 4368 3366 4422 causaet
3389 4360 3594 4414 ratione
3623 4358 3649 4412 ‘l

2067 4459 2211 4514 Dixit
2250 4472 2497 4523 rursum,
2529 4453 2662 4509 Ecce
2690 4471 2851 4526 agnus
2894 4452 2991 4507 Dei
3020 4494 3034 4518 ,
3081 4453 3166 4523 qui
3211 4452 3342 4506 tollit
3386 4458 3646 4522 peccatum

2065 4550 2260 4604 mundi.
2293 4548 2475 4619 Neque
2517 4547 2595 4602 sic
2633 4547 2842 4601 illorum
2870 4546 3129 4617 ignaviam
3159 4544 3348 4614 tetigit.
3379 4541 3504 4598 ldeo
3547 4557 3643 4597 ea-

2063 4641 2184 4697 dem
2217 4641 2329 4710 ipsa
2371 4647 2614 4709 repetere
2654 4630 2906 4708 cogitur’,
2948 4650 3012 4692 ac
3047 4635 3092 4690 si
3125 4643 3318 4691 terram
3357 4632 3642 4703 quamdam

2065 4747 2308 4803 asperam
2337 4739 2390 4786 ct
2431 4730 2618 4784 duram
2661 4727 3008 4790 renovatione
3035 4725 3344 4792 emolliret,
3389 4733 3444 4779 et
3480 4722 3646 4778 verbo

2064 4827 2213 4897 quasi
2241 4833 2418 4880 aratro
2438 4823 2713 4886 subactam
2736 4827 2968 4876 mentem
3003 4817 3280 4885 excitaret,
3304 4824 3362 4872 ut
3385 4813 3646 4886 profunde

2063 4921 2265 4977 semina
2288 4919 2510 4990 iaceret.
2548 4915 2673 4981 Ideo
2702 4929 2806 4970 non
2846 4912 3004 4983 longo
3031 4910 3193 4965 utitur
3211 4921 3460 4965 sermone
3479 4948 3496 4974 ,
3520 4905 3644 4978 quia

2065 5029 2230 5070 unum
2257 5019 2460 5067 tantum
2503 5008 2760 5073 curabat,
2792 5015 2850 5061 ut
2888 5005 3007 5060 illos
3025 5019 3146 5060 cum
3169 5002 3386 5059 Christo
3419 4999 3644 5070 conjun-

2063 5115 2229 5179 geret.
2255 5104 2466 5163 Sciebat
2515 5101 2658 5159 enim
2688 5099 2808 5156 illos
2828 5139 2841 5162 ,
2873 5097 2916 5153 si
2944 5095 3048 5152 hoc
3081 5093 3251 5152 semel
3279 5092 3641 5162 suscepissent

2063 5208 2117 5254 et
2144 5198 2620 5265 obtemperassent,
2654 5205 2760 5245 non
2789 5189 2925 5243 ultra
2952 5186 3255 5243 testimonio
3273 5199 3408 5255 opus
3435 5182 3642 5238 habitu-

2064 5306 2152 5344 ros
2178 5307 2190 5342 :
2221 5297 2278 5343 ut
2315 5286 2474 5342 etiam
2505 5283 2702 5339 evenit.
2734 5280 2864 5334 Nam
2893 5281 2938 5335 si
2965 5277 3284 5335 Samaritani
3310 5317 3326 5343 ,
3360 5284 3638 5346 postquam

2066 5383 2213 5438 illum
2257 5377 2536 5438 audierant
2563 5413 2580 5440 ,
2614 5372 2823 5431 mulieri
2867 5371 3096 5427 dicunt:
3127 5369 3246 5424 Non
3277 5369 3392 5440 jam
3441 5374 3650 5438 propter

2065 5485 2203 5530 tuam
2229 5470 2476 5542 loquelam
2519 5466 2811 5522 credimus:
2839 5464 2937 5536 ipsi
2979 5463 3110 5519 enim
3141 5461 3388 5525 novimus,
3417 5459 3536 5528 quia
3563 5456 3642 5510 hia

2066 5577 2139 5625 est
2161 5565 2398 5624 Salvator
2422 5561 2597 5622 mundi
2623 5559 2852 5621 Christus
2871 5558 3050 5631 (Joau.
3078 5557 3129 5614 4.
3160 5554 3274 5625 ﬂ);
3299 5553 3468 5607 multo
3482 5548 3642 5605 citius

2067 5657 2311 5731 discipuli
2353 5655 2492 5728 capti
2539 5653 2760 5710 fuissent
2797 5694 2811 5722 ,
2844 5660 2904 5708 ut
2939 5664 3122 5708 revera
3157 5648 3295 5718 capti
3338 5652 3480 5702 sunt.
3511 5641 3642 5698 Cum
