4012 6198
572 283 675 341 H5

572 399 711 453 enim
741 397 1087 453 accessissent
1114 437 1129 461 ,
1171 402 1223 449 et
1246 410 1346 448 una
1405 400 1609 448 tantum
1647 406 1869 461 veSpera
1910 388 2139 445 audivis-

572 496 711 549 sent,
735 500 840 540 non
867 485 1005 539 ultra
1034 485 1098 538 ad
1137 483 1392 538 Joannem
1424 482 1623 538 reversi
1652 490 1771 535 sunt
1796 522 1812 546 ,
1844 480 1935 535 sed
1968 483 2035 533 ita
2065 479 2138 533 illi

578 574 865 639 haeserunt,
894 584 950 629 ut
978 575 1197 629 Joannis
1229 576 1384 628 etiam
1425 572 1772 626 minismrium
1801 571 2097 639 acciperent
2121 610 2137 635 ,

578 667 853 734 ipsumque
894 664 1255 733 prmdicarcnt.
1299 664 1492 718 Invenit
1518 706 1533 730 ,
1586 664 1787 729 inquit,
1816 663 1895 715 hic
1937 663 2140 729 fratrem

579 770 726 808 suum
742 754 1017 822 Simonem,
1036 765 1081 810 et
1101 757 1218 810 dicit
1238 754 1383 826 ei:(u)
1409 754 1716 828 [Invenimus
1733 754 1786 807 Μ
1793 755 1988 817 essiam,
2009 753 2142 822 quod

579 855 649 900 est
670 847 1041 915 interpretatum
1062 846 1285 900 Christus
1312 845 1484 915 (Joun.
1507 847 1558 903 1.
1577 844 1714 916 41).]
1742 846 1850 900 Hoc
1875 860 1998 899 vero
2012 844 2138 898 mihi

581 935 885 990 consideres
903 935 1080 1002 velim,
1102 936 1385 1005 quomodo,
1414 951 1530 989 cum
1559 935 1778 1001 diceret,
1801 935 1896 1000 Qui
1927 945 2036 1003 post
2066 951 2143 988 me

582 1026 735 1089 venit,
763 1034 877 1078 ante
922 1042 999 1079 me
1034 1028 1194 1097 factus
1222 1034 1333 1090 est;
1360 1035 1433 1090 et,
1465 1022 1583 1079 Non
1611 1042 1721 1078 sum
1755 1026 1934 1095 dignus
1954 1028 2142 1079 solvere

583 1115 850 1185 corrigiam
884 1116 1208 1169 calceamenti
1250 1117 1394 1186 ejus,
1444 1115 1710 1169 neminem
1757 1115 1991 1184 ceperit;
2023 1130 2142 1170 cum

582 1214 759 1259 autem
790 1204 856 1258 tle
895 1204 1188 1259 (Bennomia
1234 1205 1479 1274 loquutus
1502 1212 1582 1258 est
1606 1244 1621 1267 ,
1650 1212 1707 1258 et
1730 1204 1781 1258 in
1809 1204 2143 1261 humiliorem

583 1312 881 1352 sermonem
930 1296 1240 1362 descendit,
1280 1305 1408 1351 tunc
1430 1298 1640 1367 sequuti
1670 1306 1791 1353 sunt
1830 1299 2070 1367 discipuli
2101 1299 2142 1355 ⁸.

583 1388 761 1458 Neque
812 1389 937 1443 illud
992 1398 1192 1444 tantum
1219 1388 1660 1444 considerandum
1687 1401 1809 1455 est;
1849 1391 1942 1446 sed
1985 1392 2142 1447 etiam

583 1479 720 1549 quod
754 1496 857 1535 non
878 1488 981 1535 tam
1010 1480 1158 1535 multi
1190 1480 1507 1549 alliciantur,
1526 1482 1738 1552 quando
1756 1483 1879 1553 quid
1900 1499 2144 1551 magnum

584 1580 636 1623 et
664 1570 889 1625 sublime
914 1570 982 1625 de
1020 1571 1129 1626 Deo
1173 1570 1367 1626 dicitur
1395 1612 1411 1638 ,
1454 1587 1613 1641 quam
1656 1572 1746 1627 ubi
1773 1574 2068 1655 clementiae
2093 1582 2147 1630 et

585 1660 924 1731 benignitatis
966 1660 1125 1718 verba
1149 1702 1164 1727 ,
1195 1677 1314 1731 qua:
1346 1661 1412 1717 ad
1454 1662 1751 1719 auditorum
1777 1666 1997 1720 salutem
2028 1682 2150 1738 spe-

586 1758 750 1817 ctent,
778 1752 1129 1821 proferuntur.
1148 1753 1438 1809 Audierunt
1466 1755 1607 1810 enim
1626 1756 1764 1826 quod
1790 1757 1999 1813 tolleret
2026 1774 2146 1828 pec-

585 1850 760 1899 catum
803 1842 1005 1910 mundi,
1044 1853 1095 1897 et
1117 1844 1293 1899 statim
1323 1853 1682 1901 accurrerunt.
1708 1846 1839 1902 Nam
1875 1849 1921 1903 si
1949 1851 2148 1906 scelera

586 1932 843 1988 abluenda
854 1940 997 2000 sunt,
1016 1932 1274 2003 inquiunt,
1293 1935 1398 1991 Cur
1409 1937 1753 1992 cunctamur?
1772 1937 2020 2007 adestqui
2034 1941 2151 1997 sine

587 2024 767 2085 labore
791 2038 889 2081 nos
916 2026 1140 2093 liberet;
1168 2030 1433 2099 quomodo
1459 2043 1563 2084 non
1588 2038 1842 2085 extremm
1869 2030 2151 2088 dementia:

590 2115 769 2184 fuerit,
791 2115 985 2170 donum
1010 2119 1059 2171 in
1082 2120 1220 2174 aliud
1251 2129 1456 2191 tempus
1477 2120 1733 2191 rejicere?
1762 2122 2149 2179 Audiantcate-

588 2202 871 2271 chumeni,
898 2208 986 2275 qui
1012 2223 1177 2277 usque
1220 2210 1287 2264 ad
1329 2221 1625 2266 extremum
1669 2212 1889 2268 halitum
1928 2216 2151 2271 salutem

592 2308 740 2351 suam
767 2296 1039 2350 remittunt
1062 2299 1157 2369 (b).
1189 2298 1416 2355 Rursum
1441 2302 1854 2371 stetitJoannes,
1882 2306 2068 2374 inquit,
2100 2317 2155 2362 et

591 2382 719 2439 dixit
746 2399 762 2438 :
795 2383 922 2437 Ecce
958 2399 1118 2454 agnus
1140 2385 1256 2442 Dei.
1280 2387 1421 2443 Nihil
1463 2388 1705 2444 Christus
1740 2392 1969 2463 loquitur
1997 2412 2012 2459 ;
2056 2396 2150 2451 sed

591 2474 765 2527 oittnia
783 2474 889 2528 ille.
910 2474 998 2530 Sic
1021 2490 1245 2543 sponsus
1264 2477 1439 2545 solet;
1474 2481 1603 2536 nihil
1626 2482 1739 2553 ipse
1768 2497 1977 2553 sponsae
2003 2484 2151 2551 dicit,

591 2563 684 2616 sed
712 2563 861 2619 adest
886 2564 1050 2621 silens
1072 2582 1089 2620 :
1108 2566 1199 2621 alii
1228 2566 1375 2623 illum
1398 2570 1649 2636 indicant,
1673 2587 2028 2644 sponsamque
2053 2576 2151 2647 ipsi

594 2656 805 2712 tradunt
836 2674 850 2711 :
890 2658 975 2715 illa
1017 2670 1322 2730 comparet,
1353 2677 1523 2730 neque
1543 2676 1770 2732 Sponsus
1795 2665 1937 2719 illam
1963 2681 2058 2735 per
2095 2683 2154 2723 se

594 2749 803 2818 accipit,
834 2750 926 2803 scd
970 2751 1075 2805 alio
1119 2752 1374 2808 tradente.
1407 2753 1689 2823 Postquam
1726 2770 1853 2810 vero
1886 2756 2025 2811 illam
2049 2766 2154 2813 tra-

593 2839 755 2892 ditam
785 2840 1067 2907 acceperit,
1093 2841 1160 2894 ita
1187 2854 1310 2912 erga
1343 2842 1485 2896 illam
1506 2843 1737 2899 afﬁcitur
1757 2887 1772 2912 ,
1804 2854 1860 2899 ut
1889 2861 1994 2901 non
2018 2848 2152 2903 ultra

594 2926 951 2994 pronuborum
993 2929 1318 2988 recordetur.
1362 2930 1417 2986 ιιι
1463 2934 1602 2988 circa
1643 2934 1908 2991 Christum
1956 2939 2150 2993 evenit.

597 3018 755 3073 Venit
798 3018 851 3074 in
904 3034 1152 3088 sponsam
1199 3023 1454 3078 ducturus
1497 3026 1789 3081 Ecclesiam
1817 3044 1832 3093 ;
1861 3029 1992 3083 nihil
2041 3030 2154 3100 ipse

594 3109 744 3174 dixit,
774 3110 866 3165 scd
896 3111 1063 3166 adfuit
1085 3122 1284 3168 tantum
1309 3132 1324 3168 :
1355 3114 1588 3172 Joannes
1612 3127 1790 3173 autem
1819 3120 2018 3176 amicus
2042 3125 2156 3192 ejus

594 3216 803 3272 sponsze
844 3202 1114 3259 dexteram
1162 3206 1260 3277 ipsi
1307 3208 1557 3275 tradidit,
1586 3210 1761 3266 verbis
1790 3212 1865 3267 illi
1886 3213 2155 3269 hominum

596 3292 801 3347 animas
825 3296 1150 3349 concilians:
1182 3312 1317 3365 quos
1351 3309 1598 3368 acceptos
1628 3302 1716 3357 ille
1747 3303 1815 3356 ita
1845 3302 2017 3359 aﬁ‘ecit
2039 3346 2053 3372 ,
2103 3316 2160 3362 ut

600 3398 705 3441 non
728 3384 861 3437 ultra
893 3385 957 3439 ad
981 3401 1101 3440 eum
1129 3390 1216 3457 qui
1248 3387 1530 3446 tradiderat
1556 3403 1964 3451 reverterentur.

666 3473 723 3532 2.
780 3472 992 3527 Verbum
1038 3492 1158 3548 erga
1200 3476 1468 3533 humanam
1514 3494 1744 3537 naturam
1781 3486 1909 3539 sicut
1948 3504 2160 3557 sponsus

599 3580 718 3633 erga
773 3580 1009 3633 sponsam
1065 3583 1120 3621 se
1178 3571 1343 3641 gessit.
1392 3570 1617 3627 Joannes
1673 3574 1809 3628 solus
1869 3588 2161 3647 praesentem

600 3653 852 3708 Christum
882 3657 1189 3725 prtedicavit.
1243 3657 1412 3716 Virtus
1458 3665 1693 3733 sacriﬁcii
1739 3664 1925 3722 Christi
1968 3685 2162 3738 semper

598 3755 853 3814 operatur.
905 3746 1117 3803 Joannis
1153 3749 1217 3804 B.
1258 3753 1516 3808 sobrietas.
1576 3756 1853 3812 Maximum
1904 3760 1965 3815 de
2010 3760 2162 3815 Chri-

604 3847 676 3890 sto
701 3837 1030 3892 testimonium
1059 3856 1209 3911 Opera
1233 3845 1359 3912 ejus.
1382 3874 1453 3885 —
1474 3846 1651 3916 Neque
1679 3849 1778 3902 hoc
1805 3858 2003 3904 tantum
2021 3891 2037 3918 ,
2069 3851 2163 3908 sed

603 3927 759 3981 etiam
798 3928 936 3983 aliud
976 3929 1061 3985 hic
1084 3940 1163 3986 est
1187 3932 1594 3990 observandum.
1621 3938 2074 4003 Quemadmodum
2111 3944 2162 3999 in

605 4018 804 4087 nuptiis
844 4033 948 4074 non
993 4035 1245 4090 sponsum
1286 4023 1398 4079 adit
1436 4027 1641 4095 puella,
1670 4028 1763 4083 sed
1791 4030 1879 4084 ille
1903 4030 1970 4084 ad
1997 4032 2162 4101 ipsam

605 4108 837 4175 festinat,
868 4109 1073 4167 etiamsi
1127 4112 1266 4170 ﬁlius
1295 4117 1431 4186 regis
1459 4118 1548 4183 sit,
1576 4119 1782 4173 etiamsi
1810 4121 1897 4175 illa
1924 4121 1992 4177 sit
2019 4124 2166 4179 vilio-

604 4199 677 4253 ris
706 4199 1056 4267 conditionis,
1088 4203 1195 4258 imo
1222 4205 1267 4259 si
1293 4207 1539 4262 ancillam
1568 4208 1822 4265 ducturus
1846 4211 1915 4266 sit
1955 4230 1970 4266 :
2013 4213 2081 4267 ita
2113 4223 2167 4269 et

606 4288 691 4344 hic
716 4291 955 4361 contigit.
981 4292 1261 4349 l’lominum
1284 4305 1467 4351 natura
1493 4313 1597 4353 non
1620 4300 1859 4356 ascendit
1879 4301 1931 4357 in
1953 4306 2163 4372 czelum,

604 4380 696 4436 sed
726 4382 836 4452 ipse
863 4384 930 4438 ad
956 4385 1108 4443 vilem
1134 4387 1273 4441 illam
1299 4396 1353 4443 et
1372 4398 1677 4461 contemptu
1703 4392 1912 4462 dignam
1940 4395 2165 4453 descen-

603 4470 683 4525 dit
714 4490 727 4525 :
760 4481 984 4543 postque
1011 4475 1306 4531 celebratas
1330 4478 1569 4547 nuptias,
1622 4496 1731 4536 non
1759 4484 1881 4539 sivit
1908 4483 2054 4541 illam
2079 4486 2168 4542 hic

604 4563 738 4617 ultra
779 4579 1084 4632 remanere,
1118 4566 1210 4622 sed
1248 4568 1526 4622 abductam
1553 4572 1605 4626 in
1638 4580 1909 4641 paternam
1950 4578 2166 4634 domum

602 4650 774 4707 duxit.
821 4653 927 4709 Cur
960 4654 1190 4713 Joannes
1216 4672 1319 4712 non
1348 4659 1567 4715 seorsim
1605 4661 1894 4732 discipulos
1939 4670 2164 4739 accipit,

605 4749 664 4796 ut
686 4741 753 4796 de
775 4742 919 4799 hisce
943 4745 1100 4800 rebus
1126 4746 1270 4816 ipsos
1298 4748 1614 4818 alloquatur,
1639 4760 1693 4806 et
1713 4754 1790 4807 sic
1815 4754 1930 4811 illos
1955 4756 2167 4816 Christo

606 4830 812 4897 tradat,
858 4849 1041 4890 verum
1095 4839 1266 4906 palam
1316 4842 1666 4909 prmsentibus
1719 4846 1965 4903 omnibus
2016 4849 2163 4919 dicit,

607 4921 737 4976 Ecce
787 4939 947 4995 agnus
994 4925 1130 4983 Dei?
1182 4929 1259 4987 Ne
1306 4931 1574 4989 videretur
1623 4935 1750 4991 illud
1801 4936 1868 4992 de
1910 4936 2166 4997 industria

603 5011 799 5068 factum
824 5030 962 5071 esse.
1013 5017 1142 5073 Nam
1171 5022 1216 5076 si
1244 5022 1334 5078 illo
1359 5026 1581 5081 seorsim
1624 5026 1868 5084 hortante
1906 5031 1970 5084 ad
2007 5033 2164 5088 Chri-

602 5111 742 5158 stum
793 5105 1080 5174 abiisscnt,
1122 5118 1179 5164 ut
1224 5114 1446 5180 gratiam
1496 5115 1684 5172 Joanni
1738 5118 2029 5187 habentes,
2060 5124 2167 5177 cito

602 5190 828 5251 fortasse
883 5198 1196 5256 resiliissent
1224 5219 1236 5255 :
1270 5219 1411 5260 nunc
1460 5216 1636 5263 autem
1664 5223 1729 5264 ex
1758 5212 2027 5267 communi
2065 5212 2164 5268 do-

666 5338 968 5422 :Eav‘lll
982 5344 1183 5422 Aet-bipes:
1197 5420 1204 5422 Α
1216 5347 1278 5422 in
1289 5418 1297 5422 Δ
1309 5348 1466 5422 yorel
1475 5389 1494 5422 ._
1505 5356 1682 5420 _autem
1722 5350 1929 5417 legitur,
1952 5353 2187 5422 discipuli

594 5407 725 5471 capti
745 5408 852 5471 sunt
870 5407 933 5471 et
945 5407 1248 5471 sermonibus
1274 5409 1378 5471 ejus
1401 5410 1533 5461 victi.

656 5461 709 5511 ἀ
760 5463 962 5514 Uncinis
991 5470 1154 5515 clausa
1180 5461 1361 5517 desu'nt
1397 5473 1443 5518 in
1470 5473 1645 5526 Morel.

656 5461 729 5583 ibi
755 5524 909 5576 Erant
924 5528 1121 5583 quidam
1139 5531 1501 5583 catechumeni.
1526 5534 1612 5583 qui
1637 5552 1645 5583 ι

755 5524 1501 5603 Ειιξοιειυίειδῐιξρηςιεοὴιιιηθηὶ,
1526 5534 1612 5601 qui
1634 5524 1793 5603 usque
1816 5541 1876 5591 ad
1906 5550 2184 5596 extremum

594 5582 804 5638 ha‘itum
826 5582 1070 5653 baptisma
1093 5588 1373 5644 ditferrent.

1257 279 1314 337 Β.
1354 274 1627 334 JOANNIS
1665 271 2130 330 CiiltYSOSTOMl
2170 269 2486 327 ARClllEP.
2518 273 3044 334 CONSTANTlNOP.
3561 313 3565 316 ›
3729 289 3784 347 ιι

2248 385 2415 440 etrina
2446 387 2511 441 ad
2541 386 2808 447 Christmn
2838 395 3165 464 sequendum
3210 396 3430 463 inducti,
3461 399 3601 456 ﬁrmi
3632 415 3784 471 [)el'8l

2249 482 2424 530 terunt
2467 477 2744 547 discipuli,
2771 491 2954 552 utpote
2980 486 3067 552 qui
3097 501 3201 540 non
3230 487 3281 540 in
3309 487 3533 556 gratiam
3586 494 3784 562 magist

2246 568 2450 634 sequuti
2474 579 2671 635 essent,
2698 570 2789 625 sed
2819 575 3043 643 pr0prire
3067 577 3308 632 utilitatis
3332 594 3511 633 causa.
3537 580 3784 652 Prophet

2248 656 2427 724 utique
2453 666 2505 711 et
2533 660 2758 727 apostoli
2811 677 2999 718 omnes
3051 665 3323 722 absentem
3372 670 3516 724 illum
3563 675 3784 740 praedic:

2246 756 2399 812 runt;
2424 747 2495 802 illi
2520 760 2643 804 ante
2668 751 2973 821 adventum,
2998 754 3049 808 hi
3081 768 3197 825 post
3221 762 3643 829 assumptionem
3672 765 3784 832 ejus

2248 833 2333 889 hic
2375 852 2499 890 vero
2543 840 2686 894 solus
2724 852 3037 909 prtesentem
3086 847 3377 915 praedicat;
3412 850 3641 922 ideoque
3680 855 3783 907 iltu:

2246 926 2472 980 amicum
2521 931 2701 998 Sponsi
2724 931 2886 998 dicit,
2915 935 3036 1002 quia
3083 938 3281 1006 nuptiis
3328 940 3441 1007 ipse
3468 942 3617 1007 solus
3638 944 3784 997 adfui

2249 1016 2454 1071 Etenim
2495 1018 2605 1088 ipse
2633 1022 2810 1076 omnia
2857 1023 2978 1079 fecit
3006 1034 3058 1081 et
3089 1027 3309 1096 perfecit
3340 1045 3353 1081 :
3385 1029 3495 1099 ipse
3522 1033 3598 1087 rei
3628 1034 3784 1102 princ

2248 1110 2389 1178 pium
2431 1110 2596 1167 dedit.
2650 1111 2718 1165 Et
2741 1115 3010 1183 respiciens
3053 1117 3230 1172 Iesum
3273 1122 3612 1176 ambulantem
3661 1125 3784 1177 dixit

2246 1197 2379 1255 Ecce
2409 1218 2567 1272 agnus
2596 1203 2725 1268 Dei;
2754 1206 3040 1262 ostendens
3067 1223 3127 1264 se
3153 1225 3257 1264 non
3286 1225 3414 1267 voce
3444 1220 3652 1267 tantum
3676 1256 3691 1281 ,
3721 1230 3782 1269 se

2247 1300 2302 1345 et
2324 1293 2489 1347 oculis
2516 1294 2807 1350 testiﬁcari.
2856 1297 3142 1353 Mirabatur
3167 1300 3361 1370 quippe
3390 1301 3666 1358 Christum
3694 1320 3784 1374 gat

2246 1380 2382 1437 dens
2407 1392 2461 1437 et
2484 1386 2781 1441 exsultans.
2834 1386 3016 1458 Neque
3041 1390 3222 1444 statim
3252 1391 3531 1458 hortatur,
3562 1393 3659 1448 sed
3687 1396 3784 1448 intt

2250 1472 2350 1526 rim
2391 1484 2703 1543 praesentem
2739 1476 2962 1533 miratur
3005 1485 3204 1534 tantum
3248 1490 3302 1535 et
3344 1481 3784 1553 obstupescit;dt

2248 1577 2482 1635 numque
2531 1568 2671 1637 quod
2722 1569 2943 1625 allatum
2995 1580 3213 1627 venerat
3266 1575 3528 1641 ostendit,
3585 1576 3784 1646 itemqn

2252 1658 2574 1724 purgationis
2603 1658 2841 1713 modum.
2865 1666 3046 1729 Agnus
3075 1662 3267 1731 quippe
3297 1662 3413 1718 haec
3450 1666 3611 1720 ambo
3646 1665 3784 1722 dect:

2251 1752 2350 1798 rat.
2373 1744 2553 1814 Neque
2572 1748 2723 1814 dixit,
2746 1748 2845 1816 Qui
2866 1749 3170 1806 sublaturus
3200 1762 3303 1819 est,
3337 1753 3436 1819 vel,
3463 1754 3563 1822 Qui
3586 1756 3781 1810 sustuli

2252 1836 2345 1889 sed
2366 1876 2380 1899 ,
2415 1836 2514 1903 Qui
2548 1837 2679 1892 tollit
2729 1851 2931 1909 peccata
2966 1843 3140 1897 mundi
3153 1858 3172 1907 ;
3199 1852 3378 1914 utpote
3413 1847 3501 1915 qui
3530 1846 3582 1901 id
3610 1862 3784 1918 sempt

2254 1925 2429 1980 iaciat.
2460 1927 2640 1997 Neque
2664 1930 2804 1984 enim
2835 1942 2958 1988 tunc
3003 1932 3173 1988 solum
3218 1935 3431 1990 sustulit
3468 1950 3589 1991 cum
3636 1953 3783 2007 ρειεει

2253 2024 2353 2082 est,
2387 2017 2479 2072 sed
2509 2033 2575 2073 ex
2619 2019 2709 2074 illo
2736 2021 2803 2076 ad
2846 2022 2951 2079 hoc
2990 2038 3157 2094 usque
3186 2035 3392 2095 tempus
3421 2027 3554 2081 tollit
3584 2039 3784 2097 peccat:

2255 2120 2358 2160 non
2388 2122 2600 2177 semper
2631 2112 2916 2168 cruciﬁxus
2941 2114 3143 2185 (unum
3172 2116 3312 2171 enim
3341 2132 3437 2187 pro
3465 2120 3696 2188 peccatis
3724 2122 3784 2175 nl

2255 2198 2373 2252 tulit
2423 2201 2819 2273 sacriﬁcium),
2851 2205 2944 2260 sed
2992 2222 3207 2276 semper
3255 2209 3356 2264 hoc
3403 2225 3510 2265 uno
3560 2211 3784 2266 sacriﬁci

2255 2287 2512 2357 puriﬁcat.
2537 2290 2985 2358 Quemadmodum
3012 2296 3170 2365 igitur
3193 2297 3423 2354 Verbum
3451 2302 3784 2356 excellentia:

2254 2379 2522 2447 ostendit,
2552 2391 2604 2436 et
2631 2382 2797 2438 Filius
2823 2389 3179 2456 pratstantiam
3214 2404 3317 2460 qua
3352 2389 3470 2445 aliis
3508 2393 3781 2447 antecellit

2257 2471 2337 2527 sic
2360 2487 2549 2543 agnus,
2576 2484 2628 2529 et
2653 2476 2891 2532 Christus
2911 2518 2927 2543 ,
2955 2489 3008 2534 et
3040 2480 3318 2550 propheta,
3345 2482 3433 2536 lux
3457 2498 3578 2539 vera
3602 2526 3617 2550 ,
3646 2495 3779 2554 pasti

2255 2561 2425 2618 bonus
2445 2605 2460 2629 ,
2489 2573 2544 2620 et
2571 2582 2919 2638 quantumque
2955 2569 3022 2625 de
3066 2571 3157 2626 illo
3200 2572 3445 2629 dicuntur
3471 2590 3589 2630 cum
3616 2579 3784 2632 articn

2254 2655 2642 2724 additamento,
2672 2661 2890 2715 multam
2931 2678 3041 2733 pra:
3082 2677 3142 2720 se
3184 2663 3361 2721 ferunt
3407 2666 3783 2724 distinctioneu

2255 2744 2385 2800 Nam
2412 2749 2561 2803 multi
2588 2759 2739 2805 erant
2762 2753 2901 2821 agni,
2934 2754 3223 2823 praphetaz,
3253 2756 3459 2821 christi,
3494 2758 3615 2824 ﬁlii;
3644 2760 3736 2816 sed
3761 2777 3784 2815 a

2257 2835 2360 2891 illis
2380 2839 2626 2893 omnibus
2651 2840 2807 2911 longe
2832 2842 2993 2897 distat
3017 2844 3150 2914 ipse.
3173 2844 3354 2915 Neque
3373 2847 3596 2901 articulo
3623 2859 3784 2903 tantm

2257 2923 2309 2977 id
2336 2927 2682 2994 conﬁrmavit,
2706 2931 2797 2984 sed
2822 2933 2979 2987 etiam
3004 2933 3359 2990 additamento
3384 2937 3666 3006 Unigeniti.
3689 2939 3784 2993 Nili

2262 3016 2405 3070 enim
2435 3018 2535 3087 ipsi
2582 3034 2864 3077 commune
2901 3038 3019 3078 cum
3064 3035 3305 3080 creatura
3348 3037 3447 3083 est.
3496 3028 3643 3095 Quod
3671 3031 3713 3085 si
3744 3047 3784 3085 cn

2258 3114 2406 3160 extra
2439 3117 2646 3178 tempus
2693 3110 2889 3166 dictum
2938 3112 3197 3179 videatur,
3244 3116 3372 3170 hora
3403 3133 3591 3188 nempe
3618 3119 3784 3176 decim

2260 3195 2416 3267 (nam
2447 3197 2547 3253 hoc
2579 3208 2851 3269 tempore,
2877 3200 3020 3256 Hora
3042 3213 3147 3257 erat
3175 3206 3318 3273 quasi
3344 3205 3536 3261 decium
3558 3249 3573 3273 ,
3597 3209 3766 3279 inquit

2263 3286 2345 3341 hic
2383 3298 2529 3343 certe
2571 3290 2699 3343 mihi
2742 3292 2896 3360 longe
2939 3293 3189 3349 aberrare
3234 3295 3463 3350 videtur.
3513 3297 3641 3352 Nam
3686 3315 3784 3368 apu

2261 3379 2453 3434 multos
2481 3379 2693 3449 quidem
2723 3395 2906 3436 eorum
2936 3384 3023 3453 qui
3051 3386 3197 3438 carni
3225 3387 3500 3452 serviunt,
3535 3399 3654 3458 post
3681 3406 3778 3444 sun

2262 3478 2407 3538 ptum
2439 3470 2714 3539 prandium
2741 3486 2847 3527 non
2876 3473 3081 3529 videtur
3098 3489 3448 3545 opportunum
3477 3494 3595 3535 esse
3624 3490 3779 3551 temp:

2261 3558 2328 3613 ad
2371 3575 2457 3615 res
2500 3562 2667 3617 serias
2722 3563 3062 3632 tractandas,
3093 3566 3236 3637 quod
3279 3568 3519 3624 ciborum
3562 3570 3697 3625 mole
3734 3586 3784 3627 Ct

2263 3650 2518 3707 obruatur
2550 3672 2563 3708 :
2598 3654 2685 3708 ubi
2727 3664 2903 3711 autem
2935 3658 3014 3711 vir
3038 3666 3154 3712 erat
3180 3660 3269 3728 qui
3310 3675 3377 3714 ne
3419 3663 3681 3716 communi
3706 3666 3783 3732 qui

2264 3742 2382 3797 dem
2405 3744 2523 3797 cibo
2552 3754 2789 3800 uteretur
2810 3788 2826 3813 ,
2856 3747 3049 3817 quique
3073 3748 3233 3803 etiam
3281 3765 3505 3820 vespere
3532 3751 3598 3805 ita
3624 3753 3780 3807 sobrii

2265 3841 2318 3887 et
2344 3832 2474 3889 levis
2497 3845 2632 3898 erat,
2659 3845 2712 3890 ut
2741 3850 2837 3890 nos
2858 3852 3040 3892 sumus
3064 3839 3333 3895 matutinis
3360 3840 3525 3907 horis,
3551 3843 3655 3898 imo
3678 3844 3784 3913 long,1

2265 3924 2432 3994 magis
2459 3922 2628 3997 (apud
2655 3940 2752 3981 nos
2781 3928 2920 3981 enim
2970 3942 3110 3998 saepe
3144 3931 3434 4000 vespertini
3462 3932 3563 3987 cibi
3592 3934 3783 4002 reliqui

2218 4078 2223 4083 ο
2266 4012 2320 4069 in
2353 4015 2578 4083 imagine
2624 4027 2933 4085 versantur;
2987 4019 3076 4074 ille
3122 4033 3247 4075 vero
3273 4021 3415 4075 nulla
3448 4038 3506 4077 re
3532 4022 3784 4092 hujusmoc

2266 4105 2560 4160 naviculam
2609 4109 2943 4178 gravabat):
2970 4110 3092 4178 jure
3133 4112 3346 4180 vesperi
3388 4112 3455 4167 de
3493 4113 3647 4168 rebus
3684 4113 3784 4169 hist

2267 4193 2594 4265 loquebatur.
2622 4197 2704 4252 Ad
2730 4198 2842 4253 ha:c
2872 4213 2997 4253 vero
3025 4200 3076 4253 in
3102 4199 3315 4255 deserto
3343 4201 3496 4256 sedes
3526 4201 3748 4258 habebat
3773 4221 3784 4257 t

2268 4300 2432 4355 prone
2459 4287 2775 4355 Jordanem,
2823 4304 2928 4358 quo
2972 4304 3159 4345 omnes
3209 4305 3330 4346 cum
3371 4299 3596 4347 tremore
3642 4308 3784 4363 magn

2268 4375 2335 4430 ad
2362 4376 2679 4445 baptismum
2732 4379 3121 4449 properabant,
3154 4395 3338 4450 parum
3385 4382 3653 4437 smcnlaria
3703 4392 3783 4437 lux:

2268 4475 2551 4521 curantes:
2579 4468 2999 4538 quandoquidem
3040 4484 3164 4524 cum
3202 4469 3413 4526 Christo
3459 4488 3553 4542 per
3599 4472 3784 4529 tridqu

2264 4554 2433 4625 jejuni
2464 4566 2884 4625 perseverarunt.
2926 4557 3036 4613 Hoc
3072 4559 3214 4614 enim
3238 4562 3494 4631 prmconis
3516 4564 3740 4622 strenui.
3776 4582 3784 4616 ι

2268 4651 2494 4702 accurati
2518 4649 2761 4718 agricola
2790 4665 2923 4720 opus
2951 4659 3047 4715 est,
3074 4666 3176 4705 non
3204 4663 3329 4707 ante
3357 4652 3642 4715 discedere,
3670 4671 3784 4722 qua:

2267 4738 2441 4794 videat
2482 4740 2694 4794 insitum
2737 4740 2956 4796 verbum
3006 4742 3212 4797 radices
3257 4758 3471 4812 ponere.
3514 4743 3616 4799 Cur
3650 4757 3784 4799 aute:

2268 4842 2375 4885 non
2406 4838 2566 4885 totam
2609 4832 2907 4901 peragravit
2932 4831 3198 4897 Judaeam,
3224 4841 3284 4887 ut
3313 4834 3461 4888 illum
3495 4834 3784 4903 praedicaret

2268 4918 2361 4974 sed
2388 4934 2543 4975 secus
2568 4919 2760 4976 ﬂunien
2780 4922 2943 4989 stetit,
2970 4932 3285 4992 exspectans
3306 4940 3449 4988 eum,
3478 4934 3533 4978 ut
3552 4924 3784 4979 adveniet:

2269 5020 2375 5065 tem
2401 5012 2748 5067 ostenderet?
2792 5013 2924 5080 Quia
2968 5014 3094 5069 illud
3122 5030 3217 5084 per
3242 5030 3402 5085 opera
3430 5015 3541 5071 ﬁeri
3581 5015 3775 5070 volebat

2270 5090 2320 5155 id
2351 5118 2479 5157 vero
2509 5104 2717 5158 interim
2746 5104 2996 5170 curabat,
3027 5113 3084 5158 ut
3110 5106 3259 5159 illum
3292 5116 3472 5160 notum
3505 5105 3695 5162 faceret
3714 5147 3730 5173 ,
3761 5122 3784 5159 a

2269 5191 2581 5260 quibusdam
2630 5194 2912 5259 suaderet,
2943 5203 3000 5249 ut
3046 5204 3298 5251 aeternam
3349 5198 3508 5251 vitam
3560 5199 3783 5253 audiren:

2268 5280 2435 5351 Majus
2476 5292 2653 5338 autem
2682 5283 2779 5353 ipsi
2807 5284 3057 5354 relinquit
3111 5286 3503 5351 testimonium,
3536 5302 3626 5356 per
3663 5304 3784 5357 oper

2269 5373 2719 5439 conﬁrmandum;
2776 5374 3219 5445 quemadmodum
3253 5377 3364 5445 ipse
3402 5376 3564 5432 dicit:
3595 5377 3698 5448 Ego
3723 5396 3784 5432 no

2269 5463 2331 5517 ab
2360 5463 2556 5516 homine
2602 5463 2791 5533 accipio
2820 5463 3157 5519 testimonium
3181 5480 3199 5518 :
3227 5481 3380 5534 opera
3404 5467 3534 5520 enim
3556 5484 3661 5534 qua:
3690 5469 3783 5520 ded

2270 5553 2395 5609 mihi
2427 5552 2597 5620 Pater,
2629 5555 2733 5610 haec
2753 5565 2866 5609 sunt
2890 5570 3001 5625 qua:
3026 5556 3358 5624 testificantur
3380 5558 3443 5611 de
3465 5575 3542 5613 me
3566 5557 3741 5629 (Joan.
3766 5561 3784 5611 ἓ

2274 5644 2341 5701 54
2370 5654 2415 5698 et
2443 5645 2567 5715 35).
2625 5645 2752 5701 Vide
2803 5660 2957 5715 quam
3009 5630 3277 5702 efﬁcacius
3324 5645 3451 5703 illud
3492 5659 3645 5705 esset.
3690 5647 3784 5717 Qui
