4012 6194
400 224 504 285 115

392 346 594 415 ιὶαγεν,
631 344 685 398 '0
712 343 908 397 ὀπίσω
932 358 1050 412 μου
1077 338 1426 411 ἐρχόμενος,
1465 337 1812 409 ἔμπροσθέν
1849 352 1964 402 μου

389 431 610 503 γέγονε,
639 432 755 491 καὶ.
780 431 862 485 δτι
886 430 1006 484 Οὐκ
1021 430 1140 497 ειμί
1178 427 1387 494 ἱκανὸς
1410 427 1600 482 λῦσαι
1620 425 1730 480 τὸν
1752 421 1966 495 ἱμάντα

390 520 492 576 τοῦ
509 518 895 588 ὑποδήματος
911 515 1117 578 αὐτοῦ,
1133 515 1324 569 οὐδένα
1344 509 1508 569 εἷλενσ
1525 515 1615 568 δτε
1637 515 1694 568 δέ
1714 512 1964 585 περὶτῆς

387 606 690 678 οἰκονομίας
717 604 982 676 διελέχθη,
1009 603 1102 657 καὶ
1132 604 1224 657 ἐπὶ
1251 603 1313 656 τὸ
1344 602 1727 673 ταπεινότερον
1754 601 1847 654 τὸν
1877 599 1966 652 λό-

386 711 480 765 γον
506 696 678 768 ήγαγε
701 707 751 760 ι,
780 693 901 747 τότε
926 691 1298 764 ἠκολούθησαν
1331 693 1382 745 οἰ
1418 689 1678 762 μαθηταί.
1704 689 1778 743 Οὐ
1807 688 1965 743 τοῦτο

385 782 441 837 δὲ
488 784 647 853 μόνον
695 782 812 835 ἐστι
856 780 1113 847 κατιδεῖν,
1146 779 1261 833 ἀλλ’
1306 779 1388 832 ὅτι
1434 779 1529 831 καὶ
1557 779 1654 848 οὐχ
1693 777 1867 841 οὕτως
1911 778 1960 831 οί

386 868 567 923 πολλοὶ
596 869 985 942 προσάγονται,
1016 868 1147 922 όταν
1176 883 1232 919 τι
1268 866 1411 937 μέγα
1454 867 1548 919 καὶ
1581 864 1784 936 ὑψηλὸν
1836 865 1966 936 περὶ

384 956 516 1012 Θεοῦ
549 955 793 1029 λέγηται,
825 955 900 1020 ὡς
925 955 1051 1009 ὅταν
1075 954 1311 1027 χρηστὸν
1338 954 1430 1006 καί
1460 952 1841 1025 φιλάνθρωπον
1871 952 1967 1005 καὶ

382 1046 462 1110 εἰς
506 1045 605 1117 τήν
654 1043 763 1098 τῶν
812 1043 1124 1098 ἀκουόντων
1163 1040 1468 1112 ἀνθρώπων
1502 1040 1774 1111 σωτηρίαν
1803 1036 1960 1114 ἧκον.

386 1134 661 1189 Ἤκουσαν
697 1130 829 1202 γοῦν
867 1132 950 1185 δτι
982 1132 1128 1201 αἴρει
1165 1129 1262 1202 τήν
1297 1127 1569 1200 ἁμαρτίαν
1602 1127 1698 1183 τοῦ
1734 1129 1965 1200 κόσμου,

381 1222 470 1275 καὶ
509 1220 718 1284 εὐθέως
760 1220 1090 1292 ἐπέδραμον,
1130 1218 1197 1272 Εἰ
1232 1216 1342 1289 γάρ
1373 1215 1518 1293 ἔστιν
1560 1215 1967 1270 ἀπολούσασθαι

378 1308 444 1362 τά
475 1308 824 1380 ἐγκλήματα,
861 1308 1009 1371 τίνος
1039 1307 1249 1371 ἕνεκεν,
1285 1305 1468 1376 φησὶν,
1514 1302 1966 1376 ἀναϐαλλόμεθα;

377 1397 647 1469 πάρεστιν
670 1397 699 1450 6
724 1396 897 1468 χωρὶς
924 1394 1102 1449 πόνων
1124 1391 1504 1465 ἐλευθερώσων
1532 1393 1707 1463 ἡμᾶς·
1737 1391 1855 1456 πῶς
1878 1388 1971 1447 οῦν

376 1485 481 1539 οὐκ
497 1484 740 1555 ἐσχάτης
760 1483 948 1548 ἀνοίας
968 1479 1352 1554 ὑπερτίθεσθαι
1377 1480 1476 1553 τήν
1496 1479 1737 1553 δωρεάν;
1756 1479 1973 1535 ’Δκουέ-

376 1592 566 1629 τωσαν
588 1576 641 1628 οἰ
680 1573 1100 1645 κατηχούμενοι,
1132 1570 1227 1625 καὶ
1255 1570 1392 1642 πρὸς
1427 1570 1665 1639 ἐσχάτας
1694 1569 1970 1634 ἀναπνοὰς

379 1662 484 1730 τὴν
507 1660 718 1715 οἰκείαν
740 1658 1159 1730 ἀναϐαλλόμενοι
1186 1656 1478 1727 σωτηρίαν.
1506 1656 1677 1710 Πάλιν
1699 1657 1964 1729 είστήκει,

380 1747 572 1815 φησὶν,
596 1749 626 1800 ό
661 1746 908 1817 Ἰωάννης
929 1746 1022 1800 καὶ
1044 1744 1190 1813 λέγει
1204 1760 1218 1774 ·
1246 1742 1361 1798 Ἴδε
1382 1745 1417 1798 ὁ
1434 1742 1626 1813 ἀμνὸς
1660 1742 1771 1797 τοῦ
1791 1742 1960 1799 Θεοῦ.

374 1835 550 1888 οὐδὲν
588 1837 619 1890 6
656 1835 893 1908 Χριστὸς
933 1832 1273 1902 διαλέγεται,
1314 1829 1453 1886 ἀλλά
1505 1829 1683 1885 πάντα
1729 1832 1956 1895 ἐκεῖνος.

375 1923 527 1997 [105]
557 1923 718 1979 υῦτω
756 1926 849 1979 καὶ
880 1925 973 1977 ἐπὶ
1000 1922 1094 1977 τοῦ
1127 1921 1360 1993 νυμφίου
1394 1920 1625 1990 γίνεται.
1655 1921 1769 1976 Οὐκ
1801 1921 1962 1986 αὑτός

371 2029 424 2065 τι
457 2012 607 2080 λέγει
657 2011 796 2083 πρὸς
822 2012 921 2083 τήν
958 2009 1177 2081 νύμφην
1218 2009 1389 2074 τέως,
1432 2008 1568 2063 ἀλλά
1598 2008 1833 2081 πάρεστι
1865 2010 1963 2081 μέν

374 2103 522 2173 σιγῇ,
549 2099 734 2170 ἐτεροι
759 2099 816 2153 δὲ
851 2098 1014 2152 αὐτὸν
1039 2097 1257 2169 δηλοῦσι
1279 2097 1374 2151 καὶ
1400 2095 1499 2167 τὴν
1527 2095 1769 2168 νύμφην,
1794 2097 1966 2168 ἐγχει-

375 2187 583 2259 ρίζουσι
610 2187 673 2240 δὲ
719 2187 898 2260 ἕτεροι
918 2202 932 2216 ·
965 2185 1105 2256 αὕτη
1148 2185 1206 2238 δὲ
1239 2184 1489 2255 φαίνεται
1526 2184 1709 2255 μόνον,
1739 2184 1835 2239 καὶ
1864 2185 1966 2239 οὐκ

374 2277 461 2343 ἀφ’
491 2274 691 2329 ἑαυτοῦ
719 2273 927 2345 ταύτην
957 2274 1146 2327 ἀπεισι
1180 2270 1386 2337 λαϐὼν,
1417 2271 1533 2326 ἀλλ’
1566 2271 1757 2344 ἐτέρου
1790 2288 1963 2343 ’παρα⁸

371 2362 549 2427 δόντος
579 2362 777 2434 αὐτήν.
804 2359 976 2416 Ὀταν
1024 2359 1081 2414 δὲ
1127 2359 1266 2432 λάϐῃ
1318 2358 1741 2430 παραδοθεῖσαν,
1790 2357 1965 2424 οὕτως

371 2448 541 2521 αὐτὴν
573 2449 907 2519 διατίθησιν,
944 2447 1019 2510 ὠς
1059 2447 1259 2517 μηκέτι
1289 2446 1599 2517 μεμνῆσθαι
1622 2446 1731 2500 τῶν
1760 2462 1959 2515 κατεγ-

370 2537 718 2606 γυησάντων.
746 2535 916 2590 Τοῦτο
940 2535 1035 2589 καὶ
1059 2536 1152 2588 ἐπὶ
1177 2534 1269 2588 τοῦ
1298 2534 1534 2606 Χριστοῦ
1560 2524 1801 2604 γέγονεν.
1826 2530 1961 2589 Ἦλ-

369 2626 459 2679 θεν
485 2626 871 2698 ἁρμοσάμενος
898 2626 997 2696 τὴν
1033 2623 1355 2694 Ἐκκλησίαν
1376 2639 1388 2653 ·
1417 2622 1570 2677 οὐδὲν
1599 2624 1760 2688 αὐτὸς
1784 2619 1956 2692 εἶπεν,

368 2713 505 2768 ἀλλά
534 2712 876 2785 παρεγένετο
910 2710 1100 2781 μόνον·
1125 2712 1153 2764 6
1179 2709 1238 2763 δέ
1272 2709 1424 2780 φίλος
1459 2709 1624 2764 αὐτοῦ
1648 2712 1677 2764 6
1710 2710 1962 2782 Ἰωάννης

366 2802 464 2872 τὴν
489 2801 680 2867 δεξιὰν
707 2800 930 2870 ἐνέθηκε
957 2802 1056 2870 τῆς
1082 2797 1320 2869 νύμφης,
1339 2798 1426 2852 διά
1451 2798 1563 2853 τῶν
1587 2798 1759 2867 λόγων
1786 2800 1961 2868 ἐγχει-

371 2892 530 2961 ρίσας
559 2888 717 2959 αὐτῷ
744 2887 840 2952 τάς
869 2886 1048 2958 ψυχάς
1075 2885 1184 2939 τῶν
1216 2885 1540 2957 ἀνθρώπων.
1572 2884 1770 2940 Λαϐὼν
1802 2884 1963 2948 αὐτὸς

365 2977 583 3034 λοιπὸν.
610 2976 789 3039 οὕτως
818 2975 1017 3038 αὐτοὺς
1059 2972 1331 3043 διέθηκεν,
1359 2973 1435 3036 ὡς
1473 2971 1671 3042 μηκέτι
1702 2972 1839 3043 πρὸς
1876 2972 1966 3025 τὸν

368 3064 774 3135 ἐγχειρίσαντα
814 3062 1091 3117 ἀπελθεῖν.

378 3200 381 3201 ,
448 3153 609 3223 β’.οὺ
628 3149 789 3203 τοῦτο
809 3150 866 3203 δέ
886 3149 1046 3220 μόνον
1060 3146 1253 3212 δ,ἀλλά
1273 3146 1367 3200 καὶ
1381 3144 1469 3198 ’ἐτε
1478 3162 1570 3214 ρον
1585 3144 1731 3197 ἔστιν
1742 3141 1973 3198 ἐνταῦθα

371 3238 803 3310 παρατηρῆσαι.
860 3236 1127 3307 Καθάπερ
1154 3235 1262 3307 γάρ
1296 3235 1391 3286 ἐπὶ
1422 3234 1532 3287 τῶν
1566 3234 1757 3304 γάμων
1789 3234 1887 3305 ούχ
1936 3234 1968 3304 ή

372 3327 516 3398 κόρη
544 3324 687 3399 πρὸς
704 3325 795 3379 τὸν
811 3324 1043 3395 νυμφίον
1067 3324 1304 3385 ἄπεισιν,
1330 3320 1448 3375 ἀλλ’
1459 3315 1614 3383 οὗτος
1640 3320 1775 3391 πρὸς
1802 3319 1969 3390 αὐτὴν

365 3417 687 3485 ἐπείγεται,
720 3412 821 3468 κᾶν
853 3413 1119 3483 βασιλέως
1147 3406 1261 3476 υίὸς
1286 3406 1341 3485 ᾖ,
1374 3411 1479 3465 κᾶν
1501 3409 1691 3481 εὐτελῆ
1723 3426 1845 3464 τινα
1874 3411 1968 3464 καὶ

366 3499 836 3575 ἀπερριμμένην,
897 3498 1002 3553 κᾶν
1060 3497 1413 3568 θεραπαινίδα
1482 3495 1964 3568 κατεγγυήσασθαι

370 3591 542 3662 μέλλῃ
562 3606 580 3621 ο
601 3587 748 3642 οὕτω
769 3587 863 3641 καὶ
886 3585 1118 3641 ἐνταῦθα
1142 3585 1337 3654 συνέϐη
1360 3597 1407 3640 ο.
1436 3586 1550 3641 Ούκ
1574 3586 1654 3649 εἰς
1681 3585 1773 3637 τὸν
1799 3585 1957 3655 ούρα-

366 3681 459 3733 νδν
482 3677 693 3750 ἀνῆλθε
725 3677 835 3731 τῶν
854 3673 1159 3748 ἀνθρώπων
1184 3676 1217 3744 ή
1251 3674 1434 3743 φύσις,
1474 3672 1590 3726 ἀλλ’
1628 3671 1789 3737 αὐτὸς
1826 3671 1962 3744 πρὸς

366 3766 464 3839 τὴν
496 3764 983 3836 εὐκαταφρόνητον
1014 3762 1215 3833 ταύτην
1247 3761 1340 3815 καὶ
1368 3759 1562 3831 εὐτελῆ
1585 3762 1925 3832 παραγέγονε
1944 3775 1957 3787 ο

369 3856 463 3907 καὶ
497 3850 818 3923 γενομένων
844 3850 952 3904 τῶν
982 3851 1177 3920 γάμων
1204 3847 1253 3915 δ,
1283 3848 1383 3902 οὐκ
1411 3849 1590 3902 εἴασεν
1610 3846 1844 3902 ἐνταῦθα
1866 3846 1961 3919 μέ-

367 3958 481 3995 νειν
508 3940 693 4013 αὐτὴν
724 3938 931 4004 λοιπὸν,
961 3938 1097 3993 ἀλλά
1133 3935 1486 4007 παραλαϐὼν,
1523 3935 1659 4008 πρὸς
1691 3936 1781 3989 τὸν
1813 3929 1960 3990 οἶκον

367 4029 626 4101 ἀνήγαγε
651 4027 742 4080 τὸν
772 4026 1055 4097 πατρικόν.
1107 4026 1173 4079 Τί
1214 4025 1414 4097 δήποτε
1447 4023 1505 4077 δὲ
1548 4023 1608 4077 ού
1656 4021 1777 4078 κατ’
1826 4022 1961 4078 ἰδίαν

367 4117 650 4191 λαμϐάνει
675 4118 801 4179 τοὺς
827 4115 1073 4187 μαθητάς
1099 4116 1225 4179 τοὺς
1245 4112 1460 4179 ἑαυτοῦ,
1483 4113 1578 4167 καὶ
1600 4112 1731 4184 περί
1757 4112 1962 4167 τούτων

367 4210 553 4274 αὐτοῖς
573 4206 887 4277 διαλέγεται
901 4207 929 4259 ὁ
952 4206 1226 4274 Ἰωάννης,
1248 4203 1343 4257 καὶ
1370 4201 1542 4265 οὕτως
1568 4201 1765 4266 αὐτοὺς
1780 4201 1963 4255 δίδωσι

373 4309 397 4338 ε
440 4299 520 4371 τῷ
570 4294 817 4369 Χριστῷ,
866 4293 1003 4348 ἀλλά
1050 4292 1287 4365 δημοσίᾳ
1333 4290 1474 4361 μετά
1517 4289 1735 4344 πάντων
1782 4290 1965 4354 αὐτοῖς

369 4405 538 4460 φησιν
561 4402 578 4418 ·
638 4384 751 4441 Ἴδε
780 4387 813 4439 ό
847 4382 1038 4453 ἀμνὸς
1071 4380 1181 4435 τοῦ
1218 4379 1406 4446 Θεοῦ;
1445 4380 1564 4435 ’Ὶνα
1589 4379 1665 4452 μή
1867 4397 1962 4433 συ-

373 4478 582 4549 σκευῆς
611 4469 751 4528 εἶναι
778 4472 840 4527 τδ
866 4472 1046 4542 ἔργον.
1073 4471 1138 4525 Εἰ
1172 4469 1272 4541 μὲν
1311 4469 1422 4541 7&9
1462 4467 1593 4541 παρ’
1638 4469 1804 4524 αὑτοῦ
1841 4467 1962 4523 κατ’

374 4564 514 4617 ἰδίαν
544 4559 994 4634 παρακληθέντες
1020 4556 1286 4629 ἀπῄεσαν,
1342 4557 1437 4611 καὶ
1484 4557 1561 4623 ὡς
1616 4558 1776 4630 χάριν
1814 4555 1966 4628 αὐτῷ

373 4653 737 4724 παρέχοντες,
774 4646 979 4719 ταχέως
1005 4646 1072 4702 ἂν
1104 4647 1233 4709 ἴσως
1264 4646 1358 4699 καὶ
1377 4645 1765 4718 ἀπεπήδησανο
1791 4644 1889 4700 νῦν
1907 4644 1965 4699 δέ

371 4744 438 4796 ἐκ
464 4746 572 4814 τῆς
609 4739 796 4809 κοινῆς
827 4736 1125 4808 γενομένης
1158 4734 1503 4799 διδασκαλίας
1538 4735 1965 4806 καταδεξάμενοι

371 4830 473 4900 τὴν
499 4826 887 4899 ἀκολούθησιν,
923 4825 1134 4897 βέβαιοι
1163 4823 1347 4878 λοιπὸν
1380 4822 1570 4895 έμενον
1602 4823 1863 4896 μαθηταὶ,
1890 4822 1965 4889 ὡς

371 4921 435 4973 οὐ
460 4919 553 4973 διὰ
578 4917 680 4990 τὴν
718 4917 799 4980 εἰς
823 4914 914 4969 τὸν
942 4912 1259 4969 διδάσκαλον
1282 4912 1442 4985 χάριν
1478 4911 1963 4984 ἀκολουθήσαντες,

373 5009 491 5064 ἀλλ’
521 5004 834 5077 εἰλικρινῶς
871 5004 965 5057 καί¹
991 5002 1129 5075 πρὸς
1171 5002 1230 5056 τὸ
1262 5002 1450 5073 κέρδος
1484 5000 1721 5071 ὁρῶντες
1754 5001 1816 5054 τὸ
1838 5001 1964 5054 ἐαυ-

376 5093 508 5149 τῶν.
540 5092 608 5149 Ol
635 5094 736 5163 μὲν
767 5086 861 5146 οὖν
903 5090 1177 5162 προφῆται
1210 5090 1304 5145 καί
1349 5091 1396 5144 οἰ
1437 5089 1723 5144 ἀπόστολοι
1764 5090 1963 5152 πάντες

380 5180 590 5235 ἀπόντα
605 5179 773 5234 αὑτὸν
797 5180 1096 5252 ἐκήρυττον
1124 5195 1137 5208 ·
1163 5179 1213 5232 οἱ
1244 5178 1342 5249 μὲν
1367 5178 1473 5247 πρὸ
1501 5177 1600 5248 τῆς
1626 5176 1767 5231 κατά
1789 5176 1965 5247 σάρκα

384 5269 708 5340 παρουσίας,
739 5269 788 5321 οἰ
820 5267 876 5321 δὲ
908 5266 1046 5338 μετά
1069 5265 1169 5336 τὴν
1197 5264 1494 5337 ἀνάληψιν·
1527 5259 1680 5329 οὗτος
1720 5265 1777 5320 δέ
1810 5266 1966 5336 μόνος

382 5357 650 5426 παρόντα.
699 5355 792 5408 Διὸ
834 5356 930 5408 καὶ
971 5353 1123 5423 φίλον
1159 5353 1324 5408 αὐτὸν
1365 5352 1460 5405 τοῦ
1497 5353 1730 5422 νυμφίου
1777 5355 1961 5425 φησὶν,

383 5440 573 5511 ἐπειδὴ
603 5439 699 5493 καὶ
726 5441 782 5492 ἐν
814 5440 925 5502 τοῖς
954 5438 1153 5509 γάμοις
1202 5439 1367 5510 μόνος
1402 5435 1564 5500 αὐτὸς
1611 5438 1962 5509 παρεγένετο.

452 5600 479 5628 ⁸
517 5600 688 5650 Morel.
739 5602 907 5662 ἤγαγε,
945 5600 1094 5650 Savil.
1139 5603 1192 5649 el.
1238 5600 1381 5649 codd.
1421 5600 1530 5659 703,
1580 5601 1671 5650 706
1708 5620 1761 5651 κο

385 5658 513 5710 Infra
531 5662 681 5712 iidem
699 5663 874 5721 ἀνῆκον
894 5662 976 5712 ubi
997 5662 1132 5722 ἧκον.
1199 5660 1227 5700 b
1250 5660 1425 5710 Morel.
1439 5662 1578 5723 μόνον
1600 5664 1761 5713 αὐτοῦ.

510 5726 711 5786 γέγονεν.
758 5725 935 5785 Μοῖρι.
974 5725 1167 5780 συνέϐη,
1212 5724 1346 5786 «ιιιοᾴ
1379 5724 1583 5784 idipsum
1635 5735 1728 5775 est.
1797 5725 1824 5764 (ι
1871 5726 1969 5775 Alii

382 5781 795 5893 :Goﬁdﬁpﬁypdmv
883 5796 908 5826 ο
930 5781 1082 5835 Βαγὶι.
1127 5781 1427 5849 παρᾶδίδωσι
1451 5781 1570 5836 ’ςυιη
1593 5802 1723 5840 Sir-pc
1761 5788 1973 5838 laudatis

739 5602 907 5662 ἤγαγε,
945 5600 1094 5650 Savil.
1139 5603 1192 5649 el
1238 5599 1381 5649 codd.
1421 5598 1530 5659 705,
1580 5601 1671 5650 706
1708 5605 1968 5667 κατήγαγε.

739 5669 874 5713 νῆκον
894 5662 976 5712 ubi
997 5662 1132 5713 ἧκον.
1199 5660 1227 5700 ι)
1250 5660 1578 5713 MoreLuévov
1600 5664 1761 5713 αὐτοῦ.
1833 5668 1856 5695 ⁶
1882 5662 1968 5713 Sa-

1920 5681 1971 5711 a-

1400 221 1470 278 IN
1509 217 1834 280 JGANNEM
1874 215 2113 276 HOMIL.
2148 217 2338 275 XVIII.
2370 220 2443 275 al.
2484 220 2648 277 XVII.

2072 332 2182 388 Καὶ
2208 333 2318 405 7&9
2346 334 2506 397 αὐτὸς
2532 335 2705 388 πάντα
2733 335 2956 406 ἐποίησε
2987 337 3087 391 καὶ
3125 338 3480 394 ἀπετέλεσεν·
3510 345 3669 411 αὐτὸς

2070 416 2146 487 τῷ
2175 417 2461 489 πράγματι
2494 418 2593 488 τὴν
2621 420 2794 491 ἀρχὴν
2828 422 3093 493 παρέσχε.
3118 422 3233 477 Καὶ
3252 423 3556 493 ἐμϐλέψας
3584 429 3666 495 τῷ

2081 500 2286 567 Ἰησοῦ
2339 501 2784 569 περιπατοῦντι,
2819 502 2988 573 λέγει
3015 519 3028 533 ·
3063 505 3189 561 Ἴδε
3241 510 3275 560 ό
3323 507 3515 576 ἀμνὸς
3553 511 3660 566 τοῦ

2069 583 2233 640 Θεοῦ.
2278 582 2448 638 Τοῦτο
2493 580 2633 647 εἷπε,
2686 584 2901 650 δεικνὺς
2940 587 3024 640 δτι
3060 589 3123 642 οὐ
3155 592 3222 661 τῇ
3273 594 3424 662 φωνῇ
3475 592 3655 663 μόνον,

2065 666 2203 720 ἀλλά
2234 668 2328 721 καὶ
2354 670 2465 731 τοῖς
2492 666 2787 743 ὀφθαλμοῖς
2817 670 3122 742 ἐμαρτύρει
3145 688 3159 704 ·
3213 673 3310 726 καὶ
3354 674 3462 743 7&9
3491 675 3654 729 ἐθαύ-

2066 751 2204 820 μαζε
2235 751 2328 803 τὸν
2356 752 2590 823 Χριστὸν
2627 742 2832 824 χαίρων
2870 755 2967 808 καὶ
3009 755 3398 826 ἀγαλλόμενος.
3444 760 3553 813 Καὶ
3587 759 3650 814 ού

2064 837 2206 887 ποιεί
2248 831 2269 872 ί
2301 834 2391 888 τὸν
2418 834 2575 903 λόγον
2608 836 3016 907 παρακλητικὸν
3035 839 3195 902 τέως,
3222 839 3361 893 ἀλλά
3383 840 3651 912 θαυμάζει

2066 918 2228 986 μόνον
2259 919 2353 972 καὶ
2386 920 2745 991 ἐκπλήττεται
2767 920 2858 979 τὸν
2884 922 3128 992 παρόντα
3152 938 3168 954 ⁸
3201 924 3294 975 καὶ
3321 922 3419 993 τὴν
3443 923 3652 994 δωρεάν

2064 998 2121 1052 δέ
2156 1000 2341 1064 αὐτοῖς
2373 1002 2539 1055 πᾶσιν
2582 1001 2667 1070 ἐφ’
2708 1003 2774 1072 ήν
2821 1004 3155 1074 παρεγένετο
3201 1002 3369 1075 δηλοῖ,
3426 1006 3516 1059 καὶ
3556 1007 3655 1061 τὸν

2064 1082 2268 1152 τρόπον
2301 1082 2394 1136 τοῦ
2426 1083 2733 1155 καθαρμοῦ.
2764 1084 2822 1140 Ὀ
2842 1085 2950 1155 7&9
2971 1086 3142 1156 ἀμνὸς
3170 1087 3454 1157 ἀμφότερα
3477 1086 3650 1142 ταῦτα

2064 1163 2342 1234 ἐμφαίνει.
2376 1166 2486 1220 Καὶ
2509 1167 2610 1220 οὐκ
2640 1164 2815 1233 εἷπεν,
2857 1169 2915 1221 '0
2940 1168 3264 1241 ληψόμενος,
3303 1170 3337 1240 ἢ
3384 1171 3443 1224 Ὀ
3478 1172 3646 1242 ἄρας·

2068 1246 2216 1312 ἀλλ’,
2259 1248 2323 1302 '0
2359 1247 2543 1316 αἴρων
2565 1249 2674 1316 τὰς
2701 1250 2986 1319 ἁμαρτίας
3008 1251 3111 1305 τοῦ
3142 1253 3395 1321 κόσμου,
3426 1255 3500 1318 ὡς
3518 1255 3544 1293 ε
3565 1254 3652 1308 ἀεὶ

2066 1328 2228 1383 τοῦτο
2254 1329 2534 1394 ποιοῦντος
2556 1331 2744 1385 αὑτοῦ.
2777 1333 2854 1386 Ού
2880 1333 2988 1405 γάρ
3016 1334 3138 1387 τότε
3162 1335 3320 1405 μόνον
3349 1334 3538 1390 ἐλαϐεν
3563 1337 3658 1391 ὅτε

2069 1410 2290 1477 ἔπαθεν,
2325 1413 2440 1467 ἀλλ’
2471 1414 2530 1479 ἐξ
2555 1414 2762 1468 ἐκείνου
2792 1415 2956 1488 μέχρι
2976 1416 3070 1470 τοῦ
3097 1418 3363 1487 παρόντος
3388 1420 3529 1491 αίρει
3556 1419 3654 1484 τὰς

2069 1496 2363 1567 ἁμαρτίας,
2386 1495 2541 1569 [106]
2557 1497 2656 1551 ούκ
2675 1498 2762 1577 ἀεὶ
2788 1498 3189 1571 σταυρούμενος
3210 1502 3362 1572 (μίαν
3389 1501 3497 1574 γὰρ
3515 1504 3653 1575 ὑπὲρ

2065 1580 2349 1650 ἁμαρτιῶν
2392 1582 2736 1652 προσήνεγκε
2788 1583 3038 1653 θυσίαν),
3085 1584 3203 1639 ἀλλ’
3245 1587 3331 1640 ἀεὶ
3374 1587 3653 1658 καθαίρων

2060 1665 2149 1718 διὰ
2178 1665 2279 1735 τῆς
2312 1665 2443 1729 μιᾶς
2484 1666 2721 1738 ἐκείνης.
2754 1666 2965 1739 ’Ὠσπερ
3011 1663 3104 1721 οῦν
3141 1670 3276 1739 ἡμῖν
3316 1671 3346 1723 6
3389 1670 3562 1738 Λόγος
3587 1669 3650 1722 τὸ

2059 1745 2336 1817 ἐξαίρετον
2366 1746 2629 1816 δείκνυσι,
2656 1749 2753 1802 καί.
2790 1750 2819 1803 6
2852 1749 2982 1812 Υἰδς
3005 1750 3067 1803 τὸ
3093 1750 3491 1824 ἐξηλλαγμένον
3513 1751 3651 1823 πρὸς

2057 1831 2185 1894 τοὺς
2212 1830 2405 1895 ἀλλους
2435 1832 2692 1902 ἐμφαίνει
2717 1849 2730 1863 ·
2763 1832 2908 1887 οὕτω
2929 1833 3023 1887 καὶ
3051 1836 3079 1889 6
3108 1835 3302 1905 ἀμνὸς,
3337 1837 3433 1891 καὶ
3459 1838 3489 1889 6
3516 1838 3652 1907 Χριι

2060 1914 2207 1976 στδς,
2240 1914 2335 1967 καὶ
2364 1914 2393 1967 6
2418 1915 2726 1986 προφήτης.
2754 1916 2850 1970 καὶ
2874 1915 2937 1969 τὸ
2969 1916 3087 1986 φῶς
3114 1918 3174 1971 τὸ
3199 1919 3475 1989 ἀληθινὸν,
3509 1921 3603 1973 καὶ
3622 1920 3660 1972 όν

2061 1996 2267 2068 ποιμὴν
2295 1998 2324 2050 6
2352 1996 2534 2059 καλὸς,
2566 1998 2663 2051 καὶ
2689 1998 2790 2052 ὅσα
2824 1998 2891 2053 ἂν
2923 2001 3011 2053 ἐπ’
3058 2002 3222 2056 αὐτοῦ
3258 2002 3483 2074 λέγηται
3516 2003 3657 2074 μετά

2062 2078 2164 2150 τῆς
2194 2079 2222 2119 ιι
2245 2077 2340 2133 τοῦ
2374 2079 2577 2152 ἄρθρου
2619 2080 2940 2154 προσθήκης
2962 2125 2977 2148 ,
3015 2084 3150 2138 πολὺ
3197 2085 3436 2140 δείκνυσι
3482 2086 3543 2139 τὸ
3571 2085 3651 2140 δι·-

2062 2161 2389 2233 ωρισμένον.
2406 2162 2517 2216 Καὶ
2536 2162 2644 2234 γὰρ
2663 2164 2825 2234 ἀμνοί
2848 2160 2990 2236 ἦσαν
3010 2166 3214 2231 πολλοὶ,
3234 2168 3325 2222 καὶ
3355 2169 3658 2243 προφῆται..

2064 2244 2158 2301 καὶ
2187 2246 2419 2317 χριστοί,
2456 2247 2550 2300 καὶ
2601 2247 2704 2301 υἰοί
2728 2264 2740 2277 ⁸
2789 2248 2925 2302 ἀλλὰ
2967 2251 3185 2305 πάντων
3222 2252 3446 2307 ἐκείνων
3488 2252 3652 2306 αὑτὸν

2063 2327 2323 2399 ἀφίστησι
2356 2328 2537 2401 πολλῷ
2569 2329 2647 2399 τῷ
2674 2331 2844 2403 μέσῳ.
2869 2332 2980 2386 Καὶ
3008 2333 3127 2387 οὐδὲ
3152 2333 3230 2404 τῷ
3253 2333 3442 2406 ἀρθρῳ
3474 2334 3651 2405 τούτῳ

2060 2411 2394 2483 ήσφαλίσατο
2413 2413 2593 2484 μόνον,
2613 2412 2748 2469 ἀλλά
2776 2415 2870 2468 καὶ
2895 2418 2964 2487 τῇ
2993 2416 3088 2470 τοῦ
3116 2416 3456 2485 Μονογενοῦς
3482 2433 3651 2489 προσ-

2062 2496 2225 2567 θήκῃ.
2267 2495 2433 2550 Οὐδὲν
2487 2495 2599 2567 γὰρ
2637 2497 2785 2569 αὐτῷ
2817 2500 2995 2553 κοινὸν
3034 2500 3172 2570 πρὸς
3201 2501 3300 2573 τὴν
3338 2501 3537 2557 κτίσιν.
3587 2501 3653 2555 Et

2060 2578 2117 2632 δέ
2136 2594 2240 2632 τινι
2271 2577 2421 2650 παρά
2446 2579 2635 2652 καιρὸν
2654 2575 2793 2634 εἶναι
2822 2582 2989 2647 δοκεῖ,
3017 2583 3079 2636 τὸ
3108 2582 3227 2655 ὥρᾳ
3255 2583 3456 2656 δεκάτῃ
3478 2582 3654 2638 ταῦτα

2060 2660 2314 2730 λέγεσθαι
2358 2661 2485 2732 (καὶ
2526 2661 2635 2734 γάρ
2674 2658 2827 2728 οὗτος
2862 2667 2891 2719 6
2925 2666 3116 2737 καιρὸς
3155 2667 3277 2720 τότε
3308 2666 3409 2736 τῆς
3434 2666 3654 2738 ἡμέρας

2059 2742 2146 2817 ἦν’
2187 2746 2332 2815 Ὥρα
2359 2746 2468 2816 γάρ
2500 2742 2578 2818 ἦν
2603 2748 2683 2814 ὡς
2701 2747 2942 2816 δεκάτη,
2974 2749 3140 2821 φησιν
3162 2752 3201 2817 ).
3232 2750 3498 2820 ἐσφάλθαι
3522 2750 3654 2820 σφό-

2063 2830 2163 2902 δρα
2189 2832 2218 2885 6
2247 2829 2486 2894 τοιοῦτός
2515 2847 2605 2901 μοι
2628 2832 2795 2886 δοκεῖ.
2848 2833 2971 2887 Ἐπὶ
3004 2835 3105 2905 μέν
3144 2835 3252 2905 γὰρ
3295 2835 3405 2890 τῶν
3438 2834 3652 2890 πολλῶν

2064 2913 2156 2967 καὶ
2187 2915 2254 2983 τῇ
2282 2914 2447 2984 σαρκὶ
2472 2915 2853 2980 δουλευόντων,
2885 2918 3108 2980 εἰκότως
3135 2920 3164 2971 6
3191 2918 3330 2988 μετὰ
3355 2919 3455 2991 τήν
3477 2920 3654 2974 ἐστίαο

2068 3012 2152 3049 σιν
2204 2995 2394 3064 καιρὸς
2419 2997 2657 3050 σῦκ’έστι
2700 2997 2906 3068 σφόδρα
2934 3001 3240 3069 ἐπιτήδειος
3285 3003 3423 3073 πρός
3463 3020 3515 3055 τι
3544 3003 3652 3058 τῶν

2069 3076 2402 3145 ἀναγκαίων,
2433 3076 2521 3131 διὰ
2548 3076 2611 3130 τὸ
2639 3079 2739 3157 τῂν
2772 3079 3001 3148 καρδίαν
3025 3085 3138 3144 τοῖς
3186 3082 3374 3146 σιτίοις
3417 3083 3652 3157 βαρύνε-

2073 3157 2198 3212 σθαι
2221 3174 2234 3188 ο
2266 3158 2395 3211 ἔνθα
2415 3157 2472 3211 δέ
2499 3157 2638 3230 ἀνὴρ
2663 3155 2732 3231 ἦν
2767 3160 2889 3214 οὐδὲ
2915 3164 3011 3232 τῆς
3043 3163 3229 3233 κοινῆς
3262 3155 3503 3237 μετέχων
3527 3184 3657 3238 τρο-

2073 3240 2200 3311 φῆς,
2232 3239 2367 3295 ἀλλά
2392 3241 2484 3295 καὶ
2530 3239 2630 3309 τὴν
2682 3242 2921 3314 ἑσπέραν
2957 3245 3095 3314 μετά
3139 3246 3409 3319 τοσαύτης
3454 3248 3655 3318 διάγων

2068 3323 2300 3395 νήψεως,
2331 3324 2450 3394 μεθ’
2475 3325 2609 3395 ὅσης
2632 3326 2795 3394 ήμεῖς
2822 3326 2926 3381 ὑπὸ
2953 3327 3052 3399 τήν
3077 3328 3169 3393 ἔω,
3218 3331 3419 3400 μᾶλλον
3463 3332 3522 3385 δὲ
3561 3336 3652 3388 καὶ

2067 3406 2206 3475 μετά
2470 3405 2714 3472 πλείονος
2752 3409 2867 3478 (ἐπὶ
2906 3410 3007 3480 μὲν
3045 3410 3152 3484 γάρ
3190 3413 3346 3485 ήμῶν
3389 3415 3649 3483 πολλάκις

2061 3489 2161 3561 τῆς
2198 3489 2489 3561 ἑσπερινῆς
2515 3491 2721 3561 τροφῆς
2744 3490 2969 3562 λείψανα
2995 3495 3473 3567 ἐναπολειφθέντα,
3510 3516 3648 3569 φαν-

2060 3574 2209 3637 τάζει
2232 3573 2331 3644 τὴν
2350 3574 2544 3645 ψυχὴν,
2570 3576 2778 3638 ἐκεῖνος
2799 3575 2857 3631 δέ
2885 3578 3059 3634 οὐδενί
3086 3579 3105 3618 ⁸
3136 3581 3344 3638 τούτων
3374 3583 3437 3637 τὸ
3463 3582 3647 3641 πλοῖον

2060 3656 2389 3727 ἐϐάρυνεννι
2421 3657 2647 3723 εἰκότως
2680 3659 2775 3713 καὶ
2819 3659 3000 3732 δείλης
3028 3663 3187 3732 ὀψίας
3227 3666 3357 3737 περὶ
3388 3666 3647 3724 τοιούτων

2057 3739 2370 3808 ἐφθέγγετο.
2405 3738 2637 3796 Ἔπειτα
2667 3741 2763 3795 καὶ
2790 3742 2848 3797 ἐν
2879 3745 3072 3815 ἐρήμῳ
3097 3746 3525 3820 διέτριϐεπαρά
3556 3751 3652 3807 τὸν

2071 3823 2359 3897 Ἰορδάνην,
2382 3822 2509 3877 ἔνθα
2536 3825 2735 3888 πάντες
2768 3826 2908 3895 μετά
2929 3827 3124 3881 πολλοῦ
3151 3830 3246 3883 τοῦ
3270 3832 3480 3903 τρόμου
3511 3834 3652 3904 πρὸς

2055 3907 2117 3962 τδ
2149 3907 2436 3979 βάπτισμα
2475 3908 2751 3977 ἀπήντων,
2784 3909 2892 3963 τῶν
2927 3908 3198 3979 βιωτικῶν
3231 3912 3404 3984 βραχὺ
3429 3918 3652 3984 φροντι-

2060 3991 2242 4057 ζοντες
2268 3988 2410 4042 τότε·
2449 3989 2572 4042 ἐπεὶ
2596 3991 2690 4067 καὶ
2718 3990 2796 4060 τῷ
2820 3990 3045 4061 Χριστῷ
3066 3996 3216 4062 τρεῖς
3241 3994 3457 4066 ἡμέρας
3478 4012 3650 4067 προσ-

2059 4071 2458 4144 εκαρτέρησαν,
2506 4069 2603 4123 καὶ
2634 4064 2776 4141 ἦσαν
2819 4071 3017 4125 ἄσιτοι.
3068 4073 3240 4128 Τοῦτο
3277 4064 3388 4145 γὰρ
3418 4064 3650 4149 σφοδροῦ

2061 4156 2304 4227 κήρυκος
2333 4151 2439 4207 ,καὶ
2480 4150 2773 4220 ἐπιμελοῦς
2797 4151 3067 4221 γεωργοῦ,
3114 4154 3188 4227 μή
3224 4157 3489 4228 πρότερον
3518 4160 3651 4216 ἀπο.

2051 4238 2276 4306 στῆναι,
2325 4234 2429 4299 ἕως
2470 4232 2538 4287 ἂν
2581 4233 2664 4303 ίδῃ
2697 4233 3105 4303 κατασχεθέντα
3138 4237 3153 4288 i
3196 4239 3286 4292 τὸν
3317 4241 3651 4308 φυτευθέντα

2062 4319 2239 4388 λόγον.
2269 4316 2334 4370 Τί
2372 4316 2570 4388 δήποτε
2601 4315 2658 4369 δὲ
2683 4317 2743 4370 ού
2780 4315 3041 4388 περιῆλθε
3073 4321 3349 4393 πανταχοῦ
3373 4322 3473 4394 τῆς
3522 4325 3649 4380 Ἰού-

2062 4402 2218 4465 δαίας
2247 4399 2539 4473 κηρύσσων
2574 4399 2755 4468 αὐτὸν,
2804 4399 2920 4455 ἀλλ’
2952 4401 3194 4474 είστήκει
3232 4405 3386 4477 παρά
3422 4405 3514 4460 τὸν
3549 4424 3649 4462 πο-

2062 4484 2262 4557 ταμὸν,
2290 4482 2597 4554 περιμένων
2626 4484 2802 4539 ἐλθεῖν
2833 4485 2997 4541 αὐτὸν
3026 4488 3121 4542 καὶ
3150 4488 3320 4553 δεῖξαι
3348 4492 3652 4561 παραγενό-

2068 4583 2264 4639 μενον;
2296 4565 2418 4621 Ὅτι
2437 4566 2523 4623 διὰ
2549 4567 2655 4621 τῶν
2684 4567 2860 4642 ἔργων
2885 4570 3063 4624 έκεῖνο
3094 4571 3348 4640 γενέσθαι
3378 4573 3644 4629 ἐϐούλετο·

2063 4651 2124 4706 τὺ
2157 4651 2214 4706 δὲ
2243 4648 2698 4723 σπουδαζόμενον,
2718 4640 3005 4724 γνώριμον
3034 4654 3175 4719 τέως
3212 4659 3435 4728 ποιῆσαι
3467 4640 3664 4726 μόνον,¹

2065 4735 2158 4790 καὶ
2188 4734 2372 4789 πεῖσαί
2399 4752 2552 4799 τινας
2584 4735 2812 4790 ἀκοῦσαι
2850 4736 2952 4806 τῆς
2981 4737 3201 4791 αἰωνίου
3244 4737 3410 4810 ζωῆς.
3454 4740 3565 4814 Τὴν
3592 4743 3650 4797 δέ

2067 4818 2289 4891 μείζονα
2331 4818 2480 4890 αύτῷ
2518 4816 2921 4890 καταλιμπάνει
2957 4822 3262 4893 μαρτυρίαν
3292 4822 3391 4895 τὴν
3422 4823 3512 4879 διὰ
3541 4826 3649 4880 τῶν

2064 4903 2263 4975 ἔργων,
2296 4902 2548 4973 καθάπερ
2580 4903 2675 4955 καὶ
2726 4900 2890 4965 αὐτός
2917 4917 3112 4973 φησιν’
3180 4905 3329 4975 Ἐγὼ
3372 4908 3447 4962 οὐ
3492 4910 3651 4976 παρὰ

2063 4985 2377 5060 ἀνθρώπου
2409 4982 2692 5054 λαμϐάνω
2717 4981 2832 5050 τὴν
2856 4988 3220 5055 μαρτιερίανο
3252 4989 3325 5043 τὰ
3351 4989 3464 5057 γὰρ
3507 4989 3653 5060 ἔργα

2063 5069 2102 5123 ιῖ
2123 5068 2309 5123 ἔδωκέ
2322 5085 2424 5138 μοι
2452 5070 2484 5121 ὀ
2507 5065 2731 5133 Πατὴρ,
2761 5065 2945 5122 ταῦτά
2966 5069 3095 5124 ἐστι
3133 5071 3205 5124 τὰ
3233 5070 3653 5139 μαρτυροῦντα

2064 5153 2196 5221 περὶ
2224 5152 2393 5221 ἐμοῦ.
2430 5152 2570 5221 Ὅρα
2599 5147 2730 5218 γοῦν
2775 5148 2892 5215 πῶς
2933 5152 3091 5205 τοῦτο
3136 5151 3520 5226 ἐνεργέστερον
3558 5151 3647 5226 ἦν.

2078 5235 2292 5305 Ἐπειδὴ
2318 5233 2426 5306 γὰρ
2453 5231 2649 5303 μικρὸν
2668 5230 2886 5286 ἐνέϐαλε
2912 5233 3202 5304 σπινθῆρα,
3216 5234 3479 5307 ἀθρόωςή
3503 5239 3652 5309 πυρά

2067 5321 2205 5392 πρὸς
2229 5321 2290 5373 τὸ
2319 5318 2450 5387 ὕψος
2485 5316 2668 5386 ᾔρετο.
2709 5314 2772 5368 Οἱ
2803 5316 2908 5390 γὰρ
2941 5316 3046 5389 πρὸ
3074 5317 3263 5372 τούτου
3294 5319 3428 5390 μηδὲ
3481 5338 3651 5391 προσ-

2068 5406 2282 5472 έχοντες
2298 5406 2407 5464 τοῖς
2431 5398 2767 5467 λεγομένοις,
2784 5400 3009 5472 ὕστερον
3031 5400 3283 5468 λέγουσι’
3310 5401 3515 5456 Πάντα
3537 5402 3655 5458 ὃσα

2067 5483 2236 5539 εἶπεν
2276 5483 2578 5548 Ἰωάννης,
2607 5480 2804 5553 ἀληθῆ
2835 5485 3035 5539 ἐστιν.

2132 5725 2154 5765 ί
2187 5726 2360 5777 Morel.
2384 5723 2466 5773 καὶ
2490 5720 2600 5769 οὐδὲ
2638 5726 2778 5773 ποιεῖ.
2807 5727 2958 5777 Savil.
2990 5724 3072 5772 καὶ
3100 5721 3156 5769 ού
3189 5719 3332 5769 ποιεῖ.
3405 5717 3431 5755 ⁸
3457 5717 3662 5775 Quidam

2071 5790 2260 5838 ὡσανεί,
2329 5786 2355 5825 δ
2384 5783 2727 5842 ευειειωα
2756 5788 2848 5838 705
2864 5789 2942 5836 διὰ
2961 5792 3062 5842 τῆς.
3137 5780 3361 5842 *Morei.
3388 5778 3465 5823 ἐπὶ
3490 5780 3666 5842 οὐδενί.

2076 5852 2126 5902 In
2149 5849 2361 5899 SaviLet
2384 5856 2500 5895 mss.
2533 5840 2607 5887 ἐπί
2628 5844 2787 5895 deest.
2829 5853 2842 5906 ι
2872 5850 2952 5898 Sic
2977 5838 3664 5905 Μθτεὶδιιιλὶιμκαταοχόντα.
