4012 6194
183 270 274 326 H7

177 383 310 439 enim
333 395 559 453 parvam
589 383 846 454 injccerat
868 383 1174 448 scintillam,
1206 395 1428 454 repente
1461 384 1677 438 ï¬‚amma
1703 384 1757 439 in

175 474 328 528 altum
384 474 586 546 erupit.
633 475 765 530 Nam
793 475 881 546 qui
913 477 1057 546 prius
1089 476 1312 530 Joannis
1336 475 1515 531 verbis
1541 491 1648 530 non
1675 485 1760 530 at-

174 563 472 631 tendes-ant,
497 566 714 621 demum
744 567 926 622 dicunt
960 585 974 622 :
1005 567 1188 622 Omnia
1211 583 1327 639 qua:
1353 566 1581 622 Joannes
1605 567 1754 635 dixit,

172 671 279 709 vera
307 667 427 710 sunt
458 655 655 729 (Joan.
693 658 782 714 10.
811 658 941 730 42).

233 749 287 803 3.
330 750 592 820 Alioquin
643 761 819 805 autem
854 752 896 806 si
938 751 1322 807 circumeundo
1369 751 1468 807 ista
1509 751 1752 819 dixisset,

170 839 278 892 inec
305 838 554 895 humano
583 842 762 896 studio
793 851 1007 912 peracta
1039 845 1147 897 visa
1203 842 1450 907 fuissent,
1479 857 1541 896 ac
1563 842 1756 910 prtedi-

165 933 301 984 catio
345 931 610 1002 deinceps
637 934 687 987 in
716 935 1074 1004 suspicionem
1097 937 1352 991 venisset.
1386 934 1455 989 Et
1484 935 1754 989 audierunt

165 1040 272 1078 eum
297 1025 402 1079 duo
433 1027 679 1098 discipuli
705 1030 834 1099 ejus,
877 1040 922 1084 et
951 1033 1148 1102 sequuti
1167 1042 1284 1086 sunt
1312 1050 1446 1088 eum.
1476 1033 1635 1103 Atqui
1665 1034 1753 1089 alii

163 1131 374 1186 quoque
415 1129 576 1173 erant
603 1119 826 1175 Joannis
850 1121 1118 1192 discipuli,
1146 1139 1330 1178 verum
1363 1125 1436 1180 illi
1463 1141 1566 1181 non
1593 1126 1756 1181 modo

164 1222 264 1260 non
291 1210 513 1277 sequuti
551 1221 712 1274 sunt,
745 1211 841 1266 sed
871 1214 1031 1268 etiam
1065 1215 1163 1284 ipsi
1198 1215 1506 1272 invidebant
1551 1234 1566 1270 :
1612 1217 1757 1274 dice-

161 1299 286 1352 bant
310 1299 460 1354 enim
490 1343 506 1366 ,
558 1302 742 1369 Rubbi,
772 1305 860 1374 qui
910 1315 1015 1358 erat
1060 1316 1224 1360 tecum
1264 1317 1403 1361 trans
1451 1308 1754 1376 Jordanem,

160 1387 238 1439 cui
268 1396 320 1440 tu
339 1390 693 1445 testimonium
723 1393 1034 1461 perhibuisti,
1062 1411 1174 1449 ecce
1202 1395 1282 1448 hic
1304 1397 1544 1466 baptism,
1576 1409 1621 1452 et
1647 1415 1758 1452 om-

160 1495 242 1532 nes
293 1482 511 1534 veniunt
561 1484 632 1536 ad
675 1500 791 1538 eum
822 1484 980 1554 (Joan
1008 1487 1061 1541 5.
1092 1487 1204 1559 26).
1239 1489 1314 1543 Ac
1356 1505 1567 1544 rursum
1601 1490 1759 1546 iidem

156 1569 250 1638 ipsi
275 1572 604 1629 iucusnnles
630 1575 814 1631 dicunt
837 1594 849 1629 :
883 1579 1049 1645 Quare
1075 1597 1165 1634 nos
1179 1583 1494 1651 jejunamus,
1529 1594 1575 1637 et
1602 1585 1758 1639 disci-

154 1662 259 1730 puli
308 1665 390 1717 tui
418 1683 526 1719 non
553 1668 787 1736 jejunaut
818 1669 1023 1739 (Matth.
1056 1673 1107 1726 9.
1138 1673 1270 1742 14)?
1300 1674 1490 1728 Verum
1520 1677 1606 1745 qui
1634 1677 1754 1732 aliis

154 1762 308 1806 cram
335 1757 622 1821 meliores,
652 1775 756 1812 non
781 1760 851 1814 ita
877 1762 1047 1816 allecti
1078 1773 1250 1828 erant,
1271 1766 1363 1819 sed
1383 1767 1561 1820 statim
1589 1777 1751 1837 atque

153 1843 469 1910 audierunt,
498 1849 714 1916 sequuti
733 1859 871 1904 sunt.
891 1850 1108 1922 Sequuti
1125 1863 1250 1916 sunt
1264 1865 1465 1923 autem,
1487 1874 1589 1912 non
1604 1859 1748 1929 quod

155 1935 439 2003 pristinum
464 1937 748 1994 doctorem
771 1953 1102 2010 spernerent,
1123 1945 1213 2000 sed
1229 1946 1366 2016 quod
1388 1947 1487 2017 ipsi
1516 1949 1749 2005 maxime

155 2032 618 2095 obtemperarent;
638 2039 689 2084 et
707 2042 1074 2101 argumentum
1094 2044 1210 2089 erat
1228 2038 1518 2093 maximum
1541 2039 1664 2095 illos
1680 2055 1745 2095 ex

157 2127 312 2171 recta:
334 2120 538 2174 mentis
558 2121 838 2178 ratiocinio
861 2126 910 2180 id
929 2127 1119 2197 egisse.
1147 2129 1262 2184 Non
1282 2132 1422 2186 enim
1441 2132 1654 2188 hortati:
1677 2134 1745 2188 ad

159 2205 205 2260 id
221 2206 432 2263 adducti
455 2220 607 2278 sunt,
627 2214 766 2282 quod
781 2217 1130 2286 suspiciosum
1155 2221 1360 2287 luisset;
1385 2223 1478 2278 sed
1497 2225 1617 2294 quia
1633 2235 1748 2280 tau-

160 2307 260 2352 tum
293 2301 624 2369 pnedixerat
653 2304 826 2375 ipsum
867 2322 988 2364 esse
1030 2310 1422 2380 baptizaturum
1460 2313 1510 2368 in
1543 2314 1744 2385 Spiritu

157 2400 359 2456 sancto,
389 2394 608 2461 sequuti
637 2405 764 2450 sunt
788 2413 934 2452 eum.
965 2399 1078 2454 Non
1101 2417 1230 2472 ergo
1267 2404 1583 2474 magistrum
1614 2407 1744 2462 reli-

159 2491 411 2547 querunt,
455 2483 557 2538 sed
603 2484 846 2543 ediscere
897 2489 1172 2546 voluerunt
1215 2495 1344 2563 quid
1377 2497 1606 2567 amplius
1655 2499 1744 2555 ille

159 2568 344 2635 ferret,
392 2587 564 2640 quam
607 2574 859 2632 Joannes.
893 2579 956 2632 Et
992 2582 1356 2641 animadverte
1385 2590 1738 2645 verecundam

157 2659 500 2731 diligentiam.
527 2665 647 2720 Non
670 2670 811 2723 enim
838 2673 1014 2728 statim
1033 2677 1345 2734 accedentes
1368 2679 1548 2736 Jesum
1577 2683 1740 2740 inter-

157 2763 401 2819 rogarunt
429 2755 501 2810 de
535 2761 855 2815 necessariis
881 2766 1188 2836 magnisque
1214 2771 1374 2825 rebus
1405 2793 1417 2826 :
1447 2789 1619 2844 neque
1649 2791 1738 2845 pa-

157 2840 249 2894 lam
270 2846 530 2902 omnibus
565 2852 936 2921 prmsentibus,
964 2865 1018 2910 et
1045 2859 1403 2926 perfunctorie
1427 2880 1439 2916 :
1471 2867 1564 2921 sed
1591 2883 1742 2922 seor-

155 2933 242 2986 sim
263 2935 438 3003 ipsum
458 2941 663 3010 alloqui
692 2944 1038 3002 studuerunt.
1056 2949 1307 3007 Sciebant
1332 2956 1474 3009 enim
1508 2959 1744 3012 doctoris

154 3025 225 3076 sui
256 3027 419 3082 verba
465 3044 579 3084 non
621 3048 686 3087 ex
718 3034 980 3090 modestia
1003 3079 1016 3101 ,
1046 3039 1138 3094 sed
1161 3057 1223 3095 ex
1255 3045 1480 3099 veritate
1506 3048 1746 3114 protisci-

155 3114 238 3167 sci.
271 3116 363 3171 60.
419 3117 562 3172 Erat
609 3132 778 3175 autem
816 3124 1049 3180 Andreas
1097 3133 1254 3198 frater
1297 3133 1522 3188 Simonis
1565 3135 1744 3203 Petri,

155 3219 269 3260 unus
309 3224 378 3261 ea:
426 3208 637 3274 duobus
664 3213 751 3279 qui
797 3215 1063 3270 audierant
1109 3235 1141 3272 a
1183 3220 1403 3287 Joanne,
1459 3235 1504 3278 et
1552 3230 1749 3297 sequuti

151 3307 252 3349 sunt
279 3315 424 3350 eum.
459 3297 574 3353 Cur
604 3315 733 3371 ergo
753 3303 977 3361 alterius
999 3324 1191 3365 nomen
1215 3327 1319 3368 non
1350 3315 1591 3384 profert?
1618 3319 1745 3386 Qui-

153 3388 257 3443 dam
288 3389 489 3446 dicunt
513 3407 642 3446 eum
671 3395 762 3464 qui
793 3395 897 3452 hoc
920 3400 1155 3468 scripsit.
1181 3404 1351 3472 ipsum
1378 3421 1498 3462 esse
1526 3409 1615 3479 qui
1655 3427 1741 3466 se-

152 3494 331 3549 quutus
357 3493 479 3548 est;
510 3485 610 3540 alii
643 3498 828 3543 contra
851 3530 866 3556 ,
907 3493 1029 3561 quia
1067 3494 1157 3550 ille
1200 3513 1305 3551 non
1328 3515 1391 3553 es
1433 3503 1735 3572 conspicuis

153 3579 271 3637 erat,
302 3573 434 3627 nihil
463 3585 670 3644 praeter
712 3583 1014 3636 necessaria
1040 3584 1138 3638 sibi
1176 3587 1458 3644 dicendum
1487 3607 1606 3648 esse
1635 3611 1736 3665 pu-

157 3668 298 3716 tasse.
347 3663 488 3730 Quid
567 3668 712 3722 enim
765 3671 1013 3727 utilitatis
1073 3691 1137 3730 ex
1198 3677 1432 3735 indicato
1473 3663 1722 3752 nomine,

153 3752 345 3818 quando
374 3771 563 3827 neque
588 3761 925 3832 septuaginta
964 3764 1072 3820 duo
1102 3767 1480 3840 discipulorum
1512 3778 1724 3832 nomina

157 3843 528 3908 proferuntur?
556 3848 614 3904 ld
655 3852 796 3921 quod
843 3855 1002 3909 etiam
1043 3859 1183 3926 apud
1219 3861 1436 3918 Paulum
1473 3867 1726 3924 observes

157 3933 400 3994 dicentem
432 3959 445 3994 :
483 3941 725 3998 Misimus
759 3962 872 3999 cum
922 3948 1010 4002 illo
1037 3953 1245 4021 fratrem
1287 3954 1338 4009 in
1387 3958 1556 4014 multis
1591 3974 1726 4032 sirpe

159 4028 434 4098 studiosum,
466 4033 624 4103 cujus
655 4035 766 4089 laus
787 4048 856 4090 est
882 4038 934 4091 in
973 4044 1228 4113 evangelio
1259 4046 1335 4116 (2
1363 4048 1481 4104 Cor.
1514 4052 1565 4107 8.
1606 4028 1719 4125 l8).

159 4117 360 4176 Andreae
385 4133 570 4180 autem
610 4129 852 4184 meminit
880 4131 948 4186 ob
985 4133 1139 4190 aliam
1180 4153 1416 4196 causam.
1466 4144 1720 4210 Quaenam

161 4207 274 4264 illa?
303 4212 367 4267 Ut
394 4230 517 4269 cum
554 4217 815 4286 audieris,
853 4219 1124 4280 Simonem
1167 4228 1254 4283 ubi
1279 4246 1398 4286 cum
1431 4207 1520 4289 illo
1546 4239 1725 4293 audis-

159 4310 245 4363 set,
279 4300 442 4358 Venite
469 4316 589 4377 post
618 4325 714 4376 me,
756 4321 802 4364 et
825 4312 1008 4381 faciam
1049 4333 1132 4371 vos
1161 4319 1433 4388 piscatores
1463 4324 1723 4383 hominum

161 4389 360 4458 (.llatth.
389 4399 445 4452 4.
481 4399 613 4469 i9),
666 4417 769 4455 non
795 4403 1066 4463 dubitasse
1115 4409 1181 4465 de
1226 4421 1330 4467 tam
1359 4414 1720 4488 inexspectata

164 4487 506 4556 promissione,
545 4492 726 4548 diSCaS
756 4495 970 4553 fratrem
1003 4500 1118 4571 ejus
1146 4503 1257 4574 jam
1300 4520 1423 4565 ante
1450 4511 1568 4566 ï¬dei
1597 4513 1718 4568 fun-

170 4573 390 4633 damenta
413 4581 634 4649 jecisse.
661 4585 748 4640 58.
782 4587 1060 4646 Conrersus
1085 4605 1251 4648 autem
1273 4597 1442 4667 Iesus,
1471 4611 1516 4656 et
1546 4605 1720 4661 videns

161 4677 227 4715 eos
246 4682 514 4740 sequentes,
552 4674 676 4728 dicit
704 4678 774 4732 eis
798 4693 815 4732 :
847 4680 981 4745 Quid
1011 4688 1232 4754 quiet-itis
1250 4691 1276 4742 á¼°)
1302 4691 1436 4747 lliuc
1464 4695 1720 4753 docemur

163 4751 302 4811 Deum
346 4760 500 4817 donis
528 4779 638 4818 non
675 4771 971 4837 prmvenire
1004 4776 1304 4834 voluntates
1353 4794 1590 4850 nostras;
1620 4789 1715 4842 sed

164 4846 233 4899 ubi
271 4866 366 4906 nos
395 4853 734 4925 incepimus,
785 4875 906 4916 cum
957 4866 1282 4927 voluntatem
1325 4878 1710 4948 pramâ€˜tisimus,

162 4943 267 4991 tunc
304 4941 558 5008 plurimas
589 4946 681 5002 ille
731 4951 884 5006 nobis
929 4953 1018 5009 dat
1058 4959 1248 5015 salutis
1274 4967 1584 5023 occasiones
1612 4969 1711 5040 (a).

163 5024 278 5090 Quid
313 5036 576 5101 quaeritis?
603 5038 741 5105 Quid
769 5041 870 5097 hoc
895 5048 1012 5100 est?
1051 5051 1141 5119 qui
1181 5054 1326 5108 novit
1354 5057 1512 5110 corda
1542 5024 1715 5116 homi-

165 5131 295 5187 Itum,
321 5127 405 5180 cui
434 5131 789 5198 cogitationes
815 5145 1014 5192 nostra:
1043 5152 1244 5210 patent,
1275 5143 1360 5200 hic
1385 5146 1715 5220 interrogat?

157 5208 245 5265 Sed
269 5232 371 5272 non
418 5229 474 5274 ut
511 5222 701 5290 discat,
732 5226 1037 5297 (quomodo
1075 5208 1239 5290 enim
1263 5238 1313 5293 id
1341 5239 1444 5294 dici
1478 5208 1712 5311 possit?)

157 5301 236 5357 sed
257 5316 310 5361 ut
335 5324 428 5378 per
451 5312 925 5385 interrogationem
961 5324 1084 5381 illos
1113 5329 1214 5384 sibi
1244 5333 1413 5401 magis
1442 5335 1710 5404 conciliet,

155 5395 499 5475 maioremque
522 5406 672 5463 iudat
694 5411 961 5486 fiduciam,
988 5417 1216 5493 illosque
1240 5395 1509 5496 colloquio
1525 5395 1714 5497 dignos

203 5635 270 5699 ta)
300 5639 418 5694 line
441 5658 555 5698 cum
586 5651 787 5714 quadam
822 5661 1122 5726 exceptione
1153 5664 1484 5731 intelligenda
1514 5677 1646 5723 sunt.

1206 267 1270 324 lN
1307 267 1625 327 JOANNEM
1660 265 1892 326 noun.
1931 267 2116 328 xvut.
2149 277 2230 334 al.
2259 280 2422 341 xvn.
2656 291 2678 322 Î¹

3363 323 3466 383 118

1868 396 2132 516 ostendat.
2170 400 2467 466 Verisimile
2505 414 2644 471 enim
2687 428 2768 475 est
2800 422 2949 492 illos,
3003 440 3190 502 utpote
3229 437 3452 516 ignotos,

1868 497 1957 516 orn
1984 489 2141 516 ...á¼•Ï‰-Î¹.-
2175 504 2220 516 -.Î¹
2249 495 2356 516 tum,
2390 500 2402 511 Î¿
2426 501 2440 516 Î¹
2689 509 2702 516 -
2786 514 2815 516 Î·

1865 485 2142 545 erubuisse
2171 504 2224 548 et
2248 495 2584 573 formidasse,
2613 509 2702 579 qui
2730 514 2854 569 talia
2885 517 2957 574 de
2989 485 3452 594 magistronaudis:

1862 589 2002 632 sent.
2027 580 2153 639 llaec
2178 585 2352 659 itaque
2377 599 2555 652 omnia
2581 601 2814 672 abigens,
2852 621 3234 674 verecundiam
3263 640 3451 696 nempe

1864 677 1915 696 ,Î¹Î¿
1942 685 2135 696 ...Î¹Î¹-Ï…--
2221 681 2231 691 â¸
2280 691 2290 696 -

1862 677 1918 723 et
1941 685 2178 743 metum,
2221 681 2508 757 interrogat
2549 692 2699 760 illos;
2745 714 2847 754 nec
2899 703 3031 759 sinit
3074 724 3195 762 cum
3237 677 3447 773 silcutrio

1861 763 2077 819 domum
2107 776 2404 838 pervenire.
2438 779 2653 840 Etiamsi
2698 804 2826 845 vero
2869 809 2974 850 non
3027 798 3445 877 interrogasset,

1862 857 2218 921 perstitissent
2263 865 2435 936 ipsum
2471 879 2763 948 sequendo,
2813 893 2867 938 et
2921 886 2972 941 in
3024 857 3442 969 domumuusque

1861 957 1982 999 cum
2032 947 2124 1004 illo
2175 960 2561 1021 pervenissent.
2605 967 2708 1024 Cur
2746 989 2875 1044 ergo
2929 979 3258 1054 interrogat?
3291 947 3439 1047 Utlid

1860 1038 2000 1105 quod
2047 1039 2162 1097 dixi
2186 1045 2460 1118 efficeret,
2509 1067 2563 1110 ut
2612 1062 2990 1126 erubescentes
3042 1075 3311 1131 illnsh:e~i

1865 1143 2053 1205 tesque
2089 1140 2342 1211 firmaret,
2374 1164 2436 1203 ac
2482 1151 2722 1210 liduciam
2747 1160 2975 1218 iudcret.
3017 1167 3196 1240 Neque
3239 1184 3436 1232 tantum

1862 1233 2160 1299 sequendo,
2193 1238 2287 1292 scd
2309 1242 2470 1296 etiam
2503 1260 2596 1313 per
2630 1248 3098 1323 interrogationem
3130 1263 3270 1318 illam
3297 1267 3442 1323 desi-

1863 1321 2077 1379 derium
2121 1343 2278 1384 suum
2320 1334 2696 1396 exhibuerunt.
2745 1343 2877 1401 Cum
2918 1352 3056 1404 enim
3087 1355 3215 1410 nihil
3248 1359 3314 1412 ab
3355 1363 3444 1416 illo

1866 1413 2211 1474 edidicissent
2240 1425 2320 1477 vel
2347 1427 2650 1499 audissent,
2680 1439 2992 1507 magistrum
3027 1453 3204 1501 tamen
3234 1465 3440 1520 vocant,

1864 1518 1985 1560 sese
2013 1507 2282 1579 discipulis
2302 1530 2735 1592 annumerantes,
2765 1537 2930 1585 etcur
2950 1547 3242 1604 sequantur
3265 1553 3443 1599 osten-

1861 1595 2068 1664 dentes,
2091 1611 2145 1656 ut
2165 1619 2356 1676 nempe
2375 1613 2514 1665 utilia
2537 1618 2798 1674 audirent.
2820 1595 3216 1696 Animadverte,
3233 1651 3436 1704 quaiso,

1857 1690 2071 1748 illorum
2122 1699 2476 1765 prudentiam.
2510 1706 2624 1762 Non
2653 1710 2933 1781 dixerunt,
2974 1717 3220 1778 Doctrina
3266 1736 3356 1780 aut
3381 1745 3439 1784 re

1855 1788 2100 1856 quapiam
2123 1797 2424 1851 necessaria
2457 1815 2554 1854 nos
2580 1802 2757 1859 imbue
2781 1825 2793 1859 :
2825 1809 2919 1862 sed
2942 1811 3068 1880 quid
3094 1814 3311 1872 dicunt?
3341 1820 3439 1876 Ubi

1853 1880 2070 1933 manes?
2097 1881 2228 1938 Nam
2256 1887 2458 1956 quiete,
2490 1901 2545 1945 ut
2582 1892 2688 1963 jam
2721 1897 2852 1962 dixi,
2883 1899 3054 1970 ipsum
3086 1907 3313 1978 alloqui,
3346 1928 3440 1966 au-

1852 1966 1968 2022 dire
2006 1981 2061 2025 et
2084 1973 2290 2032 discere
2320 1981 2623 2049 cupiebant.
2659 1986 2782 2042 ldco
2811 1966 3336 2063 ncc'dill'eruntsuec
3361 2003 3440 2058 di-

1852 2068 1999 2126 cunt,
2033 2061 2126 2118 Die
2152 2067 2388 2122 crastino
2417 2073 2712 2142 veniemus,
2736 2087 2790 2134 et
2821 2089 2872 2134 te
2898 2083 3108 2151 publice
3134 2087 3438 2159 loquentem

1852 2152 2132 2209 audiemus
2171 2175 2184 2210 :
2217 2159 2309 2213 sed
2342 2177 2588 2232 magnum
2633 2169 2880 2226 audiendi
2930 2176 3164 2234 studium
3204 2152 3327 2250 pra:
3378 2201 3437 2242 se

1853 2240 2064 2310 ferunt,
2098 2247 2237 2315 quod
2289 2266 2356 2305 ne
2396 2254 2608 2320 quidem
2641 2258 2870 2316 instante
2921 2263 3047 2320 hora
3093 2271 3344 2330 recedant
3375 2277 3431 2343 ';

1855 2348 1979 2389 nam
2000 2339 2081 2392 sol
2103 2340 2169 2393 ad
2197 2356 2446 2398 occasum
2478 2351 2728 2419 vergebat
2757 2369 2770 2405 :
2807 2353 2936 2409 Erat
2964 2359 3159 2430 quippe
3181 2363 3307 2417 hora
3328 2339 3431 2419 (ir;

1849 2429 1974 2482 citer
1997 2431 2209 2500 decium,
2236 2435 2423 2504 inquit.
2457 2439 2582 2495 ldeo
2606 2442 2850 2500 Christus
2873 2447 3086 2505 domum
3121 2469 3224 2508 non
3253 2456 3428 2524 docet,

1849 2537 1954 2576 non
1981 2525 2175 2592 locum,
2207 2529 2300 2583 sed
2333 2539 2388 2584 ut
2416 2545 2706 2603 sequantur
2732 2541 2898 2610 magis
2924 2543 3109 2612 allicit,
3143 2550 3433 2607 ostendens

1845 2631 1906 2669 se
1955 2617 2070 2671 illos
2113 2619 2164 2673 in
2204 2636 2330 2676 suos
2357 2627 2647 2696 accepisse.
2676 2629 2906 2703 Ideoque
2946 2651 3048 2690 non
3089 2639 3215 2707 quid
3257 2642 3432 2699 simile

1846 2705 1975 2761 dicit
1999 2726 2009 2760 :
2036 2709 2467 2781 intempestivum
2497 2728 2642 2773 esset
2670 2737 2763 2775 vos
2784 2740 2926 2781 nunc
2951 2726 3166 2782 domum
3201 2731 3426 2803 ingredi,

1845 2801 2072 2856 audietis
2101 2820 2218 2860 eras
2247 2809 2388 2878 quod
2417 2813 2604 2870 voletis
2626 2855 2642 2880 ,
2689 2832 2830 2873 nunc
2855 2819 3069 2876 domum
3107 2824 3281 2891 abite;
3333 2828 3429 2884 sed

1846 2893 1994 2959 quasi
2020 2895 2222 2951 amicos
2251 2914 2316 2952 ex
2343 2900 2590 2958 diuturna
2622 2911 3006 2966 consuetudine
3034 2914 3179 2984 ipsiis
3207 2918 3430 2988 alloqui-

1851 2991 1956 3036 tur.
1986 2984 2092 3039 Cur
2116 3003 2244 3057 ergo
2270 2990 2393 3046 alibi
2423 2993 2548 3048 dicit
2576 3015 2589 3048 :
2620 2996 2664 3048 F
2667 2999 2784 3053 ilius
2813 3001 3028 3056 hominis
3054 3022 3152 3058 non
3180 2984 3430 3065 habet-ubi

1852 3084 2002 3141 caput
2023 3077 2221 3130 reclinet
2251 3079 2380 3148 (Luc
2406 3083 2458 3136 9.
2483 3085 2607 3153 58);
2635 3087 2720 3140 hic
2749 3105 2897 3154 vero,
2927 3094 3014 3151 59.
3063 3095 3252 3161 Venite,
3283 3108 3327 3152 et
3356 3103 3430 3154 tti-

1854 3165 1964 3218 dete
2002 3165 2085 3218 ubi
2117 3173 2825 3245 maneam?Quoniamillud,
2855 3180 2972 3236 Non
3001 3183 3145 3240 habet
3174 3187 3258 3241 ubi
3282 3201 3434 3258 caput

1852 3257 2078 3324 reclinet,
2127 3259 2387 3328 significat
2418 3265 2560 3321 illum
2598 3272 2871 3340 proprium
2924 3276 3025 3330 sibi
3076 3277 3429 3339 diversorium

1847 3365 1955 3404 non
1985 3351 2254 3419 habuisse,
2299 3371 2402 3411 non
2431 3361 2572 3428 quod
2605 3363 2656 3416 in
2699 3363 2858 3420 domo
2891 3370 3138 3440 quapiam
3182 3389 3288 3428 nou
3317 3392 3426 3432 ma-

1844 3451 1997 3495 neret
2029 3460 2042 3494 :
2073 3444 2123 3496 id
2145 3445 2287 3499 enim
2317 3451 2561 3515 parabola
2589 3453 2870 3523 significat.
2903 3460 3237 3533 Evangelista
3263 3481 3421 3536 porro

1839 3529 1986 3598 dicit,
2018 3532 2162 3602 ipsos
2188 3535 2274 3591 die
2301 3537 2387 3592 illa
2416 3555 2530 3595 cum
2564 3558 2632 3598 eo
2659 3549 2919 3606 mansisse
2955 3570 2969 3605 :
3002 3568 3100 3608 cur
3138 3565 3313 3612 autem
3346 3559 3417 3619 ita

1839 3623 2030 3678 factum
2061 3626 2161 3691 sit,
2207 3645 2310 3682 non
2357 3632 2575 3699 addidit,
2621 3639 2761 3707 quod
2805 3643 3086 3699 manifesta
3129 3664 3214 3703 res
3251 3664 3413 3709 esset.

1835 3715 2016 3786 Neque
2071 3719 2211 3773 enim
2262 3721 2363 3775 alia
2403 3723 2468 3780 de
2506 3742 2668 3783 causa
2719 3735 2927 3803 sequuti
2977 3747 3100 3791 sunt
3141 3755 3288 3806 eum,
3331 3746 3415 3800 vel

1832 3807 2079 3866 Christus
2103 3813 2297 3868 accivit
2327 3830 2440 3882 eos,
2463 3835 2620 3889 quam
2652 3832 2709 3876 ut
2734 3823 3034 3881 doctrinam
3065 3832 3371 3901 acciperent
3395 3855 3413 3892 :

1829 3914 1986 3967 quam
2008 3911 2111 3955 tam
2140 3904 2357 3971 copiose
2386 3916 2439 3958 et
2465 3923 2584 3960 cum
2611 3917 2757 3965 tanto
2774 3917 2952 3970 studio
2980 3933 3082 3969 uua
3107 3931 3263 3976 nocte
3292 3939 3412 3990 per-

1829 4003 2079 4062 ceperunt
2104 4036 2118 4062 ,
2154 4003 2213 4052 ut
2258 4009 2380 4052 mox
2412 4005 2634 4072 uterque
2661 4001 2729 4059 ad
2754 4005 2889 4066 alios
2919 4005 3260 4070 advocandus
3285 4029 3415 4088 ÏÏ‰-

1829 4100 1951 4154 pera
1959 4099 2037 4142 ret
2060 4091 2078 4119 Â³
2089 4129 2102 4143 .

1899 4181 1951 4233 4.
1981 4179 2239 4234 Doctrina:
2265 4179 2455 4236 Christi
2479 4186 2650 4238 omnia
2680 4193 3052 4258 postponenda.
3085 4196 3196 4251 Cibi
3220 4200 3413 4259 anima,-

1827 4273 1912 4341 qui
1940 4273 2058 4326 sint.
2104 4273 2294 4326 Contra
2341 4275 2558 4330 theatra.
2587 4309 2659 4319 â€”-
2683 4280 2820 4336 illnc
2862 4299 2962 4337 nos
2990 4302 3201 4358 quoque
3231 4291 3408 4348 disca-

1829 4378 1944 4418 tnns
1973 4364 2152 4418 omnia
2186 4363 2385 4418 divinae
2411 4365 2668 4424 doctrinm
2712 4380 3035 4442 postponere
3055 4419 3068 4441 ,
3101 4380 3408 4449 nullumque

1827 4463 2034 4522 tempus
2065 4472 2170 4508 non
2199 4467 2553 4524 opportunum
2598 4463 2900 4530 aestimare;
2935 4466 3026 4520 sed
3057 4471 3154 4524 etsi
3188 4472 3238 4524 iu
3269 4473 3403 4530 alie-

1825 4561 1947 4599 nam
1988 4546 2206 4600 domutn
2239 4547 2439 4617 ingredi
2470 4562 2748 4623 oporteat,
2781 4558 2992 4613 etiamsi
3040 4560 3279 4629 ignotum
3312 4564 3406 4620 bo-

1825 4637 1995 4692 mines
2026 4653 2274 4706 proceres
2321 4644 2530 4712 ignotos
2557 4645 2708 4704 adire
2732 4691 2748 4714 ,
2789 4652 3003 4706 etianâ€™isi
3035 4652 3406 4722 intempestive

1823 4739 1875 4784 et
1899 4731 2088 4800 quovis
2120 4741 2357 4803 tempore
2377 4778 2391 4803 ,
2423 4753 2710 4809 numquam
2740 4742 2842 4798 hoc
2871 4748 3250 4804 commercium
3283 4767 3402 4811 esse
3459 4735 3474 4752 Îº

1824 4819 2220 4890 negligendum.
2245 4824 2406 4881 Cibus
2428 4843 2557 4898 ergo
2577 4870 2593 4895 ,
2623 4831 2806 4886 balnea
2830 4875 2844 4899 ,
2873 4849 3042 4890 ctenze
3060 4878 3076 4903 ,
3103 4840 3310 4912 aliaque
3334 4848 3402 4904 ad

1821 4910 1983 4964 vitam
2025 4913 2339 4981 pertinentia
2367 4959 2382 4982 ,
2416 4933 2571 4972 suum
2602 4927 2813 4989 tempus
2855 4923 3125 4982 habeant:
3154 4910 3398 4990 doctrina

1821 5016 1950 5056 vero
1987 5018 2234 5073 supernae
2265 5007 2618 5076 philosophia:
2647 5012 2848 5066 nullam
2889 5013 3083 5072 habeat
3124 5020 3399 5080 definitam

1823 5093 2005 5150 horam
2029 5137 2044 5161 ,
2072 5097 2165 5153 sed
2182 5113 2340 5156 omne
2366 5110 2578 5168 tempus
2603 5099 2702 5167 ipsi
2736 5108 3004 5176 proprium
3027 5121 3164 5168 esto.
3192 5113 3392 5181 Oppor-

1847 5259 1852 5331 á½²
1883 5259 1899 5289 i
1935 5255 2195 5344 illinitulta
2220 5259 2350 5309 addit
2366 5258 2457 5344 F'r.â€™
2474 5255 2860 5344 ï¬gegnusï¬‚um
2885 5269 2935 5316 in
2964 5268 3099 5344 nullo
3133 5274 3404 5344 cntemplaâ€œ

1819 5315 1990 5397 Grzepo
2013 5319 2281 5397 habentur:
2311 5315 2748 5397 vicrtiâ€˜tfgilï¬‚njfe
2765 5315 2932 5377 horam
2953 5315 3406 5397 quidem.

1817 5379 1942 5440 Î¹ÎµÎµÎ¿á½·
1966 5376 2819 5462 ÎµÎ¹
2845 5376 2884 5437 Î¿
2904 5376 3406 5462 racemis;

1816 5437 2239 5516 rum'sapientiam,
2265 5437 2624 5516 Î¿Î»á½±á½¶Î¹Î¾ÏÏ‚Î¶Î¹á½³Î¾Î±Î¶Î¾Î¾
2631 5469 2659 5516 _._
2667 5452 2703 5516 Ï
2724 5443 2775 5496 in
2788 5437 3078 5516 magistrum
3087 5437 3277 5515 ï¬dem
3289 5437 3409 5516 Î“á½³á¼°Î¾

1815 5499 1941 5550 enim
1958 5494 2054 5570 Î¾Îµá½·Î½Î·
2065 5494 3306 5575 sol..etÃ©.peierasseeameam-sanata
3323 5494 3413 5567 eaâ€œ.

1815 5561 2204 5644 Î´Ï‰á½²Î¹á½²á½·Î·Î²Ï„á½²á½·á½³á½·Îµ
2223 5562 2839 5644 á¿¬á¿†á½·á½²á¼“Î·Î¾á¿—Î¾á½³á¿—á¿–á¾žá½·Î½Ï‰Îµ
2890 5634 2919 5644 ..
2940 5561 2964 5562 á¼¡
3032 5561 3098 5644 â€™Î¾

1880 5627 1899 5657 â¸
1916 5631 2071 5699 Nam
2093 5623 2259 5679 â€œNL
2273 5617 2556 5686 Î¹Î¸ÎµÎ¸Ï…á½·á½·Î¹Î¹Ï‰
2581 5617 2746 5692 â¸â¸Â³0á½·á¿–
2768 5617 2839 5689 ad
2854 5634 3059 5690 aliorum
3069 5631 3280 5698 januam
3302 5647 3415 5699 pro.
