4012 6198
777 349 876 405 N9

772 476 910 527 tuae,
954 461 1155 529 inquit,
1184 459 1471 524 importune
1513 474 1670 528 argue
1692 499 1706 523 ,
1734 458 1937 511 obsecra
1957 497 1971 521 ,
2019 454 2223 522 increpa
2248 450 2265 518 (
2286 452 2343 505 2.

773 551 904 607 Tim.
934 560 985 608 4.
1013 551 1049 607 2
1071 558 1107 620 ).
1135 553 1395 621 Propheta
1417 566 1627 621 quoque
1647 551 1720 604 ait
1745 568 1758 601 :
1792 548 1857 603 In
1885 548 1989 616 lege
2009 548 2120 616 ejus
2144 545 2349 597 medita-

779 643 905 698 bitur
926 645 1009 697 die
1030 661 1089 698 ac
1110 647 1283 715 nocte(
1304 643 1446 697 Psal.
1476 646 1524 697 l.
1548 644 1610 713 9.)
1631 660 1642 694 :
1677 642 1887 713 Moyses
1916 655 2127 711 qunque
2148 637 2349 693 Judaris

775 734 876 788 hoc
898 750 1110 803 semper
1133 735 1305 788 facere
1330 734 1689 803 praecipiebat.
1716 732 1844 785 Nam
1866 748 1927 786 ea
1956 747 2073 799 qua:
2095 730 2161 782 ad
2188 729 2345 781 vitam

774 834 1043 894 Spectant,
1072 824 1259 880 balnea
1287 824 1404 879 dico
1430 834 1483 879 et
1509 839 1676 878 cinna:
1699 866 1713 889 ,
1740 822 1841 877 etsi
1869 820 2168 876 necessaria
2201 820 2307 871 sint
2332 858 2346 881 ,

776 916 818 969 si
848 913 1177 982 frequentius
1219 915 1573 969 adhibeantur
1595 954 1611 979 ,
1650 930 1845 983 corpus
1876 920 2204 967 extenuant:
2236 910 2351 962 ani-

776 1020 873 1057 ma:
904 1014 1078 1059 autem
1123 1004 1363 1060 doctrina
1405 1014 1604 1075 quanto
1645 1005 1813 1075 magis
1842 1004 2171 1065 inculcatur,
2206 1009 2350 1053 tanto

776 1090 1047 1151 fortiorem
1072 1096 1244 1151 reddit
1267 1099 1518 1151 animam.
1543 1098 1693 1151 Nunc
1712 1106 1891 1152 autem
1912 1096 2066 1165 nugis
2094 1094 2351 1149 inutiliter

775 1202 934 1242 omne
965 1197 1173 1258 tempus
1203 1188 1569 1241 consumimus
1592 1228 1607 1253 ,
1653 1202 1899 1240 auroram
1927 1226 1943 1251 ,
1991 1184 2305 1237 matutinum
2331 1222 2350 1251 ,

776 1278 1051 1331 meridiem
1070 1319 1085 1340 ,
1114 1294 1389 1347 vesperam
1422 1279 1474 1332 in
1503 1280 1793 1333 constituto
1818 1278 1937 1332 loco
1977 1293 2109 1331 vane
2140 1278 2345 1345 impen-

775 1366 983 1430 dimus;
1016 1365 1190 1420 divina
1234 1376 1411 1422 autem
1456 1366 1699 1437 degmata
1729 1366 1773 1420 si
1804 1365 1970 1421 semel
2018 1376 2108 1419 aut
2144 1365 2226 1419 bis
2258 1379 2355 1434 per

777 1455 1164 1511 hebdomadam
1212 1458 1521 1523 audiamus,
1575 1456 1959 1527 torpescimus,
2005 1470 2347 1510 transeamus.

776 1547 988 1615 Quare?
1016 1546 1147 1614 Quia
1196 1550 1376 1603 animo
1409 1564 1572 1618 prave
1590 1549 1776 1604 affecti
1806 1563 2011 1604 sumus.
2043 1547 2352 1617 Appetitum

777 1635 1117 1705 studiumque
1139 1638 1254 1707 ejus
1274 1638 1413 1693 circa
1443 1640 1589 1693 istazc
1611 1654 1770 1695 omne
1798 1639 2174 1704 dissolvimus;
2208 1638 2354 1693 ideo.

777 1738 880 1796 que
910 1727 1236 1796 spiritualem
1268 1743 1444 1783 escam
1487 1744 1591 1784 non
1624 1730 1944 1799 appetimus.
1975 1728 2221 1799 Magnum
2254 1728 2354 1784 hoc

779 1826 973 1886 praeter
1000 1817 1099 1871 alia
1128 1827 1210 1873 est
1239 1820 1572 1889 :rgritudinis
1617 1820 1868 1875 indicium
1893 1862 1907 1886 ,
1938 1836 2060 1875 cum
2094 1837 2196 1874 non
2224 1836 2350 1875 esu-

780 1910 944 1963 rimus
964 1950 979 1975 ,
1010 1926 1107 1965 nec
1132 1911 1375 1978 sitimus,
1405 1913 1501 1968 sed
1530 1924 1813 1984 utrumque
1842 1914 1997 1969 nobis
2021 1915 2351 1969 fastidiosum

777 2010 878 2053 est.
907 1999 960 2053 Si
990 2009 1166 2055 autem
1214 2002 1349 2069 hoc,
1400 2019 1521 2058 cum
1568 2005 1619 2059 in
1649 2020 1876 2074 corpore
1920 2007 2143 2072 accidit,
2174 2009 2353 2077 gravis

780 2089 950 2143 morbi
984 2089 1235 2146 indicium
1264 2101 1319 2147 et
1344 2109 1501 2148 causa
1529 2103 1639 2160 est;
1671 2096 1840 2149 multo
1872 2098 2039 2166 magis
2067 2099 2121 2151 in
2152 2099 2347 2151 anima.

780 2179 1056 2245 Quomodo
1098 2184 1256 2251 igitur
1298 2185 1437 2238 illam
1472 2186 1671 2254 lapsam
1703 2196 1757 2241 et
1799 2187 2115 2243 dissolutam
2147 2191 2354 2260 erigere

783 2272 1117 2338 poterimus?
1148 2275 1339 2343 quibus
1364 2278 1651 2344 operibus?
1681 2279 1873 2348 quibus
1899 2280 2113 2335 verbis?
2137 2280 2191 2336 Si
2220 2282 2355 2335 divi-

782 2377 879 2416 nos
905 2376 1199 2428 sermones,
1234 2366 1598 2435 propheticos,
1632 2371 1977 2438 apostolicos,
2013 2373 2355 2442 evangelicos

779 2452 1019 2523 aliosque
1046 2469 1232 2509 omnes
1262 2466 1569 2513 tractemus.
1598 2458 1747 2514 Tunc
1773 2462 1914 2514 enim
1943 2463 2173 2517 sciemus
2198 2464 2356 2532 longe

781 2543 970 2598 melius
990 2560 1107 2600 esse
1130 2546 1210 2600 his
1233 2548 1306 2600 uti
1330 2548 1482 2614 cibis,
1507 2565 1665 2618 quam
1690 2550 1912 2619 impuris
1934 2553 2051 2605 aliis
2074 2570 2089 2617 ;
2112 2554 2189 2607 sic
2212 2553 2352 2608 enim

779 2635 903 2691 licet
933 2636 1334 2707 intempestivas
1361 2655 1524 2709 nugas
1554 2650 1607 2695 et
1648 2640 2108 2697 confabulationes
2142 2659 2351 2698 vocare.

780 2727 915 2799 Quid
938 2732 1102 2798 enim,
1124 2747 1325 2801 qum-so,
1356 2733 1568 2795 melius,
1593 2733 1661 2788 de
1686 2734 1985 2789 forensibus
2003 2776 2017 2800 ,
2042 2735 2108 2789 de
2132 2735 2357 2805 judicia-

782 2821 919 2875 Iibus
941 2864 955 2888 ,
988 2822 1054 2877 de
1085 2823 1404 2879 militaribus
1433 2826 1593 2880 rebus
1612 2869 1627 2893 ,
1660 2843 1728 2882 an
1755 2827 1821 2881 de
1849 2828 2149 2883 caelestibus
2175 2830 2353 2899 loqui,

779 2910 951 2981 deque
973 2912 1034 2966 iis
1056 2928 1172 2981 quae
1199 2924 1313 2983 post
1343 2915 1477 2969 hanc
1503 2918 1664 2970 vitam
1692 2918 1981 2972 eveniunt?
2000 2918 2127 2987 quid
2150 2920 2352 2986 utilius,

780 3003 849 3057 de
876 3004 1052 3058 vicino
1080 3016 1129 3059 et
1158 3006 1273 3075 ejus
1305 3008 1533 3077 negotiis
1560 3009 1729 3079 loqui,
1761 3025 1823 3063 ac
1844 3010 1909 3065 de
1929 3010 2120 3064 alienis
2142 3011 2357 3066 curiose

782 3097 1088 3167 perquirere
1107 3138 1124 3164 ,
1152 3115 1218 3153 an
1248 3099 1316 3153 de
1345 3101 1545 3169 angelis
1568 3144 1582 3167 ,
1627 3110 1681 3155 et
1724 3101 1791 3156 de
1822 3102 1984 3157 rebus
2012 3117 2129 3172 qua:
2158 3102 2223 3156 ad
2257 3119 2360 3156 no-

784 3195 948 3242 stram
973 3200 1251 3245 vertuntur
1282 3194 1556 3248 utilitatem
1585 3237 1598 3258 ,
1629 3194 1787 3249 verba
1817 3195 2029 3249 facere?
2060 3194 2188 3262 Qua:
2214 3198 2355 3251 enim

781 3280 936 3335 vicini
962 3281 1033 3334 tui
1062 3291 1204 3347 sunt,
1237 3299 1340 3337 non
1374 3293 1494 3349 tua;
1527 3301 1645 3355 qua:
1667 3285 1731 3339 ad
1755 3286 1917 3339 carlos
1948 3287 2236 3355 pertinent,
2268 3296 2355 3342 tua

780 3382 922 3425 sunt.
946 3372 1048 3426 Sed
1080 3374 1233 3439 licet,
1266 3376 1500 3445 inquies,
1531 3377 1577 3429 ei
1607 3377 1694 3446 qui
1718 3378 1883 3431 semel
1909 3377 2021 3432 lucc
2043 3377 2175 3433 dixit
2196 3420 2211 3441 .
2242 3394 2357 3434 om-

782 3463 867 3517 nia
898 3463 1141 3532 implere.
1168 3465 1301 3532 Quid
1332 3482 1457 3519 vero
1484 3465 1552 3520 de
1578 3466 1641 3519 iis
1662 3506 1676 3529 ,
1704 3482 1822 3536 quze
1847 3467 2042 3521 frustra
2070 3476 2125 3521 et
2156 3477 2356 3524 temere

784 3554 1098 3623 disputatis,
1141 3572 1245 3608 non
1278 3556 1505 3624 idipsum
1536 3555 1779 3626 cogitatis
1800 3599 1814 3621 ,
1847 3556 1939 3610 sed
1974 3566 2136 3611 totam
2169 3558 2219 3612 in
2254 3559 2356 3613 illis

779 3646 941 3698 vitam
989 3646 1357 3716 impendentes
1380 3688 1393 3710 ,
1440 3646 1639 3706 nullum
1671 3646 2047 3717 disputationis
2080 3647 2237 3701 finem
2272 3650 2356 3703 in-

782 3735 1014 3789 venitis?
1048 3736 1283 3790 Necdum
1328 3736 1447 3791 dico
1478 3736 1560 3791 his
1592 3738 1747 3807 longe
1785 3738 2048 3808 graviora.
2102 3736 2230 3793 Nam
2270 3740 2359 3809 qui

1552 344 1607 400 S.
1647 342 1919 400 JOANNIS
1954 335 2423 398 CIIRYSOSTOMI
2466 335 2777 390 ARCIIIEP.
2819 332 3339 390 CONSTANTINOP.

2458 449 2812 502 modestiores
2861 459 3014 512 sunt,
3050 450 3131 503 his
3176 450 3241 502 de
3272 450 3430 503 rebus
3480 458 3651 503 mutuo
3679 450 3787 503 fabu

2455 539 2732 608 segniores
2762 553 2939 593 autem
2971 541 3378 610 ignavioresque
3400 580 3416 606 ,
3452 542 3633 594 mimos
3654 581 3668 606 ,
3698 548 3791 595 salt

2454 632 2663 701 aurigas
2689 631 2739 685 in
2776 647 3024 687 sermone
3049 648 3263 701 semper
3302 642 3548 700 versant,
3574 635 3791 687 auditum

2455 732 2677 790 pautes,
2725 724 2958 776 animam
2999 724 3416 790 labefactantes;
3461 735 3791 795 naturamque

2457 813 2598 866 modi
2626 813 3022 868 narrationibus
3049 815 3374 884 praecipitem
3399 824 3578 885 agunt,
3599 825 3648 870 et
3673 817 3791 870 inor

2455 904 2564 973 gitii
2594 918 2761 973 genus
2783 904 3021 958 animum
3051 904 3327 959 inducunt.
3358 904 3487 960 Nam
3517 908 3792 977 simulatqu.

2459 994 2588 1048 toris
2627 1010 2821 1050 nomen
2852 996 3113 1065 prolatum
3142 996 3281 1063 fuit,
3314 997 3492 1051 statim
3536 998 3584 1052 in
3611 998 3775 1051 anima

2455 1087 2597 1155 gitur
2622 1088 2737 1155 ejus
2770 1088 2933 1144 facies
2957 1132 2972 1155 ,
3004 1106 3179 1156 coma,
3214 1091 3390 1145 mollis
3419 1092 3596 1157 vestis,
3646 1093 3792 1163 illequ

2458 1179 2541 1233 his
2570 1179 2724 1252 longe
2761 1182 2991 1236 mollior.
3022 1183 3172 1238 Alius
3211 1198 3421 1237 rursum
3459 1183 3712 1237 flammam
3739 1200 3792 1238 ex

2457 1270 2636 1339 fovet,
2666 1272 2793 1327 dum
2826 1276 3163 1329 meretricem
3191 1276 3242 1329 in
3272 1273 3742 1329 confabulationem
3772 1276 3785 1329 i

2458 1360 2678 1431 ejusque
2735 1363 2918 1426 verba.
2968 1363 3238 1429 habitum,
3282 1365 3466 1418 oculos
3516 1365 3760 1429 lascivos,

2458 1462 2761 1522 aspectum,
2811 1456 3102 1511 concinnus
3136 1456 3467 1525 capillorum,
3513 1454 3706 1510 fucatas
3749 1455 3792 1525 pi

2460 1559 2644 1614 genas.
2678 1548 2867 1601 Annon
2913 1547 3038 1617 quid
3082 1546 3372 1601 humanum
3418 1546 3557 1616 passi
3601 1548 3725 1601 estis

2458 1637 2767 1692 narrarem?
2809 1637 2913 1694 Sed
2954 1655 3020 1694 ne
3068 1637 3260 1707 pudeat
3318 1638 3507 1703 vobis,
3552 1652 3616 1692 ne
3651 1637 3791 1693 erubt

2458 1740 2659 1783 natura:
2686 1744 2914 1799 namque
2944 1729 3235 1784 necessitas
3256 1728 3305 1783 id
3336 1729 3533 1799 exigit,
3562 1738 3615 1784 et
3638 1728 3713 1782 sic
3735 1742 3792 1781 an

2460 1820 2636 1875 ficitur
2656 1836 2753 1891 pro
2777 1822 2984 1876 ratione
3006 1836 3189 1876 eorum
3220 1836 3337 1890 quae
3364 1827 3662 1874 narrantur.
3689 1818 3791 1887 Quc

2459 1913 2730 1983 loquente,
2748 1914 2791 1968 si
2816 1915 2865 1968 in
2884 1914 3106 1969 ecclesia
3127 1922 3351 1977 stantes,
3368 1913 3412 1967 si
3433 1912 3501 1967 ab
3520 1912 3619 1966 illis
3633 1924 3792 1967 semot

2462 2003 2659 2073 aliquid
2688 2005 2976 2060 humanum
3004 2005 3281 2059 audientes
3308 2004 3545 2075 patimini
3569 2044 3585 2069 ,
3612 2004 3777 2073 cogita

2460 2092 2601 2150 fectu
2631 2095 2737 2149 sint
2765 2096 2799 2149 ii
2831 2095 2919 2165 qui
2948 2096 3001 2148 in
3035 2096 3241 2149 theatro
3288 2094 3475 2148 sedent
3495 2135 3509 2157 ,
3542 2094 3747 2148 licentia

2461 2187 2646 2253 multa,
2676 2196 2825 2242 extra
2855 2187 2994 2241 hunc
3017 2187 3295 2240 honestum
3323 2185 3775 2253 venerandumque

2461 2292 2599 2343 sum,
2626 2292 2747 2331 cmn
2781 2277 3103 2346 impudentia
3135 2291 3323 2347 magna
3350 2276 3436 2329 illa
3466 2274 3701 2329 videntes
3722 2284 3774 2330 et

2464 2378 2563 2423 tes.
2599 2368 2662 2422 Et
2704 2383 2836 2435 cur,
2882 2368 3025 2423 dicet
3064 2367 3291 2422 fortasse
3332 2367 3591 2437 quispiam
3620 2382 3681 2421 ex
3713 2367 3772 2420 iis

2462 2459 2719 2515 adhibent
2743 2461 2975 2515 animum
2999 2500 3013 2525 ,
3042 2461 3085 2515 si
3133 2468 3335 2514 natum
3378 2459 3666 2515 necessitas
3689 2460 3763 2513 sic

2462 2550 2648 2616 afficit,
2676 2550 2759 2604 illa
2789 2552 2972 2605 relicta
2992 2590 3008 2615 ,
3040 2564 3138 2604 nos
3174 2549 3435 2605 accusas?
3463 2549 3592 2617 Quia
3624 2549 3734 2604 lucc
3762 2566 3788 2602 a

2463 2641 2717 2705 emolliri,
2748 2640 2876 2695 illud
2904 2656 3036 2709 opus
3062 2651 3145 2694 est
3171 2650 3373 2694 natura:
3397 2657 3412 2694 :
3447 2640 3569 2694 talia
3598 2648 3771 2695 autem

2464 2748 2571 2787 non
2593 2742 2795 2787 natura:
2816 2741 2917 2797 est,
2940 2731 3033 2786 sed
3055 2732 3257 2786 arbitrii
3282 2740 3576 2801 peccatum.
3595 2730 3792 2797 Quandt

2462 2840 2582 2879 eum
2606 2825 2772 2893 quise
2800 2825 2902 2895 igni
2929 2824 3233 2889 admoveat,
3263 2824 3343 2877 uri
3374 2838 3594 2877 necesse
3619 2831 3730 2884 est;
3758 2826 3792 2875 it

2467 2914 2581 2968 vult
2605 2925 2805 2969 natura:
2827 2915 3107 2969 infirmitas
3131 2934 3145 2969 :
3175 2929 3357 2969 verum
3378 2928 3481 2967 non
3512 2922 3698 2967 natura
3725 2929 3792 2966 no

2466 3006 2660 3062 ustioni
2692 3007 2940 3062 admovet
2967 3026 2981 3063 :
3015 3006 3066 3061 id
3094 3007 3233 3061 enim
3264 3021 3329 3061 ex
3365 3021 3611 3076 perversa
3638 3005 3791 3059 solun

2466 3110 2572 3156 tate
2603 3100 2819 3170 pendet.
2855 3100 2966 3155 lloe
2998 3100 3156 3169 igitur
3185 3099 3454 3154 admoveri
3486 3098 3608 3153 volo
3637 3107 3692 3153 et
3720 3113 3789 3151 co

2465 3209 2533 3249 ne
2558 3203 2747 3262 sponte
2775 3207 2869 3247 vos
2897 3193 3195 3261 prtecipites
3222 3192 3361 3247 detis
3384 3233 3399 3258 ,
3428 3205 3604 3260 neque
3626 3190 3693 3245 ad
3721 3207 3790 3259 pro

2466 3285 2715 3354 nequitiae
2736 3299 2829 3338 vos
2852 3284 3153 3353 impellatis,
3173 3284 3255 3338 vel
3279 3292 3468 3352 sponte
3481 3282 3706 3336 curratis
3725 3282 3789 3335 ad

2467 3392 2535 3430 ne
2562 3377 2789 3429 flamma:
2828 3375 3040 3429 diabolo
3071 3385 3268 3445 parata:
3299 3389 3395 3429 nos
3436 3374 3699 3429 obnoxios
3730 3390 3787 3427 re

2469 3465 2681 3522 Utinam
2706 3481 2833 3520 vero
2859 3480 2955 3520 nos
2985 3481 3173 3521 omnes
3198 3466 3267 3520 ab
3294 3467 3393 3521 hac
3414 3475 3466 3519 et
3498 3466 3585 3519 illa
3613 3464 3790 3519 flamm

2467 3558 2518 3611 in
2563 3558 2735 3612 sinum
2769 3558 3001 3613 Abrahze
3032 3558 3386 3628 recipiamur,
3416 3558 3582 3627 gratia
3610 3568 3671 3613 et
3721 3559 3787 3613 be

2467 3650 2676 3704 Domini
2703 3649 2867 3703 nostri
2906 3648 3032 3705 Jesu
3061 3649 3283 3716 Christi,
3311 3649 3524 3717 quicum
3556 3650 3698 3703 Patri
3728 3652 3790 3719 gl.

2469 3741 2687 3809 malque
2709 3748 2893 3794 sancto
2913 3740 3152 3809 Spiritui,
3180 3740 3231 3793 in
3262 3738 3454 3794 saecula

2139 3946 2486 4009 HOMILIA
2530 3948 2709 4008 XIX.

778 4093 867 4147 41.
916 4091 1113 4145 Invenit
1158 4094 1238 4145 hic
1275 4092 1469 4162 primus
1516 4094 1722 4164 fratrem
1767 4110 1912 4147 suum
1961 4094 2251 4157 Simonem,
2304 4105 2351 4148 et

852 4185 971 4237 dicit
998 4185 1043 4237 ei
1070 4199 1089 4238 :
1116 4184 1403 4238 Invenimus
1433 4182 1691 4245 Messium,
1720 4185 1939 4251 quodest
1966 4187 2347 4254 interpretatum

850 4274 1079 4329 Christus
1102 4290 1122 4328 :
1150 4274 1236 4329 42.
1266 4285 1311 4328 et
1337 4275 1549 4328 adduxit
1573 4274 1721 4328 illum
1748 4275 1815 4327 ad
1838 4274 2037 4329 Iesum.

852 4454 903 4507 .
940 4451 1152 4506 Unionis
1178 4451 1327 4505 bona.
1349 4480 1422 4492 -
1446 4451 1581 4505 Deus
1611 4451 1758 4505 initio
1775 4467 1895 4507 cum
1914 4451 2036 4507 fecit
2059 4452 2353 4518 hominem,

781 4561 885 4600 non
928 4546 1144 4615 reliquit
1188 4545 1337 4599 illum
1379 4544 1549 4598 solum
1578 4584 1595 4610 ,
1625 4546 1719 4600 scd
1758 4546 1905 4600 dedit
1945 4546 1995 4601 ei
2036 4546 2351 4613 adiutricem

783 4634 1058 4690 mulierem
1084 4675 1099 4699 ,
1215 4633 1477 4689 habitaret
1514 4650 1633 4688 cum
1663 4651 1729 4689 co
1753 4654 1767 4689 :
1790 4652 1908 4689 cum
1936 4653 2001 4691 ex
2030 4637 2130 4691 hoc
2161 4646 2354 4691 contu-

781 4728 966 4781 bernio
996 4726 1219 4781 multmn
1266 4725 1397 4780 lucri
1439 4739 1775 4780 accessurum
1816 4736 2018 4781 nosset.
2047 4728 2184 4793 Quid
2213 4729 2355 4782 enim

781 4820 822 4872 si
854 4834 980 4886 non,
1015 4820 1087 4873 uti
1120 4835 1213 4889 par
1231 4827 1365 4881 erat,
1396 4819 1495 4873 hoc
1521 4817 1778 4874 beneficio
1801 4833 1893 4871 usa
1917 4821 1985 4873 sit
2006 4821 2234 4875 mulier?
2262 4825 2356 4875 At-

785 4919 958 4964 tamen
1014 4911 1059 4964 si
1099 4910 1175 4965 rei
1222 4920 1463 4965 naturam
1512 4910 1633 4979 quis
1684 4911 2074 4978 exploraverit.
2111 4928 2353 4981 magnam

783 5002 1077 5071 comperiet
1104 5018 1169 5057 ex
1210 5002 1310 5058 hoc
1335 5001 1686 5057 contubernio
1724 5001 2006 5055 utilitatem
2050 5002 2101 5056 in
2132 5017 2227 5058 eos
2268 5003 2355 5074 qui

784 5102 962 5149 mente
986 5093 1160 5148 valent
1182 5093 1495 5149 derivatam.
1522 5092 1703 5163 Neque
1742 5092 1793 5146 id
1820 5092 1885 5146 de
1912 5094 2025 5146 viro
2070 5102 2268 5148 tantum
2304 5104 2360 5150 ct

783 5203 948 5242 uxore
973 5186 1192 5251 dicitur;
1221 5187 1314 5241 sed
1342 5188 1499 5243 etiam
1528 5186 1572 5241 si
1606 5187 1795 5240 fratres
1826 5200 1924 5238 una
1954 5185 2217 5251 vixerint,
2243 5188 2355 5255 pari

784 5280 1045 5335 beneficio
1082 5280 1340 5335 fruentur.
1392 5280 1745 5346 Quamobrem
1790 5278 2041 5348 propheta
2083 5278 2292 5333 diccbat
2341 5298 2352 5333 :

787 5371 951 5437 Quam
978 5372 1160 5425 bonum
1200 5381 1245 5424 et
1287 5388 1435 5441 quam
1472 5369 1790 5440 iucundum.
1829 5370 2052 5422 habitare
2085 5374 2264 5439 fratres
2306 5370 2357 5423 in

781 5482 933 5518 unum
961 5464 1128 5534 (Psal.
1160 5466 1281 5520 152.
1314 5464 1406 5535 l)?
1436 5465 1735 5534 PauluSque
1784 5459 1969 5534 (Hebr.
1997 5463 2082 5517 10.
2113 5460 2207 5535 25)
2240 5478 2355 5516 mo-

783 5566 872 5611 net
901 5573 965 5611 ne
992 5567 1227 5611 nostrum
1258 5567 1455 5612 emtum
1487 5557 1817 5612 deseramus.
1847 5555 1959 5610 Hoc
1986 5555 2180 5625 quippe
2201 5554 2357 5611 estin

781 5663 886 5717 quo
906 5663 936 5702 a
967 5647 1097 5703 feris
1122 5646 1434 5703 differimus.
1466 5647 1588 5701 Ideo
1611 5648 1772 5702 urbes
1801 5649 2160 5701 construimus
2179 5688 2193 5711 ,
2222 5647 2355 5713 fora,

783 5740 991 5808 domos,
1017 5749 1076 5797 ut
1107 5757 1207 5797 una
1229 5741 1435 5797 collecti
1458 5741 1645 5806 simus,
1675 5756 1780 5795 non
1804 5738 2103 5796 habitacula
2126 5750 2352 5808 tantum,

2468 4095 2560 4149 sed
2594 4104 2647 4148 et
2671 4095 2911 4149 caritatis
2948 4096 3181 4150 vinculo.
3215 4096 3347 4148 Cum
3392 4097 3534 4150 enim
3570 4105 3760 4149 natura

2464 4184 2753 4241 Conditore
2779 4188 2847 4240 ita
2877 4188 3011 4241 facta
3035 4188 3122 4251 sit,
3150 4197 3205 4241 ut
3226 4188 3343 4241 aliis
3373 4195 3548 4256 egeat,
3582 4202 3684 4241 nec
3714 4189 3787 4241 sit

2466 4280 2532 4331 tis
2556 4278 2625 4332 sit
2650 4294 2663 4331 :
2693 4294 2804 4333 rem
2832 4279 2911 4333 sic
2947 4289 3068 4348 apte
3093 4280 3425 4349 dispensavit
3465 4279 3605 4334 Deus
3625 4320 3640 4341 ,
3673 4288 3731 4332 ut
3764 4280 3787 4333 ii

2464 4368 2765 4437 hujnsmodi
2796 4385 2825 4423 a
2855 4379 3038 4424 mutuo
3066 4371 3334 4424 consortio
3363 4377 3419 4425 et
3444 4386 3472 4423 a
3510 4374 3788 4425 conventil

2465 4473 2567 4518 tur.
2597 4463 2823 4534 Ideoque
2851 4464 3045 4533 nuptiae
3070 4464 3368 4518 constitutae
3396 4472 3520 4517 Sunt
3552 4464 3596 4526 ',
3643 4473 3701 4517 ut
3730 4481 3787 4533 qt

2463 4557 2636 4622 deest,
2657 4557 2724 4611 ab
2747 4558 2916 4613 altero
2937 4557 3265 4625 suppleatur,
3290 4555 3472 4625 sicque
3492 4565 3709 4621 natura,
3740 4573 3785 4625 qi

2463 4658 2612 4714 erat,
2641 4648 2739 4702 sibi
2782 4648 2995 4702 tandem
3033 4646 3258 4711 sufficit;
3288 4647 3355 4699 ita
3394 4656 3451 4700 ut
3476 4646 3604 4700 licet
3642 4656 3785 4700 mort

2463 4740 2557 4806 sit,
2586 4741 2924 4795 successione.
2950 4755 3045 4795 ceu
3074 4739 3372 4794 diuturnam
3416 4739 3786 4792 immortalitat

2464 4842 2569 4888 vet.
2590 4832 2835 4888 Poteram
2861 4833 2974 4887 lucc
2990 4833 3153 4887 fusius
3179 4832 3446 4901 prosequi,
3466 4830 3785 4885 ostenderec

2466 4932 2572 4977 tmn
2602 4936 2667 4977 ex
2696 4923 2880 4977 intima
2911 4932 2964 4977 et
3000 4923 3205 4977 sincera
3230 4921 3612 4990 conjunctione
3644 4922 3783 4975 lucri

2464 5014 2570 5070 Sed
2598 5014 2735 5068 aliud
2766 5016 2924 5068 instat
2952 5013 3303 5077 tractandum,
3327 5013 3478 5081 cujus
3508 5015 3679 5083 gratia
3706 5013 3786 5065 lue

2463 5108 2600 5162 dicta
2627 5119 2768 5164 sunt.
2796 5108 3036 5162 Andreas
3063 5123 3181 5162 cum
3206 5106 3345 5175 apud
3371 5106 3557 5161 Jesum
3579 5107 3783 5161 mansis

2465 5209 2622 5269 taque
2655 5199 2945 5263 didicisset,
2984 5216 3087 5253 non
3118 5199 3427 5255 thesourum
3456 5199 3506 5253 in
3537 5214 3600 5254 se
3624 5198 3786 5253 absco

2465 5292 2677 5346 festinat
2713 5304 2766 5345 et
2792 5291 2956 5344 currit
2992 5291 3057 5345 ad
3092 5290 3305 5344 fratrem
3328 5331 3343 5355 ,
3372 5293 3489 5357 ejus
3527 5291 3709 5357 ipsum
3756 5304 3783 5341 c

2462 5382 2786 5436 redditurus.
2829 5379 2934 5434 Cur
2969 5396 3094 5435 vero
3126 5397 3229 5435 non
3263 5381 3495 5434 narravit
3538 5380 3784 5434 Joannes

2463 5472 2599 5527 xerit
2640 5471 2718 5527 eis
2754 5470 3034 5526 Christus?
3080 5480 3133 5526 et
3170 5470 3432 5526 uudenam
3485 5472 3783 5541 cognoscin

2576 5624 2709 5679 Hzec.
2738 5622 2936 5684 ideoque
2958 5622 3139 5685 nuptae
3163 5621 3426 5673 carminum
3452 5626 3595 5685 sicut.
3633 5620 3784 5685 desut

2463 5692 2601 5736 textu
2623 5692 2673 5733 et
2692 5682 2976 5748 quibusnam
3000 5682 3358 5747 manuscriptis;
3378 5683 3463 5732 sed
3484 5682 3745 5731 habentur
3767 5683 3778 5729 i

2461 5748 2685 5799 videntur
2708 5758 3083 5809 supervacanea.
