4012 6198
173 300 243 358 lil
1141 284 1210 341 IN
1244 283 1556 342 JOANNEM
1595 282 1825 339 HOMIL.
1867 279 2008 339 XIX.
2047 285 2118 340 al.
2160 285 2344 343 XVIII.

168 415 261 470 ideo
277 406 415 480 apud
432 405 584 462 illum
604 401 869 460 mansisse
885 400 931 454 ίῖ
951 398 1008 454 Id
1032 402 1208 468 nuper’
1228 413 1256 452 a
1273 397 1428 453 nobis
1448 404 1724 451 ostensum

163 503 521 570 estzlicetque
549 497 714 553 etiam
750 491 923 548 ex=iis
959 505 1079 561 qua:
1123 488 1281 544 hodie
1323 488 1460 544 lecta
1509 495 1633 542 sunt
1675 485 1727 540 id

162 595 400 650 ediscere.
425 586 812 644 Animadverte
843 583 987 638 enim
1015 580 1142 652 quid
1188 580 1274 634 hic
1298 577 1446 633 fratri
1472 593 1572 632 suo
1587 576 1730 632 dixe.

158 690 248 741 rit:
282 683 570 738 Invenimus
593 677 857 742 Messium,
885 673 1021 746 quod
1050 673 1431 744 interpretatum
1485 679 1557 725 est
1583 669 1729 726 Chri-

159 788 265 832 stus.
295 773 484 829 Viden‘
508 785 614 842 quo
637 779 796 840 pacto
817 783 936 839 qua:
970 765 1118 822 brevi
1162 773 1404 832 tempore
1431 760 1685 816 didicerat
1710 801 1724 825 ,

158 868 263 922 hinc
276 863 562 920 ostendat?
589 861 723 916 Nam
746 869 800 915 et
820 857 1055 929 Magistri
1083 856 1332 910 virtutem
1351 853 1608 916 declarat,
1637 850 1727 921 qui

158 960 242 1013 hoc
257 958 383 1027 ipsis
406 954 661 1019 suaserit,
686 961 740 1007 et
762 952 998 1020 ipsorum
1015 948 1248 1005 studium
1266 946 1723 1016 diligentiamque,

154 1053 229 1123 qui
251 1049 358 1103 ha'c
375 1048 491 1120 jam
512 1062 540 1101 a
570 1044 834 1115 principio
855 1049 1126 1096 curarent.
1153 1039 1264 1093 lloc
1285 1038 1483 1108 quippe
1505 1035 1722 1091 verbum

154 1154 225 1200 est
249 1143 441 1196 animat
481 1139 768 1193 adventum
805 1135 922 1206 ejus
961 1147 1170 1188 summe
1206 1130 1557 1185 desiderantis
1583 1137 1637 1182 et
1661 1126 1727 1182 de

153 1235 271 1290 cado
294 1242 580 1287 venturum
605 1227 964 1298 exspectantis
991 1268 1005 1293 ,
1038 1224 1337 1296 gaudiuqne
1366 1223 1683 1278 exsultantis
1709 1264 1722 1288 ,

153 1333 417 1396 postquam
467 1319 752 1392 apparuit,
798 1325 956 1386 atque
1000 1314 1304 1370 festinantis
1357 1320 1558 1367 tantam
1609 1327 1723 1366 rem

151 1417 342 1472 ueteris
380 1414 654 1468 nuntiare.
687 1410 802 1464 lloe
850 1408 1100 1462 fraterna:
1145 1416 1260 1462 erat
1301 1406 1683 1460 benevolentia:
1708 1445 1722 1472 ,

151 1511 320 1564 amicze
344 1504 684 1576 cognationis
704 1543 718 1566 ,
751 1500 946 1556 sinceri
976 1499 1197 1554 aﬂ‘ectus
1217 1539 1232 1561 ,
1266 1498 1318 1551 in
1365 1496 1727 1566 Spiritualibus

151 1614 351 1654 manum
379 1607 566 1651 mutuo
594 1593 889 1664 porrigere.
933 1590 1070 1645 Audi
1099 1599 1277 1644 autem
1323 1587 1469 1641 illum
1494 1602 1614 1641 cum
1643 1601 1728 1638 ar-

150 1691 282 1745 ticuli
311 1688 590 1744 additione
619 1686 950 1756 loquentem.
979 1681 1093 1736 Non
1126 1681 1267 1735 enim
1293 1679 1606 1749 simpliciter
1638 1678 1723 1732 di-

149 1783 211 1836 xit
239 1822 254 1842 ,
293 1779 544 1833 Messiam
570 1817 585 1842 ,
623 1775 716 1830 sed
744 1816 758 1838 ,
796 1773 1043 1828 Messium
1093 1771 1260 1826 illum.
1306 1768 1395 1826 Sic
1442 1768 1727 1839 quemdam

148 1874 410 1927 Christum
438 1867 841 1938 exspectabant,
870 1864 959 1934 qui
989 1862 1118 1918 nihil
1150 1875 1436 1917 commune
1456 1875 1576 1915 cum
1608 1857 1728 1912 aliis

151 1963 378 2017 haberet.
409 1959 793 2014 Animadverte
815 1964 992 2010 autem
1019 1997 1034 2019 ,
1063 1953 1147 2009 vel
1172 1969 1199 2007 a
1230 1953 1493 2024 principio
1511 1994 1526 2017 ,
1560 1955 1724 2006 morio

151 2069 317 2123 gerum
346 2051 672 2120 facilemque
696 2047 838 2103 Petri
861 2046 1118 2100 animum.
1145 2045 1338 2101 Statim
1361 2043 1594 2112 nihilque
1621 2056 1730 2096 mo-

150 2158 283 2200 ratus
310 2145 571 2200 accurrit.
618 2142 844 2196 Adduxit
893 2156 1035 2206 eum,
1064 2139 1268 2209 inquit,
1295 2137 1363 2192 ad
1391 2135 1588 2192 .Iesum.
1620 2135 1725 2192 Sed

153 2254 295 2292 nemo
322 2237 642 2291 facilitatem
672 2233 788 2302 ejus
811 2231 1060 2294 damnet,
1089 2229 1227 2300 quod
1258 2230 1374 2284 sine
1403 2228 1570 2282 multo
1597 2243 1726 2283 exa-

149 2331 275 2385 mine
313 2328 554 2382 verbum
582 2325 860 2394 acceperit.
888 2323 1190 2378 Verisimile
1227 2322 1365 2375 enim
1393 2328 1476 2375 est
1505 2319 1724 2373 fratrem

145 2419 249 2473 hac
289 2418 402 2489 ipsi
434 2424 685 2472 accurate
703 2423 754 2469 et
777 2413 1009 2483 pluribus
1032 2425 1314 2475 narrasse;
1343 2425 1527 2465 verum
1559 2424 1724 2464 evan-

143 2513 340 2583 gelista:
387 2509 593 2579 ubique
634 2507 794 2562 multa
833 2505 1151 2576 compendio
1187 2512 1445 2568 narrant,
1478 2501 1725 2557 brevitati

141 2604 439 2658 studentes.
470 2596 717 2666 Alioquin
747 2605 945 2660 autem,
977 2609 1082 2649 non
1113 2593 1382 2648 diciteum
1407 2591 1586 2647 statim
1612 2604 1728 2644 cre-

141 2696 364 2758 didisse;
396 2692 496 2748 sed
517 2733 534 2758 ,
567 2691 797 2744 Adduxit
819 2705 930 2744 eum
958 2688 1026 2741 ad
1054 2686 1233 2741 Iesum
1255 2727 1270 2753 ,
1303 2685 1400 2756 ipsi
1434 2683 1725 2739 traditurus

141 2803 251 2841 eum
274 2828 289 2851 ,
321 2795 384 2840 ut
417 2785 600 2840 omnia
625 2781 694 2837 ab
741 2781 836 2836 illo
863 2779 1124 2836 edisceret
1157 2796 1171 2832 :
1203 2793 1324 2832 nam
1350 2776 1492 2831 "alius
1513 2789 1725 2846 quoque

140 2877 430 2948 discipulus
458 2873 646 2929 aderat
667 2915 681 2940 ,
712 2883 768 2928 et
807 2871 875 2926 ad
905 2871 1019 2926 haec
1053 2869 1428 2925 concurrebat.
1477 2866 1630 2935 Quod
1677 2867 1723 2921 si

141 2970 363 3024 Joannes
393 2969 634 3038 Baptista
665 2980 786 3020 cum
815 2965 965 3026 dixit,
1003 2965 1184 3034 Agnus
1209 2970 1315 3026 est,
1357 2969 1412 3016 et
1439 2961 1491 3014 in
1516 2959 1720 3029 Spiritu

141 3063 406 3131 baptizat,
440 3059 728 3115 clariorem
757 3057 860 3111 hac
901 3054 968 3110 de
1010 3069 1068 3110 re
1108 3052 1405 3108 doctrinam
1444 3067 1473 3105 a
1508 3050 1725 3105 Christo

141 3153 506 3224 excipiendam
530 3149 746 3220 reliquit
774 3165 788 3203 :
820 3149 986 3202 multo
1004 3146 1172 3216 magis
1198 3145 1438 3198 Andreas
1454 3142 1505 3197 id
1527 3142 1723 3209 effecit,

139 3245 219 3314 qui
245 3260 354 3299 non
385 3242 456 3296 ad
486 3250 656 3296 totum
691 3239 1063 3308 explicandum
1093 3235 1340 3290 sufficere
1369 3233 1685 3289 censebatur
1705 3273 1724 3300 ,

139 3336 222 3392 sed
248 3336 313 3390 ad
344 3336 529 3404 ipsum
558 3333 693 3388 lucis
717 3331 917 3386 fontem
947 3329 1164 3386 deduxit
1206 3329 1444 3395 fratrem,
1474 3326 1544 3380 ita
1572 3325 1725 3381 festi-

137 3445 252 3483 nam
279 3441 334 3484 et
359 3425 711 3498 gaudentem,
746 3432 806 3479 ut
835 3438 902 3478 ne
927 3423 1188 3477 tantillum
1209 3419 1422 3491 quidem
1446 3427 1724 3474 cunctare-

138 3529 233 3573 tur.
262 3520 354 3574 45.
388 3517 623 3571 Intuitus
651 3526 818 3569 autent
846 3531 958 3570 eum
984 3512 1016 3567 J
1023 3529 1136 3568 esus
1161 3513 1290 3566 dixit
1318 3528 1336 3566 :
1366 3510 1440 3564 Tu
1466 3527 1519 3564 es
1547 3509 1726 3563 Simon

139 3615 264 3680 ﬁlius
288 3611 490 3674 Iona,
523 3619 578 3662 tu
617 3607 870 3662 vocaberis
915 3605 1110 3676 Cephas
1136 3647 1150 3670 ,
1186 3603 1322 3674 quod
1369 3604 1727 3668 interpretatur

141 3703 334 3760 Petrus.
369 3704 472 3760 llic
491 3705 604 3773 jam
648 3702 833 3771 incipit
858 3698 1188 3754 divinitatem
1232 3711 1382 3751 suam
1405 3695 1604 3750 sensim
1634 3707 1724 3748 re-

139 3797 305 3852 velare
330 3812 406 3852 ex
435 3792 892 3866 paedictiouibus.
923 3789 1013 3846 Sic
1041 3789 1200 3845 etiam
1243 3801 1367 3842 cum
1401 3782 1728 3842 Nathanaele

140 3889 270 3958 terit,
297 3900 509 3945 etcum
538 3885 872 3942 Samaritana
913 3883 1154 3938 muliere.

196 3981 249 4035 3.
293 3978 614 4049 Prophetite
642 3977 837 4046 quippe
878 3990 982 4030 non
1029 3975 1205 4027 minus
1231 3985 1390 4042 quam
1421 3969 1570 4039 signa
1602 3981 1725 4022 mo-

138 4082 288 4138 vent,
321 4084 438 4126 nee
481 4067 678 4123 fastum
725 4082 836 4138 pra:
880 4081 941 4121 se
981 4066 1176 4120 ferunt.
1205 4063 1336 4118 Nam
1382 4060 1635 4116 miracula
1661 4059 1730 4116 ab

141 4162 524 4234 huipientibus
570 4160 758 4215 saltem
803 4158 1155 4213 traducuntur
1193 4154 1294 4227 (In
1324 4151 1616 4215 Beelzebub,
1643 4150 1728 4207 di-

136 4256 356 4320 cebant,
416 4251 556 4322 ejicit
603 4250 858 4304 damonia
895 4247 1117 4322 [Mattlu
1148 4247 1236 4301 12.
1287 4244 1460 4317 14]);
1491 4243 1560 4299 de
1604 4257 1731 4312 pro-

141 4347 310 4414 pletis
332 4345 476 4400 nihil
495 4357 748 4413 umquam
775 4342 880 4396 tale
898 4341 1098 4396 dictum
1126 4347 1229 4395 est.
1261 4337 1314 4391 In
1336 4336 1554 4392 Simone
1574 4336 1732 4407 igitur

139 4450 187 4491 et
210 4439 264 4493 in
312 4435 654 4493 Natbanaele
698 4433 800 4488 hoc
824 4432 1084 4488 doctrina:
1112 4444 1262 4485 usus-
1287 4438 1370 4484 est
1413 4428 1574 4483 modo
1603 4443 1618 4479 :
1675 4427 1728 4482 in

145 4530 349 4584 Andra
378 4537 563 4582 autem
585 4533 642 4580 et
668 4523 912 4594 Philippo
940 4538 1046 4577 non
1089 4522 1319 4591 idipsum
1346 4519 1490 4575 fecit.
1519 4516 1732 4586 Quare?

143 4621 264 4688 otia
297 4620 382 4675 illi
412 4615 784 4674 testimonium
831 4613 1055 4670 Joannis
1101 4611 1397 4667 habuerant
1423 4624 1528 4664 non
1555 4606 1732 4663 modi-

144 4729 249 4767 can
283 4709 780 4784 przparationem:
815 4706 1089 4776 Philippus
1131 4720 1264 4760 vero
1293 4718 1414 4759 cum
1459 4701 1733 4756 adstantes

147 4807 368 4870 videret,
396 4804 505 4858 ﬁde
535 4801 750 4872 dignum
777 4799 984 4868 accepit
1009 4797 1076 4852 ad
1109 4797 1267 4854 tidem
1306 4793 1732 4867 amplcctandam

147 4895 422 4950 indicium.
456 4891 543 4948 Tu
568 4909 620 4947 es
651 4891 830 4946 Simon
875 4891 1014 4959 ﬁlius
1057 4888 1226 4954 Jonte,
1257 4898 1310 4941 tu
1345 4887 1596 4942 vocaberis
1636 4884 1734 4940 Ce-

149 4991 292 5052 phea,
321 4985 465 5054 quod
496 4984 857 5050 interpretatur
899 4979 1106 5035 Petrus.
1138 4981 1180 5034 Α
1210 4979 1458 5049 priesenti
1500 4976 1734 5032 futurum

147 5076 407 5131 credibile
451 5072 652 5129 reddit.
691 5071 824 5127 Nam
867 5071 956 5142 qui
1003 5080 1208 5141 patrem
1237 5069 1354 5140 ejus
1396 5068 1732 5134 memoravit,

147 5170 262 5222 sine
283 5168 452 5222 dubio
473 5167 708 5220 futurum
733 5163 1092 5235 prtevidebat:
1117 5161 1392 5232 praedictio
1415 5171 1592 5216 autem
1612 5174 1734 5216 cum

145 5259 306 5317 huic
330 5259 619 5329 cotujuneta
648 5268 751 5314 est.
785 5257 896 5312 [loc
951 5270 1110 5326 porro
1157 5270 1264 5311 non
1307 5251 1570 5309 adulantis
1597 5259 1734 5316 erat,

144 5356 238 5411 sed
291 5355 534 5409 futurum
583 5349 957 5422 pradicentis;
1024 5347 1183 5418 idque
1232 5345 1358 5402 inde
1404 5344 1579 5416 palam
1630 5350 1734 5397 est.

139 5447 532 5505 Animadverte
553 5455 734 5498 autem
763 5456 923 5512 quam
948 5438 1296 5496 vehementer
1322 5435 1736 5500 Samaritanam,

137 5540 416 5610 paterna
469 5534 738 5602 revolans,
777 5529 1156 5602 reprehendat.
1201 5528 1436 5598 Quinque
1473 5526 1605 5582 uiros
1644 5525 1739 5579 Ita-

207 5673 226 5701 ¹
261 5675 318 5724 1ο
351 5672 520 5722 notet.
547 5670 826 5738 legitur._._...
851 5666 978 5738 quid
994 5664 1180 5738 dixerit
1201 5665 1272 5720 eis
1295 5663 1532 5726 Christus,
1556 5669 1606 5715 ut
1628 5675 1739 5715 eum

133 5744 341 5799 repnte
365 5727 682 5799 sequeremur
705 5727 874 5794 illique
890 5729 1128 5782 timerent
1146 5727 1173 5780 .’

3321 293 3422 350 (η

1840 395 2008 461 buisti,
2041 395 2231 465 inquit,
2261 406 2309 450 et
2341 396 2385 452 is
2418 412 2563 466 quem
2591 411 2725 452 nunc
2763 399 2934 464 habes,
2963 410 3064 454 non
3091 399 3166 454 vir
3203 407 3319 453 tttus
3347 409 3422 454 est

1840 482 2018 557 (Joan.
2055 487 2109 541 4.
2140 487 2253 556 18).
2281 487 2371 543 Sic
2396 498 2446 542 et
2480 488 2636 544 Pater
2678 489 2793 559 ejus
2841 491 3003 545 multa
3031 491 3100 547 de
3141 488 3420 562 prophetia

1837 577 1996 630 verba
2025 577 2150 631 facit
2179 587 2366 633 contra
2405 578 2671 634 idolorum
2703 581 2928 634 cultum.
2958 582 3272 637 Annuntient
3307 599 3420 653 qua:

1835 667 1970 721 vobis
1993 676 2201 722 ventura
2246 679 2403 734 sunt;
2446 679 2499 724 ct
2539 681 2775 737 rursum,
2809 671 3118 727 Annuntiaui
3155 684 3204 727 et
3252 676 3421 729 salvos

1834 755 1951 829 feci,
1981 769 2028 812 et
2072 775 2172 812 non
2201 769 2309 814 erat
2337 760 2388 815 in
2414 761 2550 816 vobis
2576 756 2772 816 alienus
2803 761 2824 833 (
2855 761 2984 819 Isai.
3014 764 3104 820 47.
3139 765 3224 820 I5.
3253 771 3298 818 et
3327 766 3416 821 45.

1840 848 1959 921 12);
1986 860 2041 906 et
2066 852 2116 906 in
2151 862 2258 906 t0ta
2282 853 2561 923 prophetia
2592 853 2694 910 hoc
2715 856 2886 925 ipsum
2914 865 3124 910 tractat.
3144 856 3257 912 Iloc
3276 859 3417 912 enim

1835 944 2064 997 maxime
2082 959 2216 1012 opus
2235 943 2326 999 Dei
2349 944 2608 1015 est,quod
2639 961 2743 1001 non
2778 946 2983 1016 possint
3004 946 3275 1003 dmmones
3303 947 3423 1002 imi-

1837 1035 1956 1099 tari,
1977 1035 2185 1088 etiamsi
2213 1035 2501 1091 admodum
2531 1036 2878 1092 contendant.
2908 1037 3040 1091 Nam
3069 1038 3120 1091 in
3149 1038 3420 1094 miraculis

1834 1135 2012 1195 potest
2035 1126 2276 1196 qumdam
2320 1129 2530 1196 species
2559 1128 2848 1199 decipere:
2883 1130 3056 1184 futura
3100 1147 3226 1184 vero
3256 1147 3417 1186 accn-

1833 1227 1949 1274 rate
1977 1219 2289 1288 praedicere,
2343 1221 2500 1275 unius
2533 1220 2853 1277 immortalis
2903 1232 3106 1276 natura:
3136 1232 3237 1278 est.
3266 1223 3417 1290 Quod

1834 1310 1876 1364 si
1908 1308 1958 1365 id
1987 1310 2260 1366 daemones
2285 1309 2572 1382 aliquando
2600 1310 2838 1378 iecerint,
2858 1309 3168 1383 insipientes
3189 1313 3419 1369 fallemlo

1834 1399 2076 1455 fecerunt
2104 1423 2116 1456 :
2147 1402 2289 1456 unde
2318 1409 2374 1457 et
2419 1403 2663 1457 vaticinia
2695 1418 2881 1457 eorum
2912 1418 3124 1473 semper
3163 1402 3293 1457 falsa
3323 1403 3419 1458 de-

1834 1491 2261 1562 prehenduntur.
2292 1491 2481 1547 Petrus
2509 1508 2636 1548 vero
2677 1493 2806 1547 nihil
2847 1493 2912 1547 ad
2945 1493 3060 1548 haec
3096 1494 3416 1563 respondet'

1836 1581 2069 1635 nondum
2112 1582 2253 1635 enim
2285 1582 2554 1652 quidpiam
2598 1583 2740 1638 clare
2787 1591 3037 1644 noverat,
3068 1583 3159 1636 sed
3207 1584 3418 1639 interim

1834 1670 2107 1725 ediscebat
2133 1689 2147 1726 :
2179 1687 2353 1741 neque
2399 1671 2801 1740 prtedictionem
2837 1671 2981 1726 illam
3013 1671 3157 1726 clare
3187 1673 3417 1728 videbat.

1831 1761 2014 1831 Neque
2058 1761 2200 1816 enim
2251 1763 2405 1827 dixit,
2436 1764 2546 1834 Ego
2577 1771 2629 1818 te
2672 1764 3062 1832 cognominabo
3106 1764 3338 1829 Petrum,
3365 1773 3421 1820 et

1833 1867 1995 1922 super
2026 1852 2163 1908 hanc
2190 1863 2392 1924 petram
2421 1855 2699 1910 aediﬁcabo
2737 1855 3032 1910 Ecclesiam
3062 1871 3270 1911 meam:
3299 1856 3418 1925 sed,

1836 1942 1912 1996 Tu
1940 1945 2191 1999 vocaberis
2215 1943 2432 2015 Cepltas.
2462 1945 2593 2001 Illud
2623 1946 2764 2001 enim
2800 1947 3133 2001 auctoritatis
3161 1957 3216 2004 et
3263 1958 3411 2017 pote-

1833 2034 1988 2088 statis
2019 2037 2238 2104 majoris
2267 2045 2402 2091 erat.
2429 2035 2675 2092 Christus
2704 2051 2836 2092 vero
2884 2051 2988 2091 non
3033 2038 3212 2092 statim
3252 2047 3308 2093 et
3350 2039 3420 2094 ab

1833 2128 1984 2184 initio
2018 2138 2180 2183 totam
2232 2138 2548 2200 potestatem
2597 2129 2814 2184 exhibet
2855 2143 3032 2197 suam,
3064 2129 3157 2185 sed
3204 2130 3416 2186 interitu

1834 2219 2086 2275 humilius
2110 2221 2362 2291 loquitur.
2388 2221 2674 2292 Postquam
2705 2233 2882 2276 autem
2910 2221 3238 2278 divinitatem
3264 2239 3416 2278 suam

1832 2311 2240 2379 demonstravit,
2271 2328 2393 2369 cum
2443 2313 2647 2384 majore
2686 2315 2793 2384 agit
2838 2316 3155 2371 auctoritate
3198 2317 3415 2372 dicens:

1830 2400 2018 2457 Beatus
2045 2420 2098 2458 es
2140 2403 2342 2470 Simon,
2372 2404 2492 2475 quia
2537 2405 2697 2460 Pater
2749 2421 2887 2460 meus
2917 2406 3148 2461 reuelauit
3193 2407 3318 2472 tibi;
3365 2418 3420 2463 et

1831 2511 2041 2551 rursum
2065 2513 2078 2551 :
2116 2495 2182 2550 Et
2209 2513 2300 2567 ego
2329 2496 2444 2551 dico
2472 2498 2579 2563 tibi,
2611 2496 2693 2551 Tu
2720 2513 2772 2552 es
2803 2495 3006 2562 Petrus,
3036 2506 3084 2552 et
3111 2514 3263 2566 super
3287 2497 3418 2553 hanc

1833 2597 2025 2658 petram
2045 2589 2308 2658 aedificabo
2331 2587 2615 2644 Ecclesium
2635 2606 2799 2644 meam
2814 2591 2830 2621 ¹
2859 2588 3069 2660 (Matth.
3089 2589 3174 2646 16.
3194 2592 3280 2646 17.
3299 2589 3411 2662 18).

1831 2678 1984 2734 IIunc
2023 2695 2150 2750 ergo
2179 2681 2257 2734 sic
2285 2681 2514 2745 vocavit,
2545 2680 2803 2736 Jacobum
2847 2691 3026 2736 autem
3072 2689 3128 2736 et
3175 2680 3414 2748 fratrem,

1830 2769 1969 2826 filios
1998 2772 2235 2827 tonitrui.
2268 2771 2488 2842 Quare?
2535 2779 2594 2827 ut
2621 2772 2866 2828 ostendat
2888 2787 2946 2828 se
2967 2771 3212 2842 eumdem
3243 2772 3416 2841 ipsum

1831 2874 1951 2916 esse
1993 2861 2082 2930 qui
2127 2870 2179 2917 et
2206 2841 2374 2918 Vetus
2431 2861 2833 2918 Testamentum
2887 2841 3146 2929 deditﬁt
3201 2863 3417 2917 nomina

1831 2953 2076 3016 mutavit,
2104 2954 2194 3022 qui
2246 2953 2444 3008 Abram
2492 2952 2764 3008 Abraham
2814 2955 3044 3018 vocavit,
3073 2953 3258 3008 Saram
3287 2953 3416 3009 Sar-

1831 3058 1966 3108 ram,
1998 3043 2164 3099 Iacob
2189 3042 2485 3122 Israelemj
2511 3044 2690 3099 Multis
2713 3044 2872 3100 etiam
2924 3044 2992 3098 ab
3037 3052 3157 3097 ortu
3198 3045 3414 3098 nomina

1834 3135 2106 3205 imposuit,
2129 3144 2191 3189 ut
2211 3133 2411 3200 lsaaco,
2433 3134 2704 3200 Samsoni,
2727 3143 2781 3189 et
2806 3134 2925 3188 aliis
2952 3133 3021 3189 ab
3040 3133 3172 3189 Isaia
3202 3141 3258 3188 et
3275 3135 3416 3189 Osee

1832 3226 2174 3304 memoratis;
2200 3223 2517 3296 quibusdam
2539 3225 2702 3280 etiam
2729 3239 2847 3279 eam
2875 3239 3033 3294 quam
3054 3238 3083 3276 a
3110 3223 3416 3293 parentibus

1833 3312 2152 3387 acceperant
2176 3315 2588 3386 appellationem
2620 3315 2866 3380 mutavit,
2900 3323 2957 3369 ut
2985 3329 3146 3385 supra
3175 3313 3332 3369 dictis
3359 3323 3416 3369 et

1832 3407 1958 3462 Jesu
1994 3405 2100 3461 [ilio
2126 3405 2293 3462 Nave.
2335 3406 2465 3460 Nam
2498 3405 2549 3461 id
2592 3406 2644 3460 in
2696 3421 2845 3462 more
2871 3413 2987 3460 erat
3016 3405 3154 3476 apud
3181 3414 3412 3472 veteres,

1832 3510 1892 3555 ut
1915 3517 1980 3557 ex
2013 3500 2173 3555 rebus
2202 3501 2416 3555 nomina
2449 3500 2808 3572 imponerent,
2837 3497 2980 3570 quod
3007 3504 3063 3553 et
3092 3497 3236 3554 Elias
3263 3497 3411 3553 feeit.

1832 3590 1888 3647 Id
1919 3606 2047 3647 vero
2071 3607 2177 3647 non
2205 3591 2320 3647 sine
2346 3604 2527 3658 causa,
2550 3589 2644 3645 sed
2669 3599 2726 3644 ut
2754 3590 2922 3659 ipsum
2951 3603 3143 3644 nomen
3171 3588 3414 3644 beneficii

1831 3684 1998 3740 divini
2029 3685 2416 3740 monimentum
2449 3691 2613 3749 esset,
2650 3693 2705 3738 et
2743 3681 3000 3738 memoria
3039 3691 3290 3752 perpetua
3323 3695 3417 3751 per

1832 3790 2140 3845 expressam
2171 3774 2476 3829 nominibus
2508 3773 2841 3843 prophetiam
2871 3772 3176 3827 auditorum
3221 3773 3416 3829 animis

1835 3867 2090 3922 insideret
2116 3885 2131 3924 :
2157 3868 2236 3922 sic
2260 3867 2518 3922 Joannem
2547 3881 2576 3920 a
2607 3865 2868 3935 principio
2907 3867 3133 3921 vocavit.
3162 3865 3294 3922 Nam
3325 3869 3413 3938 qui

1832 3974 1864 4015 a
1892 3975 2058 4031 puero
2087 3959 2280 4015 virtute
2313 3959 2442 4013 clari
2471 3958 2630 4012 futuri
2660 3966 2832 4018 erant,
2863 3957 2985 4011 inde
3007 3958 3218 4012 nomina
3241 3974 3418 4013 sume-

1833 4053 2003 4108 bant:
2034 4051 2100 4107 iis
2121 4066 2248 4107 vero
2286 4050 2375 4121 qui
2416 4059 2600 4120 postea
2629 4049 2759 4104 clari
2812 4048 2970 4104 futuri
3015 4057 3188 4116 erant,
3235 4059 3415 4119 pestea

1835 4157 2030 4198 nomen
2057 4141 2451 4214 imponebatur.

1905 4238 1962 4294 5.
2002 4235 2273 4292 Christiani
2294 4249 2473 4288 nomen
2493 4249 2642 4304 quam
2679 4231 3034 4288 venerandum.
3063 4232 3260 4303 Agendi
3285 4234 3416 4288 ratio

1835 4339 1976 4384 tanto
1999 4327 2201 4382 nomine
2236 4326 2391 4397 digna
2417 4325 2815 4379 commendatur.
2852 4321 3104 4377 Pecunias
3145 4332 3292 4396 auget
3331 4324 3418 4393 qui

1837 4417 2142 4490 pauperibus
2171 4415 2446 4470 distribuit.
2475 4442 2550 4455 --
2581 4413 2684 4469 Sed
2710 4423 2832 4468 tunc
2863 4411 3072 4468 diversa
3102 4413 3295 4484 singuli
3321 4429 3418 4468 no-

1838 4506 1981 4560 mina
2007 4501 2377 4572 accipiebant;
2422 4515 2561 4555 nunc
2599 4510 2779 4555 autem
2821 4515 2984 4554 unum
3026 4513 3214 4555 omnes
3253 4499 3417 4556 habe-

1838 4611 1979 4662 mus,
2009 4596 2112 4650 illis
2137 4594 2384 4650 omnibus
2411 4594 2604 4663 majus,
2634 4591 2846 4664 quando
2865 4593 3151 4649 Christiani
3182 4595 3421 4665 appella-

1839 4705 1960 4744 mur
1987 4698 2039 4743 et
2071 4686 2163 4741 filii
2190 4685 2306 4752 Dei,
2334 4695 2390 4741 et
2411 4685 2570 4740 amici
2595 4694 2652 4740 et
2677 4699 2871 4757 corpus
2897 4700 3079 4740 unum.
3103 4683 3198 4739 illa
3225 4684 3420 4755 quippe

1839 4777 2125 4848 appellatio
2149 4777 2265 4848 plus
2293 4790 2451 4846 quam
2477 4776 2596 4830 alia:
2621 4790 2808 4832 omnes
2833 4788 2932 4830 nos
2956 4774 3175 4841 excitat,
3198 4775 3422 4848 diligen-

1845 4873 2112 4940 tioresqne
2141 4869 2207 4924 ad
2242 4871 2492 4924 virtutem
2544 4866 2905 4924 exercendam
2959 4867 3142 4924 eltlcit.
3187 4866 3266 4924 Ne
3293 4884 3422 4940 ergo

1841 4963 2054 5034 indigna
2107 4961 2364 5017 faciamus
2408 4960 2540 5015 tanti
2589 4959 2817 5015 nominis
2861 4957 3086 5025 honore,
3129 4961 3422 5031 cogitantes

1841 5055 2114 5125 dignitatis
2137 5053 2528 5116 excellentiam,
2547 5066 2650 5123 qua
2671 5049 2869 5105 Christi
2900 5051 3117 5107 nemine
3145 5065 3418 5106 vocamur.

1841 5144 1931 5201 Sic
1959 5145 2101 5202 enim
2144 5158 2243 5199 nos
2268 5143 2466 5198 Paulus
2496 5140 2802 5211 appellavit.
2830 5139 3137 5212 Cogitemus
3177 5155 3427 5196 reverea-

1843 5253 2068 5311 murque
2097 5237 2328 5294 nominis
2355 5233 2794 5306 magnitudinem.
2851 5232 2908 5288 Si
2946 5233 3112 5299 enim,
3140 5231 3230 5304 qui
3274 5232 3427 5289 ducis

1842 5335 2140 5406 cuiuspiam
2176 5331 2399 5402 insignis
2422 5371 2437 5397 ,
2468 5327 2553 5384 vel
2590 5325 2868 5397 conspicui
2911 5325 3011 5382 viri
3051 5339 3173 5382 esse
3211 5325 3425 5392 dicitur,

1843 5427 2010 5482 altum
2039 5424 2177 5494 sapit
2205 5438 2326 5478 cum
2355 5436 2414 5476 se
2441 5420 2586 5476 illius
2627 5418 2713 5474 vel
2757 5417 2900 5474 illius
2925 5431 3046 5475 esse
3084 5417 3300 5486 dicitur,
3327 5432 3425 5473 no-

1845 5533 2076 5590 menque
2100 5515 2227 5571 illud
2257 5529 2452 5585 magno
2475 5511 2577 5568 sibi
2605 5510 2754 5568 ducit
2781 5525 2901 5568 esse
2943 5509 3155 5576 honori,
3200 5509 3429 5580 totisque

1909 5658 1927 5689 ι
1963 5654 2056 5723 Alii
2089 5651 2366 5723 habena...
2400 5667 2423 5695 ι
2445 5656 2509 5723 Tu
2538 5659 2592 5723 es
2627 5647 2805 5713 Simon,
2845 5652 2896 5699 tu
2928 5641 3166 5696 vorttberis
3209 5640 3425 5706 Cepkas,

1847 5719 1972 5784 quod
1991 5722 2059 5769 est
2082 5716 2445 5779 interpretatum
2470 5716 2636 5762 Petrus
2652 5725 2699 5761 ι.
