4012 6194
586 244 688 305 123

584 358 785 416 viribus
828 356 1039 424 nititur,
1070 369 1137 410 ne
1168 368 1263 424 per
1309 354 1573 424 ignaviam
1602 368 1753 408 suam
1782 360 1931 407 tanto
1960 351 2162 407 nomini

584 461 766 506 notam
799 447 1032 503 infamia:
1060 454 1235 501 inurat
1261 462 1276 511 ;
1328 460 1425 501 nos
1446 446 1535 515 qui
1562 460 1667 499 non
1696 459 1725 499 a
1748 444 1882 499 duce
1911 442 1995 497 vel
2022 442 2168 511 prin-

584 545 703 612 cipe
735 552 971 605 terreno,
1008 554 1111 593 non
1138 539 1204 593 ab
1233 538 1444 607 angelo,
1473 537 1555 592 vel
1587 533 1929 605 archangelo,
1966 533 2050 587 vel
2074 534 2171 587 Se—

566 632 830 702 raphino,
859 631 953 685 sed
985 629 1050 684 ab
1079 644 1267 683 eorum
1314 627 1458 697 Rege
1506 641 1699 681 nomen
1747 624 1918 680 sortiti
1964 637 2164 689 smnus,

586 738 763 778 annon
798 722 1031 777 animam
1074 735 1284 790 quoque
1328 727 1565 773 nostram
1614 717 1788 787 potius
1815 727 2165 783 exponemus,

586 824 644 869 ut
675 830 739 868 ne
768 813 813 869 is
838 814 927 882 qui
960 826 1057 866 nos
1084 811 1185 865 hoc
1216 810 1420 863 honore
1459 806 1655 874 aﬂ‘ecit,
1686 804 2009 860 contumelia
2056 801 2167 856 afti-

586 905 795 961 ciatur?
824 905 1019 958 Annon
1051 902 1426 971 imperatorios
1469 900 1688 953 ordines
1717 897 1906 961 nostis,
1936 902 2172 949 scutato-

586 1014 728 1065 rum,
760 997 1123 1061 hastatorum,
1153 994 1242 1064 qui
1289 992 1671 1062 Imperatorem
1720 989 1939 1057 stipant,
1971 995 2170 1055 quanto

585 1106 776 1159 nempe
817 1088 1061 1144 fruantur
1093 1084 1336 1143 honore?
1366 1084 1439 1138 ita
1478 1092 1532 1137 et
1562 1098 1679 1145 nos,
1720 1080 1809 1149 qui
1853 1079 2007 1149 longe
2048 1092 2171 1147 pro-

586 1182 894 1251 pinquiorrs
922 1178 1050 1247 ltegi
1096 1186 1278 1231 nostro
1316 1189 1525 1239 sumus,
1557 1181 1613 1227 et
1652 1180 1798 1225 tanto
1827 1168 2171 1239 propinquio-

586 1286 695 1337 res,
722 1278 923 1341 quanto
963 1267 1307 1337 propinquius
1334 1276 1416 1320 est
1462 1278 1659 1333 corpus
1700 1261 1879 1331 capiti,
1906 1259 2034 1313 nihil
2064 1274 2168 1312 non

586 1362 755 1417 acturi
803 1377 1009 1421 sumus,
1038 1370 1095 1412 ut
1123 1357 1393 1417 Christum
1440 1357 1728 1411 imitemur.
1761 1352 1899 1422 Quid
1942 1365 2070 1420 ergo
2098 1350 2171 1404 ait

584 1451 874 1507 Christus?
931 1448 1119 1517 Vulpes
1163 1452 1333 1517 foveas
1362 1446 1567 1511 habent,
1600 1454 1646 1497 et
1684 1444 1909 1496 volucres
1947 1440 2057 1494 caeli
2087 1439 2169 1492 ni-

588 1542 701 1607 dos,
732 1540 899 1594 Filius
935 1549 1102 1592 autem
1140 1539 1356 1591 hominis
1407 1553 1507 1589 non
1538 1535 1684 1588 habet
1715 1532 1799 1585 ubi
1844 1539 1995 1600 caput
2024 1544 2171 1584 suum

586 1634 793 1687 reclinet
831 1630 981 1701 (Luc.
1015 1631 1066 1686 9.
1101 1632 1210 1699 58).
1240 1628 1350 1683 Hoc
1379 1628 1422 1681 si
1454 1644 1487 1682 a
1524 1626 1676 1679 vobis
1705 1626 1997 1694 exigamus,
2034 1622 2170 1676 forte

585 1740 745 1795 grave
772 1733 825 1780 et
853 1739 1138 1778 onerosum
1166 1722 1343 1776 multis
1372 1719 1637 1774 videbitur
1662 1735 1675 1771 :
1708 1723 2035 1787 quapmpter
2062 1722 2167 1767 tam

585 1826 888 1871 accuratam
930 1815 1279 1868 imitationem
1312 1827 1415 1866 non
1447 1824 1754 1880 exiioscam,
1790 1817 1848 1861 ut
1876 1803 2171 1862 inﬁrmitati

588 1917 782 1961 vestra:
825 1921 1060 1976 parcam.
1107 1905 1253 1974 Rogo
1298 1913 1473 1957 autem
1506 1918 1573 1957 ne
1603 1901 1841 1972 pecuniis
1872 1901 2030 1953 nimis
2061 1898 2173 1954 has-

585 1998 783 2061 reatis;
814 1995 907 2051 sed
952 2007 1007 2050 ut
1035 2010 1133 2066 ego
1160 1996 1227 2049 ob
1254 1995 1610 2048 inﬁrmitatem
1651 2002 1881 2047 vestram
1923 2000 2119 2045 tantam
2142 2004 2171 2043 a

587 2089 739 2145 vobis
766 2090 1015 2142 virtutem
1049 2103 1152 2140 non
1182 2087 1335 2156 exigo
1364 2103 1376 2139 :
1411 2086 1487 2139 sic
1526 2093 1581 2143 et
1607 2099 1703 2138 vos
1738 2084 1905 2137 multo
1932 2082 2100 2152 magis
2141 2096 2170 2134 a

586 2178 818 2248 nequitia
846 2176 1126 2233 recedatis.
1151 2175 1266 2230 Non
1295 2190 1487 2230 accuso
1506 2190 1599 2230 eos
1623 2175 1710 2244 qui
1736 2173 1924 2228 domos
1948 2172 2168 2238 habent,

586 2284 769 2340 agros,
800 2269 1071 2338 pecunias,
1106 2282 1327 2333 servos;
1378 2267 1472 2321 sed
1518 2267 1639 2322 volo
1674 2274 1731 2319 ut
1775 2266 1917 2320 licite
1945 2274 1997 2319 et
2047 2279 2168 2319 cum

572 2348 782 2415 decore
824 2359 910 2416 illa
943 2359 1316 2430 possideatis‘.
1358 2357 1495 2425 Quid
1542 2366 1645 2421 est,
1671 2372 1794 2410 cum
1841 2353 2075 2409 decore?
2102 2353 2171 2411 Ut

584 2450 808 2517 domini,
838 2465 942 2506 non
996 2450 1135 2504 servi
1184 2450 1396 2503 illorum
1445 2448 1583 2514 sitis,
1615 2459 1673 2503 ut
1723 2463 1785 2502 ea
1833 2447 2167 2517 possideatis,

586 2558 695 2597 non
726 2542 813 2597 illa
843 2558 939 2598 vos
970 2542 1315 2611 possideant;
1346 2542 1409 2595 iis
1432 2540 1677 2607 utamini,
1709 2555 1813 2594 non
1847 2539 2162 2595 abutamini.

585 2632 727 2703 Opes
753 2632 872 2687 ideo
897 2633 973 2686 sic
1004 2641 1281 2699 vocantur,
1310 2640 1369 2686 ut
1422 2632 1487 2685 iis
1545 2630 1597 2685 in
1646 2645 1810 2700 Opera
1865 2629 2167 2683 necessaria

586 2731 815 2781 utamur,
850 2737 954 2776 non
999 2731 1054 2777 ut
1086 2723 1205 2777 illas
1234 2721 1618 2777 custodiamus.
1648 2720 1761 2776 Hoc
1802 2719 2000 2791 quippe
2029 2720 2168 2775 servi

585 2824 688 2879 est,
736 2815 863 2869 illud
886 2814 1021 2869 heri.
1052 2814 1352 2881 Custodire,
1373 2815 1512 2869 servi
1542 2824 1658 2878 est;
1691 2812 2022 2884 impendere,
2053 2810 2167 2867 heri

583 2912 636 2959 et
661 2912 977 2976 potestatem
1012 2904 1277 2960 habentis.
1311 2906 1425 2959 Non
1453 2904 1572 2959 ideo
1598 2903 1871 2973 accepisti,
1901 2911 1955 2957 ut
1984 2903 2037 2956 in
2065 2910 2171 2957 ter-

647 3040 663 3070 ι
700 3038 794 3090 Alii
816 3038 1005 3103 legunt,
1030 3038 1131 3089 illis
1150 3036 1372 3099 utamini,
1400 3049 1506 3101 pro,
1528 3034 1617 3087 illa

1324 237 1383 294 S.
1420 238 1698 297 JOANNIS
1735 235 2203 293 CllRYSOSTOMl
2242 237 2561 297 ABCHIEP.
2600 245 3128 307 CONSTANTINOP.

3752 258 3874 314 ιξι

2274 370 2386 411 ram
2436 356 2707 424 defodias,
2739 366 2835 421 sed
2882 375 2940 421 ut
2979 366 3284 424 distribuas.
3317 369 3375 427 Si
3425 370 3587 426 vellet
3634 372 3777 430 Deus
3812 386 3876 433 ut

2274 446 2381 503 illac
2436 462 2800 521 servarentur,
2834 472 2936 509 non
2983 456 3287 515 hominibus
3334 461 3602 530 dedisset,
3655 466 3748 521 sed
3814 468 3871 523 in

2278 548 2417 594 terra
2448 543 2653 598 occulta
2683 544 2997 604 dimisisset.
3029 549 3162 618 Quia
3211 561 3391 608 autem
3441 557 3553 610 vult
3594 558 3711 613 illas
3752 561 3867 614 im-

2276 630 2457 699 pendi,
2492 632 2611 688 ideo
2639 637 2880 704 permisit
2910 648 2966 693 ut
2995 640 3116 695 illas
3143 640 3485 709 haberemus,
3510 656 3565 700 ut
3594 648 3709 704 illas
3735 666 3867 705 mtt-

2275 729 2363 773 tuo
2389 724 2920 781 communit-aremus.
2948 728 3040 783 Sin
3079 731 3219 798 apud
3252 747 3349 787 nos
3378 735 3719 803 retineamus,
3749 755 3864 795 non

2274 809 2412 865 ultra
2454 811 2655 869 domini
2707 815 2915 872 illarum
2964 834 3170 875 sumus.
3202 821 3256 878 Si
3287 835 3464 879 autem
3498 826 3617 881 illas
3659 844 3864 900 augere

2272 903 2439 967 velis,
2498 905 2724 977 ideoque
2783 923 3020 965 servas:
3067 912 3155 966 illa
3215 914 3454 985 profecto
3499 920 3698 987 optima
3752 923 3864 976 erit

2274 996 2464 1065 agendi
2497 999 2653 1065 ratio,
2676 1002 2718 1055 si
2747 1001 3023 1074 dispergas
3052 1013 3105 1060 et
3130 1007 3363 1077 undique
3386 1009 3697 1068 diSIribuas.
3722 1013 3860 1071 Nul-

2275 1084 2357 1140 lus
2382 1088 2525 1142 enim
2573 1102 2860 1158 proventus
2891 1095 3005 1150 sine
3031 1109 3278 1166 sumptu,
3310 1100 3469 1154 nulla:
3502 1101 3701 1157 divitiae
3741 1104 3863 1168 sine

2273 1191 2506 1247 expensa
2541 1197 2554 1234 :
2588 1181 2640 1234 id
2670 1182 2811 1253 quod
2860 1184 2913 1239 in
2964 1187 3125 1241 rebus
3170 1190 3514 1245 saecularibus
3549 1193 3727 1248 videre
3752 1204 3855 1250 cst.

2274 1266 2362 1323 Sic
2391 1280 2676 1336 mercator,
2700 1274 2779 1328 sic
2804 1276 3033 1344 agricola
3065 1276 3225 1342 facit;
3262 1280 3346 1332 hic
3369 1282 3595 1345 semina,
3629 1284 3719 1339 ille
3759 1299 3857 1353 pe-

2274 1362 2461 1418 cunias
2508 1367 2748 1435 spargit:
2782 1367 2868 1422 ille
2918 1359 3132 1439 navigat
3175 1377 3230 1425 et
3277 1373 3532 1440 pecunias
3576 1376 3854 1444 impendit,

2274 1450 2361 1507 hic
2394 1470 2488 1523 per
2517 1465 2680 1510 totum
2714 1458 2921 1513 laborat
2946 1475 3165 1528 annum,
3197 1465 3346 1526 serit,
3378 1465 3596 1519 excolit.
3639 1467 3735 1522 llic
3764 1483 3857 1524 auo

2276 1552 2381 1597 tem
2412 1545 2557 1599 nullo
2584 1561 2766 1601 eorum
2799 1558 2883 1604 est
2910 1565 3076 1619 opus;
3112 1566 3214 1605 non
3242 1554 3544 1624 apparando
3574 1558 3722 1611 navis
3753 1567 3852 1623 est,

2277 1648 2380 1687 non
2404 1635 2660 1705 jungendi
2692 1639 2854 1695 boves
2875 1650 3021 1707 sunt,
3050 1657 3154 1696 non
3176 1644 3371 1698 arauda
3401 1654 3563 1712 terra,
3590 1662 3696 1701 non
3716 1650 3854 1704 aeris

2277 1726 2620 1793 intemperies
2653 1728 3009 1798 observanda,
3044 1746 3147 1785 non
3194 1734 3397 1803 grando
3445 1736 3699 1792 timenda.
3739 1738 3851 1795 Non

2276 1813 2364 1871 hic
2410 1815 2602 1873 ﬂuctus
2630 1830 2787 1887 sunt,
2824 1837 2927 1876 non
2960 1825 3183 1893 scopuli.
3238 1825 3361 1883 ilice
3408 1816 3695 1900 navigatio,
3744 1831 3854 1888 iure

2276 1911 2552 1974 sementis,
2585 1910 2688 1967 hoc
2719 1929 2825 1968 uno
2853 1928 2988 1984 opus
3019 1914 3197 1981 habet,
3231 1927 3287 1973 ut
3331 1918 3609 1977 facultates
3655 1924 3855 1994 disper-

2276 2008 2504 2068 gantur;
2537 2012 2735 2057 caetera
2781 2020 2907 2059 vero
2932 2008 3110 2061 omnia
3148 2009 3379 2078 agricola
3414 2011 3502 2067 ille
3525 2014 3763 2079 curabit,
3788 2015 3853 2071 de

2276 2105 2381 2161 quo
2407 2092 2482 2144 ait
2510 2092 2750 2149 Christus
2779 2112 2792 2148 :
2839 2094 2996 2149 Pater
3026 2114 3164 2154 meus
3188 2100 3416 2169 agricola
3455 2108 3546 2155 est.
3579 2102 3851 2171 Quomodo

2274 2182 2562 2238 absurdum
2597 2201 2702 2240 non
2734 2186 2913 2252 fuerit,
2950 2187 3037 2243 ubi
3078 2190 3193 2244 sine
3237 2190 3422 2247 labore
3441 2194 3620 2247 omnia
3648 2211 3851 2252 sumere

2275 2286 2579 2342 possumus,
2625 2278 2846 2345 supinos
2865 2286 2919 2332 et
2953 2279 3244 2335 oscitantes
3288 2297 3547 2349 manere;
3596 2285 3685 2339 ubi
3732 2302 3852 2342 vero

2275 2365 2426 2428 multi
2450 2366 2696 2432 sudores,
2728 2368 2959 2431 labores,
2991 2370 3401 2437 sollicitudines,
3426 2384 3479 2428 et
3523 2386 3708 2445 postea
3736 2391 3852 2448 spes

2275 2454 2498 2520 incerta,
2534 2458 2604 2513 ibi
2630 2474 2844 2515 omnem
2866 2461 3194 2531 diligentiam
3225 2464 3516 2522 adhibere?
3546 2467 3624 2523 Ne
3654 2485 3848 2539 qumso,

2274 2560 2341 2601 ne
2384 2561 2504 2601 cum
2548 2548 2615 2602 de
2646 2549 2819 2604 salute
2847 2561 3029 2605 n0stra
3064 2554 3257 2621 agitur,
3306 2563 3586 2627 tantopere
3630 2560 3851 2629 desipia-

2275 2651 2436 2702 mus;
2483 2638 2577 2693 sed
2607 2640 2919 2696 onerosiora
2968 2642 3055 2697 illa
3106 2646 3402 2713 mittentes,
3426 2647 3495 2701 ad
3544 2649 3781 2706 faciliora
3803 2660 3853 2706 et

2275 2729 2487 2783 utiliora
2517 2746 2815 2796 curramus,
2850 2741 2906 2786 ut
2945 2742 3001 2789 et
3041 2731 3216 2790 futura
3274 2751 3671 2807 consequamur
3700 2741 3848 2807 bona,

2273 2824 2441 2891 gratia
2467 2832 2520 2877 et
2547 2823 2909 2880 misericordia
2963 2825 3171 2881 Domini
3196 2830 3360 2883 nostri
3381 2828 3505 2884 Jesu
3527 2829 3752 2899 Christi,
3771 2833 3851 2902 qui

2277 2928 2399 2968 cum
2439 2913 2580 2968 Patri
2622 2914 2815 2984 gloria,
2848 2931 2951 2970 una
2982 2932 3104 2971 cum
3153 2916 3352 2987 Spiritu
3383 2930 3590 2989 sancto,
3625 2938 3765 2977 nunc
3805 2932 3854 2977 et

2282 3018 2517 3075 semper,
2548 3014 2603 3059 et
2630 3006 2685 3059 in
2716 3006 2910 3061 saecula
2938 3008 3280 3063 sicculorum.
3311 3011 3505 3065 Amen.

582 3159 3847 3189 Mm

1962 3239 2310 3303 HOMILIA
2351 3243 2498 3305 XX.

584 3385 670 3438 ιδ.
714 3383 778 3438 In
817 3384 1092 3437 crastinum
1128 3383 1283 3436 voluit
1311 3383 1447 3437 exire
1488 3384 1541 3436 in
1579 3381 1866 3447 Galilazam,
1896 3391 1940 3437 et
1967 3383 2154 3438 invenit

656 3473 973 3543 Philippum,
1002 3484 1050 3527 et
1079 3475 1199 3525 dicit
1223 3473 1303 3526 ei:
1327 3475 1546 3542 Sequere
1584 3489 1683 3528 me.
1710 3474 1799 3529 44.
1845 3472 1973 3527 Erat
2000 3485 2167 3529 autem

654 3564 928 3634 Philippus
953 3581 985 3617 a
1004 3563 1279 3618 Bellisaida
1304 3564 1500 3619 civitate
1522 3563 1740 3620 Andrete
1754 3575 1799 3619 et
1828 3564 1989 3620 Petri.

660 3698 712 3751 ί.
749 3695 988 3752 Sollicite
1006 3695 1261 3765 quaerenti
1279 3695 1477 3766 aliquid
1496 3709 1736 3767 superest
1755 3698 1854 3771 (a),
1885 3708 1942 3754 ut
1968 3700 2018 3754 in
2047 3715 2170 3769 pro-

586 3787 771 3843 verbio
814 3786 982 3841 fertur
1011 3784 1190 3858 (Prov.
1239 3786 1325 3840 14.
1368 3784 1481 3857 25).
1513 3786 1759 3843 Christus
1793 3805 1922 3844 vero
1965 3790 2167 3859 aliquid

584 3879 752 3950 magis
792 3879 1144 3933 subiudieavit
1171 3877 1373 3944 dicens,
1408 3878 1509 3945 Qui
1536 3880 1716 3950 quierit
1741 3882 1923 3934 invenit
1953 3879 2165 3952 (Matth.

584 3972 639 4028 7.
667 3971 744 4045 8).
776 3969 926 4027 Unde
951 3971 1133 4025 mirari
1163 3969 1305 4025 subit
1343 3986 1439 4025 cur
1467 3970 1742 4041 Philippus
1784 3971 2050 4027 Christum
2075 3988 2166 4028 se-

583 4073 776 4135 quutus
791 4063 879 4119 sit.
903 4062 1143 4117 Andreas
1159 4065 1353 4133 quippe
1374 4065 1538 4129 venit,
1566 4078 1686 4118 cuin
1703 4063 1940 4119 audisset
1958 4080 1988 4121 a
2009 4065 2170 4121 Joan-

585 4166 674 4218 nc,
707 4152 897 4207 Petrus
922 4166 1070 4216 vero,
1095 4167 1216 4207 cum
1246 4153 1482 4207 audisset
1511 4152 1579 4206 ab
1608 4153 1855 4208 Andrea:
1886 4153 1972 4208 hic
1991 4164 2167 4210 autem

585 4252 705 4303 cum
735 4245 869 4301 nihil
894 4247 961 4300 ab
986 4247 1093 4301 alio
1133 4246 1427 4312 didicisset,
1460 4254 1663 4300 tantum
1690 4245 1901 4302 dicente
1929 4247 2165 4315 Christo,

589 4336 813 4404 Sequere
832 4353 929 4400 me,
960 4336 1347 4405 obtemperavit
1366 4336 1564 4397 statim,
1596 4350 1695 4390 nec
1719 4337 1966 4399 recessit,
1996 4337 2090 4392 sed
2114 4347 2170 4394 et

587 4427 904 4496 pricdicator
918 4426 1036 4480 aliis
1059 4428 1177 4482 fuit.
1198 4429 1497 4481 Aecurrens
1512 4426 1652 4482 enim
1675 4428 1739 4482 ad
1762 4426 2164 4496 Nathauaelem,

587 4518 694 4573 ait:
725 4517 886 4584 Quem
910 4518 1109 4586 scripsit
1153 4517 1352 4587 Moyses
1375 4518 1427 4571 in
1457 4518 1565 4589 lege
1601 4528 1647 4572 et
1674 4520 1949 4591 prophetae,
1972 4521 2168 4575 inveni-

585 4626 697 4665 mus
723 4609 902 4680 (Joan.
921 4610 973 4664 l.
1002 4609 1115 4678 l5).
1139 4608 1322 4663 Viden‘
1340 4625 1496 4679 quam
1521 4610 1779 4680 vigilaret,
1808 4623 1861 4667 et
1878 4629 2034 4683 quam
2059 4613 2168 4669 fre-

587 4711 815 4771 quenter
839 4699 1032 4773 Moysis
1056 4700 1250 4769 scripta
1271 4700 1632 4764 meditaretur,
1657 4711 1813 4773 atque
1838 4714 2170 4774 exspectaret

584 4789 783 4845 Christi
807 4789 1129 4844 adventum?
1152 4788 1282 4844 Nam
1308 4790 1454 4856 illud,
1489 4788 1802 4857 Invenimus,
1832 4793 1948 4862 ejus
1970 4803 2051 4848 est
2077 4794 2165 4862 qui

584 4895 799 4950 semper
825 4881 1034 4951 quierit.
1062 4879 1129 4934 In
1149 4890 1420 4938 crastinum
1446 4883 1596 4937 exivit
1618 4883 1650 4937 J
1657 4900 1769 4939 esus
1796 4886 1849 4938 in
1879 4884 2164 4941 Galilaeam.

646 5036 719 5098 (a)
752 5036 1063 5102 Proverbia!!!
1088 5035 1206 5102 illud
1233 5037 1304 5102 sic
1326 5036 1497 5087 Graece
1524 5037 1723 5102 legitur,
1753 5051 1862 5090 παντὶ
1890 5056 1941 5102 τε.
1962 5056 2169 5102 μεμνοπι

646 5064 719 5098 μυ
753 5064 1063 5085 ιἰυνυιυιιιιιι
1088 5064 1206 5087 ιιιυυ
1233 5064 1304 5088 οιυ
1326 5064 1497 5087 υιιςυσ
1525 5064 1723 5102 ungitur,
1753 5064 1862 5090 sum
1890 5064 1941 5101 τῷ
1962 5064 2006 5099 με
2029 5064 2166 5099 ιμνῡνῑι

584 5109 768 5163 {nostri
794 5111 971 5163 «tamen
1005 5097 1141 5163 Haec,
1164 5099 1205 5147 si
1248 5099 1306 5147 ad
1346 5104 1551 5149 verbum
1595 5100 1833 5163 explices,
1878 5064 2166 5163 signillmnt,

583 5161 719 5210 Omni
754 5159 958 5224 curanti,
992 5159 1091 5219 vel,
1115 5167 1359 5224 accurate
1382 5162 1620 5224 quierenti
1659 5159 1837 5223 aliquid
1869 5159 2168 5224 superﬂuum

584 5228 677 5270 est.
703 5220 796 5271 Sed
819 5221 910 5270 hoc
932 5234 1081 5271 sensu
1107 5235 1199 5269 non
1224 5223 1287 5271 ita
1310 5220 1540 5272 consonat
1563 5235 1670 5271 eum
1695 5220 2031 5272 sequentibus.
2056 5230 2167 5272 Nam

582 5280 744 5345 inquit
763 5280 1127 5345 Chrysostcmus
1147 5297 1173 5345 _:
1204 5281 1428 5345 Christus
1450 5282 1628 5345 aliquid
1662 5280 1869 5345 amplius
1898 5283 2169 5345 subindicat

584 5342 693 5390 cuin
716 5342 965 5406 dicit,:()ui
1000 5342 1173 5406 quaerit
1195 5342 1387 5393 ἱηυεηίι.
1412 5342 1713 5406 Quapropter
1737 5342 1911 5400 melius
1934 5344 2169 5406 intelligig

584 5408 663 5449 tur
686 5402 1020 5466 proverbium,
1039 5405 1127 5467 hoc
1150 5412 1311 5467 pacto,
1331 5402 1473 5467 Omni,
1490 5402 1696 5467 sollicite
1728 5406 1973 5467 quaerenti
1989 5402 2167 5467 aliquid

584 5463 813 5525 superest
822 5463 1241 5527 querendumﬁel
1254 5465 1433 5527 aliquid
1448 5466 1604 5515 deest.
1619 5463 1858 5516 Caeterum
1870 5466 1915 5514 iu
1929 5463 2168 5516 Hebraioo

575 5548 732 5604 'lmn
898 5525 1153 5605 ινιτ-’ππ
1193 5548 1242 5598 in
1270 5525 1404 5599 omni
1431 5548 1600 5601 labore
1625 5552 1713 5601 erit
1744 5547 2166 5613 emolumentum;

592 5617 675 5666 vel
723 5617 845 5667 utin
867 5616 1073 5679 Vulgata
1098 5614 1294 5677 legitur,
1320 5615 1369 5665 in
1392 5617 1517 5667 enini
1539 5630 1680 5681 opere
1702 5618 1792 5668 erit
1814 5618 2122 5669 abundantia.

2276 3411 2573 3482 Antequam
2608 3413 2753 3468 enim
2783 3414 2880 3485 ipsi
2916 3414 3052 3470 ullus
3091 3414 3342 3483 haereret,
3375 3415 3645 3472 nemiuem
3687 3425 3856 3472 vorat.

2275 3502 2330 3557 ld
2359 3518 2487 3559 vero
2514 3520 2619 3559 non
2651 3506 2768 3561 sine
2810 3521 2968 3560 causa
3020 3506 3162 3572 fecit,
3213 3505 3310 3563 sed
3351 3520 3559 3562 summa
3605 3509 3855 3577 sapientia

2273 3602 2434 3664 atque
2481 3593 2779 3663 prudentia.
2825 3594 2958 3650 Nam
2998 3595 3042 3650 si
3093 3598 3306 3652 nemine
3350 3607 3543 3667 sponte
3571 3597 3856 3653 accedente

2276 3688 2421 3757 ipsos
2449 3688 2535 3743 ille
2561 3690 2889 3755 attraxisset,
2922 3689 3147 3744 fortasse
3176 3699 3360 3760 postea
3388 3690 3741 3746 resiliissent:
3771 3691 3854 3745 ubi

2274 3788 2452 3833 autem
2484 3778 2614 3833 illud
2644 3779 2783 3834 ultro
2828 3780 3159 3850 delegerunt,
3192 3781 3333 3835 tirmi
3360 3791 3542 3850 postea
3588 3797 3854 3837 mansere.

2276 3870 2575 3941 Philippum
2606 3881 2785 3927 autem
2813 3882 2969 3927 vocat
2997 3873 3097 3927 sibi
3123 3879 3289 3943 magis
3316 3882 3526 3940 notum,
3555 3884 3737 3943 utpote
3764 3876 3854 3942 qui

2274 3960 2329 4016 in
2377 3961 2596 4017 Galilaea
2641 3975 2796 4018 natus
2834 3972 2888 4019 et
2926 3963 3182 4018 educatus
3207 3975 3367 4019 esset.
3399 3966 3704 4034 Assuinptis
3732 3981 3862 4035 ergo

2272 4051 2570 4121 discipulis,
2616 4050 2685 4107 ad
2713 4055 3038 4124 reliquorum
3084 4065 3332 4110 venatum
3384 4054 3760 4124 proﬁciscitur,
3793 4070 3860 4111 ac

2276 4142 2577 4213 Philippum
2604 4154 2661 4199 et
2686 4142 3065 4200 Nathauaelem
3110 4144 3351 4201 attrahit.
3400 4146 3474 4201 De
3523 4147 3627 4201 hoc
3673 4155 3856 4200 autent

2276 4249 2383 4290 non
2412 4234 2516 4288 tam
2539 4235 2785 4291 mirabile
2807 4234 2927 4301 fuit,
2950 4237 3073 4306 quia
3096 4235 3221 4291 lesu
3251 4236 3391 4291 fama
3420 4253 3515 4306 per
3542 4245 3704 4292 totam
3753 4237 3861 4309 Sy-

2274 4326 2407 4381 riam
2438 4327 2825 4396 pervolaverat;
2845 4327 2939 4382 sal
2962 4328 3157 4382 mirum
3174 4339 3289 4382 erat
3309 4328 3451 4398 quod
3476 4327 3667 4385 Petrus
3685 4336 3742 4382 et
3764 4328 3859 4383 Ja-

2273 4416 2440 4470 cobus
2467 4424 2522 4470 et
2550 4415 2828 4486 Philippus
2856 4417 3066 4487 sequuti
3096 4419 3223 4484 sint,
3255 4435 3360 4473 non
3389 4420 3551 4473 modo
3579 4418 3719 4489 quod
3736 4428 3861 4476 ante

2275 4507 2423 4575 signa
2452 4506 2795 4574 crediderint,
2818 4508 2911 4563 sed
2952 4509 3110 4563 etiam
3148 4510 3292 4580 quod
3320 4525 3384 4565 es
3412 4510 3626 4566 Galiltea
3655 4520 3859 4574 essent,

2274 4596 2416 4651 unde
2440 4612 2541 4652 nec
2566 4597 2822 4667 propheta
2850 4598 3118 4668 prodibat,
3148 4614 3321 4670 neque
3346 4600 3544 4671 aliquid
3582 4601 3707 4656 boui
3744 4602 3865 4656 exi-

2276 4688 2398 4743 bat:
2423 4688 2617 4744 rustica
2641 4690 2835 4760 quippe
2851 4705 2983 4759 gens
3000 4698 3135 4755 erat,
3156 4692 3400 4760 agrestis,
3422 4706 3635 4761 aspera.
3659 4691 3862 4747 Verum

2275 4779 2401 4834 inde
2422 4778 2667 4836 Christus
2688 4782 2982 4850 potentiam
3008 4774 3241 4839 ostendit
3264 4797 3440 4851 suam,
3467 4784 3594 4839 dum
3622 4799 3687 4841 ex
3716 4796 3864 4840 terra

2274 4871 2481 4927 nullum
2513 4873 2716 4929 ferente
2744 4873 2997 4939 fructum,
3026 4876 3277 4931 selectam
3317 4876 3703 4945 discipulorum
3733 4892 3862 4945 par-

2276 4974 2380 5020 tem
2412 4965 2612 5020 eduxit.
2644 4966 2945 5022 Verisimile
2971 4967 3130 5037 igitur
3154 4979 3236 5023 est
3251 4967 3574 5039 Philippum,
3600 4970 3743 5039 quod
3762 4969 3867 5024 P.-

2276 5067 2412 5113 trum
2443 5058 2663 5114 vidisset
2700 5066 2754 5115 et
2779 5058 3040 5114 Joannem
3080 5060 3336 5125 audisset,
3379 5071 3658 5128 sequutum
3702 5075 3864 5125 esse;

2272 5149 2529 5206 credibile
2549 5164 2760 5220 quoque
2780 5160 2862 5206 est
2882 5148 3077 5205 Christi
3098 5166 3281 5205 vocem
3308 5151 3504 5221 aliquid
3534 5153 3587 5206 in
3616 5151 3704 5208 illo
3727 5166 3869 5220 ope-

2273 5250 2440 5297 ratam
2466 5255 2620 5296 esse:
2649 5249 2870 5296 noverat
2897 5242 3040 5295 enim
3070 5240 3315 5297 Christus
3340 5245 3555 5311 quinam
3584 5242 3758 5297 idonei
3783 5242 3869 5297 fu-

2274 5334 2377 5387 turi
2421 5340 2620 5387 esseut.
2668 5330 3004 5401 Evangelista
3049 5342 3224 5388 autem
3272 5335 3387 5389 haec
3427 5334 3604 5389 omnia
3633 5336 3862 5403 carptim

2273 5433 2507 5478 enarrat.
2535 5421 2685 5489 Quod
2711 5418 2956 5476 Christus
2991 5432 3246 5477 venturus
3274 5432 3441 5491 esset,
3471 5424 3573 5478 hoc
3601 5424 3687 5479 ille
3717 5426 3865 5479 scie-

2275 5514 2401 5570 bat:
2432 5512 2572 5571 quod
2604 5526 2731 5566 vero
2762 5510 2845 5565 hic
2871 5521 3013 5566 esset
3039 5511 3280 5568 Christus
3305 5513 3603 5584 ignorabat,
3636 5515 3687 5568 id
3718 5515 3863 5585 quod

2275 5608 2445 5680 ipsum
2468 5605 2599 5662 vela
2634 5607 2789 5658 Petro
2816 5604 2897 5658 vel
2925 5619 2951 5657 a
2980 5603 3185 5659 Joanne
3223 5605 3491 5661 audivisse
3521 5616 3671 5676 puto.
3701 5607 3867 5661 Joan-
