4012 6194
295 260 393 319 {'23

298 397 392 437 nes
418 393 580 451 porro
608 381 784 436 vicum
835 379 971 433 illius
1021 376 1289 441 nominat;
1328 384 1385 428 ut
1425 389 1684 444 agnoscas
1716 373 1879 426 Deum

300 477 504 529 iulirma
546 470 728 527 mundi
756 471 996 541 elegisse.
1021 468 1110 523 45.
1141 467 1341 521 invenit
1378 465 1652 534 Philippus
1684 461 1884 516 Nama-

306 564 432 627 πίνει,
459 573 504 618 et
531 565 654 617 dicit
678 564 794 616 illi:
823 560 984 628 Quem
1013 559 1216 629 scripsit
1240 556 1442 628 Moyses
1470 561 1520 608 in
1552 556 1659 625 lege
1689 564 1732 608 et
1765 570 1886 623 pro-

308 659 483 726 phetae,
515 656 814 716 invenimus,
836 652 1010 706 Iesum
1032 651 1196 720 ﬁlium
1215 648 1405 719 .Ioseplt
1432 666 1463 701 a
1493 647 1733 700 Nazaret.
1761 645 1886 700 lla‘c

307 749 430 803 dicit
457 757 511 800 ut
534 747 690 800 [idem
715 743 1070 814 prtedicationi
1095 741 1424 800 conciliaret,
1448 754 1511 792 ex
1529 737 1711 808 Moyse
1733 752 1885 789 nem-

310 857 372 911 pe
399 850 450 896 et
473 839 766 910 prOphetis,
797 847 956 907 utque
978 836 1274 890 auditorem
1304 833 1429 886 inde
1455 828 1885 885 venerabundum

309 933 569 987 redderet.
601 931 732 997 Quia
761 931 902 984 enim
933 926 1227 982 Natbanacl
1263 925 1466 995 peritus
1495 932 1626 982 erat,
1666 930 1720 975 et
1751 920 1890 974 veri-

311 1025 430 1077 tatis
459 1021 727 1076 studiosus
758 1029 1012 1084 sectator,
1045 1026 1100 1070 ut
1125 1016 1284 1070 etiam
1312 1014 1554 1069 Christus
1576 1011 1890 1068 teStilicatns

310 1123 410 1178 est,
438 1115 654 1183 ipsaque
677 1127 762 1166 res
783 1110 1168 1180 comprobavit,
1195 1109 1314 1175 jure
1344 1107 1487 1160 illum
1511 1105 1574 1158 ad
1605 1104 1820 1174 Moysen
1839 1113 1892 1157 et

315 1204 594 1273 prophetas
620 1204 785 1268 misit,
814 1214 864 1256 ut
895 1203 971 1256 sic
996 1200 1342 1270 prtedicatunt
1383 1197 1531 1251 illum
1574 1197 1889 1265 susciperet.

313 1297 364 1351 Si
410 1305 586 1350 autem
617 1295 768 1348 illum
801 1295 964 1348 lilimn
993 1292 1191 1361 Joseph
1222 1289 1470 1358 appellat,
1513 1303 1579 1342 ne
1615 1287 1849 1341 turberis
1878 1304 1890 1340 :

313 1388 482 1443 adhuc
511 1389 652 1444 enim
684 1386 903 1456 Josepbi
934 1385 1075 1439 [ilius
1093 1398 1212 1438 esse
1231 1380 1653 1437 existimabatur.
1676 1379 1740 1432 Et
1759 1377 1898 1432 unde

312 1488 540 1543 constat,
562 1479 828 1547 Philippe,
850 1477 993 1529 hunc
1010 1490 1130 1530 esse
1153 1489 1309 1542 quem
1334 1471 1501 1525 dicis?
1523 1471 1660 1542 quod
1691 1470 1896 1538 signum

311 1569 408 1624 das
441 1568 634 1622 nobis?
662 1567 780 1621 Non
821 1565 1017 1620 sufﬁcit
1067 1566 1205 1641 enim
1255 1564 1318 1614 ila
1355 1563 1716 1631 pranuntiare.
1747 1558 1898 1625 Quod

307 1662 528 1731 signum
571 1658 786 1713 vidisti?
832 1657 971 1728 quod
1003 1654 1348 1710 miraculum?
1372 1651 1486 1706 Non
1515 1652 1630 1706 sine
1662 1651 1896 1720 periculo

313 1753 478 1806 tantis
508 1751 665 1804 rebus
697 1759 894 1804 temere
942 1747 1071 1800 fides
1115 1745 1358 1800 habetur.
1388 1743 1538 1810 Quod
1571 1757 1698 1816 ergo
1730 1742 1894 1798 hebes

309 1845 721 1918 argumentum?
776 1843 918 1898 ldem
964 1843 1158 1912 ipsum,
1207 1839 1393 1909 inquit,
1438 1836 1581 1908 quod
1627 1834 1888 1890 Andreas.

309 1937 444 1992 Nam
484 1937 572 1990 ille
617 1951 738 1990 cum
785 1937 1090 1989 thesaurum
1121 1947 1276 2002 quem
1309 1938 1581 1999 repererat
1606 1927 1890 1983 enuntiare

314 2045 418 2084 non
449 2029 666 2091 valeret,
714 2042 890 2097 neque
930 2025 1108 2079 verbis
1137 2025 1430 2087 declarare,
1465 2021 1680 2076 fratrem
1732 2035 1892 2090 quem

313 2119 508 2189 mperit
538 2118 630 2171 illo
660 2117 893 2171 adducit.
925 2115 1012 2170 Sic
1042 2125 1093 2170 et
1120 2115 1240 2180 iste,
1263 2111 1530 2183 quomodo
1549 2111 1636 2166 ille
1659 2109 1897 2165 sitChri-

314 2224 448 2278 stus,
479 2222 534 2268 et
561 2211 828 2282 quomodo
863 2211 1007 2265 illum
1047 2211 1318 2279 propheta:
1343 2207 1769 2279 pra-nuntiarint,
1790 2221 1895 2260 non

313 2306 470 2370 dicit;
493 2306 582 2360 sed
600 2305 746 2360 ducit
773 2305 918 2358 illum
947 2305 1011 2358 ad
1042 2304 1245 2370 lesum,
1264 2303 1439 2358 sciens
1467 2302 1614 2356 illum
1633 2317 1736 2356 non
1761 2302 1897 2355 ultra

314 2399 670 2452 discessurum
693 2413 835 2462 esse,
863 2397 906 2450 si
937 2397 1074 2450 illius
1101 2397 1258 2450 verba
1281 2395 1689 2463 doctrinamque
1712 2403 1896 2462 gusta-

315 2501 418 2545 ret.
448 2490 534 2544 46.
573 2488 634 2542 Et
664 2490 792 2542 dixit
822 2491 868 2543 ei
910 2488 1205 2542 Nat/lanae!
1229 2503 1247 2541 :
1275 2488 1317 2540 Α
1348 2485 1574 2540 Nazaret
1604 2494 1765 2554 potest
1793 2485 1897 2537 ali-

314 2584 438 2654 quid
463 2583 578 2637 boni
601 2584 772 2637 exire?
798 2582 932 2636 Dicit
957 2583 1002 2636 ei
1032 2559 1342 2652 ῥιιίιῑρριιες
1379 2579 1520 2643 Veni,
1562 2589 1607 2632 et
1644 2579 1772 2632 vide.
1803 2578 1893 2632 t7.

328 2675 464 2730 Vidit
488 2674 640 2730 Jesus
667 2675 720 2730 Ν
723 2677 958 2730 atltanael
979 2678 1250 2730 venientem
1277 2675 1344 2728 ad
1368 2691 1440 2739 se,
1483 2682 1530 2727 et
1565 2674 1683 2726 dicit
1709 2673 1773 2726 de
1791 2689 1850 2726 eo
1875 2687 1896 2726 :

315 2767 451 2823 Ecce
474 2785 586 2822 uere
611 2766 868 2834 Israelita,
900 2769 952 2821 in
980 2784 1078 2839 quo
1126 2767 1274 2821 dolus
1301 2783 1401 2820 non
1427 2776 1519 2820 est.
1549 2764 1701 2832 Quod
1725 2763 1897 2818 dixis-

314 2873 416 2926 set,
447 2863 488 2916 A
515 2861 738 2916 .Vazaret
758 2871 920 2932 potest
943 2861 1136 2933 aliquid
1154 2862 1269 2914 boni
1289 2863 1425 2914 exire
1440 2861 1466 2912 ?
1487 2859 1606 2914 ideo
1628 2859 1898 2913 hominem

315 2956 496 3010 laudat
523 2965 578 3010 et
602 2956 845 3010 miratur.
877 2955 1035 3025 Atqui
1067 2953 1392 3008 incusandus
1435 2954 1610 3022 potius
1637 2962 1772 3006 erat.
1803 2951 1902 3005 Mi-

315 3051 482 3104 nime.
511 3048 694 3118 Neque
723 3049 869 3102 enim
894 3047 1055 3101 verba
1095 3061 1202 3101 non
1229 3045 1503 3100 credentis
1530 3054 1701 3108 erant,
1734 3057 1908 3113 neque

311 3141 695 3195 criminatione
719 3139 897 3208 digna,
932 3137 1027 3191 sed
1063 3137 1241 3191 laude.
1276 3136 1558 3204 Quomodo
1598 3145 1652 3190 et
1695 3151 1798 3204 qua
1828 3150 1911 3189 ra-

311 3233 505 3288 tione?
534 3231 664 3298 Quia
704 3230 794 3284 bie
820 3230 989 3299 magis
1015 3245 1172 3299 quam
1201 3228 1480 3298 Philippus
1509 3229 1560 3281 in
1590 3227 1911 3296 propheticis

309 3331 568 3378 versatus
595 3330 728 3376 erat.
762 3321 1019 3376 Audierat
1043 3320 1183 3378 enim
1226 3335 1290 3374 ex
1320 3319 1609 3388 Scripturis
1638 3319 1906 3375 Christum

313 3431 376 3470 ex
413 3412 733 3468 Bethlehem
760 3412 1018 3467 oriturum
1052 3427 1188 3476 esse,
1219 3421 1275 3466 et
1299 3428 1362 3467 ex
1392 3412 1506 3466 vico
1525 3411 1578 3464 in
1605 3427 1709 3482 quo
1736 3412 1908 3468 fuerat

317 3506 506 3560 David.
529 3504 603 3558 Ea
631 3504 808 3574 itaque
825 3505 961 3557 fama
986 3503 1122 3572 apud
1148 3503 1360 3558 Jud:eos
1387 3501 1679 3570 obtinebat,
1699 3513 1752 3558 et
1779 3520 1904 3574 pro-

319 3595 479 3666 pheta
503 3595 634 3648 olim
665 3594 1050 3664 praedicaverat
1077 3593 1160 3648 his
1191 3595 1400 3648 verbis:
1425 3593 1492 3646 Et
1525 3605 1579 3648 tu
1608 3593 1904 3652 Betltleltem

319 3702 638 3759 nequaquam
673 3685 884 3738 minima
911 3701 962 3739 es
988 3684 1038 3738 in
1066 3684 1375 3754 principibus
1400 3684 1576 3740 Iuda:
1598 3704 1660 3740 ea:
1696 3697 1744 3742 te
1771 3689 1904 3741 enim

318 3783 445 3834 exiet
469 3780 578 3833 dua:
604 3780 690 3849 qui
713 3789 853 3849 regat
882 3779 1127 3849 papulum
1155 3795 1318 3832 meum
1343 3777 1508 3834 Israel
1535 3778 1732 3849 (lliclt.
1761 3782 1814 3836 5.
1845 3781 1903 3839 2.

320 3873 512 3926 Matth.
543 3871 599 3925 2.
621 3872 676 3927 6.
707 3869 866 3925 Joan.
892 3872 944 3925 7.
974 3871 1090 3943 ἃ).
1114 3871 1244 3927 Cum
1274 3872 1510 3926 audisset
1529 3887 1705 3942 crgoa
1735 3872 1902 3929 Naza-

317 3976 404 4023 rct
431 3981 574 4034 esse,
605 3968 845 4022 turbatus
869 3976 951 4022 est
975 3977 1030 4022 et
1053 3967 1328 4033 dubitavit,
1359 3968 1498 4039 quod
1531 3969 1757 4040 Philippi
1787 3987 1904 4026 ver-

319 4062 382 4114 1›;ι
409 4075 530 4114 cum
566 4058 875 4129 prophetica
905 4058 1250 4128 praedictione
1291 4076 1394 4114 non
1434 4075 1732 4117 consonare
1758 4063 1904 4118 vide-

319 4161 420 4207 ιρι.
452 4151 832 4206 Animadverte
859 4161 1036 4206 autem
1068 4151 1184 4219 ejus
1208 4151 1258 4205 in
1289 4153 1399 4222 ipsa
1421 4152 1752 4208 dubitatione
1781 4169 1906 4223 pru-

318 4245 557 4300 dentiam
591 4244 1032 4314 modestiamque.
1074 4243 1190 4299 Non
1233 4244 1374 4299 enim
1414 4245 1592 4298 statim
1642 4244 1798 4310 dixit,
1826 4245 1906 4301 Me

320 4341 482 4404 fallis,
506 4353 540 4394 o
573 4337 835 4407 Philippe,
867 4347 921 4392 et
951 4337 1226 4392 mentiris:
1253 4351 1360 4391 non
1381 4337 1562 4401 credo,
1592 4353 1698 4391 non
1716 4337 1903 4394 adibo:

319 4449 348 4486 a
385 4431 662 4501 prophetis
692 4429 850 4483 didici
881 4429 1150 4485 Christum
1195 4444 1226 4484 a
1273 4428 1578 4483 Bethlehem
1625 4437 1905 4484 venturum

321 4541 466 4588 esse,
493 4533 547 4578 et
569 4534 621 4576 tu
654 4523 807 4583 dicis.
840 4536 869 4574 a
899 4520 1158 4575 Nazaret:
1181 4535 1312 4590 ergo
1332 4537 1438 4575 non
1468 4521 1510 4576 is
1536 4524 1650 4591 ipse
1680 4531 1781 4576 est.
1809 4520 1911 4577 Ve-

322 4634 442 4671 rmn
475 4615 606 4670 nihil
631 4613 805 4669 simile
831 4613 992 4676 dixit;
1027 4612 1119 4666 sed
1149 4612 1313 4681 quid?
1354 4612 1476 4667 Adit
1503 4613 1650 4667 illum
1678 4623 1731 4667 et
1761 4615 1906 4682 ipse;

319 4725 388 4761 ac
417 4708 545 4761 dum
582 4721 685 4762 non
714 4705 947 4758 admittit
973 4719 1094 4759 eum
1126 4719 1155 4759 a
1178 4703 1402 4758 Nazaret
1431 4720 1570 4770 esse,
1601 4716 1907 4759 accuratum

321 4800 727 4867 Scripturarum
760 4795 992 4850 studium
1019 4795 1273 4858 ostendit,
1305 4803 1358 4848 et
1387 4810 1562 4850 mores
1588 4809 1716 4849 suos
1756 4794 1912 4849 lalla-

323 4894 422 4948 ciae
455 4907 563 4946 non
595 4889 890 4954 obnoxios;
922 4889 1060 4958 quod
1089 4896 1266 4943 autem
1297 4887 1410 4943 lucc
1437 4890 1769 4943 nuntiantem
1805 4903 1910 4941 non

326 4992 565 5052 respuat,
597 4996 845 5052 magnum
875 4980 1070 5036 Christi
1117 4980 1374 5034 adventus
1402 4979 1724 5034 desiderium
1756 4977 1912 5033 exhi-

324 5077 436 5130 bet.
465 5073 753 5144 Cogitabat
794 5072 934 5126 enim
963 5073 1200 5142 potuisse
1231 5069 1530 5139 Philippum
1561 5071 1706 5122 circa
1736 5069 1912 5123 locum

323 5182 532 5222 errare.

396 5258 455 5313 2.
497 5255 880 5311 Animadverte
924 5254 1074 5320 item,
1116 5267 1274 5323 quam
1316 5250 1591 5304 moderate
1632 5248 1786 5302 ﬁdem
1816 5248 1922 5318 ipsi-

326 5358 506 5423 neget,
540 5361 595 5404 e't
643 5349 954 5417 interroget.
985 5345 1171 5416 Neque
1211 5344 1354 5400 enim
1401 5342 1556 5402 dixit,
1602 5338 1743 5392 Nihil
1789 5338 1914 5392 boni

329 5446 428 5497 tcrt
459 5441 722 5501 Galilaea;
752 5437 845 5492 sed
871 5437 1173 5507 quomodo?
1207 5437 1249 5489 A
1277 5435 1505 5487 Nazaret
1531 5437 1691 5500 potest
1724 5427 1918 5496 aliquid

324 5536 441 5588 boni
468 5531 623 5587 esse?
649 5529 926 5598 Philippus
953 5543 1162 5598 quoque
1188 5524 1480 5581 admodum
1522 5518 1755 5588 prudens
1781 5526 1918 5570 erat.

325 5627 508 5697 Neque
541 5624 692 5679 enim
720 5620 1115 5675 contradicente
1143 5621 1256 5684 illo,
1306 5616 1612 5684 indignatur
1660 5610 1743 5665 vel
1781 5622 1922 5676 :egre

327 5723 464 5793 fert;
493 5718 596 5775 sed
628 5722 836 5784 perstat
865 5723 1057 5778 tamen,
1084 5725 1142 5769 ut
1163 5716 1337 5767 virum
1370 5711 1437 5764 ad
1469 5705 1734 5763 Christum
1759 5703 1923 5758 addu-

676 5809 944 5858 t‘srnon.
987 5802 1100 5861 Cn.
1151 5799 1313 5860 LIX.

1342 252 1410 313 ἸΝ
1448 247 1759 312 JOANNEM
1803 253 2028 310 HOMIL.
2074 257 2190 314 XX.
2234 260 2304 313 al.
2353 253 2492 314 XIX.

3494 253 3594 315 Ιῖιτ

1990 382 2095 438 cat,
2130 384 2182 428 et
2214 391 2241 427 a
2269 377 2532 446 principio
2561 376 2908 446 apostolicam
2939 377 3307 431 constantiam
3343 377 3576 433 exhibet.

1992 460 2218 533 Ideoque
2239 466 2313 519 ait
2344 465 2621 524 Christus:
2650 468 2776 522 Ecce
2794 483 2906 522 vere
2932 466 3202 535 Israelita,
3223 471 3276 524 in
3301 487 3405 543 quo
3437 472 3581 526 dolus

1989 569 2089 607 non
2115 563 2208 610 est.
2237 555 2419 626 Itaque
2441 567 2614 627 potest
2642 559 2875 614 lsraelita
2903 561 3137 616 mendax
3168 577 3328 619 esse:
3356 565 3450 619 sed
3473 583 3576 620 non

1992 644 2078 700 hic
2103 647 2185 700 vir
2215 649 2363 712 talis;
2397 651 2513 720 ejus
2536 651 2728 720 quippe
2751 651 3010 720 judicium
3038 654 3242 708 nullam
3268 655 3428 711 habet
3453 673 3575 726 pcr-

1990 749 2239 791 sonarmn
2257 742 2647 810 acceptionem;
2667 741 2792 797 nihil
2810 743 2874 798 ad
2891 745 3139 814 gratiam,
3161 747 3290 801 nihil
3309 749 3374 801 ad
3397 750 3572 804 odium

1993 826 2245 896 loquitur.
2268 831 2428 900 Atqui
2453 831 2619 887 Judaei
2646 849 2855 904 quoque
2878 836 3188 907 interrogati
3218 838 3304 893 ubi
3331 839 3576 894 Christus

1992 931 2321 985 nasceretur,
2351 923 2620 992 dixerunt,
2654 925 2710 980 lit
2741 927 3073 990 Bethlehem,
3105 939 3159 984 et
3185 930 3286 985 hoc
3331 933 3572 986 testimo-

1996 1011 2141 1064 nium
2176 1014 2540 1081 protulerunt:
2569 1017 2634 1069 Et
2664 1028 2717 1070 tu
2745 1017 3056 1084 Betltleltcm,
3088 1037 3404 1092 nequaquam
3429 1025 3578 1077 mini-

1994 1117 2078 1153 ma
2099 1118 2151 1156 es
2177 1103 2229 1156 in
2256 1105 2567 1173 principibus
2582 1107 2740 1160 Juda.
2762 1109 2954 1162 Verum
2978 1111 3052 1164 illi
3079 1113 3384 1182 priusquam
3406 1117 3574 1184 ipsqu

1997 1193 2264 1257 viderent,
2301 1195 2414 1249 haec
2441 1197 2866 1252 testiﬁcabantur
2900 1216 2915 1252 :
2961 1201 3052 1255 ubi
3101 1213 3279 1257 autem
3312 1205 3576 1266 viderunt.

2001 1298 2109 1352 prae
2137 1285 2342 1339 invidia
2367 1287 2736 1343 testimonium
2765 1291 3100 1345 occultarunt
3134 1293 3406 1349 dicentes:
3437 1296 3583 1350 Hunc

2000 1386 2168 1428 autem
2199 1378 2445 1432 nescimus
2473 1381 2604 1433 unde
2627 1382 2690 1435 sit
2718 1381 2894 1452 (Joan.
2918 1382 2970 1436 9.
3003 1383 3115 1454 29).
3142 1385 3436 1442 Nathanael
3460 1367 3587 1442 vero

2003 1485 2108 1523 non
2137 1471 2244 1534 sic;
2278 1471 2370 1525 sed
2399 1487 2552 1541 quam
2581 1488 2609 1526 a
2643 1474 2902 1543 principio
2938 1474 3004 1530 de
3031 1477 3123 1530 illo
3150 1480 3454 1546 Opinionem
3489 1480 3582 1534 ha-

2000 1563 2135 1627 bttit,
2167 1563 2304 1617 hanc
2327 1566 2574 1626 servavit,
2603 1581 2796 1634 nempe
2822 1567 2966 1620 illum
2999 1582 3026 1619 a
3051 1567 3280 1625 Nazaret
3305 1587 3410 1626 non
3437 1589 3580 1628 esse.

1997 1653 2105 1708 Cur
2129 1669 2257 1723 ergo
2289 1655 2436 1709 illum
2478 1657 2808 1711 Nazarenam
2864 1659 3139 1729 prophctm
3171 1664 3401 1717 vocant?
3429 1665 3580 1732 Quod

1997 1748 2065 1802 ibi
2111 1748 2366 1803 educatus
2409 1749 2612 1814 luisset,
2649 1760 2704 1805 et
2748 1755 3052 1810 mansisset.
3101 1755 3216 1811 Non
3245 1757 3375 1812 dicit
3404 1768 3579 1814 autem

1994 1838 2260 1907 Christus,
2294 1840 2405 1896 Non
2435 1857 2551 1896 sum
2575 1859 2636 1898 ex
2661 1842 2908 1908 Nazaret,
2944 1855 3003 1899 ut
3034 1846 3125 1900 tibi
3151 1847 3426 1919 Philippus
3447 1866 3582 1905 nun-

1998 1931 2165 1996 tiavit,
2197 1933 2293 1987 sed
2324 1949 2388 1988 ex
2420 1934 2761 2004 Bethlehem,
2787 1953 2854 1991 ne
2887 1938 3064 1992 statim
3094 1939 3480 1997 dubitationem
3503 1943 3588 1998 itt-

1992 2025 2204 2094 jicerct.
2240 2027 2320 2081 Ad
2352 2027 2487 2091 haec,
2539 2030 2752 2084 etiamsi
2796 2029 2846 2084 id
2878 2032 3258 2100 persuasisset,
3314 2050 3420 2090 non
3471 2037 3588 2092 ido-

2001 2131 2158 2170 neum
2196 2125 2374 2172 tamen
2407 2119 2536 2172 illud
2584 2119 2834 2203 indicium
2865 2131 3001 2186 erat,
3031 2123 3173 2192 quod
3205 2125 3316 2193 ipse
3345 2125 3587 2184 Christus

2002 2217 2165 2262 esset.
2201 2208 2337 2276 Quid
2365 2211 2501 2264 enim
2537 2213 2769 2279 vetabat,
2801 2229 2920 2268 cum
2950 2216 3038 2282 qui
3063 2217 3115 2269 in
3148 2215 3459 2274 Bethlehem
3487 2235 3586 2274 na-

2005 2309 2090 2355 tus
2110 2313 2254 2356 esset
2281 2289 2382 2357 non
2412 2319 2529 2358 esse
2558 2304 2844 2370 Christum,
2880 2316 2934 2361 ut
2965 2316 3072 2362 tam
3125 2310 3274 2363 multi
3307 2310 3413 2366 illic
3440 2314 3587 2367 nati?

2003 2391 2115 2446 Hoc
2135 2408 2262 2462 ergo
2287 2394 2464 2460 mittit,
2506 2395 2753 2466 quodque
2797 2397 2941 2450 illmn
2975 2399 3142 2468 magis
3173 2399 3237 2454 ad
3261 2401 3587 2458 credendum

2002 2483 2215 2539 trahere
2244 2494 2468 2554 poterat,
2503 2487 2552 2541 id
2581 2490 2709 2557 agit,
2741 2489 2862 2542 dum
2894 2489 3133 2546 declarat
3153 2506 3212 2546 se
3246 2493 3455 2548 illorum
3481 2496 3589 2551 col-

2001 2575 2181 2645 loquio
2209 2587 2526 2646 praesentem
2553 2579 2731 2636 fuisse.
2767 2581 2898 2635 Cum
2930 2583 3153 2638 dixisset
3194 2599 3323 2655 ergo
3352 2585 3441 2641 ille
3461 2604 3474 2640 :
3497 2587 3586 2642 48.

2004 2667 2152 2722 Unde
2182 2686 2258 2722 me
2284 2673 2416 2724 nosti
2427 2671 2454 2724 Ρ
2484 2673 2780 2742 respondit:
2799 2672 3107 2745 Priusquam
3125 2686 3180 2729 .te
3209 2675 3486 2748 Philippus
3507 2694 3590 2733 uo-

1999 2770 2156 2827 caret,
2186 2777 2298 2814 cum
2327 2778 2457 2816 esses
2479 2763 2568 2816 sub
2591 2763 2716 2830 ﬁcu,
2749 2765 2852 2818 vidi
2876 2775 2940 2818 te.
2985 2765 3118 2821 Vide
3145 2767 3274 2821 mihi
3318 2768 3588 2824 hominem

2002 2864 2334 2908 constantem
2367 2863 2422 2908 et
2465 2855 2693 2909 lirmmn.
2726 2853 2856 2910 Cum
2885 2856 3108 2913 dixisset
3143 2859 3285 2912 enim
3324 2859 3589 2924 Christus,

2008 2938 2142 2994 Ecce
2177 2959 2288 2995 vere
2314 2942 2568 3008 Israelita,
2617 2961 2724 2998 non
2752 2945 3000 3001 laudibus
3045 2947 3318 3005 emollitos
3345 2959 3443 3016 est,
3486 2970 3592 3007 non

2009 3032 2268 3086 encomiis
2297 3042 2500 3101 raptus,
2528 3035 2622 3088 sed
2655 3045 2858 3102 perstat
2896 3037 3168 3106 inquirens
3208 3048 3264 3092 et
3301 3043 3598 3097 accuratius

2012 3124 2320 3192 explorans,
2353 3125 2570 3194 vultque
2611 3127 2817 3180 clarum
2869 3129 3134 3198 quidpiam
3181 3131 3440 3188 ediscere.
3484 3133 3602 3203 lpse

2016 3215 2179 3286 igitur
2210 3228 2265 3271 ut
2293 3218 2456 3272 homo
2482 3217 2654 3273 adhuc
2680 3220 2956 3289 perquirit.
2985 3221 3139 3278 Jesus
3163 3232 3344 3279 autem
3379 3235 3436 3281 ut
3465 3227 3604 3281 Deus

2014 3305 2320 3377 respondet,
2372 3309 2488 3363 Jam
2537 3319 2586 3365 te
2632 3321 2759 3365 ante
2795 3311 2928 3378 vidi;
2977 3330 3186 3369 morum
3239 3316 3436 3388 quippe
3483 3320 3602 3389 ejus

2009 3401 2332 3469 aequitatem.
2355 3416 2458 3455 non
2487 3410 2542 3456 ut
2569 3402 2728 3457 homo
2748 3404 2835 3474 qui
2859 3405 3026 3474 ipsum
3041 3417 3302 3478 sequutus
3317 3422 3478 3476 esset,
3503 3413 3599 3470 sed

2003 3492 2113 3561 jam
2143 3492 2270 3545 olim
2305 3504 2364 3546 ut
2392 3493 2527 3548 Deus
2556 3505 2812 3551 noverat:
2842 3506 2914 3561 et,
2947 3498 3097 3556 Nunc
3122 3501 3229 3556 vidi
3261 3512 3310 3558 te
3344 3505 3444 3560 sub
3469 3504 3595 3572 lien,

2006 3599 2127 3639 cum
2179 3585 2358 3640 nullus
2387 3585 2457 3640 ibi
2479 3586 2708 3652 adesset,
2742 3589 2842 3644 nisi
2871 3589 3144 3663 Philippus
3183 3602 3239 3649 et
3279 3595 3594 3665 Natlianael,

2006 3677 2094 3746 qui
2124 3678 2345 3732 scorsim
2376 3677 2444 3732 ibi
2475 3677 2587 3734 lucc
2632 3680 3010 3750 loquebantur.
3057 3683 3181 3740 ldco
3228 3685 3428 3743 dictum
3473 3699 3595 3746 est:

2018 3769 2199 3825 Videas
2237 3770 2383 3824 illum
2421 3760 2457 3824 αν
2493 3772 2662 3843 longe,
2697 3774 2833 3828 dixit
2857 3790 2876 3828 :
2901 3774 3034 3830 Ecce
3086 3793 3198 3831 vere
3227 3775 3467 3833 Israelita
3495 3795 3514 3832 :
3538 3794 3599 3838 ιιι

2005 3863 2500 3928 ειιίερθιηθιί,θιὶιιηι
2525 3873 2810 3933 antequam
2832 3866 3108 3936 Philippus
3123 3866 3459 3935 adventaret,
3485 3869 3599 3929 hinc

2007 3957 2280 4027 loquutum
2318 3954 2590 4008 Christum
2631 3970 2772 4020 esse,
2805 3972 2872 4011 ne
2901 3967 3211 4027 suspectum
3236 3961 3596 4020 testimonium

2009 4051 2249 4108 haberet.
2283 4048 2513 4116 Ideoque
2556 4054 2610 4100 et
2651 4056 2858 4116 tempus
2886 4049 3021 4103 dixit
3046 4056 3102 4103 et
3131 4049 3328 4116 locum,
3359 4059 3416 4107 et
3438 4052 3598 4110 arho-

2010 4160 2142 4199 rem.
2186 4143 2320 4196 Nam
2349 4139 2393 4194 si
2428 4147 2632 4193 tantum
2677 4138 2920 4201 dixisset,
2971 4141 3276 4210 Antequam
3327 4143 3601 4214 Philippus

2009 4237 2238 4304 veniret,
2269 4243 2320 4286 te
2358 4231 2617 4294 videram,
2650 4243 2736 4283 res
2765 4239 3012 4299 suspecta
3056 4230 3260 4298 luisset,
3292 4236 3442 4304 quasi
3489 4237 3602 4307 ipse

2012 4329 2247 4383 misisset
2274 4324 2600 4393 Philippum,
2626 4321 2863 4391 nihilque
2889 4320 3068 4392 magni
3093 4320 3322 4390 diceret;
3348 4341 3488 4383 nunc
3507 4343 3600 4385 au-

2013 4428 2142 4482 tem,
2167 4415 2391 4486 etquod
2427 4415 2598 4468 locum
2627 4411 2770 4467 dicat
2798 4414 2849 4468 in
2873 4429 2983 4484 quo
3009 4413 3456 4482 loquebaturcum
3478 4418 3601 4474 Phi-

2015 4511 2181 4581 lippo,
2208 4516 2261 4562 et
2281 4505 2422 4577 quod
2444 4505 2650 4560 arboris
2673 4507 2926 4576 speciem,
2952 4514 3007 4562 et
3027 4506 3166 4575 quod
3195 4507 3443 4578 colloquii
3469 4519 3601 4566 lent-

2018 4615 2136 4669 pus,
2168 4597 2298 4653 nihil
2349 4597 2494 4652 dubii
2532 4598 2673 4652 circa
2707 4613 2818 4652 rem
2869 4598 3278 4666 prtetiuntiatam
3327 4598 3599 4671 relinquit.

2016 4691 2201 4759 Neque
2223 4688 2342 4742 hinc
2363 4697 2591 4753 tantum,
2620 4688 2711 4743 sed
2735 4689 2840 4742 alio
2865 4703 3075 4757 quoque
3102 4689 3262 4742 moJo
3283 4689 3455 4758 ipsum
3478 4706 3602 4748 eru-

2016 4781 2116 4844 dit,
2144 4780 2270 4835 dum
2303 4787 2564 4834 memorat
2583 4793 2646 4832 ea
2668 4794 2788 4847 qua:
2818 4777 3083 4838 dixerant,
3113 4793 3323 4847 nempe,
3355 4781 3395 4834 Α
3422 4779 3600 4838 Nam-

2019 4882 2091 4924 ret
2117 4880 2275 4942 potest
2303 4870 2496 4939 aliquid
2538 4869 2656 4923 boni
2702 4868 2847 4922 esse?
2893 4883 2998 4937 quo
3029 4867 3177 4924 illum
3229 4871 3331 4926 sibi
3372 4874 3603 4932 maxime

2019 4964 2352 5029 conciliavit;
2381 4971 2433 5018 et
2461 4962 2602 5031 quod
2631 4961 2778 5014 illum
2821 4960 2894 5012 ita
2921 4959 3223 5029 loquentem
3267 4980 3372 5019 non
3402 4967 3601 5033 impro-

2021 5054 2249 5119 baverit,
2274 5053 2366 5108 sed
2395 5051 2709 5116 laudaverit,
2745 5051 3070 5120 miratusque
3093 5051 3271 5109 fuerit.
3308 5053 3462 5110 Unde
3483 5054 3605 5113 hinc

2022 5145 2181 5201 etiam
2205 5160 2330 5198 vere
2351 5143 2620 5198 Christum
2645 5141 2795 5196 illum
2825 5154 2947 5194 esse
2970 5146 3241 5213 cognovit,
3283 5152 3392 5199 tum
3419 5158 3449 5198 a
3479 5159 3606 5213 pro-

2020 5239 2221 5309 phetia.
2257 5247 2367 5293 tum
2395 5235 2536 5304 quod
2578 5234 2694 5302 ejus
2743 5233 3060 5286 sententiam
3087 5245 3332 5303 accurate
3357 5236 3597 5305 explora-

2019 5339 2124 5393 ret,
2149 5346 2258 5396 quo
2283 5326 2604 5383 ostendebat
2634 5339 2692 5378 se
2724 5323 2812 5376 illa
2838 5324 2998 5378 etiam
3024 5340 3142 5395 qua:
3167 5327 3218 5384 in
3249 5339 3433 5384 mente
3459 5339 3604 5384 erant

2025 5424 2355 5490 intelligere:
2383 5417 2450 5469 ad
2483 5415 2598 5468 hmc
2639 5415 2797 5467 etiam
2841 5417 2980 5484 quod
3009 5432 3072 5471 ea
3100 5432 3219 5487 quae
3245 5422 3362 5490 ipse
3385 5417 3527 5484 apud
3554 5433 3614 5474 se

2025 5514 2274 5584 loquutus
2315 5515 2451 5572 erat,
2497 5519 2604 5559 non
2645 5517 2911 5575 argueret,
2954 5509 3061 5562 imo
3097 5508 3362 5567 laudaret.
3405 5505 3558 5570 Qu0d
3585 5524 3616 5565 ι

2092 5650 2107 5682 ¹
2145 5640 2572 5712 εει-ἰῑ-ιθεξερόυπῑι
2606 5649 2759 5702 Putat,
2780 5649 2828 5693 ut
2851 5645 3121 5708 edisceres;
3144 5649 3231 5699 sed
3256 5645 3497 5700 ediscet?!
3520 5652 3620 5698 mo-

2031 5709 2124 5763 lius
2145 5709 2352 5775 quadrat
2376 5705 2432 5751 ad
2455 5705 2649 5752 seriem.
3103 5705 3112 5708 ’
3206 5776 3248 5839 8
