4012 6194
457 297 561 352 127

457 410 702 479 Philippo
728 415 947 463 vocatus
972 404 1180 470 fuisset,
1204 404 1254 458 id
1282 403 1445 468 dixit;
1475 415 1537 456 ea
1554 413 1684 454 vero
1707 411 1825 467 quae
1852 401 2035 449 mutuo

456 500 656 570 loquuti
703 497 912 553 fuerant
954 497 1114 551 missa
1157 493 1441 561 fecit,ejus
1484 487 1824 546 conseieutire
1869 481 2035 540 relin-

455 605 644 660 quens,
677 588 820 657 quod
845 588 1012 643 nollet
1037 602 1157 643 eum
1187 586 1414 656 amplius
1439 595 1676 652 arguere.

493 681 545 736 5.
570 675 824 746 Exemplo
843 671 1458 744 Nathanaelcognitione
1475 672 1671 728 Christi
1689 668 2037 724 multandum

458 779 552 825 est.
587 767 891 838 Obsequium
929 765 1008 820 illi
1041 763 1385 836 praestandum
1427 773 1502 816 est
1538 761 1619 815 cui
1650 761 1888 814 creditur.
1919 757 2038 812 Non

458 861 619 915 verbis
644 859 731 915 sed
755 857 989 931 aperibus
1015 873 1156 910 antor
1182 853 1461 909 exhibetur.
1489 881 1554 893 —-
1585 850 1722 918 Quid
1747 849 1940 920 igitur?
1965 863 2035 904 an

457 953 631 1008 solum
659 967 778 1007 eum
804 951 1080 1020 Philippus
1107 947 1332 1012 vocavit,
1356 961 1478 1000 eum
1496 943 1660 998 vidit?
1682 956 1858 996 annon
1879 941 2038 996 etiam

458 1054 613 1100 antea
658 1043 890 1099 insomni
940 1043 1034 1098 illo
1073 1041 1230 1096 oculo
1259 1037 1501 1094 viderat?
1530 1035 1748 1092 Viderat
1771 1049 1930 1099 sane;
1961 1033 2039 1088 id-

458 1150 563 1204 que
587 1149 747 1190 nemo
775 1133 1066 1188 diffiteatur
1096 1148 1108 1184 :
1139 1129 1233 1186 sed
1260 1131 1346 1185 hic
1366 1127 1492 1182 illud
1515 1135 1718 1181 tantum
1742 1125 1880 1195 quod
1907 1138 2041 1195 opus

463 1233 581 1278 erat
601 1223 885 1279 dicendum
916 1224 1032 1277 fuit.
1061 1221 1198 1288 Quid
1223 1235 1351 1290 ergo
1387 1219 1514 1274 ille?
1543 1217 1675 1285 Quia
1702 1217 1910 1287 signum
1935 1232 2039 1271 non

458 1311 679 1366 dubium
709 1312 1056 1382 prmseientias
1082 1310 1198 1381 ejus
1226 1316 1526 1380 acceperat,
1555 1307 1620 1361 ad
1649 1306 2040 1362 confessionem

459 1405 625 1469 venit,
677 1413 729 1460 et
775 1419 869 1474 per
914 1403 1310 1458 cunctationem
1362 1401 1616 1471 priorem,
1646 1397 2040 1454 accurationcm

459 1509 611 1548 suam
636 1495 944 1560 ostendens,
974 1503 1029 1548 et
1048 1503 1229 1564 postea
1257 1507 1353 1562 per
1381 1505 1701 1546 consensum
1727 1487 2040 1559 probitatem

459 1600 610 1638 suam
653 1585 931 1638 exhibens.
974 1583 1108 1638 Nam
1147 1581 1422 1652 respondit
1450 1622 1464 1644 ,
1498 1580 1704 1649 inquit,
1735 1589 1788 1634 et
1817 1580 1922 1643 ait,
1951 1577 2039 1633 49.

464 1674 645 1738 Ilabbi,
680 1685 733 1727 tu
758 1691 808 1728 es
836 1671 1003 1726 Filius
1037 1672 1166 1738 Dei,
1196 1681 1249 1725 tu
1287 1680 1337 1725 es
1370 1670 1479 1724 Rea:
1509 1667 1690 1723 Israel.
1723 1667 1909 1722 Vidcn'
1929 1668 2043 1722 ani-

465 1781 606 1820 tnatn
632 1764 826 1835 gaudio
851 1764 1225 1829 exsultantem,
1244 1771 1298 1817 et
1318 1761 1497 1817 verbis
1523 1761 1703 1816 Jesum
1732 1759 2043 1829 amplexan-

464 1857 616 1912 tem?
662 1856 743 1911 Tu
785 1871 866 1923 es,
913 1855 1106 1926 inquit,
1133 1855 1221 1910 ille
1250 1863 1588 1923 exspectatus
1615 1861 1667 1908 et
1690 1852 2038 1908 desideratus.

464 1945 652 2001 Viden’
684 1952 1006 2017 stupentem,
1039 1945 1341 2008 mirantem,
1369 1943 1744 2008 exsultantem,
1766 1943 2042 1998 salientem

462 2054 572 2108 pra:
599 2037 909 2110 voluptate?
937 2036 1012 2092 lta
1041 2051 1137 2092 nos
1169 2051 1378 2107 quoque
1401 2035 1634 2106 gaudere
1653 2043 1894 2104 oportet,
1922 2035 2042 2102 qui-

462 2131 562 2185 bus
588 2129 707 2185 Filii
740 2130 832 2186 Dei
881 2129 1111 2199 cognitio
1153 2127 1273 2183 data
1324 2135 1436 2193 est;
1483 2125 1751 2197 gaudere,
1793 2126 2037 2196 inquam,
2080 2153 2083 2155 -

462 2237 567 2275 non
596 2231 776 2276 mente
805 2228 1006 2276 tantum
1036 2261 1050 2285 ,
1083 2218 1178 2274 sed
1209 2218 1368 2273 rebus
1395 2217 1525 2288 ipsis
1551 2217 1801 2288 gaudium
1827 2215 2039 2271 efferre.

463 2313 599 2380 Quid
650 2321 826 2366 autem
864 2310 1206 2381 gaudentium
1249 2309 1368 2365 est?
1396 2307 1782 2378 Obtemperare
1809 2307 1856 2362 ei
1887 2321 2043 2378 quem

465 2403 627 2457 nosti.
678 2401 1021 2461 Credentium
1070 2407 1246 2455 autem
1289 2408 1400 2466 est,
1451 2413 1512 2453 ea
1547 2397 1722 2452 facere
1747 2438 1760 2462 ,
1789 2413 1907 2467 qua:
1933 2397 2046 2467 ipse

463 2493 612 2550 velit.
646 2493 778 2548 Nam
806 2493 851 2548 si
897 2507 959 2547 ea
1003 2491 1188 2545 facturi
1217 2503 1400 2545 sumus
1420 2530 1434 2555 ,
1466 2505 1582 2559 qua:
1611 2488 1780 2558 ipsum
1808 2487 1873 2542 ad
1913 2488 2043 2541 iram

464 2591 788 2654 provocent,
819 2583 1082 2638 undenam
1109 2580 1456 2637 ostendemus
1490 2594 1588 2634 nos
1612 2579 1882 2651 gaudere?
1911 2579 2044 2634 Cum

463 2679 583 2747 quis
610 2676 752 2731 domi
775 2675 1003 2730 amicum
1033 2672 1230 2744 excipit
1251 2714 1267 2740 ,
1299 2687 1402 2728 non
1434 2672 1624 2727 videtis
1642 2669 1906 2741 quomodo
1926 2685 2043 2725 cum

467 2765 662 2837 gaudio
705 2766 884 2820 omnia
922 2761 1117 2829 faciat,
1157 2761 1388 2833 undique
1416 2761 1878 2827 circumcursans,
1919 2758 2045 2814 nulli

464 2861 540 2917 rei
573 2873 798 2930 parcens
822 2899 838 2923 ,
868 2857 1074 2913 etiamsi
1103 2871 1238 2926 Opus
1267 2855 1336 2910 sit
1377 2854 1654 2909 facultates
1689 2867 1876 2907 omnes
1917 2865 2044 2922 pro-

466 2951 719 3015 fundere;
767 2951 925 3021 idque
975 2957 1031 3004 ut
1072 2948 1244 3003 atnico
1288 2946 1534 3020 placeat?
1561 2946 1712 3014 Quod
1752 2945 1796 3000 si
1837 2943 2046 2999 vocanti

464 3059 568 3098 non
596 3043 1010 3110 obtemperaret,
1041 3053 1213 3111 neque
1240 3037 1310 3092 ad
1339 3037 1458 3108 ejus
1487 3037 1737 3107 placitum
1763 3035 1938 3090 omnia
1969 3035 2047 3088 fa-

463 3142 629 3198 ceret,
675 3130 885 3187 etiamsi
930 3130 1122 3185 millies
1169 3129 1373 3184 diceret
1413 3142 1472 3183 se
1512 3126 1581 3182 de
1625 3126 1790 3196 ipsius
1817 3125 2047 3180 adventu

463 3223 662 3289 ltetari,
708 3237 812 3277 non
854 3221 1036 3291 utique
1075 3219 1208 3276 fides
1236 3219 1283 3276 ei
1319 3217 1388 3274 ab
1414 3216 1624 3288 h05pite
1651 3216 1966 3282 haberetur;
1995 3221 2050 3271 et

465 3315 656 3370 merito
684 3324 832 3368 sane.
863 3312 994 3367 Illud
1027 3313 1171 3366 enim
1209 3311 1460 3380 operibus
1486 3308 1842 3364 exhibendum
1883 3315 2044 3364 esset.

467 3405 647 3474 Itaque
694 3403 814 3474 quia
845 3402 1088 3457 Christus
1112 3401 1178 3454 ad
1210 3415 1306 3455 nos
1342 3401 1479 3454 venit
1502 3441 1518 3465 ,
1560 3400 1902 3454 ostendamus
1951 3413 2049 3454 nos

465 3495 733 3565 gaudere,
789 3492 1025 3563 nihilque
1073 3491 1214 3562 quod
1259 3491 1324 3546 ad
1376 3491 1701 3546 iracundiam
1755 3506 2048 3560 provocare

1204 291 1262 346 S.
1291 286 1568 345 JO.\NNIS
1604 278 2073 340 CllRYSOSTOMI
2100 279 2413 335 AllCllil-Jl’.
2455 279 2985 337 CONSTANTINOP.

3627 283 3727 339 128

2142 394 2310 464 possit
2339 392 2631 461 faciamus;
2672 410 2924 451 ornemus
2949 395 3166 451 donmm
3190 395 3340 452 illam
3357 397 3417 452 in
3439 412 3608 468 quam
3635 399 3728 452 ad-

2141 485 2286 539 venit
2314 501 2328 539 :
2362 486 2463 540 hoc
2489 486 2831 556 gaudentium
2859 497 2942 542 est
2970 505 2984 541 :
3015 501 3344 557 apponamus
3369 488 3420 541 iu
3447 488 3724 558 prandium

2147 575 2196 629 id
2227 576 2369 645 quod
2409 577 2510 646 ipsi
2551 577 2782 632 maxime
2813 579 2984 647 placet
3015 577 3166 632 :~hoe
3194 578 3581 633 exsultantium
3622 589 3722 636 est.

2134 666 2422 734 Quodnam
2467 683 2596 723 vero
2636 667 2913 739 prandium
2956 667 3083 723 illud
3119 669 3245 724 est?
3289 669 3406 739 Ipse
3434 670 3550 722 ait:
3583 668 3725 726 Meus

2133 761 2391 828 ~cibus‘est,
2417 771 2471 816 ut
2500 762 2686 832 faciam
2707 762 3012 816 uoluntatem
3038 762 3146 832 ejus
3163 763 3254 832 qui
3283 762 3418 814 misit
3447 778 3527 814 me
3548 760 3725 830 (Joan.

2142 851 2196 905 4η
2227 851 2341 922 5b).
2381 851 2667 907 Pascamus
2709 852 2884 922 ipsum
2924 851 3248 907 esurientem
3272 893 3287 917 ,
3329 862 3512 921 potum
3541 851 3728 908 demus

2143 940 2381 1006 sitienti;
2414 941 2458 995 si
2491 941 2574 997 vel
2604 957 2794 1012 aquam
2826 939 3067 1011 frigidam
3100 940 3314 997 dederis
3337 983 3355 1009 ,
3383 943 3608 1011 accipiet
3634 961 3648 997 :
3679 952 3729 1000 te

2143 1035 2341 1101 quippe
2363 1041 2543 1098 amat;
2572 1032 2729 1086 amici
2758 1045 2884 1087 vero
2911 1030 3046 1086 dena
3069 1070 3087 1097 ,
3129 1032 3468 1100 quantumvis
3495 1033 3685 1104 exigua
3709 1076 3726 1101 ,

2143 1125 2316 1179 amico
2343 1140 2530 1194 magna
2561 1124 2806 1180 videntur
2831 1139 2970 1179 esse.
3001 1123 3080 1178 Tu
3112 1139 3241 1179 vero
3266 1124 3438 1180 solum
3466 1141 3531 1178 ne
3551 1127 3730 1196 segnis

2143 1223 2295 1282 esto;
2324 1217 2531 1271 etiamsi
2558 1215 2694 1272 duos
2734 1215 2922 1272 obolos
2947 1215 3284 1286 deposueris,
3315 1233 3419 1272 non
3460 1220 3729 1274 avet-sabi-

2149 1315 2266 1370 tur,
2302 1305 2398 1361 sed
2439 1316 2706 1377 tamquam
2736 1321 2956 1376 magnas
2983 1321 3113 1378 opes
3140 1307 3382 1378 accipiet.
3420 1309 3555 1364 Cum
3587 1311 3725 1365 euitn

2146 1395 2290 1450 nullo
2327 1395 2594 1467 indigeat,
2640 1411 2813 1467 neque
2837 1397 2952 1452 haec
2978 1398 3077 1468 ipsi
3107 1400 3409 1454 necessaria
3433 1400 3576 1464 sint,
3609 1400 3727 1470 jure

2147 1503 2251 1541 non
2297 1501 2580 1542 munerum
2627 1488 3082 1558 magnitudinem,
3127 1489 3222 1544 sed
3260 1489 3435 1544 dantis
3481 1492 3725 1561 proposi-

2149 1589 2257 1633 tum
2293 1587 2516 1648 spectat.
2547 1578 2775 1634 Tantum
2814 1579 3036 1635 ostende
3068 1587 3119 1635 te
3147 1580 3522 1637 adventantem
3557 1583 3726 1653 ipsum

2146 1685 2345 1735 amare,
2385 1679 2438 1724 te
2468 1684 2529 1726 ea
2559 1669 2627 1726 de
2653 1684 2814 1725 causa
2847 1669 2980 1725 nihil
3011 1685 3115 1725 non
3142 1686 3329 1740 agere,
3381 1679 3434 1728 te
3477 1673 3546 1728 de
3593 1689 3724 1744 pra:-

2147 1762 2319 1817 sentia
2347 1762 2463 1832 ejus
2501 1763 2754 1834 gaudere.
2784 1762 2917 1818 Vide
2945 1763 3212 1833 quomodo
3255 1765 3345 1820 ille
3386 1779 3509 1835 erga
3561 1776 3613 1821 te
3657 1767 3728 1822 sit

2145 1852 2385 1909 affectus.
2427 1852 2654 1923 Propter
2680 1862 2732 1908 te
2761 1853 3015 1922 advenit,
3047 1855 3277 1910 animum
3309 1869 3406 1925 pro
3433 1866 3484 1912 te
3508 1857 3682 1926 posuit
3708 1874 3722 1913 :

2147 1951 2201 1997 et
2230 1953 2347 2012 post
2383 1952 2526 1998 tanta
2564 1943 2822 2000 beneficia
2846 1961 2916 2001 ne
2952 1961 3140 2016 regere
3164 1946 3378 2017 quidem
3408 1957 3459 2003 te
3499 1962 3724 2004 recusat.

2149 2033 2255 2088 Pro
2277 2033 2473 2090 Christo
2494 2035 2658 2103 enim,
2689 2036 2879 2108 inquit,
2898 2037 3147 2109 legatione
3166 2041 3449 2111 fungimur,
3477 2050 3729 2113 tantquatn

2148 2123 2258 2180 Dea
2294 2125 2583 2181 obsecrante
2610 2145 2700 2198 per
2727 2145 2820 2184 nos
2847 2129 2922 2202 (2.
2958 2129 3076 2185 Cor.
3106 2131 3160 2186 5.
3188 2130 3281 2202 20)
3336 2132 3533 2203 Ecquis
3557 2133 3626 2187 ita
3653 2135 3728 2189 fu-

2148 2215 2324 2272 riosus
2353 2227 2455 2285 est,
2501 2227 2559 2273 ut
2585 2218 2862 2274 dominum
2889 2234 3042 2274 suum
3074 2237 3180 2276 non
3207 2223 3385 2277 amet?
3407 2223 3517 2278 lluc
3551 2233 3606 2280 et
3632 2241 3729 2295 ego

2149 2299 2269 2362 dico
2295 2348 2308 2371 ,
2339 2307 2556 2378 seioque
2583 2319 2827 2364 nostrum
2851 2309 3086 2380 singulos
3111 2327 3217 2366 non
3239 2312 3396 2367 aliter
3426 2314 3594 2369 vet-bo
3625 2315 3729 2370 sal-

2151 2405 2255 2451 tetn
2284 2406 2337 2451 et
2362 2406 2542 2453 mente
2570 2412 2824 2453 sensuros
2843 2414 2984 2455 esse.
3012 2399 3116 2456 Sed
3149 2417 3255 2456 non
3287 2403 3464 2459 verb‘s
3485 2415 3684 2461 tantum
3708 2446 3724 2472 ,

2149 2487 2243 2544 sed
2274 2488 2434 2544 etiam
2465 2489 2717 2559 operibus
2752 2490 2864 2545 vult
2889 2491 2935 2545 is
2960 2493 3049 2562 qui
3077 2502 3288 2548 amatur
3309 2509 3550 2549 amorem
3575 2497 3724 2552 exhi-

2150 2581 2282 2637 beri.
2314 2581 2444 2637 Nam
2471 2583 2515 2636 si
2546 2581 2618 2636 ita
2645 2582 2858 2654 quidem
2886 2583 3186 2655 loquamur,
3220 2601 3394 2656 neque
3420 2600 3731 2657 prmszemus

2152 2671 2202 2726 id
2228 2671 2368 2742 quod
2405 2679 2647 2728 amantes
2693 2673 2898 2738 solent,
2940 2673 3163 2729 ridicula
3191 2689 3322 2730 sane
3350 2691 3438 2731 res
3480 2685 3594 2744 est,
3628 2693 3730 2734 non

2149 2763 2288 2834 apud
2315 2763 2480 2818 Deum
2511 2773 2711 2819 tantum
2733 2806 2747 2832 ,
2776 2764 2872 2820 sed
2908 2765 3065 2821 etiam
3096 2766 3235 2836 apud
3278 2765 3544 2824 homines.
3586 2769 3730 2838 Quo-

2152 2854 2293 2908 niam
2325 2854 2482 2925 igitur
2507 2855 2684 2911 verbis
2711 2864 2914 2910 tantum
2940 2853 3205 2924 confiteri,
3238 2866 3292 2912 et
3320 2859 3479 2914 rebus
3507 2871 3726 2916 contra.

2153 2944 2228 3000 ria
2266 2955 2518 3016 prmstare
2541 2987 2556 3012 ,
2586 2960 2689 3001 nou
2724 2946 2910 3002 inutile
2938 2947 3096 3002 modo
3115 2988 3131 3014 ,
3157 2947 3253 3003 sed
3275 2950 3436 3005 etiam
3464 2951 3730 3021 pernicio-

2152 3051 2269 3091 sum
2301 3045 2417 3102 est;
2448 3052 2608 3108 rogo,
2639 3037 3034 3094 confessionem
3062 3055 3158 3110 per
3177 3055 3337 3111 opera
3363 3043 3730 3108 exhibeantus,

2154 3136 2211 3183 ut
2241 3129 2353 3198 ipse
2383 3143 2484 3184 nos
2511 3129 2826 3185 confiteatur
2854 3130 2948 3185 illo
2972 3131 3060 3187 die
3079 3173 3094 3198 ,
3125 3131 3337 3202 quando
3362 3133 3505 3202 apud
3528 3134 3732 3191 Patrem

2151 3220 2365 3291 quinam
2413 3221 2557 3291 digni
2599 3223 2706 3277 sint
2742 3221 3119 3278 confitebitur:
3152 3225 3203 3277 in
3231 3222 3443 3279 Christo
3473 3225 3601 3281 Jesu
3630 3228 3731 3282 Do-

2153 3311 2300 3364 mino
2321 3319 2505 3366 nostro
2524 3352 2539 3377 ,
2570 3327 2665 3382 per
2692 3327 2849 3382 quem
2885 3321 2940 3368 et
2970 3328 3092 3368 cum
3122 3329 3228 3384 quo
3255 3314 3398 3370 Patri
3426 3317 3593 3385 gloria
3616 3360 3630 3380 ,
3659 3321 3733 3372 si-

2154 3401 2368 3470 mulque
2389 3411 2573 3457 sancto
2599 3402 2839 3473 Spiritui,
2867 3417 3010 3460 nunc
3028 3414 3080 3460 et
3108 3419 3321 3475 semper
3341 3449 3354 3472 ,
3388 3417 3442 3462 et
3473 3409 3523 3462 in
3545 3411 3733 3466 sarcula

2152 3494 2488 3548 sa-culorum.
2519 3496 2708 3550 Amen.

478 3611 3730 3637 MM

1815 3689 2164 3753 HOMILIA
2207 3691 2385 3753 XXI.

471 3847 557 3902 49.
591 3845 871 3915 Respondit
898 3842 1198 3897 Nathanoel
1217 3883 1232 3910 ,
1264 3852 1310 3898 et
1333 3843 1452 3897 dicit
1479 3843 1523 3897 ei
1549 3858 1566 3898 :
1593 3841 1775 3909 Rabbi,
1803 3851 1856 3896 tu
1878 3859 1928 3898 es
1958 3842 2052 3897 Fi-

539 3941 635 3994 lius
670 3937 800 4003 Dei,
833 3948 886 3990 tu
925 3953 976 3990 es
1003 3937 1112 3991 Rex
1149 3933 1334 3990 Israel.
1364 3934 1454 3990 50.
1480 3933 1757 4004 Respondit
1790 3932 1941 3988 Iesus
1963 3972 1978 4000 ,
2006 3943 2051 3988 et

540 4033 669 4087 dixit
695 4031 739 4085 ei
762 4045 780 4084 :
812 4029 944 4097 Quia
965 4029 1072 4082 dixi
1094 4028 1200 4094 tibi,
1238 4026 1355 4082 Vidi
1375 4033 1423 4082 te
1448 4027 1538 4081 sub
1565 4026 1684 4095 ﬁcu,
1717 4026 1915 4081 credis?
1945 4025 2050 4080 Ha-

535 4126 654 4192 jora
680 4121 759 4174 Itis
781 4119 991 4174 videbis.

545 4215 596 4268 l.
631 4211 791 4267 Multa
832 4213 986 4267 nobis
1017 4223 1143 4265 cura
1187 4223 1321 4281 opus
1365 4215 1490 4276 est,
1524 4210 1733 4278 dilecti,
1765 4211 2052 4283 multisque

470 4305 696 4376 vigiliis,
728 4315 785 4358 ut
828 4318 1098 4359 sacrarum
1126 4303 1517 4374 Scripturarum
1543 4302 1862 4372 profundum
1888 4303 2054 4373 inspi-

471 4395 908 4469 eerepossimus.
953 4393 1135 4463 Neque
1164 4394 1306 4447 enim
1354 4393 1526 4463 supini
1573 4392 1657 4448 vel
1706 4393 2055 4448 dormitantes

473 4501 759 4557 possumus
784 4486 899 4555 ejus
928 4498 1084 4539 sensa
1113 4485 1405 4553 percipere,
1439 4483 1532 4539 sed
1555 4498 1688 4554 opus
1707 4494 1788 4538 est
1809 4492 2055 4539 accurato

475 4576 744 4642 examine,
775 4574 1115 4644 assiduisque
1142 4574 1412 4643 precibus,
1445 4582 1502 4627 ut
1530 4573 1613 4628 vel
1643 4573 1906 4628 tantillum
1932 4587 2054 4642 pos-

476 4669 644 4724 simus
671 4667 722 4720 itt
747 4681 897 4721 sacra
931 4665 1022 4719 illa
1050 4665 1302 4735 mysteria
1336 4675 1635 4734 penetrare.
1667 4665 1804 4720 Ecce
1828 4680 2056 4734 namque

477 4758 638 4812 hodie
679 4771 784 4811 non
831 4757 962 4812 levis
993 4755 1149 4810 nobis
1186 4756 1411 4824 quaestio
1440 4755 1781 4825 proponitur,
1815 4754 1908 4810 sed
1938 4770 2056 4824 qua:

477 4851 643 4904 multa
691 4859 841 4920 egeat
890 4849 1201 4918 diligentia,
1255 4848 1416 4902 multa
1470 4848 1872 4919 perquisitione.
1923 4847 2054 4901 Cum

477 4939 772 4996 Natltanael
805 4938 936 4993 dicit
957 4979 972 5003 ,
1015 4937 1094 4992 Tu
1121 4955 1170 4992 es
1196 4937 1365 4992 Filius
1394 4937 1529 5002 Dei;
1572 4937 1858 5006 respondet
1898 4935 2054 4990 Chri-

478 5042 615 5098 stus,
663 5030 796 5096 Quia
839 5031 947 5085 dt'xi
972 5031 1091 5097 tibi,
1130 5029 1247 5084 Vidi
1268 5041 1314 5085 te
1335 5031 1426 5084 sub
1453 5031 1555 5098 ﬁcu
1582 5070 1596 5094 ,
1623 5029 1824 5083 credis?
1855 5028 2058 5099 Majora

479 5126 557 5178 his
577 5123 782 5178 videbis.
813 5123 950 5191 Quid
977 5124 1229 5193 quaeritur
1252 5125 1390 5177 circa
1424 5122 1692 5190 prtemissa
1721 5123 1920 5176 verba?
1951 5122 2058 5177 Cur

485 5217 674 5271 Petrus
701 5225 819 5286 post
844 5223 986 5269 tanta
1010 5215 1263 5269 miracula
1293 5215 1309 5246 ί
1339 5255 1353 5280 ,
1387 5223 1504 5283 post
1534 5223 1729 5267 tantam
1756 5219 2056 5282 susceptam

481 5307 798 5372 doctrinam,
847 5307 925 5362 sic
971 5305 1272 5370 confessus,
1308 5305 1384 5358 Tu
1423 5320 1474 5358 es
1519 5302 1686 5356 Filius
1715 5303 1840 5368 Dei,
1872 5303 2061 5358 beatus

478 5399 820 5466 praedicatur,
868 5408 1050 5468 utpote
1099 5398 1183 5450 cui
1225 5397 1382 5451 Pater
1414 5395 1526 5450 lure
1567 5395 1883 5451 revelaverit
1909 5410 1922 5460 ;
1951 5393 2058 5450 Na.

547 5560 563 5590 ί
601 5557 658 5607 In
679 5556 840 5606 Morel.
871 5551 947 5604 hic
971 5557 1038 5604 sic
1057 5553 1258 5603 effertur
1283 5552 1495 5602 locus....
1517 5571 1540 5599 α
1559 5550 1796 5602 ridebiss.
1823 5549 2062 5602 Multihoe

479 5618 657 5681 Christi
701 5629 978 5681 responsum
1016 5615 1282 5674 audientes,
1308 5615 1537 5681 ancipites
1581 5615 1763 5665 htrrettt
1806 5615 2014 5665 dicentes
2043 5626 2059 5664 :

483 5680 602 5738 Qttid
624 5693 744 5742 ergo
756 5676 789 5729 γ’
804 5685 992 5739 Petrus,
1014 5683 1114 5742 past
1139 5681 1268 5724 tanta
1286 5676 1535 5736 miracula,
1556 5682 1649 5727 etc.

2159 3841 2368 3898 thanael
2402 3857 2529 3899 vero
2558 3844 2647 3914 qui
2694 3854 2818 3900 ante
2860 3846 3006 3916 signa
3031 3886 3046 3912 ,
3077 3854 3202 3902 ante
3225 3846 3524 3902 doctrinam
3548 3887 3567 3914 ,
3595 3846 3733 3902 idem

2157 3935 2328 4005 ipsum
2356 3944 2439 3991 est
2463 3937 2731 4006 loquutus,
2765 3937 2895 3991 nihil
2919 3937 3023 3992 tale
3048 3937 3272 4006 audivit,
3303 3937 3397 3993 sed
3425 3938 3577 4008 quasi
3601 3939 3731 3993 nihil

2156 4035 2355 4082 tantum
2383 4027 2623 4096 dixisset,
2647 4036 2897 4099 quantum
2925 4043 3058 4099 opus
3084 4038 3219 4097 erat,
3245 4029 3312 4085 ad
3343 4030 3542 4100 majora
3570 4030 3734 4084 mitti-

2155 4119 2280 4172 tur?
2317 4117 2453 4184 Quid
2483 4118 2641 4187 igitur
2681 4119 2732 4173 in
2771 4134 2928 4174 causa
2959 4120 3087 4175 est?
3115 4119 3247 4188 Quia
3287 4119 3474 4175 eadem
3522 4119 3736 4191 quidem

2157 4208 2317 4263 verba
2348 4209 2552 4278 loquttti
2593 4217 2717 4264 sunt
2746 4208 2934 4265 Petrus
2962 4219 3018 4265 et
3059 4210 3351 4265 Nathanael
3373 4251 3388 4275 ,
3420 4226 3518 4266 nec
3561 4221 3737 4264 tamen

2157 4298 2346 4353 eodem
2374 4308 2593 4370 uterque
2618 4314 2797 4355 sensu.
2836 4299 2942 4355 Sed
2974 4301 3160 4356 Petrus
3200 4301 3415 4372 quidem
3461 4301 3740 4356 confessus

2159 4400 2242 4447 est
2261 4407 2385 4447 eum
2408 4391 2597 4447 Filium
2631 4393 2745 4460 Del,
2780 4401 2837 4448 ut
2863 4405 3044 4448 verum
3075 4393 3266 4457 Deum,
3298 4392 3590 4447 Natltanael
3610 4407 3740 4448 vero

2159 4484 2455 4554 simplicem
2484 4484 2777 4539 hominem.
2804 4485 2869 4539 Et
2896 4485 3161 4540 undenam
3187 4485 3237 4539 id
3264 4485 3416 4540 nobis
3435 4484 3636 4555 liquet?
3662 4484 3740 4539 Es

2159 4575 2523 4642 sequentibus.
2550 4575 2838 4645 Postquam
2866 4575 2999 4630 dixit
3021 4577 3188 4642 enim,
3223 4575 3300 4629 Tu
3326 4592 3377 4629 es
3406 4574 3577 4629 Filius
3605 4574 3696 4629 Dei
3718 4615 3736 4639 ,

2160 4665 2393 4728 addidit,
2443 4675 2496 4718 tu
2543 4683 2593 4720 es
2641 4665 2752 4720 Rea;
2795 4664 2980 4721 Israel.
3027 4665 3196 4721 Filius
3233 4676 3410 4721 autem
3460 4665 3587 4731 Dei,
3633 4680 3740 4720 non

2163 4755 2371 4810 lsraelis
2401 4765 2601 4809 tantum
2625 4797 2640 4822 ,
2669 4757 2764 4811 sed
2789 4757 2948 4811 etiam
2980 4757 3126 4811 orbis
3153 4756 3314 4812 totius
3344 4756 3460 4811 [lex
3500 4765 3605 4812 est.
3634 4755 3744 4810 Ne-

2159 4861 2266 4918 que
2291 4846 2412 4901 inde
2437 4848 2607 4901 solum
2634 4847 2684 4902 id
2713 4847 2886 4917 palam
2917 4857 3032 4913 est,
3062 4847 3157 4903 sed
3181 4848 3342 4903 etiam
3369 4863 3434 4902 ex
3465 4850 3745 4918 sequenti-

2162 4942 2280 4996 bus.
2312 4939 2470 4994 Petro
2498 4953 2729 5009 namque
2771 4939 2901 4994 nihil
2945 4940 3079 4994 ultra
3111 4940 3308 5010 adjecit
3340 4939 3605 5007 Christus,
3647 4942 3747 4997 sed

2161 5030 2315 5102 quasi
2365 5029 2496 5084 fides
2546 5030 2663 5100 ejus
2712 5031 2941 5101 perfecta
2986 5041 3168 5098 esset,
3209 5031 3502 5086 Ecclesium
3527 5031 3659 5086 dicit
3687 5049 3750 5087 se

2162 5135 2326 5191 super
2351 5121 2738 5175 confessionem
2769 5120 2885 5190 ejus
2913 5119 3300 5175 :ndifieaturum
3322 5134 3460 5175 esse.
3494 5119 3593 5174 llic
3615 5137 3752 5176 vero

2164 5211 2295 5266 nihil
2344 5209 2668 5279 hujustnodi,
2719 5211 2824 5264 itno
2871 5211 3199 5265 contrarium
3254 5210 3530 5265 observes.
3581 5211 3748 5277 Quasi

2164 5302 2308 5357 enim
2334 5301 2602 5356 confessio
2630 5300 2716 5354 illa
2749 5301 2954 5370 potiore
2980 5301 3062 5356 sui
3101 5310 3258 5371 parte
3296 5301 3586 5366 deficeret,
3618 5305 3751 5360 reli-

2165 5408 2269 5462 qua
2317 5391 2572 5447 subdidit.
2614 5391 2752 5459 Quid
2790 5393 2932 5446 enim
2963 5391 3074 5446 ait?
3105 5393 3193 5448 51.
3225 5393 3420 5459 Amen,
3451 5410 3604 5450 amen
3637 5396 3754 5451 dico

2167 5483 2301 5538 vobis
2325 5499 2344 5537 :
2372 5483 2554 5537 amodo
2579 5483 2806 5550 videbitis
2835 5483 3016 5538 cazlutn
3042 5493 3274 5553 apertum
3296 5525 3314 5551 ,
3343 5494 3389 5540 et
3419 5488 3630 5557 angelos
3659 5491 3754 5543 Dei

2167 5577 2489 5632 ascendentes
2533 5586 2578 5631 et
2608 5577 2958 5630 descendentes
2983 5592 3135 5646 super
3170 5575 3363 5631 Filium
3383 5578 3629 5634 hominis.
3661 5581 3753 5635 Vi-

2169 5669 2288 5724 den’
2324 5667 2594 5738 quoutodo
2633 5667 2780 5722 illutn
2816 5667 3064 5738 paulatim
3101 5668 3169 5724 de
3194 5679 3337 5724 terra
3362 5671 3566 5743 erigat,
3598 5683 3653 5727 et
3691 5689 3757 5728 eo
