4012 6198
292 328 412 385 ἠο

308 444 578 509 dedolat,
628 458 698 499 ne
746 442 922 513 ipsum
974 451 1241 513 tamquam
1285 442 1580 513 simplicem
1624 443 1896 497 hominem

301 532 527 604 efﬁngat
546 532 571 585 ?
593 532 643 587 Is
664 534 807 587 enim
836 534 920 588 cui
947 533 1121 603 angeli
1150 533 1412 598 serviunt,
1436 548 1597 603 super
1621 548 1778 602 quem
1803 547 1900 584 an-

302 627 408 696 geli
475 625 777 681 ascendunt
838 636 895 681 ct
948 624 1321 689 descendunt,
1388 640 1493 695 quo
1542 635 1697 695 pacto
1743 624 1901 677 homo

306 718 510 774 fuerit?
533 718 658 774 Ideo
685 718 841 781 dixit,
870 718 1074 791 Παίονα
1095 718 1172 773 Itis
1194 717 1415 782 videbis;
1441 717 1581 788 quod
1603 717 1897 786 explicans,

302 807 621 879 angelorum
669 807 1026 862 ministerium
1073 808 1277 872 attulit;
1327 823 1391 862 ac
1436 808 1480 861 si
1522 806 1758 888 diceret;
1792 805 1902 861 Ma-

302 912 470 966 gnum
502 896 598 951 tibi
627 896 729 951 hoc
756 895 970 951 videtur
989 938 1003 961 ,
1039 911 1073 951 0
1099 895 1388 952 Natbanael
1411 936 1425 961 ,
1474 895 1700 967 ideoque
1729 911 1815 950 me
1844 904 1901 950 ut

309 988 529 1043 lsraelis
573 987 773 1058 Regem
818 986 1101 1043 confessus
1139 1002 1199 1043 es
1242 1005 1257 1043 :
1302 988 1426 1058 quid
1455 1002 1582 1056 ergo
1606 987 1752 1041 dices
1778 1002 1897 1041 eum

303 1080 505 1136 videris
542 1081 762 1150 angelus
782 1095 946 1149 super
981 1095 1066 1136 me
1100 1079 1448 1136 ascendentes
1479 1089 1533 1135 et
1573 1078 1901 1134 descenden-

301 1175 420 1229 tes?
451 1173 537 1228 his
565 1172 642 1228 illi
676 1174 926 1239 suadens,
950 1184 1006 1227 ut
1027 1187 1085 1227 sc
1110 1173 1419 1243 angelorum
1441 1172 1598 1226 etiam
1620 1171 1899 1226 Dominum

304 1265 649 1322 conﬁteatur.
699 1264 834 1320 Nam
880 1265 1031 1336 quasi
1059 1264 1125 1318 ad
1164 1266 1452 1335 genuinum
1498 1263 1660 1332 Regis
1699 1262 1895 1327 lilium,

301 1359 379 1413 sic
415 1356 817 1413 descendebant
848 1367 903 1413 et
940 1356 1300 1412 ascendebant
1337 1355 1565 1410 ministri
1598 1353 1764 1424 regii,
1799 1353 1900 1408 hoc

301 1449 467 1504 modo
495 1459 743 1518 tempore
770 1448 978 1514 crucis,
1012 1448 1101 1503 illo
1129 1456 1305 1503 autem
1339 1448 1390 1501 in
1420 1444 1813 1500 resurrectione
1844 1451 1898 1498 ct

299 1538 654 1605 ascensione,
688 1539 798 1593 imo
834 1547 989 1593 antea
1013 1580 1028 1606 ,
1061 1538 1276 1609 quando
1305 1544 1685 1598 accesserunt,
1716 1543 1771 1588 et
1798 1533 1897 1586 mi-

302 1632 607 1687 nistrabant
650 1631 737 1697 ei,
783 1630 996 1701 quando
1042 1630 1207 1699 ipsius
1250 1629 1455 1684 natales
1498 1626 1890 1698 praadicabant,

304 1721 522 1791 quando
544 1721 884 1787 clamabant,
914 1718 1090 1775 Gloria
1114 1721 1165 1773 in
1190 1720 1400 1775 excelsis
1436 1717 1544 1772 Deo
1570 1760 1582 1782 ,
1615 1727 1661 1772 et
1686 1718 1737 1770 in
1765 1726 1896 1769 terra

304 1828 411 1881 po:
453 1810 624 1883 (Luc.
674 1810 730 1866 2.
775 1808 1173 1882 M):quando
1218 1810 1284 1864 ad
1328 1809 1548 1864 Mariam
1597 1815 1891 1875 venerunt,

300 1904 524 1973 quando
551 1903 621 1959 ad
647 1902 961 1972 .Iosephnm.
990 1902 1142 1970 Quod
1172 1916 1316 1972 stupe
1357 1900 1589 1966 fecerat,
1639 1915 1778 1955 nunc
1820 1901 1894 1954 l'a-

280 1994 392 2047 'cit.
426 1994 544 2049 Duo
590 1994 865 2065 pra-dicit,
894 2001 947 2048 et
980 1993 1201 2048 alterius
1226 1992 1480 2047 iudicium
1510 1991 1634 2056 dat,
1666 1992 1892 2046 alterum

296 2101 363 2140 es
393 2086 497 2141 hoc
529 2087 815 2141 conlinunt
859 2085 1115 2141 futurum.
1149 2085 1231 2141 Ex
1260 2100 1424 2156 supra
1454 2085 1612 2140 dictis
1656 2084 1757 2139 alia
1781 2084 1890 2153 jam

294 2177 665 2231 deiuonstrata
697 2177 927 2241 fuerant,
955 2176 1114 2247 quale
1141 2176 1269 2231 illud
1315 2184 1432 2232 erat
1491 2185 1615 2231 ante
1660 2175 1890 2246 Philippi

295 2268 661 2333 vocationem,
700 2267 816 2321 Vidi
845 2278 893 2322 te
913 2269 1007 2322 sub
1034 2269 1137 2337 [ica
1158 2284 1178 2333 ;
1204 2267 1308 2321 alia
1336 2278 1591 2322 eventura
1614 2277 1803 2334 erant,
1837 2274 1892 2322 ct

291 2376 362 2412 ex
397 2370 554 2428 parte
579 2368 904 2425 evenerant,
936 2360 1246 2430 angelorum
1278 2374 1472 2429 nempe
1511 2358 1801 2414 descensus
1836 2367 1892 2414 et

294 2465 568 2505 ascensus
595 2466 610 2513 ;
644 2451 693 2504 in
718 2465 891 2515 cruce,
926 2451 976 2505 in
1003 2451 1417 2514 resurrectione,
1452 2451 1505 2504 in
1530 2451 1844 2506 ascensione
1872 2468 1886 2505 :

288 2541 387 2595 cui
418 2542 497 2596 rei
525 2558 587 2596 es
620 2542 884 2611 pnedictis
915 2543 1071 2597 (idem
1099 2541 1243 2606 facit,
1283 2543 1443 2598 etiam
1467 2552 1590 2597 ante
1617 2553 1885 2612 eventum.

286 2628 428 2685 Nam
473 2632 565 2700 qui
597 2632 710 2700 jam
752 2632 803 2685 in
849 2633 1131 2701 praeteritis
1166 2632 1283 2703 ejus
1329 2633 1583 2687 virtutem
1628 2632 1885 2703 agnovit,

287 2722 468 2776 futura
513 2722 559 2776 si
609 2722 811 2783 audiat.
869 2723 1073 2777 facilius
1100 2723 1345 2792 accipiet.
1377 2722 1513 2789 Quid
1538 2737 1666 2792 ergo
1693 2722 1889 2776 Natlta-

285 2816 410 2868 mel
430 2815 457 2868 2
486 2814 628 2868 Nihil
661 2814 728 2868 ad
764 2816 863 2869 hoc
890 2815 1182 2884 I'eSjIOIIdiI.
1207 2814 1330 2871 Ideo
1352 2814 1599 2871 Christus
1620 2816 1703 2870 hic
1725 2816 1883 2869 linem

281 2903 502 2960 dicendi
531 2904 679 2969 facit,
710 2904 894 2959 sineris
925 2904 1074 2959 illum
1100 2905 1239 2960 dicta
1277 2919 1461 2962 secum
1489 2915 1758 2976 reputare,
1783 2921 1881 2962 uec

282 2994 474 3049 solens
519 2995 704 3050 omnia
734 2997 913 3049 statim
954 2995 1228 3051 eli'undere
1252 3038 1267 3063 ,
1308 2996 1401 3051 sed
1425 2992 1577 3066 jacto
1604 2997 1658 3051 in
1691 2997 1881 3051 bonam

282 3094 488 3140 terram
511 3087 724 3142 semine
747 3128 763 3151 ,
786 3087 910 3141 sinit
937 3102 1053 3141 eam
1084 3086 1284 3142 Γιίιοιιιε
1312 3103 1406 3158 per
1434 3088 1599 3142 otium
1625 3089 1880 3158 proferre.

285 3177 344 3232 Id
373 3177 518 3247 quod
541 3179 668 3233 alibi
695 3179 775 3233 sic
802 3177 1111 3233 declarabat
1146 3197 1159 3232 :
1188 3178 1370 3233 Simile
1398 3189 1469 3233 est
1492 3197 1699 3251 regnum
1726 3181 1880 3235 carto-

278 3288 401 3323 rum
438 3272 658 3332 homini,
706 3272 797 3338 qui
832 3270 1298 3325 sentfuavitbmmm
1337 3289 1521 3327 semen.
1561 3271 1688 3327 Cum
1717 3284 1884 3327 autent

277 3364 552 3428 dormiret,
584 3364 716 3416 venit
746 3364 975 3416 inimicus
1002 3363 1112 3433 ejus
1131 3404 1145 3427 ,
1178 3372 1223 3415 et
1252 3364 1665 3432 super-seminavit
1686 3364 1884 3417 zizania

277 3455 332 3507 iis
347 3453 517 3505 medio
534 3453 689 3505 tritici
710 3450 920 3522 (Matth.
943 3452 1133 3507 15.2“.
1157 3452 1266 3521 25).
1293 3451 1439 3523 (Cap.
1458 3452 1513 3524 2)
1557 3455 1603 3508 I.
1630 3454 1721 3507 Die
1739 3455 1883 3507 tertia

278 3546 479 3613 lltsptia'
500 3549 654 3615 factm
668 3554 784 3598 sunt
800 3546 850 3597 in
871 3544 1008 3598 Cana
1026 3543 1271 3599 Galila'w.
1289 3545 1345 3599 Ξ.
1358 3543 1418 3598 Et
1436 3556 1636 3600 vocatus
1652 3556 1721 3600 est
1732 3546 1766 3598 ,Ι
1772 3562 1884 3600 esus

277 3640 353 3693 ad
381 3641 612 3708 nuptias.
642 3636 770 3691 Erat
797 3647 965 3691 autem
996 3649 1159 3691 mater
1191 3636 1315 3691 Jesu
1346 3637 1436 3703 ibi,
1471 3648 1517 3691 et
1544 3640 1728 3709 fratres
1748 3639 1878 3708 ejus.

278 3732 405 3788 Iam
435 3732 548 3784 dixi
584 3748 707 3785 eum
747 3731 797 3782 in
824 3729 1042 3786 Galilaea
1073 3730 1332 3785 notiorem
1363 3728 1562 3795 fuisse;
1596 3746 1759 3801 quare
1790 3745 1883 3785 vo-

280 3833 413 3877 cant
432 3838 561 3877 eum
594 3821 659 3873 ad
687 3822 919 3891 nuptias,
948 3821 1167 3891 ipseque
1188 3820 1358 3874 adest.
1385 3819 1500 3875 Non
1533 3823 1674 3875 enim
1705 3820 1770 3876 ad
1801 3821 1881 3876 di-

280 3918 554 3986 gnitatem
598 3928 748 3967 suam
796 3913 1148 3982 respiciebat,
1180 3912 1273 3966 sed
1322 3921 1438 3966 erat
1465 3911 1529 3965 ad
1563 3912 1879 3968 beneﬁcium
1947 3915 1951 3918 ’

281 4008 451 4061 nobis
492 4005 832 4060 inferendum
878 4015 1111 4074 paratus.
1142 4004 1272 4059 Nam
1300 4007 1389 4074 qui
1432 4019 1535 4058 non
1565 4004 1880 4076 dedignatus

279 4112 373 4156 est
400 4101 629 4155 formam
656 4101 794 4154 servi
822 4098 1085 4169 accipere,
1117 4099 1283 4152 tnuilo
1311 4098 1486 4152 minus
1510 4097 1883 4169 dedignabitur

280 4191 356 4246 ad
388 4192 603 4261 nuptias
629 4205 904 4243 serrartmt
958 4188 1138 4242 venire
1164 4206 1178 4251 ;
1209 4188 1297 4257 qtti
1340 4203 1460 4242 cum
1502 4188 1799 4258 publicanis
1828 4198 1881 4244 cl.

287 4282 667 4351 peccatoribus
692 4281 1024 4346 versabatur,
1059 4280 1227 4334 multo
1258 4280 1436 4334 mimis
1465 4281 1731 4335 recusabit
1754 4297 1875 4335 cum

287 4376 532 4428 inritatis
559 4372 626 4425 ad
656 4373 869 4443 nuptias
896 4371 1231 4425 recumbere.
1262 4370 1362 4437 Qui
1400 4380 1736 4436 vocaverant,
1764 4387 1870 4426 non

285 4483 375 4519 cm
399 4475 682 4535 gruentcm
727 4464 794 4519 de
842 4464 933 4517 illo
972 4464 1276 4533 npiuiooem
1310 4463 1594 4529 habebant,
1625 4480 1795 4535 neque
1822 4472 1880 4519 ut.

288 4571 547 4624 magnum
577 4555 882 4625 quempiam
913 4554 1082 4607 virum
1113 4553 1429 4617 invitabant,
1458 4554 1551 4607 sed
1580 4566 1636 4608 ιιι
1666 4555 1882 4624 popula-

287 4661 409 4699 rem
451 4654 510 4698 et
548 4645 648 4698 sibi
690 4653 893 4697 notum.
926 4644 992 4698 Et
1034 4644 1135 4699 huc
1172 4644 1523 4701 subindicavit
1556 4646 1878 4715 evangelista

285 4740 479 4794 dicatis
510 4757 525 4791 :
557 4737 680 4790 Erat
722 4748 888 4791 autem
933 4748 1092 4790 mater
1129 4737 1255 4791 Iesu
1300 4737 1386 4801 ibi,
1434 4747 1480 4789 et
1525 4737 1708 4805 fratres
1745 4739 1875 4810 ejus.

286 4827 758 4897 Quemadmodum
790 4829 931 4881 illam
963 4835 1017 4883 et
1060 4827 1250 4881 fratres
1283 4828 1402 4897 ejus
1425 4868 1440 4893 ,
1486 4827 1553 4881 ita
1596 4837 1649 4882 et
1694 4827 1876 4883 Iesum

288 4927 635 4976 vocaverant.
665 4921 717 4975 3.
754 4918 814 4971 Et
844 4919 1105 4986 deﬁciente
1142 4919 1253 4973 vino
1289 4918 1412 4972 dicit
1456 4929 1614 4972 mater
1657 4920 1765 4989 ejus
1810 4919 1879 4974 ad

286 5029 405 5066 cum
436 5029 459 5064 :
498 5008 685 5063 Vinum
730 5027 831 5064 non
875 5009 1080 5063 habent.
1115 5009 1208 5063 llic
1229 5010 1349 5079 jure
1377 5021 1648 5080 quaeratur
1678 5029 1690 5063 :
1725 5009 1879 5067 Unde

291 5103 449 5157 matri
483 5102 536 5156 in
564 5111 797 5158 mentem
820 5101 980 5156 subiit
1006 5102 1131 5172 quid
1160 5119 1406 5172 magnum
1432 5102 1496 5157 de
1519 5102 1627 5157 (ilio
1647 5103 1873 5172 opinari:

292 5196 501 5248 nullum
531 5194 675 5249 enim
702 5192 880 5248 adhuc
921 5193 1127 5262 signum
1171 5191 1369 5247 fecerat
1400 5210 1414 5245 :
1441 5209 1558 5246 nam
1594 5191 1705 5247 lloc
1734 5195 1873 5266 fecit,

288 5285 486 5355 inquit.
510 5282 1152 5353 istitimusignormnlesus
1187 5284 1239 5336 in
1252 5282 1390 5338 Cana
1418 5281 1643 5338 Galilwa:
1657 5287 1729 5354 (υ.
1760 5286 1872 5353 Η).

358 5379 414 5433 2.
438 5376 675 5435 Christus
700 5394 801 5432 non
828 5379 880 5431 in
907 5377 1144 5446 primwva
1163 5388 1310 5432 wtate
1334 5378 1581 5433 miracula
1609 5380 1828 5449 patravit
1854 5395 1873 5442 ;

285 5474 445 5525 tritius
485 5485 740 5523 annorum
790 5469 955 5539 spatio
994 5468 1254 5521 miraculis
1300 5470 1574 5524 celebratus
1612 5478 1702 5525 est.
1732 5469 1873 5538 Quo-

286 5564 439 5618 modo
474 5561 645 5617 Maria
687 5561 784 5629 ﬁlii
812 5546 963 5614 etiam
993 5562 1135 5631 pueri
1162 5562 1476 5617 divinitatem
1505 5565 1754 5634 suspicari
1776 5581 1870 5634 ρο-

284 5656 458 5706 tuerit.
489 5651 711 5719 Quando
736 5653 1026 5723 parentibus
1051 5654 1665 5722 obsequendum—Quod
1694 5660 1736 5712 si
1755 5658 1871 5728 quis

288 5746 493 5803 dixerit
527 5786 543 5811 ,
578 5760 686 5801 non
717 5743 961 5803 idoneum
1006 5743 1104 5801 hoc
1136 5761 1253 5803 csse
1282 5761 1652 5820 argumentum
1683 5791 1696 5815 ,
1726 5747 1866 5819 quod

1312 328 1379 389 IN
1416 331 1726 389 JOANNEII
1769 330 2002 387 IIOMIL.
2046 331 2185 388 XXI.
2226 336 2298 390 al.
2342 334 2456 393 XX.

3490 346 3597 412 tiu

2013 463 2139 553 illud
2166 468 2236 521 sit
2260 467 2467 523 initium
2496 470 2768 540 signorum
2803 516 2817 539 ,
2842 492 2906 531 eo
2936 479 3075 547 quod
3105 470 3341 537 additum
3368 485 3432 540 sit
3464 529 3478 553 ,
3518 486 3582 542 In

2009 552 2147 607 Cana
2171 554 2437 625 Galiltetc;
2462 562 2610 630 quasi
2639 561 2741 617 hoc
2772 566 2997 634 primum
3026 569 3093 624 ibi
3118 569 3313 627 factum
3340 575 3410 628 sit
3434 617 3448 642 ,
3483 593 3583 632 nec

2009 655 2183 701 tamen
2208 649 2449 707 absolute
2487 653 2715 723 primum
2741 673 2755 721 ;
2788 660 3076 717 verisimile
3102 664 3300 735 quippe
3326 676 3406 721 est
3435 655 3582 725 illum

2006 739 2130 794 alibi
2153 741 2253 795 alia
2281 742 2473 799 fecisse
2501 763 2514 799 :
2549 748 2991 817 respondebimus
3012 752 3061 807 ei
3089 754 3139 808 id
3171 757 3310 824 quod
3337 757 3446 827 jam
3473 765 3585 828 prl-

2006 844 2095 884 mo
2120 829 2370 888 diximus.
2397 833 2677 902 Quodnam
2696 838 2821 893 illttd
2843 842 2962 895 est?
2986 842 3041 896 Id
3074 844 3212 914 quod
3227 846 3301 901 ait
3327 846 3581 903 Joannes:

2008 919 2118 991 Ego
2170 933 2343 989 autem
2388 927 2668 982 nesciebam
2709 946 2821 984 eum
2850 948 2871 997 ,°
2897 932 2986 987 sed
3030 943 3082 987 ut
3134 937 3483 1005 manifestatur
3530 941 3584 995 iu

2005 1012 2206 1079 Israel,
2237 1027 2504 1089 praptcrea
2546 1021 2658 1074 veni
2704 1038 2795 1093 ego
2824 1025 2875 1077 in
2892 1041 3023 1094 aqua
3051 1025 3333 1099 baptizaus.
3366 1028 3498 1085 Nam
3538 1034 3585 1087 si

2008 1104 2059 1158 in
2092 1106 2343 1174 primaeva
2382 1118 2539 1165 nitate
2571 1113 2822 1168 miracula
2851 1115 3107 1174 edidisset
3140 1161 3156 1189 ,
3188 1136 3292 1175 non
3324 1138 3459 1194 opus
3490 1125 3585 1179 Its-

2008 1195 2249 1252 buisseut
2287 1197 2537 1256 Israelita:
2562 1203 2730 1259 altero
2756 1246 2769 1269 ,
2794 1207 2881 1276 qui
2931 1207 3101 1277 ipsum
3159 1211 3436 1269 indicaret.
3479 1214 3583 1284 Qui

2003 1291 2148 1342 enim
2173 1304 2294 1356 cum
2321 1292 2401 1346 vir
2429 1292 2598 1349 factus
2626 1306 2771 1352 esset
2792 1298 2912 1362 ,ita
2940 1314 3005 1355 ex
3038 1301 3311 1359 miraculis
3333 1305 3581 1362 celebra-

2007 1388 2091 1434 tus
2113 1390 2211 1446 est,
2246 1398 2350 1437 non
2379 1384 2429 1437 in
2463 1384 2643 1440 Jttdtea
2670 1390 2872 1443 tantum
2894 1431 2908 1457 ,
2942 1392 3036 1446 sed
3060 1393 3219 1448 etiam
3253 1395 3303 1449 in
3333 1395 3484 1467 Syria
3514 1407 3570 1453 et

2005 1469 2141 1524 ultra
2167 1487 2182 1538 ;
2211 1471 2370 1542 idque
2413 1475 2569 1529 tritum
2599 1485 2800 1532 tantum
2830 1493 3091 1535 annorum
3122 1484 3294 1552 Spatia
3326 1504 3340 1539 :
3375 1486 3481 1540 imo
3512 1505 3580 1543 ne

2007 1561 2173 1616 tribus
2210 1563 2425 1632 quidem
2471 1567 2627 1621 annis
2674 1567 2741 1623 ad
2789 1569 2978 1626 fatuam
3023 1587 3157 1643 Opus
3202 1576 3424 1642 habuit;
3478 1581 3570 1635 scd

2002 1667 2159 1722 quam
2204 1654 2436 1722 primum
2465 1655 2601 1711 fama
2632 1659 2748 1729 ejus
2780 1661 2976 1732 ubique
3005 1662 3287 1736 pervagata
3325 1678 3409 1723 est
3442 1688 3453 1723 :
3488 1675 3577 1741 qui

2003 1757 2130 1811 ergo
2162 1752 2268 1797 tam
2302 1743 2448 1800 brevi
2480 1748 2652 1817 spatio
2675 1752 2928 1821 temporis
2954 1753 3022 1807 ob
3037 1758 3414 1812 miraculorum
3444 1762 3581 1814 mul-

2004 1831 2281 1888 titudinem
2310 1835 2380 1890 ita
2403 1836 2592 1892 claruit
2620 1880 2636 1903 ,
2667 1848 2724 1894 ut
2753 1856 2943 1896 nomen
2974 1843 3091 1913 ejus
3115 1847 3362 1904 omnibus
3392 1863 3575 1904 uotum

2001 1931 2144 1977 esset
2172 1940 2186 1989 ;
2218 1926 2384 1980 multo
2414 1928 2583 1999 magis
2608 1930 2654 1984 si
2676 1930 2849 1986 adhuc
2867 1948 3002 2003 puer
3021 1937 3272 1992 miracula
3296 1940 3575 2009 edidisset,

2002 2029 2107 2069 non
2156 2018 2416 2088 potuisset
2460 2029 2607 2076 tanto
2646 2032 2884 2093 tempore
2915 2025 3081 2082 latere
3108 2045 3120 2080 :
3146 2030 3332 2099 majori
3379 2034 3575 2105 quippe

1999 2104 2336 2163 admirationi
2366 2108 2592 2166 fuissent
2618 2113 2871 2171 miracula
2892 2131 2921 2170 a
2947 2133 3109 2186 puero
3126 2118 3283 2187 facta,
3307 2139 3426 2178 cttm
3450 2104 3564 2179 ma-

1999 2198 2141 2253 xime
2172 2210 2379 2270 tempus
2399 2211 2454 2258 et
2479 2204 2670 2275 duplex
2694 2216 2748 2261 et
2775 2208 2985 2278 triplex,
3006 2208 3112 2266 imo
3139 2213 3367 2283 amplius
3398 2216 3571 2273 fuerit.

1999 2288 2198 2345 Verum
2232 2293 2365 2348 nihil
2396 2295 2533 2351 aliud
2574 2314 2705 2368 puer
2735 2298 2859 2354 fecit
2888 2341 2902 2365 ,
2936 2302 3040 2356 nisi
3087 2303 3136 2357 id
3181 2314 3380 2361 tantum
3423 2312 3561 2379 quod

1998 2378 2167 2435 Lucas
2193 2381 2343 2453 (Cap.
2368 2383 2517 2458 2.46)
2545 2397 2776 2453 enarrat,
2811 2388 3146 2448 duodenuem
3170 2393 3340 2463 ipsum
3369 2378 3573 2454 sedisse

2000 2469 2052 2523 in
2110 2472 2286 2527 medio
2333 2474 2610 2531 dOt-torum
2665 2479 3001 2548 audientem,
3057 2494 3111 2539 et
3158 2485 3573 2560 interrogatione

1995 2576 2089 2617 sua
2132 2565 2498 2655 admirandum
2540 2570 2709 2655 visum
2752 2571 2938 2629 fuisse.
2968 2577 3214 2647 Alioquin
3241 2590 3418 2637 autem
3449 2584 3570 2655 jure

1994 2660 2056 2702 ac
2083 2651 2272 2705 merito
2293 2668 2398 2706 nou
2426 2654 2587 2723 erepit
2621 2655 2672 2710 in
2704 2658 2892 2728 puerili
2919 2668 3075 2715 a-tate
3099 2665 3351 2721 miracula
3381 2651 3565 2723 edere.

1996 2736 2275 2795 Putassent
2301 2743 2443 2797 enim
2472 2760 2584 2800 rem
2617 2746 2757 2802 illam
2780 2763 2905 2804 vere
2932 2750 3242 2819 phantasma
3264 2771 3402 2812 esse.
3434 2757 3566 2813 Nam

1994 2830 2036 2884 si
2059 2830 2125 2887 de
2154 2833 2245 2889 illo
2263 2835 2373 2906 jam
2407 2838 2521 2893 viro
2549 2838 2599 2894 id
2632 2841 2782 2895 multi
2806 2843 3058 2913 suspicati
3085 2855 3229 2911 sunt,
3260 2850 3429 2904 multo
3451 2868 3566 2908 ma-

1994 2923 2074 2993 gis
2098 2924 2149 2978 id
2174 2926 2601 2997 eredidissent,si
2628 2932 2912 2988 admodum
2930 2934 3141 3006 juvenis
3162 2939 3309 3010 signa
3338 2941 3567 3000 fecisset:

1992 3024 2045 3069 et
2067 3015 2263 3072 invidia
2293 3023 2520 3089 permoti
2555 3022 2728 3090 ipsum
2757 3024 2913 3080 citius
2951 3038 3005 3081 et
3053 3039 3177 3085 ante
3214 3034 3564 3089 constitutum

1995 3112 2200 3175 tempus
2218 3109 2269 3161 iu
2292 3124 2506 3164 crucem
2533 3112 2768 3180 egissent
2795 3132 2809 3169 :
2842 3124 3013 3184 atque
3039 3117 3109 3170 ita
3138 3134 3227 3174 res
3257 3121 3322 3175 ad
3344 3138 3568 3178 oecono-

1992 3195 2150 3248 miam
2201 3193 2508 3266 spectantes
2560 3201 2779 3256 credita:
2831 3218 2936 3257 non
2991 3203 3235 3261 fuissent.
3286 3210 3568 3276 Quomodo

1992 3284 2324 3355 igiturmatri
2351 3288 2404 3343 in
2428 3299 2660 3345 mentem
2685 3293 2867 3357 subiit,
2903 3294 3130 3365 inquies,
3162 3314 3410 3369 magnum
3440 3303 3566 3370 quid

1988 3376 2057 3431 de
2087 3377 2178 3431 illo
2204 3379 2513 3435 existimare
2538 3381 2561 3435 ?
2588 3381 2913 3440 Mauil‘estari
2953 3386 3064 3456 jam
3091 3401 3329 3461 emperat
3359 3432 3373 3457 ,
3419 3403 3472 3447 et
3498 3411 3565 3449 ex

1988 3467 2206 3552 Joannis
2235 3472 2561 3539 testimonio,
2582 3482 2636 3528 et
2657 3492 2722 3530 ex
2748 3476 2811 3531 iis
2832 3493 2948 3547 qtae
2972 3478 3250 3549 discipulis
3282 3483 3393 3553 ipse
3415 3485 3564 3540 dixe-

1989 3569 2068 3614 rat
2101 3577 2116 3616 :
2143 3572 2264 3616 ante
2296 3561 2410 3618 hmc
2435 3574 2612 3620 autem
2639 3568 2813 3621 omnia
2840 3607 2856 3634 ,
2892 3569 2999 3638 ipsa
3028 3574 3307 3641 conceptio
3333 3616 3347 3642 ,
3371 3585 3424 3630 et
3447 3593 3566 3647 qua:

1988 3651 2042 3704 in
2067 3653 2225 3706 natali
2249 3653 2363 3723 ejus
2392 3665 2539 3725 gesta
2571 3668 2692 3712 sunt
2713 3658 2753 3725 ί,
2774 3674 3018 3729 magnam
3047 3664 3201 3718 matri
3228 3665 3367 3721 circa
3399 3668 3563 3725 lilium

1988 3745 2437 3801 existimationem
2462 3749 2735 3805 indebant.
2770 3752 2989 3809 Audivit
3018 3753 3159 3810 enim
3182 3798 3198 3823 ,
3224 3757 3414 3828 inquit,
3447 3777 3561 3817 om-

1988 3836 2072 3890 nia
2090 3836 2157 3892 de
2184 3853 2368 3907 puero,
2383 3838 2451 3892 Et
2463 3842 2786 3896 conservabat
2802 3843 2851 3897 in
2876 3843 3027 3899 corde
3045 3862 3138 3900 suo
3154 3849 3174 3878 ²
3199 3847 3351 3917 (Luc.
3373 3849 3428 3903 2.
3449 3851 3560 3921 5|).

1988 3926 2093 3982 Sed
2123 3942 2238 3994 cur,
2265 3929 2473 3999 inquies
2507 3972 2520 3996 ,
2550 3946 2655 3986 non
2689 3932 2740 3987 id
2772 3941 2926 3987 antea
2957 3934 3137 3989 dixit?
3166 3936 3321 4003 Quia,
3356 3948 3412 3992 ut
3433 3940 3564 4003 dixi,

1990 4029 2113 4076 tunc
2142 4022 2304 4092 cu-pit
2332 4022 2383 4077 iu
2419 4022 2688 4091 publicum
2720 4025 2952 4093 prodire.
2985 4027 3227 4082 Antehac
3252 4028 3396 4084 enim
3432 4040 3565 4084 tam-

1986 4127 2143 4182 quam
2167 4128 2302 4167 mms
2328 4130 2359 4167 e
2380 4114 2533 4180 vulgo
2556 4114 2899 4170 versabatur:
2920 4126 3364 4187 quaprOpternon
3395 4122 3562 4176 aude-

1988 4202 2375 4259 batmatertalc
2394 4206 2997 4276 quidpiamipsidicerc.
3028 4208 3127 4265 Ubi
3164 4219 3338 4266 autem
3364 4214 3565 4269 audivit

1986 4293 2243 4350 Joannem
2268 4304 2483 4366 propter
2509 4296 2681 4365 ipsmn
2710 4300 2918 4352 venisse
2942 4340 2957 4365 ,
2986 4314 3048 4353 ac
3074 4300 3137 4353 de
3167 4300 3256 4354 illo
3284 4300 3387 4356 tale
3414 4307 3562 4359 testi-

1989 4385 2222 4440 monium
2253 4386 2582 4454 pethihuisse
2605 4427 2619 4450 ,
2659 4386 2948 4457 discipulos
2975 4389 3145 4458 ipsum
3177 4390 3375 4448 habere
3399 4434 3413 4459 ,
3440 4403 3563 4449 tunc

1987 4474 2201 4530 demum
2230 4491 2350 4531 cum
2384 4476 2572 4532 ﬁducia
2626 4488 2777 4548 rogat
2820 4479 2964 4534 illum
3007 4490 3060 4536 et
3112 4482 3394 4540 deﬁciente
3442 4486 3564 4541 vino

1985 4569 2133 4633 dicit,
2177 4569 2358 4624 Vinum
2388 4587 2486 4625 non
2538 4570 2737 4626 habent.
2775 4571 2994 4629 Volebat
3042 4576 3182 4629 enim
3213 4587 3266 4632 ct
3292 4577 3412 4633 illos
3458 4578 3561 4635 bc—

1988 4661 2176 4716 nelieio
2224 4660 2494 4717 devincire
2523 4705 2537 4728 ,
2581 4678 2745 4733 seque
2796 4664 3208 4735 splendidiorem
3253 4683 3344 4737 per
3399 4670 3562 4725 tilium

1987 4751 2229 4807 reddere.
2258 4753 2327 4807 Et
2358 4752 2489 4808 forte
2517 4754 2800 4809 humanum
2825 4757 3091 4825 quidpiam
3116 4773 3269 4828 passa
3300 4769 3399 4825 est,
3429 4772 3484 4815 ιιι
3513 4773 3568 4816 et

1989 4846 2176 4899 fratres
2224 4846 2340 4914 ejus
2387 4847 2475 4917 qui
2515 4847 2806 4903 dicebant:
2840 4848 3057 4903 Ostende
3104 4852 3319 4921 tcipsum
3374 4848 3566 4907 tttttttilu

1990 4935 2165 5005 (Joan.
2189 4939 2241 4993 7.
2272 4939 2331 5009 4)
2361 4980 2377 5006 ,
2409 4940 2548 5009 quod
2605 4941 2797 4995 vellent
2828 4958 2892 4996 ex
2920 4943 3187 4998 miraculis
3215 4946 3312 4999 sibi
3338 4947 3561 5015 gloriam

1984 5046 2312 5100 comparare.
2340 5031 2462 5088 Ideo
2488 5032 2564 5088 sic
2594 5034 2666 5088 illi
2694 5034 2934 5101 aSperius
2979 5041 3250 5105 tcsptmtiil
3281 5057 3294 5093 :
3334 5048 3379 5094 t.
3428 5041 3564 5107 Quid

1985 5121 2108 5175 mihi
2138 5131 2184 5176 et
2207 5121 2294 5176 tibi
2321 5132 2413 5189 est,
2445 5122 2622 5177 mulier
2648 5125 2673 5179 7
2701 5123 2942 5179 Nondum
2975 5128 3101 5181 venit
3125 5127 3248 5182 liora
3275 5145 3402 5183 mea.
3432 5128 3561 5185 Nam

1982 5211 2124 5282 quod
2170 5213 2451 5269 admodum
2499 5224 2724 5269 matrem
2778 5229 3123 5273 veneraretur
3151 5260 3166 5285 ,
3198 5220 3319 5274 audi
3363 5220 3561 5278 Lucam

1981 5312 2285 5359 narrantem
2315 5320 2472 5374 quam
2517 5305 2761 5360 subditus
2797 5315 2939 5363 esset
2977 5308 3283 5377 parentibus
3310 5352 3326 5377 ,
3356 5326 3561 5367 necnon

1980 5394 2356 5465 evangelistam
2377 5394 2639 5450 dicentem
2670 5405 2920 5467 quautam
2949 5397 3090 5455 illius
3118 5415 3301 5455 curam
3328 5402 3378 5456 iu
3402 5416 3563 5459 cruco

2044 5511 2059 5543 ⁸
2086 5508 2225 5581 savii.
2246 5516 2299 5559 et
2313 5516 2419 5559 Mss.
2440 5509 2631 5581 plut-inii
2657 5510 2936 5576 habent,....
2957 5513 3219 5580 conceptio,
3236 5520 3282 5567 et
3298 5528 3408 5579 qua:
3429 5514 3562 5567 circa

1981 5577 2329 5634 conceptionem
2349 5577 2482 5634 gesta
2504 5578 2629 5621 sunt.

2043 5636 2063 5665 '
2096 5629 2234 5697 lianc
2257 5629 2411 5682 locu'at
2434 5634 2503 5683 sic
2523 5635 2668 5685 cll‘ert
2689 5638 2853 5687 Morel.
2882 5650 2895 5686 :
2942 5645 3040 5689 Ilot-
3073 5636 3177 5697 ipse
3197 5650 3280 5687 nos
3311 5642 3446 5697 docet
3472 5638 3564 5684 Lu-

1977 5708 2077 5749 cas.
2102 5692 2267 5744 (licens
2295 5705 2314 5745 .'
2342 5712 2366 5741 ι
2383 5698 2536 5746 Jtaxt'a
2559 5702 2715 5747 autem
2749 5697 3055 5752 conservabat
3090 5692 3248 5749 onutia
3293 5696 3433 5748 rerth
3456 5698 3558 5745 1th

1980 5758 2030 5808 in
2055 5756 2199 5806 corde
2222 5768 2321 5806 suo.
2343 5773 2364 5802 ι
