4012 6198
632 275 726 331 151

633 385 892 442 habuerit.
922 381 1026 438 Ubi
1056 379 1197 434 enim
1227 384 1471 447 parentes
1500 390 1614 430 rem
1641 373 1872 427 divinam
1901 385 2006 425 non
2033 368 2199 438 impe—

629 478 786 532 diunt
809 487 980 542 neque
1010 468 1315 541 prohibent,
1347 465 1642 520 cedendum
1667 463 1795 532 ipsis
1819 469 1935 526 est;
1968 469 2022 514 et
2045 457 2090 510 si
2113 472 2200 510 se-

631 581 727 622 cus
758 565 867 630 liat,
893 561 1185 633 periculum
1216 571 1462 626 magnum
1493 564 1574 608 cst
1605 572 1616 606 :
1645 567 1764 606 cum
1795 558 1972 604 autem
1997 564 2026 602 a
2049 547 2202 602 nobis

634 653 1007 723 intempestive
1035 649 1304 720 quidpiam
1335 645 1604 715 postulant
1631 684 1646 708 ,
1680 641 1939 710 nobisque
1961 637 2206 692 ofliciunt

634 748 687 800 in
717 743 1077 816 spiritualibus
1106 780 1126 806 ,
1167 754 1268 793 non
1302 747 1470 792 tutum
1495 743 1577 790 est
1603 734 1730 803 ipsis
1767 729 2008 800 obsequi.
2051 728 2204 782 ideo-

639 853 744 905 que
775 837 859 890 hic
881 835 953 888 ita
986 831 1305 901 respondet,
1333 836 1386 883 et
1413 827 1534 880 alibi
1565 838 1778 878 rursum
1805 840 1818 875 :
1854 821 1981 887 Qua:
2005 827 2076 873 est
2101 833 2208 870 ma-

645 937 719 980 ter
750 942 878 991 mea,
903 935 949 978 et
977 924 1061 993 qui
1083 931 1197 975 sunt
1219 923 1398 991 fratres
1423 917 1519 970 mei
1540 914 1728 985 (Marc.
1748 914 1801 969 5.
1824 912 1940 982 35)?
1964 908 2206 964 Nondum

638 1018 779 1073 enim
811 1031 930 1071 eam
959 1028 1113 1084 quam
1138 1027 1231 1081 par
1247 1017 1363 1064 erat
1377 1009 1443 1061 de
1468 1007 1584 1074 ipso
1604 1004 1903 1074 opinionem
1923 999 2208 1064 habebant;

639 1109 734 1165 sed
764 1109 885 1178 quia
915 1107 1085 1177 ipsum
1115 1107 1430 1173 pepererat,
1478 1106 1702 1151 matrum
1733 1108 1880 1148 more
1907 1089 2122 1159 putabat
2150 1103 2210 1144 se

641 1201 716 1255 illi
765 1213 920 1269 posse
963 1196 1139 1251 omnia
1173 1193 1463 1263 prmeipere
1490 1231 1504 1254 ,
1534 1204 1651 1257 qua:
1678 1187 1822 1240 illum
1850 1195 1906 1238 ut
1932 1183 2209 1238 Dominum

645 1293 825 1346 enle’re
848 1299 902 1344 et
924 1288 1147 1342 adorare
1173 1284 1441 1339 debuisset
1477 1299 1490 1335 :
1524 1281 1642 1334 ideo
1671 1287 1794 1333 tunc
1817 1277 1888 1331 ita
1919 1274 2208 1345 respondit.

645 1383 859 1452 Cogites
891 1379 1071 1444 velim,
1100 1377 1224 1448 quid
1251 1375 1377 1430 illud
1400 1383 1550 1437 erat,
1580 1372 1954 1426 circumstante
1981 1367 2175 1438 populo
2195 1407 2212 1432 ,

651 1480 870 1540 totaque
908 1469 1058 1524 turba
1106 1468 1275 1536 ipsum
1307 1464 1521 1519 intentis
1550 1461 1738 1515 animis
1779 1459 2024 1514 audiente
2056 1499 2076 1524 ,v
2119 1456 2216 1512 do-

648 1562 978 1630 ctrinamque
998 1558 1342 1628 pereipiente,
1367 1555 1510 1608 illam
1540 1553 1590 1606 in
1619 1551 1850 1606 medium
1875 1549 2215 1604 accedentem

650 1670 679 1708 a
701 1654 955 1710 concione
983 1653 1151 1722 ipsum
1174 1651 1457 1714 abducere,
1493 1657 1550 1702 ut
1573 1647 1793 1701 seorsim
1825 1645 2213 1714 alloqueretur:

652 1762 757 1799 non
787 1745 1000 1798 domum
1032 1741 1256 1812 ingredi,
1289 1739 1382 1795 sed
1413 1738 1555 1792 foras
1580 1737 1748 1806 ipsum
1771 1735 1940 1789 solum
1969 1734 2216 1787 educere.

654 1836 854 1890 Idcirco
879 1833 1089 1888 dicebat
1133 1830 1222 1885 ille
1244 1871 1258 1896 ,
1304 1830 1430 1894 Qua
1459 1834 1540 1882 ἐει
1567 1837 1726 1880 mater
1751 1841 1859 1879 mea
1885 1864 1900 1891 ,
1930 1832 1975 1878 et
1996 1824 2080 1893 qui
2105 1832 2220 1876 sunt

658 1932 840 1996 fratres
864 1925 1005 1980 mei?
1032 1940 1135 1978 non
1162 1931 1384 1977 matrem
1412 1920 1732 1976 contumelia
1760 1918 2017 1984 alliciens,
2047 1915 2218 1982 absit;

658 2021 753 2076 sed
781 2019 880 2090 ipsi
906 2019 1104 2088 Optime
1132 2015 1415 2071 consulens
1439 2054 1453 2078 ,
1483 2029 1582 2067 nec
1601 2013 1782 2065 sinens
1798 2026 1914 2064 eam
1941 2009 2042 2062 vile
2070 2008 2222 2078 quid-

656 2112 797 2182 piam
843 2119 894 2164 et
924 2109 1190 2177 abiectum
1219 2107 1282 2161 de
1328 2121 1386 2160 se
1414 2104 1738 2160 existimare.
1770 2099 1901 2154 Nam
1927 2100 1970 2155 si
2000 2098 2224 2153 aliorum

659 2219 841 2258 curam
869 2202 1086 2272 gerebat
1109 2242 1124 2266 ,
1158 2200 1392 2269 nihilque
1420 2214 1521 2252 non
1551 2198 1740 2267 agebat
1763 2205 1820 2250 ut
1844 2202 2229 2265 congruentem

658 2296 724 2350 de
750 2309 808 2349 se
837 2293 1141 2362 opinionem
1185 2290 1285 2350 illis
1331 2291 1637 2358 ingereret,
1685 2286 1849 2340 multo
1893 2284 2060 2355 magis
2105 2297 2228 2352 erga

661 2393 883 2438 matrem
915 2382 964 2436 id
985 2381 1191 2451 agebat.
1216 2379 1347 2446 Quia
1365 2379 1505 2433 enim
1527 2377 1815 2432 verisimile
1839 2385 1938 2443 est,
1961 2391 2081 2430 cum
2105 2375 2225 2428 talia

661 2475 896 2529 audisset
923 2487 952 2527 a
983 2473 1093 2526 lilio
1125 2513 1140 2536 ,
1186 2471 1419 2524 noluisse
1464 2477 1637 2522 tamen
1679 2465 2086 2535 obtemperare,
2133 2463 2230 2518 sed

663 2569 863 2639 primas
881 2567 979 2622 sibi
1005 2579 1220 2635 semper
1239 2561 1534 2618 vindicasse
1557 2569 1752 2630 partes,
1777 2565 1961 2626 utpote
1983 2564 2227 2620 matrem,

669 2660 790 2714 ideo
827 2658 908 2714 sic
949 2659 1038 2712 ille
1083 2653 1378 2725 respondit.
1405 2651 1585 2722 Neque
1611 2650 1750 2704 enim
1780 2650 1921 2702 illam
1950 2645 2018 2702 ab
2045 2645 2233 2702 humili

667 2750 914 2820 opinione
933 2746 1005 2802 ad:
1020 2745 1378 2801 sublimiorem
1405 2743 1716 2796 sententiam
1735 2739 2010 2801 erexisset,
2030 2737 2076 2792 si
2093 2751 2234 2791 sem-

668 2855 763 2910 per
787 2843 1145 2906 exspeetasset
1165 2834 1274 2900 illa,
1303 2847 1360 2887 se
1393 2831 1460 2886 ab
1500 2832 1614 2899 ipso
1646 2841 1911 2898 tamquam
1941 2842 1969 2879 a
1998 2826 2104 2880 lilio
2134 2825 2234 2880 ho-

671 2929 984 2994 norandam,
1005 2941 1178 2996 neque
1205 2925 1374 2994 ipsum
1391 2930 1443 2976 ut
1470 2921 1746 2975 Dominum
1768 2918 2063 2972 habituram
2093 2931 2232 2970 esse.

677 3022 784 3077 Hac
813 3037 940 3092 ergo
969 3019 1037 3075 de
1071 3033 1227 3073 causa
1255 3016 1332 3071 sic
1362 3023 1484 3069 tunc
1504 3013 1815 3082 loquebatur
1839 3027 1853 3062 :
1881 3009 2016 3075 Quid
2043 3008 2164 3062 mihi
2192 3016 2238 3062 et

675 3114 764 3168 tibi
785 3091 1084 3181 est,rmulier
1106 3111 1136 3163 1’
1155 3108 1273 3162 Alias
1295 3121 1504 3177 quoque
1528 3120 1683 3159 causa
1713 3091 1817 3156 non
1854 3102 2028 3156 minus
2049 3114 2236 3154 neces-

675 3205 814 3260 saria
835 3203 1011 3258 afferri
1042 3209 1235 3272 potest.
1263 3199 1515 3266 Quantam
1549 3196 1636 3250 illa
1658 3193 1682 3248 ?
1702 3193 1778 3249 Ne
1806 3201 1960 3264 gesta.
1985 3191 2237 3246 miracula

678 3300 728 3352 in
757 3297 1111 3366 suspicionem
1138 3294 1412 3348 venirent:
1442 3290 1508 3344 ab
1538 3287 1894 3357 indigentibus
1915 3284 2059 3340 enim
2090 3324 2105 3348 ,
2134 3297 2245 3336 non

675 3406 703 3442 a
746 3401 914 3443 matre
957 3384 1226 3456 rogandus
1265 3392 1398 3439 erat.
1444 3381 1661 3448 Quare?
1688 3380 1818 3445 Quia
1869 3378 1952 3432 illa
1999 3393 2117 3447 qua:
2145 3391 2240 3432 co-

676 3493 957 3553 gnatorum
1010 3479 1256 3549 precibus
1300 3478 1671 3545 impetrantur,
1720 3473 1844 3526 licet
1893 3485 2101 3540 magna,
2136 3485 2240 3524 non

679 3580 749 3628 ita
778 3582 926 3644 grata
946 3580 1069 3626 sunt
1098 3568 1444 3639 prmsentibus
1473 3576 1528 3620 ut
1557 3566 1838 3636 plurimum
1864 3583 1878 3619 :
1904 3579 2025 3617 eum
2064 3573 2239 3618 autem

680 3666 975 3734 indigentes
1002 3662 1098 3731 ipsi
1129 3659 1447 3729 supplicant,
1468 3668 1591 3711 tunc
1611 3655 1919 3710 miraculum
1943 3654 2244 3724 suspicione

680 3764 862 3819 vacat,
892 3768 1036 3822 parte
1064 3751 1243 3805 laudes
1270 3757 1392 3804 sunt
1419 3789 1430 3811 ,
1459 3763 1646 3818 magna
1669 3747 1888 3801 utilitas.

751 3847 804 3901 3.
836 3843 938 3900 Cur
963 3854 1007 3899 et
1034 3860 1132 3912 qua
1159 3851 1322 3895 mente
1341 3840 1568 3895 Christus
1611 3848 1820 3891 matrem
1839 3853 1984 3890 suam
2011 3836 2245 3906 increpa-

683 3937 842 4000 uerit;
868 3950 1121 4003 nunquam
1143 3933 1284 3986 illaut
1305 3930 1550 4000 repellere
1571 3927 1801 3981 intendit.
1832 3925 2073 3996 lmprobo
2113 3924 2248 3978 nihil

684 4036 891 4098 prosunt
918 4027 1118 4096 cognati
1147 4024 1308 4094 probi.
1353 4022 1563 4092 Cognati
1605 4019 1796 4074 Christi
1829 4017 2113 4088 Desposyni
2153 4033 2248 4086 ap-

683 4116 1159 4189 pellati—Etenim
1187 4115 1230 4169 si
1258 4113 1376 4183 quis
1401 4112 1630 4181 optimus
1661 4109 1894 4165 medicus
1912 4109 1964 4162 in
1985 4122 2246 4176 aegrorum

683 4209 1034 4280 complurium
1059 4208 1246 4261 domos
1269 4207 1542 4276 ingressus
1566 4245 1580 4269 ,
1605 4203 1671 4258 ab
1695 4201 1906 4272 aegrotis
1927 4200 2008 4255 vel
2038 4199 2252 4254 adstan-

687 4302 826 4356 tibus
861 4301 992 4355 nihil
1018 4298 1232 4363 audiat,
1259 4298 1352 4352 sed
1373 4313 1400 4349 a
1429 4305 1596 4350 matre
1618 4304 1817 4349 tantum
1856 4302 2068 4363 rogetur
2089 4333 2104 4358 ,
2130 4291 2252 4346 hinc

685 4403 966 4463 suspectus
989 4400 1042 4446 et
1070 4390 1325 4444 molestus
1349 4387 1504 4457 aegris
1528 4387 1630 4441 erit
1657 4425 1672 4449 ,
1703 4399 1766 4439 ac
1795 4397 1965 4453 neque
1983 4384 2130 4452 aegri,
2161 4396 2254 4436 ne-

687 4500 790 4554 que
809 4485 1076 4538 adstantes
1097 4495 1342 4551 magnum
1359 4477 1622 4548 quidpiam
1644 4476 1712 4530 ab
1733 4475 1825 4529 illo
1846 4472 2251 4545 exspectabant.

691 4578 815 4632 Ideo
839 4585 963 4631 tunc
992 4572 1281 4642 increpavit
1307 4569 1509 4632 dicens,
1537 4567 1672 4632 Quid
1696 4567 1818 4621 mihi
1839 4576 1884 4620 et
1908 4565 1994 4619 tibi
2021 4572 2114 4631 est,
2146 4580 2256 4618 mu.

693 4671 785 4723 fier
810 4671 834 4724 Ξ)
858 4681 1080 4723 monens
1105 4665 1254 4719 illam
1281 4677 1347 4716 ne
1379 4660 1552 4716 simile
1596 4659 1864 4729 quidpiam
1897 4658 1950 4712 in
1980 4665 2254 4727 posterum

692 4771 890 4830 ageret.
918 4760 1072 4813 Cum
1100 4769 1326 4825 namque
1354 4752 1428 4807 illi
1456 4758 1572 4806 erat
1597 4758 1868 4804 maternus
1898 4748 2089 4813 honor,
2121 4748 2256 4802 mul-

694 4865 853 4922 toque
882 4851 1046 4920 magis
1075 4849 1215 4904 illius
1241 4845 1414 4909 salus,
1442 4852 1498 4898 et
1522 4843 1701 4897 multis
1724 4840 2022 4911 praestanda
2050 4839 2256 4894 benefi-

695 4947 796 5012 cia,
828 4959 921 5013 pro
948 4941 1138 5012 quibus
1165 4953 1377 4993 carnem
1418 4935 1682 4990 induerat.
1732 4935 1855 4988 llzcc
1899 4933 2074 5002 itaque
2103 4930 2258 4986 verba

695 5051 799 5091 non
823 5042 974 5090 erant
998 5037 1307 5100 arroganter
1328 5036 1549 5082 matrem
1577 5023 1914 5094 alloquentis,
1936 5022 2029 5075 sed
2047 5021 2264 5089 dispen-

695 5128 951 5193 sationis,
985 5140 1088 5194 qua
1120 5131 1175 5178 et
1225 5121 1366 5175 illam
1397 5118 1737 5181 institueret,
1761 5124 1814 5169 et
1843 5113 2092 5167 miracula
2140 5126 2261 5166 cum

696 5220 951 5290 dignitate
979 5215 1090 5269 fieri
1132 5212 1452 5284 provideret.
1485 5209 1616 5263 Nam
1643 5206 1783 5276 quod
1812 5220 2003 5272 magno
2033 5202 2174 5256 illam
2211 5202 2262 5255 in

700 5312 902 5365 honore
929 5308 1147 5362 haberet
1172 5345 1187 5367 ,
1212 5304 1297 5358 vel
1337 5303 1436 5355 hoc
1462 5301 1633 5369 ipsum
1662 5337 1676 5362 ,
1706 5305 1762 5350 ut
1787 5303 1984 5348 caetera
2013 5302 2214 5346 taceam
2245 5332 2260 5357 ,

699 5399 838 5470 quod
869 5397 1011 5451 illaut
1041 5397 1315 5462 increpare
1339 5391 1599 5454 videatur,
1635 5387 1859 5457 probare
1891 5391 2081 5453 potest,
2115 5381 2261 5436 indi-

699 5490 985 5559 gnatioque
1029 5486 1140 5554 ipsa
1190 5497 1432 5550 magnam
1477 5495 1586 5548 pra:
1634 5491 1693 5531 se
1745 5475 1846 5529 fert
1890 5471 2265 5528 reverentiam.

703 5586 943 5650 Quonam
971 5587 1146 5632 autem
1167 5583 1355 5643 pacto,
1384 5573 1434 5625 in
1465 5571 1706 5639 sequenti
1727 5568 1983 5623 concione
2009 5566 2264 5619 dicemus.

706 5672 828 5727 llaec
859 5672 1039 5738 itaque
1062 5667 1299 5736 cogitans
1322 5703 1338 5733 ,
1363 5678 1485 5718 cum
1513 5659 1746 5715 audietis
1773 5658 2045 5713 mulierem
2075 5671 2262 5726 qnam-

1329 261 1384 318 s.
1423 259 1697 318 JOANNIS
1733 254 2203 315 cunvsosrout
2243 253 2552 310 ARClllEP.
2582 253 3100 312 CUNSTANTINOP;
3755 269 3804 322 η

2309 363 2432 419 dam
2459 365 2747 432 dicentem,
2778 367 2966 423 Beatus
2987 379 3151 424 venter
3177 369 3262 440 qui
3289 378 3336 424 te
3363 374 3579 440 portauit
3601 417 3613 439 ,
3638 387 3680 429 et
3710 381 3804 432 ubct

2305 471 2418 525 quia
2436 459 2616 510 suxisti
2641 458 2787 529 (Luc.
2818 461 2899 515 11.
2925 461 3020 531 27)
3049 502 3065 528 ,
3115 463 3369 533 illumque
3411 467 3803 534 respondentem

2310 546 2597 611 Quinimmo
2617 548 2747 602 beati
2780 550 2865 620 qui
2882 551 3073 622 faciunt
3095 552 3397 606 uoluntatem
3417 553 3582 610 Patris
3596 557 3681 611 mei
3701 557 3804 628 (Ibi.

2309 648 2356 686 11.
2380 635 2505 705 28);
2535 635 2721 691 eadem
2763 640 3024 693 sententia
3059 639 3171 694 haec
3209 640 3350 695 dicta
3393 656 3514 698 esse
3542 645 3804 699 existimat

2318 723 2434 780 Non
2457 725 2595 779 enim
2621 735 2842 782 matrem
2872 730 3176 798 repellentis
3204 734 3481 801 responsio
3501 743 3579 789 est
3605 776 3620 801 ,
3647 737 3735 791 sed
3765 737 3804 790 (11

2310 815 2592 882 clarantis,
2621 818 2752 872 nihil
2802 819 2897 888 ipsi
2947 820 3274 888 profuturum
3306 822 3469 878 fuisse
3495 834 3694 894 partum
3717 870 3731 892 ,
3761 829 3804 880 ni

2311 904 2593 960 admodum
2643 909 2806 976 proba
2854 910 3131 980 ﬁdelisque
3175 912 3388 968 fuisset.
3423 913 3478 970 Si
3515 931 3665 985 porro
3691 918 3804 972 Mari

2314 995 2444 1050 nihil
2475 996 2728 1066 proderat
2755 999 2896 1070 quod
2923 1001 3191 1056 Christum
3220 1005 3508 1073 genuisset,
3548 1007 3644 1062 nisi
3677 1015 3804 1063 virtu

2313 1087 2564 1144 interiore
2591 1091 2804 1160 praedita
2834 1090 3039 1159 fuisset,
3071 1094 3237 1148 multo
3258 1096 3432 1152 minus
3461 1097 3608 1154 nobis
3638 1101 3804 1169 prodet

2317 1179 2598 1248 probitatis
2626 1182 2950 1250 expertibus,
2983 1183 3026 1237 si
3065 1193 3288 1252 patrem,
3307 1185 3354 1240 si
3381 1186 3613 1255 fratrem,
3636 1190 3677 1244 si
3704 1189 3803 1244 filiu

2319 1268 2538 1336 probum
2564 1278 2617 1324 ct
2645 1271 2838 1326 virtute
2885 1273 3162 1341 prmditum
3203 1274 3490 1331 habeamus
3514 1317 3528 1341 ,
3567 1279 3611 1333 si
3636 1294 3728 1334 nos
3752 1281 3797 1350 ej

2316 1358 2511 1413 virtute
2563 1361 2746 1429 procul
2789 1362 3041 1418 fuerimus
3072 1383 3085 1418 :
3116 1365 3190 1419 ait
3219 1367 3414 1436 quippe
3447 1369 3604 1424 David
3635 1389 3648 1424 :
3691 1371 3804 1424 Frat

2318 1466 2420 1504 non
2445 1451 2690 1520 redimit,
2716 1454 2922 1508 redimet
2947 1457 3096 1510 homo
3136 1457 3155 1525 (
3191 1455 3331 1511 Psal.
3356 1459 3444 1514 48.
3473 1460 3506 1515 8
3533 1461 3550 1531 )
3580 1464 3602 1514 ‘l
3643 1462 3694 1516 111
3726 1465 3804 1517 ttul

2319 1541 2513 1612 quippe
2537 1542 2645 1596 alio
2679 1582 2694 1608 ,
2723 1543 2823 1596 nisi
2861 1543 3016 1598 bonis
3041 1546 3291 1616 operibus
3324 1588 3338 1610 ,
3390 1558 3506 1616 post
3539 1551 3625 1604 Dei
3655 1554 3804 1621 gratia

2320 1649 2442 1704 spes
2467 1635 2654 1690 salutis
2671 1635 2932 1691 habenda.
2958 1637 3085 1690 Nam
3116 1637 3160 1693 si
3188 1647 3371 1708 partus
3397 1640 3460 1695 ad
3494 1641 3545 1695 id
3574 1643 3804 1711 profatur

2324 1729 2522 1800 Virgini
2552 1739 2666 1787 erat
2687 1773 2702 1794 ,
2732 1733 3065 1802 profuturum
3097 1749 3305 1803 quoque
3325 1734 3521 1790 Judmis
3551 1747 3665 1792 erat
3692 1778 3706 1803 ,
3735 1755 3803 1806 qu

2321 1819 2516 1875 Christi
2544 1823 2833 1878 secundum
2857 1839 3070 1878 carnem
3101 1826 3305 1894 cognati
3329 1835 3522 1891 essent,
3553 1828 3804 1896 profuturi

2324 1911 2448 1964 item
2496 1912 2694 1966 civitati
2745 1913 2796 1966 in
2843 1930 2943 1984 qua
2986 1924 3141 1970 natus
3182 1925 3295 1970 erat
3321 1959 3335 1982 ,
3365 1917 3688 1986 profuturum
3716 1921 3804 1974 eti:

2326 2001 2600 2056 fratribus.
2631 2003 2789 2072 Atqui
2817 2003 2940 2058 dum
2964 2005 3154 2060 fratres
3185 2007 3322 2061 illius
3350 2009 3428 2062 sui
3454 2024 3634 2064 curam
3656 2027 3755 2064 non
3783 2027 3804 2081 ε

2325 2100 2506 2146 rcrcnt
2530 2133 2544 2157 ,
2572 2093 2711 2147 nihil
2733 2109 2761 2148 a
2791 2095 3118 2164 cognationis
3145 2096 3398 2167 dignitate
3419 2099 3760 2168 juvabantur,
3789 2116 3804 2156 ε

2327 2197 2446 2237 cum
2482 2184 2687 2254 reliquo
2713 2187 2909 2240 mundo
2933 2186 3167 2241 damnati
3191 2198 3339 2242 erant
3368 2207 3381 2241 :
3414 2198 3537 2244 tunc
3573 2207 3694 2246 vero
3717 2193 3799 2246 adt

2307 2275 2522 2329 ~rationi
2547 2276 2708 2330 habiti
2736 2286 2877 2343 sunt,
2905 2293 3026 2331 eum
3055 2292 3149 2348 per
3179 2280 3442 2348 propriam
3465 2280 3706 2336 virtutem
3734 2282 3804 2335 ell

2335 2375 2536 2420 serunt.
2580 2366 2713 2422 Urbs
2740 2376 2914 2421 autem
2951 2377 3005 2422 et
3043 2369 3218 2423 excisa
3244 2380 3296 2423 et
3321 2371 3593 2424 combusta
3617 2381 3694 2424 est
3717 2412 3732 2435 ,
3760 2374 3804 2424 ni

2334 2456 2457 2512 hinc
2511 2466 2744 2512 mutuata
2788 2458 3052 2513 subsidii:
3103 2461 3309 2530 cognati
3339 2477 3462 2515 vero
3505 2461 3580 2515 illi
3605 2463 3798 2516 secund

2334 2561 2552 2602 carnem
2579 2589 2595 2614 ,
2627 2549 2750 2603 caesi
2781 2548 2976 2604 misere
3007 2548 3273 2618 perierunt
3293 2591 3308 2617 ,
3333 2550 3466 2605 nihil
3493 2567 3557 2606 ex
3583 2554 3804 2622 cognatit

2333 2638 2399 2692 ad
2417 2639 2641 2691 salutem
2670 2637 2857 2692 lucrati
2892 2680 2908 2706 ,
2934 2640 3055 2710 quia
3082 2641 3296 2696 virtutis
3335 2643 3626 2710 patrocinio
3654 2643 3804 2697 destit

2335 2736 2509 2782 erant.
2539 2726 2789 2782 Omnium
2814 2737 2987 2784 autem
3009 2730 3428 2798 praestantissimi
3448 2733 3744 2786 claruerunt
3768 2749 3804 2802 ag

2335 2817 2457 2871 stoli
2491 2858 2504 2882 ,
2535 2817 2658 2887 quia
2707 2832 2887 2871 verum
2938 2827 2989 2873 et
3033 2819 3381 2887 expetendum
3423 2821 3747 2891 cognationis
3785 2838 3804 2878 ε

2339 2909 2552 2964 modum
2575 2908 2852 2964 subierunt
2878 2924 2972 2978 per
2996 2911 3370 2966 obedientiam.
3408 2913 3539 2968 llinc
3567 2914 3804 2968 cdiscimu

2342 2999 2443 3054 fide
2464 2999 2616 3053 nobis
2644 3014 2775 3069 opus
2799 3014 2937 3063 esse,
2957 3009 3010 3054 et
3027 3001 3128 3054 vita
3143 3001 3303 3070 proba
3327 3003 3622 3072 virtuteque
3643 3004 3804 3074 fulger

2343 3091 2396 3146 id
2428 3091 2570 3145 enim
2615 3098 2816 3144 tantum
2847 3091 3000 3145 nobis
3029 3091 3249 3146 salutem
3295 3107 3482 3160 parare
3510 3094 3717 3162 poterit.
3750 3094 3804 3146 Ct

2341 3185 2548 3254 cognati
2572 3183 2690 3251 ejus
2719 3181 2882 3236 multo
2907 3191 3144 3252 tempore
3171 3183 3510 3238 admirationi
3545 3183 3755 3239 fuerunt
3787 3201 3804 3239 ι

2341 3291 2445 3346 que
2476 3317 2491 3341 ,
2526 3285 2579 3330 et
2603 3274 2896 3344 Desposyni
2922 3273 3165 3342 appellati
3194 3271 3308 3346 (0).;
3340 3283 3567 3328 attamen
3599 3290 3666 3329 ne
3694 3291 3804 3329 non

2343 3364 2555 3435 quidem
2597 3363 2810 3416 illorum
2841 3365 3040 3417 scimus
3062 3378 3082 3427 ;'
3117 3362 3478 3432 apostolorum
3507 3373 3682 3418 autem
3718 3374 3772 3420 et

2345 3455 2484 3510 mina
2511 3464 2562 3510 et
2589 3455 2693 3508 vita
2717 3455 2910 3523 ubique
2937 3453 3289 3508 celebrantur.
3309 3451 3385 3508 Ne
3415 3453 3587 3524 itaque
3612 3455 3803 3525 de'gcn

2347 3545 2619 3600 nobilitate
2651 3545 2666 3576 ί
2689 3544 2856 3599 altum
2884 3543 3186 3614 sapiamus;
3211 3542 3304 3598 sed
3329 3543 3535 3598 etiamsi
3561 3560 3688 3598 avos
3710 3555 3762 3600 et
3793 3561 3804 3600 :

2348 3654 2441 3692 vos
2464 3639 2769 3692 innumeros
2793 3637 2968 3691 claros
2995 3645 3048 3691 et
3076 3635 3310 3690 illustres
3345 3635 3578 3702 proferre
3603 3640 3804 3706 pOSsitlt

2350 3729 2560 3782 illorum
2584 3744 2678 3783 nos
2706 3729 2951 3783 virtutem
2976 3741 3228 3798 superare
3255 3742 3507 3781 conemur
3529 3769 3544 3794 ,
3583 3731 3734 3796 gnari
3764 3749 3796 3783 n

2351 3820 2401 3874 in
2433 3819 2607 3873 futuro
2639 3819 2840 3889 judicio
2865 3834 2931 3873 ex
2959 3820 3180 3872 aliorum
3213 3818 3404 3873 virtute
3435 3819 3562 3873 nihil
3595 3821 3726 3874 lucri
3757 3822 3804 3873 fn

2352 3912 2458 3966 imo
2488 3911 2538 3966 id
2570 3911 2720 3965 nobis
2745 3909 2955 3981 gravius
2995 3909 3248 3980 judicium
3296 3910 3585 3978 periturum
3615 3926 3755 3965 esse.
3793 3912 3804 3964 l

2353 4003 2535 4073 probis
2558 4004 2657 4055 orti
2689 4001 2921 4070 patribus
2947 4040 2961 4065 ,
3003 3999 3250 4068 domique
3279 4001 3581 4068 exemplum
3614 4001 3804 4055 habent

2353 4107 2420 4146 ne
2461 4091 2538 4145 sic
2570 4089 2781 4159 quidem
2809 4090 3053 4144 doctores
3103 4089 3388 4143 imitamur.
3423 4090 3546 4144 llzec
3589 4107 3732 4146 nunc
3760 4093 3793 4145 d

2353 4180 2475 4251 quia
2509 4179 2736 4249 gentiles
2775 4179 2970 4233 multos
3008 4178 3163 4233 video
3193 4219 3209 4245 ,
3261 4194 3382 4233 cum
3423 4179 3540 4233 illos
3574 4180 3641 4234 ad
3688 4181 3804 4235 fidet

2354 4272 2812 4328 Christianismum
2847 4269 3270 4340 amplectendam
3317 4270 3681 4336 cohortamur,
3716 4273 3786 4326 ad

2355 4373 2546 4436 gnatos
2574 4374 2627 4418 et
2652 4378 2779 4418 avos
2805 4376 2930 4417 suos
2956 4362 3240 4430 confugere
3265 4376 3326 4415 ac
3357 4361 3534 4416 dicere
3554 4403 3568 4426 ,
3599 4362 3804 4417 Omnes

2357 4456 2529 4527 gnati,
2570 4455 2854 4510 familiares
2882 4462 2935 4509 et
2959 4455 3361 4509 contubernales
3388 4455 3522 4521 mei,
3567 4455 3754 4509 fideles
3784 4456 3804 4510 (

2360 4548 2514 4602 stiani
2537 4556 2682 4600 sunt.
2713 4546 2847 4614 Quid
2879 4545 2978 4600 hoc
3002 4546 3067 4598 ad
3096 4555 3169 4611 te,
3197 4543 3357 4598 miser
3385 4553 3439 4598 et
3470 4545 3653 4599 infelix
3683 4547 3707 4598 ἲ
3741 4548 3803 4599 111

2364 4639 2652 4711 perniciem
2683 4648 2823 4693 tuam
2848 4638 3091 4697 vertitur,
3122 4637 3263 4706 quod
3289 4652 3387 4690 nec
3409 4637 3800 4692 contubernale

2364 4731 2596 4788 verearis
2627 4771 2642 4795 ,
2685 4728 2824 4784 utad
2856 4729 3103 4781 virtutem
3133 4743 3334 4782 curras.
3364 4727 3567 4782 Rursus
3598 4729 3693 4781 alii
3723 4746 3797 4798 qu

2365 4822 2548 4877 fideles
2577 4821 2779 4889 utique,
2811 4817 2904 4872 sed
2929 4817 3098 4887 ignavi
3132 4859 3147 4882 ,
3179 4817 3245 4870 ad
3273 4819 3521 4870 virtutem
3571 4817 3786 4871 incitati

2366 4914 2537 4982 ipsum
2564 4908 2858 4964 obtendunt
2883 4923 2896 4958 :
2925 4906 3082 4961 Pater
3105 4920 3274 4971 meus,
3305 4920 3455 4971 avus,
3483 4919 3720 4974 proavus
3741 4949 3755 4971 ,
3797 4924 3804 4977 1

2367 5006 2562 5058 virtute
2602 5001 2803 5071 prmditi
2848 5001 3081 5054 luerunt.
3124 4997 3227 5053 Sed
3260 5000 3359 5051 hoc
3402 4998 3578 5068 ipsum
3627 5007 3679 5052 te
3715 5015 3803 5051 ma

2371 5092 2639 5148 damnabit
2665 5133 2678 5157 ,
2715 5090 2853 5161 quod
2881 5105 2910 5143 a
2941 5089 3135 5143 talibus
3160 5097 3307 5142 ortus
3336 5129 3350 5150 ,
3379 5101 3574 5157 genere
3605 5095 3699 5140 tuo
3734 5088 3804 5138 1111

2372 5195 2666 5254 perpetres.
2689 5185 2822 5238 Audi
2849 5183 2972 5252 quid
3005 5180 3260 5250 propheta
3291 5179 3488 5233 ludatis
3513 5179 3665 5232 dicat
3691 5195 3707 5231 :
3742 5180 3804 5234 St

2372 5276 2536 5329 Israel
2559 5277 2609 5329 in
2630 5273 2834 5327 muliere
2853 5317 2867 5338 ,
2900 5274 3014 5325 etin
3045 5272 3250 5324 muliere
3274 5278 3498 5323 servatus
3530 5279 3606 5322 est
3633 5269 3656 5342 (
3680 5268 3804 5323 Osci

2377 5369 2488 5437 1‘2);
2517 5378 2570 5422 ct
2597 5367 2856 5429 Christus,
2886 5365 3141 5418 Abraham
3169 5373 3308 5431 pater
3332 5371 3490 5415 uester
3511 5363 3793 5416 exsultavit

2418 5476 2488 5535 (n)
2535 5477 2776 5537 Cognalos
2801 5473 3000 5537 Christi,
3027 5473 3394 5537 Desposynos__(
3413 5473 3797 5537 Ae_anom3vou;)

2355 5525 2640 5585 hqnn'inicos
2663 5536 2940 5598 appellatos
2966 5525 3307 5598 fiiisse_"ref'er_t
3338 5525 3587 5583 Eusebius
3610 5547 3678 5581 ex
3716 5525 3804 5583 Atr

2361 5604 2486 5652 llisl.
2513 5599 2644 5648 Eeel.
2686 5594 2819 5657 [5:26
2854 5594 3091 5644 editionis
3110 5594 3320 5657 rValesii.

2420 5669 2429 5691 ι
2464 5661 2633 5709 Morel.
2662 5655 2827 5720 habet,
2850 5659 2911 5708 de
2930 5656 3226 5720 cognatione,
3250 5671 3353 5718 pro,
3371 5656 3429 5706 de
3449 5655 3649 5720 generis
3671 5655 3804 5707 uobit
