4012 6198
254 333 348 392 ηδ

242 1007 354 1045 cum
378 990 535 1045 nobis
563 990 678 1044 haec
704 988 892 1042 notitia
925 986 1056 1041 nihil
1077 985 1332 1054 proderit.
1355 985 1485 1038 Nam
1511 984 1577 1037 ln
1602 985 1825 1053 inferno,

1317 324 1382 379 ΙΝ
1421 323 1732 381 JOANNEM
1773 325 2000 383 HOMIL.
2042 325 2207 382 XXII.
2248 330 2321 384 al.
2364 329 2505 385 XXI.

253 451 382 502 deret
407 445 541 498 diem
565 456 774 505 meum;
798 450 844 494 et
886 439 1028 505 vidit,
1053 447 1097 494 ct
1123 439 1325 510 garisus
1342 449 1416 494 est
1443 439 1621 509 (Joan.
1639 440 1687 494 8.
1719 439 1833 512 56).

253 539 310 593 Et
333 535 531 604 ubique
573 533 824 586 virtutem
856 545 1079 585 avorum
1113 544 1219 582 non
1248 527 1315 583 ad
1351 529 1564 584 laudem
1598 570 1614 593 ,
1647 528 1740 584 sed
1767 529 1832 583 ad

250 629 498 697 majorem
525 624 924 678 accusationem
968 621 1263 692 proferunt.
1298 621 1422 675 Haec
1450 637 1572 676 cum
1603 622 1834 676 sciamus

246 733 294 775 ιι
319 734 438 783 nos,
474 718 603 771 nihil
636 733 742 770 non
772 731 1015 784 agamus,
1050 723 1108 768 ut
1135 729 1228 784 per
1258 714 1472 783 propria
1497 729 1658 783 opera
1686 713 1831 766 salu-

247 825 343 868 tem
367 823 629 876 consequi
660 808 929 876 possimus
952 845 967 867 ,
1002 819 1068 858 ne
1097 805 1293 858 frustra
1327 804 1378 857 in
1410 804 1638 856 aliorum
1663 818 1748 872 ερ-
1764 802 1832 858 tis

246 916 384 970 spem
418 899 678 953 habentes
702 939 718 962 ,
763 906 890 950 tunc
915 895 1184 949 discamus
1214 908 1312 948 nos
1339 893 1592 962 deceptos
1622 893 1782 947 fuisse
1811 934 1827 957 ,

3431 341 3530 396 131

1948 442 2137 512 inquit,
2165 445 2278 514 quis
2305 447 2620 514 conﬁtebitur
2637 448 2726 502 tibi
2753 449 2923 519 (Psal.
2945 450 2997 506 6.
3029 450 3126 524 6)?
3147 452 3243 509 llic
3269 467 3396 525 ergo
3413 470 3530 524 με.

1941 533 2217 588 nitentiatn
2259 549 2478 604 agamus
2511 578 2526 602 ,
2569 546 2628 592 ut
2665 548 2864 595 aeterna
2913 556 3307 613 consequamur
3338 545 3474 600 bona
3509 587 3525 610 ,

1943 637 2063 692 qua:
2092 639 2188 677 nos
2211 641 2398 681 omnes
2426 628 2658 683 nancisci
2692 631 2986 701 contingat,
3013 634 3181 703 gratia
3211 642 3265 689 et
3293 635 3526 706 benigni-

1943 721 2051 768 tate
2084 715 2290 769 Domini
2324 719 2489 772 nostri
2527 718 2653 774 Jesu
2694 720 2893 776 Christi
2923 765 2937 786 ,
2991 739 3084 792 per
3113 741 3270 793 quem
3303 736 3356 780 ct
3401 742 3522 780 cum

1941 818 2047 873 quo
2102 805 2242 859 Patri
2298 807 2466 877 gloria
2511 820 2565 864 et
2614 811 2935 882 imperium,
2979 816 3243 886 simulque
3297 817 3521 888 Spiritui

1938 904 2141 962 sancto,
2169 897 2220 950 in
2242 900 2436 954 sarcula
2463 903 2803 960 seculorum.
2834 907 3028 961 Amen.

246 1113 3524 1148 .—————————————-—————-—‘————-——-———————_._—_.n—

1633 1195 1980 1258 HOMILIA
2028 1197 2236 1258 XXII.

307 1350 440 1415 Quid
465 1349 591 1400 milii
620 1358 667 1400 et
689 1347 776 1399 tibi
803 1346 1021 1400 mulier?
1048 1343 1293 1399 Nondum
1313 1347 1442 1399 venit
1464 1345 1590 1398 hora
1618 1361 1749 1398 mea.

305 1462 352 1514 1.
384 1461 478 1514 Est
507 1459 721 1529 quidam
754 1459 806 1513 in
845 1457 1212 1513 concinnando
1241 1457 1408 1522 labor,
1450 1457 1590 1526 quod
1628 1457 1821 1512 Paulus

241 1551 314 1605 his
340 1551 520 1606 verbis
554 1559 781 1604 teStatnr
810 1567 826 1601 :
863 1549 963 1616 Qui
1001 1549 1123 1603 bene
1159 1559 1382 1618 praesunt
1408 1548 1700 1618 presbyteri,
1729 1549 1823 1601 du—

240 1646 346 1712 plici
384 1645 576 1697 honore
603 1643 746 1713 digni
771 1642 1050 1696 habeantur
1077 1658 1096 1696 :
1131 1643 1348 1696 maxime
1384 1642 1470 1712 qui
1499 1642 1727 1695 laborant
1767 1640 1819 1693 in

236 1738 372 1790 verba
397 1747 441 1789 et
471 1735 705 1788 doctrina
721 1734 795 1805 (1.
823 1733 953 1787 Tim.
982 1734 1165 1803 5.17).
1190 1735 1257 1787 At
1285 1747 1446 1802 penes
1466 1746 1562 1786 vos
1580 1741 1659 1786 est
1679 1732 1819 1785 hunc

237 1828 462 1882 laborem
496 1826 579 1880 vel
607 1826 778 1881 levem
802 1825 882 1879 vel
922 1839 1135 1894 gravem
1164 1823 1409 1878 reddere.
1446 1822 1576 1877 Nam
1607 1822 1651 1876 si
1677 1821 1816 1876 dicta

235 1920 510 1987 respuatis,
543 1917 626 1971 vel
658 1931 765 1970 non
793 1925 1126 1985 respuentes.
1155 1916 1407 1984 operibus
1435 1929 1540 1968 non
1570 1912 1816 1968 exhibueo

233 2011 359 2071 ritis,
383 2011 563 2079 gravis
590 2008 748 2062 nobis
773 2007 924 2061 labor
947 2007 1067 2069 erit,
1098 2007 1235 2077 quod
1259 2006 1451 2061 frustra
1475 2005 1810 2070 laboremus;

230 2102 306 2155 sin
334 2103 644 2166 attendatis,
673 2110 728 2155 et
763 2100 941 2154 audita
983 2100 1369 2169 exsequamini,
1411 2099 1620 2154 sudoris
1656 2099 1814 2169 hujus

230 2209 292 2246 ne
320 2207 540 2246 sensum
572 2190 786 2262 quidem
818 2189 1174 2260 percipiemus
1201 2207 1214 2243 :
1238 2189 1438 2244 fructus
1461 2191 1601 2244 enim
1630 2190 1812 2246 labore

229 2292 402 2351 partus
447 2298 555 2335 non
603 2282 742 2335 sinet
776 2281 1014 2335 laborem
1065 2295 1278 2350 gravem
1328 2280 1518 2335 videri.
1555 2281 1734 2350 Itaque
1763 2281 1807 2335 si

226 2375 385 2427 vultis
409 2373 649 2427 Studium
677 2381 914 2426 nostrum
937 2372 1194 2436 excitare,
1228 2385 1331 2424 non
1364 2371 1702 2441 exstinguere
1724 2372 1808 2425 vel

144 2457 146 2460 ’
223 2469 492 2530 minuere,
540 2465 782 2526 fructum,
828 2479 1031 2534 quzeso,
1064 2464 1312 2518 exhibete
1356 2464 1531 2529 nobis,
1563 2473 1620 2517 ut
1660 2464 1810 2518 laetas

220 2567 431 2626 segetes
461 2557 716 2621 videntes,
741 2570 833 2624 spe
865 2556 943 2610 rei
966 2555 1103 2610 bene
1120 2555 1367 2625 gerendae
1389 2555 1500 2610 fulti
1523 2564 1576 2610 et
1597 2555 1806 2611 divitias

223 2658 427 2703 nostras
459 2651 472 2677 ‘
503 2657 896 2716 eomputantcs,
932 2664 995 2704 ne
1023 2658 1326 2720 torpeamus
1353 2649 1403 2702 in
1427 2649 1527 2704 hac
1557 2657 1662 2702 tam
1695 2649 1808 2704 fau-

220 2750 292 2791 sta
317 2739 704 2807 negotiatione.
727 2737 911 2808 Neque
935 2741 1075 2792 enim
1105 2755 1262 2808 parva
1292 2740 1445 2794 nobis
1482 2739 1638 2794 hodie
1679 2753 1803 2808 pro-

221 2832 694 2900 [mi-iturqnmslio.
727 2831 892 2885 Matre
921 2847 1149 2901 namque
1187 2833 1313 2887 Jesu
1344 2824 1577 2899 dicente,
1615 2831 1803 2887 Vinum

217 2941 310 2974 non
336 2924 558 2988 habent;
582 2940 703 2976 cum
739 2923 1105 2993 respondisset
1137 2923 1402 2991 Christus,
1443 2925 1582 2990 Quid
1608 2925 1731 2979 mihi
1756 2935 1803 2980 et

216 3014 293 3064 tibi
318 3026 410 3074 est,
445 3015 671 3067 mulier?
702 3013 944 3067 Nondum
971 3016 1102 3068 venit
1129 3015 1255 3068 liora
1282 3033 1429 3080 mea;
1460 3032 1580 3070 cum
1611 3016 1682 3081 id,
1713 3017 1800 3071 in-

213 3120 388 3172 quam,
417 3105 805 3174 respondisset,
838 3105 976 3175 quod
1005 3106 1214 3160 volebat
1245 3116 1413 3161 mater
1451 3108 1644 3162 effecit.
1676 3108 1801 3164 "(PC

214 3210 313 3246 non
343 3196 519 3248 minor
544 3196 721 3264 priore
750 3197 972 3263 quiestio
998 3205 1098 3250 est.
1133 3197 1227 3251 Illo
1255 3198 1412 3268 igitur
1441 3199 1686 3255 invocato
1708 3202 1796 3270 qui

212 3288 307 3340 hoc
334 3289 654 3341 miraculum
685 3297 936 3354 operatus
964 3299 1066 3356 est,
1100 3290 1176 3342 sic
1215 3289 1280 3342 ad
1323 3290 1642 3345 Salutionem
1671 3307 1796 3360 pro-

211 3393 476 3441 iuremus.
511 3377 628 3431 Non
659 3378 743 3430 hic
765 3380 935 3432 solum
966 3389 1143 3432 autem
1178 3379 1277 3434 hoc
1304 3381 1498 3435 dictum
1529 3385 1794 3448 occurrit;

208 3467 316 3531 ipse
341 3484 578 3535 namque
601 3469 925 3538 evangelista
959 3470 1008 3522 in
1032 3471 1373 3538 sequentibus
1389 3472 1534 3537 dicit,
1563 3473 1676 3528 Non
1707 3490 1800 3544 po-

208 3571 417 3614 tuerunt
440 3577 567 3614 eum
596 3560 1020 3629 apprehendere,
1055 3562 1188 3628 Quia
1213 3562 1434 3615 nondum
1457 3576 1652 3618 venerat
1673 3566 1797 3619 liora

207 3651 309 3716 ejus
349 3648 535 3717 (Joan.
582 3651 636 3705 8.
678 3651 770 3714 20)
798 3669 810 3702 :
839 3661 893 3706 et
930 3653 1143 3718 itertnn,
1197 3652 1362 3707 Nemo
1400 3656 1532 3708 misit
1572 3658 1622 3710 in
1652 3657 1796 3711 illum

208 3759 399 3805 manus,
436 3743 561 3810 quia
594 3742 818 3794 nondum
862 3753 1058 3796 venerat
1088 3745 1212 3796 liora
1239 3747 1346 3813 ejus
1378 3745 1539 3815 (Ibid.
1581 3748 1630 3800 7.
1664 3748 1793 3818 50):

205 3846 263 3882 ac
290 3848 532 3891 rursum.
578 3830 719 3885 Venit
764 3835 888 3886 liora
911 3850 930 3886 :
955 3834 1188 3902 gloriﬁca
1221 3834 1410 3889 Filium
1454 3846 1593 3890 tuum
1632 3838 1792 3906 (Ibid.

206 3922 285 3974 I7.
331 3924 410 3990 1).
450 3921 578 3976 lla-c
609 3923 781 3976 omnia
821 3939 914 3991 per
943 3933 1113 3978 totum
1147 3926 1489 3996 Evangelium
1536 3929 1672 3984 dicta
1713 3930 1798 3987 hic

202 4014 408 4083 collegi,
446 4024 506 4068 ut
535 4031 695 4067 unam
731 4016 978 4069 omnibus
1007 4016 1326 4072 solutionem
1363 4021 1601 4074 afferam.
1643 4022 1799 4087 Qua:-

203 4120 318 4156 eam
349 4115 432 4157 est
464 4105 551 4157 illa
578 4105 813 4159 solutio?
837 4104 950 4158 Non
997 4116 1296 4175 temporum
1337 4112 1642 4165 necessitati
1671 4113 1798 4167 sul)-

205 4193 371 4260 ivetus
400 4206 519 4250 erat
552 4194 816 4260 Christus,
852 4212 1022 4265 neque
1054 4196 1212 4252 horas
1241 4199 1528 4254 observans
1563 4201 1793 4270 dicebat,

200 4285 450 4340 Nondum
477 4289 609 4340 reuit
639 4291 764 4340 liora
793 4304 901 4342 mea
928 4305 946 4343 :
969 4291 1056 4355 (an
1084 4289 1134 4342 id
1156 4289 1466 4346 observaret
1498 4301 1794 4362 temporum

201 4377 412 4445 Opifex,
444 4392 714 4432 annorum
745 4387 799 4431 et
823 4380 1140 4431 surculorum
1165 4381 1466 4452 Greater?)
1496 4399 1677 4437 verunt
1701 4401 1797 4456 per

201 4466 309 4520 lza-c
350 4468 499 4520 dicta
530 4469 630 4522 hoc
662 4468 772 4522 vult
803 4469 1144 4536 signilicare’,
1182 4485 1240 4524 se
1268 4471 1445 4526 omnia
1484 4477 1794 4544 congruenti

200 4567 447 4628 tempore
479 4561 712 4629 cperari,
760 4575 861 4615 nec
902 4561 1057 4614 simul
1110 4561 1286 4618 facere
1333 4580 1398 4618 ne
1448 4565 1572 4621 hinc
1616 4583 1792 4624 rerum

197 4649 331 4702 ordo
359 4630 695 4714 turbaretur,
735 4651 780 4704 si
821 4666 925 4704 non
972 4663 1272 4722 opportuno
1314 4662 1553 4725 tempore
1592 4659 1793 4728 singula

198 4740 408 4805 ederet,
434 4741 530 4793 sed
560 4741 740 4793 omnia
778 4741 932 4796 simul
966 4744 1235 4809 misceret,
1261 4748 1679 4815 generationem,
1713 4767 1798 4805 re-

197 4834 622 4896 mectioncm,
645 4832 926 4902 judicium.
970 4834 1066 4888 llic
1108 4836 1342 4890 animum
1373 4838 1564 4894 adhibe
1597 4859 1608 4894 :
1641 4855 1798 4911 opor-

199 4924 294 4974 tuit
314 4930 628 4975 uenturam
658 4923 855 4988 facere,
885 4923 980 4979 sed
1011 4940 1117 4979 non
1151 4942 1363 4980 omnem
1403 4929 1586 4993 simul;
1629 4930 1799 4986 homi-

201 5030 320 5065 nem
339 5021 400 5066 et
423 5014 728 5077 mulierem,
758 5014 852 5068 sed
883 5031 986 5068 non
1011 5031 1113 5069 una
1134 5017 1337 5073 ambos.
1359 5017 1607 5088 Oportuit
1629 5032 1799 5077 morte

199 5106 452 5159 damnari
493 5105 785 5160 humanum
826 5122 1012 5178 genus,
1047 5117 1100 5163 et
1151 5111 1596 5166 resurrectionem
1641 5113 1795 5176 fieri;

199 5198 296 5250 sed
328 5198 558 5250 multum
590 5199 728 5252 inter
770 5209 1054 5266 utrumque
1099 5199 1434 5254 intervallum
1465 5210 1598 5256 erat.
1625 5201 1797 5271 Opor-

198 5297 302 5340 tuit
329 5287 454 5339 dari
484 5290 678 5360 legem,
712 5287 805 5342 sed
838 5304 942 5341 non
975 5290 1128 5343 simul
1165 5291 1390 5359 gratiam
1426 5309 1441 5347 :
1477 5308 1658 5346 verum
1687 5293 1800 5347 sin-

194 5383 322 5442 gula
357 5381 475 5433 suis
505 5380 838 5449 temporibus
863 5380 1238 5450 dispensanda.
1281 5382 1394 5437 Non
1433 5383 1649 5439 suberat
1674 5400 1801 5456 ergo

193 5475 461 5526 Christus
505 5484 804 5541 temporum
850 5475 1177 5542 necessitati,
1226 5485 1284 5529 ut
1333 5477 1419 5545 qui
1474 5477 1800 5548 temporibus

263 5604 280 5631 ³
323 5599 477 5649 savii.
502 5600 644 5664 legit,
673 5610 885 5663 restras;
909 5605 1070 5654 minus
1087 5612 1246 5656 recte.

259 5666 288 5732 ι.
327 5671 448 5732 mg
471 5673 617 5732 verba
646 5668 1119 5732 interparentlieses
1146 5667 1355 5732 inclusa,
1375 5671 1444 5732 sic
1465 5670 1614 5732 habet
1637 5672 1800 5732 Savil.,

199 5723 290 5770 sed
312 5723 448 5784 quid
471 5731 538 5774 est
560 5727 684 5782 quoi
712 5723 1025 5778 sul'ittdtt'ttt'il
1045 5728 1066 5778 ξ’
1089 5729 1174 5778 hoc
1199 5728 1293 5780 uult
1316 5723 1606 5796 signiﬁcare.

1935 1357 2088 1398 suum
2115 1346 2355 1402 ordinem
2385 1352 2780 1421 assignavisset,
2825 1373 3008 1412 eorum
3053 1375 3244 1431 nempe
3281 1373 3512 1420 creator.

1927 1435 2030 1490 Sed
2057 1437 2288 1494 Joannes
2314 1441 2399 1496 hie
2429 1443 2696 1500 Christum
2723 1447 2985 1504 dicentem
3013 1451 3232 1520 inducit,
3264 1454 3512 1510 Nondum

1927 1531 2058 1582 venit
2083 1531 2209 1585 liora
2227 1551 2356 1596 mea,
2379 1537 2669 1592 ostendens
2690 1540 2859 1609 ipsum
2889 1543 3121 1598 nondum
3141 1555 3322 1600 notum
3348 1547 3511 1604 fuisse

1928 1623 2128 1685 multis,
2162 1639 2335 1694 neque
2367 1635 2530 1682 totum
2558 1630 2938 1701 discipulorum
2965 1635 3185 1691 chorum
3217 1639 3506 1703 habuisse:

1923 1713 2017 1766 Sed
2046 1716 2285 1771 Andreas
2313 1733 2432 1772 eum
2456 1722 2776 1790 sequebatur
2789 1741 2908 1780 cum
2939 1727 3203 1800 Philippo,
3227 1733 3508 1804 nullusque

1921 1803 2062 1858 alius
2084 1805 2099 1836 ί
2126 1823 2140 1859 :
2165 1806 2271 1861 imo
2298 1824 2425 1864 vero
2445 1826 2620 1883 neque
2659 1814 2711 1868 hi
2743 1832 2930 1872 omnes
2957 1819 3127 1887 ipsum
3170 1823 3241 1875 uti
3269 1837 3364 1891 par
3391 1803 3508 1879 erat

1920 1896 2332 1965 cognoscebant,
2367 1917 2540 1971 neque
2564 1914 2734 1960 mater
2765 1907 2896 1975 ipsa,
2928 1925 3097 1978 neque
3129 1910 3338 1967 fratres.
3372 1913 3504 1968 Nam

1919 1994 2040 2054 post
2071 1988 2232 2042 multa
2255 1990 2394 2044 edita
2444 1995 2696 2050 miracula
2719 1997 2789 2052 tle
2820 1997 3071 2053 fratribus
3100 2001 3228 2055 dicit
3267 2018 3502 2074 evange-

1919 2074 2058 2139 lista,
2109 2077 2286 2149 Neque
2312 2085 2494 2150 fratres
2539 2086 2648 2156 ejus
2683 2088 2949 2142 credebant
2993 2091 3045 2144 in
3089 2108 3200 2145 eum
3241 2093 3416 2164 (Joan.
3447 2097 3502 2152 7.

1917 2182 1963 2218 ι’.
1997 2167 2076 2235 5),
2105 2167 2208 2223 Sed
2248 2187 2420 2241 neque
2451 2174 2521 2228 illi
2553 2176 2642 2245 qui
2673 2179 2870 2247 nuptiis
2908 2181 3150 2249 aderant,
3194 2183 3366 2252 ipsum
3398 2203 3497 2240 no-

1917 2266 2106 2312 verant
2136 2278 2149 2313 :
2178 2260 2410 2332 alioquin
2439 2265 2580 2318 enim
2613 2270 2982 2333 accessissent,
3016 2283 3068 2326 et
3099 2274 3148 2327 in
3180 2276 3500 2333 necessitate

1916 2361 2191 2418 rogassent
2225 2352 2393 2408 illum.
2440 2355 2562 2411 Ideo
2605 2358 2700 2424 ait,
2754 2359 2999 2415 Nondum
3040 2366 3170 2418 venit
3207 2367 3334 2420 liora
3365 2385 3495 2423 mea.

1912 2439 2158 2496 Nondum
2203 2455 2360 2500 notus
2388 2461 2503 2502 sum
2559 2454 2931 2520 praesentibus,
2969 2457 3063 2512 sed
3115 2475 3288 2530 neque
3325 2463 3499 2518 sciunt

1912 2530 1986 2586 illi
2029 2534 2209 2588 vinum
2255 2537 2502 2595 deiicere.
2546 2541 2691 2606 Sine,
2721 2544 2893 2601 donec
2923 2549 2974 2602 id
3022 2553 3271 2606 sentiant.
3308 2553 3493 2624 Neque

1911 2623 2056 2678 enim
2083 2624 2197 2680 hcce
2225 2643 2308 2682 me
2329 2644 2357 2682 a
2384 2639 2435 2684 te
2463 2633 2648 2688 audire
2686 2640 2939 2705 oportuit.
2989 2641 3154 2696 Mater
3179 2645 3377 2714 quippe
3409 2623 3492 2712 es,

1909 2724 1963 2768 et
1996 2717 2305 2775 miraculum
2335 2723 2515 2778 reddis
2555 2739 2885 2796 suspectum.
2926 2732 3221 2801 Oportebat
3263 2738 3382 2792 illos
3414 2740 3493 2794 in-

1908 2806 2147 2878 digenles
2177 2813 2431 2869 accedere
2476 2826 2530 2871 et
2577 2822 2813 2887 precari;
2849 2840 2952 2876 non
2993 2827 3132 2894 qnml
3160 2843 3219 2881 ea
3261 2844 3318 2884 re
3359 2845 3492 2900 opus

1908 2896 2154 2967 habeam,
2184 2904 2277 2958 sed
2305 2915 2360 2958 ut
2390 2907 2485 2974 ipsi
2508 2923 2626 2962 eum
2654 2927 2846 2982 magno
2883 2930 3148 2982 consensu
3180 2922 3489 2979 miraculum

1905 2999 2110 3058 gestum
2139 2994 2460 3062 acciperent.
2490 2997 2622 3052 Nam
2653 3001 2744 3069 qui
2767 3017 2827 3058 se
2867 3003 2920 3058 in
2949 3010 3268 3066 necessitate
3291 3017 3493 3068 consti-

1906 3091 2075 3137 tutum
2123 3088 2284 3152 novit,
2324 3103 2444 3142 eum
2490 3092 2650 3159 petita
2679 3095 2699 3124 ⁸
2725 3099 3088 3166 Consequitur,
3123 3118 3365 3172 mag-nam
3395 3106 3488 3161 ha-

1903 3174 1994 3229 bet
2021 3178 2278 3244 gratiam;
2307 3182 2393 3246 qni
2421 3197 2548 3236 vero
2569 3187 2939 3242 necessitatem
2973 3192 3205 3247 amulum
3236 3197 3485 3265 advertit,

1903 3282 2078 3336 neque
2101 3268 2344 3324 beneﬁcii
2366 3272 2507 3326 (lare
2532 3289 2746 3330 sensum
2769 3280 3007 3348 recipiet.
3035 3283 3099 3338 Et
3118 3300 3232 3351 cur,
3259 3290 3485 3359 inquies,

1903 3368 2182 3428 postquam
2214 3361 2438 3428 dixerat,
2467 3364 2709 3422 Nondum
2730 3372 2860 3424 venit
2888 3374 3013 3428 liora
3039 3393 3163 3442 mea,
3193 3389 3247 3434 et
3276 3397 3488 3440 recusa-

1902 3459 2070 3514 verat,
2101 3451 2150 3504 id
2182 3453 2320 3522 quod
2345 3465 2515 3510 mater
2534 3457 2741 3514 dixerat
2768 3462 2988 3518 effecit?
3023 3465 3087 3521 Ut
3118 3473 3486 3530 contradicen-

1903 3541 2062 3607 tibus,
2113 3551 2167 3597 et
2219 3549 2525 3614 putantibus
2578 3550 2749 3621 ipsum
2803 3554 2947 3610 horae
2993 3559 3290 3628 subjectum
3341 3551 3482 3632 esse,

1901 3632 2359 3694 demonstraretur
2387 3640 2557 3710 ipsum
2585 3660 2690 3698 non
2722 3662 2839 3702 esse
2863 3648 3006 3705 horae
3033 3663 3085 3707 et
3108 3659 3332 3726 tempori
3360 3661 3486 3716 sub-

1902 3726 2091 3782 ditum.
2126 3728 2256 3782 Nam
2285 3731 2328 3785 si
2357 3733 2601 3789 subditus
2647 3737 2792 3792 horre
2821 3740 3022 3806 fuisset,
3060 3749 3328 3813 quomodo
3356 3765 3486 3806 con-

1901 3828 2124 3886 gruente
2155 3821 2390 3875 nondum
2418 3824 2734 3882 adveniente
2755 3828 2882 3883 hora
2915 3833 2963 3885 id
2992 3851 3125 3902 «quis
3155 3841 3488 3909 peregisset?

1902 3909 1979 3960 Ad
2015 3910 2126 3963 haec
2153 3911 2202 3963 in
2235 3914 2417 3968 matris
2442 3913 2698 3971 honorem
2747 3920 2796 3973 id
2845 3921 2988 3986 fecit,
3023 3941 3088 3977 ne
3127 3930 3345 3984 onmino
3382 3932 3480 3998 ipsi

1902 4015 2200 4070 repugnare
2245 4003 2537 4068 videretur,
2579 4023 2645 4060 ne
2689 4024 2753 4063 ex
2805 4012 3165 4072 imbecillitate
3210 4019 3258 4072 id
3307 4020 3483 4078 facere

1901 4090 2193 4158 videretur,
2247 4109 2314 4150 ne
2366 4105 2509 4150 tanto
2543 4098 2785 4156 adstante
2819 4114 2958 4158 C(Bltt
3007 4119 3228 4164 matrem
3282 4115 3484 4180 pudore

1901 4181 2141 4238 afficeret
2181 4201 2196 4236 :
2243 4201 2362 4239 nam
2414 4187 2688 4243 ministros
2731 4191 2827 4260 ipsi
2873 4196 3157 4252 obtulerat.
3208 4203 3478 4272 Siquidem

1904 4282 2181 4342 postquam
2212 4276 2524 4332 Chananzeze
2553 4279 2780 4346 dixerat,
2813 4282 2932 4338 Non
2962 4298 3031 4340 est
3071 4289 3253 4344 bonum
3291 4311 3486 4354 sumere

1903 4382 2082 4434 panem
2112 4367 2352 4434 ﬁliorum,
2382 4379 2428 4422 et
2458 4370 2581 4424 dare
2610 4372 2815 4427 canibus
2844 4374 3052 4443 (Matt/1.
3085 4381 3166 4434 15.
3192 4381 3308 4454 26),
3337 4385 3483 4442 dedit

1904 4464 2076 4510 tamen
2109 4466 2313 4526 postea,
2347 4460 2462 4525 eius
2491 4461 2799 4518 assiduitate
2824 4477 3112 4533 permotus.
3143 4471 3300 4541 Atqui
3323 4475 3480 4533 etiam

1901 4547 2129 4614 dixerat,
2175 4548 2295 4603 Non
2335 4568 2447 4604 sum
2489 4555 2672 4608 missus
2702 4557 2798 4610 nisi
2830 4560 2897 4611 ad
2932 4575 3043 4614 oves
3078 4579 3190 4630 qua:
3228 4567 3484 4634 perierunt

1902 4641 2081 4695 domus
2112 4640 2271 4695 Israel
2294 4643 2454 4713 (Ibid.
2492 4661 2538 4698 υ.
2580 4646 2702 4717 2-1);
2736 4659 3013 4720 postquam
3040 4659 3214 4707 tamen
3257 4655 3371 4712 haec
3397 4658 3483 4714 di-

1904 4742 2072 4797 xerat,
2105 4733 2264 4788 filiam
2293 4735 2408 4802 ejus
2441 4736 2700 4792 liberavit.

1976 4823 2027 4874 2.
2058 4823 2150 4876 llis
2187 4824 2465 4892 discimus,
2501 4843 2599 4882 nos
2627 4830 2726 4883 etsi
2767 4831 3032 4901 indignus,
3063 4835 3373 4893 assiduitate
3406 4850 3479 4896 tae

1906 4929 2025 4968 men
2059 4930 2155 4968 nos
2181 4932 2323 4985 szepe
2343 4917 2532 4988 dignos
2555 4919 2777 4974 reddere
2798 4923 2884 4990 qui
2909 4924 3252 4994 accipiamus.
3283 4929 3485 4988 Idcirco

1907 5018 2077 5062 mater
2105 5019 2151 5062 et
2184 5011 2532 5078 exspectavit.
2561 5021 2613 5065 et
2641 5015 2909 5080 sapienter
2929 5017 3200 5072 ministros
3225 5020 3481 5086 admovit,

1907 5107 1960 5150 ut
1987 5116 2014 5151 a
2063 5100 2300 5168 pluribus
2345 5112 2638 5170 rogaretur.
2676 5102 2796 5157 ideo
2825 5104 3028 5161 addidit
3057 5126 3070 5162 :
3103 5111 3156 5164 5.
3190 5111 3481 5176 Quodcum-

1905 5207 1999 5259 que
2027 5191 2209 5244 dixerit
2243 5192 2380 5244 vobis
2423 5193 2591 5262 facile.
2638 5193 2870 5249 Noverat
2899 5198 3040 5251 enim
3073 5199 3244 5266 ipsum
3275 5216 3378 5254 non
3418 5219 3483 5256 ev

1909 5282 2272 5336 imbecillitate
2303 5285 2562 5346 renuisse,
2594 5285 2689 5339 sed
2718 5288 2856 5355 quod
2887 5287 3077 5343 fastum
3109 5291 3332 5360 fugeret,
3364 5294 3484 5348 nol-

1909 5375 2081 5445 letque
2104 5391 2162 5430 se
2190 5375 2255 5429 ad
2279 5375 2589 5430 miraculum
2623 5379 2936 5446 patrandum
2963 5383 3140 5436 statim
3184 5384 3440 5452 projicere
3469 5403 3485 5450 ;

1908 5463 2134 5535 ideoque
2162 5466 2434 5519 ministros
2469 5465 2706 5522 adduxit.
2737 5469 2790 5525 6.
2843 5469 2999 5524 Erant
3036 5483 3201 5526 autem
3253 5474 3320 5526 ibi
3359 5475 3486 5542 lapi-

1908 5556 2016 5610 dem
2061 5554 2255 5625 hydria:
2287 5572 2375 5609 sex
2414 5557 2590 5627 posita:
2629 5560 2903 5614 secundum
2943 5562 3342 5630 puriﬁcationem
3384 5562 3483 5618 Ju-

1975 5673 1988 5703 ι
2031 5669 2080 5718 ln
2108 5668 2281 5737 novel.
2299 5669 2496 5737 legitur,
2519 5677 2564 5718 et
2586 5684 2677 5720 non
2702 5672 2842 5729 alius.
2869 5686 2926 5724 ne
2947 5687 3064 5724 unus
3087 5673 3303 5737 quidem.

1974 5741 1990 5766 ²
2026 5731 2164 5780 Smil.
2187 5729 2595 5794 legit,nrixilt'um,
2627 5747 2731 5796 pro,
2755 5736 2916 5800 petita.
