4012 6194
496 315 597 375 I35

497 437 740 493 tinearum,
762 426 1012 497 capientes
1036 422 1248 492 singulm
1275 431 1503 475 metretas
1528 421 1674 474 binas
1699 420 1774 474 rei
1797 425 1983 469 ternas.
2010 412 2065 466 7.

502 520 641 573 Dixit
665 519 737 573 eis
761 516 913 572 Iesus
936 532 956 571 :
982 515 1195 581 Intplete
1233 514 1438 584 hydrina
1465 527 1615 581 aqua.
1653 508 1717 562 Et
1743 505 2070 577 impleverunt

500 627 586 664 eas
610 624 765 679 usque
798 609 868 662 ad
894 621 1164 663 sumntum.
1202 604 1315 659 Non
1354 603 1469 657 sine
1502 615 1660 656 causa
1691 599 1844 663 dixit,
1873 596 2068 650 Secun-

500 701 625 753 dum
664 697 1064 769 puriﬁcationem
1092 694 1427 756 Judwornm;
1453 690 1549 745 sed
1577 704 1646 743 ne
1673 687 1793 757 quis
1835 683 2072 738 fortassis

501 790 795 845 infidelium
842 786 1097 856 suspicari
1146 793 1323 855 posset
1369 781 1503 836 faece
1548 780 1691 834 intus
1741 781 2070 839 remanente,

507 883 676 937 infusa
713 880 905 936 deinde
941 888 997 934 et
1026 877 1257 932 admixta
1304 888 1436 945 aqua
1484 872 1665 926 vinum
1706 867 2072 924 tenuissimam]

504 975 772 1036 evasisse;
813 972 932 1027 ideo
971 970 1065 1034 ait,
1112 967 1399 1024 Secundum
1446 963 1847 1035 puriﬁcationem
1869 957 2076 1011 Iudico-

498 1079 653 1128 rum,
692 1062 983 1118 ostendens
1027 1061 1085 1114 in
1128 1059 1267 1113 vasis
1323 1057 1426 1110 illis
1469 1067 1754 1122 numquam
1807 1056 2073 1104 servatum

507 1155 670 1210 fuisse
701 1154 902 1208 vinum.
929 1149 1061 1205 Nam
1104 1163 1222 1203 eum
1263 1144 1542 1201 Palaestina
1570 1156 1722 1211 aquze
1746 1137 1963 1210 penuria
2002 1137 2079 1191 la-

508 1243 681 1308 boret,
708 1243 918 1310 rarique
945 1240 1052 1294 sint
1072 1238 1143 1291 ibi
1172 1239 1344 1292 fontes
1362 1242 1416 1288 et
1434 1246 1686 1303 aquarum
1710 1228 2075 1297 scaturigines,

506 1347 721 1403 semper
750 1330 965 1401 hydrius
1005 1343 1140 1397 aqua
1183 1325 1491 1395 implebant,
1530 1337 1598 1377 ne
1637 1322 1683 1375 si
1720 1318 1933 1390 quando
1975 1317 2078 1371 im-

509 1420 691 1481 mundi
722 1422 927 1488 fierent,
950 1419 1016 1474 ad
1043 1418 1257 1472 flumina
1286 1429 1505 1470 currere
1526 1420 1865 1483 cogerentur,
1892 1408 1988 1464 sed
2013 1406 2080 1462 ad

510 1530 728 1571 manum
755 1527 874 1568 sese
906 1509 1163 1581 purgandi
1204 1507 1420 1563 modum
1460 1505 1735 1559 haberent.
1770 1500 1878 1557 Cur
1898 1509 2079 1554 autem

511 1609 721 1678 signum
751 1618 854 1658 non
880 1600 1048 1656 edidit
1082 1606 1363 1667 antequam
1400 1595 1506 1650 illa:
1546 1593 1910 1663 implerentur,
1938 1588 2081 1659 quod

512 1697 671 1767 longe
697 1691 990 1749 mirabilius
1035 1687 1260 1744 fuisset?
1287 1685 1441 1741 Aliud
1487 1686 1631 1740 enim
1670 1691 1756 1738 est
1790 1680 2080 1749 subjectum

509 1784 788 1840 materiam
832 1782 883 1835 in
931 1779 1089 1834 aliam
1129 1777 1437 1849 qualitatem
1474 1781 1710 1840 mutare,
1733 1770 1873 1827 aliud
1915 1769 2081 1839 ipsam

512 1873 858 1929 substantiam
880 1880 1034 1926 antea
1063 1883 1167 1924 non
1198 1867 1541 1922 exsistentem
1562 1877 1785 1926 creare;
1814 1861 1915 1916 hoc
1941 1860 2082 1915 enim

516 1965 673 2034 longe
696 1961 988 2017 mirabilius
1012 1967 1116 2014 est.
1142 1956 1247 2013 Sed
1269 1971 1356 2011 res
1383 1970 1488 2009 non
1510 1954 1583 2009 ita
1609 1951 1881 2007 credibilis
1900 1949 2085 2005 multis

513 2071 536 2105 ι
551 2056 623 2108 isa
637 2053 848 2108 fuisset.
872 2050 1101 2120 Ideoque
1120 2047 1493 2103 miraculorum
1512 2041 1926 2114 magnitudinem
1944 2055 2086 2109 sape

515 2148 743 2202 libenter
766 2145 973 2207 minuit,
1003 2151 1059 2197 nt
1086 2141 1290 2196 facilius
1320 2139 1407 2194 illa
1435 2136 1738 2193 credantur.
1769 2133 1837 2188 Et
1859 2147 1975 2200 cur,
2000 2132 2088 2186 in-

516 2239 686 2305 quies,
721 2250 832 2289 non
884 2233 997 2304 ipse
1034 2245 1223 2302 aquam
1270 2228 1538 2298 produxit,
1571 2234 1630 2280 ut
1665 2234 1790 2280 tunc
1816 2224 1867 2278 in
1907 2223 2087 2276 vinum

515 2333 871 2386 converteret,
916 2322 1009 2378 sed
1041 2322 1097 2376 id
1144 2320 1420 2374 ministros
1466 2318 1640 2371 facere
1669 2315 1862 2384 jussit?
1890 2313 2087 2368 Eadem

513 2432 725 2473 'tnrsum
747 2417 1019 2479 deeaum,
1050 2422 1104 2469 et
1132 2420 1191 2467 ut
1224 2411 1390 2482 ipsos,
1430 2410 1518 2479 qui
1563 2407 1866 2469 hauserant,
1897 2405 1975 2460 rei
2007 2413 2088 2459 te-

516 2521 627 2565 stes
651 2507 890 2570 haberet,
923 2519 1022 2560 nec
1059 2503 1112 2558 id
1148 2500 1441 2573 prmstigias
1466 2513 1586 2553 esse
1624 2503 1918 2566 putaretur.
1958 2495 2088 2549 Nam

514 2603 560 2654 si
590 2600 679 2670 qui
705 2597 819 2653 ausi
838 2593 1095 2652 essentid
1122 2592 1454 2663 impudenter
1482 2603 1695 2658 negare.
1720 2594 1963 2656 poterant
1989 2585 2090 2639 mi-

514 2690 667 2744 nistri
684 2688 886 2752 dicere,
914 2684 1021 2740 Nos
1038 2697 1231 2754 aquam
1268 2679 1562 2735 hausimus.
1596 2675 1676 2731 Ad
1700 2675 1817 2730 haec
1844 2687 1971 2728 vero
1990 2671 2090 2727 (lo-

517 2790 692 2854 gmata
730 2788 913 2836 contra
961 2777 1251 2833 Ecclesiam
1277 2773 1495 2830 subortu
1529 2770 1737 2827 evertit.
1774 2770 1908 2838 Quia
1949 2768 2090 2823 enim

517 2874 730 2939 quidam
767 2874 929 2928 alium
968 2886 1094 2927 esse
1128 2868 1311 2925 mtmdi
1337 2876 1631 2923 creatorem
1660 2865 1872 2929 dicunt,
1900 2876 2092 2931 opera-

516 2980 624 3035 que
651 2963 874 3019 visitilia
904 2978 1013 3017 non
1042 2961 1160 3031 ejus
1176 2974 1316 3025 esse,
1347 2957 1440 3013 sed
1469 2954 1687 3011 alterius
1714 2953 1801 3008 dei
1832 2952 1930 3022 ipsi
1961 2965 2092 3005 con-

520 3056 782 3119 trarii;att
806 3068 995 3108 eorum
1018 3051 1279 3107 insaniam
1316 3047 1588 3119 reprimat,
1621 3046 1691 3099 ita
1730 3042 1893 3098 multa
1930 3041 2094 3096 mira-

514 3147 638 3202 cula
673 3146 790 3201 edit
832 3159 901 3200 ea
934 3142 1197 3214 subjectis
1232 3139 1566 3196 substantiis.
1616 3135 1753 3192 aliam
1801 3135 1847 3189 si
1886 3140 2096 3189 creator

518 3236 620 3306 ipsi
645 3234 943 3291 contrarius
970 3240 1134 3299 esset,
1161 3246 1269 3287 non
1305 3228 1491 3284 alienis
1526 3234 1767 3282 uteretur
1789 3223 1863 3279 ad
1898 3231 2093 3293 poten—

522 3327 648 3380 tiam
682 3339 833 3379 suam
867 3320 1355 3379 demonstrandam.
1400 3317 1550 3372 Nune
1592 3317 1750 3386 igitur
1785 3313 2093 3377 ostende-ns,

522 3432 585 3472 se
602 3415 849 3471 eumdem
876 3414 1048 3483 ipsum
1069 3425 1209 3477 esse,
1235 3410 1322 3480 qui
1349 3423 1540 3478 aquam
1561 3407 1614 3461 in
1637 3406 1805 3460 vineis
1830 3413 2018 3467 mutat,
2043 3411 2098 3457 et

518 3505 754 3576 pluviam
780 3518 873 3574 per
898 3502 1129 3557 radicem
1156 3500 1211 3554 in
1248 3498 1427 3553 vinum
1450 3495 1743 3561 convertit,
1776 3493 1828 3549 id
1865 3493 2005 3563 quod
2044 3494 2095 3547 in

526 3594 642 3664 ipsa
667 3592 846 3662 planta
887 3589 1110 3659 longiori
1132 3597 1376 3659 tempore
1402 3586 1546 3651 facit,
1576 3584 1629 3640 id
1657 3592 1875 3654 repente
1914 3584 1966 3638 in
1986 3600 2095 3639 :nn-

528 3683 652 3753 ptiis
678 3688 927 3752 operatus
966 3688 1068 3735 est.
1100 3679 1384 3748 Postquam
1429 3685 1604 3731 autem
1655 3675 1963 3745 implessent
2000 3673 2099 3743 hy-

528 3774 692 3840 drias,
720 3772 795 3826 ait
824 3787 838 3822 :
869 3771 922 3826 8.
963 3769 1177 3824 Haurite
1203 3784 1367 3833 'nanc,
1397 3777 1443 3821 et
1484 3768 1609 3835 ferte
1632 3764 1992 3820 arcltitriclino.
2029 3761 2098 3816 Et

531 3862 770 3916 tulerunt.
814 3861 867 3916 9.
925 3859 993 3915 Ut
1030 3868 1197 3914 autem
1247 3858 1462 3929 gustavit
1496 3853 1872 3911 arebitriclinus
1915 3869 2100 3924 aquam

529 3953 696 4007 uinum
726 3956 930 4022 factam,
958 3958 1005 4003 et
1041 3947 1284 4004 nesciebat
1322 3947 1454 4001 unde
1483 3955 1646 4013 esset;
1677 3945 1896 3999 ministri
1932 3952 2100 3998 autem

528 4042 768 4106 sciebant,
802 4039 891 4110 qui
925 4039 1193 4092 hauserant
1226 4053 1408 4107 aquam
1438 4052 1458 4091 .'
1477 4046 1619 4090 uocat
1654 4051 1895 4105 sponsum
1928 4034 2098 4089 archi-

532 4133 780 4198 trielinus,
813 4132 897 4187 10.
920 4140 968 4186 et
992 4130 1113 4185 dicit
1136 4130 1183 4184 ei
1211 4145 1231 4184 :
1259 4128 1434 4183 Omnis
1481 4128 1628 4181 hoino
1664 4126 1884 4197 primum
1916 4126 2101 4179 bonum

531 4222 703 4274 riuum
729 4219 887 4289 ponit,
919 4228 966 4273 et
999 4234 1113 4272 cum
1146 4217 1376 4272 inebriati
1401 4216 1607 4289 fuerint,
1641 4226 1758 4269 tunc
1779 4215 1834 4268 id
1851 4215 1985 4286 quod
2010 4214 2101 4268 de-

530 4310 687 4364 terius
718 4319 810 4363 est.
847 4306 926 4363 Tu
956 4309 1162 4363 servasti
1189 4307 1373 4362 bonum
1411 4308 1577 4362 uinum
1606 4322 1759 4377 usque
1785 4305 1972 4378 adhuc.
2004 4304 2103 4360 llic

534 4416 742 4456 rursum
768 4401 981 4471 quidam
1006 4400 1318 4455 cavillantur
1334 4399 1602 4463 dicentes,
1630 4398 1960 4453 ebriosorum
1993 4411 2102 4452 etn-

535 4502 647 4547 tnm
670 4493 849 4558 fuisse,
882 4492 1122 4548 hebetem
1143 4491 1466 4562 gnstantium
1492 4491 1835 4561 sensum,'qni
1859 4505 1968 4545 rem
1996 4504 2101 4545 non

533 4593 753 4656 possent
786 4599 996 4654 capere,
1038 4598 1137 4638 nec
1181 4582 1436 4652 judicium
1465 4582 1626 4647 frrrc,
1660 4582 1731 4637 ita
1758 4590 1814 4636 ut
1839 4582 2105 4637 nescirent

533 4693 602 4731 an
629 4676 808 4729 \‘innm
846 4690 913 4728 an
942 4688 1078 4742 aqua
1118 4672 1169 4727 id
1198 4681 1341 4728 esset
1367 4690 1382 4728 :
1413 4688 1533 4727 nam
1572 4672 1712 4744 quod
1742 4672 1874 4728 ebrii
1903 4682 2101 4738 essent,

536 4767 649 4836 ipse
680 4763 1080 4821 architrielinns
1106 4762 1423 4818 vdeclnravit.
1450 4762 1756 4818 Ridiculum
1785 4762 1941 4831 plane
1977 4761 2104 4816 illud

535 4866 618 4909 est
651 4873 666 4910 :
697 4869 880 4909 verum
918 4853 1061 4909 hanc
1095 4853 1310 4908 illorum
1354 4852 1706 4923 suspicionem
1748 4851 1856 4919 jam
1895 4851 2107 4906 sustulit

537 4943 876 5014 evangelista.
910 4942 1025 4998 Non
1057 4943 1196 4998 enim
1222 4943 1472 4998 convivas
1498 4942 1574 4996 ait
1597 4941 1663 4996 de
1687 4957 1746 4996 re
1776 4941 1863 4995 illa
1892 4950 2107 4996 senten-

538 5037 663 5088 tiam
712 5032 913 5098 tulisse,
957 5033 1051 5089 sed
1090 5032 1527 5096 architrielinum,
1567 5032 1657 5101 qui
1694 5030 1898 5085 sobrius
1934 5029 2108 5084 adhuc

538 5129 666 5184 nihil
694 5137 1013 5200 gustaverat.
1052 5125 1209 5183 Scitis
1235 5128 1430 5199 quippe
1454 5141 1658 5188 omnes,
1697 5124 1889 5195 quibus
1924 5124 2107 5178 convi-

537 5223 743 5275 viorum
784 5235 910 5274 cura
944 5219 1290 5275 committitur
1317 5232 1435 5273 esse
1476 5217 1711 5271 omnium
1748 5216 1977 5270 maxime
2013 5232 2106 5272 so-

539 5309 702 5374 hrios,
732 5324 887 5363 unam
919 5308 1056 5363 hanc
1081 5322 1260 5363 curam
1291 5305 1566 5366 habentes,
1603 5314 1661 5358 ut
1691 5320 1811 5359 cnnt
1846 5314 1994 5359 recto
2021 5321 2109 5359 or-

536 5396 855 5452 dincomnia
874 5398 1237 5466 disponantur.
1256 5394 1485 5464 Ideoque
1503 5408 1717 5448 sensum
1734 5394 1876 5448 illum
1894 5395 2105 5464 Vigilt'lll

537 5498 594 5543 et
621 5486 857 5543 sobrium
900 5487 969 5542 ad
996 5485 1073 5540 rei
1103 5492 1264 5554 gestae
1290 5483 1648 5538 testimonium
1691 5484 1951 5540 evocavit.
1992 5485 2104 5540 Non

538 5579 680 5632 enim
715 5578 870 5639 dixit,
905 5575 1165 5633 lnfnnditc
1192 5573 1434 5628 convivis
1460 5574 1657 5642 vintnn,
1686 5576 1800 5641 scd,
1831 5575 1983 5631 Ferte
2019 5594 2106 5630 ar-

525 5668 840 5725 Δι’ίιὲιτὲιῐιὶηο.
865 5668 932 5727 Ut
946 5677 1111 5723 autent
1126 5663 1336 5741 gustavit
1355 5664 1724 5722 arclu'lriclitms
1739 5686 1917 5740 aquam
1941 5669 2106 5723 vinum

1259 304 1316 361 S.
1355 298 1632 361 ιυΑΝΝιε
1654 294 2121 356 (ἰΙΙῐΠδΟὸἸὈΜΙ
2158 296 2476 354 ARCIIIEP.
2512 298 3042 357 CONS'I'ANTINOP.

3650 309 3750 366 156

2177 417 2382 483 factam,
2413 425 2459 470 et
2477 416 2719 471 nesciebat
2743 418 2874 473 unde
2893 427 3021 473 esset
3038 420 3283 483 ,'ntim'stri
3303 430 3474 474 autem
3491 423 3585 475 scit
3597 422 3714 476 bent
3731 440 3751 480 :

2173 516 2318 562 vocat
2344 525 2585 574 sponsum
2609 509 2994 565 arehitriclinus.
3022 511 3133 566 Cur
3170 526 3274 567 non
3312 512 3590 568 ministros
3620 514 3749 570 allo-

2174 599 2503 669 quiturtsie
2533 600 2679 655 enim
2720 600 3030 657 miraculum
3080 602 3372 658 revelatum
3408 612 3576 659 esset.
3618 604 3750 670 Quia

2172 705 2244 744 ne
2270 690 2389 759 ipse
2418 689 2633 760 quidem
2659 691 2813 746 Jesus
2854 690 2994 761 quod
3031 693 3225 746 factum
3268 691 3440 748 fuerat
3475 693 3749 760 revelavit,

2174 781 2269 836 sed
2296 781 2497 835 sensim
2536 781 2893 851 paulatimque
2917 783 3124 838 volebat
3153 782 3260 837 vim
3295 782 3670 839 miraculorum
3700 784 3749 839 in

2170 871 2420 923 notitiam
2442 871 2643 926 venire.
2669 871 2725 927 Si
2751 887 2878 927 vero
2900 882 3024 927 tunc
3042 873 3370 928 declaratum
3396 873 3603 941 fuisset,
3642 893 3752 931 non

2178 960 2314 1015 fides
2342 960 2585 1015 habenda
2628 970 2745 1016 erat
2771 961 3027 1016 ministris
3068 963 3437 1029 narrantibus;
3482 966 3579 1020 sed
3616 967 3754 1020 insa-

2178 1052 2293 1107 nire
2314 1053 2481 1122 putati
2504 1053 2746 1119 fuissent,
2766 1068 2891 1110 cum
2915 1053 3138 1119 homini,
3170 1055 3262 1126 qui
3288 1057 3538 1126 opinione
3557 1060 3751 1113 multo-

2179 1158 2296 1197 rum
2336 1157 2369 1198 e
2418 1143 2581 1212 vulgo
2620 1152 2756 1209 erat,
2802 1143 2925 1198 talia
2972 1143 3355 1199 adscriberent.
3392 1145 3494 1215 Ipsi
3539 1147 3755 1217 quidem

2179 1234 2507 1303 experientia
2534 1249 2645 1289 rem
2670 1235 2814 1290 clare
2842 1244 3136 1296 noverant;
3165 1250 3335 1306 neque
3363 1245 3612 1307 poterant
3648 1241 3757 1294 suis

2180 1324 2423 1377 manibus
2454 1322 2613 1377 fidem
2656 1338 2893 1394 negare;
2922 1340 3027 1379 non
3078 1332 3251 1380 tamen
3300 1325 3473 1382 idonei
3505 1337 3661 1383 erant
3701 1338 3757 1383 ut

2178 1413 2301 1468 aliis
2322 1413 2479 1469 fidem
2512 1413 2765 1470 facerent.
2796 1413 2918 1470 Ideo
2945 1430 3051 1469 non
3080 1415 3326 1471 omnibus
3347 1416 3631 1480 revelavit;
3662 1419 3757 1473 sed

2176 1507 2344 1578 ciqni
2380 1508 2612 1562 maxime
2658 1515 2838 1578 posset
2880 1506 2932 1562 id
2980 1508 3302 1578 perspicere,
3349 1509 3634 1567 clariorem
3679 1514 3756 1567 rei

2184 1595 2423 1651 notitiam
2452 1595 2506 1650 in
2535 1604 2804 1666 posterum
2834 1610 3134 1652 reservans.
3161 1596 3292 1652 Nam
3339 1609 3457 1668 post
3484 1599 3587 1654 alia
3626 1615 3756 1655 con-

2182 1688 2363 1757 spieua
2410 1687 2591 1757 signa,
2659 1687 2762 1743 hoc
2812 1688 2973 1743 etiam
3019 1687 3274 1743 credibile
3329 1687 3566 1745 fututum
3624 1701 3758 1746 erat.

2182 1775 2406 1843 Quando
2427 1778 2569 1832 enim
2598 1777 2760 1832 filium
2793 1778 2954 1847 reguli
2985 1787 3165 1848 postea
3195 1779 3417 1842 curavit,
3439 1794 3540 1850 per
3558 1796 3623 1835 ea
3644 1798 3758 1851 qtae

2187 1877 2313 1924 tunc
2335 1869 2465 1925 dicit
2491 1870 2813 1940 evangelista
2862 1871 3061 1927 indicat
3089 1871 3189 1926 hoc
3225 1874 3383 1927 etiam
3421 1874 3758 1935 manifestius

2180 1958 2369 2015 fuisse.
2418 1960 2543 2015 Ideo
2587 1960 2729 2016 enim
2772 1962 3003 2017 maxime
3048 1962 3263 2031 regulus
3312 1963 3484 2031 ipsum
3530 1977 3757 2033 vocavn,

2176 2050 2307 2119 quia
2337 2050 2472 2122 signi
2502 2050 2653 2105 istius
2670 2065 2868 2121 gnarus
2893 2059 3028 2118 erat,
3059 2059 3118 2106 ut
3142 2052 3276 2106 dixi.
3308 2052 3457 2120 Quod
3483 2052 3761 2111 declarans

2186 2140 2419 2196 Joannes
2449 2141 2700 2199 dicebat:
2739 2140 2885 2196 Venit
2924 2141 3075 2197 Iesus
3115 2143 3168 2197 in
3209 2143 3348 2198 Cana
3393 2143 3642 2212 fictilem,
3681 2146 3761 2201 ubi

2190 2233 2307 2304 fecit
2335 2219 2763 2303 aquamainum:
2789 2247 2964 2304 neque
3004 2233 3163 2291 modo
3208 2235 3410 2301 vinum,
3445 2235 3540 2292 sed
3585 2237 3763 2293 vinum

2190 2322 2469 2392 optimum.

2260 2410 2312 2468 3.
2337 2411 2485 2467 Talia
2512 2422 2635 2467 sunt
2675 2411 2871 2468 Christi
2917 2411 3189 2480 miracula,
3221 2427 3340 2483 qua:
3365 2426 3452 2468 res
3492 2416 3764 2472 naturales

2190 2502 2494 2571 prmstantia
2544 2502 2697 2572 longe
2739 2510 3010 2571 superent.
3043 2502 3133 2558 Sic
3175 2510 3229 2558 et
3270 2503 3322 2556 in
3354 2502 3487 2558 aliis
3530 2520 3762 2573 quoque.

2191 2590 2401 2659 quando
2431 2590 2724 2646 membrum
2754 2590 3033 2647 distortum
3064 2591 3311 2656 restituit,
3343 2593 3643 2649 sanioribus
3672 2609 3765 2649 va-

2193 2679 2356 2734 lidius
2380 2680 2576 2736 ell‘ecit.
2623 2679 2774 2748 Quod
2820 2696 2946 2752 ergo
2991 2680 3190 2748 vinum,
3218 2690 3271 2736 ct
3299 2682 3477 2737 vinum
3506 2683 3767 2752 optimum

2193 2769 2321 2826 illud
2347 2781 2509 2834 esset,
2543 2785 2648 2825 non
2677 2770 2835 2825 modo
2860 2770 3107 2836 ministri,
3139 2770 3231 2827 sed
3274 2779 3330 2827 et
3370 2772 3766 2827 architrielinus

2194 2871 2249 2917 et
2272 2876 2502 2932 sponsus
2532 2861 2860 2917 testificatnri
2886 2870 3075 2928 erant;
3103 2862 3245 2932 quod
3286 2871 3464 2918 autem
3493 2877 3524 2917 a
3552 2862 3767 2918 Christo

2196 2951 2392 3007 factum
2423 2960 2588 3019 esset,
2616 2952 2705 3023 qui
2735 2966 2928 3022 aquam
2972 2951 3279 3008 hauserant.
3312 2951 3388 3008 Ita
3415 2963 3476 3008 ut
3515 2953 3619 3009 etsi
3649 2964 3770 3011 tunc

2195 3044 2507 3099 miraculum
2526 3059 2631 3099 non
2653 3043 2944 3098 revelatum
2970 3043 3176 3110 fuisset,
3201 3059 3308 3099 non
3326 3043 3400 3100 ad
3422 3044 3585 3100 finem
3608 3059 3770 3115 usque

2195 3133 2341 3191 sileri
2372 3144 2553 3203 posset
2579 3150 2593 3188 :
2625 3134 2702 3189 sic
2730 3133 2895 3189 multa
2923 3136 3328 3204 necessarioque
3368 3137 3767 3205 prmmitteban-

2197 3232 2285 3278 tur
2310 3224 2361 3277 in
2384 3224 2615 3278 futurum
2645 3232 2852 3294 tempus
2881 3224 3202 3280 testimonia.
3231 3225 3381 3293 Quod
3406 3227 3549 3282 enim
3580 3242 3771 3297 aquam

2196 3315 2375 3369 vinum
2401 3314 2631 3381 fecisset,
2660 3315 2929 3371 ministros
2956 3323 3117 3371 testes
3139 3316 3320 3372 habuit
3351 3336 3364 3372 :
3396 3318 3538 3388 quod
3579 3320 3770 3373 bonum

2195 3407 2375 3459 vinum
2416 3416 2577 3471 esset,
2618 3406 3033 3461 architrielinum
3073 3417 3126 3462 et
3155 3424 3427 3479 sponsum.
3475 3410 3774 3467 Verisimile

2197 3506 2373 3553 antem
2400 3506 2480 3553 est
2508 3514 2760 3567 sponsum
2799 3498 2993 3569 aliquid
3023 3499 3090 3555 ad
3120 3499 3233 3555 hazc
3271 3501 3611 3571 respondisse
3639 3520 3653 3555 :
3684 3516 3773 3553 te-

2198 3602 2313 3641 rum
2340 3587 2658 3656 evangelista
2690 3586 2755 3642 ad
2798 3588 2963 3658 magis
2994 3589 3290 3644 necessaria
3326 3604 3641 3660 praperans,
3676 3591 3779 3645 hoc

2200 3683 2399 3730 tantum
2419 3676 2681 3732 recensita
2704 3676 2875 3747 signo,
2903 3686 3092 3732 emtera
3123 3679 3479 3747 praetermisit.
3520 3680 3779 3735 Necessa-

2196 3764 2333 3819 rium
2364 3765 2556 3834 quippe
2584 3774 2700 3820 erat
2731 3774 2789 3820 ut
2813 3767 3040 3821 sciretur
3066 3767 3236 3837 ipsum
3262 3784 3455 3839 aquam
3490 3770 3543 3824 in
3592 3769 3775 3825 vinum

2203 3855 2523 3919 mutavisse;
2564 3856 2687 3926 quid
2731 3872 2858 3912 vero
2886 3857 3245 3913 architrielino
3275 3874 3504 3928 sponsus
3551 3876 3782 3931 respon-

2201 3944 2357 4009 derit,
2390 3944 2591 4001 referre
2621 3945 2978 4001 necessarium
3007 3963 3112 4001 non
3143 3949 3369 4018 putavit.
3395 3948 3557 4004 Multa
3582 3951 3782 4021 quippe

2202 4036 2348 4107 signa
2377 4037 2602 4106 primum
2624 4038 2953 4105 obscuriora,
2977 4053 3259 4109 progressu
3281 4044 3537 4110 temporis
3551 4044 3781 4098 clariora

2205 4126 2339 4182 facta
2365 4137 2505 4192 sunt,
2539 4128 2602 4181 iis
2641 4141 2889 4184 accurate
2932 4130 3270 4185 narrantibus
3309 4128 3398 4200 qui
3439 4146 3470 4185 a
3518 4133 3785 4201 principio

2204 4216 2462 4273 viderant.
2515 4217 2664 4273 Tunc
2711 4219 2870 4289 igitur
2910 4219 3089 4274 vinum
3137 4235 3202 4274 ex
3238 4234 3375 4290 aqua
3418 4219 3545 4276 fecit
3590 4220 3784 4288 Jesus;

2207 4316 2332 4363 lllllc
2359 4316 2414 4365 et
2441 4323 2584 4363 nunc
2604 4309 2901 4363 voluntates
2920 4309 3104 4365 molles
3124 4317 3178 4365 et
3201 4309 3483 4366 dissolutas
3511 4313 3562 4365 in
3588 4313 3788 4368 melius

2206 4410 2412 4456 mutare
2437 4416 2542 4455 non
2570 4399 2780 4455 desinit.
2816 4399 2949 4455 Snnt
2975 4400 3139 4463 enim,
3167 4408 3311 4466 sunt,
3343 4401 3579 4472 inquam,
3610 4400 3788 4459 hontio

2209 4507 2327 4558 nos,
2373 4492 2463 4562 qui
2509 4491 2638 4545 nihil
2685 4491 2753 4544 ab
2789 4506 2925 4561 aqua
2973 4490 3254 4556 differunt;
3300 4492 3370 4546 ita
3418 4502 3542 4547 sunt
3582 4492 3787 4564 frigidi,
3824 4480 3831 4485 ’

2206 4584 2395 4638 molles
2423 4593 2477 4638 et
2515 4598 2800 4652 numquam
2829 4581 3198 4639 consistentes.
3227 4581 3349 4637 Illos
3386 4594 3561 4639 autem
3585 4585 3674 4654 qui
3710 4585 3792 4639 sic

2205 4671 2378 4728 affecti
2407 4680 2529 4726 sunt
2569 4672 2635 4725 ad
2679 4672 2956 4726 Dominum
2987 4671 3330 4740 adducamus,
3359 4682 3415 4727 ut
3445 4672 3657 4728 illorum
3691 4691 3795 4726 vo-

2209 4762 2460 4816 luntatem
2504 4760 2557 4815 in
2606 4761 2712 4814 vini
2749 4759 3109 4815 conditionem
3150 4768 3347 4825 mutet,
3393 4769 3452 4814 ut
3496 4775 3601 4815 non
3644 4763 3796 4817 ultra

2207 4851 2466 4935 diffluunt,
2514 4850 2609 4906 sed
2648 4851 2927 4907 solidiores
2963 4852 3089 4916 sint,
3127 4866 3191 4907 ac
3227 4867 3348 4909 cum
3392 4851 3495 4906 sibi
3526 4861 3637 4908 tum
3668 4854 3800 4909 aliis

2208 4945 2402 5000 Iustitia:
2429 4960 2587 5000 causa
2607 4945 2855 5000 evadant.

2283 5034 2502 5088 Terrena
2551 5036 2721 5088 omnia
2745 5036 2889 5106 ﬂuxa
2919 5045 3034 5090 sunt
3057 5076 3073 5103 ,
3100 5046 3145 5091 et
3170 5053 3442 5108 numquam
3481 5038 3803 5094 consistunt.

2215 5124 2393 5179 Mensa
2439 5125 2653 5195 frugalis
2680 5125 2980 5179 valetudinis
3004 5135 3076 5179 est
3102 5137 3280 5180 mater.
3309 5126 3623 5192 —Qninam
3662 5142 3808 5182 vero

2210 5223 2333 5269 sunt
2377 5214 2450 5270 illi
2482 5214 2691 5285 frigidi,
2723 5214 2821 5269 nisi
2874 5215 2907 5268 ii
2957 5216 3046 5284 qui
3078 5215 3231 5271 ﬂuxis
3275 5215 3435 5287 hujus
3464 5216 3587 5270 vita:
3630 5218 3815 5270 rebus

2212 5306 2497 5370 inltzerent,
2530 5305 2618 5376 qui
2650 5305 2830 5360 mundi
2864 5304 3086 5360 delicias
3114 5320 3220 5359 non
3251 5305 3526 5371 derident,
3558 5307 3647 5376 qui
3677 5307 3809 5377 ειυ-

2211 5398 2342 5451 riam
2373 5405 2428 5452 et
2454 5394 2743 5467 potentiam
2773 5395 2999 5448 amant?
3029 5395 3152 5449 Ιιςυο
3180 5396 3376 5465 quippe
3401 5395 3581 5451 omnia
3608 5395 3769 5453 fluxa
3792 5440 3814 5468 ,

2212 5502 2499 5557 numquam
2552 5487 2888 5552 consistunt,
2922 5503 3041 5556 qua:
3086 5487 3137 5540 in
3185 5502 3424 5557 prmceps
3469 5502 3696 5558 semper
3758 5499 3815 5545 et

2211 5593 2331 5633 cum
2379 5578 2576 5648 impetu
2620 5576 2880 5632 feruntur.
2933 5576 3062 5630 Nam
3101 5577 3189 5646 qni
3236 5577 3395 5632 hodie
3436 5577 3627 5647 dives,
3680 5594 3820 5635 eras

2214 5684 2415 5740 panper
2442 5676 2524 5725 est
2552 5684 2564 5722 :
2596 5667 2684 5738 qni
2728 5666 2886 5721 hodie
2912 5682 3032 5721 cum
3072 5682 3317 5738 prarcone
3338 5708 3352 5737 ,
3380 5666 3563 5725 balteo
3588 5708 3603 5739 ,
3634 5684 3822 5727 curru
