4012 6198
224 313 320 369 IL‘

217 428 518 496 multisque
550 425 828 481 lictoribus
852 440 909 478 se
939 422 1092 478 effert
1114 464 1128 488 ,
1162 439 1303 493 sarpe
1326 427 1568 494 sequenti
1600 427 1683 480 die
1707 443 1823 482 ear-

217 521 330 576 teri
386 519 761 588 mancipatur,
797 518 995 586 aliique
1029 517 1224 570 invitus
1257 516 1397 571 hunc
1429 518 1620 572 fastum
1653 521 1818 574 relin-

215 612 358 680 quit.
390 611 493 676 Qui
521 609 776 663 delicatis
808 609 940 662 cibis
972 607 1183 661 deditus
1214 616 1297 662 est
1323 649 1335 669 ,
1370 617 1649 678 postquam
1685 625 1822 664 ven-

217 713 363 756 trem
391 702 612 771 crapula
641 701 871 769 disrupit
895 743 908 762 ,
944 715 1009 754 ne
1053 715 1158 752 uno
1196 699 1409 769 quidem
1441 701 1525 754 die
1566 712 1739 769 potest
1768 703 1816 756 in

216 797 413 850 eadem
443 794 768 848 abundantia
821 807 1170 861 permanere;
1205 792 1296 845 sed
1332 793 1415 845 illa
1468 793 1518 846 in
1572 809 1820 863 vaporem

217 901 380 940 versa
405 927 420 949 ,
453 885 792 955 cogituralta
822 899 1114 952 congerere
1134 925 1147 946 ,
1178 883 1415 952 nihilque
1445 883 1621 937 differt
1649 901 1675 935 ιι
1709 896 1818 938 tor-

217 989 395 1032 rente.
419 977 550 1032 Nam
584 976 1030 1045 quemadmodum
1062 975 1128 1027 ibi
1161 975 1338 1043 priore
1386 976 1671 1030 recedente
1718 975 1821 1029 llu-

214 1079 336 1132 ctu,
369 1071 462 1122 alii
496 1085 684 1136 rursus
715 1069 950 1132 instant,
983 1069 1058 1120 sic
1105 1079 1158 1121 et
1206 1083 1302 1121 nos
1353 1069 1458 1122 alio
1502 1081 1613 1136 post
1658 1071 1818 1124 alium

214 1161 346 1212 cibo
378 1161 702 1226 indigemus.
751 1157 1066 1226 llnjusmudi
1100 1167 1180 1210 est
1215 1174 1392 1210 rerum
1435 1157 1592 1227 hujus
1641 1162 1818 1212 s:rculi

218 1261 417 1304 natura
446 1268 460 1312 ;
495 1264 781 1318 numquam
813 1257 996 1312 stant,
1033 1247 1126 1300 sed
1157 1263 1370 1316 semper
1398 1247 1566 1300 fluunt
1611 1259 1662 1303 et
1711 1261 1818 1302 Ira-

217 1339 450 1394 huntur.
486 1341 701 1392 Deliei:e
747 1353 876 1392 vero
906 1338 1147 1391 ciborum
1195 1353 1297 1391 non
1351 1338 1509 1392 modo
1555 1338 1724 1392 ﬂuunt
1769 1350 1821 1394 et

225 1439 678 1499 prastercurrunt,
709 1429 802 1482 sed
831 1429 994 1481 multa
1021 1427 1171 1480 nobis
1200 1429 1300 1481 alia
1325 1428 1530 1496 negotia
1555 1429 1818 1498 ingerunt.

216 1523 358 1575 Dum
407 1523 551 1576 enim
583 1537 703 1574 cum
734 1521 934 1588 impetu
967 1518 1213 1572 diffluunt
1236 1560 1251 1584 ,
1288 1528 1395 1572 tum
1427 1520 1590 1572 robur
1620 1535 1816 1588 corpo-

216 1617 319 1680 ris,
349 1627 464 1669 tum
497 1618 691 1670 anima:
720 1617 969 1669 virtutem
1003 1613 1316 1668 abstrahunt
1349 1633 1362 1667 :
1398 1631 1570 1685 neque
1600 1617 1668 1669 ita
1697 1617 1816 1670 vio-

217 1708 354 1762 lenti
389 1706 670 1760 lluininnm
712 1705 904 1760 ﬂuctus
949 1708 1090 1774 ripas
1122 1707 1380 1761 excedere
1407 1708 1583 1760 solent
1611 1749 1624 1772 ,
1656 1717 1714 1762 ut
1740 1709 1818 1762 ci-

217 1799 415 1852 borum
467 1799 676 1852 delicia:
707 1798 1028 1852 valetudinis
1076 1798 1417 1852 fundamenta
1450 1815 1634 1853 secum
1680 1800 1810 1855 sub-

217 1889 464 1943 trahunt.
515 1888 572 1943 Si
615 1889 880 1943 medicum
909 1889 1070 1942 adi-as
1100 1899 1152 1942 et
1203 1891 1528 1958 perconteris
1553 1931 1568 1954 ,
1601 1906 1817 1945 omnem

215 1981 537 2033 morborum
583 1997 794 2034 causam
840 1980 964 2032 hinc
997 1980 1208 2050 prodire
1237 1980 1430 2034 disces.
1477 1980 1609 2033 Nam
1643 1983 1816 2035 tenuis

218 2084 272 2123 et
320 2073 441 2124 vilis
485 2087 668 2124 tnensa
697 2111 711 2134 ,
751 2071 1068 2124 Valetudinis
1109 2080 1278 2124 mater
1309 2080 1407 2124 est.
1459 2069 1582 2126 Ideo
1624 2072 1815 2128 medici

220 2167 303 2216 sic
351 2165 497 2216 illam
551 2173 826 2216 vocarunt.
862 2162 978 2216 Non
1011 2163 1190 2216 satiari
1234 2163 1284 2217 id
1337 2165 1689 2218 vaTetudinem
1719 2179 1812 2218 vo-

215 2263 342 2305 rant
372 2273 384 2307 :
419 2252 539 2306 Cibi
571 2255 710 2306 enim
744 2254 974 2322 parcitas
999 2294 1012 2317 ,
1045 2255 1282 2317 sanitas;
1329 2252 1546 2322 frugalis
1583 2269 1767 2307 mensa
1797 2295 1811 2320 ,

213 2353 394 2397 mater
417 2345 764 2406 valetudinis,
797 2345 1060 2414 inquiunt.
1089 2343 1240 2410 Quod
1270 2344 1313 2397 si
1344 2344 1618 2413 frugalitas
1645 2358 1815 2400 mater

210 2445 306 2488 est
355 2435 721 2499 valetudinis,
755 2437 904 2504 plane
950 2436 1165 2490 satietas
1205 2443 1375 2490 mater
1415 2445 1498 2490 est
1545 2437 1714 2490 morbi
1761 2445 1815 2492 et

210 2526 603 2581 inﬁrmitatis:
637 2527 872 2596 paritque
914 2529 1254 2598 :rgritudines
1282 2529 1450 2597 ipsam
1483 2528 1810 2584 medicorum

211 2628 387 2671 artem
439 2629 794 2686 superantes;
829 2619 1022 2687 pedum
1049 2661 1062 2685 ,
1091 2620 1279 2687 capitis
1302 2660 1317 2684 ,
1353 2619 1628 2673 oculorum
1649 2660 1664 2684 ,
1700 2637 1812 2675 ma-

213 2727 378 2764 nuum
414 2712 636 2766 morbos
659 2753 673 2777 ,
709 2722 968 2765 tremores
993 2754 1007 2778 ,
1040 2712 1336 2782 paralysin,
1367 2712 1566 2765 icteron
1589 2753 1604 2778 ,
1635 2711 1808 2767 febres

212 2803 503 2858 diuturnas
552 2817 604 2858 et
653 2805 942 2866 ardentes,
988 2805 1201 2873 aliaque
1255 2805 1411 2873 longe
1458 2805 1644 2873 plura,
1689 2821 1808 2875 qute

215 2908 503 2951 recensere
547 2911 653 2951 non
700 2908 850 2950 vacat
883 2915 897 2952 :
948 2896 1059 2949 bare
1088 2913 1188 2950 non
1220 2912 1286 2948 ex
1337 2893 1628 2965 indigentia
1652 2939 1666 2962 ,
1702 2910 1802 2952 nec

1270 309 1337 366 IN
1384 310 1697 371 JOANNEM
1739 313 1964 371 IIOMIL.
2011 317 2200 372 XXIII.
2242 322 2310 376 al.
2356 320 2523 378 XXII.

3424 339 3518 394 tae

1935 447 1999 484 ex
2035 429 2409 502 leIIOSOleICO
2455 437 2594 488 victu
2624 477 2640 501 ,
2683 437 2776 490 sul
2804 453 2866 491 ex
2915 440 3160 498 satietate
3206 455 3259 500 et
3300 459 3514 518 crapula

1927 536 2271 592 generantur.
2305 527 2454 592 Quod
2487 529 2531 581 si
2567 529 2698 582 velis
2730 529 2854 586 hinc
2891 543 3038 587 ortos
3063 537 3254 591 animm
3299 542 3517 595 morbos

1928 616 2211 685 explorare
2238 659 2252 681 ,
2285 618 2655 687 depreLendes
2685 621 2808 677 inde
2856 626 2999 679 nasci
3028 630 3306 684 avaritiam
3335 673 3351 699 ,
3383 635 3518 686 mol-

1929 703 2096 758 litiem
2124 746 2138 769 ,
2163 717 2331 760 atram
2364 707 2522 767 bilem
2553 751 2564 772 ,
2593 711 2857 780 pigritiam
2881 754 2896 779 ,
2929 715 3199 772 libidinem
3227 761 3240 783 ,
3275 736 3518 778 omnem-

1928 814 2032 866 que
2080 799 2452 868 ignorantiam.
2508 803 2600 856 llis
2639 805 2932 874 gaudentes
2960 810 3159 864 mensis
3187 813 3378 867 animae
3408 833 3457 869 [It
3482 834 3514 870 ιι

1928 892 2091 944 asinis
2121 893 2366 946 meliores
2403 895 2671 960 evadunt,
2705 914 2823 966 qua:
2853 914 2880 949 a
2927 900 3118 955 talibus
3151 903 3277 957 feris
3317 905 3517 962 ιΙὶεοθτο

1930 994 2141 1049 pantur.
2179 984 2284 1038 Nec
2319 986 2504 1040 taeebo
2531 1000 2580 1039 et.
2607 986 2814 1042 fastidia
2846 992 3037 1059 quibus
3069 995 3284 1050 olm-xxii
3314 1011 3434 1052 sunt
3479 998 3511 1054 ii

1928 1076 2014 1140 qui
2065 1089 2122 1127 se
2155 1076 2277 1129 huic
2319 1077 2574 1132 addixi-re
2607 1081 2828 1146 morbo,
2864 1099 2980 1152 qtnc
3009 1087 3185 1140 omnia
3227 1104 3514 1146 recensete

1929 1181 2030 1217 non
2063 1183 2344 1234 possumus
2373 1187 2385 1222 :
2419 1187 2580 1224 unum
2609 1171 2748 1240 quod
2772 1185 2847 1226 est
2878 1188 3036 1243 caput
3061 1181 3297 1234 omnium
3331 1181 3514 1238 decla-

1929 1259 2076 1308 rabo.
2115 1257 2276 1311 Latna
2310 1276 2526 1326 mensa,
2558 1263 2623 1314 de
2653 1279 2752 1332 qua
2782 1264 3045 1334 loquimur
3069 1308 3084 1334 ,
3120 1287 3403 1341 numquam
3437 1275 3512 1331 illi

1926 1364 2044 1401 eum
2072 1351 2340 1418 voluptate
2371 1353 2637 1407 fruuntur.
2676 1356 2968 1425 Frugalilas
3000 1362 3195 1430 quippe
3221 1376 3269 1416 ut
3301 1367 3508 1421 valetu-

1925 1439 2065 1491 dinis
2091 1480 2104 1504 ,
2139 1442 2206 1492 ita
2238 1450 2290 1494 et
2319 1443 2600 1510 voluptatis
2653 1459 2821 1500 mater
2847 1459 2963 1513 est;
2997 1453 3213 1506 satietas
3259 1471 3422 1521 vero,
3455 1467 3510 1511 ut

1925 1531 2274 1597 morborum,
2308 1531 2378 1586 ita
2426 1534 2620 1587 fastidii
2656 1535 2773 1589 fons
2813 1551 2892 1592 est.
2939 1551 2992 1594 et
3037 1543 3205 1596 radix.
3255 1545 3386 1598 Nam
3415 1549 3501 1602 ubi

1923 1620 2138 1673 satietas
2169 1633 2245 1675 est
2265 1663 2280 1688 ,
2311 1625 2377 1677 ibi
2411 1627 2834 1695 concupiscentia
2869 1645 2987 1684 (ιεδο
3011 1635 3189 1702 nequit
3216 1652 3227 1686 :
3264 1637 3352 1690 ubi
3383 1654 3510 1692 vero

1923 1715 2354 1780 coiicupisecntia
2387 1734 2489 1770 non
2519 1728 2598 1772 est
2625 1761 2638 1780 ,
2673 1723 2940 1788 quomodo
2967 1725 3206 1794 voluptas
3236 1744 3355 1783 esse
3386 1746 3510 1798 pns-

1923 1804 2034 1855 sit?
2089 1805 2207 1857 Ideo
2240 1823 2343 1861 non
2396 1810 2554 1862 modo
2588 1813 2957 1877 prudentiores
2988 1826 3037 1870 et
3069 1820 3389 1875 valentiores
3420 1823 3506 1876 di-

1922 1896 2115 1950 vitibus
2144 1915 2404 1968 pauperes
2442 1901 2683 1957 videmus
2705 1945 2718 1967 ,
2749 1905 2841 1958 sed
2890 1907 3074 1976 majori
3109 1911 3284 1963 lietitia
3328 1913 3504 1966 fruen-

1923 1996 2020 2041 tcs.
2070 1988 2198 2054 Quae
2247 1992 2422 2046 omnia
2470 1995 2761 2062 cogitantes
2812 1997 3124 2052 ebrietatem
3179 2001 3505 2073 deliriasque

1921 2076 2223 2146 fugiamus;
2260 2097 2362 2134 non
2407 2099 2607 2137 mensie
2640 2096 2841 2140 tantum
2869 2088 3090 2142 delicias
3117 2134 3129 2153 ,
3158 2092 3252 2145 sed
3291 2104 3344 2146 et
3368 2096 3505 2149 alias

1919 2184 2106 2223 omnes
2131 2209 2146 2234 ,
2175 2187 2292 2239 qua:
2338 2171 2388 2225 in
2423 2174 2581 2227 rebus
2625 2177 2965 2232 saecularibus
3011 2180 3195 2237 haberi
3240 2197 3499 2252 possunt;

1919 2272 2208 2327 earumque
2237 2260 2357 2316 loco
2382 2264 2713 2332 spiritualem
2743 2268 3112 2327 nanciscemur
3139 2275 3498 2344 voluptatem,

1917 2358 1972 2403 et
2016 2349 2404 2408 delectabimur
2433 2357 2484 2408 iu
2534 2357 2756 2413 Domino
2801 2365 3094 2418 secundum
3143 2367 3496 2437 prophetam,

1917 2445 2004 2512 qui
2035 2444 2162 2499 dicit
2193 2464 2207 2500 :
2259 2445 2518 2502 Delectari:
2549 2451 2597 2501 in
2626 2451 2845 2506 Domino
2870 2496 2884 2520 ,
2915 2466 2960 2508 et
2989 2457 3069 2510 det
3111 2458 3196 2512 tibi
3237 2462 3501 2530 petitiones

1915 2535 2080 2588 cordis
2105 2539 2178 2590 tui
2205 2537 2222 2608 (
2249 2537 2388 2592 Psal.
2423 2542 2508 2595 56.
2544 2543 2643 2613 4);
2677 2555 2730 2596 ιιι
2756 2555 2807 2599 et
2851 2551 3200 2614 prmsentibus
3231 2563 3283 2606 et
3311 2553 3500 2607 futuris

1914 2623 2154 2681 fruamur
2196 2631 2347 2683 bonis
2375 2673 2390 2695 ,
2419 2633 2585 2700 gratia
2616 2643 2667 2687 et
2712 2636 3038 2706 benignitate
3088 2642 3292 2696 homini
3328 2645 3495 2699 nostri

1912 2718 2037 2772 Jesu
2073 2720 2267 2774 Christi
2294 2763 2308 2786 ,
2338 2738 2432 2792 per
2457 2741 2613 2793 quem
2643 2736 2694 2780 et
2739 2742 2856 2781 cum
2885 2746 2989 2799 quo
3021 2731 3159 2787 Patri
3188 2734 3355 2804 gloria
3377 2777 3393 2798 ,
3424 2735 3498 2788 si-

1913 2812 2126 2880 mulque
2153 2822 2338 2867 sancto
2365 2814 2602 2884 Spiritui.
2637 2817 2688 2871 itt
2715 2820 2907 2874 smcula
2936 2823 3270 2879 smeulorum.
3300 2827 3492 2882 Amen.

2047 3029 3225 3052 —_______________

3233 3043 3478 3060 ..ὴ

1556 3101 1902 3163 HOMILIA
1949 3103 2188 3166 XXIII.

319 3248 407 3300 II.
455 3245 567 3300 [Ioc
596 3247 710 3317 [erit
742 3247 940 3300 initium
995 3246 1253 3317 signorum
1279 3241 1428 3298 Iesus
1473 3244 1524 3296 in
1555 3241 1696 3298 Cana

883 3337 1128 3392 (.‘alila'tr.

283 3519 334 3570 ι.
354 3515 722 3569 Vehementer
736 3515 898 3568 instat
915 3513 1175 3576 diabolus,
1191 3523 1243 3567 et
1261 3511 1414 3567 saluti
1433 3519 1627 3567 nostra!
1645 3511 1802 3567 undi-

212 3622 314 3675 que
366 3606 676 3659 insidiatur.
724 3604 1055 3674 Vigilantiam
1110 3603 1304 3671 itaque,
1340 3611 1394 3657 et
1425 3602 1659 3672 undique
1703 3601 1800 3672 ipsi

211 3699 390 3751 aditus
416 3695 855 3750 intercludendos
881 3706 982 3749 est.
1035 3693 1166 3748 Nam
1201 3694 1244 3747 si
1277 3694 1357 3748 vel
1394 3707 1608 3761 parvam
1651 3694 1801 3748 inve-

211 3791 347 3842 nerit
373 3787 736 3850 occasionem,
764 3786 926 3839 latum
963 3784 1061 3838 sibi
1087 3793 1270 3853 postea
1295 3783 1571 3853 apparahit
1601 3783 1804 3852 ingrcs-

208 3895 349 3942 sum,
379 3887 436 3932 et
477 3879 583 3930 vim
622 3892 771 3930 suam
797 3884 962 3930 totam
1002 3875 1255 3946 paulatim
1287 3873 1520 3929 inducet.
1546 3873 1602 3926 Si
1625 3875 1803 3943 itaque

209 3969 402 4022 calmis
433 3979 633 4021 DOSII’J3
678 3967 906 4037 aliqu-am
961 3967 1219 4020 rationem
1269 3963 1601 4028 habeamus,
1649 3980 1715 4020 ne
1746 3965 1796 4018 in

211 4063 394 4130 parvis
421 4059 636 4130 quidem
668 4059 824 4113 rebus
864 4059 1034 4130 ipsum
1068 4058 1324 4112 accedere
1344 4058 1599 4119 sinamus,
1620 4066 1676 4110 ut
1708 4072 1802 4126 per

208 4152 321 4206 lucc
347 4151 644 4220 majoribus
665 4165 1029 4204 occurramus.
1048 4148 1177 4203 Nam
1207 4158 1460 4203 extremm
1483 4148 1800 4217 insipientia:

209 4254 377 4304 esset,
410 4243 456 4296 si
486 4242 612 4296 dum
644 4251 842 4296 tantam
876 4241 962 4296 ille
986 4240 1312 4309 diligentiam
1336 4239 1572 4303 adhibet,
1604 4249 1655 4292 ut
1687 4238 1804 4291 ani-

211 4352 352 4388 mam
385 4334 576 4404 perdat
610 4343 868 4398 nostram,
897 4348 993 4386 nos
1021 4347 1118 4403 pro
1138 4333 1309 4386 salute
1353 4342 1530 4385 nostra
1565 4347 1669 4384 non
1702 4345 1797 4400 ρει-

213 4443 323 4480 rem
349 4427 704 4480 adhibeamus
733 4425 1171 4478 sollicitudinem.
1215 4424 1338 4477 Iber.
1363 4438 1392 4477 a
1424 4439 1509 4476 me
1552 4439 1655 4476 non
1683 4423 1798 4477 sine

209 4532 369 4571 ausa
397 4518 541 4572 dicta
586 4517 841 4582 sunt,sed
863 4518 984 4586 quia
1023 4517 1184 4569 timeo
1212 4531 1279 4569 ne
1327 4516 1378 4568 in
1423 4515 1596 4569 media
1650 4514 1798 4568 caula

213 4624 354 4664 nunc
376 4609 465 4664 ille
499 4610 654 4678 lupus
680 4609 855 4663 adsiet
881 4609 1137 4671 occultus,
1169 4621 1429 4676 ovemque
1459 4607 1646 4675 rapiat,
1679 4621 1798 4675 qua:

212 4718 266 4756 se
298 4702 385 4755 vel
431 4719 501 4756 ex
537 4702 760 4772 segnitie
788 4701 872 4755 vel
904 4700 1027 4754 dolo
1067 4701 1208 4753 malo
1234 4716 1260 4752 a
1295 4714 1456 4769 grege
1494 4699 1795 4752 auditorum

213 4797 523 4849 agnoverit.
552 4793 684 4848 Nam
711 4795 929 4847 vulnera
961 4793 1005 4846 si
1026 4792 1125 4846 sub
1149 4807 1364 4846 sensum
1395 4790 1668 4853 caderent,
1707 4799 1799 4845 aut

214 4889 249 4934 si
295 4900 500 4954 corpus
545 4886 729 4955 plagas
773 4885 1062 4954 acciperet,
1109 4897 1212 4937 non
1242 4897 1378 4952 opus
1407 4890 1552 4936 esset
1577 4881 1798 4936 insidias

215 4979 369 5030 hasce
401 4987 611 5031 tantum
641 4992 966 5047 prmcavere.
996 4975 1126 5042 Quia
1155 4990 1282 5030 vero
1313 4975 1594 5029 invisibilis
1619 4974 1795 5028 anima

213 5080 309 5132 est,
341 5073 565 5139 ipsaque
599 5067 906 5122 vulneribus
931 5065 1256 5132 confoditur,
1290 5063 1455 5120 multa
1485 5065 1641 5118 nobis
1663 5079 1797 5132 opus

211 5171 289 5214 cst
331 5161 631 5231 vigilantia,
674 5168 732 5213 ut
775 5163 1137 5229 unusquisque
1177 5173 1295 5213 sese
1325 5157 1587 5226 exploret.
1633 5154 1797 5210 Nemo

211 5257 339 5305 alim
369 5254 501 5306 novit
527 5271 586 5305 ea
611 5268 727 5320 qna'
746 5261 864 5308 sunt
891 5251 1104 5304 hominis
1121 5292 1134 5316 ,
1159 5259 1215 5303 ut
1242 5250 1452 5318 spiritus
1473 5247 1689 5300 hominis
1711 5249 1798 5316 qui

212 5347 258 5397 ιι
287 5349 399 5414 ipso
427 5356 498 5400 at
523 5346 602 5416 (ι.
631 5345 750 5399 Cor.
779 5343 834 5398 2.
870 5343 982 5411 Il).
1006 5342 1186 5396 Oratio
1212 5341 1352 5395 enim
1375 5339 1439 5393 ad
1462 5355 1649 5394 omnes
1680 5355 1798 5406 pcr-

213 5436 370 5499 vadit,
403 5445 457 5490 et
484 5450 774 5488 commune
803 5435 1049 5487 omnilms
1069 5432 1223 5486 offert
1248 5431 1540 5484 remedium
1569 5447 1581 5483 :
1608 5429 1698 5482 sed
1728 5429 1795 5482 ad

213 5526 450 5594 singulos
481 5525 754 5578 auditores
789 5523 1018 5591 pertinet
1053 5522 1140 5577 illa
1166 5522 1430 5589 accipere,
1461 5517 1580 5589 qua!
1610 5519 1796 5572 morbo

211 5630 304 5667 suo
353 5614 680 5684 depcllendo
707 5622 830 5668 sunt
855 5613 1226 5683 congruentia.
1261 5610 1456 5680 IEgros
1504 5627 1606 5665 non
1646 5609 1791 5674 novi,

215 5724 309 5764 nrt
336 5707 477 5764 bene
507 5713 762 5764 valentes.
795 5703 916 5763 ldco
941 5705 1006 5762 de
1035 5705 1195 5760 rebus
1223 5704 1467 5760 omnibus
1492 5703 1700 5773 loquor,
1733 5716 1792 5756 ea

1913 3259 2030 3314 qua:
2077 3246 2236 3298 animi
2293 3249 2492 3301 morbis
2535 3251 2755 3321 singulis
2814 3260 3196 3325 competant':
3231 3263 3388 3317 modo
3427 3264 3495 3318 de

1909 3336 2150 3401 avaritia,
2185 3355 2305 3391 mox
2337 3339 2402 3392 de
2445 3357 2642 3396 mensa:
2670 3343 2896 3410 deliciis,
2933 3347 3056 3402 hinc
3101 3350 3371 3407 libidinem
3400 3371 3490 3426 ag-

1910 3427 2123 3497 gredior
2157 3446 2168 3480 :
2206 3437 2387 3498 postea
2417 3447 2543 3484 vero
2570 3434 2964 3507 eleemosynam
3001 3439 3177 3504 laudo,
3224 3443 3290 3495 ad
3322 3444 3494 3499 illun-

1910 3533 2012 3589 que
2046 3519 2366 3588 erogandam
2417 3521 2622 3586 hortor,
2683 3523 2806 3579 hinc
2831 3525 3350 3600 honornm'operuin
3384 3534 3487 3588 alia

1909 3623 2124 3678 genera.
2147 3609 2332 3664 Timeo
2363 3612 2502 3664 enim
2537 3628 2602 3667 ne
2627 3613 2750 3667 dum
2787 3617 2872 3668 uni
2925 3619 3114 3673 morbo
3143 3623 3381 3676 curando
3414 3624 3494 3678 in-

1909 3701 2124 3764 cumho,
2154 3701 2239 3754 alii
2265 3703 2561 3756 remedimn
2592 3705 2830 3770 alferam,
2858 3707 2983 3761 dum
3011 3725 3106 3763 vos
3135 3712 3254 3768 aliis
3281 3717 3494 3784 a-gritu-

1909 3790 2124 3845 dinibus
2165 3792 2415 3847 laboratis
2443 3796 2484 3847 ².
2518 3795 2571 3849 Si
2605 3811 2739 3851 unus
2786 3808 2986 3853 tantum
3020 3800 3104 3855 hic
3123 3804 3355 3870 adeset,
3382 3822 3486 3860 non

1910 3883 2266 3936 necessarium
2295 3883 2544 3937 ducerem
2574 3887 2913 3955 multiplicem
2941 3889 3138 3947 habere
3166 3910 3489 3952 sermonem.

1909 3971 2040 4039 Quia
2074 3989 2200 4027 vero
2239 3973 2290 4027 in
2324 3983 2467 4028 tanta
2515 3977 2852 4031 multitudine
2892 3981 3085 4034 multos
3126 3998 3244 4037 esse
3271 3987 3489 4042 morbos

1909 4060 2198 4117 verisimile
2220 4075 2320 4126 est.
2353 4081 2456 4118 non
2498 4069 2614 4122 sine
2659 4083 2818 4122 causa
2849 4070 3144 4126 doctrinam
3177 4077 3441 4131 variamus
3473 4095 3490 4135 :

1909 4169 2089 4208 sermo
2113 4155 2308 4225 quippe
2336 4155 2387 4209 in
2415 4171 2602 4211 omnes
2623 4157 2847 4225 efl‘usus,
2882 4176 3030 4214 suam
3048 4173 3194 4218 certe
3209 4165 3489 4224 utilitatem

1909 4245 2142 4301 habebit.
2168 4247 2396 4318 Ideoque
2428 4248 2701 4319 Scriptura
2734 4251 2845 4320 ipsa
2873 4254 3015 4306 varia
3048 4265 3154 4320 est,
3187 4272 3249 4311 ac
3278 4257 3346 4313 de
3371 4274 3492 4314 δοχε-

1908 4339 2079 4393 centis
2105 4340 2265 4393 rebus
2294 4340 2560 4406 edisserit,
2593 4341 2716 4412 quia
2747 4344 2810 4397 ad
2843 4359 3182 4402 eotnmunem
3213 4347 3486 4406 hominum

1909 4441 2150 4485 naturam
2177 4447 2479 4488 sermonem
2511 4433 2708 4503 dirigit.
2734 4434 2786 4489 lu
2823 4446 2964 4490 tanta
2994 4453 3124 4493 vero
3150 4442 3489 4499 multitudine

1907 4537 2128 4577 necesse
2180 4535 2260 4578 eSt
2289 4539 2476 4580 omnes
2504 4527 2662 4581 animi
2707 4527 2920 4583 morbos
2951 4532 3196 4600 reperiri,
3228 4533 3346 4589 licet
3380 4552 3484 4592 non

1906 4628 2094 4668 omnes
2124 4614 2174 4668 in
2205 4617 2410 4669 cunctis
2440 4617 2635 4672 adsint.
2664 4618 2754 4673 llis
2777 4620 2954 4689 itaque
2983 4638 3079 4675 nos
3106 4637 3486 4696 expurgantes,

1907 4704 2082 4758 divina
2114 4706 2273 4760 verba
2304 4723 2420 4776 qua:
2451 4705 2608 4763 hodie
2643 4708 2775 4763 lecta
2804 4721 2927 4764 sunt
2953 4712 3170 4768 intentis
3199 4715 3484 4771 admodum

1904 4797 2097 4851 anitnis
2123 4797 2144 4828 ³
2173 4798 2471 4856 audiamus.
2495 4801 2749 4867 Quantam
2799 4804 2884 4857 illa
2914 4805 3080 4858 sunt?
3112 4805 3223 4860 lloc
3248 4809 3364 4879 fecit
3389 4810 3486 4862 ini-

1905 4887 2029 4941 tium
2075 4889 2338 4959 signarunt
2389 4890 2541 4946 Iesus
2585 4893 2637 4945 in
2690 4892 2829 4947 Cana
2878 4892 3123 4950 Galila'a'.
3160 4897 3274 4952 Dixi
3319 4915 3488 4970 nuper

1902 4978 2162 5049 quosdam
2186 4996 2292 5034 non
2325 4979 2425 5036 hoc
2453 4981 2660 5036 initium
2694 4998 2814 5038 esse
2837 4992 3043 5054 putare.
3070 4987 3204 5054 Quid
3227 4988 3391 5056 enim,
3410 4990 3487 5044 in-

1967 5156 1982 5187 ¹
2021 5155 2090 5204 Ita
2110 5163 2216 5206 Mss.
2241 5155 2383 5221 SaviI.
2411 5158 2657 5221 babet,....
2677 5158 2860 5221 loquor,
2886 5169 2931 5211 et
2953 5162 3170 5214 omnibus
3191 5163 3342 5215 animi
3363 5179 3488 5214 mor-

1903 5216 1974 5266 bis
1997 5221 2287 5268 curationem
2307 5219 2471 5284 amre.
2517 5216 2762 5270 Morel"...
2785 5216 2967 5284 loquor,
2988 5225 3202 5276 euntibus
3222 5226 3488 5281 Itonu'nibna

1902 5291 2169 5327 sermonem
2192 5280 2575 5329 accommodans.

1967 5341 1986 5408 ξ
2021 5338 2368 5408 Interpretati»
2388 5345 2545 5408 latina
2561 5343 2795 5408 Francisci
2819 5341 3005 5408 Aretini
3029 5348 3100 5397 sic
3122 5346 3302 5398 habet:
3334 5349 3492 5400 τίνει-ο

1901 5401 2028 5472 enim
2049 5402 2304 5472 nequanng
2328 5401 2410 5452 ιιιιὶ
2431 5402 2563 5452 nobis
2586 5403 2748 5472 morth
2769 5406 3062 5468 vacantibus,
3086 5408 3189 5472 alii,
3215 5423 3308 5472 quo
3331 5415 3487 5472 magis

1902 5461 2547 5534 latraret,jnedirjpam_non
2587 5463 2862 5516 adhibeam.
2888 5461 3073 5534 jt‘ervtu's
3107 5461 3305 5521 Grieéus
3337 5461 3486 5534 qutun

1904 5521 1986 5595 ille
2012 5520 2151 5595 legit,
2176 5525 2240 5572 ab
2263 5523 2530 5595 ψωμίσω-ι
2554 5539 2702 5589 quem
2729 5541 2818 5578 nos
2840 5529 3160 5595 adhibuimus,
3189 5542 3242 5580 ut
3260 5520 3422 5595 patet.

1965 5585 1985 5616 ³
2007 5592 2159 5650 _Jux_ta
2178 5584 2318 5650 .‘Sl_\'II.
2345 5584 2606 5650 legendum
2631 5597 2784 5650 esset,
2820 5587 3019 5639 contrita
3055 5584 3226 5648 mente,
3256 5584 3377 5650 loco,
3409 5593 3485 5643 in-

1901 5644 2040 5755 :{Jnis
2058 5644 2321 5758 admodlmn
2342 5644 2532 5700 animis.
2551 5650 2642 5700 Sed
2659 5644 2934 5704 bzec'lectio
2954 5662 3119 5703 contra
3143 5644 3480 5704 onniium'nss.

1968 5721 2042 5756 em
2071 5719 2227 5758 ιιιιξιια
2253 5737 2266 5754 ο
3173 5721 3176 5724 ’

1968 5721 2042 5756 em
2070 5721 2083 5769 ι
2101 5719 2266 5769 usual.
3173 5721 3176 5724 ’
