4012 6198
664 342 778 404 139

669 460 902 524 quiunt,
932 451 975 506 si
1003 449 1210 504 dicatur
1240 443 1291 499 id
1317 443 1382 498 de
1408 441 1552 497 Cana
1581 438 1812 495 Galilrete
1839 433 2080 490 tantum?
2133 445 2256 486 nam

675 523 720 605 Π
740 565 797 602 oc
817 544 1036 608 initium,
1067 537 1257 609 inquit,
1277 536 1394 606 fecit
1421 535 1473 587 in
1501 533 1660 587 Cana.
1690 529 1804 600 Ego
1828 541 1958 582 vero
1985 526 2084 580 hac
2112 523 2178 579 de
2205 537 2262 577 re

679 657 790 698 non
822 635 1091 693 curiosius
1141 631 1468 694 edisseram;
1509 624 1602 679 sed
1646 622 1767 678 dico
1817 621 1988 692 ipsum
2029 623 2148 688 post
2172 615 2264 668 ba-

684 733 876 802 ptisma
905 728 1052 796 signa
1081 723 1244 781 edere
1264 719 1522 790 coepisse;
1551 723 1675 769 ante
1702 712 1965 782 baptisma
1995 723 2122 764 vero
2138 709 2262 761 nut-

685 797 793 878 lum
817 821 1028 884 fecisse,
1058 817 1166 888 jam
1203 810 1614 868 declaravimus.
1644 803 1774 860 Sive
1797 810 1974 857 autem
2001 798 2124 862 hoc,
2153 797 2266 852 sive

688 915 831 970 aliud
860 921 980 985 post
1007 909 1267 981 baptisma
1290 905 1517 974 primum
1536 901 1744 971 signum
1769 897 1944 962 fuerit,
1971 893 2268 962 disquirere

687 1023 795 1063 non
847 982 1023 1075 opera:
1071 1001 1304 1072 pretium
1353 1011 1474 1051 esse
1513 991 1784 1049 existimo.
1825 988 1890 1042 Et
1932 982 2268 1054 manifestavit

686 1073 902 1169 gloriam
921 1111 1088 1150 suam.
1115 1094 1231 1158 Quo
1253 1089 1410 1144 modo
1431 1096 1486 1142 et
1511 1099 1613 1155 qua
1637 1079 1886 1138 ratione?
1915 1077 2098 1147 Neque
2125 1073 2268 1130 enim

691 1191 840 1248 nmlti
885 1189 962 1243 rei
1012 1195 1177 1256 gesta:
1227 1179 1601 1241 attendebanl,
1647 1175 1741 1230 sed
1773 1171 2000 1227 ministri
2043 1178 2268 1231 tantum,

687 1280 1086 1336 arclzitricliuus
1127 1283 1180 1330 et
1208 1286 1457 1342 Sponsus.
1485 1266 1763 1336 Quomodo
1791 1278 1920 1334 ergo
1969 1259 2272 1316 manifesta-

689 1370 1004 1442 vitgloriam
1032 1367 1221 1422 suam?
1241 1365 1509 1432 Quantum
1539 1361 1591 1415 in
1620 1360 1734 1428 ipso
1756 1364 1891 1411 erat.
1920 1351 2074 1421 Quod
2101 1351 2143 1405 si
2167 1365 2272 1404 non

689 1473 840 1526 tunc,
868 1469 1015 1515 certe
1055 1467 1238 1529 postea
1265 1468 1455 1510 omnes
1479 1448 1796 1508 miraculum
1823 1444 2050 1501 audituri
2079 1450 2232 1498 erant
2258 1458 2271 1494 :

691 1569 815 1609 nam
842 1552 907 1606 ad
937 1551 1038 1604 hoc
1058 1528 1236 1618 usque
1265 1555 1475 1613 tempus
1499 1541 1820 1601 celebratur,
1841 1550 1940 1590 nec
1956 1535 2103 1588 latet.
2125 1528 2276 1600 Quod

694 1651 872 1696 autem
906 1640 996 1693 illo
1026 1638 1114 1693 die
1143 1651 1246 1691 non
1275 1647 1465 1688 omnes
1497 1631 1546 1685 id
1565 1628 1831 1692 noverint,
1851 1641 1915 1681 ex
1937 1621 2278 1694 sequentibus

692 1735 869 1807 palam
894 1740 993 1786 est.
1026 1731 1314 1799 Postquam
1356 1725 1498 1780 enim
1521 1723 1747 1785 dixerat,
1797 1715 2142 1788 Manifestavit
2169 1715 2307 1784 glo-~

694 1804 825 1880 rium
849 1839 1014 1884 suam,
1038 1819 1276 1876 subdidit
1305 1835 1319 1870 :
1357 1815 1421 1870 Et
1449 1813 1771 1869 crediderunt
1801 1811 1852 1864 in
1883 1825 1999 1864 eum
2043 1804 2281 1876 discipuli

693 1927 825 1992 ejus,
853 1918 940 1989 qui
973 1916 1119 1988 prius
1145 1911 1496 1968 mirabantur.
1524 1907 1710 1963 Viden’
1759 1914 1884 1959 tunc
1911 1902 2142 1958 maxime
2187 1914 2283 1954 ne-

695 1988 986 2067 cessarium
1020 2005 1186 2060 fuisse
1233 2010 1292 2057 ut
1323 1998 1581 2055 miracula
1628 1995 1937 2058 ederentur,
1978 2006 2098 2046 cum
2129 1988 2281 2060 probi

697 2101 968 2165 homines,
1002 2096 1092 2167 qui
1123 2093 1285 2150 dictis
1328 2088 1692 2153 attendebant,
1721 2082 1984 2139 aderant?
2032 2080 2096 2136 lli
2141 2078 2283 2134 enim

701 2203 758 2247 et
789 2191 996 2246 facilius
1016 2183 1271 2241 credituri
1299 2189 1473 2245 erant,
1496 2188 1550 2233 et
1563 2186 1711 2248 gesta
1739 2182 1988 2230 accurate
2029 2172 2285 2227 observa-

701 2286 828 2340 turi.
863 2285 924 2338 Et
946 2278 1218 2352 quomodo
1247 2287 1405 2331 notus
1432 2274 1619 2328 inisset
1653 2269 1769 2326 sine
1796 2265 2107 2322 miraculis?
2133 2263 2288 2320 Certe

701 2376 832 2431 satis
853 2382 1006 2429 erant
1030 2369 1294 2432 doctrina,
1324 2375 1378 2421 et
1406 2362 1684 2435 prophetia
1713 2375 1832 2416 cum
1861 2356 2119 2414 miraculo
2156 2369 2289 2410 con-

702 2468 906 2539 juncta,
941 2472 999 2518 ut
1044 2478 1106 2516 ca
1147 2461 1200 2514 in
1244 2458 1547 2512 auditorum
1589 2453 1796 2507 animos
1832 2450 2182 2511 insinuarent,
2233 2453 2293 2500 ut

705 2537 812 2627 iam
844 2554 1065 2617 assueti,
1113 2550 1280 2622 gestis
1327 2547 1489 2602 rebus
1525 2559 1646 2600 cum
1691 2543 1882 2596 all'ectu
1933 2537 2289 2593 attenderem.

709 2648 833 2704 Ideo
855 2646 977 2701 alibi
995 2659 1139 2714 smpe
1159 2643 1345 2698 dicunt
1364 2637 1728 2708 evangelistar,
1747 2635 1918 2704 ipsum
1941 2647 2045 2686 non
2062 2629 2293 2685 edidisse

709 2739 881 2809 signa,
914 2731 1438 2806 propter‘hominum
1490 2728 1702 2782 illorum
1736 2722 2164 2795 perversitatem.
2202 2718 2290 2773 12.

710 2829 779 2884 Et
806 2837 916 2899 post
941 2827 1045 2880 luet:
1062 2823 1317 2878 descendit
1343 2821 1395 2874 in
1413 2819 1738 2889 Capernaum
1764 2816 1872 2884 ipse
1896 2823 1942 2868 et
1966 2820 2126 2865 mater
2165 2811 2291 2880 ejus,

711 2930 761 2974 ct
789 2924 994 2990 fratres,
1027 2925 1073 2970 et
1099 2914 1335 2985 discipuli
1373 2913 1483 2983 ejus
1514 2925 1532 2964 :
1559 2919 1604 2963 et
1628 2909 1695 2962 ibi
1724 2914 2012 2960 manserunt
2045 2919 2144 2957 non
2170 2901 2299 2955 mul-

715 3013 779 3065 tis
805 3010 996 3063 diebus.
1027 3006 1137 3063 Cur
1163 3021 1282 3059 cum
1312 3014 1486 3058 matre
1516 3001 1850 3070 Capernaum
1901 2995 2088 3050 venit?
2115 2993 2300 3063 Neque

712 3103 857 3157 enim
886 3100 960 3155 ibi
1011 3097 1178 3153 ullum
1208 3095 1334 3150 fecit
1365 3091 1688 3148 miraculum
1715 3107 1728 3155 ;
1765 3102 1941 3157 neque
1977 3085 2124 3140 urbis
2151 3082 2302 3137 istius

716 3193 906 3248 incolae
929 3190 1094 3260 probe
1121 3203 1244 3257 erga
1274 3185 1422 3240 illum
1445 3181 1618 3237 allecti
1649 3189 1801 3236 erant
1830 3197 1844 3233 ε
1877 3175 1969 3231 sed
2014 3172 2300 3230 admodum

717 3283 978 3354 corrupti.
1023 3281 1264 3348 llludqne
1291 3276 1538 3339 Christus
1565 3270 1885 3343 signiﬁcavit
1907 3268 2092 3322 dicens
2120 3284 2133 3320 :
2159 3265 2226 3318 Et
2252 3274 2305 3318 tu

719 3379 1040 3446 Cupcrnaum
1067 3387 1220 3442 usque
1243 3369 1311 3422 ad
1339 3369 1517 3422 cadum
1559 3366 1691 3419 elata
1711 3405 1726 3430 ,
1758 3378 1914 3433 usque
1941 3361 2008 3414 ad
2053 3359 2306 3428 infernum

721 3467 1020 3538 deprimeris
1046 3464 1198 3537 (Luc.
1230 3462 1317 3526 10,
1353 3460 1464 3529 15).
1491 3458 1597 3512 Cur
1620 3470 1748 3526 ergo
1764 3455 1856 3509 illo
1879 3468 1938 3507 se
1964 3450 2208 3506 confert?
2239 3447 2309 3504 Ut

728 3559 852 3617 mihi
885 3556 1100 3627 quidem
1125 3553 1359 3614 videtur,
1387 3550 1509 3619 quia
1533 3546 1692 3618 paulo
1727 3554 1849 3615 post
1875 3544 2045 3598 iturus
2073 3549 2189 3597 erat
2216 3538 2308 3594 Je-

725 3653 1072 3722 rosolymam,
1125 3645 1245 3700 ideo
1283 3653 1406 3698 tunc
1443 3641 1592 3704 abiit,
1638 3654 1706 3693 ne
1759 3645 1988 3691 matrem
2018 3643 2072 3688 et
2119 3633 2310 3687 fratres

727 3747 924 3814 ubique
946 3755 1126 3796 secum
1152 3738 1407 3793 traheret.
1437 3734 1638 3788 Abiens
1669 3731 1828 3800 igitur
1862 3728 2076 3797 illicque
2102 3725 2155 3780 in
2199 3739 2313 3778 ma-

735 3838 828 3894 tris
857 3835 1113 3889 honorem
1145 3828 1361 3900 paulum
1413 3833 1794 3885 commoratus,
1839 3820 2030 3874 iterum
2060 3813 2310 3870 miracula

725 3924 1054 3997 aggreditur,
1077 3936 1200 3976 cum
1231 3919 1373 3973 illam
1395 3915 1466 3970 ibi
1489 3913 1810 3984 reliquisset.
1840 3910 1964 3965 ldeo
1992 3907 2121 3962 dicit
2141 3907 2314 3977 ipsum

733 4035 838 4073 non
864 4015 1043 4085 paucis
1058 4010 1251 4081 elapsis
1266 4007 1451 4064 diebus
1463 4005 1515 4076 (1
1522 4020 1639 4058 oan.
1658 4004 1714 4056 2.
1741 4002 1852 4071 13),
1875 4000 2087 4055 venisse
2101 3997 2319 4053 Jeroso-

734 4109 955 4178 lymam.
975 4102 1164 4158 Paucis
1179 4114 1305 4170 ergo
1326 4106 1450 4152 ante
1471 4094 1670 4150 Pascha
1691 4092 1878 4147 diebus
1899 4090 2192 4160 baptizatus
2209 4095 2313 4143 est.

737 4199 806 4255 Et
831 4196 1180 4267 Jcrosolytme
1208 4191 1332 4264 quid
1365 4188 1503 4261 agit?
1543 4188 1678 4242 Rem
1716 4199 1921 4256 magna:
1964 4179 2315 4237 auctoritatis.

736 4291 868 4346 Nam
888 4287 1244 4358 negotiatores
1260 4283 1398 4346 illos,
1415 4277 1814 4340 nummularius,
1833 4288 1925 4331 eos
1943 4274 2030 4344 qui
2047 4271 2320 4328 columbas

742 4380 1049 4437 vendebant
1075 4386 1129 4432 et
1149 4376 1313 4432 boves
1334 4381 1389 4429 et
1404 4385 1549 4437 oves,
1572 4369 1796 4440 idquue
1822 4368 1929 4423 illic
1950 4365 2315 4426 versabantur,

735 4473 918 4542 cjecit.

812 4560 865 4615 2.
891 4563 1038 4617 Alius
1053 4568 1228 4615 autem
1249 4553 1567 4625 evangelista
1589 4550 1796 4622 (Matth.
1814 4550 1873 4603 2|
1888 4590 1900 4602 .
1924 4549 2008 4604 15.
2026 4557 2072 4602 et
2090 4547 2183 4617 al.)
2203 4562 2325 4600 nar-

741 4666 823 4709 rat
863 4654 1164 4724 cjicientem
1212 4649 1360 4704 illum
1413 4644 1633 4709 dixisse,
1678 4642 1850 4696 Nolite
1885 4640 2058 4696 facere
2109 4638 2322 4694 domum

746 4746 920 4800 Patris
961 4743 1065 4797 mei
1105 4740 1411 4810 speluncam
1457 4735 1754 4796 latronum;
1787 4732 1872 4786 hic
1902 4745 2027 4786 vero
2056 4729 2202 4795 dicit,
2242 4729 2322 4782 16.

748 4837 968 4891 Domum
988 4830 1335 4904 negotiationis
1355 4844 1373 4881 :
1390 4843 1494 4883 non
1516 4824 1777 4880 contraria
1801 4824 2100 4893 loquentes,
2123 4818 2216 4874 sed
2235 4819 2331 4874 de-

750 4935 1110 4982 monstrantes
1135 4924 1305 4993 ipsum
1333 4921 1385 4976 id
1415 4920 1496 4975 bis
1525 4919 1743 4985 fecisse,
1773 4926 1828 4971 et
1854 4917 1968 4970 haec
1998 4930 2101 4969 non
2133 4913 2323 4969 eodem

744 5030 892 5088 gusta
913 5028 1149 5085 tempore
1169 5013 1353 5080 fuisse,
1376 5012 1470 5068 sed
1493 5020 1546 5066 et
1571 5025 1710 5065 nunc
1739 5009 1886 5064 initio
1913 5006 2325 5078 prtedicationis,

744 5124 905 5183 atque
941 5110 1100 5164 etiam
1134 5122 1254 5162 cum
1285 5105 1352 5160 ad
1384 5106 1682 5175 passionem
1709 5100 2056 5172 pervenisset.
2091 5097 2331 5168 Quapro-

748 5217 868 5276 pter
887 5200 1376 5258 vehementioribus
1391 5212 1518 5252 usus
1542 5195 1737 5260 verbis,
1756 5193 2064 5263 speluncam
2083 5191 2288 5246 vocavit
2315 5209 2327 5244 :

755 5313 859 5352 non
898 5297 1024 5351 item
1057 5307 1200 5348 nunc
1223 5292 1395 5358 initio,
1446 5289 1542 5346 sed
1570 5287 1928 5349 moderatiore
1969 5285 2330 5354 increpatione

751 5389 957 5442 utitur:
1006 5386 1145 5440 unde
1171 5383 1455 5439 verisimile
1504 5382 1574 5436 sit
1621 5380 1847 5449 idipsum
1896 5378 1976 5432 his
2022 5377 2231 5432 fecisse.
2269 5376 2333 5430 Et

751 5497 866 5545 cur,
899 5479 1129 5550 inquies,
1161 5478 1213 5533 id
1236 5476 1476 5532 Christus
1499 5485 1554 5530 et
1581 5489 1700 5530 cum
1726 5483 1866 5528 tanta
1893 5471 2225 5528 vehementia
2253 5470 2331 5526 fe.

754 5573 845 5641 cit,
869 5580 1060 5640 quanta
1092 5583 1350 5638 nusquam
1368 5582 1522 5636 agere
1539 5564 1976 5634 deprehenditur,
1992 5575 2046 5618 et
2074 5564 2188 5618 lure
2213 5579 2331 5618 cum

754 5663 1090 5719 contumeliis
1144 5671 1197 5715 ct
1249 5657 1503 5713 conviciis
1551 5655 1811 5720 allectus,
1870 5655 2234 5710 Samaritanus
2282 5665 2335 5708 et

755 5755 1117 5810 daauoniacus
1159 5749 1225 5804 ab
1263 5749 1361 5805 illis
1403 5747 1723 5803 vocaretur?
1769 5747 1949 5818 Neque
1975 5747 2115 5802 enim
2157 5747 2330 5802 verbis

1408 331 1466 386 S.
1496 323 1772 384 JOANNIS
1807 315 2277 380 CIIRYSOSTOMI
2307 315 2621 372 ARCIIIEP.
2654 317 3184 378 CONSTANTINOP.

2371 438 2672 498 contentus,
2693 446 2812 487 cum
2834 431 3039 503 ﬂagello
3059 434 3218 488 etiam
3241 432 3360 488 illos
3379 432 3595 503 expulit.
3615 432 3808 501 ludmi,t

2369 522 2487 578 aliis
2541 522 2858 578 beneﬁcium
2902 523 3195 590 confertur,
3241 534 3491 580 accusant
3533 534 3583 580 et
3619 525 3799 582 elfernn

2372 612 2585 683 quando
2635 623 2811 669 autem
2844 631 2939 685 par
2983 630 3104 670 esse
3160 614 3437 672 videbatur
3481 616 3596 672 illos
3640 633 3808 688 exaspc

2375 705 2685 775 castigatus,
2721 721 2826 761 non
2859 707 2928 760 ita
2960 722 3149 776 aspere
3178 718 3360 777 agunt.
3392 707 3572 778 Neque
3597 710 3724 764 enim
3755 712 3808 763 in.

2375 805 2585 866 parunt,
2615 807 2704 852 aut
2726 798 3045 853 contumelia
3067 798 3382 864 all‘ecerunt,
3405 801 3498 855 sed
3523 802 3637 870 quid
3663 802 3808 856 disert

2376 889 2461 944 18.
2495 889 2644 955 Quod
2671 891 2871 960 signum
2894 891 3112 945 ostendis
3135 892 3293 955 nobis,
3342 893 3461 962 quia
3491 894 3607 947 talia
3649 896 3807 965 facis?

2377 983 2496 1038 den'
2521 983 2739 1038 livorem
2773 983 3061 1054 ingentem,
3089 994 3146 1040 et
3164 987 3433 1056 quomodo
3462 987 3577 1042 aliis
3613 987 3742 1042 illata
3769 990 3808 1043 ι).

2378 1075 2495 1130 licia
2528 1077 2793 1147 indignius
2817 1077 3054 1133 ferrent?
3082 1079 3379 1150 Aliquando
3411 1080 3566 1151 igitur
3587 1082 3808 1151 templun

2339 1211 2342 1214 .
2385 1167 2491 1221 illis
2516 1168 2826 1237 speluncam
2858 1168 3120 1222 latronum
3151 1169 3344 1224 factum
3375 1185 3492 1225 esse
3513 1171 3725 1240 dicebat,
3763 1189 3808 1226 os

2379 1259 2512 1315 deus
2539 1261 2624 1315 illa
2656 1277 2773 1331 qua:
2796 1261 3182 1328 vendebantur,
3208 1262 3350 1317 furto
3392 1275 3542 1333 parta
3586 1265 3753 1331 fuisse,
3780 1283 3808 1320 a

2385 1368 2454 1408 ex
2486 1354 2668 1424 rapina
2708 1361 2762 1410 et
2808 1353 3026 1409 avaritia
3072 1354 3305 1425 prodire,
3351 1355 3596 1427 ipsosque
3633 1371 3695 1412 ex
3722 1357 3808 1412 alie

2383 1445 2680 1500 calamitate
2709 1445 3000 1508 ditescere;
3042 1445 3324 1516 aliquando
3349 1455 3524 1502 autem
3553 1447 3753 1502 dentom
3782 1467 3808 1502 ιι

2386 1536 2615 1591 tiationis
2636 1536 2782 1598 dicit,
2819 1535 3178 1605 impudentem
3203 1538 3608 1606 negotiationem
3635 1539 3808 1610 signil‘u

2380 1628 2488 1684 Sed
2514 1644 2612 1684 cur
2637 1629 2739 1682 hoc
2763 1628 2923 1682 fecit?
2953 1627 3086 1694 Quia
3117 1629 3350 1685 futurum
3393 1640 3511 1686 erat
3559 1643 3613 1686 ut
3640 1632 3688 1687 in
3734 1634 3808 1687 sal

2384 1732 2618 1789 curaret,
2646 1731 2704 1777 et
2724 1723 2888 1777 multa
2933 1722 3233 1792 hujusmodi
3274 1723 3492 1790 faceret,
3538 1741 3649 1796 quae
3678 1727 3767 1796 ipsi
3800 1745 3808 1797 ι

2387 1813 2517 1868 bant
2569 1815 3048 1882 transgressionem
3077 1829 3196 1869 esse
3242 1815 3402 1883 legis;
3448 1831 3514 1871 ne
3559 1817 3808 1872 videretur

2386 1904 2723 1960 adversarius
2743 1920 2883 1971 esse,
2911 1905 2998 1974 qui
3027 1917 3213 1961 contra
3243 1907 3453 1962 Patrem
3496 1907 3546 1962 id
3595 1908 3808 1964 faciendi

2391 2007 2651 2068 surgeret,
2677 1998 2786 2066 jam
2835 1997 2958 2052 hinc
3007 1998 3214 2052 illorum
3269 1997 3567 2068 hujusmodi
3605 2001 3808 2067 SllSplClt

2390 2091 2622 2159 corrigit.
2659 2089 2790 2144 Nam
2821 2089 2908 2159 qui
2933 2104 3029 2159 pro
3058 2089 3237 2158 templi
3270 2090 3472 2146 honore
3501 2099 3690 2144 tantam
3717 2098 3808 2144 (‘vSlt

2391 2191 2474 2237 rat
2499 2181 2936 2251 indignationem,
2961 2180 3143 2250 templi
3165 2181 3408 2246 Domino,
3439 2181 3526 2251 qui
3547 2181 3597 2235 in
3625 2181 3735 2250 ipso
3750 2197 3808 2234 eo

2395 2281 2502 2338 tur,
2517 2287 2622 2326 non
2644 2271 3018 2327 adversaturus
3038 2280 3171 2327 erat.
3191 2271 3331 2327 Salis
3351 2282 3503 2327 erant
3522 2271 3808 2341 superiores

2394 2365 2588 2435 quibus
2635 2363 2926 2418 secundum
2958 2363 3131 2433 legem
3161 2363 3383 2429 vixerat,
3416 2370 3476 2418 ut
3497 2361 3801 2433 probaretur

2397 2471 2520 2527 erga
2556 2455 2917 2524 legislatorem
2946 2454 3271 2519 reverentia,
3301 2455 3580 2524 ipsumque
3608 2469 3711 2508 non
3749 2454 3808 2522 let

2397 2557 2730 2603 versaturum
2760 2560 2900 2601 esse.
2923 2546 3055 2614 Quia
3097 2553 3270 2601 autem
3300 2545 3376 2599 illi
3419 2547 3543 2599 anni
3575 2545 3625 2600 in
3652 2544 3807 2599 oblivi

2397 2640 2606 2695 venturi
2634 2648 2806 2701 erant,
2831 2638 2955 2708 quia
2977 2637 3224 2692 omnibus
3247 2636 3357 2691 noti
3387 2651 3491 2691 non
3519 2644 3690 2701 erant,
3725 2650 3789 2689 eo

2399 2731 2452 2786 in
2482 2745 2712 2803 paupere
2741 2729 2901 2784 domo
2926 2729 3190 2785 enutritus
3216 2729 3422 2793 luisset,
3456 2728 3698 2782 omnibus
3744 2744 3807 2796 pr

2404 2826 2562 2891 tibus,
2597 2833 2778 2895 utpote
2805 2823 2891 2879 die
2943 2823 3076 2878 festo
3117 2823 3594 2893 apprOpinquante,
3631 2820 3680 2875 id
3713 2819 3807 2874 laci

2402 2918 2518 2972 sine
2547 2915 2808 2987 periculo.
2833 2914 3016 2985 Neque
3036 2915 3208 2970 solum
3235 2914 3376 2969 enim
3404 2912 3580 2982 ejecit,
3612 2911 3704 2966 sed
3734 2919 3787 2964 et

2403 3022 2490 3062 sas
2515 3007 2726 3073 evertit,
2743 3014 3021 3074 argentum
3039 3003 3245 3072 ell'udit,
3267 3013 3325 3056 ut
3346 3002 3419 3057 illi
3448 3016 3627 3057 secum
3656 3011 3807 3070 reput

2406 3116 2527 3155 eum
2555 3100 2643 3170 qui
2669 3099 2738 3153 ob
2769 3099 3020 3153 decorem
3052 3097 3243 3152 domus
3270 3109 3392 3150 sese
3418 3095 3470 3149 in
3502 3092 3730 3164 pericula
3757 3106 3808 3145 cr

2407 3200 2506 3256 ret,
2542 3190 2822 3244 Dominum
2848 3188 3039 3244 domus
3080 3202 3185 3241 non
3227 3185 3524 3256 despicere.
3570 3182 3626 3240 Si
3657 3182 3798 3236 enim

2409 3282 2609 3337 mulate
2651 3290 2852 3334 tantum
2898 3279 3132 3341 fecisset,
3187 3275 3388 3330 hortari
3419 3274 3593 3329 solum
3621 3281 3808 3342 oportu

2410 3388 2532 3428 nam
2554 3387 2612 3427 se
2637 3371 2690 3425 in
2714 3369 2946 3441 pericula
2976 3369 3261 3438 conjicere,
3294 3365 3465 3420 audax
3497 3363 3702 3418 facinus
3722 3379 3808 3417 era

2412 3479 2515 3534 quo
2542 3463 2684 3518 enim
2733 3463 2849 3516 leve
2897 3459 3024 3514 illud
3069 3467 3186 3514 erat
3230 3471 3350 3512 sese
3379 3454 3671 3510 forensium
3703 3452 3807 3506 fort

2408 3555 2597 3627 jicere,
2625 3563 2678 3608 et
2704 3553 2978 3608 brutorum
3006 3550 3300 3614 hominum,
3333 3555 3691 3602 mercatorum
3731 3543 3808 3597 vit.l

2417 3646 2627 3702 turbam
2655 3640 2994 3697 contumeliis
3026 3653 3250 3695 onerare
3277 3646 3332 3693 et
3359 3635 3640 3691 adversum
3667 3650 3728 3690 se
3776 3650 3807 3687 e

2418 3751 2571 3801 rare;
2615 3733 2666 3788 id
2698 3748 2802 3787 non
2845 3731 3142 3785 simulantis
3165 3737 3302 3796 erat,
3331 3727 3424 3784 sed
3453 3743 3548 3798 pro
3592 3727 3788 3782 domus

2419 3826 2654 3900 pericula
2686 3824 2860 3879 omnia
2888 3822 3159 3877 adeuntis.
3189 3819 3544 3888 Quamobrem
3569 3833 3676 3874 non
3708 3833 3804 3888 ges

2420 3919 2554 3986 lum,
2582 3916 2674 3972 sed
2714 3916 2873 3971 etiam
2904 3913 3060 3968 dictis
3085 3911 3489 3966 OStenditsuam
3519 3902 3644 3976 cum
3694 3909 3808 3962 Pati

2425 4007 2662 4064 cordiam
2698 4026 2710 4060 :
2741 4019 2846 4059 non
2871 4003 3006 4060 dixit
3035 4003 3201 4066 enim,
3232 4001 3457 4056 Domum
3488 4007 3756 4062 sanctam,
3781 4014 3808 4051 s

2424 4116 2558 4154 mum
2577 4098 2748 4152 Patris
2774 4097 2889 4150 mei.
2915 4095 3055 4150 Ecce
3077 4093 3286 4148 Patrem
3309 4099 3484 4157 vocat,
3504 4104 3606 4144 nec
3635 4089 3802 4157 indigi

2425 4191 2680 4263 putabant
2729 4189 2871 4244 enim
2921 4186 3095 4255 ipsum
3145 4183 3459 4254 simpliciter
3508 4180 3680 4250 loqui.
3740 4180 3808 4234 Sc

2426 4281 2618 4339 deinde
2645 4281 2839 4335 clarius
2867 4279 3113 4348 loquutus
3136 4285 3238 4342 est,
3263 4284 3319 4329 ut
3343 4290 3493 4329 suam
3512 4288 3636 4327 cum
3657 4273 3808 4326 Patri

2429 4373 2630 4426 litatem
2666 4370 2980 4434 declararet,
3011 4375 3134 4422 tunc
3172 4367 3222 4420 in
3270 4365 3501 4420 furorem
3550 4364 3656 4418 acti
3703 4376 3808 4416 sun

2429 4464 2586 4532 igitur
2615 4461 2734 4516 illi?
2770 4461 2920 4526 Quod
2939 4463 3141 4530 signum
3165 4458 3306 4511 nobis
3327 4457 3570 4521 ostendis,
3610 4456 3802 4524 inquiu

2430 4556 2536 4608 Iure
2567 4553 2740 4625 facis?
2769 4552 2812 4606 Ο
2863 4565 3126 4606 summam
3158 4549 3480 4603 amentiam!
3516 4546 3637 4612 Quo
3690 4546 3808 4614 sign

2431 4658 2578 4712 erat,
2617 4656 2672 4699 ut
2711 4661 2741 4699 a
2793 4644 2931 4698 male
2981 4641 3224 4697 faciendo
3254 4641 3605 4704 desinerent,
3658 4648 3718 4692 et
3747 4636 3808 4690 dc

2435 4752 2575 4795 tanta
2607 4738 2930 4808 turpitudine
2959 4735 3285 4791 liberarent?
3315 4733 3403 4789 ille
3430 4743 3611 4787 tantus
3636 4746 3738 4801 pro
3758 4731 3808 4782 dt

2435 4833 2598 4896 zelus,
2627 4845 2806 4884 nonne
2851 4827 3139 4882 maximum
3171 4825 3380 4879 virtutis
3423 4824 3635 4892 signum
3665 4831 3789 4874 erat

2435 4933 2609 4977 autem
2638 4921 2735 4974 viri
2759 4920 2882 4974 hinc
2911 4918 3076 4988 agniti
3103 4926 3229 4972 sunt
3259 4933 3271 4968 :
3319 4929 3440 4969 nam
3470 4915 3556 4967 ΓΙ.
3591 4912 3807 4966 Ιὲεσοιιάη

2437 5013 2670 5084 discipuli
2699 5013 2808 5077 eius
2836 5021 2975 5073 tunc,
3004 5009 3120 5078 quia
3147 5007 3393 5076 scriptum
3423 5013 3515 5067 est,
3539 5003 3703 5057 Zelus
3731 5001 3802 5052 do

2439 5104 2651 5158 comedit
2697 5119 2795 5156 me.
2829 5105 2897 5154 At
2936 5115 3040 5154 non
3070 5098 3142 5151 illi
3175 5097 3466 5168 prophetia:
3500 5093 3808 5148 memincru

2437 5197 2706 5261 dicebant,
2740 5195 2887 5261 Quod
2916 5194 3115 5262 signum
3141 5189 3362 5244 ostendis
3387 5187 3574 5241 nobis?
3592 5183 3664 5239 de
3685 5195 3808 5252 turp

2438 5290 2591 5344 lucro
2635 5287 2898 5351 dolentes,
2956 5291 3340 5353 sperantesque
3371 5293 3430 5334 se
3458 5278 3537 5333 sic
3573 5291 3749 5346 posse
3780 5274 3808 5328 il

2439 5379 2659 5444 ducere,
2685 5377 2752 5431 ad
2779 5374 3091 5430 miraculum
3121 5371 3442 5443 patrandum
3474 5377 3742 5432 evocant,
3775 5383 3808 5420 u

2440 5473 2556 5540 ejus
2581 5475 2888 5538 coarguant.
2922 5464 3046 5519 Ideo
3092 5465 3301 5534 signum
3332 5477 3435 5515 non
3467 5461 3562 5514 dat
3599 5460 3734 5513 illis.
3777 5457 3808 5511 Ιι

2445 5563 2590 5631 prius
2611 5559 2966 5614 accessissent
3013 5556 3226 5625 signum
3274 5562 3536 5624 petentes,
3581 5551 3694 5604 hoc
3721 5564 3808 5602 res

2445 5651 2710 5706 Grneratio
2742 5666 2896 5719 prava
2926 5657 2972 5701 ct
3015 5647 3245 5700 adultera
3284 5646 3483 5717 signum
3526 5644 3748 5713 quierit,
3790 5657 3808 5694 ε

2449 5761 2547 5799 non
2571 5743 2769 5797 dabitur
2795 5742 2858 5811 ci,
2892 5740 2989 5795 nisi
3017 5740 3216 5811 signum
3259 5736 3409 5794 Jama
3441 5735 3665 5808 (Matth.
3705 5734 3777 5790 16
