4012 6194
288 197 369 256 lll
1292 191 1358 248 IN
1395 187 1705 248 JOANNEM
1745 191 1974 248 llOMlL.
2016 191 2201 249 XXIII.
2243 193 2312 249 al.
2357 191 2521 249 XXII.

284 319 396 360 tunc
435 304 671 367 clarius;
727 317 868 359 nunc
897 312 1070 358 autem
1117 303 1284 372 magis
1334 300 1850 371 aauigmatieeJllud

281 406 446 451 autem
495 395 602 463 agit
641 395 713 448 ob
752 403 1042 449 extremam
1093 392 1306 447 illorum
1339 393 1620 448 insaniam.
1668 391 1851 463 Neque

279 487 409 540 enim
436 484 519 538 ille
539 483 630 553 qui
662 499 768 538 non
793 492 1038 553 petentes
1066 483 1424 552 pratveniebat
1452 492 1508 538 et
1561 484 1710 554 signa
1749 484 1847 538 da-

286 577 388 640 bat,
436 585 684 645 petentes
730 575 1036 643 repulisset,
1091 574 1190 628 nisi
1223 574 1343 628 illos
1390 589 1551 644 prava
1578 583 1633 629 et
1665 574 1846 629 dolosa

276 676 447 721 tuente
489 665 652 721 fuisse
695 665 958 720 seivisset.
1011 663 1142 718 Nam
1189 664 1275 719 vel
1333 666 1445 732 ipsa
1504 665 1847 735 interrogatio

273 766 458 827 quanta
509 756 742 827 nequitia
773 755 924 826 plena
949 765 1126 820 esset,
1149 755 1462 810 consideres
1489 756 1669 810 velim.
1715 756 1846 811 Cum

271 850 406 904 enim
451 849 780 918 oportuisset
808 847 926 917 ejus
955 846 1188 902 studium
1235 860 1297 900 ac
1327 846 1500 900 zelum
1529 846 1840 916 approbare,

269 947 422 1009 atque
449 939 851 1008 obstupescere,
882 937 1026 1008 quod
1055 938 1214 993 talem
1261 937 1454 992 domus
1481 952 1662 992 curam
1691 953 1845 1008 gere-

267 1038 378 1092 ret;
412 1029 489 1082 illi
521 1040 794 1095 accusant,
819 1043 882 1084 ac
908 1029 1143 1084 vendere
1181 1029 1281 1084 sibi
1314 1029 1472 1084 licere
1496 1029 1844 1095 contendunt,

266 1133 433 1187 neque
462 1119 629 1174 licere
665 1121 768 1175 sibi
797 1135 826 1174 a
855 1119 1136 1174 vendendo
1165 1119 1446 1182 desistere,
1487 1121 1586 1175 nisi
1632 1121 1730 1190 ipsi
1768 1121 1846 1177 si-

263 1224 419 1278 gnum
449 1211 720 1265 ostendat.
743 1211 880 1277 Quid
907 1226 1036 1280 ergo
1060 1211 1349 1266 Christus?
1397 1211 1482 1267 l9.
1511 1211 1704 1267 Solvite
1723 1224 1850 1267 tem-

265 1302 397 1370 plum
421 1305 538 1368 hoc,
563 1314 610 1357 et
654 1305 706 1357 in
738 1304 895 1358 tribus
924 1305 1098 1359 diebus
1124 1304 1348 1358 excitabo
1380 1306 1531 1359 illud.
1561 1307 1722 1362 Multa
1751 1307 1850 1362 hu-

261 1395 487 1463 iusmodi
515 1396 771 1466 loquitur,
802 1411 920 1466 quae
947 1395 1284 1451 audientibus
1333 1397 1439 1452 sint
1465 1398 1714 1464 obscura,
1746 1399 1846 1454 sed

261 1493 379 1552 post
428 1483 630 1540 futuris
677 1486 843 1540 clara.
889 1485 998 1540 Cur
1045 1485 1431 1542 hoc?Utcum
1477 1489 1554 1543 rei
1583 1488 1852 1557 prtedictze

259 1575 381 1628 linis
425 1574 726 1640 adveniret,
757 1575 1072 1645 probaretur
1100 1576 1266 1645 ipsum
1299 1576 1408 1645 jam
1458 1578 1586 1630 olim
1634 1577 1685 1631 id
1714 1593 1851 1648 pra:-

257 1667 520 1730 su:ivis~e;
571 1665 714 1735 quod
767 1667 818 1720 iu
851 1666 949 1720 hae
994 1665 1265 1735 prophetia
1292 1666 1502 1720 accidit.
1544 1666 1677 1720 Nam
1723 1667 1841 1723 ait:

255 1755 344 1809 22.
363 1755 494 1810 Cum
515 1757 868 1810 resurrexisset
887 1773 917 1808 rt
940 1757 1164 1821 mortuis,
1188 1757 1434 1810 recordati
1459 1766 1577 1811 sunt
1606 1757 1845 1826 discipuli

257 1851 362 1916 ejus
388 1847 510 1917 quia
541 1848 638 1900 hoc
664 1847 858 1900 dicebat
890 1862 907 1900 :
933 1855 978 1900 et
1013 1846 1330 1900 crediderunt
1361 1847 1644 1918 Scriptura:
1665 1857 1710 1901 et
1737 1863 1844 1902 ser-

258 1940 392 1992 moni
417 1955 570 2008 quem
596 1938 724 1992 dixit
749 1937 918 1992 Iesus.
951 1938 1082 1993 Cum
1114 1938 1228 1992 haec
1252 1938 1578 2001 dicerentur,
1623 1938 1712 1992 alii
1749 1938 1841 1992 du-

260 2029 492 2083 bitabant
518 2029 858 2098 quandonatn
888 2028 936 2082 id
962 2037 1276 2083 eventurum
1309 2036 1472 2094 esset,
1504 2029 1595 2082 alii
1619 2037 1844 2084 conten-

260 2117 447 2172 debant
477 2117 724 2172 dicentes
761 2136 774 2172 :
803 2118 892 2174 20.
931 2118 1282 2188 Quadraginta
1305 2134 1395 2172 sea:
1419 2118 1568 2172 annis
1611 2119 1842 2187 cedi/ica-

259 2217 358 2260 tutn
387 2218 458 2261 est
496 2209 744 2278 templum
773 2208 887 2273 hoc,
933 2218 980 2262 et
1019 2217 1075 2261 tu
1106 2208 1158 2261 in
1205 2208 1361 2261 tribus
1403 2207 1577 2262 diebus
1605 2209 1844 2262 excitabis

257 2301 424 2353 illud?
465 2300 829 2370 Quadraginta
864 2316 958 2355 sex
998 2300 1154 2354 annis
1199 2299 1466 2365 dicentes,
1515 2307 1841 2368 postremam

260 2391 434 2460 templi
455 2391 916 2446 constructionem
943 2391 1279 2462 signiﬁcant;
1309 2391 1456 2461 prior
1479 2391 1623 2446 enim
1659 2392 1839 2461 viginti

260 2482 402 2536 annis
428 2483 675 2536 absoluta
705 2482 820 2537 fuit.
1295 2517 1322 2529 —

323 2572 373 2626 5.
403 2571 509 2627 Cur
532 2588 666 2642 ergo
686 2573 908 2643 mnigma
944 2572 1070 2628 illud
1105 2587 1209 2628 non
1237 2572 1390 2630 solvit
1409 2615 1425 2641 ,
1457 2588 1631 2644 neque
1656 2573 1787 2629 dixit
1820 2593 1834 2628 :

256 2662 362 2717 Non
392 2663 458 2720 de
483 2666 593 2719 hoc
625 2667 824 2734 templo
847 2667 1054 2736 loquor,
1073 2667 1166 2722 sed
1197 2666 1264 2722 de
1287 2682 1446 2723 carne
1473 2683 1621 2734 mea;
1650 2684 1835 2724 verum

254 2756 602 2826 evangelista,
631 2755 719 2810 diu
757 2765 937 2825 postea
977 2758 1213 2813 scribens
1239 2759 1570 2828 evangelium
1590 2799 1605 2825 ,
1636 2759 1836 2815 dictum

254 2845 375 2900 illud
406 2847 697 2914 explicavit
717 2888 731 2911 ,
760 2848 846 2901 ille
869 2863 996 2902 vero
1023 2849 1218 2902 tacuit?
1258 2849 1465 2916 Quare?
1500 2850 1634 2918 Quia
1660 2851 1839 2907 verbis

251 2935 364 3004 ejus
397 2936 566 2991 tidem
593 2952 700 2991 non
730 2936 1057 2992 habuissent.
1087 2938 1144 2992 Si
1170 2940 1313 2994 enim
1344 2954 1409 2993 ne
1434 2940 1647 3010 quidem
1676 2940 1840 2996 disci-

249 3025 352 3093 puli
400 3035 661 3095 poterant
707 3035 834 3081 tunc
877 3028 1171 3096 intelligere
1195 3068 1211 3093 ,
1244 3028 1412 3080 multo
1439 3029 1616 3082 minus
1651 3029 1840 3084 turbzn.

247 3118 374 3172 Cum
403 3119 735 3182 surrexisset,
759 3119 946 3187 inquit,
969 3118 1119 3172 Jesus
1140 3135 1172 3170 a
1200 3120 1428 3182 mortuis,
1455 3127 1572 3172 tunc
1598 3119 1847 3174 recordati

243 3217 365 3262 sunt
386 3248 402 3272 ,
435 3216 486 3259 et
529 3207 852 3260 crediderunt
876 3207 1092 3260 sermoni
1121 3216 1168 3260 et
1199 3206 1501 3276 Scriptum.
1553 3209 1666 3261 Duo
1703 3210 1844 3264 enim

245 3299 374 3369 ipsis
397 3307 531 3354 tunc
567 3299 1018 3368 proponebantur,
1049 3299 1372 3354 resurrectio
1394 3340 1408 3365 ,
1441 3309 1522 3364 et,
1550 3300 1690 3368 quod
1723 3316 1836 3355 ma-

244 3390 326 3458 jus
350 3397 492 3452 erat,
533 3404 664 3442 num
696 3389 832 3444 Deus
860 3398 1002 3444 esset
1027 3389 1071 3443 is
1099 3391 1187 3458 qui
1222 3389 1363 3443 intus
1389 3388 1692 3455 habitabat;
1722 3405 1839 3461 qua:

248 3481 402 3535 ambo
429 3479 797 3535 subiudicavit
819 3480 999 3534 dicens
1029 3501 1041 3535 :
1066 3479 1262 3534 Solvite
1285 3481 1526 3549 templum
1545 3481 1642 3534 hoc
1661 3522 1676 3545 ,
1712 3491 1759 3536 et
1786 3482 1838 3536 in

252 3573 402 3625 tribus
445 3571 627 3625 diebus
670 3570 894 3624 excitabo
933 3570 1064 3623 illud
1091 3586 1112 3624 :
1139 3570 1280 3640 quod
1327 3571 1520 3626 Paulus
1564 3571 1688 3626 dicit
1730 3587 1834 3628 non

251 3677 466 3730 parvum
497 3677 624 3717 esse
652 3661 940 3715 divinitatis
965 3662 1196 3730 signum,
1226 3660 1307 3716 bis
1335 3662 1514 3717 verbis
1538 3679 1551 3715 :
1579 3662 1678 3728 Qui
1698 3677 1833 3731 pra:-

249 3752 522 3805 destinatus
564 3761 642 3804 est
683 3749 846 3803 Filius
875 3750 970 3803 Dei
994 3751 1042 3803 in
1072 3752 1252 3804 virtute
1277 3750 1551 3804 secundum
1580 3751 1832 3819 Spiritum

249 3845 664 3912 sanctiﬁcationis
685 3884 700 3905 ,
731 3858 795 3896 ea:
821 3844 1176 3897 resurrectione
1203 3851 1512 3896 mortuorum
1535 3841 1660 3896 Jesu
1680 3842 1831 3898 Chri-

249 3937 310 3989 sti
332 3939 348 4003 (
374 3936 528 3990 llam.
565 3936 623 3988 1.
665 3935 756 4002 4).
787 3935 894 3988 Cur
922 3941 976 3990 et
1001 3935 1106 3989 illic
1130 3943 1185 3989 et
1211 3933 1296 3990 hic
1326 3943 1382 3989 et
1411 3935 1604 4004 ubique
1628 3935 1729 3990 hoc
1757 3935 1832 3990 sio

249 4044 402 4098 gnutn
429 4030 543 4095 dat,
570 4029 734 4082 modo
757 4027 960 4092 dicens,
983 4025 1108 4082 Cum
1133 4028 1378 4082 exaltatus
1399 4031 1541 4099 [uero
1563 4044 1582 4092 ,°
1607 4037 1682 4093 et,
1705 4027 1832 4083 Cum

252 4123 590 4176 exaltareritis
624 4119 816 4173 Filium
840 4119 1058 4174 hominis
1075 4158 1092 4185 ,
1124 4128 1242 4172 tunc
1266 4120 1574 4189 cognoscetis
1597 4119 1716 4188 quia
1743 4134 1834 4188 ego

253 4228 353 4264 sum
378 4211 560 4281 (Joan.
590 4211 675 4266 12.
698 4210 784 4266 52.
817 4219 863 4264 et
886 4209 940 4265 8.
957 4209 1064 4282 28)
1087 4226 1103 4276 ;
1134 4209 1293 4264 modo
1317 4219 1519 4272 autem,
1542 4208 1608 4262 Et
1635 4210 1836 4279 signum

253 4319 346 4355 non
375 4303 586 4356 dabitur
615 4301 751 4354 vobis
769 4341 784 4366 ,
827 4301 925 4354 nisi
949 4301 1148 4369 signum
1171 4299 1322 4352 Iona:
1346 4297 1556 4369 (Matth.
1583 4297 1669 4352 12.
1691 4298 1760 4354 59
1781 4296 1832 4370 );

255 4401 406 4462 atque
448 4393 540 4448 hic
587 4406 800 4446 rursum
825 4431 840 4458 ,
878 4389 942 4444 In
977 4390 1135 4444 tribus
1183 4389 1353 4443 diebus
1402 4389 1627 4443 excitabo
1666 4389 1796 4444 illud
1810 4389 1836 4444 Ρ

253 4482 376 4552 Quia
399 4485 503 4540 hoc
527 4484 764 4539 maxime
788 4492 1102 4552 argumento
1122 4481 1508 4537 ostendebatur
1531 4481 1701 4552 ipsum
1724 4497 1831 4537 non

256 4590 366 4631 esse
394 4591 594 4646 purum
623 4575 892 4629 hominem
915 4615 930 4639 ,
957 4573 1096 4643 quod
1121 4582 1298 4643 posset
1322 4573 1577 4628 adversus
1603 4581 1833 4628 mortem

255 4674 508 4736 trop:eum
557 4667 800 4736 erigere,
847 4680 911 4720 ac
955 4665 1259 4720 diuturnam
1309 4665 1448 4719 illius
1495 4663 1832 4737 tyrannidem

256 4755 579 4830 dilticileque
619 4759 813 4813 bellum
849 4757 979 4813 illud
1021 4766 1124 4810 tam
1167 4757 1272 4810 cito
1311 4756 1537 4811 solvere.
1588 4755 1712 4810 ldeo
1738 4755 1832 4818 ait,

260 4846 393 4903 Tunc
411 4849 602 4904 scietis.
623 4847 784 4908 Tunc.
807 4847 1178 4917 quandonam?
1204 4847 1334 4900 Cum
1357 4855 1633 4915 postquam
1654 4859 1836 4898 resur-

261 4954 465 5004 revero,
497 4939 764 4994 attraham
810 4947 977 4992 totum
1021 4939 1226 5003 orbem,
1269 4947 1396 4992 tunc
1434 4936 1614 4991 scietis
1657 4951 1742 4989 me
1782 4943 1838 4988 ut

263 5028 417 5081 Deum
445 5039 496 5083 et
527 5044 715 5085 verum
749 5028 843 5083 Dei
871 5028 1057 5082 Filium
1081 5027 1129 5083 id
1156 5029 1363 5092 fecisse,
1385 5026 1450 5080 ad
1478 5025 1835 5080 ulciscendam

262 5119 397 5174 Patri
425 5121 628 5175 illatam
659 5121 1055 5176 contumeliam.
1085 5119 1192 5175 Cur
1215 5130 1391 5174 autem
1417 5133 1522 5172 non
1551 5118 1699 5182 dicit,
1723 5117 1839 5186 qui-

260 5211 354 5265 bus
373 5227 508 5281 opus
533 5221 678 5268 esset
708 5213 894 5282 signis,
924 5211 990 5265 ad
1023 5211 1160 5267 male
1188 5211 1382 5266 factum
1411 5207 1722 5269 tollendum,
1745 5208 1838 5262 sed

259 5317 316 5355 se
340 5305 557 5372 signum
593 5303 839 5358 daturum
867 5319 985 5359 esse
1015 5303 1286 5373 pollicitus
1310 5301 1427 5356 est?
1456 5300 1590 5367 Quia
1617 5299 1694 5353 sic
1723 5299 1842 5354 illos

262 5395 426 5465 magis
465 5395 762 5459 irritasset;
807 5395 909 5450 hoe
948 5405 1126 5449 autem
1166 5394 1327 5448 modo
1354 5392 1524 5460 magis
1561 5392 1836 5445 exterruit.

264 5487 512 5542 Attamen
557 5489 682 5542 nihil
711 5488 776 5540 ad
805 5487 906 5542 hoc
935 5487 1330 5558 responderunt
1359 5503 1374 5539 :
1401 5483 1675 5538 videbatur
1702 5488 1841 5541 enim

265 5575 366 5632 illis
406 5578 723 5632 incredibile
758 5579 1026 5650 quidpiam
1065 5579 1250 5633 dicere
1271 5619 1286 5643 ,
1319 5589 1422 5630 nec
1449 5573 1586 5627 ultra
1616 5572 1844 5628 interro-

588 5671 853 5732 ΡΑτιιοι..
900 5674 1014 5732 Gn.
1069 5677 1132 5731 l.l
1149 5677 1225 5735 Χ.

3452 201 3547 258 112

1954 318 2081 372 gare
2108 302 2420 369 valuerunt;
2453 313 2506 358 et
2533 303 2684 374 quasi
2715 317 2799 358 res
2828 302 2942 360 ﬁeri
2964 317 3066 359 non
3097 315 3298 375 posset,
3325 310 3542 366 missam

1956 391 2099 445 illam
2137 392 2393 448 iecerunt.
2424 392 2576 458 Quod
2604 393 2648 448 si
2678 403 2855 448 mente
2881 393 3204 462 valuissent,
3229 396 3442 453 etiamsi
3480 401 3540 455 il-

1955 481 2043 536 lud
2073 481 2384 537 incredibile
2413 482 2684 538 videretur
2709 498 2850 548 esse,
2882 493 3162 554 postquam
3194 489 3359 541 multa
3390 489 3536 559 signa

1954 571 2174 636 fecerat,
2203 582 2328 627 tunc
2358 573 2774 644 interrogassent
2805 573 2952 628 illum
2977 614 2991 638 ,
3027 583 3152 630 tunc
3177 579 3377 646 precati
3411 578 3536 635 luis-

1952 673 2074 718 seut
2093 674 2151 718 ut
2175 665 2386 720 illorum
2407 666 2787 721 dubitationem
2811 666 3077 732 solveret;
3107 669 3200 724 sed
3226 669 3398 724 insani
3418 687 3538 725 cu-n

1952 765 2153 821 essent,
2184 755 2302 810 aliis
2323 755 2478 812 dictis
2503 771 2570 813 nc
2596 757 2872 811 minimum
2903 757 3118 828 quidem
3149 760 3489 814 attenderant
3524 777 3536 809 :

1952 846 2054 900 alia
2081 858 2210 900 vero
2237 861 2358 901 cum
2397 848 2531 902 mala
2560 857 2736 903 mente
2763 847 3066 903 audiebant.
3114 848 3345 920 Ideoque
3371 849 3532 906 Chri-

1952 949 2066 994 stus
2095 941 2426 1012 aenigmatiee
2445 943 2573 1014 ipsis
2599 943 2934 1012 loquebatur.

2025 1031 2128 1085 Cur
2139 1031 2365 1087 Christus
2377 1050 2476 1087 non
2489 1034 2582 1088 nisi
2594 1035 2907 1104 wnigmatice
2917 1035 3173 1106 discipulis
3186 1035 3247 1090 de
3257 1051 3352 1090 sua
3363 1039 3532 1104 futura

1954 1124 2316 1177 resurrectione
2337 1124 2530 1178 locutus
2552 1126 2719 1195 fuerit.
2749 1126 3103 1195 Apostolorum
3139 1128 3294 1183 virtus
3319 1138 3530 1200 quanta.

1956 1212 2293 1285 Eleemosyna
2315 1215 2712 1270 commendatur.
2731 1248 2801 1256 —
2820 1217 2927 1272 Sed
2955 1219 3094 1288 quod
3121 1220 3228 1288 jam
3251 1221 3542 1300 quaeritur;

1956 1302 2060 1357 hoc
2086 1314 2169 1358 est
2193 1345 2209 1370 ,
2241 1321 2338 1360 cur
2365 1305 2609 1375 discipuli
2641 1321 2746 1361 non
2779 1309 3022 1362 noverint
3050 1309 3222 1378 ipsum
3250 1325 3280 1364 a
3311 1312 3538 1367 mortuis

1955 1403 2379 1450 resurrecturum
2407 1397 2560 1451 esse?
2583 1396 2716 1463 Quia
2745 1397 2978 1451 nondum
3009 1397 3238 1468 Spiritus
3264 1399 3432 1468 gratia
3457 1399 3536 1454 di-

1957 1484 2098 1553 gnati
2137 1483 2367 1540 fuerant.
2409 1486 2750 1557 Quapropter
2773 1487 2841 1542 de
2871 1490 3261 1546 resurrectione
3289 1490 3530 1561 frequen-

1957 1582 2038 1628 ter
2058 1574 2366 1641 audientes,
2401 1576 2531 1630 nihil
2557 1577 2926 1648 intelligebant
2953 1596 2968 1632 :
3001 1579 3094 1633 sed
3124 1580 3423 1649 cogitabant
3447 1581 3526 1635 in-

1953 1674 2030 1719 tra
2059 1681 2119 1721 se
2147 1667 2271 1736 quid
2295 1667 2397 1722 hoe
2419 1677 2580 1723 esset.
2612 1669 2742 1723 Nam
2772 1669 3090 1739 stupendum
3113 1681 3167 1726 et
3197 1675 3531 1741 inexspecta-

1951 1763 2058 1810 tum
2088 1765 2225 1822 erat,
2251 1758 2391 1828 quod
2415 1758 2710 1826 dicebatur,
2743 1761 2884 1831 quod
2913 1776 3106 1832 nempe
3125 1762 3390 1832 quispiam
3409 1778 3529 1820 sese

1946 1855 2124 1916 posset
2155 1848 2505 1914 resnscitare,
2535 1858 2694 1920 atque
2724 1851 2813 1904 illo
2839 1850 3000 1906 modo
3025 1853 3367 1908 resuscitare.
3398 1853 3522 1910 ldeo

1949 1935 2136 1992 Petrus
2165 1936 2470 2008 increpatus
2495 1938 2611 2002 fuit,
2637 1940 2778 2010 quod
2819 1955 2938 1994 eum
2977 1940 3109 1996 nihil
3135 1951 3318 1998 nosset
3349 1942 3416 1998 de
3447 1960 3529 1999 reo

1948 2027 2314 2093 surrectione,
2355 2030 2558 2084 diceret
2589 2049 2602 2085 :
2637 2029 2894 2100 Propitius
2921 2040 3024 2085 esto
3055 2033 3142 2086 tibi
3177 2033 3406 2102 (Matth.
3445 2036 3527 2090 l6.

1947 2119 2061 2188 22).
2090 2119 2274 2190 Neque
2301 2120 2543 2176 Christus
2571 2131 2694 2178 ante
2724 2138 2836 2177 rem
2865 2123 3031 2192 ipsam
3057 2123 3157 2177 hoc
3186 2125 3293 2178 illis
3323 2126 3528 2182 revela-

1949 2210 2042 2272 vit,
2074 2226 2142 2266 ne
2170 2211 2274 2265 illis
2294 2211 2614 2268 olfcndiculo
2640 2222 2813 2279 esset,
2845 2213 2932 2283 qui
2960 2214 3110 2268 initio
3134 2215 3217 2269 vix
3242 2214 3398 2270 (idem
3432 2215 3525 2270 ha-

1949 2300 2144 2356 bebant
2169 2303 2231 2357 iis
2246 2319 2362 2372 quae
2383 2304 2712 2370 dicebantur,
2727 2305 2867 2375 quod
2890 2320 2950 2360 ea
2972 2306 3256 2362 admodum
3281 2310 3526 2378 inexspe-

1945 2402 2084 2447 ctata
2114 2401 2312 2454 essent.
2341 2408 2516 2464 neque
2541 2395 2686 2450 clare
2710 2395 2911 2451 scirent
2933 2397 3053 2464 quis
3081 2406 3224 2452 esset
3249 2398 3426 2454 .lesus.
3459 2399 3526 2455 lis

1943 2482 2083 2536 enim
2123 2497 2242 2552 qua:
2279 2483 2531 2553 operibus
2565 2483 2692 2554 ipsis
2721 2485 2862 2540 clare
2899 2486 3333 2556 comprobantur,
3367 2503 3526 2543 nemo

1944 2571 2100 2627 ﬁdem
2141 2575 2442 2643 negaverit;
2487 2573 2594 2629 illis
2620 2589 2746 2630 vero
2776 2591 2893 2644 quae
2921 2575 3101 2631 verbis
3137 2577 3309 2631 solum
3347 2579 3526 2646 prole-

1943 2662 2215 2726 rebantur,
2244 2663 2533 2718 verisimile
2555 2672 2667 2718 erat
2697 2662 2954 2734 quosdam
2983 2663 3138 2720 ﬁdem
3164 2680 3284 2720 esse
3307 2677 3524 2736 negatu~

1942 2766 2052 2807 ros.
2083 2752 2284 2808 Idcirco
2303 2753 2512 2810 sinebat
2537 2754 2685 2809 initio
2709 2769 2818 2809 rem
2841 2755 3099 2810 occultam
3123 2772 3360 2812 manere.
3391 2758 3520 2813 Cum

1943 2851 2119 2896 autem
2145 2844 2513 2912 experimento
2541 2843 2678 2899 dicta
2706 2858 2800 2898 sua
2821 2859 2945 2899 vera
2971 2847 3374 2917 comprababat,
3401 2858 3524 2904 tunc

1944 2932 2229 2987 verborum
2269 2933 2428 2988 dabat
2467 2933 2906 3003 intelligentiam,
2946 2944 3252 3005 tantamque
3293 2936 3522 3006 Spiritus

1947 3023 2195 3092 gratiam,
2219 3031 2278 3076 nt
2302 3023 2582 3078 confestim
2606 3025 2783 3078 omnia
2807 3025 3126 3093 acciperent.
3157 3026 3255 3080 Ille
3273 3029 3424 3090 enim,
3446 3027 3524 3081 iu-

1949 3113 2098 3183 quit,
2129 3113 2266 3166 vobis
2291 3115 2691 3168 commemorabit
2716 3115 2904 3169 omnia.
2946 3115 3077 3170 Nam
3103 3118 3189 3186 qui
3217 3127 3525 3187 conceptam

1949 3202 2017 3257 de
2043 3203 2134 3258 illo
2164 3203 2544 3269 reverentiam,
2570 3219 2673 3258 una
2701 3219 2921 3274 vespera
2948 3205 3329 3274 deposuerunt,
3357 3223 3420 3262 ac
3446 3207 3520 3262 [ιιι

1945 3301 2160 3363 gerunt,
2192 3292 2282 3362 qui
2307 3307 2366 3348 se
2393 3291 2644 3348 dicebant
2663 3309 2767 3348 non
2793 3309 2954 3370 nosse
2980 3295 3148 3360 illum,
3174 3298 3258 3351 vix
3288 3299 3523 3352 omnium

1944 3397 2064 3452 qum
2089 3381 2254 3436 multo
2286 3392 2523 3451 tempore
2549 3381 2685 3437 l‘aeta
2711 3383 2956 3453 dictaque
2985 3385 3224 3450 fuerant,
3259 3387 3521 3444 recordati

1940 3469 2197 3538 fuissent,
2239 3470 2337 3525 nisi
2377 3486 2619 3541 magnam
2667 3473 2979 3542 consequuti
3029 3473 3252 3530 fuissent
3289 3476 3522 3546 Spiritus

1938 3564 2183 3634 gratiam.
2231 3563 2286 3618 Si
2330 3578 2454 3619 vero
2476 3603 2492 3628 ,
2524 3564 2764 3635 inquies,
2793 3581 2823 3619 a
2850 3567 3049 3635 Spiritu
3075 3567 3302 3622 audituri
3331 3581 3518 3638 erant,

1937 3653 2064 3723 quid
2090 3668 2224 3723 opus
2251 3663 2364 3708 erat
2393 3653 2512 3709 illos
2536 3670 2657 3710 cum
2689 3655 2902 3710 Christo
2931 3659 3152 3722 versari,
3179 3673 3284 3713 non
3312 3659 3521 3716 intelle-

1936 3754 2115 3801 cturos
2136 3761 2198 3801 ea
2227 3761 2343 3816 qua:
2367 3745 2716 3802 dicebantur?
2735 3747 2994 3816 Quoniam
3026 3749 3256 3820 Spiritus
3284 3766 3390 3806 non
3415 3750 3518 3805 do-

1936 3837 2064 3903 cuit,
2111 3837 2205 3892 sed
2255 3837 2307 3892 in
2351 3840 2662 3892 memoriam
2707 3841 2974 3893 revocavit
3014 3855 3076 3894 ea
3114 3857 3234 3910 qua:
3278 3841 3522 3899 Christus

1935 3927 2160 3984 dixerat.
2205 3927 2320 3982 Non
2347 3942 2532 3993 parum
2561 3937 2738 3982 autem
2764 3929 2830 3982 ad
2857 3929 3080 3997 gloriam
3105 3929 3303 3984 Christi
3333 3932 3521 3987 conle-

1937 4022 2108 4087 rebat,
2133 4018 2275 4090 quod
2305 4017 2534 4088 Spiritus
2559 4017 2858 4073 mitteretur
2877 4018 2944 4074 ad
2967 4019 3328 4075 renovandam
3347 4020 3516 4074 dicto-

1939 4131 2056 4170 rum
2083 4129 2300 4170 suornm
2325 4111 2659 4166 memoriam.
2703 4109 2858 4166 Initio
2885 4113 3102 4183 quidem
3130 4129 3197 4168 ex
3229 4113 3320 4166 Dei
3353 4113 3517 4168 bene-

1939 4209 2060 4264 licio
2091 4207 2220 4272 luit,
2249 4203 2391 4276 quod
2421 4201 2654 4274 Spiritus
2681 4203 2852 4273 gratia
2883 4205 3180 4267 involaret,
3207 4204 3276 4258 ita
3305 4203 3518 4273 copiosa

1939 4306 1996 4354 et
2036 4297 2244 4368 ampla;
2293 4293 2486 4350 deinde
2523 4307 2709 4348 eorum
2739 4292 2950 4348 virtutis
2984 4292 3102 4360 fuit,
3142 4293 3282 4363 quod
3322 4293 3520 4350 donum

1942 4397 2145 4443 tantum
2190 4386 2500 4440 retinerent.
2533 4381 2704 4438 Vitam
2746 4382 2942 4454 quippe
2983 4383 3264 4439 sanctitate
3303 4385 3516 4454 conspi-

1939 4493 2093 4534 cuam
2132 4477 2417 4540 ducebant,
2449 4475 2774 4546 multamque
2815 4475 3130 4546 sapientiam
3166 4475 3518 4541 exhibebant,

1940 4573 2257 4641 laboresque
2279 4582 2498 4639 magnos
2519 4585 2534 4624 :
2561 4567 2724 4623 vitam
2747 4577 3062 4638 pnesentem
3085 4566 3517 4633 contemnebant,

1935 4664 2172 4718 humana
2217 4660 2365 4716 nihili
2406 4659 2730 4732 pendebant,
2782 4659 2877 4714 sed
2921 4661 3227 4727 superiores
3273 4655 3521 4712 omnibus

1941 4755 2122 4820 luere;
2151 4768 2214 4808 ac
2232 4753 2368 4808 sicut
2392 4752 2585 4822 aquila:
2613 4751 2760 4806 leves
2786 4749 2838 4802 in
2868 4748 3031 4802 altum
3055 4747 3314 4812 volantes,
3343 4749 3519 4817 operi-

1941 4849 2041 4904 bus
2068 4845 2135 4902 ad
2163 4846 2335 4916 ipsum
2361 4844 2550 4901 etelum
2582 4838 2986 4912 pertingebant,
3021 4855 3218 4910 perque
3242 4854 3400 4909 opera
3434 4839 3518 4892 in-

1941 4947 2154 5010 gentem
2181 4935 2409 5007 Spiritus
2430 4933 2656 5005 gratiam
2688 4928 3015 4983 obtinebant.
3065 4930 3174 4986 llos
3214 4930 3392 5000 itaque
3425 4945 3519 4983 nos

1940 5045 2150 5101 quoque
2172 5030 2472 5084 imitemur:
2492 5039 2559 5079 ne
2575 5022 2971 5089 exstinguamus
2992 5021 3262 5092 lampades
3289 5027 3511 5087 uestras,

1942 5122 2034 5178 sed
2055 5121 2255 5176 lucidas
2276 5134 2374 5189 per
2393 5117 2788 5181 eleemosynam
2811 5110 3112 5166 reddamus.
3138 5111 3366 5179 llujusee
3389 5107 3520 5176 ignis

1944 5216 2121 5270 lumen
2149 5214 2218 5267 ita
2247 5216 2513 5266 servatur.
2540 5203 2864 5269 Colligamus
2893 5203 3049 5272 igitur
3075 5203 3250 5257 oleum
3277 5204 3328 5256 in
3359 5201 3524 5260 vasis.

1944 5303 2069 5360 dum
2097 5302 2349 5356 vivimus.
2388 5294 2573 5360 Neque
2599 5289 2739 5342 enim
2772 5298 2890 5357 post
2924 5291 3215 5345 discessum
3257 5292 3401 5344 hunc
3427 5302 3522 5341 no-

1945 5402 2114 5447 strum
2153 5397 2440 5460 possumus
2471 5375 2603 5432 illud
2639 5389 2850 5442 emere,
2879 5394 2978 5434 nec
3015 5379 3226 5438 aliunde
3252 5379 3525 5444 accipere.

1948 5482 2049 5538 nisi
2078 5495 2172 5551 per
2193 5487 2384 5532 manus
2405 5480 2716 5540 pauperum.
2744 5466 2896 5534 Illud,
2919 5471 3151 5540 inquam,
3169 5474 3294 5528 hinc
3315 5464 3530 5520 abunde

1951 5571 2285 5643 colligamus,
2315 5564 2360 5620 si
2392 5559 2621 5615 velimus
2655 5571 2772 5614 cum
2797 5574 2992 5630 sponso
3026 5562 3226 5629 ingredi
3258 5556 3388 5612 :sin
3429 5554 3532 5608 mi-

3164 5654 3204 5713 9
