4012 6194
470 283 572 339 1ιό

469 410 569 448 nus
593 434 607 457 ,
637 401 785 448 extra
816 385 1101 443 thalamum
1132 383 1434 440 necessario
1464 380 1817 436 manebimus.
1849 377 2053 448 Impos-

469 485 623 540 sibile
650 483 791 537 enim
817 522 832 546 ,
874 475 1233 547 impossibile,
1266 477 1503 544 inquam,
1536 480 1634 537 est,
1666 469 1873 525 etiamsi
1907 467 2054 523 mille

473 578 606 629 bona
636 572 856 627 edamus
884 584 1069 638 opera,
1103 568 1218 621 sine
1248 566 1585 635 eleemosyna
1610 563 1672 617 ad
1696 564 1843 632 regni
1872 560 2054 615 limina

472 660 695 733 ingredi.
730 660 855 715 Ideo
886 659 1029 712 illam
1059 656 1344 711 admodum
1378 654 1666 710 liberaliter
1687 651 2053 716 exhibeamus,

1244 273 1299 327 S.
1341 269 1615 327 JOANNIS
1649 265 2115 326 CHRYSOSTOMI
2156 263 2471 321 ARCIIIEP.
2512 262 3038 322 CONSTANTINOP.

3641 268 3739 322 Nl.

2158 384 2213 429 ut
2252 372 2603 428 ineffabilibus
2634 374 2870 431 fruamur
2906 377 3059 432 bonis
3079 421 3092 444 ,
3122 394 3240 448 que
3270 380 3471 433 utinam
3504 395 3601 435 nos
3627 397 3739 435 om-

2159 478 2254 519 nes
2281 478 2693 534 consequamur,
2720 467 2886 535 gratia
2908 479 2959 522 et
2986 469 3309 538 benignitate
3339 470 3547 524 Domini
3574 476 3740 526 nostri

2159 553 2284 610 Iesu
2312 553 2529 622 Christi,
2562 558 2643 610 cui
2675 558 2837 626 gloria
2866 568 2919 613 et
2950 560 3227 627 imperium
3258 560 3487 631 ubique,
3525 579 3666 620 nunc
3694 576 3747 621 et

2161 661 2395 715 semper,
2419 657 2472 703 ct
2502 648 2553 702 in
2583 650 2776 704 stecnla
2805 652 3142 706 sa'culurum.
3177 656 3367 709 Amen.

479 778 3728 810 mm

1798 853 2144 917 HOMILIA
2185 853 2422 915 XXIV.

473 1008 560 1062 25.
592 1006 715 1061 Cum
737 1016 901 1059 autem
931 1014 1054 1059 esset
1075 1002 1406 1073 Jerosolymis
1426 1002 1478 1054 in
1501 999 1703 1054 Pascha
1720 999 1771 1052 in
1792 998 1873 1052 die
1899 999 2057 1068 festo,

903 1097 1047 1151 multi
1074 1096 1392 1150 crediderunt
1420 1093 1471 1146 in
1497 1107 1632 1145 eum.

549 1192 602 1246 1.
644 1189 795 1245 Tunc
815 1203 882 1243 ex
923 1187 1229 1243 hominibus
1279 1186 1383 1240 illis
1415 1184 1505 1238 alii
1536 1181 1750 1253 quidem
1795 1179 1845 1235 in
1878 1192 2059 1233 errore

477 1279 808 1350 perstabant,
840 1278 928 1333 alii
955 1277 1235 1332 veritatem
1274 1273 1750 1343 amplexabantur;
1786 1284 1970 1325 verum
1994 1283 2057 1323 ex

475 1373 559 1426 his
585 1370 825 1426 nonnulli
856 1370 1003 1424 brevi
1052 1376 1252 1422 tantum
1285 1366 1584 1422 retinebant
1615 1364 1780 1426 illam,
1814 1370 1868 1417 et
1903 1361 1969 1415 ab
1999 1375 2061 1414 ea

476 1461 689 1517 demum
713 1459 1047 1515 excidebant.
1068 1458 1177 1513 llos
1194 1457 1434 1512 Christus
1452 1453 1822 1517 snbindicavit,
1850 1450 2063 1521 quando

478 1554 622 1622 ipsos
675 1551 968 1606 seminibus
1019 1548 1384 1618 comparavit,
1444 1564 1561 1617 qua:
1619 1562 1722 1601 non
1777 1543 2065 1615 profundas

479 1642 752 1696 mitterent
780 1639 987 1694 radices
1010 1679 1025 1703 ,
1065 1638 1159 1693 sed
1193 1652 1283 1693 eas
1311 1638 1362 1691 in
1392 1637 1673 1705 superficie
1702 1645 1858 1690 terrm
1889 1649 2062 1704 pone-

479 1739 621 1797 rent,
649 1744 781 1800 quos
809 1730 916 1784 cito
945 1728 1119 1797 perire
1147 1727 1299 1782 dixit.
1334 1727 1441 1782 llos
1469 1742 1678 1797 quoque
1715 1725 1803 1780 hic
1830 1739 2065 1780 comme-

480 1831 653 1877 morat
674 1821 995 1889 evangelista
1027 1836 1146 1874 cum
1175 1818 1246 1873 ait
1274 1837 1285 1871 :
1317 1818 1443 1873 Cum
1469 1828 1633 1871 autent
1660 1827 1784 1872 esset
1803 1816 2062 1886 Jerosoly-

479 1914 573 1967 ntis
612 1913 664 1965 in
714 1909 915 1966 Pascha
940 1911 993 1964 in
1024 1911 1105 1963 die
1134 1914 1281 1981 festo,
1311 1909 1458 1963 multi
1496 1912 1815 1964 crediderunt
1838 1910 1890 1963 in
1930 1926 2062 1975 eum,

481 2004 697 2057 videntes
726 2003 835 2072 ejus
862 2003 1007 2073 signa
1035 2016 1148 2072 qua:
1187 2000 1422 2070 faciebat.
1449 2002 1539 2056 24.
1575 2000 1696 2071 Ipse
1723 2010 1887 2055 autem
1915 2000 2066 2056 Iesus

481 2108 582 2145 non
607 2108 658 2145 se
685 2092 914 2145 credebat
944 2092 1035 2146 eis.
1062 2090 1351 2146 Firmiores
1375 2100 1527 2145 erant
1552 2092 1814 2161 discipuli,
1844 2092 1932 2161 qui
1958 2107 2064 2145 non

481 2182 648 2253 signis
671 2191 873 2236 tantum
896 2224 910 2246 ,
942 2182 1037 2237 sed
1080 2182 1241 2236 etiam
1275 2180 1515 2236 doctrina
1558 2183 1783 2251 permoti
1823 2196 2066 2237 accesseo

483 2281 624 2327 runt.
656 2271 960 2327 Crassiores
996 2272 1193 2341 quippe
1230 2272 1375 2341 signa
1400 2272 1818 2342 pertrahebant,
1860 2274 2068 2327 ratione

485 2361 734 2431 praeditos
761 2360 1056 2432 prophetia:
1098 2371 1151 2415 et
1193 2362 1453 2416 doctrina.
1479 2363 1750 2433 Quotquot
1788 2364 1947 2433 igitur
1974 2379 2069 2433 per

484 2455 776 2509 doctrinam
806 2453 942 2522 capti
973 2461 1114 2517 sunt,
1138 2450 1189 2505 hi
1221 2452 1493 2521 signorum
1519 2455 1839 2524 sequacibus
1864 2455 2069 2509 firmio-

486 2561 572 2601 res
600 2554 786 2609 erant;
833 2558 965 2615 quos
1004 2552 1058 2598 et
1105 2542 1349 2599 Christus
1387 2544 1574 2600 beatos
1622 2546 1943 2615 prmdicabat
1987 2545 2070 2601 bis

487 2638 665 2693 verbis
698 2655 710 2690 :
739 2635 883 2689 Beati
908 2635 995 2706 qui
1023 2652 1124 2689 non
1161 2635 1411 2702 viderunt,
1435 2645 1481 2688 et
1506 2636 1833 2689 crediderunt
1859 2637 1877 2706 (
1909 2636 2066 2690 Joan.

486 2726 577 2781 20.
609 2726 741 2795 29).
768 2725 918 2793 Quod
953 2734 1129 2779 autem
1160 2725 1235 2778 illi
1272 2740 1378 2779 non
1418 2725 1529 2780 veri
1564 2734 1741 2780 essent
1788 2726 2067 2797 discipuli,

486 2817 677 2887 probat
707 2817 757 2869 id
784 2815 923 2885 quod
952 2815 1288 2885 subiungitur
1320 2833 1333 2868 :
1364 2814 1485 2886 Ipse
1507 2815 1659 2870 Jesus
1686 2832 1785 2871 non
1826 2834 1880 2871 se
1902 2816 2072 2871 crede-

487 2909 579 2963 bat
600 2910 688 2963 eis.
722 2908 935 2976 Quare?
964 2908 1095 2973 Quia
1115 2909 1287 2962 omnia
1306 2910 1322 2940 ¹
1354 2919 1578 2975 noverat,
1609 2909 1699 2965 25.
1733 2920 1779 2965 et
1798 2910 1918 2982 quia
1946 2926 2073 2977 opus

488 3016 589 3054 non
615 3010 719 3054 erat
741 3010 794 3053 ut
814 3000 924 3068 quis
946 3001 1279 3054 testimonium
1302 3001 1580 3070 perhiberet
1608 3002 1672 3056 de
1700 3002 1901 3056 homine
1923 3043 1937 3068 ,
1966 3004 2071 3075 ipse

489 3092 619 3145 enim
639 3091 821 3145 sciebat
841 3090 964 3162 quid
984 3099 1105 3144 esset
1131 3092 1183 3144 in
1206 3091 1423 3145 homine.
1452 3091 1506 3145 Id
1524 3098 1628 3157 est,
1654 3093 1814 3147 verba
1843 3110 1948 3147 non
1980 3109 2075 3149 cu-

489 3181 659 3245 rabat,
685 3181 773 3251 qui
804 3181 857 3235 in
885 3182 996 3251 ipsa
1026 3182 1187 3236 corda
1230 3190 1474 3251 penetrat
1515 3191 1567 3237 et
1598 3194 1835 3250 mentes;
1872 3195 1925 3240 et
1952 3200 2071 3240 cum

490 3270 755 3327 fervorem
778 3272 988 3326 illorum
1019 3281 1417 3341 temporaneum
1442 3288 1561 3328 esse
1586 3276 1786 3340 sciret,
1815 3292 1920 3330 non
1943 3276 2074 3332 fide-

493 3360 583 3415 bat
629 3361 708 3415 eis
758 3368 814 3413 ut
846 3359 1094 3429 perfectis
1128 3360 1439 3428 discipulis:
1472 3376 1576 3416 non
1613 3366 1790 3417 omnia
1822 3365 1951 3434 ipsis
1979 3366 2073 3421 do-

489 3456 663 3518 gmata
693 3448 951 3515 tradebat,
993 3451 1140 3518 quasi
1178 3449 1331 3502 fidem
1365 3450 1588 3505 firmiter
1614 3460 1793 3506 essent
1821 3456 2068 3523 amplexi.

492 3539 661 3594 Nosse
688 3550 866 3594 autem
892 3555 952 3594 ea
984 3556 1104 3609 qua:
1133 3542 1185 3594 in
1232 3541 1396 3596 corde
1422 3542 1696 3597 hominum
1733 3554 1892 3610 sunt,
1934 3546 2073 3601 illius

494 3638 695 3683 tantum
724 3638 824 3694 est,
855 3629 954 3695 Qui
972 3630 1392 3701 [inxitsigillatim
1418 3632 1573 3685 corda
1606 3633 1788 3705 (Psal.
1814 3636 1903 3691 32.
1935 3635 2071 3709 15),

494 3734 686 3789 nempe
713 3719 878 3773 solius
912 3720 1027 3773 Dei.
1070 3719 1203 3774 Nam
1248 3719 1344 3785 Tu,
1379 3721 1571 3791 inquit,
1621 3725 1880 3794 cognoscis
1920 3727 2075 3781 corda

492 3812 632 3865 solus
662 3811 681 3883 (
708 3812 761 3867 3.
795 3809 920 3882 Reg.
960 3811 1011 3867 8.
1043 3812 1177 3883 59).
1222 3811 1338 3868 Non
1359 3814 1549 3884 egebat
1593 3816 1847 3884 testibus,
1888 3825 1947 3872 ut
1983 3832 2075 3874 eas

495 3917 627 3974 quas
655 3902 981 3957 formaverat
1021 3904 1634 3975 mentes’cognosceret;
1680 3906 1907 3978 ideoque
1936 3917 2074 3964 tem-

494 3992 985 4064 poraneteipsorum
1004 3993 1124 4049 fidei
1144 4010 1248 4049 non
1267 3996 1843 4053 confidebat.Homines
1857 4000 2072 4070 quippe,

493 4084 579 4154 qui
610 4098 785 4154 neque
824 4084 1105 4153 praesentia
1143 4100 1318 4156 neque
1348 4087 1519 4143 futura
1548 4098 1777 4156 norunt,
1810 4104 1952 4160 saepe
1978 4091 2074 4145 do-

495 4175 609 4231 lose
636 4174 1012 4231 accedentibus
1040 4186 1095 4231 et
1121 4178 1276 4247 paulo
1295 4186 1414 4248 post
1439 4181 1729 4236 reeessuris
1758 4181 1939 4235 omnia
1959 4181 2074 4237 sine

494 4254 603 4322 ullo
634 4276 777 4322 metu
798 4266 981 4322 dicunt
1004 4277 1060 4324 et
1092 4268 1327 4324 tradunt.
1350 4270 1593 4327 Christus
1616 4288 1746 4328 vero
1780 4288 1886 4329 non
1919 4274 2069 4340 item;

493 4371 617 4413 nam
642 4372 833 4412 arcana
860 4373 1045 4413 eorum
1073 4360 1251 4415 omnia
1294 4360 1462 4432 probe
1491 4363 1712 4418 sciebat.
1751 4364 1904 4420 Tales
1931 4379 2073 4420 nunc

493 4457 617 4504 sunt
646 4448 819 4516 multi,
856 4450 948 4520 qui
989 4450 1222 4506 fidelium
1251 4452 1465 4523 quidem
1495 4470 1687 4509 nomen
1718 4455 1947 4523 habent,
1976 4456 2071 4512 sed

491 4541 771 4596 versatiles
810 4549 864 4596 et
891 4542 1257 4597 inconstantes
1282 4553 1425 4599 sunt.
1456 4545 1582 4601 Ideo
1606 4546 1854 4602 Christus
1879 4563 1987 4602 non
2014 4562 2071 4603 se

491 4630 660 4686 credit
703 4631 803 4698 eis,
834 4631 927 4687 sed
982 4632 1204 4703 plurima
1237 4634 1364 4702 ipsis
1398 4637 1647 4691 occultat.
1684 4638 1752 4693 Ut
1795 4639 1934 4694 enim
1973 4653 2072 4695 nos

492 4736 599 4775 non
654 4723 842 4777 amicis
885 4722 1232 4792 quibuslibet,
1282 4724 1374 4778 sed
1426 4726 1566 4781 veris
1609 4726 1855 4794 fidimus;
1910 4729 1980 4783 ita
2018 4738 2072 4784 et

494 4811 633 4865 Deus
661 4816 703 4865 '.
736 4811 872 4866 Audi
915 4812 1095 4883 itaque
1136 4813 1261 4883 quid
1293 4813 1537 4869 Christus
1569 4816 1841 4886 discipulis
1884 4820 2067 4879 dicat:

491 4900 614 4953 Non
650 4900 766 4971 jam
805 4902 917 4955 dico
961 4920 1046 4957 vos
1079 4920 1245 4959 servos
1269 4922 1288 4957 :
1314 4920 1400 4959 vos
1437 4907 1569 4961 enim
1608 4909 1759 4963 amici
1796 4910 1892 4964 mei
1928 4913 2065 4967 estis.

491 4991 664 5059 Unde,
688 5003 742 5048 et
770 4996 976 5064 quare?
1007 4995 1137 5061 Quia
1164 4998 1352 5067 omnia,
1376 5015 1489 5063 qua:
1508 5000 1677 5054 audivi
1695 5016 1727 5054 a
1754 5000 1911 5056 Patre
1934 5019 2065 5070 meo,

488 5094 607 5139 uota
648 5086 746 5155 feci
772 5085 908 5140 vobis
938 5088 955 5156 (
983 5087 1139 5143 Joan.
1164 5089 1248 5144 15.
1283 5091 1351 5146 14
1372 5088 1415 5161 ).
1446 5091 1646 5147 Idcirco
1670 5107 1842 5164 neque
1869 5093 2069 5150 iudicis

488 5178 637 5247 signa
667 5178 969 5247 petentibus
999 5178 1192 5248 dabat,
1225 5182 1347 5251 quia
1389 5182 1464 5237 illi
1495 5190 1761 5240 tentantes
1790 5186 2066 5255 petebant.

488 5270 677 5322 Annon
711 5279 767 5323 ut
795 5270 944 5337 olim,
967 5270 1045 5326 sic
1067 5287 1206 5328 nunc
1234 5288 1442 5344 quoque
1470 5275 1615 5346 signa
1646 5285 1828 5346 petere
1859 5286 2066 5335 tentan-

489 5360 619 5413 tium
647 5360 772 5414 est?
799 5360 928 5416 Nam
951 5371 1076 5417 sunt
1101 5363 1362 5435 hodieque
1390 5367 1478 5436 qui
1505 5378 1749 5437 quaerunt
1776 5384 1839 5426 ac
1858 5370 2062 5437 dicunt,

489 5451 594 5505 Cur
625 5465 730 5506 non
756 5452 913 5507 etiam
946 5469 1086 5510 nunc
1114 5456 1261 5525 signa
1294 5457 1460 5512 fiunt?
1489 5458 1545 5515 Si
1575 5459 1747 5517 fidelis
1776 5475 1835 5518 es
1865 5471 1920 5519 ut
1946 5476 2065 5521 esse

552 5581 571 5653 ἒ
605 5578 697 5653 alii
723 5581 1119 5653 ιεξυεηιηοιῖυξεεν
1138 5582 1264 5653 loco.
1288 5586 1465 5638 οπιπία-

549 5640 575 5670 ι
603 5640 719 5702 Alli,
738 5641 805 5693 ita
825 5650 871 5695 et
887 5640 1119 5700 Christus.

2169 995 2354 1066 debes,
2387 999 2431 1053 si
2457 1013 2605 1055 amas
2627 1001 2896 1058 Christum
2920 1014 2978 1059 ut
3006 1021 3188 1062 amare
3222 1024 3315 1077 par
3350 1019 3453 1077 est,
3482 1027 3590 1067 non
3620 1029 3748 1082 Opus

2169 1086 2335 1144 habes
2359 1090 2523 1160 signis
2567 1109 2580 1145 :
2632 1092 2745 1147 haec
2769 1096 2910 1148 enim
2942 1095 3241 1152 infidelibus
3284 1099 3496 1155 dantur.
3528 1103 3633 1157 Cur
3656 1105 3749 1160 ,1η-

2170 1180 2319 1245 ᾱτείε,
2372 1183 2599 1253 inquies,
2644 1201 2748 1241 non
2789 1186 2909 1242 data
2959 1190 3124 1243 sunt?
3156 1191 3282 1245 Data
3316 1203 3461 1248 certe
3505 1207 3630 1251 sunt
3662 1215 3675 1250 :
3707 1200 3749 1253 si

2171 1273 2384 1343 quando
2413 1289 2542 1331 vero
2573 1287 2819 1347 petentes
2845 1296 2949 1334 non
2996 1284 3320 1349 acceperint.
3354 1286 3483 1341 illud
3513 1289 3636 1344 ideo
3680 1291 3753 1345 fa-

2171 1374 2313 1421 ctum
2340 1376 2439 1434 cst,
2465 1370 2606 1439 quod
2631 1385 2734 1425 non
2763 1381 2816 1425 ut
2840 1373 2906 1426 ab
2932 1373 3245 1431 infidelitate
3269 1377 3625 1435 liberarentur
3642 1381 3753 1437 hzcc

2172 1456 2469 1524 petiissent,
2492 1459 2585 1513 sed
2615 1470 2667 1515 ut
2699 1476 2817 1516 sese
2840 1465 3006 1532 magis
3029 1464 3079 1517 in
3104 1466 3333 1536 nequitia
3352 1469 3752 1528 confirmarent.

2172 1545 2322 1618 (Cap.
2353 1550 2410 1619 ὅ)
2438 1551 2488 1606 1.
2514 1550 2580 1604 Et
2617 1563 2723 1606 erat
2752 1554 2900 1608 homo
2928 1572 2991 1609 ea:
3019 1555 3292 1611 Pharisazis
3322 1558 3635 1616 Nicodemus
3667 1580 3753 1617 no-

2170 1638 2323 1703 mine,
2344 1640 2576 1709 princeps
2592 1641 2888 1697 Iudaeorum
2911 1645 3002 1700 :2.
3029 1647 3108 1699 hic
3137 1650 3265 1702 venit
3293 1649 3361 1702 ad
3382 1649 3560 1704 Iesum
3591 1664 3751 1707 nocte.

2134 1727 2271 1809 ‘Hic
2298 1740 2353 1784 et
2375 1730 2426 1784 in
2459 1732 2633 1786 medio
2663 1734 2950 1805 Evangelio
2990 1737 3259 1792 Christum
3291 1740 3582 1797 defendere
3605 1744 3754 1799 vide-

2176 1830 2294 1886 tur;
2328 1821 2402 1875 ait
2426 1823 2567 1876 enim
2603 1844 2617 1879 :
2647 1823 2751 1879 Lex
2778 1837 2948 1880 nostra
2972 1830 3218 1882 nemiuem
3239 1830 3457 1899 judicat,
3483 1834 3583 1886 nisi
3608 1834 3749 1903 prius

2171 1914 2343 1966 audiat
2366 1914 2429 1967 ab
2452 1930 2510 1968 eo
2536 1915 2709 1985 (Joan.
2742 1918 2791 1971 7.
2825 1919 2937 1989 51).
2970 1919 3239 1975 Adversus
3266 1922 3405 1977 hunc
3431 1923 3603 1979 Judaei
3627 1926 3758 1981 indi-

2171 2002 2471 2073 goabantur
2505 2005 2744 2061 dicentes
2775 2026 2789 2062 :
2823 2007 3091 2081 Interroga
3134 2024 3181 2065 et
3229 2015 3340 2067 vide
3365 2016 3487 2085 quia
3513 2018 3758 2087 propheta

2173 2113 2236 2152 ea:
2261 2096 2476 2152 Galilasa
2514 2116 2614 2154 non
2658 2103 2875 2155 surrexit
2905 2104 2923 2174 (
2955 2102 3090 2157 Ibid.
3121 2121 3168 2158 v.
3201 2106 3271 2160 52
3298 2103 3338 2176 ).
3382 2107 3509 2162 l’ost
3542 2124 3756 2163 crucem

2174 2188 2333 2244 etiam
2362 2204 2603 2259 magnam
2625 2207 2721 2261 pro
2740 2192 2999 2248 Dominici
3023 2198 3262 2265 corporis
3279 2199 3551 2267 sepultura
3575 2216 3757 2255 curam

2174 2280 2435 2335 adhibuit.
2479 2280 2641 2348 Venit,
2693 2283 2883 2353 inquit,
2932 2285 3271 2352 Nicodemus,
3316 2290 3401 2359 qui
3445 2302 3647 2345 venerat
3692 2294 3758 2343 ad

2180 2371 2451 2428 Dominum
2502 2385 2666 2442 nocte,
2718 2376 2884 2446 ferens
2934 2380 3204 2431 mixturam
3258 2383 3503 2450 unguenti
3541 2391 3590 2436 et
3622 2384 3755 2437 aloes

2175 2468 2321 2536 quasi
2347 2467 2500 2520 libras
2520 2478 2718 2521 centum
2745 2468 2923 2538 (Joan.
2949 2469 3036 2523 l9.
3068 2469 3179 2543 59).
3206 2470 3302 2525 llic
3325 2473 3432 2541 jam
3457 2488 3598 2527 nunc
3626 2475 3757 2530 bene

2178 2558 2399 2613 affectus
2421 2569 2536 2615 erat
2559 2576 2682 2630 erga
2712 2561 3007 2627 Christum,
3048 2579 3145 2617 nec.
3174 2573 3349 2617 tamen
3372 2577 3630 2634 quantum
3666 2581 3758 2635 par

2174 2658 2309 2715 erat,
2339 2664 2510 2719 neque
2536 2665 2602 2704 eo
2641 2667 2747 2721 quo
2776 2652 3055 2720 oportebat
3096 2653 3294 2718 animo,
3335 2654 3427 2709 sed
3468 2656 3643 2710 adhuc
3670 2655 3758 2711 Ju-

2176 2742 2325 2796 daica
2353 2742 2713 2797 imbecillitate
2738 2743 3093 2799 detinebatur.
3122 2744 3244 2799 ldeo
3266 2756 3423 2800 noctu
3452 2746 3617 2813 venit,
3638 2748 3756 2816 quia

2177 2834 2409 2889 interdiu
2435 2834 2484 2889 id
2516 2834 2690 2890 facere
2716 2835 3053 2891 formidabat.
3075 2835 3179 2890 Sed
3198 2835 3457 2907 benignus
3482 2838 3622 2893 Deus
3639 2854 3757 2893 eum

2179 2940 2353 2996 neque
2380 2927 2593 2996 repulit,
2627 2941 2797 2996 neque
2826 2926 3117 2997 redarguit,
3149 2943 3246 2983 nec
3269 2929 3511 2983 doctrina
3541 2944 3636 2983 sna
3664 2930 3759 2998 pri-

2178 3016 2322 3070 vavit
2351 3031 2570 3071 :vernm
2603 3031 2722 3072 cum
2756 3018 3167 3072 mansuetudine
3198 3032 3387 3088 magna
3419 3019 3593 3089 ipsum
3626 3020 3757 3076 allo-

2178 3108 2375 3177 quitur,
2404 3106 2757 3175 sublimiaque
2780 3108 2877 3176 ipsi
2909 3107 3153 3178 dogmata
3183 3110 3391 3178 aperit;
3423 3111 3758 3180 a'nigmatico

2177 3196 2390 3267 quidem
2414 3237 2428 3261 ,
2460 3199 2735 3267 aperitque
2764 3206 2963 3252 tamen.
3008 3200 3170 3252 Multo
3208 3201 3376 3270 magis
3411 3203 3554 3255 enim
3614 3203 3756 3257 venia

2156 3287 2367 3357 .dignus
2394 3288 2486 3343 ille
2506 3298 2640 3354 crat,
2666 3304 2821 3358 quam
2847 3290 2880 3342 ii
2907 3289 2996 3359 qui
3022 3290 3492 3360 maligneidipsum
3510 3292 3754 3362 agebant.

2180 3377 2258 3432 Illi
2288 3382 2428 3434 enim
2451 3382 2595 3435 omni
2620 3391 2743 3435 sunt
2767 3384 3111 3438 excusatione
3130 3382 3362 3452 indigni;
3398 3383 3484 3438 hic
3511 3400 3640 3439 vero
3666 3386 3759 3440 im—

2182 3467 2485 3537 probandus
2513 3470 2727 3539 quidem
2749 3480 2885 3537 erat,
2916 3471 3009 3525 sed
3033 3487 3138 3525 non
3177 3481 3475 3540 tantopere.
3505 3472 3615 3529 Cur
3635 3491 3760 3544 ergo

2178 3560 2498 3629 evangelista
2527 3559 2660 3613 nihil
2690 3561 2792 3615 tale
2813 3561 2881 3615 de
2903 3562 2991 3616 illo
3012 3561 3186 3616 dixit?
3216 3562 3355 3617 Dixit
3372 3564 3586 3633 quidem
3613 3564 3755 3629 alibi,

2179 3663 2245 3704 ex
2274 3649 2601 3718 principibus
2627 3652 2823 3705 multos
2845 3652 2896 3705 in
2927 3653 3072 3707 illum
3116 3653 3409 3708 credidisse
3443 3653 3641 3725 (Joan.
3670 3656 3755 3711 12.

2177 3741 2306 3810 48);
2336 3740 2428 3796 sed
2456 3750 2670 3811 propter
2693 3743 2905 3799 Judtcos
2928 3761 3032 3800 non
3062 3744 3208 3800 illum
3232 3747 3506 3801 confessos
3528 3762 3667 3812 esse,
3694 3763 3760 3803 no

2179 3841 2327 3888 extra
2354 3847 2673 3904 synagogam
2700 3836 3035 3904 ejicerentur.
3063 3837 3158 3893 Hic
3183 3854 3312 3893 vero
3338 3840 3517 3893 omnia
3546 3841 3643 3893 ista
3670 3856 3760 3910 per

2180 3922 2324 3977 illum
2380 3936 2539 3980 nnctu
2585 3926 2785 3980 aditum
2846 3929 3220 3983 subiudicavit.
3268 3929 3407 3997 Quid
3463 3945 3594 4000 ergo
3642 3932 3759 3985 ait?

2180 4015 2362 4081 Rabbi,
2385 4018 2571 4072 scimus
2596 4018 2731 4088 quod
2756 4036 2787 4072 a
2807 4018 2915 4073 Deo
2935 4020 3111 4075 venisti
3140 4023 3373 4091 magister
3403 4039 3423 4077 :
3454 4040 3597 4076 nemo
3628 4026 3759 4078 enim

2178 4117 2337 4178 potest
2356 4114 2524 4179 facere
2567 4112 2674 4165 hau:
2714 4112 2859 4181 signa
2899 4129 3013 4182 qua
3045 4123 3098 4166 tu
3124 4115 3273 4183 facis,
3300 4116 3399 4168 nisi
3441 4118 3594 4185 fuerit
3627 4116 3759 4172 Deus

2177 4215 2288 4253 cum
2309 4218 2387 4255 80.

2246 4290 2301 4346 2.
2336 4292 2522 4348 Adhuc
2546 4293 2867 4351 Nicodemus
2896 4294 3039 4350 humi
3072 4296 3237 4365 repit,
3266 4295 3441 4351 adhuc
3470 4297 3757 4352 humanam

2177 4384 2243 4441 de
2271 4386 2486 4442 Christo
2514 4388 2834 4442 sententiam
2865 4388 3041 4454 habet,
3071 4396 3127 4443 et
3153 4389 3221 4444 de
3252 4389 3341 4445 illo
3367 4391 3520 4460 quasi
3549 4390 3618 4446 de
3641 4408 3758 4461 pro-

2178 4478 2340 4548 pheta
2396 4479 2663 4548 loquitur,
2718 4480 2849 4534 nihil
2904 4480 3069 4535 altum
3112 4496 3176 4536 ex
3217 4481 3381 4551 signis
3423 4484 3753 4551 coniectans.

2178 4569 2412 4635 Scimus,
2444 4569 2651 4639 inquit,
2702 4571 2839 4640 quod
2884 4587 2915 4623 a
2957 4569 3067 4624 Deo
3109 4571 3283 4624 venisti
3335 4574 3593 4642 magister.
3653 4571 3755 4627 Cur

2176 4674 2304 4730 ergo
2334 4669 2491 4714 noctu
2517 4668 2571 4715 et
2596 4660 2731 4715 clam
2759 4660 2907 4715 venis
2933 4661 2999 4714 ad
3030 4677 3150 4716 eum
3182 4662 3268 4731 qui
3293 4662 3471 4717 divina
3500 4663 3751 4732 loquitur,

2177 4752 2297 4820 quia
2351 4766 2380 4803 a
2434 4751 2542 4804 Deo
2578 4751 2757 4806 venit?
2798 4767 2895 4807 cur
2924 4768 3028 4808 non
3068 4769 3187 4807 cum
3231 4752 3422 4809 fiducia
3474 4754 3755 4825 loqueris?

2178 4840 2371 4897 Verum
2401 4841 2501 4897 hoc
2529 4857 2633 4896 non
2664 4843 2797 4898 dixit
2822 4842 2976 4900 Jesus
3004 4845 3044 4911 ⁸,
3072 4860 3245 4915 neque
3271 4845 3541 4915 redarguit
3566 4845 3715 4899 illum
3741 4862 3753 4897 :

2179 4932 2442 4987 Calamam
2473 4934 2603 4988 enim
2628 4946 3016 5005 conquassatum
3038 4952 3138 4989 non
3156 4939 3457 5007 confringet,
3488 4936 3680 5005 inquit,
3711 4945 3754 4987 et

2174 5025 2366 5094 lignum
2395 5025 2649 5095 fumigaus
2698 5042 2797 5079 non
2838 5027 3116 5096 exstinguet
3164 5025 3313 5098 (Isai.
3352 5026 3440 5081 62.
3474 5027 3526 5080 3.
3561 5025 3751 5079 Matth.

2174 5115 2259 5169 12.
2288 5113 2419 5185 20).
2453 5114 2593 5170 Idem
2622 5130 2832 5187 quoque
2861 5131 3104 5184 rursum,
3150 5115 3271 5171 Non
3318 5115 3619 5181 contendet,
3671 5117 3751 5171 in—

2171 5207 2315 5277 quit,
2350 5222 2508 5276 ueque
2532 5207 2767 5262 clamabit
2797 5208 3025 5278 (Matth.
3074 5208 3160 5264 12.
3209 5209 3314 5277 19)
3345 5226 3359 5274 ;
3393 5222 3453 5263 ac
3498 5224 3708 5287 rursum
3736 5248 3751 5274 ,

2182 5298 2302 5353 Non
2331 5300 2443 5354 veni
2470 5310 2523 5353 ut
2539 5300 2766 5371 judiccm
2792 5301 3035 5353 mundum
3049 5315 3069 5363 ;
3095 5299 3183 5354 scd
3226 5310 3280 5353 ut
3327 5301 3524 5354 salvum
3567 5301 3749 5371 faciam

2173 5389 2416 5443 mundum
2446 5391 2465 5459 (
2481 5389 2637 5444 Joan.
2667 5390 2752 5444 12.
2781 5392 2905 5461 17).
2936 5390 3100 5444 Nemo
3130 5401 3289 5461 potest
3316 5392 3423 5444 lucc
3446 5392 3593 5463 signa
3622 5394 3752 5459 {are-

2177 5497 2265 5549 re,
2288 5496 2400 5549 quas
2427 5490 2479 5534 tu
2510 5481 2635 5552 facis
2658 5482 2777 5545 ,nisi
2807 5483 2956 5552 fuerit
2987 5481 3125 5536 Deus
3149 5497 3263 5535 cum
3309 5498 3387 5536 co.
3437 5481 3629 5538 Adhuc
3669 5480 3751 5535 ille

2235 5653 2252 5687 ⁸
2289 5650 2346 5702 In
2366 5650 2513 5702 Saril.
2536 5652 2735 5715 legitur,
2757 5650 2877 5701 nihil
2901 5650 3072 5700 horum
3093 5647 3221 5699 dixit
3242 5655 3399 5700 Jesus.
