4012 6194
438 309 539 366 ηε

432 423 616 494 φησιν,
662 421 805 477 οὐδὲ
843 419 1048 490 κράξει
1071 436 1084 451 ·
1134 419 1230 473 καὶ
1279 419 1460 483 πάλιν,
1507 419 1628 473 Οὐκ
1672 413 1864 488 ἦλθον
1916 418 2018 470 ἵνα

431 506 612 572 κρίνω
656 504 766 558 τὸν
806 506 1057 572 κόσμον,
1097 501 1362 556 ἀλλ’ἵνα
1397 497 1575 555 σώσω
1613 499 1721 553 τὸν
1763 500 2014 569 κόσμον.

434 585 645 651 Οὐδεὶς
677 585 926 639 δύναται
960 584 1150 639 ταῦτα
1181 583 1253 636 τὰ
1283 582 1511 651 σημεῖα
1552 581 1776 646 ποιεῖν,
1795 582 1902 635 ἐὰν
1929 581 2016 650 μὴ

430 664 472 741 ἦ
498 672 532 724 ὁ
559 668 705 735 Θεὸς
733 667 862 738 μετ’
883 667 1092 722 αὐτοῦ.
1112 668 1348 729 Ἐκεῖνος
1394 665 1576 736 μέντοι
1611 665 1692 718 ἐτι
1713 665 1855 719 κατὰ
1899 665 2026 728 τοὺς

439 751 752 823 αἰρετικοὺς
796 751 1112 819 φθέγγεται,
1155 747 1547 820 ἐνεργούμενον
1579 747 1742 802 αὐτὸν
1786 747 1880 800 καὶ
1924 747 2056 817 τῆς

432 834 637 906 ἐτέρων
689 833 940 903 βοηθείας
981 833 1234 902 δεόμενον
1299 831 1475 885 ταῦτα
1533 831 1828 908 πράττειν,
1880 831 2024 900 άπερ

429 916 689 988 ῑπραττε,
715 915 912 984 λέγων.
937 915 1002 969 Τί
1028 911 1122 969 οὖν
1144 918 1172 969 ό
1203 913 1438 987 Χριστός
1462 931 1478 980 ;
1514 914 1658 983 Ὅρα
1681 912 2027 980 συγκαταϐά-

432 1015 570 1062 σεως
593 998 900 1070 ὑπερϐολήν
924 1015 939 1031 ο
969 999 1070 1052 οὐκ
1104 994 1226 1050 εἰπε
1261 998 1379 1068 μὲν,
1413 997 1496 1050 ὅτι
1515 996 1681 1049 Οὑδέν
1714 995 1907 1066 δέομαι
1927 995 2026 1064 τῆς

430 1083 633 1153 ἐτέρων
661 1082 933 1152 βοηθείας,
953 1081 1110 1144 ἀλλὰ,
1134 1080 1265 1134 Μετ’
1289 1079 1538 1143 ἐξουσίας
1557 1079 1736 1132 πάντα
1759 1079 1981 1148 πράττω
2008 1095 2021 1108 ο

429 1167 525 1220 καὶ
566 1165 676 1237 7&9
727 1166 854 1228 Υἰός
900 1167 1014 1236 εἰμι
1050 1166 1274 1236 γνήσιος
1299 1163 1392 1216 τοῦ
1421 1162 1576 1226 Θεοῦ,
1611 1162 1704 1215 καὶ
1728 1161 1829 1231 τῆς
1854 1160 2026 1230 αὐτῆς

427 1247 508 1319 τῷ
535 1249 889 1318 γεγεννηκότι
931 1247 1213 1318 δυνάμεως
1233 1264 1246 1279 ο
1289 1247 1646 1318 παρῃτήσατο
1675 1245 1730 1298 δέ
1763 1245 1899 1308 τέως
1936 1243 2024 1296 διὰ

428 1333 489 1386 τὸ
522 1332 824 1403 πρόσαντες
853 1327 992 1386 εἶναι
1017 1331 1094 1402 τῷ
1125 1330 1583 1399 ἀκούοντι.”οπερ
1612 1329 1721 1399 7&9
1752 1329 1838 1382 ἀεὶ
1856 1327 2020 1396 λέγω,

427 1414 588 1468 τοῦτο
619 1416 715 1469 καὶ
743 1415 837 1468 νῦν
867 1415 998 1486 ἐρῶ,
1025 1417 1106 1468 ὄτι
1133 1415 1194 1468 τὸ
1227 1413 1662 1483 σπουδαζόμενον
1693 1409 1762 1485 ἦν
1792 1412 1869 1482 τῷ
1888 1413 2024 1483 Χρι-

431 1497 542 1569 στῷ
567 1498 664 1568 οὐχ
693 1497 835 1550 οὕτω
863 1497 999 1560 τέως
1029 1497 1126 1566 τὴν
1151 1495 1308 1560 ἀξίαν
1338 1495 1644 1566 ἐκκαλύψαι
1673 1497 1773 1566 τὴν
1801 1493 2020 1558 ἐαυτοῦ,

427 1580 504 1643 ὡς
530 1579 590 1634 τὸ
621 1581 804 1632 πεῖσαι
839 1581 920 1632 ὅτι
949 1579 1102 1631 οὐδὲν
1132 1578 1190 1644 ἐξ
1233 1578 1483 1639 ἐναντίας
1530 1577 1765 1646 ἔπραττε
1805 1577 1882 1648 τῷ
1915 1577 2025 1629 Πα-

429 1662 539 1734 τρί.
573 1661 673 1715 Διά
706 1661 861 1714 τοῦτο
890 1661 947 1712 ἐν
979 1660 1078 1730 μὲν
1102 1663 1214 1723 τοῖς
1249 1662 1456 1730 ῥήμασι
1488 1659 1752 1730 πολλαχοῦ
1801 1659 2024 1730 μετριά-

432 1743 542 1807 ζων
573 1743 846 1814 φαίνεται,
879 1743 936 1795 ἐν
967 1743 1023 1794 δὲ
1055 1745 1165 1808 τοῖς
1191 1741 1512 1813 πράγμασιν
1533 1742 1631 1812 οὐχ
1659 1741 1800 1794 οὕτω
1830 1741 2018 1794 ποιῶν.

436 1830 607 1882 Ὅταν
639 1827 747 1898 γάρ
776 1827 1188 1898 θαυματουργῇ,
1226 1827 1342 1896 μετ’
1376 1825 1623 1890 ἐξουσίας
1649 1827 1826 1880 πάντα
1857 1826 2021 1888 ποιεῖ,

431 1911 636 1979 λέγων’
689 1908 872 1972 Θέλω,
908 1909 1320 1976 καθαρίσθητι.
1373 1908 1655 1974 Ταλιθὰι,
1705 1907 2018 1974 ἀνάστηθι.

434 1997 750 2049 Ἔκτεινον
780 1993 896 2060 τὴν
927 1992 1113 2061 χεῖρα.
1133 1990 1456 2061 Ἀφέωνταί
1496 2005 1597 2044 σοι
1630 1993 1688 2042 αἰ
1726 1989 2020 2058 ἁμαρτίαι.

431 2078 651 2142 Σιώπα,
680 2072 1204 2146 πεψφωσοῖΑρσν
1230 2074 1339 2128 τὸν
1366 2073 1701 2142 κράϐϐατόν
1741 2087 1881 2139 σου,
1922 2072 2023 2126 καὶ

431 2161 626 2231 ὕπαγε
651 2163 740 2226 εὶς
771 2159 881 2212 τὸν
917 2154 1086 2212 οἷιιόν
1132 2172 1269 2212 σου.
1295 2157 1396 2210 Σοὶ
1440 2155 1615 2226 λέγω,
1646 2155 1710 2208 τὸ
1757 2156 2024 2224 πονηρὸν

431 2243 757 2310 δαιμόνιον,
794 2241 1004 2305 ἔξελθε
1049 2241 1148 2294 ἀπ’
1183 2239 1391 2294 αὐτοῦ.
1436 2237 1755 2307 Γενηθήτω
1797 2254 1895 2292 σοι
1943 2238 2024 2303 ὠς

431 2325 762 2390 θέλεις.¹Ἀν
790 2340 880 2388 τις
906 2322 1048 2391 ὑμῖν
1069 2323 1209 2392 εἴπῃ
1240 2340 1294 2375 τι
1313 2359 1328 2385 ,
1359 2321 1580 2390 ἐρεῖτε,
1614 2339 1669 2374 τι
1707 2321 1771 2374 '0
1801 2319 2023 2390 Κύριος

431 2408 617 2463 αὐτοῦ
644 2407 853 2476 χρείαν
894 2405 1040 2474 ἔχει.
1078 2404 1348 2474 Σήμερον
1363 2404 1491 2473 μετ’
1513 2403 1658 2473 ἐμοῦ
1690 2403 1806 2472 ἔσῃ
1837 2404 1907 2456 ἐν
1943 2403 2022 2468 τῷ

433 2489 800 2561 παραδείσῳ.
819 2490 1148 2543 Ἠκούσατε
1178 2489 1267 2541 ὅτι
1300 2487 1508 2555 ἐρῤέθη
1557 2485 1682 2552 τοῖς
1727 2487 2018 2556 ἀρχαίοις,

436 2579 519 2632 Οὐ
551 2576 874 2646 φονεύσεις
897 2589 910 2602 ·
956 2572 1070 2643 ἐγὼ
1093 2572 1161 2625 δὲ
1187 2572 1342 2641 λέγω
1369 2571 1530 2640 ὑμῖν,
1562 2571 1651 2623 ὅτι
1677 2573 1708 2624 ό
1734 2568 2022 2640 ὀργιζόμε-

430 2677 539 2726 νος
576 2657 656 2724 τῷ
681 2655 922 2725 ἀδελφῷ
945 2655 1132 2709 αὐτοῦ
1160 2652 1314 2722 εἰκῆ,
1345 2653 1560 2722 ἔνοχος
1589 2647 1764 2705 ἔσται
1795 2650 1870 2720 τῇ
1899 2652 2022 2720 κρί-

431 2756 547 2797 σει.
593 2740 771 2794 Δεῦτε
815 2739 1008 2792 ὀπίσω
1045 2754 1186 2806 μου,
1221 2737 1316 2789 καί
1360 2735 1594 2805 ποιήσω
1638 2733 1796 2804 ὑμᾶς
1833 2734 2022 2800 ἁλιεῖς

431 2821 780 2893 ἀνθρώπων.
812 2821 922 2874 Καὶ
946 2818 1222 2889 πανταχοῦ
1248 2818 1447 2889 πολλὴν
1471 2818 1686 2890 ὁρῶμεν
1711 2816 1811 2888 τὴν
1832 2817 2021 2872 αὐθεν-

429 2907 552 2961 τίαν
588 2904 754 2960 αὐτοῦ
778 2899 963 2959 οὖσαν.
981 2904 1070 2957 Ἑν
1105 2903 1203 2973 μέν
1231 2902 1338 2972 γὰρ
1362 2905 1474 2965 τοῖς
1505 2902 1826 2972 πράγμασιν
1845 2901 2021 2965 οὐδεὶς

429 2989 498 3044 ἂν
529 2988 822 3043 ἐπελάϐετο
865 2987 975 3040 τῶν
1001 2985 1315 3056 γινομένων.
1355 2985 1479 3048 Πῶς
1503 2985 1650 3055 γάρ;
1683 2984 1746 3036 Εἰ
1785 2983 1882 3054 μὲν
1912 2984 2020 3054 7&9

433 3072 509 3144 μὴ
558 3071 705 3144 ἐξῄει
757 3069 826 3124 τὰ
871 3069 1155 3139 λεγόμενα,
1193 3068 1327 3140 μηδέ
1371 3068 1524 3132 τέλος
1554 3067 1860 3139 ἐλάμϐανεν
1909 3063 2020 3120 οἷον

428 3148 874 3222 ἐκέλευεν,ἐῖχεν
917 3151 982 3206 ἀν
1030 3168 1113 3215 τις
1153 3152 1328 3204 εἰπεῖν
1363 3151 1610 3216 ἐκείνων,
1643 3150 1726 3203 ὅτι
1761 3149 2021 3214 ἀπονοίας

426 3235 497 3311 ῆν
537 3238 607 3292 τὰ
647 3237 994 3306 ἐπιτάγματα
1019 3251 1032 3264 '
1067 3234 1255 3305 ἐπειδὴ
1287 3233 1342 3286 δέ
1375 3234 1638 3301 ἐξέϐαινε,
1671 3235 1764 3288 καὶ
1788 3235 2021 3299 ἄκοντας

429 3323 626 3384 αὐτοὺς
651 3318 1008 3389 ἐπεστόμιζεν
1031 3319 1066 3388 ἡ
1092 3316 1184 3369 τοῦ
1211 3316 1398 3379 τέλους
1423 3317 1530 3370 τῶν
1555 3318 1854 3388 γινομένων
1882 3318 2017 3388 ἀλήο

429 3404 568 3458 θεια.
586 3402 709 3455 Ἐπὶ
741 3401 798 3453 δέ
827 3399 936 3452 τῶν
959 3399 1132 3468 λόγων
1161 3397 1423 3468 ἠδύναντο
1454 3397 1732 3464 πολλάκις,
1755 3399 1897 3452 κατὰ
1918 3401 2018 3470 τὴν

430 3485 608 3539 αὐτῶν
636 3481 1040 3552 ἀναισχυντίαν,
1076 3481 1334 3534 ἀπόνοιαν
1357 3480 1717 3551 ἐπισκήπτειν
1741 3481 1910 3552 αὐτῷ.

507 3569 574 3620 Ὃ
595 3567 689 3621 καὶ
706 3566 734 3606 ιι
756 3567 850 3618 ἐπὶ
864 3564 958 3618 τοῦ
982 3563 1295 3635 Νικοδήμου
1321 3562 1438 3627 νῦν,
1467 3564 1716 3635 φανερῶς
1745 3564 1844 3635 μὲν
1867 3566 2017 3619 οὐδὲν

430 3651 637 3723 ὑψηλὸν
651 3649 975 3720 φθέγγεται,
991 3645 1408 3717 αἰνιγματωδῶς
1430 3647 1485 3700 δὲ
1513 3648 1677 3701 αὑτὸν
1694 3649 1888 3716 ἀνάγει
1917 3649 2017 3718 τῆς

429 3733 854 3803 ταπεινότητος,
894 3730 1161 3784 διδάσκων
1195 3731 1276 3782 ὅτι
1329 3729 1610 3800 αὐτάρκης
1657 3730 1820 3793 αὐτός
1867 3732 2016 3783 ἐστιν

429 3817 610 3887 ἐαυτῷ
637 3818 718 3880 εἰς
744 3815 841 3887 τὴν
875 3812 984 3868 τῶν
1023 3811 1315 3883 θαυμάτων
1343 3810 1623 3877 ἐπίδειξιν.
1661 3812 1876 3866 Τέλειον
1906 3814 2015 3886 γάρ

427 3901 590 3956 αὑτὸν
625 3898 915 3969 ἐγέννησεν
946 3897 974 3949 ό
1006 3895 1218 3966 Πατὴρ,
1273 3894 1364 3948 καὶ
1398 3893 1778 3965 αύταρκοῦντα
1815 3896 2013 3966 ἐαυτῷ,

427 3984 524 4037 καὶ
560 3983 714 4037 οὐδὲν
760 3979 948 4044 ἀτελὲς
979 3979 1193 4050 έχοντα.
1232 3977 1371 4029 Ἀλλ’
1410 3977 1607 4048 ἴδωμεν
1636 3978 1690 4032 δὲ
1728 3978 1844 4042 πῶς
1883 3979 2014 4033 αὐτὸ

425 4066 583 4121 τοῦτο
613 4060 1035 4127 κατασκευάζει·
1065 4056 1231 4114 Εἶπεν
1252 4061 1488 4124 ἐκεῖνος·
1522 4061 1732 4121 ⁸Ραὸϐἰ.
1766 4061 2013 4132 οἴδαμεν

427 4153 518 4205 ὅτι
535 4150 655 4206 ἀπὸ
683 4149 832 4204 Θεοῦ
853 4145 1159 4213 ἐλήλυθας
1175 4143 1567 4210 διδάσκαλος,
1590 4144 1690 4198 καὶ
1705 4144 1795 4199 ὅτι
1813 4144 2012 4212 οὑὸεὶς

423 4236 676 4292 δύναται
704 4231 899 4287 ποιεῖν
927 4229 966 4286 d
998 4229 1080 4284 σὺ
1107 4228 1316 4294 ποιεῖς,
1342 4227 1451 4282 ἐὰν
1475 4225 1562 4296 μὴ
1589 4221 1632 4298 ᾖ
1665 4230 1698 4282 ό
1723 4227 1868 4294 Θεὸς
1883 4229 2012 4297 μετ’

422 4318 634 4375 αὑτοῦ.
669 4317 920 4387 Ἑνόμισε
946 4312 1158 4385 μεγάλα
1177 4310 1301 4364 τινὰ
1328 4310 1632 4381 εἰρηκέναι,
1665 4309 1838 4364 ταῦτα
1860 4314 2012 4383 εἰρη-

426 4403 537 4466 κὼς
565 4400 693 4472 περὶ
721 4397 813 4452 τοῦ
842 4395 1097 4468 Χριστοῦ.
1125 4394 1190 4447 Τί
1215 4389 1308 4448 οὖν
1335 4393 1363 4446 ὁ
1384 4393 1618 4463 Χριστός
1643 4411 1656 4460 ;
1677 4395 1901 4458 Δεικνὺς
1929 4395 2010 4447 ὅτι

424 4485 548 4539 οὐδὲ
569 4484 678 4537 τῶν
703 4479 992 4554 προθύρων
1015 4478 1116 4549 τῆς
1136 4474 1520 4548 προσηκούσης
1537 4475 1791 4546 γνώσεως
1811 4477 2006 4548 ἐπέϐη,

423 4568 548 4624 ούδέ
585 4569 644 4620 ἐν
671 4568 782 4631 τοῖς
813 4562 1172 4631 προπυλαίοις
1209 4559 1361 4631 ἐστη,
1391 4559 1504 4614 ἀλλ’
1529 4561 1634 4626 ἔξω
1663 4579 1764 4614 που
1783 4562 1883 4632 τῆς
1913 4561 2008 4631 βα.

425 4650 631 4714 σιλείας
660 4649 928 4703 πλανᾶται
969 4645 1071 4710 ἔτι,
1108 4644 1204 4698 καί
1231 4643 1411 4708 αὐτὸς,
1435 4643 1528 4696 καὶ
1556 4644 1705 4708 ὅστις
1726 4643 1793 4697 ἂν
1822 4645 2008 4713 ἐτερος

421 4736 596 4790 ταῦτα
618 4733 774 4805 λέγῃ,
799 4728 952 4803 [140]
975 4731 1065 4783 καὶ
1089 4727 1303 4782 οὐδέπω
1331 4737 1354 4766 ε
1382 4727 1521 4799 προς
1541 4728 1640 4799 τὴν
1661 4727 1835 4799 ἀληθῆ
1864 4745 2008 4799 παρ-

425 4819 594 4888 ἔκυψε
629 4818 851 4886 γνῶσιν,
891 4818 919 4871 ὁ
968 4816 1174 4886 ταύτην
1205 4812 1331 4884 περὶ
1367 4813 1461 4865 τοῦ
1494 4809 1840 4882 Μονογενοῦς
1866 4813 2007 4884 ἔχων

423 4902 521 4973 τὴν
548 4899 739 4966 δόξαν⁸
774 4898 826 4952 τί
863 4915 1060 4970 φησινς
1095 4897 1297 4966 Ἀμὴν,
1344 4894 1509 4965 ἀμὴν
1535 4895 1692 4964 λέγω
1741 4911 1862 4961 σοι,
1898 4896 2008 4950 ἐὰν

417 4985 502 5056 μή
527 5002 616 5050 τις
641 4981 901 5053 γεννηθῇ
935 4983 1185 5044 ἄνωθεν,
1213 4981 1286 5033 οὐ
1308 4978 1559 5033 δύναται
1583 4978 1733 5033 ἰδεῖν
1761 4978 1878 5048 τὴν
1889 4981 2006 5044 ,Βα-

422 5070 663 5127 σιλείαν
689 5066 794 5121 τοῦ
827 5065 972 5119 Θεοῦ
991 5082 1003 5096 ·
1044 5063 1344 5125 τουτέστιν,
1381 5061 1507 5116 Ἐὰν
1539 5062 1602 5115 σὺ
1637 5061 1713 5132 μὴ
1739 5062 2007 5135 γεννηθῇς

422 5152 652 5215 ἄνωθεν,
679 5149 775 5204 καὶ
796 5149 898 5218 τὴν
916 5147 1024 5200 τῶν
1044 5146 1333 5217 δογμάτων
1349 5143 1676 5217 παραλάϐῃς
1694 5145 2002 5214 ἀκρίϐειαν,

425 5237 531 5300 ἔξω
565 5253 666 5290 που
709 5233 1002 5294 πλανᾶσαι,
1039 5233 1136 5285 καὶ
1168 5231 1357 5303 πόρρω
1384 5229 1484 5300 τῆς
1515 5227 1792 5300 βασιλείας
1822 5224 1875 5282 εἰ
1897 5230 2005 5284 τῶν

423 5317 688 5391 οὐρανῶν,
751 5316 892 5374 Ἀλλ’
920 5314 1062 5368 οὕτω
1111 5314 1209 5384 μέν
1252 5313 1435 5382 σαφῶς
1469 5311 1530 5383 οὗ
1573 5329 1738 5384 φησιν
1765 5328 1778 5342 ·
1810 5312 1898 5367 ἵνα
1946 5314 2004 5367 δέ

419 5399 896 5474 ἀνεπαχθέστερον
942 5400 1143 5469 ποιήσῃ
1187 5397 1278 5450 τὸν
1302 5396 1498 5465 λόγον,
1544 5396 1603 5449 ού
1654 5394 1790 5467 πρὸς
1843 5396 2005 5451 αὑτὸν

423 5485 772 5543 ἀποτείνεται
804 5482 1075 5554 φανερῶς,
1101 5480 1213 5534 ἀλλ’
1238 5481 1505 5552 ἀορίστως
1533 5479 1712 5549 λέγει·
1757 5480 1895 5534 Ἐὰν
1917 5481 2002 5550 μή

423 5587 514 5634 τις
549 5565 814 5639 γεννηθῇ
839 5583 852 5597 ·
902 5565 1183 5636 μονονουχὶ
1220 5563 1429 5632 λέγων,
1465 5565 1546 5617 δτι
1584 5563 1704 5618 Κᾶν
1742 5563 1806 5617 σὺ
1830 5603 1845 5628 ,
1901 5563 2006 5617 κᾶν

422 5650 674 5706 ὁστισοῦν
711 5650 898 5721 ἕτερος
1003 5648 1226 5702 τοιαῦτα
1255 5647 1383 5719 περὶ
1427 5645 1561 5718 ἐμοῦ
1603 5645 1862 5711 δοξάζων,
1901 5646 2005 5714 ἔξω

478 5779 514 5809 .8
540 5765 638 5827 Alii
659 5765 858 5827 Ταϐιθά.
883 5764 992 5817 Mox
1025 5761 1449 5827 Μοτθι.ἀφέωνταί
1472 5780 1567 5827 σοι.
1593 5763 1743 5814 Savil.
1769 5764 2006 5827 ἀφέωνταί

420 5845 531 5877 σου.
596 5826 626 5865 δ
649 5826 858 5874 Omnino
879 5825 1144 5886 legendum
1173 5822 1367 5872 vidbtur
1388 5825 1459 5873 διὸ
1479 5825 1576 5886 καί.
1593 5827 1765 5886 Atque
1793 5822 1857 5886 iia
1883 5826 2008 5886 legit

421 5890 506 5940 'Fr.
533 5887 768 5936 Aretinus
789 5888 871 5946 qui
911 5884 1064 5934 Vertit
1089 5900 1100 5934 :
1141 5887 1453 5943 Qumnobrem
1474 5885 1563 5937 hoc
1585 5884 1636 5936 in
1657 5884 1762 5938 ιοιο
1792 5884 2006 5940 Nicoda-

422 5962 557 6003 mum
576 5949 840 6012 alloquens.
901 5951 922 5979 ε
950 5946 1060 5996 Sav.
1075 5948 1197 5997 οὐδέ.

1137 303 1193 359 S.
1235 300 1522 358 JOANNIS
1553 298 2050 358 CIIRYSOSTOMI
2091 298 2413 360 ARCIIIEP.
2454 300 3004 358 CONSTANTINOP.

3596 309 3695 364 ἰ·ἰὸ

2123 433 2225 469 που
2249 415 2645 487 τῆςμβασιλείας
2671 417 2816 470 ἐστίν
2833 434 2847 449 ·
2874 415 2996 470 ἐπεὶ
3021 416 3067 468 εἰ
3094 413 3168 486 μὴ
3189 411 3348 468 τοῦτο
3374 413 3698 486 βουλόμενος

2124 499 2533 552 κατασκευάσαι
2563 497 2736 552 ταῦτα
2770 499 2946 567 ἐλεγε,
2981 498 3073 552 καὶ
3107 497 3452 568 ἀνάρμοστος
3480 498 3617 569 πρὸς
3645 502 3711 553 τὰ

2129 580 2397 652 εἰρημένα
2433 583 2467 652 ἡ
2495 581 2784 650 ἀπόκρισις
2806 577 2894 653 ῆν.
2933 582 3177 634 Ἰουδαῖοι
3206 580 3306 650 μὲν
3342 575 3438 632 οὖν
3471 582 3518 632 εἰ
3541 580 3716 635 ταῦτα

2123 664 2386 735 ἥκουσαν,
2421 665 2894 733 καταγελάσαντες
2927 665 3287 736 ἀνεχώρησαν
3324 662 3389 717 άν
3413 678 3426 692 ·
3459 655 3617 726 οὗτος
3654 663 3711 717 δὲ

2124 748 2220 799 καὶ
2247 749 2304 799 ἐν
2336 746 2510 818 τούτῳ
2534 748 2595 816 τὸ
2621 747 2918 817 φιλομαθὲς
2953 746 2979 787 ά
3004 747 3263 800 δείκνυσι.
3299 743 3399 798 Διά
3423 744 3584 798 τοῦτο
3605 747 3715 818 γὰρ

2125 828 2220 882 καὶ
2247 829 2474 898 ἀσαφῶς
2496 830 2763 900 πολλαχοῦ
2792 829 3085 898 φθέγγεται
3108 831 3136 882 ὁ
3163 829 3417 899 Χριστὸς,
3450 828 3593 899 πρὸς
3615 830 3714 900 τὴν

2123 910 2393 982 ἐρώτησιν
2411 913 2538 970 τοὺς
2548 911 2846 975 ἀκούοντας
2865 911 3220 980 διαναστῆσαι
3245 911 3596 980 βουλόμενος,
3619 913 3715 965 καὶ

2124 995 2669 1066 προσεκτικωτέρους
2703 992 3063 1066 ἐργάσασθαι.
3097 994 3170 1047 Τὸ
3208 994 3308 1065 μὲν
3359 997 3471 1068 γὰρ
3523 995 3713 1064 σαφῶς

2122 1076 2332 1147 λεχθὲν,
2368 1077 2632 1141 πολλάκις
2661 1079 2753 1131 καὶ
2771 1078 3108 1148 παρατρέχει
3129 1077 3222 1130 τὸν
3239 1079 3520 1150 ἀκροατήν
3539 1095 3554 1108 ⁸
3583 1079 3644 1131 τὸ
3658 1077 3715 1130 δέ

2123 1159 2332 1228 ἀσαφὲς
2369 1160 2792 1231 περιεργότερον
2823 1161 2986 1213 αὐτὸν
3016 1162 3160 1214 ποιεῖ
3181 1160 3275 1213 καὶ
3301 1161 3614 1214 σπουδαῖον.
3649 1158 3716 1214 Ὀ

2121 1241 2176 1294 δέ
2212 1241 2381 1310 λέγει,
2422 1243 2664 1296 τοιοῦτόν
2697 1245 2875 1296 ἐστιν·
2923 1242 3050 1296 Ἐὰν
3085 1244 3159 1313 μή
3180 1243 3448 1315 γεννηθῇς
3481 1243 3713 1307 ἀνωθεν,

2123 1324 2218 1376 ἐὰν
2247 1324 2321 1396 μὴ
2355 1325 2629 1395 μετάσχῃς
2661 1325 2982 1396 Πνεύματος
3012 1325 3106 1378 τοῦ
3135 1325 3222 1378 διά
3250 1325 3477 1396 λουτροῦ
3512 1325 3712 1394 παλιγο

2123 1408 2391 1475 γενεσίας,
2416 1407 2478 1460 ού
2499 1407 2722 1462 δύνασαι
2742 1409 2869 1478 περὶ
2897 1408 3031 1479 ἐμοῦ
3053 1408 3210 1472 δόξαν
3225 1408 3408 1462 λαϐεῖν
3423 1409 3522 1479 τήν
3546 1426 3714 1480 προσ-

2123 1491 2384 1561 ήκουσαν.
2430 1489 2580 1560 Αῦτη
2626 1489 2735 1562 γὰρ
2777 1492 2838 1544 ού
2887 1491 3234 1562 πνευματικὴ
3282 1493 3316 1562 ή
3364 1490 3513 1557 δόξα,
3577 1491 3713 1544 ἀλλά

2121 1573 2327 1644 ψυχική
2383 1584 2427 1625 ο.
2476 1573 2617 1626 Ἀλλ’
2649 1573 2792 1628 οὕτω
2843 1574 2945 1645 μὲν
2980 1575 3080 1627 ούκ
3124 1569 3245 1627 εἷπε
3276 1575 3712 1645 παραιτούμενος

2123 1657 2286 1710 αὐτὸν
2320 1656 2545 1727 πλῆξαι,
2575 1659 2643 1710 τὰ
2687 1660 2820 1729 παρ’
2867 1656 3064 1712 ἐαυτοῦ
3110 1658 3596 1726 συνεισενεγκόντα
3620 1659 3712 1712 καί

2121 1740 2244 1793 ὅσον
2271 1740 2506 1812 ἐγχωρεῖ
2535 1739 2934 1812 φθεγξάμενον,
2964 1741 3157 1808 ἀνάγει
3182 1740 3238 1793 δέ
3267 1741 3600 1805 ἀνυπόπτως
3620 1743 3710 1794 ἐπὶ

2121 1823 2222 1894 τὴν
2257 1823 2479 1893 μείζονα
2507 1824 2708 1893 γνῶσιν
2743 1824 2927 1892 αὐτὸν,
2950 1824 3126 1893 λέγων
3149 1841 3162 1854 ⁸
3205 1824 3348 1878 Ἐὰν
3363 1825 3449 1894 μή
3470 1843 3709 1894 τιςγεν-

2121 1905 2278 1975 νηθῇ
2301 1907 2548 1962 ἀνωθεν.
2578 1907 2652 1960 Τὸ
2686 1909 2942 1963 Ἀνωθεν
2966 1906 3221 1972 ἐνταῦθα,
3240 1908 3289 1960 οἰ
3313 1909 3411 1978 μέν
3432 1909 3497 1962 ἐκ
3517 1909 3611 1963 τοῦ
3631 1911 3712 1963 ού-

2126 1987 2289 2060 ρανοῦ
2317 2005 2500 2057 φασιν,
2536 1990 2584 2042 οἰ
2606 1989 2660 2042 δὲ
2679 1990 2735 2055 ἐξ
2759 1989 2955 2060 ἀρχῆς.
2987 1989 3091 2044 Τὸν
3119 1989 3227 2060 γὰρ
3259 1991 3332 2060 μὴ
3361 1989 3508 2044 οὕτω
3529 2009 3712 2062 γεννη-

2125 2071 2306 2136 θέντα,
2330 2072 2391 2125 ού
2411 2072 2635 2126 δυνατὸν
2663 2073 2811 2137 ἰδεῖν,
2837 2073 2993 2143 φησὶ,
3014 2072 3112 2144 τὴν
3138 2073 3416 2144 βασιλείαν
3434 2075 3530 2129 τοῦ
3553 2075 3709 2130 Θεοῦ·

2121 2155 2314 2207 ἐαυτὸν
2338 2154 2570 2208 ἐνταῦθα
2595 2155 2828 2219 δεικνὺς,
2865 2155 2959 2208 καὶ
2989 2155 3166 2228 δηλῶν
3193 2156 3276 2209 ὅτι
3301 2157 3362 2210 ού
3395 2157 3563 2211 τοῦτό
3591 2159 3709 2212 ἐστι

2122 2239 2183 2290 τδ
2207 2237 2485 2308 ὁρώμενον
2524 2239 2704 2309 μόνον,
2746 2239 2861 2292 ἀλλ’
2888 2237 3092 2311 ἐτέρων
3119 2240 3251 2311 ἡμῖν
3275 2241 3576 2312 ὀφθαλμῶν
3607 2243 3706 2306 δεῖ,

2123 2321 2262 2375 ὥστε
2302 2323 2427 2377 ἰδεῖν
2444 2324 2534 2376 τὸν
2563 2324 2818 2395 Χριστόν.
2851 2323 3036 2377 Ταῦτα
3062 2324 3345 2386 ἀκούσαςό
3373 2325 3705 2396 Νικόδημος,

2123 2406 2286 2475 φησίν
2309 2423 2322 2436 ο
2356 2405 2489 2473 Πῶς
2523 2407 2773 2463 δύναται
2793 2407 3105 2475 ἅνθρωπος
3136 2407 3500 2476 γεννηθῆναι
3523 2408 3710 2477 γέρων

2121 2489 2238 2552 ῶν;
2289 2489 2480 2543 Ῥαϐϐὶ
2513 2489 2677 2543 αὐτὸν
2708 2489 2913 2554 καλεῖς,
2943 2489 3034 2543 καὶ
3073 2489 3181 2542 ἀπὸ
3218 2489 3354 2542 Θεοῦ
3389 2489 3708 2561 ἐληλυθέναι

2127 2571 2328 2640 λέγεις,
2366 2572 2460 2625 καὶ
2504 2573 2565 2624 ού
2605 2572 2734 2643 δέχῃ
2766 2573 2836 2625 τὰ
2865 2572 3156 2642 λεγόμενα,
3191 2572 3327 2626 ἀλλά
3357 2572 3457 2644 τὴν
3485 2573 3709 2638 πολλοὺς

2122 2655 2385 2727 θορύϐους
2419 2655 2817 2722 ἐπεισάγουσαν
2851 2655 2996 2721 λέξιν
3027 2655 3242 2728 φθέγγῃ
3271 2655 3408 2727 πρὸς
3442 2656 3534 2709 τὸν
3567 2656 3709 2712 διδά-

2123 2739 2320 2794 σκαλον
2344 2755 2358 2805 ;
2381 2739 2454 2792 Τὸ
2469 2738 2594 2809 γὰρ,
2611 2737 2762 2804 Πῶς,
2783 2737 2964 2802 τοῦτο,
2988 2738 3094 2791 τῶν
3115 2739 3173 2791 ού
3195 2738 3399 2810 σφόδρα
3420 2741 3709 2794 πιστευόν-

2120 2842 2229 2879 των
2262 2823 2409 2876 ἐστὶν
2441 2821 2802 2893 ἐπαπόρησις,
2825 2821 2934 2875 τῶν
2956 2821 3063 2874 ἀπὸ
3088 2822 3190 2892 γῆς
3222 2821 3391 2877 ὄντων
3420 2821 3522 2876 ἑτι.
3559 2823 3711 2877 Ἐπεὶ

2120 2908 2214 2961 καὶ
2267 2909 2301 2979 ή
2350 2906 2535 2977 Σάρρα
2581 2904 2668 2959 διά
2704 2905 2864 2958 τοῦτο
2914 2903 3192 2972 ἐγέλασεν,
3245 2904 3433 2977 ἐπειδὴ
3482 2904 3546 2959 τὸ
3588 2907 3713 2972 Πῶς

2119 2986 2239 3042 εἶπε
2256 3006 2268 3019 ⁸
2295 2989 2388 3042 καὶ
2413 2988 2561 3044 ἄλλοι
2579 2987 2761 3041 πολλοί
2781 2985 2937 3040 τοῦτο
2959 2987 3311 3060 ζητήσαντες,
3334 2988 3438 3059 τῆς
3478 2989 3711 3052 πίστεως

2119 3070 2393 3136 ἐξέπεσον.

2187 3151 2257 3221 γ’.
2290 3151 2448 3207 Οῦτω
2469 3152 2562 3206 καὶ
2586 3153 2852 3225 αἰρετικοί¹
2894 3153 3147 3225 μένουσιν
3177 3153 3272 3207 ἐπὶ
3293 3153 3391 3224 τῆς
3418 3154 3706 3224 αἱρέσεως,

2116 3235 2322 3306 ταύτην
2341 3236 2610 3307 πολλαχοῦ
2632 3235 2729 3308 τὴν
2748 3236 2891 3301 λέξιν
2904 3236 3310 3306 ἐπιζητοῦντεςο
3335 3237 3385 3289 οἰ
3411 3238 3514 3308 μέν
3530 3237 3710 3306 λέγον.

2117 3335 2229 3383 τες,
2244 3319 2366 3382 Πῶς
2387 3319 2700 3394 ἐσαρκώθη;
2718 3321 2766 3372 οἰ
2785 3319 2840 3373 δέ
2861 3319 3132 3388 λέγοντες,
3150 3319 3276 3382 Πῶς
3293 3320 3559 3392 ἐγεννήθη
3580 3338 3595 3386 ;
3616 3323 3709 3375 καὶ

2116 3403 2184 3473 τῇ
2201 3401 2310 3454 τῶν
2326 3403 2542 3456 οἰκείων
2553 3401 2829 3474 λογισμῶν
2851 3402 3107 3473 ἀσθενείᾳ
3122 3403 3222 3471 τὴν
3240 3402 3470 3473 ἄπειρον
3489 3405 3710 3476 ἐκείνην

2119 3484 2515 3548 ὑποϐάλλοντες
2542 3486 2751 3541 οὐσίαν.
2784 3487 2964 3558 Ἀπερ
2989 3482 3084 3541 οὖν
3104 3485 3316 3550 εἰδότας
3348 3487 3574 3557 φεύγειν
3605 3488 3709 3561 χρὴ

2114 3565 2212 3638 τήν
2245 3566 2472 3638 ἄκαιρον
2501 3567 2704 3640 ταύτην
2731 3567 3285 3641 πολυπραγμοσύνην.
3323 3567 3462 3623 Οὔτε
3496 3571 3608 3641 γάρ
3648 3571 3708 3625 τὸ

2116 3649 2242 3712 Πῶς
2277 3650 2512 3705 εἴσονται
2551 3650 2646 3704 καὶ
2696 3651 2746 3704 οἱ
2790 3650 2964 3704 ταῦτα
3002 3649 3313 3721 ζητοῦντες,
3350 3651 3444 3704 καὶ
3471 3652 3706 3717 πίστεως

2115 3732 2469 3786 ἐκπεσοῦνται
2501 3732 2600 3803 τῆς
2629 3731 2815 3805 ὀρθῆς.
2860 3733 2960 3786 Διά
2985 3733 3145 3786 τοῦτο
3185 3735 3281 3786 καὶ
3319 3728 3476 3799 οὗτος
3514 3735 3703 3790 διαπο-

2116 3815 2226 3887 ρῶν
2266 3813 2311 3878 ί,
2344 3815 2496 3889 [Mi]
2525 3817 2614 3869 τὸν
2643 3817 2844 3888 τρόπον
2873 3816 3126 3888 ἐπιζητεῖ
3172 3819 3290 3888 (καὶ
3317 3818 3428 3890 γάρ
3469 3820 3703 3890 συνῆκεν

2114 3901 2197 3952 ὅτι
2223 3900 2316 3952 καὶ
2361 3898 2496 3967 πρὸς
2527 3899 2688 3953 αὑτὸν
2714 3898 2933 3968 λέγεται
2960 3900 3020 3954 τὸ
3045 3901 3385 3974 λεγόμενον),
3420 3902 3516 3955 καὶ
3548 3902 3704 3973 θορυο

2113 3981 2310 4046 ϐεῖται,
2347 3982 2442 4036 καὶ
2497 3983 2725 4054 ἰλιγγιᾷ,
2761 3984 2858 4037 καὶ
2900 3985 2958 4036 ἐν
3003 3985 3285 4056 ἀμηχανίᾳ
3315 3985 3484 4049 ἐστὶν,
3534 3985 3702 4039 ἐλθὼν

2115 4064 2212 4134 μὲν
2247 4065 2322 4127 ὡς
2357 4065 2436 4128 εἰς
2478 4065 2787 4135 ἄνθρωπον,
2840 4065 3057 4120 ἀκούων
3101 4067 3158 4120 δέ
3195 4067 3418 4138 μείζονα
3466 4068 3501 4139 ἢ
3553 4072 3702 4141 παρά

2111 4147 2432 4219 ἀνθρώπου,
2463 4149 2557 4201 καὶ
2581 4148 2618 4203 ἀ
2660 4149 2849 4220 μηδεὶς
2879 4152 3081 4222 ῆκουσε
3117 4151 3338 4206 πώποτε
3359 4168 3374 4182 ο
3407 4153 3506 4207 καὶ
3552 4153 3699 4206 διαν-

2114 4231 2325 4285 ίσταται
2352 4230 2451 4302 μὲν
2485 4231 2623 4302 πρὸς
2652 4233 2714 4284 τὸ
2745 4231 2878 4303 ὕψος
2905 4233 3015 4287 τῶν
3035 4233 3346 4305 λεγομένων
3372 4235 3537 4302 τέως,
3573 4253 3700 4290 σκοο

2109 4313 2296 4367 τοῦται
2323 4313 2402 4380 δέ,
2439 4313 2532 4368 καὶ
2566 4316 2664 4384 οὐχ
2689 4315 2926 4381 ἵσταται,
2958 4317 3237 4389 πανταχοῦ
3264 4319 3701 4390 περιφερόμενος

2109 4396 2206 4450 καὶ
2231 4395 2472 4466 συνεχῶς
2494 4397 2777 4451 ἐκπίπτων
2800 4399 2901 4468 τῆς
2930 4400 3183 4464 πίστεως.
3208 4401 3300 4454 Διὸ
3323 4404 3418 4454 καὶ
3441 4404 3694 4474 ἐπιμένει

2109 4480 2532 4545 κατασκευάζων
2551 4480 2611 4533 τὸ
2642 4481 2922 4547 ἀδύνατον,
2955 4482 3097 4537 ὥστε
3120 4485 3197 4547 εἰς
3232 4486 3582 4557 σαφεστέραν
3603 4489 3697 4542 αύο

2107 4563 2198 4616 τὸν
2227 4561 2624 4617 ἐκκαλέσασθαι
2651 4563 3020 4620 διδασκαλίαν.
3049 4568 3146 4634 Μὴ
3167 4566 3419 4622 δύναται
3438 4570 3573 4640 γὰρ,
3597 4589 3697 4642 φη-

2110 4647 2216 4710 σίν,
2249 4646 2563 4714 ἄνθρωπος
2587 4649 2676 4713 εἰς
2703 4647 2820 4716 τὴν
2843 4651 3082 4706 κοιλίαν
3110 4650 3220 4718 τῆς
3245 4653 3477 4720 μητρὸς
3509 4653 3695 4708 αὑτοῦ

2106 4728 2388 4797 δεύτερον
2411 4728 2713 4783 εἰσελθεῖν
2748 4731 2852 4785 καί
2879 4730 3286 4801 γεννηθῆναις
3329 4734 3527 4807 Ὁρᾶτε
3555 4736 3691 4802 πῶς,

2107 4815 2237 4868 ὅταν
2267 4815 2379 4876 τοῖς
2417 4813 2639 4877 οἰκείοις
2679 4813 2960 4886 λογισμοῖς
2994 4815 3262 4890 ἐπιτρέψῃ
3303 4834 3389 4881 τις
3421 4819 3490 4872 τά
3532 4837 3694 4873 πνευ-

2111 4895 2338 4968 ματικά,
2370 4896 2464 4949 καὶ
2487 4896 2869 4965 καταγέλαστα
2886 4897 3206 4968 φθέγγεται,
3229 4901 3322 4953 καὶ
3340 4900 3529 4973 ληρεῖν
3547 4904 3695 4958 δοκεῖ

2105 4977 2200 5032 καὶ
2251 4977 2490 5049 μεθύειν,
2535 4979 2662 5033 ὅταν
2696 4980 3126 5052 περιεργάζηται
3161 4983 3312 5055 παρά
3360 4985 3418 5038 τὸ
3460 4985 3542 5054 τῷ
3573 4986 3693 5057 Θεῷ

2103 5061 2296 5116 δοκοῦν
2319 5061 2388 5115 τά
2412 5062 2704 5134 εἰρημένα,
2726 5065 2823 5118 καὶ
2850 5065 2928 5136 μὴ
2954 5065 3181 5137 δέχηται
3199 5066 3298 5138 τὴν
3328 5070 3425 5138 τῆς
3453 5067 3694 5135 πίστεως

2107 5143 2508 5214 συγκατάθεσιν
2530 5162 2544 5210 ;
2575 5147 2814 5200 Ἤκουσε
2835 5149 3142 5218 γεννήσεως
3171 5150 3573 5220 πνευματικῆς,
3598 5155 3694 5208 καὶ

2104 5230 2206 5283 οὐκ
2249 5229 2438 5300 ἐνόησε
2482 5230 2879 5301 πνευματικὴν,
2913 5231 3028 5284 ἀλλ’
3073 5235 3154 5298 εἰς
3183 5233 3283 5305 τὴν
3325 5236 3688 5307 ταπεινότητα

2105 5313 2204 5380 τῆς
2231 5313 2430 5382 σαρκὸς
2453 5313 2780 5367 καθείλκυσε
2808 5314 2869 5367 τὸ
2895 5316 3207 5387 εἰρημένον,
3225 5317 3319 5371 καὶ
3349 5319 3493 5389 μέγα
3516 5319 3687 5390 δόγμα

2108 5396 2252 5452 ο⁶ύτω
2275 5399 2368 5451 καὶ
2402 5397 2610 5468 ὑψηλὸν
2632 5399 2734 5468 τῆς
2767 5401 3002 5470 φυσικῆς
3021 5399 3345 5465 ἀκολουθίας
3373 5403 3689 5475 ἐξήρτησεν.

2107 5481 2206 5534 Διά
2243 5481 2403 5534 τοῦτο
2430 5481 2700 5552 ληρωδίας
2721 5481 2946 5536 πλάττει
2973 5483 3181 5548 λοιπὸν,
3213 5485 3306 5538 καὶ
3328 5485 3563 5555 ἀπορίας
3593 5503 3692 5540 κα-

2110 5564 2500 5634 ταγελάστους.
2520 5564 2612 5617 Διὸ
2645 5565 2740 5619 καὶ
2767 5567 2798 5618 ὁ
2823 5566 3036 5631 Παῦλος
3064 5567 3271 5637 ἔλεγεν,
3301 5569 3382 5622 ὅτι
3424 5569 3696 5638 Ψυχικός

2105 5645 2419 5723 ἄνθρωπος
2439 5649 2510 5702 οὐ
2523 5647 2758 5718 δέχεται
2776 5649 2847 5703 τὰ
2867 5649 2976 5704 τοῦ
2996 5653 3365 5721 Πνεύματος.
3391 5651 3542 5722 Πλὴν
3557 5652 3696 5706 ἀλλά

2107 5731 2200 5784 καί
2226 5732 2283 5783 ἐν
2311 5730 2486 5802 τούτῳ
2521 5731 2620 5804 τὴν
2658 5732 2791 5787 αἰδὼ
2821 5735 2920 5804 τὴν
2948 5736 3006 5788 ἐν
3043 5734 3121 5806 τῷ
3154 5733 3375 5806 Χριστῷ
3407 5735 3695 5804 φυλάττει.

2148 5819 2551 5888 {SigSaviLgt
2592 5838 2706 5873 mss.
2733 5825 2946 5888 plurimi.
2998 5825 3168 5888 Morel.
3212 5831 3266 5874 el
3306 5823 3389 5874 alii
3422 5827 3694 5888 φιλαληοές.

2112 5886 2135 5945 ἐ
2162 5883 2469 5949 ευερὶοειυε
2489 5886 2702 5949 εανὶἰὶυς
2734 5883 3005 5949 legendum
3046 5887 3101 5934 οὐ
3135 5888 3313 5949 ψυχική
3351 5889 3381 5943 ἡ
3403 5883 3547 5949 δόξα,
3578 5883 3699 5936 ἀλλὰ

2106 5947 2396 6007 πνευματική
2410 5985 2417 5994 .
2433 5945 2537 6009 Ego
2555 5946 2675 5996 nihil
2698 5945 2981 5998 mufandum
2995 5945 3261 5998 087.806."!
3276 5949 3375 5998 Alii
3393 5948 3455 5997 δι’
3475 5950 3679 6014 ἀπορίας
