4012 6194
335 213 436 272 H5

334 325 626 383 secundum
659 320 1029 377 haereticorum
1060 313 1377 370 sententiam
1408 312 1667 383 loquitur,
1698 309 1787 379 qui
1828 307 1912 362 di-

335 422 441 485 cit,
469 416 536 474 ab
562 417 668 471 alio
689 413 892 469 moveri
917 453 932 479 ,
963 420 1014 466 ct
1039 409 1260 464 aliorum
1285 421 1388 476 ope
1416 405 1655 474 indigere
1677 445 1691 470 ,
1722 412 1780 457 ut
1815 401 1915 456 hoc

335 511 517 569 faciat.
552 507 690 576 Quid
722 521 851 576 ergo
890 501 1169 558 Christus?
1211 498 1345 553 Vide
1388 495 1731 565 indulgentia:
1777 493 1915 548 illius

341 599 781 672 magnitudinem.
811 595 926 650 Non
955 593 1109 660 dixit,
1140 591 1382 646 Aliorum
1411 588 1614 642 auxilio
1639 601 1743 640 non
1761 598 1908 656 egeo,

341 691 432 744 sed
463 705 585 744 cum
617 694 881 757 potestate
909 683 1088 739 omnia
1118 681 1252 737 iacio
1286 697 1300 734 :
1333 693 1457 734 nam
1483 691 1640 732 verus
1662 691 1778 732 sum
1821 675 1914 731 Dei

338 784 525 848 Filius,
557 793 611 838 et
639 779 881 836 eamdem
913 791 1074 847 quam
1104 774 1331 831 Genitor
1355 779 1672 842 potestatem
1703 768 1913 824 habeo:

339 873 550 929 interim
581 886 709 926 vero
738 870 789 926 id
820 868 1017 925 efferre
1044 865 1245 932 uoluit,
1291 871 1350 918 ut
1394 861 1628 917 audienti
1667 873 1784 915 sese
1826 873 1914 915 ac-

341 965 721 1021 commodaret.
750 963 882 1019 Nam
913 960 1053 1032 quod
1077 974 1292 1029 semper
1319 958 1442 1014 dico
1465 998 1479 1023 ,
1517 956 1615 1011 hoc
1643 969 1783 1010 nunc
1828 967 1917 1009 re-

340 1066 512 1128 petam
539 1098 554 1120 ,
581 1055 634 1110 id
661 1054 934 1109 Christum
963 1052 1173 1107 interim
1201 1048 1468 1104 studuisse
1487 1089 1502 1114 ,
1529 1061 1634 1101 non
1664 1055 1721 1100 ut
1748 1045 1919 1115 digni-

340 1159 498 1202 tatem
529 1161 678 1200 suam
708 1146 1007 1210 revelaret,
1053 1142 1147 1199 sed
1192 1150 1249 1196 ut
1292 1137 1635 1211 persuaderet
1682 1153 1741 1194 se
1785 1136 1918 1192 nihil

341 1247 524 1293 contra
553 1237 728 1292 Patris
760 1237 1090 1290 voluntatem
1121 1233 1321 1288 facere;
1366 1231 1596 1301 Ideoque
1639 1231 1691 1284 in
1742 1229 1920 1285 verbis

341 1343 480 1398 srepe
507 1327 818 1383 moderatus
841 1324 1264 1396 deprehenditur
1283 1363 1299 1390 ,
1332 1323 1385 1376 in
1411 1321 1574 1377 rebus
1615 1335 1720 1376 non
1769 1320 1918 1375 item.

339 1419 470 1474 Cum
499 1418 647 1474 enim
675 1417 935 1472 miracula
963 1415 1074 1470 edit
1098 1454 1114 1481 ,
1141 1429 1262 1470 cum
1291 1419 1555 1483 potestate
1583 1409 1760 1465 omnia
1800 1408 1925 1465 facit

336 1509 525 1564 dicens
553 1524 569 1561 :
611 1506 760 1572 Volo,
789 1506 1057 1559 mundare.
1087 1503 1287 1558 Talitha
1308 1543 1323 1566 ,
1351 1518 1501 1572 surge
1525 1500 1716 1570 (Marc.
1749 1501 1800 1555 1.
1832 1501 1922 1555 ei.

339 1611 386 1653 et
437 1600 490 1654 5.
522 1599 644 1668 41).
689 1597 922 1651 Extende
965 1611 1185 1649 manum.
1217 1594 1552 1646 Dimittuntur
1596 1593 1684 1646 tibi
1720 1602 1921 1662 peccata

343 1687 571 1756 (Matth.
605 1688 690 1741 12.
724 1688 807 1741 15.
845 1695 891 1740 et
919 1686 970 1741 9.
999 1685 1089 1755 5).
1122 1684 1270 1750 Tace,
1293 1683 1589 1737 obmutesce.
1618 1681 1762 1736 Tolle
1798 1699 1918 1752 gra-

318 1781 514 1832 batum
553 1789 712 1844 tuum,
741 1787 786 1831 et
811 1777 934 1831 vade
969 1777 1021 1829 in
1047 1775 1249 1829 domum
1287 1782 1424 1827 tuam
1455 1772 1657 1844 (Marc.
1681 1773 1733 1826 4.
1757 1772 1845 1828 59.
1873 1782 1919 1826 et

334 1873 390 1925 2.
419 1872 441 1924 1
461 1870 530 1938 l).
551 1869 662 1924 Tibi
683 1870 816 1934 dico,
835 1868 1024 1921 malum
1047 1867 1368 1930 daemonium,
1388 1865 1490 1919 Exi
1513 1865 1575 1918 ab
1597 1865 1705 1934 ipso
1723 1862 1914 1936 (Marc.

337 1961 390 2015 5.
423 1961 501 2030 8).
533 1959 653 2014 Fiat
683 1961 772 2013 tibi
794 1960 921 2014 sicut
945 1960 1017 2013 eis
1042 1957 1267 2030 (Matth.
1292 1957 1380 2012 15.
1411 1954 1527 2027 28).
1557 1955 1616 2010 Si
1644 1955 1756 2024 quis
1784 1953 1918 2008 vobis

334 2051 524 2104 dixerit
569 2051 798 2120 aliquid,
853 2049 1002 2103 dicite
1043 2049 1164 2118 quia
1202 2045 1455 2101 Dominus
1485 2046 1562 2100 his
1591 2061 1718 2116 opus
1748 2045 1913 2099 habet.

335 2148 354 2208 (
386 2141 552 2196 Marc.
583 2141 667 2195 I-I.
696 2141 730 2195 5
751 2141 793 2211 ).
832 2139 996 2194 Hodie
1039 2155 1230 2192 mecum
1255 2138 1353 2192 eris
1380 2137 1432 2191 in
1470 2136 1709 2207 paradiso
1745 2134 1916 2208 (Luc.

333 2229 424 2284 25.
458 2232 528 2286 45
550 2231 595 2301 ).
619 2230 848 2284 Audistis
877 2230 996 2299 quia
1017 2229 1206 2282 dictum
1228 2237 1302 2282 est
1323 2228 1544 2298 antiquis
1563 2269 1578 2293 ,
1624 2225 1746 2279 Non
1785 2227 1918 2279 occi-

335 2321 419 2374 des
445 2337 463 2373 :
481 2337 574 2392 ego
594 2330 761 2374 autem
792 2319 906 2373 dico
929 2319 1066 2373 vobis
1085 2359 1099 2386 ,
1126 2319 1247 2389 quia
1278 2318 1363 2389 qui
1386 2319 1627 2371 irascitur
1652 2316 1801 2387 fratri
1829 2333 1922 2371 suo

332 2423 532 2478 temere,
554 2430 669 2468 reus
685 2415 775 2467 erit
786 2413 988 2484 judicio
1006 2411 1216 2484 (Matth.
1241 2411 1329 2466 15.
1351 2410 1438 2464 21.
1469 2408 1581 2480 22).
1615 2408 1784 2463 Venite
1807 2421 1916 2479 post

331 2523 428 2572 me,
458 2517 506 2560 et
533 2508 720 2578 faciam
761 2523 847 2561 vos
889 2507 1154 2576 piscatores
1189 2505 1446 2559 hominum
1477 2502 1688 2574 (Matth.
1711 2501 1915 2576 4.19).

332 2598 544 2669 Ubique
573 2608 720 2655 certe
747 2613 992 2670 magnam
1023 2597 1264 2655 videmus
1291 2597 1406 2667 ejus
1427 2597 1817 2653 auctoritatem.
1863 2597 1916 2650 ln

328 2690 492 2744 rebus
539 2689 682 2743 enim
729 2704 888 2744 nemo
931 2703 994 2744 ea
1037 2703 1156 2759 quae
1193 2687 1330 2742 facta
1375 2696 1498 2742 sunt
1520 2685 1918 2756 reprehendere

330 2782 529 2849 possit.
561 2780 842 2846 Quomodo
873 2781 1082 2850 possit?
1110 2779 1240 2834 Nam
1267 2780 1312 2834 si
1343 2795 1404 2834 ea
1430 2795 1548 2849 quae
1578 2779 1670 2834 ille
1709 2778 1921 2834 dicebat

325 2886 433 2926 non
460 2871 715 2926 eﬁ'ectum
742 2879 797 2925 et
826 2871 985 2925 linem
1026 2878 1353 2939 consequuta
1399 2878 1614 2934 essent,
1661 2869 1922 2937 potuisset

323 2963 451 3032 quis
503 2961 691 3016 dicere
739 2968 1008 3030 pracepta
1059 2960 1146 3014 illa
1190 2975 1255 3014 ex
1279 2961 1583 3028 arrogantia
1613 2957 1917 3027 prodiisse:

321 3055 452 3123 quia
482 3066 621 3106 vero
647 3051 997 3113 eveniebant,
1038 3051 1113 3106 rei
1143 3051 1341 3104 veritas
1363 3049 1483 3102 illos
1513 3049 1596 3102 vel
1627 3047 1821 3101 invitos
1859 3047 1925 3101 ad

323 3143 619 3198 silentium
651 3142 1026 3211 compellebat.
1060 3141 1114 3194 lu
1141 3140 1319 3194 verbis
1343 3151 1517 3193 autem
1541 3181 1556 3204 ,
1587 3139 1924 3208 impudentes

321 3249 454 3286 cum
484 3242 710 3296 essent,
743 3240 988 3300 poterant
1018 3231 1164 3285 illum
1209 3239 1264 3282 ut
1299 3237 1634 3299 arrogantem
1685 3244 1924 3298 carpere.

396 3324 511 3379 Cur
539 3325 770 3378 Christus
800 3323 1112 3394 cenigmatice
1147 3321 1428 3376 Nicodemo
1465 3323 1738 3392 loquatur;
1770 3323 1926 3392 ipsius

318 3420 596 3472 verborum
615 3417 1075 3487 explanatio—Ita
1097 3430 1236 3470 nunc
1260 3414 1603 3469 Nicodemum
1625 3413 1920 3484 alloquens,

319 3511 454 3563 nihil
484 3509 720 3564 sublime
749 3507 1115 3576 apertedicit,
1154 3505 1249 3562 sed
1291 3520 1388 3575 per
1425 3505 1706 3576 aenigmata
1748 3505 1920 3574 ipsum

319 3602 385 3656 ab
414 3601 608 3655 humili
647 3600 908 3655 sententia
950 3597 1195 3664 deducit,
1243 3596 1531 3651 ostendens
1574 3610 1632 3651 se
1670 3595 1772 3650 sibi
1820 3595 1919 3664 ipsi

318 3692 575 3747 sufﬁcere
615 3692 681 3745 ad
729 3690 976 3744 miracula
1024 3688 1298 3758 patranda.
1345 3686 1643 3744 Perfectum
1683 3687 1824 3742 enim
1857 3688 1920 3741 il-

320 3784 428 3839 lum
472 3785 646 3839 Pater
687 3784 899 3852 genuit,
933 3783 1139 3852 sibique
1171 3782 1268 3851 ipsi
1300 3780 1677 3847 suﬁicientem,
1710 3787 1762 3836 et
1789 3779 1918 3833 nihil

317 3876 704 3948 imperfectum
754 3875 1054 3930 habentem.
1120 3873 1235 3929 Sed
1269 3873 1543 3928 videamus
1598 3887 1705 3942 quo
1768 3881 1919 3942 pacto

317 3967 419 4024 hoc
459 3969 554 4022 ille
589 3966 893 4022 conﬁrmet.
927 3967 1072 4020 Dixit
1099 3966 1186 4020 ille
1219 3982 1231 4018 :
1266 3963 1426 4019 Rabbi
1446 4004 1460 4029 ,
1507 3964 1691 4017 scimus
1732 3964 1851 4034 quia
1887 3981 1919 4017 a

316 4059 426 4113 Deo
452 4059 646 4113 venisti
674 4058 926 4127 magister,
957 4066 1002 4110 et
1023 4055 1156 4125 quod
1184 4071 1326 4108 nemo
1355 4065 1513 4125 potest
1543 4059 1708 4125 facere
1735 4070 1846 4123 qua:
1869 4063 1922 4107 tu

319 4153 448 4220 fucis
470 4193 484 4214 ,
515 4149 626 4204 nisi
652 4149 804 4218 fuerit
832 4147 966 4202 Deus
996 4164 1108 4215 cum
1147 4162 1223 4200 eo.
1265 4147 1599 4201 Existimavit
1633 4161 1692 4199 se
1734 4160 1922 4214 magna

317 4243 589 4312 quaepiam
641 4241 711 4296 de
755 4240 968 4294 Christo
1015 4239 1231 4294 dixisse.
1285 4238 1422 4305 Quid
1465 4251 1595 4313 ergo
1643 4236 1924 4290 Christus?

321 4335 633 4390 Ostendens
680 4334 827 4388 illum
874 4348 941 4386 ne
984 4331 1051 4385 ad
1097 4331 1279 4384 limina
1319 4329 1532 4399 quidem
1574 4343 1710 4383 verte
1747 4327 1927 4398 cogni-

323 4425 484 4480 tionis
515 4425 822 4480 accessisse
841 4465 854 4487 ,
883 4437 985 4477 nec
1012 4422 1093 4476 vel
1124 4421 1176 4475 in
1205 4419 1464 4475 vestibulo
1487 4433 1627 4486 esse,
1656 4417 1747 4474 sed
1775 4427 1925 4473 extra

323 4520 524 4586 regiam
550 4518 832 4580 aberrare,
858 4523 910 4568 et
935 4529 1058 4568 eum
1084 4520 1138 4568 et
1161 4513 1322 4566 alium
1344 4511 1584 4582 quemvis
1615 4509 1729 4565 haec
1755 4510 1928 4565 dicen-

326 4619 430 4663 tem
452 4653 467 4675 ,
503 4610 747 4664 necdum
769 4607 837 4660 ad
868 4621 1047 4661 veram
1073 4604 1526 4674 appropinquasse
1552 4603 1813 4666 notitiam,
1837 4599 1925 4670 qui

325 4702 487 4757 talem
521 4702 593 4755 de
636 4698 925 4768 Unigeuito
951 4697 1254 4766 opinionem
1283 4694 1500 4749 haberet
1531 4712 1544 4748 :
1572 4693 1698 4764 quid
1727 4692 1836 4747 ait?
1873 4692 1926 4746 5.

326 4795 509 4859 Amen,
544 4807 700 4844 amen
721 4791 834 4843 dico
856 4789 961 4855 tibi,
988 4788 1082 4842 nisi
1103 4789 1211 4858 quis
1231 4795 1378 4841 natus
1399 4787 1547 4857 fuerit
1573 4787 1805 4854 desuper,
1831 4799 1932 4836 non

325 4895 490 4953 potest
522 4884 706 4937 videre
731 4897 938 4951 regnum
970 4880 1064 4933 Dci
1082 4896 1100 4943 ;
1133 4880 1231 4934 hoc
1260 4885 1376 4944 est,
1409 4876 1517 4931 Nisi
1546 4886 1599 4930 tu
1632 4887 1787 4929 natus
1816 4872 1931 4927 fue-

327 4980 400 5034 ris
432 4978 700 5046 desuper,
727 4984 780 5028 et
804 4982 1100 5028 accuratam
1132 4972 1437 5042 dogtnatum
1464 4969 1819 5039 cognitionem
1845 4981 1934 5020 ac-

327 5069 564 5139 ceperis,
600 5067 738 5121 foris
761 5065 996 5129 aberras,
1023 5075 1076 5119 et
1103 5063 1284 5133 procul
1315 5077 1373 5116 es
1403 5076 1430 5112 a
1467 5075 1629 5128 regno
1658 5057 1931 5112 caelorum.

333 5159 534 5213 Verum
568 5159 620 5212 id
653 5159 766 5211 'non
797 5155 939 5210 clare
967 5154 1128 5218 dicit;
1169 5163 1223 5207 et
1261 5161 1317 5206 ut
1347 5152 1520 5205 minus
1554 5161 1847 5202 onerosum
1886 5145 1936 5200 id

329 5250 473 5320 quod
503 5249 796 5304 dicebatur
822 5255 994 5311 esset,
1045 5261 1150 5299 non
1191 5245 1362 5313 ipsum
1405 5249 1586 5309 aperte
1627 5237 1935 5304 alloquitur,

332 5341 426 5396 sed
461 5337 889 5395 iudetertninate
917 5337 1076 5400 dicit,
1111 5335 1228 5388 Nisi
1257 5334 1370 5405 quis
1401 5343 1549 5384 natus
1580 5329 1770 5400 fuerit;
1800 5341 1862 5380 ac
1896 5325 1940 5378 si

335 5435 544 5488 diceret
593 5449 608 5485 :
654 5430 782 5484 Sive
811 5438 898 5493 tu,
930 5430 1041 5489 sive
1068 5427 1241 5498 quivis
1270 5426 1406 5478 alius
1435 5422 1550 5476 haec
1591 5421 1658 5476 de
1697 5434 1785 5474 me
1823 5433 1943 5484 sen-

341 5526 436 5578 tiat
458 5566 473 5588 ,
526 5523 573 5577 is
616 5528 773 5574 extra
814 5534 1030 5589 regnum
1069 5527 1170 5572 est.
1199 5515 1310 5570 Nisi
1343 5513 1484 5567 enim
1515 5511 1627 5564 lucc
1655 5511 1740 5564 illa
1771 5517 1946 5564 mente

342 5623 614 5686 dixisset,
670 5614 947 5682 responsio
988 5629 1088 5668 non
1117 5612 1181 5666 ad
1211 5606 1540 5679 propositum
1569 5611 1712 5659 esset
1764 5599 1874 5655 lloc
1902 5601 1951 5656 si

1315 199 1377 255 IN
1418 196 1733 256 JOANNEM
1771 193 2002 252 HOMIL.
2047 193 2240 250 XXIV.
2281 195 2350 250 al.
2395 193 2580 252 XXIII.

3502 200 3601 258 HG

2020 306 2186 363 Judaei
2214 307 2525 373 audiissent,
2545 309 2844 367 deridentes
2872 310 3166 367 discessuri
3188 323 3360 368 erant.
3385 315 3479 370 Hic
3501 330 3599 370 au-

2018 407 2123 454 tem
2153 397 2389 455 discendi
2419 401 2648 456 studium
2675 416 2782 472 pra:
2807 415 2868 457 se
2891 404 3032 458 tulit.
3059 403 3186 458 Ideo
3212 404 3352 460 enim
3375 403 3598 460 obscure

2017 506 2159 561 saepe
2202 491 2434 562 loquitur
2480 491 2752 555 Christus.
2801 501 2862 548 ut
2903 493 3176 550 auditores
3222 506 3276 550 et
3323 495 3388 550 ad
3434 496 3597 549 inter-

2016 583 2306 653 rogandum
2352 585 2735 654 promptiores,
2797 595 2850 640 et
2892 585 2961 641 ad
3008 587 3338 655 operandam
3381 587 3597 657 expedi-

2020 675 2182 730 tiores
2203 675 2407 730 reddat.
2427 675 2559 738 Nam
2578 677 2717 747 quod
2738 677 2882 732 clare
2902 676 3116 745 dicitur,
3135 678 3432 732 auditorem
3454 692 3596 747 saepe

2016 763 2182 836 fugit;
2209 766 2351 836 quod
2381 776 2557 822 autem
2586 768 2871 824 obscurum
2893 777 2995 835 est,
3025 769 3364 824 attentiorem
3392 768 3596 822 studio.

2016 857 2321 928 sioremque
2349 859 2540 914 reddit.
2579 859 2688 915 Hoc
2729 869 2905 916 autem
2946 860 3210 930 significat
3241 877 3256 914 :
3286 860 3395 916 Nisi
3439 869 3595 916 natus

2019 947 2185 1006 fueris
2211 951 2459 1021 desttper,
2490 951 2592 1006 nisi
2622 967 2718 1022 per
2743 953 3008 1008 lavacrum
3033 953 3450 1024 regenerationis
3476 953 3596 1024 δρία

2020 1041 2180 1096 ritum
2210 1042 2497 1111 acceperis,
2529 1057 2633 1097 non
2663 1052 2816 1113 potes
2839 1043 2904 1098 ad
2934 1053 3130 1099 rectam
3166 1043 3235 1098 de
3274 1059 3360 1098 me
3389 1043 3597 1113 opinio-

2021 1148 2144 1188 nem
2171 1134 2471 1203 pervenire.
2505 1134 2629 1190 Haic
2669 1142 2757 1188 tua
2797 1134 2976 1204 opinio
3012 1151 3117 1189 non
3143 1135 3462 1204 spiritualis,
3501 1134 3594 1189 sed

2023 1225 2269 1280 animalis
2293 1233 2379 1280 est
2400 1225 2440 1278 ί.
2472 1225 2587 1281 Non
2617 1235 2794 1281 tamen
2821 1225 2901 1280 his
2931 1225 3106 1280 verbis
3129 1239 3258 1279 usus
3285 1235 3400 1290 est,
3439 1238 3507 1279 ne
3531 1224 3598 1278 il-

2023 1315 2133 1370 lum
2175 1329 2271 1386 pro
2311 1314 2565 1371 facultate
2610 1331 2708 1371 sua
2751 1316 3050 1385 loquentem
3094 1323 3356 1381 terreret;
3399 1313 3494 1370 sed
3534 1315 3600 1370 ad

2026 1406 2284 1476 majorem
2331 1407 2477 1462 illum
2517 1408 2876 1478 cognitionem
2921 1407 3036 1462 sine
3075 1407 3379 1476 suspicione
3414 1407 3600 1476 erigit,

2026 1511 2146 1552 cum
2177 1497 2330 1564 dicit,
2360 1497 2481 1553 Nisi
2503 1501 2615 1568 quis
2639 1508 2841 1554 renatus
2864 1500 3020 1569 fuerit
3055 1499 3286 1569 desuper.
3333 1498 3464 1554 Illud
3493 1496 3602 1552 De-

2023 1604 2192 1659 super,
2227 1589 2474 1659 quidam,
2505 1590 2574 1644 de
2601 1590 2754 1656 cmlo,
2787 1589 2970 1645 dicunt
2997 1589 3330 1661 signiﬁcare;
3358 1590 3446 1645 alii
3476 1604 3600 1645 vero

2021 1694 2051 1733 a
2081 1679 2362 1750 principio.
2396 1681 2446 1735 ls
2474 1681 2616 1735 enim
2649 1681 2739 1750 qui
2770 1695 2874 1736 non
2903 1681 2982 1736 sic
3011 1689 3167 1736 natus
3196 1681 3373 1748 fuerit,
3407 1679 3599 1751 inquit,

2021 1787 2125 1826 non
2156 1782 2329 1842 potest
2357 1773 2538 1829 videre
2565 1789 2786 1844 regnum
2827 1774 2957 1838 Dei;
2989 1774 3224 1844 seipsum
3262 1773 3601 1844 signiﬁcans,

2019 1873 2073 1919 et
2098 1865 2389 1922 ostendens
2414 1867 2464 1922 id
2493 1883 2597 1922 non
2620 1883 2741 1923 esse
2761 1867 2900 1938 quod
2923 1867 3097 1923 solum
3117 1866 3350 1934 videtur,
3369 1866 3462 1921 sed
3487 1866 3606 1920 aliis

2021 1970 2156 2024 opus
2180 1971 2300 2011 esse
2325 1957 2513 2024 oculis,
2543 1967 2601 2012 ut
2629 1957 2872 2013 Christus
2899 1957 3159 2013 videatur.
3187 1957 3278 2012 llis
3304 1956 3496 2011 auditis
3519 1956 3608 2012 Ni-

2023 2046 2279 2103 codemus
2308 2049 2382 2103 ait
2414 2068 2427 2104 :
2460 2049 2512 2104 4.
2549 2049 2810 2116 Quomodo
2837 2058 2998 2120 potest
3025 2050 3174 2103 homo
3201 2048 3373 2115 nasci,
3406 2064 3519 2102 cum
3545 2047 3608 2102 sit

2025 2143 2214 2196 senex?
2252 2143 2419 2197 Rabbi
2450 2158 2572 2198 eum
2599 2143 2834 2212 appellas
2855 2184 2872 2209 ,
2915 2151 2968 2198 et
2997 2155 3027 2197 a
3056 2141 3163 2197 Deo
3189 2140 3399 2196 venisse
3437 2139 3604 2205 dicis,

2027 2247 2126 2288 nec
2153 2233 2270 2303 ejus
2295 2233 2460 2288 verba
2486 2233 2740 2300 admittis,
2767 2233 3073 2304 dictumque
3097 2232 3302 2302 profers
3329 2230 3602 2302 magistro,

2025 2323 2164 2394 quod
2206 2324 2373 2394 possit
2410 2339 2652 2396 magnam
2692 2322 2881 2378 aﬁ'erre
2920 2323 3415 2392 perturbationem?
3467 2319 3604 2375 Illud

2023 2417 2164 2472 enim
2185 2456 2201 2482 ,
2250 2415 2510 2481 Quomodo
2531 2459 2544 2482 ,
2580 2430 2685 2471 non
2715 2414 2998 2471 admodum
3027 2414 3360 2470 credentium
3392 2412 3604 2468 dubita-

2023 2510 2219 2564 tionem
2246 2508 2420 2574 eﬁ'ert,
2452 2507 2544 2563 sed
2573 2523 2758 2564 eorum
2789 2507 2880 2578 qui
2909 2505 3083 2562 adhuc
3113 2506 3337 2564 terrenis
3375 2505 3602 2560 luerent.

2019 2601 2150 2657 Nam
2184 2600 2313 2657 Sara
2341 2599 2459 2656 ideo
2484 2601 2638 2667 risit,
2679 2599 2831 2670 quia,
2872 2599 3156 2671 quomodo,
3197 2598 3329 2654 dixit
3362 2617 3378 2655 :
3409 2597 3605 2668 aliique

2021 2693 2171 2747 multi
2200 2691 2300 2746 bac
2326 2692 2740 2762 interrogatione
2769 2690 2882 2756 usi,
2915 2705 2943 2743 a
2977 2689 3082 2745 fide
3110 2689 3442 2745 exciderunt.

2079 2787 2132 2841 3.
2148 2785 2212 2840 In
2231 2786 2373 2840 rebus
2386 2787 2564 2840 divinis
2578 2801 2680 2838 non
2698 2785 2902 2838 nimiam
2919 2785 3252 2838 curiositatem
3269 2783 3606 2839 adhibendam

2023 2877 2375 2946 esse,e:cemplo
2390 2876 2655 2930 Nicodemi
2678 2875 3210 2945 comprobatum—Sic
3231 2885 3284 2932 et
3298 2875 3530 2932 hmrctici
3550 2876 3600 2930 in

2026 2982 2121 3021 sua
2144 2976 2380 3036 perstant
2408 2968 2620 3032 haeresi,
2648 2967 2764 3036 pari
2793 2967 2950 3021 modo
2975 2967 3397 3037 interrogantes;
3424 2967 3607 3022 dicunt

2029 3059 2172 3112 enim
2194 3057 2304 3125 alii,
2327 3058 2603 3126 Quomodo
2621 3058 2922 3111 incarnatus
2941 3058 3054 3111 est?
3083 3057 3191 3122 alii,
3209 3055 3486 3125 Quomodo
3506 3072 3604 3111 na.

2035 3153 2154 3206 tus?
2175 3151 2659 3221 cogitationumque
2677 3164 2889 3204 suarum
2911 3149 3200 3204 inlirmitati
3228 3149 3537 3204 immensam
3556 3150 3608 3203 il-

2030 3243 2135 3296 lam
2159 3241 2440 3310 subjiciunt
2464 3239 2838 3296 substantiam.
2855 3239 2982 3307 ρυλε
3002 3253 3121 3292 cum
3147 3237 3398 3303 sciamus,
3418 3237 3608 3293 intem-

2030 3335 2284 3405 pestivam
2303 3333 2438 3387 illam
2456 3334 2820 3388 curiositatem
2836 3332 2998 3386 vitare
3017 3337 3244 3401 oportet.
3260 3332 3444 3401 Neque
3464 3332 3602 3386 enim

2024 3425 2292 3498 quomodo
2316 3424 2428 3480 haec
2463 3424 2606 3480 facta
2659 3425 2766 3478 sint
2792 3424 2962 3479 scient
2987 3440 3233 3495 umquam
3262 3425 3295 3480 ii
3323 3424 3411 3494 qui
3441 3423 3603 3480 hasce

2023 3528 2239 3573 movent
2257 3517 2597 3589 quaestiones,
2618 3523 2672 3572 et
2691 3532 2719 3570 a
2737 3524 2876 3572 recta
2897 3515 2997 3571 ﬁde
3018 3515 3282 3573 excident.
3303 3516 3428 3572 Ideo
3445 3514 3602 3570 Nico-

2025 3612 2212 3669 demus
2236 3612 2361 3668 dum
2385 3612 2576 3668 dubius
2601 3611 2814 3667 modum
2841 3610 3028 3682 quaerit
3053 3611 3072 3679 (
3093 3611 3351 3668 intellexit
3375 3612 3516 3666 enim
3538 3627 3599 3667 ea

2022 3720 2137 3774 quae
2163 3701 2404 3760 Christus
2428 3704 2638 3759 dicebat
2672 3701 2737 3757 ad
2767 3717 2825 3757 se
2853 3711 3096 3772 spectare
3111 3701 3156 3772 ).
3188 3701 3451 3765 turbatur,
3483 3702 3604 3754 cali-

2019 3797 2138 3866 gine
2166 3795 2396 3865 repletus
2422 3795 2618 3859 haeret,
2647 3801 2831 3862 utpote
2868 3793 2956 3863 qui
2996 3809 3056 3847 se
3094 3791 3367 3847 hominem
3403 3787 3604 3844 adiisse

2021 3895 2194 3958 putet,
2229 3893 2284 3941 et
2313 3885 2510 3952 majora
2542 3883 2725 3936 audiat
2753 3897 2908 3952 quam
2935 3897 3054 3952 qua:
3087 3881 3152 3936 ad
3184 3884 3453 3936 hominem
3478 3898 3608 3954 per-

2024 3980 2193 4034 tincre
2253 3975 2492 4046 possint,
2542 3986 2766 4042 quaeque
2810 3987 2968 4026 nemo
3011 3986 3263 4040 umquam
3311 3968 3540 4022 audierit
3585 3989 3602 4028 :

2024 4079 2258 4126 mentem
2285 4064 2498 4134 quidem
2527 4061 2683 4130 erigit
2703 4060 2769 4114 ad
2792 4060 3053 4115 dictorum
3080 4061 3483 4123 sublimitatem,
3511 4061 3628 4122 sed.

2025 4158 2425 4222 obtenebratur,
2456 4169 2555 4209 nec
2575 4154 2868 4209 consistere
2890 4160 3061 4222 potest
3085 4170 3099 4207 :
3122 4153 3354 4224 undique
3378 4151 3608 4207 circnm-

2030 4253 2212 4313 t'ertur,
2240 4256 2296 4302 et
2322 4246 2623 4316 frequenter
2646 4258 2711 4296 ex
2741 4240 2846 4295 ﬁde
2869 4243 3082 4296 excidit.
3118 4241 3346 4312 Ideoque
3375 4241 3611 4310 persistit

2030 4337 2376 4411 impossibilia
2419 4343 2630 4391 teutans
2656 4375 2670 4400 ,
2712 4342 2769 4388 ut
2796 4331 2977 4388 Jesum
3003 4332 3069 4388 ad
3100 4331 3608 4390 clariorem-doctri~

2031 4449 2151 4489 nam
2181 4437 2385 4487 evocet.
2419 4426 2681 4495 Numquid
2713 4433 2888 4495 potest,
2923 4425 3112 4494 inquit,
3132 4424 3280 4479 homo
3310 4426 3362 4477 in
3392 4433 3613 4480 ventrem

2033 4525 2209 4578 matris
2243 4535 2347 4575 sute
2387 4520 2562 4573 iterato
2605 4517 2813 4572 introire
2845 4527 2891 4573 et
2929 4516 3113 4572 nasci?
3156 4516 3607 4582 Animadvertite,

2033 4611 2245 4686 quando
2261 4611 2378 4681 quis
2398 4609 2626 4680 propriis
2646 4608 3055 4679 cogitationibus
3074 4604 3367 4676 spiritualia
3389 4606 3611 4674 permit.

2034 4708 2126 4773 tit,
2167 4702 2435 4775 quomodo
2470 4700 2690 4756 ridicula
2731 4697 2988 4768 proferat;
3023 4712 3087 4752 ac
3116 4695 3344 4751 delirare
3373 4693 3612 4750 videatur

2037 4808 2092 4852 ut
2114 4797 2312 4862 ebrius,
2335 4793 2544 4866 quando
2564 4800 2758 4862 printer
2779 4788 2872 4843 Dei
2895 4787 3164 4856 placitum,
3188 4784 3326 4840 dicta
3351 4784 3612 4841 curiosius

2037 4896 2324 4949 scrutatur.
2356 4900 2526 4954 neque
2557 4881 2679 4935 ﬁdei
2709 4892 2982 4932 assensum
3010 4875 3249 4947 prtebet?
3277 4875 3492 4930 Audivit
3519 4889 3612 4943 ge-

2038 4979 2366 5034 nerationem
2387 5017 2402 5041 ,
2433 4988 2532 5028 nec
2560 4969 2816 5026 intellexit
2840 4980 2956 5021 eam
2983 4967 3306 5035 spiritualem
3337 4979 3492 5027 esse;
3523 4965 3629 5018 sed

2039 5072 2091 5125 in
2123 5070 2300 5124 carnis
2329 5067 2589 5121 vilitatem
2613 5059 2809 5112 dictum
2845 5060 3125 5125 pertraxit,
3168 5064 3481 5120 tantumque
3513 5061 3623 5108 tam

2041 5164 2266 5218 sublime
2294 5160 2484 5227 dogma
2515 5153 2580 5208 ad
2614 5151 2899 5204 naturalem
2931 5165 3106 5205 rerum
3145 5147 3338 5202 seriem
3375 5143 3621 5201 deduxit;
3705 5179 3713 5188 -

2044 5255 2164 5309 Ideo
2185 5266 2352 5323 nugas
2371 5257 2426 5303 et
2447 5242 2698 5301 ridiculas
2716 5241 3034 5307 quaestiones
3054 5243 3163 5310 jam
3181 5233 3627 5293 comminiscitur.

2041 5345 2246 5398 Idcirco
2263 5319 2473 5394 'Paulns
2499 5329 2714 5385 dicebat
2755 5343 2769 5379 :
2814 5330 3058 5384 Animatis
3097 5330 3248 5383 homo
3287 5341 3389 5378 non
3422 5319 3635 5389 percipit

2048 5451 2106 5487 ea
2134 5446 2247 5502 quas
2273 5436 2390 5482 sunt
2433 5419 2660 5489 Spiritus
2691 5416 2774 5483 (1-.
2820 5417 2935 5471 Cor.
2978 5419 3032 5472 2.
3076 5417 3206 5485 14).
3251 5414 3644 5464 Verumtamen

2115 5546 2130 5576 ι
2158 5541 2432 5605 suspicatur
2454 5527 2660 5605 savilius
2671 5524 2962 5605 legendum,
2973 5543 3061 5605 non
3083 5522 3312 5580 animatis
3329 5525 3420 5574 est,
3438 5517 3525 5564 sed
3551 5525 3661 5578 spt-

2056 5591 2261 5657 ritttatis:
2290 5601 2393 5661 Ego
2419 5591 2539 5644 nihil
2565 5591 2841 5638 mutandum
2863 5604 3059 5642 censeo.
