4012 6198
633 258 734 311 H7

631 371 718 427 hic
748 369 907 425 etiam
936 366 1263 423 Nicodamus
1288 368 1643 423 reverentiam
1666 382 1787 437 erga
1813 367 2081 423 Christum
2107 385 2212 424 ser-

632 469 738 513 vat.
768 457 952 528 Neque
976 458 1119 512 enim
1147 454 1345 513 dictum
1378 456 1575 522 irrisit,
1606 456 1700 512 sed
1743 458 2068 527 impossibile
2096 474 2215 514 esse

628 560 821 618 putans
846 548 1011 603 siluit.
1046 548 1161 603 Duo
1192 562 1419 618 namque
1445 547 1826 604 dubitationem
1853 550 2046 606 afferre
2072 561 2215 621 pote-

627 650 780 708 rant,
811 641 1087 710 generatio
1118 639 1257 706 talis,
1285 649 1340 696 et
1364 655 1606 710 regnum.
1635 641 1875 697 Nondum
1905 644 2044 699 enim
2068 647 2212 715 regni

628 746 823 785 nomen
848 731 986 802 apud
1013 730 1228 786 Judaaos
1251 731 1489 786 auditum
1518 730 1707 799 fuerat,
1738 748 1911 803 neque
1939 736 2213 805 generatio

627 822 950 893 lmjusmodi.
981 823 1086 878 Sed
1110 822 1323 879 interim
1359 823 1410 877 in
1442 823 1607 894 priori
1632 825 1903 893 consistit,
1929 826 2069 897 quod
2096 827 2211 896 ejus

628 926 861 972 mentem
889 919 1120 974 maxime
1145 918 1463 987 exagitabat.

694 1005 880 1061 Divina
901 1009 1164 1062 ratiocinio
1188 1024 1286 1062 non
1307 1007 1599 1061 scrutanda.
1635 1007 1790 1063 Pravi
1809 1026 1970 1063 mores
1995 1021 2208 1064 mentem

617 1096 909 1151 obscurant.
954 1096 1257 1153 Diuitiarum
1298 1098 1520 1163 damna;
1577 1097 1707 1151 bona
1756 1099 2100 1169 efeemosynte.
2134 1129 2207 1140 —

617 1187 747 1242 llaec
785 1203 904 1242 cum
944 1190 1205 1255 sciamus,
1243 1204 1311 1244 ne
1346 1189 1623 1244 ratiocinio
1663 1190 1843 1244 divina
1870 1201 2198 1258 scrutemur,

620 1293 794 1349 neque
835 1278 902 1333 ad
946 1279 1241 1334 naturalem
1294 1295 1470 1335 rerum
1514 1282 1709 1335 seriem
1750 1280 1839 1335 illa
1878 1282 2199 1349 referamus,

620 1369 703 1423 vel
742 1370 968 1424 naturali
1013 1370 1316 1426 necessitati
1361 1370 1741 1440 subjiciamus;
1784 1370 1878 1427 sed
1912 1371 1994 1441 pie
2024 1372 2200 1427 omnia

616 1462 931 1532 cogitemus,
963 1461 1245 1518 credentes
1273 1461 1563 1533 Scripturae
1591 1464 1765 1518 dictis.
1796 1463 1928 1517 Nam
1959 1465 2203 1521 curiosus

616 1552 896 1622 indagator
922 1552 1051 1608 nihil
1080 1553 1335 1618 lucratur,
1363 1568 1426 1608 ac
1448 1563 1801 1624 praeterquam
1822 1554 1962 1623 quod
1986 1555 2036 1611 id
2058 1556 2197 1626 quod

614 1643 805 1711 qua:rit
833 1658 939 1699 non
972 1645 1240 1710 inveniet,
1286 1653 1556 1699 extremas
1598 1646 1756 1699 etiam
1804 1645 1951 1700 dabit
1990 1658 2194 1717 patnas.

614 1733 781 1788 Audis
806 1734 1017 1790 Patrem
1044 1735 1291 1805 genuisse
1319 1754 1331 1788 :
1364 1735 1413 1789 id
1445 1735 1586 1806 quod
1612 1735 1807 1790 audisti
1835 1736 2027 1803 crede;
2058 1754 2189 1806 quo-

610 1826 771 1881 modo
812 1836 988 1881 autem
1014 1867 1029 1893 ,
1077 1842 1144 1882 ne
1173 1841 1378 1897 quaeras
1400 1868 1416 1895 ,
1448 1842 1620 1897 neque
1646 1827 1768 1883 ideo
1796 1831 2192 1899 generationem

606 1915 843 1987 abneges
867 1935 880 1971 :
906 1917 1008 1972 hoc
1036 1918 1176 1971 enim
1207 1925 1462 1972 extremae
1488 1917 1838 1987 improbitatis
1867 1929 2033 1977 esset.
2058 1920 2190 1976 Nam

607 2009 650 2062 si
691 2007 1012 2064 Nicodemus
1037 2008 1215 2063 audita
1244 2008 1621 2079 generatione,
1656 2025 1760 2065 non
1788 2011 1875 2066 illa
1904 2012 2187 2079 ineffabili,

606 2099 702 2154 sed
743 2099 844 2155 hac
879 2101 1226 2171 generatione
1255 2099 1545 2155 secundum
1583 2102 1843 2171 gratiam;
1892 2104 2015 2174 quia
2056 2105 2187 2160 nihil

604 2205 852 2261 magnum
896 2191 965 2247 de
1011 2191 1097 2246 illa
1143 2191 1423 2261 cogitavit,
1477 2191 1571 2247 sed
1618 2193 1846 2248 humana
1890 2204 2089 2250 tantum
2135 2206 2188 2251 et

603 2292 814 2339 terrena
841 2292 1174 2339 commentus
1203 2294 1284 2339 est
1302 2325 1315 2349 ,
1354 2285 1404 2338 in
1433 2284 1650 2339 dubium
1678 2293 1731 2340 et
1757 2286 2033 2357 caliginem
2060 2303 2187 2344 cun-

597 2377 773 2445 jectus
802 2385 885 2431 est
909 2394 921 2429 :
944 2376 1031 2447 qui
1063 2376 1389 2431 tremendam
1422 2376 1566 2429 illam
1598 2378 1997 2446 generationem
2018 2422 2033 2447 ,
2066 2397 2185 2451 quae

597 2476 653 2523 et
694 2468 953 2523 rationem
994 2478 1048 2524 et
1091 2478 1325 2523 mentem
1356 2483 1569 2523 omnem
1615 2480 1930 2540 exsuperat,
1972 2474 2183 2531 curiose

596 2567 901 2613 scrutantur
930 2566 984 2614 et
1011 2558 1327 2627 explorant,
1361 2566 1558 2627 quanto
1586 2559 1847 2627 supplicio
1876 2559 2020 2631 digni
2064 2562 2184 2618 fue-

594 2650 733 2705 rint?
773 2648 915 2704 Nihil
943 2651 1083 2705 enim
1114 2658 1287 2703 tantas
1317 2650 1457 2719 parit
1484 2650 1731 2705 tenebras
1752 2690 1769 2717 ,
1816 2661 2040 2721 quantas
2077 2652 2177 2710 hu-

594 2756 749 2796 mana
777 2742 933 2804 ratio,
961 2756 1079 2811 quae
1111 2749 1321 2796 terrena
1350 2756 1564 2810 semper
1591 2741 1859 2810 loquitur,
1891 2759 2064 2814 neque
2089 2761 2180 2800 su-

594 2846 811 2902 pernam
834 2831 1274 2886 illuminationem
1298 2830 1549 2886 admittit.
1570 2830 1765 2888 Luteas
1786 2835 1981 2904 quippe
2003 2846 2179 2893 versat

588 2931 647 2978 et
674 2932 911 2977 terrenas
944 2922 1311 2991 cogitationes.
1358 2921 1484 2976 ldeo
1510 2923 1756 2991 supernis
1782 2924 1935 2980 nobis
1964 2925 2175 2984 fluentis

586 3022 672 3069 est
696 3028 849 3083 opus,
881 3022 940 3067 ut
969 3013 1083 3067 luto
1115 3012 1379 3082 deposito,
1413 3012 1666 3082 quidquid
1693 3013 1745 3066 in
1777 3024 1957 3071 mente
1984 3032 2173 3087 purum

586 3114 671 3159 est
698 3119 911 3159 sursum
943 3102 1176 3169 feratur,
1206 3110 1260 3157 et
1288 3117 1407 3157 cum
1436 3102 1630 3156 divinis
1658 3102 1995 3173 dogmatibus
2019 3121 2172 3162 com-

588 3194 898 3249 misceatur.
930 3192 1063 3247 Illud
1096 3207 1220 3247 vero
1253 3202 1376 3247 tunc
1401 3193 1682 3262 contingit,
1711 3208 1830 3247 cum
1858 3203 1910 3249 et
1939 3198 2171 3254 animam

584 3285 805 3353 probam
853 3291 907 3338 et
951 3292 1152 3338 rectam
1182 3283 1343 3337 vitam
1376 3281 1713 3337 exhibemus.
1766 3284 1949 3341 Potest
1990 3290 2166 3357 enim,

582 3383 758 3446 potest
788 3374 971 3444 utique
1000 3389 1104 3428 non
1134 3389 1198 3428 ex
1226 3374 1599 3442 intempestiva
1635 3374 1794 3428 modo
1824 3376 2131 3435 curiositate
2150 3423 2164 3447 ,

579 3466 674 3523 sed
700 3467 858 3522 etiam
878 3482 945 3521 ex
972 3481 1179 3521 morum
1208 3464 1467 3534 pravitate
1491 3479 1641 3518 mens
1663 3474 1841 3520 nostra
1866 3469 2159 3527 obscurari.

580 3558 782 3612 Idcirco
822 3557 1016 3611 Paulus
1057 3554 1349 3610 Corinthiis
1391 3553 1645 3608 dicebat:
1680 3553 1781 3608 Lac
1812 3558 1947 3612 vobis
1990 3571 2162 3629 potum

1375 253 1433 310 S.
1473 251 1750 309 JOANNIS
1787 253 2265 311 CllliYSOSTOMl
2303 257 2615 312 ARCHIEP.
2657 258 3190 321 CONSTJNTINOP.
3769 280 3819 331 τί

2325 370 2475 437 dedi,
2514 388 2613 425 non
2640 390 2823 428 escam.
2859 375 3098 430 Nondum
3128 378 3259 431 enim
3284 381 3549 449 poteratis;
3578 384 3726 437 sedne
3746 405 3826 441 nun

2320 461 2520 528 quidem
2571 465 3002 531 potestis:nd/mc
3046 469 3177 521 enim
3226 469 3456 523 carnales
3499 474 3623 526 estis.
3661 476 3771 529 Cum
3806 498 3825 530 s

2320 551 2451 606 inter
2477 569 2560 608 vos
2583 557 2719 609 zelus
2748 569 2792 609 et
2816 562 3085 625 contentio,
3110 576 3277 613 nonne
3301 564 3528 617 carnales
3544 566 3648 618 estis
3668 566 3735 633 (ι.
3753 570 3826 621 (.‘o:

2320 645 2373 700 5.
2420 644 2471 698 2.
2507 646 2605 715 5)?
2651 647 2705 701 In
2748 648 2984 717 Epistola
3029 665 3239 720 quoque
3280 652 3347 706 ad
3391 653 3635 709 llebrazos
3665 666 3711 710 et
3749 660 3826 711 alil

2317 750 2459 806 smpe
2488 739 2626 807 apud
2674 738 2897 794 Paulqu
2941 741 3055 797 hate
3083 742 3277 798 dicitur
3321 760 3439 801 esse
3486 762 3742 815 pravorum
3771 751 3826 804 de

2315 836 2547 895 gmatum
2565 842 2743 883 causa.
2761 830 2950 885 Anima
2966 833 3105 886 enim
3118 832 3391 889 allectibus
3411 835 3583 890 dedita
3598 854 3688 891 non
3705 851 3826 908 potes

2314 916 2439 985 quid
2468 934 2713 988 magnum
2737 931 2827 975 aut
2846 936 3163 991 generosum
3185 924 3375 980 intueri
3398 943 3411 990 ;
3439 928 3531 982 sed
3549 944 3635 983 ceu
3652 932 3823 999 quadat

2314 1008 2630 1078 lippitudine
2658 1014 2961 1082 perturbata
2984 1057 2999 1078 ,
3032 1016 3367 1073 densissimis
3394 1020 3617 1076 tenebris
3641 1024 3825 1093 subject

2310 1106 2415 1152 est.
2464 1099 2835 1173 Expurgemus
2877 1105 3053 1176 itaque
3096 1109 3484 1179 nosmetipsos,
3530 1113 3826 1169 illuminemu

2310 1188 2459 1245 luce‘
2488 1193 2828 1262 cognitionis,
2854 1211 2922 1251 ne
2942 1210 3125 1253 semen
3153 1200 3203 1252 in
3230 1200 3411 1269 spinas
3430 1202 3692 1270 jacianms.
3715 1207 3826 1273 Qum

2308 1293 2429 1333 nam
2462 1280 2577 1337 haec
2594 1284 2663 1337 sit
2682 1286 2952 1354 spinarum
2975 1291 3126 1359 copia
3150 1292 3336 1356 nostis,
3360 1294 3458 1347 etsi
3482 1309 3575 1350 nos
3592 1306 3826 1353 taceamus

2306 1369 2461 1442 Stepe
2492 1390 2721 1446 namque
2747 1376 3017 1435 Christum
3047 1381 3269 1437 audistis
3297 1388 3571 1453 pratseutis
3590 1389 3698 1441 vita:
3721 1390 3826 1445 solli

2304 1463 2618 1535 citudiuem,
2649 1470 3058 1543 divitiarumque
3086 1475 3343 1531 fallaciam
3370 1479 3633 1547 spinarum
3659 1484 3824 1536 nomin

2302 1568 2622 1627 vocantem;
2652 1572 2703 1617 et
2725 1563 2847 1632 jure
2868 1566 3101 1635 quidem.
3127 1568 3579 1635 Quemadmodum
3607 1573 3734 1627 enim
3758 1575 3825 1627 ill:

2302 1645 2643 1705 infructuosa:
2674 1663 2827 1719 sunt,
2858 1655 2925 1709 ita
2954 1666 3007 1710 et
3034 1657 3257 1724 divitiae;
3304 1671 3361 1713 ut
3389 1661 3493 1715 illa:
3524 1670 3779 1733 tangentes
3801 1680 3825 1717 s

2300 1736 2555 1805 lacerant,
2585 1743 2662 1797 sic
2687 1753 2741 1797 et
2769 1743 2882 1800 haec
2909 1747 3031 1801 vitia
3053 1748 3283 1804 animam
3307 1768 3321 1805 :
3344 1765 3406 1806 ac
3430 1754 3826 1821 quemadmodun

2296 1828 2466 1898 spinae
2512 1832 2632 1901 igne
2672 1833 2829 1891 facile
2868 1836 3251 1907 absumuntur,
3302 1850 3358 1897 et
3403 1843 3598 1898 odiosa:
3625 1847 3826 1914 agricoli

2296 1928 2456 1985 sunt,
2505 1922 2576 1976 ita
2606 1932 2661 1978 et
2685 1940 2771 1980 res
2798 1927 3080 1983 mundanre
3105 1947 3119 1983 :
3142 1945 3205 1984 ac
3233 1931 3369 1986 sicut
3415 1932 3466 1987 in
3506 1935 3663 2003 spinis
3704 1936 3822 1990 ferm

2294 2013 2509 2083 viperte,
2540 2018 2735 2086 scorpii
2767 2021 3117 2088 occultantur,
3148 2025 3219 2079 ita
3240 2035 3292 2078 et
3320 2027 3371 2080 in
3396 2026 3686 2083 divitiarum
3710 2029 3821 2084 falla

2291 2105 2393 2159 cia.
2427 2106 2620 2163 Verum
2656 2110 3001 2169 iuunittamus
3030 2114 3259 2185 Spiritus
3290 2118 3495 2188 ignem,
3528 2129 3580 2175 ut
3606 2130 3655 2175 et
3681 2123 3825 2192 spina

2289 2211 2697 2264 consumamus,
2738 2212 2793 2257 et
2832 2204 2974 2258 feras
3001 2206 3269 2276 fugemus,
3299 2219 3355 2263 ut
3394 2212 3579 2278 purum
3620 2227 3821 2279 paremn

2287 2286 2535 2355 agricola:
2577 2304 2794 2356 arvum;
2838 2293 3030 2349 deinde
3058 2311 3183 2350 vero
3214 2299 3572 2365 spiritualihus
3597 2302 3755 2369 ipsum
3787 2304 3826 2354 ri

2286 2389 2471 2443 gemus
2499 2378 2685 2434 alveis.
2714 2381 3022 2439 Plantemus
3042 2386 3235 2441 olivam
3269 2386 3612 2455 fructiferam,
3644 2391 3826 2447 mitissi

2287 2480 2426 2519 mam
2457 2468 2703 2524 arborem
2734 2487 3050 2544 semperque
3090 2479 3389 2544 virentem,
3439 2481 3815 2538 illuminantem

2284 2558 2631 2629 nutrientem,
2663 2564 2951 2621 valetudini
2981 2576 3178 2637 aptam.
3210 2570 3334 2625 llarc
3354 2575 3530 2627 omnia
3552 2574 3601 2628 in
3622 2591 3678 2628 se
3699 2575 3826 2630 habe

2280 2651 2641 2726 eleemosyna,
2673 2674 2790 2727 qua:
2816 2662 2964 2730 quasi
2985 2663 3215 2732 sigillum
3236 2676 3318 2720 est
3344 2667 3511 2736 ipsam
3537 2669 3821 2739 possidenti

2280 2741 2400 2798 bus.
2445 2744 2591 2801 [lane
2620 2749 2866 2805 arborem
2908 2769 2974 2806 ne
3018 2770 3161 2810 mors
3202 2758 3414 2826 quidem
3461 2760 3570 2829 ipsa
3599 2761 3815 2817 arefacit

2278 2834 2371 2889 sed
2397 2844 2499 2891 stat
2522 2838 2608 2892 illa
2630 2855 2841 2910 semper
2860 2855 3090 2901 mentem
3110 2846 3431 2917 illuminans,
3457 2867 3648 2907 nervos
3666 2854 3826 2908 animo

2277 2923 2485 2994 fovens,
2517 2929 2656 2985 vires
2683 2932 2915 3002 integras
2937 2951 3175 3003 servans,
3203 2940 3662 3014 robustioremque
3685 2946 3826 3000 reddi

2276 3016 2529 3073 animam.
2558 3020 2613 3075 Si
2640 3034 2895 3093 perpetuo
2923 3026 3064 3081 illam
3089 3030 3401 3098 habeamus,
3426 3037 3713 3103 poterimus
3734 3052 3826 3091 cun

2278 3104 2464 3161 tiducia
2482 3109 2745 3179 Sponsum
2763 3115 2962 3181 videre,
2992 3128 3045 3172 et
3062 3120 3113 3173 in
3133 3120 3419 3177 thalamum
3441 3125 3670 3189 intrare;
3694 3143 3826 3196 queu

2275 3210 2371 3248 nos
2419 3213 2606 3255 omnes
2651 3205 2860 3273 assequi
2912 3207 3181 3276 contingat
3226 3211 3390 3280 gratia
3435 3223 3490 3267 et
3533 3213 3825 3284 benigniiat

2274 3284 2484 3342 Domini
2515 3293 2679 3347 nostri
2708 3292 2834 3350 Jesu
2882 3296 3078 3353 Christi
3103 3341 3118 3365 ,
3165 3302 3375 3370 quicum
3414 3305 3553 3360 Patri
3583 3306 3750 3375 gloria
3779 3309 3821 3362 si

2272 3376 2490 3445 mulque
2516 3380 2735 3450 Spiritui
2762 3400 2969 3455 sancto,
3001 3403 3142 3444 nunc
3163 3401 3215 3446 et
3236 3408 3470 3464 semper,
3500 3405 3553 3451 et
3576 3398 3631 3451 in
3659 3399 3823 3453 saecnl

2269 3467 2606 3524 saeculorum.
2635 3473 2827 3529 Amen.

2330 3579 2348 3612 ³
2385 3588 2511 3633 Unus
2534 3584 2699 3648 habet,
2724 3586 3087 3654 illuminatione,
3114 3607 3218 3657 pro,
3238 3595 3360 3646 lace.

582 3673 3826 3813 ᾜ

578 3878 630 3933 5.
664 3878 945 3946 Respondit
978 3876 1129 3933 Iesus
1156 3892 1174 3931 :
1201 3876 1358 3931 Amen
1402 3876 1515 3931 dico
1554 3876 1642 3930 tibi
1667 3892 1686 3931 :
1716 3877 1831 3933 Nisi
1864 3882 1974 3948 quis
2011 3894 2160 3940 natus

646 3969 796 4039 fuerit
836 3985 900 4023 ex
923 3984 1056 4039 aqua
1084 3976 1130 4022 et
1171 3967 1370 4038 Spiritu
1390 4008 1404 4034 ,
1435 3984 1537 4022 non
1564 3977 1724 4037 potest
1758 3969 1968 4028 introire
1992 3974 2045 4028 in
2073 3992 2155 4031 re-

643 4079 800 4134 gnum
826 4062 942 4118 Dei.

644 4218 696 4271 1.
731 4215 943 4272 Pueruli
974 4213 1213 4285 quotidie
1240 4214 1525 4284 magistros
1554 4211 1827 4279 adeuntes,
1858 4215 2153 4277 doctrinam

575 4308 843 4378 accipiunt
885 4317 940 4362 et
965 4307 1213 4372 recitant,
1243 4315 1297 4361 et
1325 4319 1615 4375 numquam
1642 4304 1744 4360 hoc
1772 4311 1962 4377 agendi
1992 4312 2152 4370 finem

568 4398 806 4463 faciunt,
849 4398 957 4453 imo
1002 4412 1405 4468 nonnumquam
1446 4394 1692 4451 noctibus
1728 4396 1842 4454 dies
1865 4401 2149 4473 adjiciunt,

570 4489 729 4557 idque
776 4503 873 4558 pro
915 4488 1072 4545 ﬂuxis
1100 4475 1262 4547 rebus
1289 4494 1466 4549 facere
1493 4511 1525 4550 a
1555 4499 1707 4554 vobis
1737 4503 2013 4567 coguntur.
2047 4495 2153 4551 Nos

568 4588 744 4635 autem
774 4594 879 4635 non
906 4595 938 4636 a
967 4582 1138 4650 vobis,
1163 4583 1251 4652 qui
1276 4583 1325 4637 in
1350 4585 1671 4653 perfectiore
1693 4596 1848 4644 tetate
1874 4587 2021 4650 estis,
2052 4589 2154 4645 hoc

570 4670 887 4740 requirimus
906 4712 919 4738 ,
971 4672 1114 4743 quod
1147 4686 1240 4727 vos
1269 4687 1298 4727 a
1331 4673 1456 4729 filiis
1484 4676 1679 4730 vestris
1708 4678 1939 4747 exigitis.
1969 4677 2152 4747 Neque

568 4763 711 4815 enim
733 4764 988 4832 quotidie,
1008 4764 1099 4819 sed
1121 4765 1199 4819 bis
1219 4772 1421 4820 tantum
1448 4768 1499 4820 in
1522 4765 1852 4823 hebdomada
1870 4769 1973 4840 (a),
1994 4769 2151 4840 idque

567 4865 663 4919 per
692 4850 906 4907 brevem
945 4852 1048 4909 diei
1091 4863 1291 4923 partem
1317 4896 1333 4920 ,
1381 4864 1436 4911 ut
1482 4855 1717 4911 laborem
1744 4856 1982 4913 levemus
2004 4900 2019 4923 ,
2054 4873 2151 4914 vos

565 4942 808 4997 coneioni
836 4941 1024 4999 adesse
1045 4952 1095 4998 et
1116 4944 1392 5001 attendere
1418 4945 1711 5001 hortamur.
1746 4946 1868 5001 Ideo
1898 4948 2147 5017 paulatim

566 5033 718 5089 vobis
743 5032 1136 5103 Scripturarum
1162 5037 1306 5093 dicta
1332 5037 1672 5108 decerpimus
1696 5080 1711 5105 ,
1758 5046 1817 5092 ut
1853 5054 1914 5093 ea
1946 5038 2149 5095 facilius

565 5140 755 5197 capere
780 5170 795 5196 ,
826 5136 881 5183 et
922 5126 973 5182 in
1015 5130 1208 5184 mentis
1247 5137 1437 5186 vestrae
1484 5132 1835 5201 receptaculis
1880 5131 2148 5200 deponere

480 5256 487 5262 .
565 5220 819 5284 valeatis,
853 5229 1012 5290 atque
1051 5218 1103 5274 in
1136 5224 1396 5278 memoria
1423 5223 1688 5289 retinere,
1740 5232 1794 5277 ut
1840 5222 2054 5294 possitis
2084 5239 2146 5277 ea

562 5307 682 5362 aliis
708 5309 925 5364 referre.
953 5309 1064 5365 Nisi
1091 5309 1316 5368 fortasse
1342 5312 1602 5383 quiSpiam
1629 5313 1917 5369 admodum
1947 5315 2146 5369 somni-

562 5398 779 5453 culosus
807 5399 877 5453 sit
900 5408 954 5454 et
981 5399 1199 5469 ignavus
1229 5402 1553 5473 pueruloque
1584 5403 1844 5459 hebetior.
1878 5403 2144 5459 Dictorum

563 5491 742 5562 itaque
775 5491 968 5547 seriem
998 5492 1357 5563 arripiamus;
1393 5492 1681 5551 Nicodemo
1706 5511 1933 5566 namque
1965 5496 2014 5551 in
2045 5496 2142 5551 lut-

625 5648 700 5711 (a)
733 5647 1096 5712 Chrysostomus
1116 5647 1190 5697 bis
1206 5649 1253 5698 in
1279 5646 1578 5699 hebdomade
1598 5650 1977 5699 concionabatur.

2268 3896 2473 3952 miliora
2502 3898 2801 3969 deeidente,
2836 3912 2889 3959 et
2916 3905 3109 3961 Christi
3139 3908 3336 3963 dictum
3366 3911 3430 3965 ad
3462 3921 3734 3967 terrenam
3758 3931 3826 3986 ge

2266 3987 2595 4044 nerationem
2623 3991 2954 4062 deprimente
2978 4038 2993 4063 ,
3026 4014 3088 4052 ac
3120 3999 3332 4055 dicente
3365 4003 3697 4072 impoSsibile
3731 4022 3825 4060 ess

2260 4094 2443 4134 senem
2481 4081 2659 4138 denuo
2689 4089 2869 4153 nasci,
2905 4089 3147 4146 Christus
3172 4096 3527 4160 generationis
3561 4097 3707 4151 illius
3740 4116 3826 4153 mo

2260 4169 2384 4224 dum
2411 4172 2608 4228 clarius
2633 4178 2880 4245 explicat,
2914 4181 3003 4247 qui
3029 4181 3245 4237 difficile
3270 4186 3482 4254 quidem
3512 4188 3826 4258 intelligere

2262 4270 2345 4315 tur
2368 4263 2435 4317 ab
2464 4279 2548 4330 eo,
2577 4267 2664 4335 qui
2693 4269 2904 4323 animali
2939 4272 3096 4326 modo
3125 4274 3522 4346 interrogasset,
3554 4290 3825 4350 possetqu

2259 4360 2434 4409 tamen
2479 4357 2545 4411 ab
2574 4356 2671 4412 hac
2696 4359 2900 4428 abjeeta
2931 4364 3255 4432 cogitatione
3289 4368 3714 4437 interrogantem
3749 4375 3826 4427 eri

2255 4460 2401 4512 gere.
2432 4446 2567 4513 Quid
2595 4450 2737 4505 enim
2764 4451 2930 4507 dicit?
2959 4454 3114 4509 Amen
3146 4457 3257 4510 dico
3283 4457 3399 4525 tibi,
3432 4461 3532 4514 nisi
3556 4462 3674 4529 quis
3703 4475 3826 4516 nata

2258 4539 2409 4608 fuerit
2439 4556 2502 4593 ea:
2525 4558 2655 4610 aqua
2683 4554 2729 4596 et
2759 4544 2957 4614 Spiritu
2982 4586 2997 4607 ,
3026 4563 3127 4601 non
3154 4559 3316 4618 potest
3343 4552 3531 4604 intrare
3553 4555 3608 4606 in
3633 4570 3826 4624 regum

2254 4628 2383 4694 Dei;
2426 4630 2477 4685 id
2520 4643 2596 4688 est
2625 4654 2637 4688 :
2664 4635 2742 4689 Tu
2769 4638 2979 4706 quidem
3012 4638 3115 4694 hoc
3161 4642 3487 4710 impossibile
3517 4659 3645 4700 esse
3675 4646 3819 4699 diris

2254 4738 2352 4792 ego
2378 4738 2503 4778 vero
2532 4725 2817 4781 admodum
2853 4729 3102 4798 possibile
3132 4730 3280 4798 dico;
3316 4735 3556 4789 utetiam
3588 4751 3826 4790 necessa

2254 4816 2389 4869 rium
2416 4817 2513 4881 sit,
2544 4828 2598 4873 et
2625 4819 2741 4874 sine
2774 4821 2862 4875 illo
2891 4838 3047 4877 nemo
3073 4823 3251 4879 Salvus
3278 4840 3396 4880 esse
3427 4828 3617 4896 possit.
3650 4828 3826 4883 Neres

2252 4908 2390 4961 saria
2419 4909 2557 4963 enim
2579 4952 2593 4974 ,
2642 4910 2796 4965 nobis
2825 4912 3110 4970 admodum
3142 4915 3314 4971 facilia
3363 4918 3485 4973 fecit
3513 4919 3685 4974 Deus.
3718 4921 3822 4973 Nai

2253 5005 2462 5052 terrena
2508 5000 2720 5069 quidem
2764 5009 3073 5074 generatio,
3117 5008 3411 5061 secundum
3461 5025 3687 5063 carnem
3716 5051 3732 5075 ,
3792 5028 3825 5063 e

2252 5089 2467 5157 pulvere
2497 5101 2577 5144 est
2601 5110 2613 5141 :
2639 5104 2965 5163 quapropter
2991 5112 3018 5148 a
3050 5096 3350 5151 ca-lestibus
3382 5098 3468 5153 illa
3516 5098 3825 5152 intercludi

2253 5187 2372 5233 tur:
2396 5181 2519 5248 quid
2550 5185 2689 5236 enim
2722 5185 2878 5239 habet
2913 5196 3050 5240 terra
3082 5203 3201 5241 cum
3228 5190 3360 5244 ca'lo
3385 5191 3727 5245 commune?
3761 5189 3826 5244 lll

2250 5288 2377 5326 vero
2406 5289 2471 5328 ex
2502 5275 2697 5341 Spiritu
2738 5274 2894 5331 facile
2946 5277 3099 5332 nobis
3140 5280 3383 5334 caelestes
3432 5281 3555 5335 illos
3606 5280 3825 5335 furniec

2249 5364 2438 5432 aperit.
2489 5365 2681 5419 Audite
2734 5376 2987 5435 quotquot
3038 5368 3269 5422 tmnduttl
3322 5371 3605 5425 illuminati
3668 5374 3817 5427 estis

2248 5452 2636 5519 exhorrescite,
2666 5456 2861 5524 gemitc
2883 5475 2895 5510 :
2918 5458 3189 5512 tremenda
3214 5461 3407 5529 quippe
3433 5471 3512 5514 est
3540 5464 3826 5516 cominius

2250 5545 2356 5610 tio,
2388 5546 2639 5600 terribilis
2677 5548 2969 5609 sententia;
3006 5547 3123 5602 Non
3155 5559 3334 5615 potest,
3370 5550 3572 5619 inquit,
3620 5553 3723 5621 qui
3757 5569 3826 5605 no

2248 5647 2392 5693 natus
2436 5649 2504 5691 cst
2534 5655 2591 5693 ex
2619 5655 2747 5709 aqua
2790 5649 2832 5693 et
2864 5638 3058 5711 Spiritu
3085 5684 3096 5707 ,
3138 5642 3324 5698 intrare
3355 5644 3405 5697 in
3434 5659 3662 5713 regnum
3696 5646 3826 5699 «eis
