4036 6208
465 266 566 323 H9

459 383 574 438 ἐστὶ
598 381 690 434 καὶ
719 377 994 448 ἀλλότριος
1021 393 1034 408 ·
1060 377 1159 430 οὑκ
1189 375 1304 447 ἔχει
1346 377 1408 430 τδ
1451 375 1699 446 σύνθημα
1729 373 1791 426 τὸ
1819 371 2030 443 βασιλι-

456 466 573 522 κόν.
607 464 750 518 Ἐὰν
782 462 868 532 μή
916 478 1026 526 τις,
1067 461 1220 529 φησὶ,
1268 457 1530 528 γεννηθῇ
1565 457 1634 521 ἐξ
1676 457 1895 518 ὕδατος
1931 452 2029 506 καὶ

456 549 820 618 Πνεύματος,
854 545 928 598 οὐ
959 543 1206 597 δύναται
1231 540 1534 596 εἰσελθεῖν
1576 542 1665 606 εις
1700 538 1816 605 τὴν
1845 537 2029 618 ﬂavit:-

452 616 628 686 λείαν
653 628 770 683 τῶν
798 625 1087 696 οὐρανῶν.
1139 624 1275 676 Ἀλλ’
1315 626 1344 676 6
1385 623 1692 693 Νικόδημος
1733 618 1880 692 {lu}
1909 616 2028 671 οὑδέ

454 713 599 766 οὑτω
629 712 880 781 συνῆκεν.
914 707 1080 762 οὑδέν
1113 706 1221 778 7&9
1253 709 1434 776 χεῖρον
1482 705 1578 758 τοῦ
1609 705 1722 767 τοῖς
1751 702 2029 771 λογισμοῖς

453 798 524 850 τά
555 792 895 862 πνευματικά
945 789 1282 858 ἐπιτρέπειν.
1333 787 1504 842 Τοῦτο
1553 787 1648 840 καὶ
1694 784 1882 839 τοῦτον
1929 784 2028 836 οὑκ

455 879 667 949 ἀφῆκεν
691 874 894 946 ὑψηλόν
917 891 969 926 τι
1006 873 1100 926 καὶ
1136 871 1277 941 μέγα
1317 869 1706 949 φαντασθῆναι.
1742 865 2027 949 Διάμτοῦτο

455 944 567 1011 κάι
587 958 750 1028 ἡμεῖς
771 944 952 1007 πιστοὶ
989 950 1322 1020 καλούμεθα,
1369 950 1457 1003 ῐνα
1490 948 1598 1002 τῶν
1629 945 1903 1017 λογισμῶν
1929 944 2027 1014 τὴν

454 1039 737 1093 ἀσθένειαν
768 1036 994 1105 ἀφέντες
1024 1034 1124 1104 τὴν
1151 1033 1320 1097 κάτω,
1362 1032 1498 1103 πρὸς
1543 1031 1606 1084 τὸ
1643 1030 1776 1099 ὑψος
1811 1029 1908 1098 τῆς
1938 1028 2028 1080 πί-

457 1140 625 1186 στεως
654 1118 963 1189 άναϐῶμεν,
1005 1116 1100 1170 καὶ¹
1137 1115 1208 1170 τά
1249 1114 1467 1169 πλείονα
1507 1113 1616 1168 τῶν
1655 1111 1876 1180 ἀγαθῶν
1917 1110 2027 1163 τῶν

454 1205 738 1276 ἡμετέρων
763 1205 828 1272 τῇ
854 1197 1169 1269 διδασκαλίᾳ
1190 1197 1365 1270 ταύτῃ
1385 1205 1411 1233 ⁸
1442 1195 1818 1267 ἐπιτρέψωμεν
1840 1209 1855 1224 ·
1888 1193 2025 1262 ὅπερ

453 1290 503 1340 εί
533 1287 628 1340 καὶ
659 1285 968 1354 Νικόδημος
993 1280 1266 1350 ἐποίησεν,
1289 1279 1390 1332 οὑκ
1419 1276 1486 1331 ἂν
1510 1276 1657 1347 αὑτῷ
1684 1277 1746 1329 τὸ
1794 1277 2024 1346 πρᾶγμα

453 1371 712 1422 ἀδύνατον
740 1361 877 1419 εἶναι
906 1363 1186 1434 ἐνομίσθη.
1212 1361 1278 1415 Τί
1297 1357 1435 1416 οῦνό
1455 1360 1687 1433 Χριστός
1712 1378 1728 1423 ;
1775 1358 2025 1428 ’Δπάγων

450 1451 614 1505 αὑτὸν
645 1450 743 1519 τῆς
770 1447 977 1510 ἐννοίας
1004 1444 1208 1516 ταύτης
1229 1445 1329 1515 τῆς
1359 1444 1535 1514 χαμαὶ
1584 1441 1905 1513 συρομένης,
1933 1440 2026 1494 καὶ

448 1537 664 1597 δεικνὺς
689 1534 772 1586 ὅτι
789 1533 850 1586 οὑ
874 1549 940 1584 πε
950 1531 1002 1600 9l
1028 1529 1232 1599 ταύτης
1253 1527 1556 1596 διαλέγεται
1579 1526 1680 1596 τῆς
1698 1526 2022 1596 γεννήσεως,

431 1617 693 1685 ’λέγειτὸ,
728 1613 872 1668 Ἐὰν
884 1611 968 1682 μή
991 1629 1082 1678 τις
1100 1609 1362 1680 γεννηθῇ
1383 1611 1452 1674 ἐξ
1476 1610 1693 1674 ὓδατος
1712 1609 1810 1662 καὶ
1837 1607 2026 1661 Πνεύ-

446 1717 656 1768 ματος,
699 1699 770 1750 οὐ
814 1696 1060 1748 δύναται
1092 1691 1390 1746 εἰσελθεῖν
1431 1693 1518 1758 είς
1555 1690 1670 1759 τὴν
1697 1689 2025 1755 βασιλειαν

451 1783 572 1837 τῶν
595 1781 889 1849 οὐρανῶν.
927 1778 1112 1832 Ταῦτα
1161 1777 1217 1830 δὲ
1260 1775 1576 1844 ἐφθέγγετο,
1628 1775 1706 1846 τῷ
1754 1775 1902 1844 φόϐῳ
1926 1773 2024 1844 τῆς

453 1865 682 1934 ἀπειλῆς
703 1860 1105 1916 ἐπισπάσασθαι
1136 1860 1272 1930 πρὸς
1308 1859 1406 1930 τῆν
1435 1859 1615 1912 πίστιν
1647 1857 1808 1910 αὑτὸν
1839 1854 2021 1927 βουλό-

454 1964 632 2018 μενος,
668 1947 763 2000 καὶ
791 1947 975 1998 πεῖσαι
999 1943 1061 1996 τὸ
1080 1944 1309 2014 πρᾶγμα
1342 1942 1416 2013 μὴ
1450 1940 1688 2012 νομίζειν
1719 1936 1857 1994 εἶναι
1893 1937 2022 1993 ἀδύ-

450 2047 626 2095 νατον,
655 2029 749 2083 καὶ
773 2029 870 2096 τῆς
887 2045 951 2080 πε
961 2026 1013 2098 ρὶ
1041 2025 1138 2096 τὴν
1165 2025 1432 2096 σαρκικὴν
1456 2023 1708 2095 γέννησιν
1726 2022 2022 2093 φαντασίας

450 2113 754 2180 ἀποστῆσαι
775 2107 1106 2172 σπουδάζων.
1135 2107 1360 2178 Ἑτέραν
1379 2107 1521 2175 λέγω
1549 2106 2020 2176 γέννησιν,φησ“ιν,

450 2192 496 2251 ὦ
520 2197 793 2266 Νικόδημε
817 2212 831 2226 ·
857 2194 909 2247 τί
936 2193 1025 2246 τὸν
1043 2192 1199 2260 λόγον
1217 2191 1394 2255 ἕλκεις
1423 2190 1560 2262 πρὸς
1587 2190 1686 2260 τὴν
1707 2189 1842 2257 γῆν;
1875 2188 1926 2240 τί
1953 2190 2019 2259 τῇ

450 2278 549 2348 τῆς
583 2275 798 2345 φύσεως
849 2276 1061 2346 ἀνάγκη
1099 2274 1160 2329 τδ
1189 2275 1422 2345 πρᾶγμα
1453 2271 1812 2337 ὑποϐάλλεις;
1855 2269 2020 2323 Ἀνώ-

449 2359 608 2430 τερός
638 2361 754 2412 ἐστι
782 2358 890 2411 τῶν
910 2357 1164 2411 τοιούτων
1179 2356 1380 2410 ὠδίνων
1406 2348 1559 2418 οὗτος
1591 2357 1620 2408 6
1652 2355 1841 2419 τόκος,
1871 2352 2021 2406 οὐδὲν

451 2442 564 2512 ἔχει
591 2441 766 2494 κοινὸν
803 2441 937 2512 πρὸς
966 2439 1138 2509 ὑμᾶς·
1177 2437 1429 2508 γέννησις
1462 2437 1563 2508 μὲν
1607 2437 1716 2508 7&9
1755 2438 1848 2490 καὶ⁵
1884 2436 2021 2508 αῦτη

450 2524 686 2591 λέγεται,
713 2520 846 2576 ἀλλὰ
873 2521 950 2592 τῷ
977 2520 1201 2591 ὀνόματι
1231 2523 1498 2583 κοινωνεῖ,
1532 2519 1611 2590 τῷ
1650 2519 1706 2572 δὲ
1737 2518 2020 2590 πράγματι

448 2607 748 2676 διέστηκεν.
794 2603 1125 2675 Ἀπόστησον
1157 2602 1352 2656 σαυτὸν
1381 2603 1480 2673 τῆς
1512 2602 1694 2672 κοινῆς
1717 2599 2018 2671 συνηθείας·

449 2689 642 2760 ιτέραν
673 2687 877 2756 είσάγω
916 2686 1130 2756 λοχείαν
1175 2687 1255 2748 είς
1300 2685 1390 2738 τὸν
1423 2685 1654 2755 κόσμον·
1696 2684 1868 2746 άλλως
1899 2681 2024 2752 βού-

449 2772 612 2842 λομαι
640 2770 933 2840 γεννᾶσθαι
959 2770 1085 2832 τοὺς
1111 2767 1429 2840 ἀνθρώπους
1451 2784 1466 2798 ·
1504 2767 1650 2832 ξένον
1676 2761 1837 2837 ἦλθον
1861 2765 2019 2834 κομί-

451 2853 558 2918 ζων
585 2853 940 2924 δημιουργίας
965 2851 1186 2922 τρόπον.
1224 2851 1477 2906 Ἔπλασα
1508 2849 1616 2903 ἀπὸ
1645 2849 1746 2916 γῆς
1777 2847 1870 2902 καὶ
1897 2846 2022 2900 ὑδα-

449 2953 578 3000 τος·
629 2936 730 2990 οὑκ
772 2935 992 3016 ἐγένετο
1047 2935 1315 3016 χρήσιμον
1363 2933 1429 3016 τὸ
1483 2930 1739 3016 πλασθὲν,
1777 2929 1914 3016 ἀλλά
1951 2930 2023 2984 δι-

449 3018 696 3089 εστράφη
713 3019 773 3071 τὸ
789 3013 1001 3082 σκεῦος.
1018 3018 1131 3073 υὺκ
1157 3017 1236 3069 έτι
1261 3015 1445 3069 λοιπὸν
1471 3015 1580 3068 ἀπὸ
1593 3014 1698 3083 γῆς
1723 3016 1816 3069 καὶ
1835 3013 2023 3077 ὓδατος

449 3103 652 3157 πλάσαι
682 3102 961 3172 βούλομαι,
999 3101 1116 3154 ἀλλ’
1151 3100 1210 3164 ἐξ
1239 3100 1428 3162 ὕδατος
1465 3099 1560 3152 καὶ
1592 3098 1925 3168 Πνεύματος.
1959 3098 2022 3150 Εἰ

448 3187 507 3240 δέ
533 3203 617 3249 τις
654 3187 851 3257 ἐρωτᾷ.
883 3184 1008 3248 Πῶς
1036 3183 1143 3238 ἀπὸ
1172 3182 1397 3247 ὑδατοςς
1446 3182 1632 3253 ἐρωτῶ
1683 3179 1857 3248 κάγὼ,
1899 3179 2020 3242 Πῶς

448 3268 557 3326 ἀπὸ
584 3269 723 3338 γῆς;
761 3267 876 3330 πῶς
904 3267 1054 3338 γάρὸ
1075 3265 1242 3336 πηλὸς
1267 3267 1346 3328 είς
1367 3264 1596 3336 διάφορα
1628 3262 1765 3334 μέρη
1793 3277 2024 3332 κατεμε-

454 3348 652 3422 ρίσθη;
687 3349 802 3412 πῶς
841 3349 901 3401 τὸ
933 3349 1031 3418 μέν
1070 3348 1430 3420 ὑποκείμενον
1467 3345 1734 3417 μονοειδὲς
1791 3344 1884 3414 (γῆ
1915 3343 2024 3414 7&9

448 3429 518 3507 ῆν
549 3430 706 3502 μόνη)
726 3471 738 3491 .
773 3431 842 3484 τὰ
867 3431 924 3486 δέ
948 3431 1006 3497 ἐξ
1032 3431 1201 3502 αὑτῆς
1221 3430 1488 3499 γενόμενα
1517 3426 1734 3481 ποικίλα
1755 3427 1848 3480 καὶ
1885 3445 2024 3480 παν-

448 3514 691 3576 τοδαπά;
727 3511 900 3565 Πόθεν
942 3513 1095 3578 ὀστᾶ,
1135 3514 1228 3566 καὶ
1260 3509 1448 3580 νεῦρα,
1485 3509 1579 3562 καὶ
1625 3511 1899 3584 ἀρτηρίαι,
1929 3511 2024 3564 καὶ

450 3595 679 3667 φλέϐες;
712 3593 874 3647 πόθεν
896 3594 1110 3666 ὑμένες,
1140 3594 1234 3647 καὶ
1263 3594 1458 3662 ἀγγεῖα
1477 3591 1761 3664 ὀργανικὰ,
1788 3593 1882 3646 καὶ
1909 3593 2026 3663 χόν-

449 3676 585 3749 δροι,
617 3676 710 3730 καὶ
739 3676 982 3746 χιτῶνες,
997 3673 1171 3752 ἧπαρ,
1201 3675 1511 3747 καὶσπλὴν,
1541 3676 1635 3729 καὶ
1662 3674 1892 3746 καρδία;
1925 3676 2024 3729 πόα

451 3759 544 3816 θεν
566 3759 761 3836 δέρμα,
795 3759 889 3812 καὶ
932 3754 1091 3830 αἷμα,
1127 3761 1222 3814 καὶ
1255 3759 1494 3832 φλέγμα,
1528 3759 1622 3811 καὶ
1651 3757 1815 3828 χολῆς
1865 3758 2023 3811 πόθεν

450 3844 506 3898 al
527 3841 783 3896 τοσαῦται
800 3842 1066 3913 ἐνέργειαι
1083 3859 1098 3910 ;
1128 3843 1290 3897 πόθεν
1303 3841 1567 3914 χρώματα
1586 3839 1831 3907 ποικίλα;
1852 3839 2024 3894 ταῦτα

449 3926 557 3998 γὰρ
584 3924 644 3977 οὑ
669 3925 793 3995 γῆς,
825 3925 944 3978 οὑδὲ
973 3925 1167 3998 πηλοῦ.
1195 3925 1320 3991 Πῶς
1366 3927 1400 3996 ή
1445 3923 1518 3995 γῆ
1557 3923 1818 3994 δεχομένη
1864 3924 2025 3995 σπέρ-

452 4026 598 4081 ματα
619 4008 923 4080 βλαστάνει,
942 4011 1046 4082 ἡδὲ
1066 4011 1201 4083 σάρξ
1220 4011 1484 4082 δεχομένη
1517 4010 1806 4083 σπέρματα
1827 4011 2016 4081 σήπει;

447 4093 566 4162 πῶς
597 4095 629 4166 ή
655 4093 726 4164 γῆ
754 4093 942 4163 τρέφει
967 4094 1036 4148 τά
1066 4094 1387 4166 βαλλόμενα,
1437 4097 1470 4166 ὴ
1501 4095 1557 4148 δέ
1590 4093 1726 4165 σάρξ
1762 4094 2019 4167 τρέφεται

446 4177 553 4234 ὑπὸ
583 4177 805 4241 τούτων,
831 4177 892 4231 οὑ
921 4179 1110 4250 τρέφει
1138 4179 1312 4233 ταῦτα
1337 4197 1352 4246 ;
1384 4172 1507 4232 Οἷον
1542 4180 1575 4250 η
1604 4179 1673 4249 γῆ
1707 4177 2017 4250 ήδεχομένη

449 4259 612 4332 ὕδωρ,
643 4257 784 4319 οἶνον
817 4263 962 4322 ποιεῖ
981 4279 996 4294 ·
1034 4265 1067 4339 ή
1095 4261 1232 4336 σάρξ
1273 4263 1538 4334 δεχομένη
1575 4260 1831 4325 πολλάκις
1859 4257 2019 4327 οἶνον,

445 4345 526 4402 είς
557 4343 700 4417 ὕδωρ
735 4346 1018 4416 μετέϐαλε.
1053 4347 1224 4403 Πόθεν
1251 4342 1344 4402 οὖν
1369 4346 1527 4416 δῆλον
1563 4347 1645 4399 ὅτι
1671 4345 1779 4398 ἀπὸ
1797 4344 1896 4414 τῆς
1920 4344 2024 4414 γῆς

443 4425 622 4482 ταῦτα
660 4427 710 4491 ι’,
751 4429 851 4498 τῆς
875 4429 977 4501 γῆς
1005 4431 1257 4496 ἐναντίως
1289 4428 1518 4500 ἐχούσης
1557 4427 1692 4499 πρὸς
1733 4427 1793 4479 τδ
1839 4425 2019 4496 σῶμα,

445 4508 587 4568 κατά
609 4509 677 4566 τὰ
699 4510 965 4584 εἰρημένα
990 4531 1005 4580 ;
1037 4512 1298 4587 Λογισμῷ
1335 4513 1434 4585 μὲν
1462 4513 1641 4583 εὑρεῖν
1671 4511 1733 4564 οὑ
1763 4509 2019 4581 δύναμαι,

444 4590 712 4650 πίστειδέ
746 4595 970 4668 δέχομαι
1019 4596 1174 4668 μόνῃ.
1210 4595 1273 4648 El
1315 4595 1492 4650 τοίνυν
1539 4594 1608 4650 τὰ
1649 4592 1770 4647 καθ’
1809 4592 2020 4664 ἡμέραν

443 4675 705 4746 γινόμενα
753 4679 847 4733 καὶ
884 4676 1260 4751 ψηλαφώμενα
1309 4677 1544 4739 πίστεως
1595 4675 1784 4740 δεῖται,
1840 4674 2019 4746 πολλῷ

446 4757 646 4826 μᾶλλον
666 4761 733 4816 τά
749 4760 1158 4834 άποῤῥητότερα
1181 4759 1384 4815 τούτων
1401 4761 1494 4814 καὶ
1512 4757 2018 4830 πνευματικώτερα.

443 4838 712 4911 Καθάπερ
739 4842 847 4913 7&9
884 4845 919 4915 ή
948 4843 1022 4914 γῆ
1061 4846 1093 4914 ή
1123 4843 1346 4914 ἄψυχος,
1376 4845 1410 4914 ἠ
1451 4841 1725 4913 ἀκίνητος,
1773 4842 2018 4898 ἐνεδυνα-

447 4919 603 4994 μὼθη
635 4923 711 4994 τῷ
729 4925 990 4998 θελήματι
1021 4927 1114 4981 τοῦ
1137 4927 1295 4990 Θεοῦ,
1325 4927 1418 4979 καὶ
1437 4923 1670 4978 τοσαῦτα
1688 4925 1747 4992 ἐξ
1763 4925 1930 4995 αὑτῆς
1952 4925 2020 4980 τά

444 5001 698 5077 θαύματα
730 5007 952 5076 γέγονεν
970 5026 985 5042 ·
1016 5010 1160 5065 οὑτω
1184 5011 1277 5064 καὶ
1304 5009 1399 5064 τοῦ
1427 5008 1740 5079 Πνεύματος
1762 5007 1838 5079 τῷ
1867 5008 2018 5062 ὑδατι

443 5087 730 5158 παρόντος,
759 5090 828 5144 τὰ
851 5093 1128 5162 παράδοξα
1157 5092 1331 5147 ταῦτα
1356 5092 1450 5146 καὶ
1473 5090 1731 5162 λογισμὸν
1758 5090 2017 5163 ὑπερϐαί-

444 5185 603 5225 νοντα
637 5173 870 5238 εὐκόλως
904 5176 1080 5230 πάντα
1109 5177 1337 5244 γίνεται.

520 5251 584 5323 β’.
615 5254 707 5325 Μὴ
735 5256 1132 5330 τοίνυν,ἐπειδὴ
1149 5270 1170 5297 ε
1189 5259 1264 5330 μὴ
1286 5259 1418 5330 δρᾷς
1431 5257 1591 5323 αὑτά,
1613 5256 1834 5313 ἀπίστει
1857 5275 1871 5288 ·
1893 5259 2017 5311 ἐπεὶ

445 5331 618 5407 ["5],
676 5338 798 5394 οὐδὲ
847 5339 945 5411 τὴν
977 5339 1154 5412 ψυχὴν
1197 5343 1350 5415 ὁρᾷς,
1398 5343 1492 5395 καὶ
1542 5342 1693 5408 ὅμως
1744 5340 2018 5405 πιστεύεις

442 5415 586 5484 ἔχειν
609 5417 806 5492 ψυχὴν,
837 5423 930 5477 καὶ
954 5422 1080 5477 ἀλλο
1105 5424 1282 5496 ψυχὴν
1308 5421 1447 5481 εἷναί
1479 5442 1531 5480 τι
1561 5423 1712 5494 παρά
1737 5424 1800 5476 τὸ
1835 5423 2014 5493 σῶμα.

455 5498 598 5552 ⁹Αλλ⁹
632 5503 662 5554 6
688 5503 919 5572 Χριστὸς
947 5507 1048 5561 οὑκ
1080 5506 1189 5560 ἀπὸ
1230 5506 1424 5562 τούτου
1452 5505 1546 5560 τοῦ
1581 5505 2017 5577 παραδείγματος

441 5584 603 5636 αὑτὸν
645 5585 860 5656 ἐνῆγεν,
902 5588 1015 5643 ἀλλ’
1059 5589 1267 5660 ἐτέρου.
1297 5589 1467 5643 Τοῦτο
1514 5589 1614 5660 μὲν
1649 5589 1777 5660 7&9,
1825 5590 1875 5641 εί
1922 5590 2016 5642 καὶ

443 5667 731 5739 ἀσώματόν
768 5673 934 5737 ἐστιν,
963 5675 996 5739 ή
1018 5672 1165 5743 ψυχὴ
1191 5673 1352 5741 λέγω,
1374 5673 1461 5729 διὰ
1482 5672 1638 5728 τοῦτο
1668 5674 1730 5730 οὑ
1767 5675 2004 5748 παρήγα⁹

507 5814 531 5843 ⁸
561 5815 706 5883 ξανὶι.
750 5825 807 5884 τῇ
858 5821 1135 5884 διδασκαλίᾳ
1181 5821 1368 5877 ταύτης.
1465 5823 1494 5865 δ
1540 5824 1689 5874 Morel
1745 5822 1893 5872 ταῦτα
1935 5827 2013 5874 καὶ

447 5881 652 5928 τοσαῦτα
741 5883 760 5910 ε
785 5881 933 5931 δεκὶι.
967 5885 1028 5943 μή
1053 5881 1157 5946 γάρ,
1205 5885 1381 5942 ἐπειδὴ.
1689 5908 1691 5911 ·

1159 264 1221 321 S.
1259 259 1546 320 JOANNIS
1581 254 2022 318 CHRYSOSTOI

2128 244 2404 310 manus?
2473 225 3012 316 (ῖοΝδΤΑΝΤιλυρ.

3606 257 3714 318 150

2136 385 2230 437 γεν
2259 363 2415 427 αὑτὸ,
2449 357 2630 442 ἐπειδὴ
2662 373 2740 426 ἔτι
2782 371 3087 443 παχύτερον
3113 373 3317 434 ἐκεῖνος
3343 370 3592 426 διέκειτο.
3620 375 3717 427 Τί-

2137 451 2261 522 θησι
2307 453 2362 506 δὲ
2413 447 2600 523 ἕτερον
2637 455 2964 525 ὑπόδειγμα,
3007 453 3037 506 δ
3082 455 3218 524 μήτε
3268 454 3556 507 κοινωνίαν
3593 457 3717 511 τινὰ

2135 535 2270 604 πρδς
2283 536 2383 606 τὴν
2413 532 2522 588 τῶν
2549 539 2812 608 σωμάτων
2845 538 2958 608 ἔχει
2987 536 3297 606 παχύτητα,
3343 537 3481 606 μήτε
3511 538 3591 600 εἰς
3614 539 3718 608 τήν

2130 616 2239 669 τῶν
2266 617 2572 688 ἀσωμάτων
2608 619 2777 690 ἀνέϐη
2804 619 2966 689 φύσιν
2987 637 3001 651 ·
3034 620 3171 690 ὅπερ
3199 619 3346 672 ἐστὶν
3385 621 3418 689 ἠ
3466 619 3564 672 τοῦ
3592 619 3716 674 άνέ-

2135 717 2236 770 μου
2268 702 2427 772 φορά.
2454 703 2564 755 Kal
2595 703 2807 774 πρῶτον
2848 704 2954 758 ἀπὸ
2986 702 3081 756 τοῦ
3120 702 3314 762 ὓδατος
3341 703 3590 773 άρχεται.
3619 704 3713 758 τοῦ

2131 782 2453 854 λεπτοτέρου
2488 785 2585 854 μὲν
2621 785 2721 855 τῆς
2745 786 2868 856 γῆς,
2917 785 3226 856 παχυτέρου
3265 785 3322 838 δέ
3358 785 3455 838 τοῦ
3483 785 3709 857 ἀνέμου.

2133 865 2345 936 Ὥσπερ
2370 866 2479 937 7&9
2501 869 2559 920 ἐν
2587 868 2729 939 ἀρχῇ
2762 869 3013 922 ὑπέκειτο
3046 871 3308 937 στοιχεῖον
3345 869 3378 938 ἡ
3418 868 3510 937 γῆ.
3548 869 3611 922 τὸ
3653 869 3711 922 δέ

2131 951 2238 1002 πᾶν
2276 949 2372 1003 τοῦ
2403 950 2817 1016 διαπλάττοντος
2845 946 2939 1022 ἦν·
2984 951 3126 1004 οὑτω
3158 953 3252 1005 καὶ
3289 951 3386 1004 νῦν
3429 951 3710 1006 ὑπόκειται

2135 1032 2234 1101 μέν
2264 1035 2524 1102 στοιχεῖον
2556 1032 2620 1086 τὸ
2640 1032 2800 1103 ῦδωρ,
2835 1034 2897 1087 τὸ
2919 1033 2978 1087 δέ
3015 1035 3124 1086 πᾶν
3149 1033 3252 1102 τῆς
3275 1031 3369 1085 τοῦ
3393 1032 3710 1104 Πνεύματός

2129 1115 2245 1166 ἐστι
2274 1113 2495 1184 χάριτος
2523 1131 2536 1144 ·
2565 1115 2660 1168 καὶ
2680 1115 2801 1168 τότε
2839 1116 2938 1186 μὲν
2974 1117 3070 1180 El;
3107 1114 3324 1183 ψυχὴν
3351 1112 3550 1175 ζῶσαν
3579 1116 3707 1184 ἐγέ-

2128 1213 2264 1250 νετο
2311 1201 2344 1251 ὀ
2381 1197 2708 1265 ἅνθρωπος,
2759 1197 2853 1250 νῦν
2881 1198 2938 1250 δέ
2989 1199 3068 1260 είς
3105 1196 3328 1266 Πνεῦμα
3389 1195 3703 1260 ζωοποιοῦν.

2121 1279 2273 1331 ,Πολὺ
2315 1280 2372 1333 δὲ
2413 1279 2475 1334 τὸ
2507 1280 2670 1350 μέσον
2708 1281 3006 1349 ἐκατέρων.
3075 1281 3140 1333 ’Π
3178 1281 3275 1350 μὲν
3303 1279 3414 1351 7&9
3436 1280 3580 1350 ψυχὴ
3607 1282 3706 1350 οὑχ

2130 1361 2300 1433 ἑτέρῳ
2337 1362 2563 1432 παρέχει
2594 1362 2653 1416 τὸ
2681 1361 2801 1432 ζῇν,
2849 1363 2909 1416 τὸ
2937 1362 2993 1416 δὲ
3038 1361 3262 1434 Πνεῦμα
3294 1364 3357 1416 οὑ
3390 1363 3510 1416 καθ’
3546 1365 3708 1418 έαυτδ

2131 1441 2198 1514 ζῇ
2227 1443 2405 1513 μόνον,
2425 1443 2560 1497 ἀλλά
2586 1445 2680 1498 καὶ
2709 1445 2913 1515 ἑτέροις
2946 1444 3173 1514 παρέχει
3192 1443 3369 1499 τοῦτο.
3397 1443 3553 1498 Οὑτω
3575 1445 3708 1513 γοῦν

2129 1525 2224 1578 καὶ
2256 1526 2482 1594 νεκροὺς
2521 1526 2823 1596 ἀνέστησαν
2851 1528 2902 1580 οἱ
2948 1528 3252 1581 ἀπόστολοι.
3303 1528 3414 1580 Kal
3451 1528 3571 1581 τότε
3604 1529 3705 1598 μὲν

2128 1607 2228 1678 τῆς
2254 1608 2484 1671 κτίσεως
2516 1609 2834 1680 γενομένης,
2862 1613 2892 1664 6
2923 1610 3018 1664 άνθ
3028 1627 3206 1682 ρωπος
3236 1609 3462 1681 ὕστερον
3479 1610 3706 1663 πλάττει

2129 1708 2218 1745 ται
2243 1708 2256 1723 ·
2285 1691 2379 1745 νῦν
2399 1692 2456 1745 δέ
2487 1692 2794 1746 τούναντίον
2817 1709 2831 1724 ·
2866 1693 2971 1764 πρὸ
2999 1693 3106 1763 7&9
3136 1693 3238 1764 τῆς
3264 1695 3454 1764 καινῆς
3476 1695 3701 1757 κτίσεως

2130 1774 2158 1826 6
2180 1774 2465 1845 ἄνθρωπος
2511 1776 2541 1827 6
2582 1773 2702 1836 νέος
2746 1774 3176 1845 δημιουργεῖται.
3203 1776 3313 1829 Καὶ
3349 1777 3458 1845 γὰρ
3488 1777 3701 1847 πρῶτος

2131 1849 2281 1921 οὗτος
2307 1858 2580 1924 γεννᾶται,
2606 1859 2702 1912 καὶ
2721 1857 2843 1910 τότε
2859 1859 2888 1908 6
2913 1857 3117 1927 κόσμος
3145 1859 3697 1929 μετασχηματίζεται.

2130 1939 2240 1992 Kal
2267 1938 2518 2010 καθάπερ
2541 1939 2600 2004 ἐξ
2627 1939 2802 2010 ἀρχῆς
2830 1939 3122 2010 ὁλόκληρον
3151 1939 3402 2005 ἔπλασεν,
3434 1941 3576 1994 οὑτω
3609 1941 3701 1995 καὶ

2127 2021 2222 2074 νῦν
2245 2022 2538 2094 ὁλόκληρον
2571 2022 2734 2077 αὑτὸν
2763 2022 3105 2092 δημιουργεῖ.
3142 2021 3244 2074 Καὶ
3271 2023 3392 2076 τότε
3419 2025 3518 2094 μέν
3545 2041 3698 2095 φησι,

2127 2107 2476 2176 Ποιήσωμεν
2493 2105 2652 2172 αὑτῷ
2666 2107 2923 2175 βοηθόν·
2949 2105 3180 2160 ἐνταῦθα
3193 2105 3249 2158 δὲ
3270 2107 3421 2160 οὐδὲν
3439 2107 3698 2162 τοιοῦτον.

2139 2189 2197 2242 '0
2224 2188 2331 2260 7&9
2352 2189 2450 2260 τὴν
2487 2188 2580 2243 τοῦ
2616 2188 2932 2260 Πνεύματος
2964 2188 3143 2243 λαϐὼν
3183 2190 3359 2261 χάριν,
3405 2190 3546 2254 τίνος
3571 2189 3702 2260 δεή-

2129 2288 2278 2326 σεται
2309 2271 2502 2342 βοηθοῦ
2535 2273 2754 2343 ἐτέρους
2805 2275 2834 2326 ό
2884 2274 2964 2337 είς
3007 2272 3069 2325 τὸ
3128 2272 3281 2343 σῶμα
3330 2273 3424 2328 τοῦ
3460 2272 3699 2345 Χριστοῦ

2125 2355 2316 2420 τελῶν,
2364 2356 2522 2408 ποίαν
2555 2355 2667 2426 ἔχει
2701 2356 2886 2410 λοιπὸν
2942 2357 3256 2427 συμμαχίας
3292 2357 3513 2428 χρείαν;
3567 2357 3701 2411 Τότε

2127 2438 2246 2490 κατ’
2281 2438 2462 2492 εἰκόνα
2491 2438 2626 2492 Θεοῦ
2674 2439 2891 2510 ἐποίησε
2925 2438 3016 2492 τὸν
3049 2439 3355 2509 ἄνθρωπον,
3415 2438 3508 2492 νῦν
3554 2439 3701 2510 αὑτῷ

2126 2522 2202 2592 τῷ
2229 2521 2346 2592 Θεῷ
2375 2523 2550 2594 ἦνωσε
2572 2539 2584 2552 ·
2625 2523 2745 2576 τότε
2783 2522 2980 2592 ίχθύων
3011 2522 3199 2596 ἄρχειν
3222 2524 3316 2576 καλ⁸
3352 2523 3552 2594 θηρίων
3580 2523 3698 2576 ἐκέο

2125 2605 2302 2668 λευσε,
2341 2605 2435 2658 νῦν
2458 2606 2712 2676 ὑπεράνω
2736 2605 2844 2660 τῶν
2868 2607 3112 2680 οὐρανῶν
3143 2607 3244 2676 τὴν
3267 2608 3520 2677 ἀπαρχὴν
3544 2606 3700 2677 ἡμῶν

2126 2690 2401 2760 ἀνήγαγεν
2424 2707 2438 2722 ·
2487 2690 2608 2743 τότε
2635 2689 2962 2761 παράδεισον
3004 2690 3172 2744 ἔδωκε
3200 2690 3297 2761 τὴν
3341 2690 3570 2752 δίαιταν,
3606 2688 3703 2744 νῦν

2125 2771 2183 2824 δὲ
2219 2771 2309 2824 τὸν
2339 2772 2567 2844 οὑρανδν
2596 2774 2726 2844 ἡμῖν
2752 2773 2952 2843 ἀνέῳξε
2972 2790 2986 2805 ·
3033 2773 3153 2826 τότε
3179 2774 3424 2842 ἐπλάσθη
3471 2776 3536 2844 τῇ
3569 2774 3702 2848 ἕκτῃ

2127 2855 2330 2926 ἡμέρα,
2363 2856 2552 2926 ἐπειδὴ
2585 2855 2773 2926 ἔμελλε
2804 2857 2894 2908 καὶ
2940 2856 3309 2910 συντελεῖσθαι
3335 2859 3362 2910 6
3392 2856 3525 2910 αἰών
3546 2872 3562 2888 ·
3607 2854 3712 2910 vi!

2202 2913 2266 3007 τῆ
2509 2913 2690 3009 η’μέρᾳ
2711 2939 2803 2991 καὶ
2827 2939 2884 2990 ἐν
2907 2938 3228 3008 προοιμίοις,
3254 2939 3342 2992 ὅτε
3364 2939 3457 2991 καὶ
3481 2938 3538 2992 τὸ
3563 2938 3698 3006 φῶς.
3723 2913 3746 2956 ’λ

2141 3019 2228 3084 Ἐξ
2253 3013 2327 3073 ὧν
2357 3021 2572 3074 πάντων
2597 3021 2774 3092 δῆλον,
2809 3021 2891 3074 ὅτι
2911 3021 3100 3092 ἐτέρας
3115 3019 3142 3059 (ι
3169 3021 3313 3092 ζωῆς
3332 3021 3610 3092 ἀμείνονος
3630 3022 3701 3075 τὰ

2126 3101 2425 3172 τελούμενα
2452 3099 2540 3175 ῆν,
2572 3105 2665 3157 καὶ
2705 3103 3090 3168 καταστάσεως
3125 3104 3295 3175 πέρας
3328 3107 3427 3158 οὑκ
3452 3105 3696 3176 ἐχούσης.

2139 3183 2201 3236 Ἥ
2229 3185 2326 3256 μὲν
2355 3183 2446 3238 οὖν
2477 3186 2717 3257 προτέρα
2746 3186 2939 3249 πλάσις
2976 3187 3082 3240 ἀπὸ
3110 3186 3236 3256 γῆς,
3284 3187 3318 3257 ἡ
3363 3187 3456 3240 τοῦ
3512 3187 3699 3259 Ἀδὰμ,

2128 3269 2222 3322 καὶ
2250 3269 2358 3321 ἀπὸ
2379 3269 2616 3340 πλευρᾶς
2647 3271 2679 3341 η
2713 3271 2830 3341 μετ’
2861 3271 3096 3340 ἐκείνην,
3121 3273 3154 3340 ἡ
3185 3270 3281 3340 τῆς
3303 3270 3579 3338 γυναικὸς,
3607 3272 3703 3324 καὶ

2129 3351 2236 3404 ἀπὸ
2285 3353 2594 3424 σπέρματος
2637 3355 2670 3424 η
2728 3356 2845 3424 μετ’
2884 3353 3072 3425 αὑτὴν,
3118 3356 3151 3424 ἡ
3202 3352 3297 3407 τοῦ
3341 3353 3539 3407 Ἀϐελ·
3589 3355 3702 3407 ἀλλ’

2128 3435 2274 3507 ὅμως
2303 3436 2557 3506 οὐδεμιᾶς
2580 3437 2862 3505 ἐφικέσθαι
2882 3437 3156 3508 δυνάμεθα
3183 3438 3410 3497 τούτων,
3441 3437 3562 3490 οὑδέ
3595 3455 3702 3492 πα-

2131 3519 2398 3590 ραστῆσαι
2427 3520 2568 3589 λόγῳ
2589 3520 2657 3573 τὰ
2695 3522 2983 3591 γενόμενα,
3013 3521 3190 3574 καίτοι
3227 3520 3515 3590 παχύτατα
3553 3520 3700 3574 ὄντα.

2128 3600 2254 3664 Πῶς
2282 3597 2376 3654 οῦν
2411 3602 2538 3672 περὶ
2571 3603 2669 3673 τῆς
2705 3606 2900 3674 νοητῆς
2941 3603 3041 3672 τῆς
3075 3602 3162 3656 διὰ
3201 3602 3294 3655 τοῦ
3328 3601 3704 3672 βαπτίσματος

2127 3685 2433 3754 γεννήσεως
2485 3685 2824 3756 δυνησόμεθα
2873 3684 3055 3739 δοῦναι
3098 3685 3327 3748 εὑθύνας
3371 3684 3472 3754 τῆς
3522 3687 3704 3758 πολλῷ

2127 3767 2331 3820 τούτων
2362 3767 2717 3838 ὑψηλοτέρας,
2746 3768 2841 3823 καὶ
2864 3767 3154 3839 λογισμοὺς
3183 3769 3528 3824 ἀπαιτεῖσθαι
3555 3781 3579 3810 ο
3604 3771 3704 3840 τῆς

2129 3851 2442 3922 θαυμαστῆς
2472 3853 2565 3906 καὶ
2589 3853 2890 3925 παραδόξου
2921 3853 3123 3922 ταύτης
3156 3853 3408 3925 λοχείας;
3453 3855 3574 3908 ἐπεὶ
3610 3855 3706 3908 καὶ

2127 3937 2348 4004 ἄγγελοι
2385 3940 2450 4008 τῇ
2492 3938 2738 4008 γεννήσει
2777 3937 2948 4010 ταύτῃ
3001 3941 3376 4010 παρεστήκασι
3421 3939 3700 4012 γινομένῃ.

2127 4020 2317 4072 Είπεῖν
2337 4019 2394 4073 δέ
2421 4020 2514 4073 τὸν
2541 4022 2740 4092 τρόπον
2766 4021 2866 4074 οὑκ
2901 4020 2966 4074 ἀν
3002 4020 3112 4090 έχοι
3138 4038 3221 4083 τις
3257 4022 3354 4091 τῆς
3383 4021 3706 4091 θαυμαστῆς

2127 4102 2344 4173 ἐκείνης
2378 4100 2396 4140 τ
2427 4104 2735 4173 γεννήσεως
2766 4103 2864 4172 τῆς
2908 4103 2997 4156 διὰ
3042 4102 3136 4156 τοῦ
3168 4103 3561 4174 βαπτίσματος.
3595 4103 3703 4156 Καὶ

2127 4187 2506 4257 παρεστήκασι
2530 4185 2810 4249 τελοῦντες
2849 4186 2946 4256 μὲν
2973 4186 3143 4249 οὑδέν,
3184 4187 3344 4256 μόνον
3378 4188 3614 4258 ὁρῶντες
3644 4187 3704 4241 δέ

2125 4268 2194 4322 τά
2237 4267 2515 4339 γινόμενα.
2572 4270 2760 4340 Πατὴρ
2811 4269 2906 4321 καὶ
2958 4268 3084 4332 Υἱὸς
3123 4268 3218 4322 καὶ
3274 4269 3427 4338 ἀγιον
3479 4270 3704 4340 Πνεῦμα

2127 4350 2302 4404 πάντα
2323 4347 2473 4421 [HG]
2507 4350 2816 4422 ἐργάζεται.
2852 4350 3177 4420 Πειθώμεθα
3199 4351 3376 4405 τοίνυν
3399 4354 3466 4421 τῇ
3497 4353 3708 4422 ἀποφάο

2129 4445 2210 4481 σει
2235 4429 2328 4483 τοῦ
2357 4427 2493 4481 Θεοῦ
2513 4445 2526 4458 ·
2582 4428 2755 4498 ὅψεως
2782 4429 2890 4501 γάρ
2912 4431 3058 4482 ἐστιν
3099 4429 3239 4500 αὑτὴ
3269 4431 3582 4502 πιστοτέρα.
3638 4431 3704 4484 Ἡ

2129 4510 2228 4580 μὲν
2257 4511 2367 4582 γάρ
2409 4511 2531 4580 ὄψις
2565 4511 2832 4581 πολλαχοῦ
2874 4512 2969 4564 καὶ
3012 4511 3344 4579 σφάλλεται·
3390 4513 3602 4583 ἐκείνην
3645 4513 3706 4566 δέ

2124 4593 2403 4664 ἀμήχανον
2425 4593 2718 4648 διαπεσεῖν.
2744 4593 3062 4664 Πειθῶμεθα
3089 4593 3264 4647 τοίνυν
3293 4595 3452 4666 αὑτῇ.
3499 4595 3564 4648 Ἦ
3595 4596 3704 4668 7&9

2123 4677 2192 4730 τά
2222 4677 2296 4748 μὴ
2333 4677 2460 4729 ὅντα
2491 4676 2902 4746 παραγαγοῦσα,
2935 4675 3242 4740 ἀξιόπιστος
3262 4675 3328 4730 ἂν
3351 4679 3436 4746 εἴη
3453 4679 3546 4732 καὶ
3575 4679 3704 4748 περὶ

2123 4761 2221 4830 τῆς
2255 4759 2468 4828 φύσεως
2500 4759 2677 4814 αὑτῶν
2706 4758 3084 4830 διαλεγομένη.
3122 4759 3188 4812 Τί
3219 4754 3313 4813 οὑν
3330 4760 3468 4831 αῦτη
3498 4761 3661 4830 φησίν
3686 4778 3703 4827 ;

2126 4843 2248 4894 Ὅτι
2267 4842 2518 4910 γέννησίς
2547 4844 2663 4896 ἐστι
2691 4843 2752 4896 τὸ
2779 4842 3119 4912 τελούμενον.
3142 4843 3204 4894 El
3233 4841 3291 4894 δέ
3313 4844 3395 4906 τίς
3427 4859 3509 4896 σοι
3531 4843 3706 4912 λέγοι,
3799 4907 3812 4916 ⁸

2125 4926 2286 4992 Πῶς;
2321 4926 2668 4996 ἐπιστόμισον
2712 4925 2871 4980 αὑτὸν
2908 4928 2973 4995 τῇ
3014 4926 3286 4995 ἀποφάσει
3311 4925 3404 4980 τοῦ
3442 4928 3706 5000 Χριστοῦ,

2122 5008 2268 5078 ἥπερ
2321 5007 2439 5060 ἐστὶ
2475 5007 2705 5077 μεγίστη
2743 5008 2837 5062 καὶ
2881 5007 3058 5078 σαφὴς
3106 5006 3402 5073 ἀπόδειξις.
3437 5009 3498 5061 Εί
3536 5009 3594 5062 δέ
3623 5027 3709 5073 τις

2123 5090 2348 5164 ἐρωτῴη
2376 5094 2423 5159 ⁸,
2454 5091 2594 5155 τίνος
2637 5093 2820 5146 ἱνεκεν
2851 5092 2912 5145 τὸ
2949 5091 3093 5163 ὑδωρ
3128 5092 3496 5164 παρείληπται
3525 5107 3540 5155 ;
3579 5093 3710 5146 ἀντ-

2122 5177 2487 5246 ερωτήσωμεν
2503 5175 2599 5229 καὶ
2622 5177 2803 5245 ἡμεῖς·
2819 5173 2974 5238 Τίνος
2994 5173 3050 5228 δὲ
3073 5174 3257 5228 ἕνεκεν
3275 5175 3309 5244 ή
3336 5173 3406 5244 γῆ
3433 5173 3588 5244 παρά
3609 5174 3710 5245 τὴν

2121 5257 2294 5330 ἀρχὴν
2324 5259 2403 5322 είς
2439 5259 2539 5328 τὴν
2590 5258 2684 5312 τοῦ
2735 5257 3022 5330 ἀνθρώπου
3074 5257 3360 5312 διάπλασιν
3388 5258 3704 5328 παρήγετος

2124 5340 2246 5394 Ὀτι
2275 5341 2384 5412 γάρ
2417 5342 2633 5412 καὶτῆς
2662 5341 2766 5411 γῆς
2791 5343 2958 5412 χωρὶς
2987 5341 3211 5410 ποιῆσαι
3239 5338 3526 5410 ἄνθρωπον
3555 5337 3706 5408 αὑτῷ

2121 5423 2342 5478 δυνατὸν
2361 5419 2450 5494 ῆν,
2480 5426 2641 5479 παντί
2673 5442 2774 5478 που
2810 5426 2989 5496 δῆλον.
3025 5423 3209 5494 Μηδὲν
3254 5424 3435 5478 τοίνυν
3479 5436 3696 5492 περιερ-

2181 5518 2210 5557 d
2236 5519 2408 5589 Ποῖ-ε).
2434 5519 2507 5589 ὅτι
2527 5519 2715 5589 ἀπαρχή
2732 5521 2921 5589 λέτέρας.
2938 5581 2956 5589 Α
2972 5523 3011 5589 ,⁸
3033 5519 3102 5568 Ita
3128 5517 3278 5589 εαξη.
3307 5526 3359 5567 ει
3386 5532 3502 5589 psse}.
3527 5517 3704 5589 More].

2121 5580 2251 5651 ὄντα.
2359 5581 2410 5644 δέ
2426 5581 2540 5651 ⁴πρὸς
2563 5580 2714 5651 ταῦτα
2732 5580 2880 5651 λέγειν
2900 5580 3408 5651 ἀδύνατον,πῶς“περξ
3429 5585 3512 5636 τῆς
3535 5582 3707 5651 νοητῆς

2121 5643 2200 5704 καὶ
2223 5640 2560 5704 πολὺίτούτων
2590 5640 2888 5704 ὑψηλοτέρας
2930 5643 3194 5704 γεννήσεως
3236 5641 3324 5704 οὑκ
3351 5640 3706 5704 ἀδυνατῶτερον

2122 5703 2264 5774 ἔσται.
2276 5704 2330 5748 τὸ
2350 5703 2515 5761 λέγειν’
2526 5699 2719 5774 ¹μᾶλλον
2731 5703 2784 5774 δὲ
2801 5699 2907 5774 πῶς
2920 5699 2975 5750 οὑ
2997 5704 3223 5774 περιττὸν
3233 5702 3371 5761 λόγον
3384 5699 3701 5774 ἀπαιτεῖσθαι.

2128 5761 2143 5825 ἶ
2171 5764 2267 5825 Alii
2293 5775 2405 5810 mss.
2451 5770 2505 5808 (Ἰ.
2526 5761 2675 5811 SaVil.
2703 5764 2788 5811 οὑκ
2812 5765 2866 5810 ἂν
2886 5765 3038 5825 ἔχοιεν
3063 5761 3162 5819 ’τῆς
3201 5765 3472 5825 θαυμαστῆς
3512 5761 3698 5825 ταύτης.

2125 5824 2275 5872 l’aulo
2316 5829 2423 5886 post
2471 5825 2636 5883 Πατὴρ
2656 5825 2893 5886 γάρεϊίὸς
2910 5819 2995 5886 καί
3017 5825 3149 5886 ἅγιον
3174 5819 3364 5886 Πνεῦμα
3387 5824 3538 5886 πάντα
3565 5819 3703 5882 i975-

2123 5889 2266 5940 ζειαι.
2333 5885 2357 5926 ε
2387 5884 2465 5933 Si:
2491 5886 2572 5933 alii
2595 5892 2645 5932 cl
2668 5884 2814 5936 sum.
2844 5885 3015 5934 Morel.
3044 5885 3143 5934 ἐπεὶ
3168 5886 3246 5932 τὸν
3275 5884 3539 5946 ἐρωτῶντα.
