4012 6198
319 291 452 347 -Ι-ΞΘ

339 424 478 461 rum.
507 407 641 475 Quia
667 407 857 462 mortis
884 405 1251 461 indmnentum
1276 417 1470 478 gestat,
1495 423 1686 478 nempe
1715 406 1930 462 maledi-

339 498 540 553 ctionis
569 508 624 552 et
651 497 1016 569 corruptionis
1046 515 1058 550 :
1087 497 1322 552 nondum
1369 498 1699 553 Dominicum
1731 499 1935 567 accepit

338 589 684 660 symbolum;
715 590 1030 660 peregrinus
1057 599 1142 644 est
1174 599 1225 643 et
1252 588 1488 654 alienus;
1522 605 1626 643 non
1661 589 1821 643 habet
1846 604 1932 642 re-

337 682 486 750 gium
515 680 747 750 signum.
778 679 897 735 Nisi
928 682 1039 749 quis
1067 690 1218 734 natus
1244 682 1429 752 fuerit,
1472 681 1671 752 inquit,
1714 699 1778 736 ea:
1803 699 1933 750 aqua

340 781 390 823 et
434 769 635 839 Spiritu
658 813 673 837 ,
725 787 828 825 non
869 781 1033 842 potest
1068 774 1280 826 introire
1322 773 1376 826 in
1417 790 1626 844 regnum
1670 773 1929 828 calorum.

342 859 548 915 Verum
577 860 903 916 Nicodamus
948 875 1124 931 neque
1172 862 1250 917 sic
1289 861 1574 917 intellexit.
1616 863 1758 917 Nihil
1790 864 1930 918 enim

341 949 624 1017 deterius,
664 967 822 1020 quam
869 951 1121 1008 humanis
1164 951 1456 1007 ratiociniis
1485 954 1781 1022 spiritualia
1810 969 1934 1026 per-

343 1043 585 1096 mittere.
616 1041 727 1096 lioc
757 1041 1057 1112 impedivit,
1088 1043 1378 1113 quominus
1408 1043 1497 1098 ille
1525 1043 1752 1098 sublime
1779 1044 1934 1114 quid-

338 1136 488 1205 piam
518 1146 573 1190 et
596 1153 846 1206 magnum
873 1138 1152 1208 cogitaret.
1186 1137 1312 1192 Ideo
1335 1153 1433 1192 nos
1456 1137 1639 1192 ﬁdeles
1660 1153 1928 1204 vocamur,

341 1238 403 1280 ut
431 1227 784 1282 humanarum
814 1229 1083 1282 rationum
1117 1229 1481 1284 imbecillitate
1511 1237 1833 1298 contempta,
1865 1229 1931 1284 ad

344 1318 473 1372 fidei
515 1317 895 1374 sublimitatem
927 1318 1315 1385 ascendamus,
1347 1328 1402 1374 et
1429 1319 1690 1374 bonorum
1724 1329 1934 1374 nostro-

339 1423 460 1462 rum
512 1423 776 1463 summam
821 1409 1130 1479 hujusmodi
1179 1409 1437 1466 doctrina:
1493 1410 1930 1466 committamus:

335 1498 486 1568 quod
519 1501 565 1554 si
594 1500 808 1555 fecisset
833 1500 1156 1556 Nicodemus
1181 1541 1196 1567 ,
1241 1516 1331 1557 res
1357 1517 1462 1556 non
1490 1501 1563 1556 illi
1593 1501 1933 1571 impossibilis

337 1590 453 1644 visa
481 1589 689 1646 fuisset.
717 1591 855 1658 Quid
883 1607 1013 1662 ergo
1042 1591 1320 1647 Christus?
1343 1590 1413 1648 Ut
1443 1592 1591 1646 illum
1613 1590 1840 1647 abducat
1866 1591 1933 1647 ab

339 1681 445 1737 hac
472 1684 796 1754 cogitatione
826 1683 969 1738 humi
999 1694 1249 1755 repente,
1295 1693 1348 1740 et
1375 1684 1623 1740 ostendat
1645 1699 1705 1739 se
1733 1699 1838 1738 non
1865 1684 1933 1738 de

343 1769 447 1826 hac
489 1773 835 1843 generatione
871 1774 1050 1844 loqui,
1096 1777 1206 1830 ait:
1233 1774 1350 1828 Nisi
1377 1775 1488 1844 quis
1517 1784 1662 1830 natus
1691 1775 1843 1846 fuerit
1871 1791 1934 1829 ea:

337 1881 478 1933 aqua
499 1875 547 1917 et
570 1865 790 1934 Spiritu,
822 1882 923 1919 non
950 1876 1107 1936 potest
1129 1868 1339 1922 introire
1363 1868 1414 1921 in
1435 1884 1641 1938 regnum
1662 1867 1924 1924 calorum.

337 1956 433 2012 Sic
463 1966 642 2011 autem
681 1956 934 2027 loquutus
959 1966 1062 2024 est,
1095 1967 1151 2012 ut
1176 1973 1272 2028 per
1301 1958 1440 2013 hanc
1462 1959 1930 2014 comminationem

340 2048 522 2115 ipsum
548 2047 613 2101 ad
640 2047 796 2102 ﬁdem
827 2049 1180 2116 pertraheret,
1211 2049 1566 2119 suaderetque
1597 2051 1694 2120 ipsi
1725 2066 1793 2106 ne
1817 2066 1929 2105 rem

336 2152 465 2193 esse
491 2138 878 2208 impossibilem
907 2139 1265 2205 existimaret,
1292 2151 1452 2210 atque
1474 2141 1618 2196 illum
1645 2157 1674 2196 a
1703 2143 1931 2197 carnalis

333 2231 706 2298 generationis
727 2230 1050 2298 cogitatione
1077 2231 1433 2287 abstraheret.
1465 2233 1542 2287 De
1568 2234 1670 2288 alia
1691 2275 1707 2300 ,
1737 2233 1927 2303 inquit,

334 2319 538 2389 loquor
572 2321 919 2390 generatione
939 2363 953 2388 ,
985 2336 1018 2376 o
1056 2320 1380 2387 Nicodeme;
1410 2339 1506 2378 cur
1535 2339 1836 2378 sermonem
1864 2325 1929 2377 ad

339 2420 549 2464 terram
580 2410 842 2466 detrahis?
883 2426 982 2468 cur
1024 2421 1229 2467 natura:
1273 2414 1580 2469 necessitati
1627 2430 1740 2469 rem
1784 2415 1929 2468 illam

338 2501 606 2569 subjicis?
635 2502 727 2556 llic
749 2514 926 2571 partus
947 2505 1152 2574 vulgari
1176 2504 1266 2558 illo
1288 2505 1532 2574 superior
1553 2514 1654 2572 est,
1681 2519 1780 2561 nec
1802 2506 1927 2576 quid

333 2606 634 2647 Commune
675 2593 946 2648 nobiscum
991 2593 1178 2649 habet.
1231 2594 1358 2650 Haec
1407 2610 1620 2665 quoque
1658 2597 1930 2665 generatio

332 2695 591 2750 vocatur,
640 2685 735 2740 sed
776 2687 995 2742 nomine
1023 2695 1226 2742 tantum
1269 2689 1592 2754 communis,
1635 2703 1694 2743 re
1728 2687 1926 2742 differt.

333 2773 586 2830 Abscede
627 2790 658 2829 a
705 2775 907 2845 vulgari
950 2791 1143 2832 more:
1171 2776 1336 2830 alium
1377 2777 1570 2833 iuduco
1621 2786 1826 2847 partum
1877 2778 1928 2831 in

336 2865 598 2920 mundum
632 2884 648 2920 :
681 2866 787 2920 alio
837 2865 998 2921 modo
1051 2865 1194 2936 gigni
1245 2866 1490 2922 homines
1533 2866 1655 2922 volo
1687 2884 1702 2921 :
1734 2882 1928 2921 novum

335 2957 730 3026 procreationis
780 2957 996 3012 modum
1047 2957 1236 3011 aﬁ‘ero.
1283 2956 1533 3011 Formavi
1579 2973 1644 3012 ex
1691 2967 1829 3012 terra
1875 2966 1931 3012 et

332 3061 506 3116 aqua;
537 3062 644 3101 non
673 3048 800 3102 utile
831 3047 1139 3117 ﬁgmentum
1165 3045 1301 3112 fuit,
1340 3047 1435 3102 sed
1467 3061 1562 3102 vas
1589 3047 1825 3102 deterius
1853 3047 1929 3102 fa-

333 3147 485 3191 ctum
536 3147 640 3192 est.
691 3137 808 3192 Non
855 3138 991 3192 ultra
1037 3154 1104 3193 ex
1159 3148 1297 3194 terra
1349 3147 1404 3194 et
1455 3153 1590 3208 aqua
1645 3137 1928 3194 efformare

335 3229 492 3294 volo,
534 3230 628 3284 sed
671 3246 737 3285 ex
781 3247 917 3301 aqua
949 3241 1003 3286 et
1029 3229 1253 3300 Spiritu.
1297 3229 1448 3298 Quod
1476 3231 1520 3285 si
1551 3231 1670 3301 quis
1697 3232 1927 3286 interro-

330 3332 447 3393 get,
500 3322 772 3392 quomodo
817 3339 882 3378 ex
930 3324 1104 3394 aqua?
1148 3323 1489 3394 interrogabo
1528 3332 1582 3378 et
1618 3338 1718 3393 ego
1757 3324 1924 3387 illum,

327 3414 620 3478 Quomodo
643 3430 708 3468 ex
741 3415 923 3468 terra?
964 3412 1235 3483 quomodo
1265 3413 1433 3467 lutum
1466 3414 1640 3468 varias
1667 3416 1719 3468 in
1749 3423 1928 3484 partes

328 3504 682 3558 distributum
728 3505 855 3558 est?
893 3503 1164 3574 quomodo
1205 3505 1360 3558 unius
1400 3503 1614 3576 speciei
1641 3514 1755 3559 erat
1797 3505 1925 3560 illud

325 3594 478 3665 quod
510 3595 809 3664 subjectum
843 3597 958 3650 est?
987 3596 1153 3650 Terra
1186 3605 1391 3650 tantum
1423 3604 1572 3660 erat;
1600 3611 1718 3665 qua:
1745 3606 1923 3650 autem

327 3701 397 3740 ex
431 3685 524 3739 illa
555 3685 694 3740 facta
727 3695 873 3752 sunt,
906 3686 1132 3740 diversae
1176 3697 1299 3742 sunt
1338 3687 1560 3756 speciei.
1593 3686 1741 3742 Unde
1766 3702 1885 3742 ossa
1907 3728 1922 3752 ,

328 3778 504 3838 nervi,
526 3780 766 3844 arteriae,
783 3794 934 3833 venze
948 3779 974 3832 ?.
990 3779 1128 3833 unde
1150 3779 1496 3843 membranae,
1515 3794 1636 3833 vasa
1653 3781 1922 3850 organica,

324 3871 704 3940 cartilagines,
739 3871 950 3936 tunicar,
987 3870 1174 3940 hepar,
1205 3871 1377 3941 Splen,
1407 3871 1536 3926 cor?
1566 3872 1704 3926 unde
1734 3873 1886 3942 pellis
1905 3913 1920 3940 ,

323 3962 589 4030 sanguis,
623 3962 842 4030 pituita,
883 3962 1040 4017 bilis?
1082 3963 1223 4018 unde
1267 3971 1344 4018 tot
1382 3964 1759 4032 operationes?
1785 3965 1924 4020 unde

321 4051 464 4104 varii
492 4050 738 4104 colores?
770 4051 883 4105 lucc
921 4051 1062 4106 enim
1106 4069 1210 4106 non
1239 4067 1306 4106 ex
1346 4061 1488 4107 terra
1517 4053 1597 4108 vel
1627 4054 1737 4108 luto
1764 4054 1924 4124 proﬁ‘

323 4145 632 4196 ciscuntur.
660 4142 944 4210 Quomodo
973 4150 1113 4198 terra
1145 4152 1365 4213 accepto
1391 4143 1596 4199 semine
1627 4146 1920 4214 germinat,

323 4248 458 4287 caro
485 4242 667 4286 autem
707 4232 822 4288 hare
864 4242 1084 4303 accepta
1114 4235 1444 4303 corrumpit?
1483 4235 1750 4304 quomodo
1782 4243 1921 4290 terra

315 4323 467 4390 jacta
498 4323 703 4378 semina
733 4325 919 4389 nutrit,
947 4339 1076 4378 caro
1103 4332 1280 4378 autem
1311 4325 1379 4378 ab
1405 4324 1508 4379 illis
1535 4325 1783 4390 nutritur,
1815 4341 1920 4380 non

327 4415 416 4468 illa
445 4417 652 4471 nutrit?
697 4416 941 4488 Exempli
985 4432 1167 4481 causa,
1206 4427 1347 4472 terra
1393 4431 1584 4486 aquam
1613 4417 1916 4486 excipiens,

326 4509 514 4560 vinum
544 4507 703 4569 fecit;
748 4522 875 4562 caro
899 4521 1042 4578 sarpe
1081 4508 1260 4562 vinum
1291 4507 1596 4578 accipiens,
1639 4508 1690 4561 in
1728 4522 1920 4578 aquam

323 4601 619 4653 convertit.
653 4598 805 4655 Unde
833 4615 964 4670 ergo
1005 4600 1173 4670 liquet
1196 4598 1312 4654 ha-c
1337 4613 1400 4652 ex
1435 4607 1574 4653 terra
1605 4612 1760 4664 esse,
1799 4612 1919 4652 cum

324 4698 472 4745 terra
515 4691 840 4744 contrariam
866 4690 1120 4745 exhibeat
1147 4689 1515 4759 Operationem
1539 4728 1556 4754 ,
1605 4699 1664 4742 ut
1689 4687 1838 4742 dixi?
1865 4687 1919 4743 ld

321 4780 612 4835 ratiocinio
636 4781 847 4849 assequi
893 4794 1137 4849 nequeo;
1180 4779 1290 4834 sola
1325 4778 1429 4832 ﬁde
1457 4777 1681 4847 accipio.
1709 4777 1764 4833 Si
1793 4792 1922 4848 ergo

324 4875 410 4928 illa
443 4889 566 4943 qum
589 4874 825 4942 quotidie
848 4873 983 4927 ﬁunt
1005 4883 1059 4928 et
1079 4880 1385 4942 tanguntur,
1411 4870 1516 4926 ﬁde
1537 4885 1671 4942 opus
1691 4869 1917 4924 habent:

321 4967 495 5019 inulto
512 4966 684 5033 magis
701 4965 785 5017 illa
804 4964 1089 5018 admodum
1106 4977 1300 5016 arcana
1321 4970 1375 5017 et
1391 4961 1706 5030 spiritualia.
1725 4959 1920 5026 Quem-

320 5056 614 5109 admodum
650 5055 791 5108 enim
841 5065 981 5108 terra
1025 5054 1348 5119 inanimata,
1399 5055 1651 5117 innnota,
1695 5052 1804 5107 Deo
1843 5053 1919 5108 sic

321 5148 535 5200 volente
583 5147 832 5200 virtutem
880 5145 1105 5215 accepit,
1154 5153 1212 5199 ut
1256 5153 1364 5198 tam
1411 5143 1672 5198 mirabilia
1717 5159 1782 5199 ex
1831 5143 1919 5197 illa

322 5239 604 5306 prodirent
635 5255 649 5293 :
679 5239 751 5292 ita
782 5254 845 5292 ex
871 5238 1072 5307 Spiritu
1096 5246 1149 5292 et
1175 5252 1310 5306 aqua
1334 5235 1491 5291 simul
1519 5234 1635 5291 haec
1660 5234 1921 5291 mirabilia

314 5340 373 5382 et
401 5332 672 5384 rationem
703 5333 1010 5398 superantia
1033 5331 1212 5383 omnia
1239 5328 1394 5382 facile
1423 5335 1700 5398 parantur.

389 5423 445 5476 ἓ.
479 5422 747 5488 Quomodo
787 5420 1122 5477 Nicodemum
1149 5421 1418 5474 instituerit
1453 5421 1700 5475 Christus.
1731 5418 1922 5474 Discri-

315 5531 432 5565 ,αι
463 5515 595 5566 inter
630 5513 847 5581 primam
880 5512 1097 5564 hominis
1125 5511 1424 5565 creationem
1443 5520 1491 5564 et
1511 5510 1780 5565 secundum
1810 5525 1922 5579 qua:

317 5606 378 5670 ﬁt
398 5621 488 5673 per
505 5604 759 5671 Spiritum
781 5613 1026 5657 sanctum.
1045 5600 1158 5656 Vita
1174 5601 1277 5656 alia
1297 5603 1452 5657 multo
1468 5603 1643 5657 ntelior
1663 5610 1921 5672 exspecta-

315 5705 422 5750 tur.
468 5696 720 5768 Baptismi
760 5696 1057 5750 sublimitas.
1111 5695 1212 5750 Cur
1250 5713 1378 5767 aqua
1406 5695 1474 5750 ad
1500 5695 1917 5750 illuminationem

1414 289 1479 346 IN
1515 289 1823 348 JOANNEM
1863 288 2094 346 llO.\l|L.
2139 291 2303 348 XXV.
2344 295 2416 351 al.
2459 297 2650 354 XXIV.

3517 312 3620 367 150

2043 409 2343 462 necessaria.
2365 440 2434 450 —
2451 411 2528 467 Ne
2551 414 2725 485 itaque
2751 417 3002 487 quoniam
3029 419 3116 476 illa
3139 436 3244 477 non
3269 423 3438 492 vides,
3465 427 3621 484 ﬁdem

2040 513 2219 568 neges.
2248 500 2381 556 Nam
2407 519 2505 559 nec
2530 507 2762 562 animam
2811 509 2961 566 vides
2981 553 2997 578 ,
3027 522 3080 568 et
3104 523 3281 570 tamen
3303 518 3479 572 credis
3504 522 3620 574 ani-

2039 606 2178 645 mam
2226 608 2374 661 esse,
2405 606 2458 650 et
2487 596 2749 653 diversam
2777 616 2805 654 a
2832 616 3077 673 corpore.
3129 605 3322 662 Verum
3379 607 3624 665 Chrisuts

2039 697 2143 737 non
2180 683 2282 740 hoc
2305 687 2551 758 exemplo
2574 688 2918 747 Nicodemum
2946 695 3203 764 instituit,
3234 698 3326 753 sed
3357 701 3479 754 alio.
3511 701 3623 755 lloc

2038 775 2178 828 enim
2205 816 2218 840 ,
2243 792 2435 848 nempe
2459 780 2635 834 anima
2653 824 2668 848 ,
2691 797 2809 837 cum
2841 784 3212 856 incorporeum
3240 796 3308 844 sit
3326 831 3340 852 ,
3369 791 3490 847 ideo
3517 809 3620 846 non

2038 861 2089 916 in
2118 864 2346 920 medium
2374 867 2613 935 adduxit,
2636 871 2757 941 quia
2782 873 2872 928 ille
2891 872 3065 930 adhuc
3090 877 3273 932 rudior
3299 889 3434 933 erat.
3465 881 3620 936 Aliud

2037 969 2163 1024 ergo
2184 959 2492 1028 exemplum
2525 963 2693 1031 ponit,
2716 964 2856 1033 quod
2881 981 3001 1020 cum
3041 983 3324 1038 corporum
3365 973 3620 1026 crassitu-

2036 1044 2160 1101 dine
2188 1051 2616 1106 communionem
2647 1055 2860 1122 quidem
2888 1057 3089 1112 nullam
3121 1059 3342 1123 habeat,
3371 1079 3542 1133 neque
3569 1065 3621 1119 in

2038 1137 2408 1207 incorpoream
2429 1142 2668 1197 ascendit
2692 1155 2932 1200 naturam
2961 1164 2975 1211 ;
3011 1148 3062 1203 id
3089 1160 3190 1214 est,
3217 1163 3492 1208 ventorum
3518 1154 3622 1210 im-

2036 1237 2238 1297 petum.
2273 1230 2337 1284 Et
2362 1233 2588 1301 primum
2619 1235 2686 1289 ab
2711 1251 2847 1305 aqua
2892 1238 3130 1303 orditur,
3159 1256 3278 1309 qua:
3305 1244 3515 1300 tenuior
3537 1256 3622 1300 est

2036 1333 2193 1387 quam
2241 1328 2378 1374 terra
2401 1362 2414 1384 ,
2447 1323 2678 1377 crassior
2721 1339 2878 1394 quam
2924 1338 3136 1384 ventus.
3169 1328 3621 1396 Quemadmodum

2037 1409 2178 1463 enim
2203 1425 2232 1464 a
2265 1410 2522 1480 principio
2550 1413 2876 1470 elementum
2899 1426 3039 1472 terra
3061 1419 3300 1490 subjecta
3324 1432 3426 1483 est.
3451 1431 3620 1478 totum

2035 1508 2213 1552 autem
2241 1501 2447 1568 Opilicis
2476 1502 2573 1557 fuit
2597 1525 2611 1560 :
2635 1504 2710 1559 sic
2731 1514 2785 1561 et
2805 1521 2949 1562 nunc
2976 1523 3112 1578 aqua
3143 1511 3465 1567 elementum
3494 1514 3624 1568 sub-

2031 1588 2214 1658 jicitur
2241 1611 2254 1645 :
2286 1599 2453 1645 totum
2479 1601 2656 1648 autem
2701 1603 2784 1650 est
2811 1611 2875 1650 ex
2913 1596 3141 1667 Spiritus
3180 1601 3346 1670 gratia
3377 1621 3390 1656 :
3419 1611 3473 1657 et
3499 1613 3624 1659 tunc

2035 1679 2248 1748 quidem
2276 1679 2466 1736 Factus
2497 1692 2569 1736 est
2593 1684 2743 1738 homo
2773 1686 2824 1737 in
2855 1686 3080 1741 animam
3109 1689 3349 1743 viventem
3374 1690 3534 1762 (Gen.
3564 1692 3621 1748 2.

2039 1769 2070 1822 7
2097 1771 2138 1839 );
2169 1787 2312 1826 nunc
2337 1788 2464 1828 vero
2491 1775 2543 1828 in
2569 1774 2824 1844 Spiritum
2857 1776 3232 1834 viviﬁcantem.
3275 1781 3496 1836 Multum
3518 1798 3619 1837 au-

2038 1873 2142 1916 tem
2169 1873 2250 1917 est
2272 1864 2410 1919 inter
2432 1874 2714 1936 utrumque
2734 1866 3022 1923 discrimen
3053 1886 3068 1924 :
3093 1870 3269 1925 anima
3294 1875 3436 1926 enim
3461 1873 3622 1928 vitam

2034 1955 2188 2010 alteri
2213 1971 2318 2010 non
2340 1957 2458 2024 dat;
2488 1957 2719 2028 Spiritus
2749 1975 2877 2014 vero
2904 1975 3009 2014 non
3044 1976 3138 2029 per
3162 1976 3221 2017 se
3244 1972 3444 2018 tantum
3473 1965 3621 2031 vivit,

2035 2044 2128 2099 sed
2162 2055 2212 2099 et
2241 2045 2360 2100 aliis
2401 2047 2562 2101 vitam
2605 2048 2827 2117 praebet.
2883 2048 2971 2104 Sic
3014 2061 3254 2105 mortuos
3298 2053 3624 2108 suseitarunt

2035 2136 2278 2204 apostoli.
2314 2136 2380 2190 Et
2409 2137 2534 2191 olim
2579 2137 2794 2207 quidem
2826 2148 2943 2207 post
2987 2141 3310 2196 creationem
3340 2142 3500 2198 homo
3528 2142 3624 2199 de-

2035 2242 2179 2280 mum
2203 2225 2488 2292 formatur;
2513 2244 2652 2282 nunc
2679 2243 2806 2283 vero
2825 2238 3009 2284 contra
3033 2239 3156 2285 ante
3178 2246 3366 2286 novam
3391 2234 3620 2288 creatio-

2035 2330 2157 2369 nem
2187 2330 2354 2370 novus
2381 2315 2542 2371 homo
2569 2326 2801 2372 creatur.
2855 2318 2984 2372 Nam
3015 2319 3100 2374 hic
3137 2320 3285 2389 prior
3309 2333 3620 2391 generatur,

2033 2404 2227 2460 deinde
2254 2405 2482 2462 mundus
2528 2407 2955 2464 transfortnatur.
3008 2410 3072 2464 Et
3101 2420 3158 2463 ut
3184 2425 3214 2464 a
3248 2413 3510 2481 principio
3541 2423 3622 2468 to-

2037 2505 2146 2549 tum
2175 2495 2440 2564 formavit,
2460 2499 2537 2554 sic
2561 2508 2615 2553 et
2645 2515 2784 2555 nunc
2812 2508 2978 2555 totum
3005 2503 3176 2572 ipsum
3204 2515 3370 2558 creat.
3403 2504 3468 2558 Et
3493 2514 3622 2560 tunc

2033 2588 2246 2659 quidem
2292 2591 2402 2644 ait:
2433 2589 2707 2646 Faciamus
2754 2593 2801 2646 ei
2849 2594 3161 2659 adiutorium
3189 2594 3360 2664 (Ibid.
3393 2613 3441 2649 υ.
3476 2597 3618 2666 18);

2035 2681 2120 2735 hic
2151 2696 2278 2736 vero
2305 2682 2430 2736 nihil
2459 2682 2651 2738 simile.
2695 2682 2822 2738 Nam
2848 2685 2934 2754 qui
2958 2685 3184 2754 Spiritus
3212 2686 3436 2755 gratiam
3465 2701 3617 2742 acce-

2035 2774 2130 2842 pit,
2156 2789 2262 2844 quo
2283 2775 2452 2829 altero
2481 2775 2656 2844 egebit
2705 2775 2992 2844 adjutore?
3020 2777 3108 2846 qui
3139 2777 3190 2830 in
3217 2793 3442 2848 corpore
3467 2777 3620 2833 Chri-

2033 2865 2098 2919 sti
2137 2865 2415 2931 consistit,
2441 2880 2541 2935 qua
2565 2865 2760 2921 deinde
2786 2868 2964 2937 egebit
2991 2869 3137 2937 ope?
3164 2869 3314 2925 Tunc
3342 2870 3406 2924 ad
3437 2871 3620 2940 imagi-

2033 2973 2156 3012 nem
2191 2958 2280 3014 Dei
2311 2958 2435 3013 l'ecit
2461 2959 2766 3026 hominem,
2811 2974 2951 3014 nunc
2999 2961 3097 3029 ipsi
3145 2962 3254 3015 Deo
3295 2963 3571 3032 conjunxit
3604 2981 3619 3016 :

2035 3057 2160 3102 tunc
2180 3048 2341 3118 jussit
2367 3048 2516 3104 illum
2571 3050 2837 3118 imperare
2883 3049 3121 3119 piscibus
3146 3060 3200 3106 et
3225 3051 3408 3106 bestiis
3429 3094 3442 3118 ,
3476 3068 3618 3108 nunc

2031 3154 2191 3209 supra
2217 3139 2379 3194 thlos
2409 3140 2667 3208 primitias
2684 3152 2892 3194 nostras
2907 3143 3195 3210 assumpsit
3219 3160 3231 3194 :
3259 3151 3383 3196 tunc
3413 3143 3619 3212 paradi-

2032 3245 2149 3284 sum
2181 3230 2522 3286 habitandum
2553 3231 2741 3296 dedit,
2773 3247 2914 3286 nunc
2951 3233 3140 3286 caelum
3184 3233 3337 3287 nobis
3363 3235 3568 3302 aperuit
3603 3253 3616 3288 :

2033 3333 2159 3376 tunc
2185 3321 2442 3376 formatus
2480 3321 2641 3377 homo
2665 3331 2746 3376 est
2775 3322 2860 3377 die
2887 3331 3032 3377 sexta
3055 3364 3071 3389 ,
3099 3323 3222 3393 quia
3245 3323 3619 3394 complendum

2031 3424 2148 3469 erat
2200 3414 2492 3479 smculum;
2535 3428 2676 3468 nunc
2719 3413 2887 3482 prima
2931 3413 3017 3468 die
3045 3415 3189 3469 etab
3215 3415 3386 3480 initio,
3419 3423 3618 3470 etcum

2032 3507 2168 3561 luce.
2192 3505 2272 3560 Ex
2294 3505 2484 3576 quibus
2504 3505 2750 3559 omnibus
2771 3505 2958 3575 liquet,
2981 3520 3043 3560 ea
3064 3520 3183 3576 qua:
3205 3506 3619 3575 perliciebantnr

2028 3599 2094 3654 ad
2115 3599 2270 3653 aliam
2295 3597 2568 3653 meliorem
2586 3597 2744 3651 vitam
2768 3597 3056 3667 pertinere,
3075 3604 3130 3651 et
3150 3597 3216 3651 ad
3239 3604 3436 3651 statum
3460 3613 3616 3651 num-

2029 3707 2187 3762 quam
2219 3689 2631 3746 terminandum.
2666 3689 2840 3744 Prima
2867 3690 3046 3759 itaque
3074 3688 3323 3743 formatio
3349 3688 3478 3742 Ada:
3504 3697 3615 3744 ter-

2031 3799 2156 3839 rena
2178 3791 2278 3845 est,
2303 3791 2356 3836 et
2381 3789 2501 3852 post
2519 3781 2655 3836 hanc
2679 3796 2745 3835 ex
2769 3779 2898 3835 Adae
2919 3780 3108 3845 latere,
3133 3779 3400 3845 mulieris,
3423 3786 3476 3833 et
3497 3788 3619 3849 post

2030 3877 2173 3932 illam
2213 3892 2280 3930 ex
2309 3876 2532 3937 semine,
2564 3873 2765 3929 Abelis.
2812 3873 3060 3926 Attamen
3098 3872 3296 3926 nullam
3337 3869 3618 3938 explorare

2031 3985 2334 4040 possumus,
2365 3981 2463 4022 nec
2483 3980 2734 4022 sermone
2763 3963 3088 4028 describere,
3111 3963 3209 4015 etsi
3235 3961 3322 4016 illa
3353 3961 3612 4014 crassiora

2028 4062 2153 4118 sint.
2195 4057 2474 4127 Quomodo
2496 4071 2626 4126 ergo
2656 4053 2952 4124 spiritualis
2982 4067 3077 4122 per
3103 4052 3418 4120 baptismum
3451 4065 3612 4119 gene-

2029 4151 2249 4206 rationis
2286 4165 2404 4218 qnze
2427 4149 2580 4215 longe
2621 4144 2897 4199 sublimior
2921 4151 3002 4197 est
3026 4183 3041 4208 ,
3072 4141 3330 4195 rationem
3361 4139 3487 4193 dare
3517 4155 3611 4208 p0-

2029 4241 2292 4297 terimus?
2316 4254 2422 4309 quo
2468 4245 2622 4308 pacto
2642 4234 2891 4304 stupendi
2921 4241 3101 4302 partus
3129 4231 3264 4285 ratio
3290 4247 3316 4282 a
3343 4231 3494 4285 nobis
3519 4245 3613 4284 ex-

2029 4342 2236 4404 petatur
2257 4331 2316 4384 “?
2345 4345 2466 4384 nam
2494 4336 2548 4382 et
2571 4325 2745 4396 angeli
2773 4324 2894 4378 huic
2920 4321 3246 4392 generationi
3275 4320 3514 4374 adfuere.
3544 4320 3614 4374 At

2026 4438 2155 4479 vero
2176 4421 2390 4478 modum
2414 4419 2682 4489 explicare
2709 4415 2966 4470 mirabilis
2995 4413 3136 4468 illius
3164 4427 3259 4482 per
3287 4411 3606 4480 baptismum

2025 4513 2421 4587 generationis,
2452 4523 2612 4564 nemo
2660 4505 2913 4578 potuerit.
2963 4502 3261 4559 Adfuerunt
3310 4502 3417 4568 illi,
3477 4501 3608 4555 nihil

2025 4607 2340 4668 efficientes,
2368 4602 2460 4658 sed
2487 4618 2548 4657 ea
2575 4616 2693 4671 qua:
2721 4599 2917 4654 ﬁebant
2942 4596 3114 4651 solum
3140 4594 3400 4649 videntes.
3430 4594 3606 4658 Pater,

2027 4703 2192 4758 Filius
2215 4711 2269 4755 et
2287 4698 2515 4770 Spiritus
2535 4706 2750 4752 sanctus
2774 4694 2952 4748 omnia
2975 4699 3228 4762 operatur
3249 4687 3322 4758 (τι)
3351 4729 3364 4743 .
3391 4687 3608 4742 Obtem-

2027 4807 2274 4863 peremus
2299 4805 2426 4859 ergo
2449 4788 2540 4842 Dei
2561 4785 2863 4849 sententiae,
2881 4797 2999 4851 qua:
3016 4789 3097 4834 est
3118 4778 3233 4849 ipso
3255 4779 3369 4831 visu
3390 4777 3605 4832 certior.

2025 4885 2158 4941 Nam
2181 4884 2325 4938 visus
2355 4896 2495 4952 smpe
2518 4880 2714 4933 fallitur
2740 4894 2753 4930 :
2782 4876 2866 4929 illa
2896 4874 3002 4927 falli
3033 4869 3603 4941 nequit.0btemp:-ra-

2027 4991 2146 5031 mus
2177 4976 2353 5044 itaque
2380 4972 2500 5042 ipsi.
2556 4969 2687 5023 Nam
2730 4981 2847 5037 qua:
2887 4955 2974 5018 illa
3018 4978 3136 5031 qua:
3164 4977 3269 5016 non
3298 4969 3449 5014 erant
3476 4975 3603 5028 pro-

2025 5067 2196 5132 duxit,
2223 5065 2290 5119 de
2319 5078 2503 5118 eorum
2532 5069 2720 5113 natura
2749 5057 2972 5126 loquens
3005 5053 3158 5108 ﬁdem
3188 5060 3440 5106 meretur.
3471 5048 3604 5114 Quid

2027 5158 2186 5228 igitur
2207 5156 2293 5211 illa
2312 5153 2481 5208 dicit?
2513 5151 2566 5205 ld
2601 5147 2741 5220 quod
2769 5144 2995 5202 efﬁcitur
3033 5158 3152 5199 esse
3179 5139 3602 5212 generationem.

2092 5329 2106 5359 ¹
2145 5325 2306 5375 Morel.
2333 5327 2404 5373 sic
2429 5321 2574 5371 effert
2607 5321 2734 5369 hunc
2758 5317 3034 5381 loctttn......
3059 5313 3308 5381 crassiora
3329 5312 3440 5364 sint.
3464 5315 3600 5381 Quod

2025 5387 2069 5440 si
2092 5389 2153 5438 de
2184 5387 2281 5437 illis
2313 5385 2549 5435 disserere
2573 5377 2953 5447 sitintpossibile.
2981 5376 3214 5447 quomodo
3234 5388 3350 5447 ergo
3381 5381 3441 5425 (te
3462 5376 3612 5440 spiri-

2025 5438 2141 5502 tuali
2163 5449 2482 5511 generatione,
2496 5456 2604 5511 (ινιτ
2623 5442 2698 5491 liis
2718 5438 2789 5511 est
2805 5439 2952 5511 inulto
2973 5438 3232 5495 sublimior,
3249 5438 3493 5488 disserere
3508 5449 3602 5511 non

2025 5501 2116 5564 erit
2140 5501 2478 5572 iiitpossibilius
2495 5501 2519 5556 ἐ)
2539 5504 2778 5572 Quomqu
2817 5501 2962 5554 etiiun
3006 5513 3100 5549 non
3120 5511 3526 5563 superuacanemn
3566 5509 3600 5548 α

2025 5563 2158 5636 nobis
2179 5563 2408 5636 rationem
2431 5563 2670 5636 postulare
2694 5563 2749 5636 .9.
2858 5623 2941 5636 ..
3065 5623 3077 5636 ι
3196 5623 3229 5636 ι,

2097 5635 2171 5696 (a)
2211 5633 2274 5680 Ad
2314 5632 2403 5681 tria
2433 5623 2686 5696 supposita
2713 5623 2944 5696 singulari
2979 5623 3128 5696 verbo
3161 5623 3348 5696 utitur,
3371 5631 3426 5677 ut
3471 5631 3607 5677 notat

2027 5684 2251 5755 Savdlius,
2274 5706 2372 5756 quo
2404 5684 2589 5742 scilicet
2611 5691 2767 5738 unitas
2789 5684 3070 5736 substantia:
3090 5684 3383 5736 declaratur.
