4012 6198
604 294 696 348 ,δι
1325 279 1380 338 s.
1423 271 1698 336 JOANNIS
1742 269 2213 331 crtnvsosrout
2259 271 2574 326 ABCllIEP.
2616 270 3152 327 consram‘txor.
3727 280 3809 336 un

601 405 753 474 Quod
794 402 836 458 si
884 400 976 455 tibi
1022 390 1283 468 quispiam
1315 395 1528 455 dixerit,
1551 388 1870 459 Quomodo?
1895 403 1962 442 ex
1987 385 2182 441 Christi

601 495 862 551 sententia
891 507 953 546 os
981 491 1096 562 ejus
1143 489 1394 550 obstrue,
1423 500 1541 554 quae
1583 493 1771 550 magna
1811 480 2058 548 claraque
2102 485 2184 531 est

600 584 1006 642 demonstratio.
1056 581 1112 635 Si
1138 579 1256 649 quis
1287 591 1417 632 vero
1446 573 1855 644 interrogaverit
1875 614 1890 636 ,
1916 586 2010 624 cur
2049 584 2182 638 aqua

601 687 934 740 assumatur;
985 673 1215 729 vicissim
1264 673 1654 739 interrogemus
1680 675 1734 721 et
1758 679 1856 720 nos
1876 703 1891 729 ,
1919 678 2014 718 cur
2042 673 2181 718 terra

601 770 668 824 ab
694 770 844 823 initio
869 766 934 821 ad
964 766 1191 821 hominis
1222 763 1594 818 formationem
1625 759 1879 829 producta
1911 757 2001 812 sit.
2049 754 2182 810 Nam

601 862 741 933 quod
782 863 897 916 sine
939 869 1076 915 terra
1132 867 1310 927 posset
1364 854 1634 910 hominem
1684 850 1952 914 formare,
1985 848 2185 904 nemini

604 971 706 1009 non
751 953 1094 1022 conspicuum
1121 958 1225 1004 est.
1272 947 1350 1002 Ne
1381 947 1560 1014 itaque
1612 941 1876 998 curiosius
1928 939 2183 1010 inquiras.

602 1044 751 1111 Quod
779 1045 918 1098 enim
949 1037 1248 1094 necessaria
1271 1038 1337 1091 sit
1358 1051 1492 1104 aqua
1516 1035 1637 1088 hinc
1663 1031 1870 1087 ediscas
1894 1047 1907 1084 :
1933 1045 2054 1085 cum
2086 1028 2187 1082 ali-

602 1133 814 1204 quando
868 1131 1101 1200 Spiritus
1145 1138 1267 1182 ante
1296 1141 1486 1196 aquam
1539 1123 1937 1184 descendisset,
1969 1135 2074 1175 non
2101 1119 2186 1174 hic

603 1225 746 1279 stetit
776 1221 1070 1291 apostolus,
1102 1219 1194 1273 sed
1243 1226 1301 1272 ut
1344 1214 1592 1272 ostendat
1648 1214 1784 1268 lianc
1829 1212 2185 1267 necessariam

603 1330 701 1369 nec
720 1311 1039 1381 superfluam
1062 1323 1203 1374 esse,
1226 1307 1346 1362 vide
1363 1305 1487 1377 quid
1507 1305 1648 1359 dicat
1674 1323 1687 1360 :
1713 1302 1980 1370 Numquid
2001 1318 2186 1371 aquam

601 1406 714 1474 quis
743 1402 1002 1472 prohibere
1028 1407 1216 1470 potest,
1245 1407 1298 1451 ut
1325 1413 1425 1450 non
1455 1396 1770 1464 baptizentur
1797 1393 1870 1459 Iti,
1898 1396 1982 1462 qui
2015 1392 2187 1462 Spiri-

603 1505 708 1547 tum
727 1505 952 1547 sanctum
974 1499 1270 1560 acceperunt
1295 1488 1424 1542 sicut
1444 1495 1490 1539 et
1506 1484 1628 1557 nos(
1648 1484 1758 1538 Act.
1784 1485 1870 1539 10.
1888 1485 1956 1539 47
1972 1484 2030 1554 )?
2053 1481 2187 1550 Quid

603 1600 730 1655 ergo
758 1597 891 1654 opus
917 1591 999 1637 est
1022 1580 1198 1650 aqua?
1229 1579 1342 1634 Hoc
1360 1577 1469 1648 jam
1498 1577 1668 1631 dicam
1699 1585 1754 1629 ut
1777 1575 2040 1629 occultum
2069 1589 2187 1643 my-

605 1677 824 1730 sterium
856 1675 1002 1729 vobis
1028 1675 1262 1744 aperiam
1278 1716 1290 1728 .
1314 1673 1452 1727 Sunt
1475 1671 1689 1742 quidem
1720 1669 1819 1723 hac
1839 1669 1906 1723 de
1929 1684 1986 1722 re
2010 1667 2189 1721 arcani

606 1765 816 1835 quidam
839 1766 924 1818 alii
950 1779 1224 1820 sermones
1247 1781 1260 1827 ;
1285 1764 1496 1818 interim
1518 1770 1693 1815 autem
1721 1761 1871 1814 vobis
1908 1774 1974 1814 ex
2011 1757 2189 1812 multis

606 1870 767 1910 unum
795 1855 986 1909 dicam.
1015 1855 1143 1923 Quis
1175 1855 1261 1908 ille
1285 1854 1398 1908 est?
1428 1853 1618 1907 Divina
1648 1851 1984 1906 celebrantur
2011 1849 2061 1904 in
2090 1849 2190 1904 hoc

606 1946 848 2016 symbolo
878 1964 890 1998 :
924 1947 1219 2014 sepultura,
1257 1943 1592 1998 mortificatio
1613 1982 1628 2006 ,
1658 1940 1982 1996 resurrectio
2002 1981 2016 2005 ,
2047 1940 2150 1992 vita
2172 1981 2187 2004 ,

607 2047 662 2092 et
689 2038 801 2090 hare
832 2037 987 2090 sitnnl
1017 2036 1147 2090 tiunt
1170 2036 1368 2090 Omnia.
1425 2033 1479 2088 ln
1510 2048 1648 2102 aqua
1676 2033 1816 2086 enim
1846 2041 2111 2100 tamquam
2138 2031 2187 2083 in

608 2129 854 2197 sepulcro
880 2138 1037 2195 caput
1062 2125 1498 2196 immergeutihus
1528 2124 1703 2188 nobis,
1744 2131 1895 2177 vetus
1924 2123 2083 2174 homo
2107 2136 2192 2175 se-

611 2219 801 2286 pelitur
825 2233 887 2271 ac
913 2218 1236 2286 demergitur
1281 2225 1421 2270 totus
1455 2232 1468 2270 :
1499 2213 1693 2270 deinde
1724 2213 1876 2268 nobis
1908 2228 2189 2283 emergen-

611 2308 768 2370 tibus,
802 2323 968 2361 novus
993 2307 1247 2375 exsurgit.
1281 2305 1346 2362 Ut
1375 2308 1517 2360 enim
1572 2304 1726 2359 nobis
1771 2303 1924 2358 facile
1967 2311 2049 2356 est
2091 2303 2192 2354 im-

611 2401 774 2468 mergi
802 2408 856 2453 et
884 2410 1063 2467 postea
1092 2414 1364 2468 emergere
1393 2415 1405 2451 :
1435 2399 1511 2452 sic
1535 2397 1645 2451 Deo
1678 2395 1829 2450 facile
1850 2407 1931 2450 est
1960 2403 2190 2448 veterem

611 2491 838 2559 sepelire
867 2490 1158 2556 hominem,
1187 2499 1241 2545 et
1271 2505 1464 2544 novum
1523 2489 1797 2543 inducere.
1849 2488 1954 2542 Ter
1982 2486 2085 2540 hoc
2113 2485 2190 2552 lit,

614 2590 670 2634 ut
710 2581 884 2635 discas
927 2582 1172 2635 virtutem
1227 2581 1397 2636 Patris
1426 2589 1479 2635 et
1512 2579 1637 2634 Filii
1664 2587 1719 2634 et
1745 2578 1974 2647 Spiritus
2024 2578 2192 2632 sancti

616 2674 730 2727 haec
768 2674 944 2728 omnia
976 2673 1216 2743 implere.
1267 2673 1420 2741 Quod
1461 2683 1637 2726 autem
1671 2671 1784 2725 haec
1811 2685 1914 2724 non
1945 2687 2037 2740 per
2063 2685 2192 2724 con-

611 2765 870 2834 jecturam
897 2765 1033 2820 dicta
1066 2769 1172 2822 sint
1195 2808 1209 2830 ,
1242 2767 1363 2820 audi
1408 2766 1626 2820 Paulum
1659 2783 1672 2819 :
1703 2764 1994 2833 Consepulti
2023 2781 2195 2818 sumus

613 2873 729 2908 cum
758 2857 846 2910 illo
876 2875 963 2928 per
986 2859 1284 2926 baptismum
1311 2859 1362 2912 iu
1393 2868 1598 2912 mortem
1625 2855 1854 2928 (Coloss.
1877 2855 1932 2910 2.
1964 2856 2062 2926 12)
2086 2873 2100 2918 ;
2132 2871 2194 2910 ac

615 2967 848 3018 rursum,
886 2952 1038 3007 Vetus
1064 2955 1212 3008 homo
1239 2964 1406 3008 noster
1435 2953 1586 3007 simul
1614 2952 1887 3020 cruciﬁxus
1909 2961 1978 3005 est
2007 2951 2191 3019 (Rom.

619 3045 672 3097 6.
703 3044 804 3113 6);
831 3054 883 3098 et
910 3045 1100 3099 iterum
1123 3086 1136 3108 ,
1169 3043 1507 3113 Complantati
1533 3043 1656 3112 facti
1681 3059 1850 3097 sumus
1878 3043 2196 3096 similitudini

617 3134 789 3188 mortis
809 3135 916 3204 ejus
937 3133 982 3199 (1
992 3135 1148 3190 bid.v.
1169 3133 1244 3206 5).
1269 3134 1379 3189 Non
1408 3135 1565 3189 modo
1584 3143 1759 3189 autem
1781 3135 2039 3206 baptisma
2066 3151 2196 3190 crux

616 3225 829 3292 dicitur,
861 3225 953 3280 sed
982 3241 1108 3280 crux
1139 3241 1350 3295 quoque
1378 3226 1657 3295 baptisma.
1687 3225 1950 3294 Baptismo
1979 3243 2077 3296 quo
2105 3243 2196 3297 ego

617 3315 862 3382 bnptizor,
886 3331 969 3370 vos
989 3315 1365 3383 baptizubimiui
1383 3314 1570 3378 (Marc.
1598 3315 1684 3369 10.
1708 3315 1810 3386 39)
1836 3331 1850 3378 ;
1879 3330 1941 3369 ac
1962 3330 2192 3384 rursum,

618 3400 880 3472 Buptismo
911 3405 1066 3458 habeo
1092 3406 1357 3473 baptizari,
1405 3421 1548 3474 quem
1575 3421 1659 3458 vos
1685 3407 1883 3459 nescitis
1906 3406 1924 3475 (
1949 3405 2070 3459 Luc.
2106 3407 2192 3460 12.

617 3494 750 3564 50).
795 3495 1252 3559 Quemadmodum
1284 3497 1426 3550 enim
1457 3510 1555 3550 nos
1597 3495 1748 3550 facile
1789 3498 2119 3566 baptizamur
2143 3509 2197 3555 et

613 3585 956 3652 cmergimns,
977 3585 1053 3638 sic
1077 3593 1130 3638 et
1152 3585 1240 3640 ille
1265 3594 1501 3640 mortuus
1523 3601 1642 3640 cum
1668 3587 1852 3652 voluit,
1871 3589 2191 3655 resurrexit;

615 3675 726 3727 imo
767 3675 924 3743 longe
952 3674 1177 3740 facilius,
1211 3676 1417 3732 etiamsi
1467 3678 1640 3733 triduo
1666 3694 1761 3749 per
1791 3685 2100 3752 mysterium
2142 3692 2198 3740 et

612 3781 971 3820 (lacunonnam
1002 3777 1274 3822 mansertt.

690 3857 742 3912 5.
784 3854 1075 3924 Baptizrttos
1107 3867 1160 3910 ut
1189 3857 1339 3929 digne
1367 3858 1615 3923 baptismo
1639 3871 1811 3931 agant,
1854 3863 2076 3918 nondum
2115 3866 2195 3920 ba-

625 3947 837 4014 ptizatos
883 3959 937 4000 ut
967 3965 1115 4018 quam
1155 3951 1371 4018 primum
1404 3951 1719 4020 baptizentur
1760 3952 2008 4008 hortatur.
2051 3953 2198 4011 Cate—

614 4039 848 4092 chumeni
891 4039 1120 4107 ﬁdelibus
1157 4042 1382 4094 extranei
1410 4051 1544 4094 sunt.
1575 4040 1889 4112 Baptismum
1937 4061 2092 4115 usque
2128 4050 2195 4100 ad

619 4138 826 4182 mortem
867 4129 1153 4194 differentes
1199 4132 1588 4202 redarguuntur.
1625 4132 2017 4187 (Iommendatur
2061 4136 2192 4190 eice-

618 4235 848 4290 masyna.
889 4249 958 4259 -—-
997 4220 1215 4276 Talibus
1266 4237 1396 4292 ergo
1434 4221 1633 4292 dignati
1682 4224 1980 4294 mysteriis,
2031 4226 2193 4281 vitam

620 4324 768 4367 tanto
789 4316 928 4368 dono
954 4314 1164 4383 dignam
1189 4315 1556 4384 exhibeamus,
1582 4317 1840 4386 Optimum
1875 4318 2192 4372 institutum.

617 4404 716 4470 Qui
746 4419 873 4458 vero
900 4406 1135 4459 nondmn
1165 4407 1248 4460 his
1281 4407 1481 4477 dignati
1523 4407 1672 4470 estis,
1717 4409 1894 4462 omnia
1942 4407 2100 4462 facite
2141 4418 2197 4463 nt

620 4496 682 4548 iis
711 4493 1024 4562 dignemini,
1070 4506 1124 4550 ut
1156 4511 1315 4549 unum
1341 4511 1537 4565 corpus
1567 4497 1883 4561 efficiamur,
1936 4507 1992 4553 ut
2028 4499 2195 4554 simus

619 4585 834 4639 fratres.
886 4586 1148 4652 Quamdiu
1201 4589 1342 4640 enim
1387 4590 1464 4640 sie
1514 4602 1860 4655 separamur,
1901 4590 2000 4644 etsi
2044 4598 2196 4660 pater

616 4676 734 4744 quis
782 4674 957 4743 fuerit,
1001 4677 1099 4732 etsi
1152 4676 1313 4742 filius,
1369 4678 1468 4730 etsi
1516 4675 1715 4743 frater,
1761 4681 1934 4748 quivis
1981 4680 2192 4734 tandem

617 4770 796 4831 fuerit,
839 4769 1073 4824 nondum
1122 4787 1248 4825 vere
1287 4780 1543 4840 cognatus
1585 4779 1687 4834 est,
1741 4785 1860 4824 cum
1899 4787 1927 4824 a
1959 4788 2193 4842 superna

613 4859 933 4927 cognatione
961 4860 1029 4913 sit
1057 4860 1377 4915 abstractus.
1407 4861 1534 4928 Quae
1564 4861 1706 4914 enim
1737 4861 1939 4915 utilitas
1970 4877 2035 4916 ex
2067 4863 2192 4918 lutei

616 4949 825 5017 generis
863 4950 1259 5019 conjunctione,
1303 4966 1423 5004 cum
1461 4951 1806 5020 spiritualiter
1855 4966 1961 5004 non
2009 4966 2193 5008 sumus

616 5041 926 5110 eonjuncti?
963 5041 1100 5112 quod
1145 5043 1348 5096 lucrum
1398 5053 1621 5097 terrena:
1667 5041 1961 5105 affinitatis,
1988 5057 2107 5096 eum
2140 5045 2193 5098 in

614 5133 760 5186 melis
807 5148 993 5187 sumus
1037 5134 1310 5188 extranei?
1374 5133 1671 5187 Extraneus
1715 5132 1907 5201 quippe
1937 5140 2021 5187 est
2050 5140 2194 5187 cate-

615 5224 913 5279 cbumenus
959 5224 1119 5279 fideli.
1150 5224 1329 5294 Neque
1358 5226 1499 5280 enim
1535 5224 1674 5278 idem
1702 5224 1875 5292 ipsum
1907 5233 2068 5291 caput
2094 5223 2192 5277 ba-

621 5313 731 5375 bet,
773 5328 877 5367 non
923 5314 1170 5368 eumdem
1213 5323 1439 5382 patrem,
1469 5330 1573 5370 non
1611 5314 1852 5368 eamdem
1899 5313 2188 5380 civitatem,

620 5417 727 5456 non
753 5417 954 5466 escam,
991 5419 1095 5458 non
1123 5403 1508 5470 indumentum,
1550 5421 1654 5459 non
1680 5420 1938 5467 mensam,
1957 5403 2048 5458 sed
2077 5419 2192 5457 om-

617 5496 704 5549 nia
737 5502 1031 5564 segregata.
1087 5493 1296 5549 Etenim
1326 5493 1448 5550 huic
1478 5497 1654 5550 omnia
1684 5497 1733 5550 in
1768 5507 1924 5560 terra,
1977 5494 2053 5549 illi
2080 5509 2192 5548 om—

618 5588 704 5643 nia
732 5588 786 5643 in
812 5587 946 5644 caelo
972 5605 985 5642 :
1015 5587 1136 5642 huic
1169 5586 1415 5641 Christus
1442 5603 1534 5642 rex
1566 5597 1666 5652 est,
1715 5587 1786 5642 illi
1835 5595 2109 5657 peccatum
2141 5595 2194 5640 et

623 5681 870 5739 diabolus
901 5699 912 5737 :
938 5681 1066 5736 huic
1111 5679 1357 5735 Christus
1383 5678 1607 5744 dcliciw,
1659 5680 1731 5734 illi
1770 5679 2062 5748 corruptio.
2112 5677 2192 5731 lu-

2290 382 2598 438 dnmentum
2638 397 2847 453 quoque
2878 383 2951 436 illi
2987 384 3244 438 vermium
3275 399 3434 454 opera
3459 427 3473 448 ,
3501 384 3608 442 huic
3628 390 3806 458 angelo-

2291 489 2406 527 rum
2439 474 2693 529 Dominus
2726 492 2739 528 :
2770 475 2962 529 civitas
2987 475 3111 529 huic
3137 475 3352 542 caelum,
3399 477 3479 531 illi
3523 489 3660 532 terra.
3703 478 3810 536 ϐασι

2290 582 2417 637 ergo
2449 567 2578 621 nihil
2603 581 2890 622 commune
2917 566 3227 630 habeamus,
3255 567 3308 622 in
3339 583 3462 638 quo,
3493 585 3671 638 quaso,
3699 586 3814 626 com

2291 658 2716 714 tnunicabimns?
2770 656 2874 712 Sed
2925 657 3114 713 eodem
3168 667 3341 728 partu,
3383 673 3445 714 ex
3486 660 3648 715 eadem
3685 662 3814 720 vuln:

2291 751 2599 822 prodimus?
2647 750 2840 806 Verum
2887 766 3062 821 neque
3097 751 3198 806 hoc
3242 751 3440 806 suflicit
3479 753 3537 806 ad
3575 756 3814 823 genuinam

2292 846 2686 915 cognationem.
2719 842 3040 898 Studeamus
3067 842 3245 914 igitur,
3282 853 3340 898 ut
3369 858 3599 914 superna:
3623 847 3814 902 civitatis

2291 938 2434 992 cives
2476 937 2664 990 simus.
2711 933 3000 1004 Quousque
3049 934 3102 988 in
3157 934 3346 989 exsilio
3398 950 3670 1001 inanemus,
3717 951 3813 990 cun

2292 1036 2563 1096 Oporteret
2590 1037 2823 1090 veterem
2854 1034 3096 1095 repetere
3118 1025 3340 1095 patriam
3365 1025 3388 1078 ’ἒ
3425 1025 3594 1095 Neque
3618 1027 3741 1081 enim
3767 1030 3814 1082 dt

2295 1136 2352 1175 re
2383 1121 2578 1175 nullius
2615 1121 2767 1190 pretii
2799 1119 3088 1189 periculum
3119 1128 3222 1174 est.
3256 1119 3362 1175 Sed
3387 1120 3430 1173 si
3459 1121 3662 1185 accidat,
3702 1137 3814 1186 quot

2296 1213 2436 1267 Deus
2478 1222 2704 1278 avertat,
2747 1213 3106 1282 inexspectata
3149 1223 3322 1267 morte
3353 1227 3457 1267 non
3486 1213 3697 1270 initiatos
3722 1215 3814 1268 him

2294 1303 2487 1373 abripi,
2529 1305 2687 1359 etiam
2735 1303 2779 1359 si
2823 1303 2966 1358 mille
3013 1302 3168 1358 bonis
3215 1303 3457 1360 instructi
3489 1304 3658 1368 simus,
3713 1305 3814 1360 nibi

2296 1395 2438 1450 aliud
2467 1409 2564 1451 nos
2596 1395 2848 1464 excipiet,
2879 1409 3039 1464 quam
3065 1393 3308 1465 gebenna
3334 1402 3389 1450 et
3415 1395 3600 1450 vermis
3629 1410 3814 1450 venena

2298 1495 2404 1551 tus,
2437 1487 2570 1556 ignis
2601 1485 3067 1554 inexstinguibilis,
3100 1483 3308 1538 vincula
3335 1483 3814 1539 insolultilia.V’erua

2296 1578 2434 1632 absit
2460 1587 2515 1631 ut
2543 1577 2804 1648 quispiam
2831 1577 3130 1631 auditorum
3173 1576 3488 1646 supplicium
3533 1576 3649 1631 illud
3689 1593 3814 1647 cxpe

2296 1671 2485 1726 riatur.
2514 1670 2666 1738 Quod
2714 1669 3014 1732 vitabimus,
3063 1669 3106 1723 si
3138 1669 3306 1724 sacris
3345 1669 3602 1740 mysteriis
3625 1668 3808 1738 dignati

2296 1777 2516 1828 aurum,
2559 1772 2835 1830 argentum
2875 1771 2930 1815 et
2974 1760 3173 1830 lapides
3223 1760 3483 1830 pretiosos
3535 1775 3622 1830 pro
3666 1760 3814 1815 fitnda

2297 1861 2479 1908 mento
2517 1868 2795 1923 ponamus.
2847 1851 2936 1907 Sic
2974 1852 3114 1906 enim
3146 1851 3438 1921 poterimus
3464 1851 3548 1906 illo
3570 1853 3813 1908 abeuntes

2298 1945 2490 1999 divites
2520 1959 2800 2013 apparere,
2845 1941 3059 2013 quando
3099 1957 3204 1996 non
3254 1941 3342 1996 hic
3367 1943 3607 2012 pecunias
3635 1943 3814 2012 reliqui

2301 2038 2488 2102 rimus,
2538 2035 2630 2091 sed
2675 2035 2738 2090 ad
2781 2044 2920 2091 tutos
2965 2034 3082 2088 illos
3123 2033 3401 2089 thesauros
3433 2035 3814 2090 transmiserimu

2302 2147 2396 2198 per
2420 2144 2609 2185 manus
2639 2143 2929 2199 pauperum
2955 2144 2970 2193 ;
3019 2127 3232 2197 quando
3259 2126 3472 2182 Christo
3498 2135 3721 2180 mutuum
3767 2127 3814 2181 dt

2299 2223 2558 2278 derimus.
2616 2222 2773 2276 Multa
2817 2220 3076 2276 debemus
3117 2219 3247 2285 illic,
3299 2233 3401 2273 non
3450 2220 3713 2289 pecunias.
3765 2233 3814 2273 sc

2301 2323 2537 2384 peccata.
2571 2314 2750 2367 Mutuo
2777 2312 2936 2382 igitur
2963 2311 3036 2365 illi
3071 2311 3323 2380 pecunias
3349 2309 3554 2374 demus,
3602 2321 3658 2363 ut
3696 2311 3814 2379 impr

2303 2416 2502 2459 tremus
2527 2405 2896 2460 remissionem
2929 2412 3285 2473 peccatorum.
3333 2402 3448 2472 Ipse
3493 2403 3626 2456 enim
3655 2412 3735 2457 est
3774 2420 3805 2471 q

2298 2495 2520 2565 jmlicat.
2561 2497 2637 2552 Ne
2664 2496 3017 2566 despiciamus
3045 2496 3190 2550 illum
3213 2495 3305 2548 hic
3333 2495 3667 2560 esurientem,
3711 2504 3770 2548 ut

2302 2589 2414 2658 ipse
2453 2601 2553 2642 nos
2597 2587 2668 2642 ibi
2708 2587 2928 2641 nutriat.
2973 2585 3070 2640 ilic
3114 2583 3394 2638 induamus
3431 2583 3618 2652 ipsum,
3664 2592 3717 2636 ut
3762 2600 3814 2637 nt

2303 2677 2564 2746 relinquat
2591 2691 2689 2730 nos
2714 2675 2887 2730 nudos
2916 2673 3212 2744 patrocinio
3243 2688 3360 2729 suo.
3404 2673 3460 2728 Si
3483 2671 3568 2727 bic
3595 2672 3666 2726 illi
3689 2682 3813 2742 potu

2300 2769 2627 2834 dederimus,
2657 2782 2763 2821 non
2793 2767 3032 2822 dicemus
3051 2781 3172 2820 cum
3199 2765 3364 2820 divite
3395 2786 3409 2821 :
3438 2763 3581 2820 Mitte
3598 2763 3814 2820 Lazare:

2301 2870 2356 2914 ut
2393 2860 2609 2930 intingat
2639 2867 2914 2913 extremum
2948 2857 3095 2926 digiti
3131 2856 3211 2911 sui
3251 2857 3303 2910 in
3334 2873 3481 2925 aqua,
3530 2864 3582 2908 ut
3619 2857 3814 2926 refriget

2302 2952 2530 3022 linguam
2556 2958 2780 3002 nostram
2825 2948 3061 3000 adustam
3110 2946 3256 3017 (Luc.
3293 2945 3378 3001 16.
3407 2944 3518 3014 24).
3564 2944 3620 3001 Si
3646 2945 3732 3001 hic
3755 2962 3814 3000 eu

2302 3043 2448 3098 domi
2489 3041 2832 3111 accipiamus,
2880 3039 2988 3095 illic
3013 3038 3207 3093 multas
3229 3038 3384 3093 nobis
3415 3038 3619 3107 parabit
3645 3040 3814 3094 mansi

2305 3150 2419 3188 nes.
2464 3131 2520 3188 Si
2568 3131 2858 3186 iovisamus
2891 3143 3011 3184 eum
3055 3129 3107 3182 in
3154 3142 3372 3182 carcere
3419 3126 3712 3191 detentum,
3771 3127 3814 3196 ip

2303 3240 2512 3296 quoque
2543 3239 2640 3278 nos
2683 3238 2714 3277 a
2744 3223 2969 3276 vinculis
3009 3219 3275 3276 liberabit.
3328 3219 3383 3276 Si
3419 3219 3565 3273 illum
3617 3218 3814 3290 hospiti

2303 3314 2693 3385 exceperimus,
2717 3328 2822 3368 non
2847 3311 3106 3382 despiciet
3135 3326 3250 3374 nos,
3280 3311 3368 3381 qui
3397 3311 3660 3379 peregrini
3698 3320 3760 3365 et
3789 3311 3814 3364 h

2303 3407 2469 3477 spites
2494 3420 2679 3461 sumus
2708 3406 2760 3458 in
2805 3417 2974 3474 regno
3005 3403 3280 3467 calorum,
3305 3401 3398 3456 sed
3426 3417 3670 3470 superna:
3693 3402 3814 3457 civit

2305 3499 2372 3552 tis
2401 3504 2680 3552 consortes
2706 3495 2912 3550 reddet.
2972 3493 3025 3549 Si
3056 3493 3326 3548 infirmum
3378 3491 3526 3546 illum
3572 3491 3814 3547 invisami

2303 3589 2410 3642 cito
2451 3601 2549 3641 nos
2588 3585 2676 3640 ille
2704 3583 2953 3639 liberabit
2998 3583 3066 3636 ab
3113 3581 3514 3636 infirmitatibus
3554 3583 3783 3636 nostris.

2303 3692 2428 3748 ergo
2470 3676 2560 3745 qui
2601 3689 2790 3745 magna
2823 3689 2919 3742 pro
2964 3673 3140 3746 parvis
3177 3671 3332 3729 donis
3378 3672 3732 3744 accipiamus,
3787 3692 3814 3729 s

2305 3778 2409 3824 tem
2442 3766 2527 3823 illa
2558 3765 2746 3837 exigua
2774 3763 2978 3828 demus,
3027 3774 3085 3820 ut
3121 3766 3348 3819 maxima
3380 3780 3708 3819 mercemur.
3765 3767 3805 3819 D

2303 3861 2474 3914 adhuc
2519 3868 2738 3927 tempus,
2765 3866 2867 3923 est,
2911 3857 3272 3922 setnincmus,
3328 3865 3384 3910 ut
3423 3865 3716 3911 metamus.
3766 3858 3813 3910 C‘

2303 3952 2444 4007 enim
2477 3950 2646 4006 hiems
2672 3949 2970 4012 advenerit,
3003 3963 3124 4002 cum
3157 3963 3303 4003 mare
3351 3963 3456 4003 non
3489 3948 3631 4002 ultra
3677 3951 3813 4012 navi;

2305 4044 2410 4099 bile
2457 4043 2576 4108 erit,
2637 4053 2763 4096 tunc
2811 4057 2915 4096 non
2964 4056 3126 4110 penes
3170 4054 3267 4094 nos
3297 4041 3399 4095 erit
3448 4039 3742 4110 negotiari.
3798 4040 3814 4094 ε

2303 4134 2515 4205 quando
2551 4133 2654 4189 erit
2702 4132 2913 4186 hiems?
2961 4132 3092 4187 Cum
3135 4131 3412 4186 advenerit
3458 4131 3580 4186 dies
3630 4131 3727 4186 ille
3789 4148 3814 4186 ll

2302 4241 2437 4296 gnus
2484 4235 2538 4280 et
2585 4224 2924 4292 conspicuus.
2974 4221 3127 4277 Tune
3147 4222 3290 4276 enim
3321 4236 3427 4275 non
3459 4221 3563 4276 hoc
3588 4235 3763 4276 mare
3795 4237 3814 4276 Ι

2303 4335 2466 4389 gnum
2533 4326 2589 4371 et
2656 4315 2948 4386 spatiosum
3009 4314 3428 4384 navigabimus:
3470 4313 3612 4368 mari
3668 4328 3808 4368 nam

2302 4423 2541 4480 pnesens
2567 4409 2671 4462 vita
2695 4407 2885 4461 similis
2925 4415 3026 4460 est.
3081 4404 3232 4459 Nunc
3268 4404 3479 4459 serendi
3530 4413 3764 4474 tempus
3811 4433 3813 4448 ‹

2304 4513 2428 4557 tunc
2459 4499 2692 4556 metendi
2743 4507 2797 4554 et
2827 4498 3086 4553 lucrandi.
3119 4497 3173 4553 Si
3201 4498 3320 4568 quis
3349 4497 3618 4552 sementis
3653 4506 3814 4566 temp

2302 4593 2505 4646 semina
2538 4607 2642 4645 non
2686 4591 2897 4658 jccerit,
2939 4589 2984 4644 si
3026 4596 3269 4657 tempore
3315 4589 3507 4643 messis
3549 4599 3713 4643 serat
3757 4591 3813 4642 in

2304 4685 2444 4749 liter,
2488 4698 2615 4736 sane
2643 4679 2899 4735 ridiculus
2940 4679 3063 4734 erit.
3097 4679 3155 4735 Si
3185 4678 3396 4734 serendi
3427 4681 3499 4732 sit
3528 4690 3786 4747 tempus,

2298 4779 2407 4847 jam
2452 4773 2829 4844 colligendum,
2881 4772 2975 4828 sed
3023 4772 3308 4828 serendum
3356 4780 3458 4827 est.
3513 4772 3814 4841 Dis-pergat

2303 4869 2463 4940 igitur
2507 4876 2564 4921 ut
2593 4865 2940 4936 colligamus;
2987 4879 3054 4919 ne
3092 4864 3202 4933 jam
3241 4863 3497 4932 colligere
3546 4871 3814 4930 satagam

2301 4978 2370 5017 ne
2396 4975 2625 5016 messem
2674 4957 2977 5028 perdamus.
3021 4956 3152 5012 Nam
3184 4956 3286 5011 hoc
3326 4964 3584 5024 tempus,
3645 4963 3711 5008 ut
3765 4954 3814 5006 d3

2303 5052 2370 5106 ad
2397 5049 2685 5106 serendum
2715 5057 2925 5113 evocat,
2972 5055 3029 5103 et
3069 5047 3135 5102 ad
3161 5047 3518 5118 erogandum,
3550 5060 3668 5100 non
3701 5044 3777 5097 ad
3811 5070 3814 5087 ι

2309 5143 2578 5213 ligeudum
2611 5150 2663 5196 et
2688 5138 3106 5196 recondendum.
3136 5137 3212 5192 Ne
3233 5138 3412 5208 itaque
3433 5137 3814 5207 opportunita

2307 5234 2646 5296 amittamus,
2683 5231 2777 5287 sed
2831 5230 3059 5285 ubertim
3107 5244 3288 5284 semen
3333 5229 3634 5298 jaciamus,
3687 5240 3812 5281 nec

2303 5323 2552 5378 familiari
2595 5322 2702 5376 ullo
2744 5321 2902 5375 modo
2949 5334 3251 5390 parcamus,
3303 5326 3359 5372 ut
3397 5334 3521 5372 eam
3550 5332 3692 5372 cum
3725 5329 3814 5370 ms

2302 5415 2622 5483 recipiamus
2649 5412 2875 5474 foenore,
2906 5412 3074 5480 gratia
3105 5420 3159 5466 et
3191 5411 3529 5480 benignitate
3564 5408 3814 5462 Domini

2301 5506 2395 5560 stri
2436 5504 2562 5560 Jesu
2588 5502 2807 5568 Christi,
2837 5503 3047 5573 quicum
3073 5502 3212 5555 Patri
3240 5501 3430 5570 gloria,
3459 5515 3704 5572 unaque
3741 5497 3814 5567 SI

2302 5597 2373 5650 tui
2400 5603 2602 5658 sancto,
2634 5594 2686 5649 in
2717 5593 2906 5648 sarcula
2941 5592 3280 5648 szeculorum.
3313 5592 3508 5648 Amen.
