4036 6208
457 288 559 343 153

1141 282 1199 339 8.
1239 280 1521 338 JOANNIS
1556 277 2042 337 CIIRYSOSTOMI

2171 273 2398 336 cum.
2443 241 2998 346 εοΝὸτΑΝτιΝοιι.

3622 296 3724 353 ιτς

2035 406 3162 440 ο--Λᾜ

1869 496 2116 552 omum
2155 495 2296 564 K7.

459 579 530 634 Τὸ
559 574 998 648 γεγεννημένῳ·
1037 573 1104 626 ἐκ
1130 571 1249 648 ,τῆς
1287 571 1537 648 (ξαρ-κὸς,
1562 568 1719 638 σάρξ
1753 569 1904 623 ἐστι·
1926 569 2035 648 3ιαί

526 636 590 732 τί)
633 636 1069 717 ’γεγεννημένον
1117 636 1332 697 ἐκ-τοῦ
1365 636 1750 710 Πνεύματος,
1802 636 2040 707 πνεῦμά

528 736 720 774 εστιν.

529 801 597 855 α’.
618 801 879 870 Μεγάλων
904 800 1051 871 ἡμᾶς
1079 797 1392 870 μυστηρίων
1414 793 1752 864 κατηξίωσεν
1772 792 1801 844 6
1829 808 2043 863 μονογε-

458 887 558 956 νὴς
587 886 713 948 Υἱὸς
741 883 834 938 τοῦ
859 883 1013 936 Θεοῦ·
1041 880 1314 952 μεγάλων,
1337 879 1433 932 καὶ
1451 878 1579 931 οἴων
1602 877 1762 956 ἡμεῖς
1787 871 1934 946 ούκῆ
1944 891 2042 944 μεν

459 955 619 1036 ἄξιοι,
651 969 764 1021 ἀλλ’
791 967 916 1019 οἵων
949 964 1096 1035 αὐτῷ
1135 963 1396 1033 παρέχειν
1443 959 1653 1032 πρέπον
1683 955 1772 1030 ἦν.
1809 959 1908 1012 Ἂν
1943 958 2043 1028 μὲν

460 1053 569 1124 γὰρ
596 1053 693 1124 τὴν
731 1051 884 1118 ἀξίαν
913 1049 1010 1120 τὴν
1046 1047 1318 1118 ἡμετέραν
1346 1043 1631 1114 λογίσηται
1655 1059 1759 1108 τις,
1791 1043 1852 1095 ού
1884 1041 2045 1124 μόνον

460 1122 559 1205 τῆς
587 1122 792 1203 δωρεᾶς
813 1131 955 1204 ἦμεν
982 1129 1212 1195 ἀνάξιοι,
1237 1127 1374 1182 ἀλλά
1393 1128 1486 1181 καὶ
1511 1126 1785 1189 κολάσεως
1811 1122 2047 1205 ύπεύθυο

460 1204 542 1274 νοι
573 1220 666 1272 καὶ
691 1217 980 1287 τιμωρίας.
1020 1212 1237 1282 Ἐπειδὴ
1263 1211 1320 1264 δέ
1348 1210 1409 1264 ού
1437 1210 1574 1281 πρὸς
1603 1208 1762 1263 τοῦτο
1787 1204 1947 1269 εἶδεν,
1983 1207 2044 1260 οὐ

465 1305 623 1374 μόνον
655 1301 924 1362 κολάσεως
948 1296 1276 1368 ἀπήλλαξεν,
1307 1295 1443 1350 ἀλλά
1469 1296 1562 1348 καὶ
1583 1293 1726 1365 ζωὴν
1757 1293 2048 1366 ἐχαρίσατο

465 1384 642 1455 πολλῷ
672 1385 769 1454 τῆς
800 1382 1070 1453 προτέρας
1096 1378 1484 1451 λαμπροτέραν
1511 1391 1560 1442 ι,
1594 1379 1673 1440 εἰς
1709 1375 1866 1431 ἄλλον
1899 1376 2048 1446 ἡμᾶς

464 1472 728 1541 εἰσήγαγε
775 1468 999 1538 κόσμον,
1041 1465 1231 1538 ἑτέραν
1283 1463 1684 1535 ἐδημιούργησε
1729 1461 1924 1514 κτίσιν·
1980 1459 2077 1514 El.

466 1572 556 1618 τις
588 1551 698 1621 γὰρ
727 1553 797 1605 ἐν
820 1550 1053 1619 Χριστῷ
1077 1548 1254 1616 καινὴ
1277 1548 1493 1613 κτίσις,
1536 1547 1688 1616 φησί.
1727 1545 1862 1600 Ποία
1888 1546 2049 1616 καινὴ

468 1637 673 1701 κτίσις;
707 1637 971 1687 ’Ἄκουσον
1007 1631 1169 1685 αὑτοῦ
1202 1631 1472 1698 λέγοντος·
1521 1630 1657 1683 Ἐὰν
1682 1628 1767 1698 μή
1803 1647 1891 1695 τις
1921 1646 2052 1698 γεν-

468 1719 624 1787 νηθῇ
647 1719 716 1784 ἐξ
744 1717 961 1783 ὓδατος
999 1715 1098 1769 καὶ
1139 1715 1501 1783 Πνεύματος,
1543 1715 1614 1768 οὐ
1648 1713 1896 1766 δύναται
1928 1715 2054 1766 810‘-

467 1801 667 1858 εςίθεῖν
709 1804 796 1864 εἰς
838 1799 952 1867 τὴν
986 1799 1315 1864 ,ϐασιλείαν
1356 1799 1464 1852 τοῦ
1506 1796 1674 1852 Θεοῦ.
1717 1797 2051 1869 Παράδεισον

470 1885 888 1953 ἐπιστεύθημεν,
916 1883 1010 1935 καὶ
1036 1882 1155 1936 οὐδὲ
1181 1882 1279 1951 τῆς
1310 1883 1366 1935 ἐν
1395 1880 1540 1952 αύτῷ
1561 1881 1832 1950 διαγωγῆς
1863 1881 2056 1950 ἐφάνη-

473 1987 572 2040 μεν
621 1965 831 2031 ἀξιοιδ,
868 1967 958 2018 καὶ
1007 1966 1085 2028 εἰς
1116 1967 1241 2028 τοὺς
1279 1965 1542 2035 οὐρανοὺς
1579 1964 1725 2034 ἡμᾶς
1756 1963 2051 2031 ἀνήγαγεν.

483 2053 574 2106 Ἐν
597 2054 708 2115 τοῖς
745 2049 982 2123 πρώτοις
1010 2049 1108 2118 οὐχ
1140 2047 1442 2117 εὑρέθημεν
1475 2048 1675 2110 πιστοὶ,
1705 2045 1800 2098 καὶ
1835 2043 2056 2114 μείζονα

472 2136 820 2208 ἐνεχείρισεν·
860 2134 979 2196 ἐνὸς
1019 2131 1352 2201 ἀποσχέσθαι
1396 2129 1553 2196 ξύλου
1597 2131 1696 2183 οὐκ
1735 2128 2056 2200 ἰσχύσαμεν,

472 2222 567 2274 καὶ
625 2219 723 2288 τὴν
773 2217 886 2270 ἄνω
943 2213 1184 2285 παρέσχε
1213 2213 1443 2284 τρυφήν·
1501 2215 1558 2266 ἐν
1608 2211 1915 2285 παραδείσῳ
1959 2212 2060 2264 ούκ

473 2303 946 2376 ἐκαρτερήσαμεν,
980 2299 1075 2350 καὶ
1097 2299 1224 2360 τοὺς
1250 2298 1516 2367 οὐρανοὺς
1536 2297 1667 2367 ἡμῖν
1700 2295 2058 2351 ἀνεπέτασεν.

476 2386 714 2446 Εἰκότως
762 2382 946 2449 έλεγεν
987 2384 1014 2435 6
1062 2381 1292 2444 Παῦλος·
1333 2377 1400 2434 Ὦ
1439 2380 1630 2447 ,ϐάθος
1664 2382 1932 2435 πλούτου
1963 2378 2063 2433 καί

475 2469 697 2537 σοφίας
723 2465 821 2519 καὶ
855 2463 1132 2534 γνώσεως
1157 2463 1324 2518 Θεοῦ.
1358 2465 1472 2517 Οὐκ
1509 2463 1589 2517 ἐτι
1626 2465 1830 2535 μήτηρ,
1854 2465 1954 2517 οὐκ
1983 2463 2064 2516 ἐτι

477 2552 684 2614 ὠδῖνες,
707 2548 832 2604 οὕτε
864 2549 1039 2605 ῦπνοι.
1066 2549 1159 2601 καὶ
1183 2547 1459 2601 συνουσίαι
1487 2549 1582 2601 καὶ
1609 2547 1939 2619 περιπλοκαλ⁵
1961 2565 2066 2600 σω-

484 2637 688 2706 μάτων·
716 2633 828 2687 άνω
847 2631 1030 2684 λοιπὸν
1051 2630 1336 2698 ὑφαίνεται
1358 2631 1454 2700 τῆς
1490 2631 1760 2701 ὑμετέρας
1783 2629 1998 2699 φύσεως
2032 2629 2066 2700 ή

481 2717 817 2788 κατασκευὴ,
854 2713 962 2768 ἀπὸ
997 2713 1312 2784 Πνεύματος
1340 2715 1496 2781 ἀγίου
1525 2715 1619 2767 καὶ
1653 2713 1863 2776 ὓδατος.
1899 2714 1972 2766 Τὸ
2010 2712 2066 2765 δὲ

485 2801 634 2876 [H9]
669 2801 813 2868 ὕδωρ
856 2797 1243 2869 παρείληπται,
1273 2797 1427 2861 τόκος
1471 2797 1548 2868 τῷ
1585 2797 1889 2868 τικτομένῳ
1926 2796 2072 2865 γινὸ-

489 2903 667 2958 μενον.
705 2886 879 2953 Ὅπερ
923 2882 1032 2951 γάρ
1067 2883 1215 2933 ἐστιν
1249 2882 1280 2951 ἡ
1323 2881 1504 2952 μήτρα
1529 2879 1606 2951 τῷ
1635 2880 1880 2951 ὲμϐρύῳ,
1912 2879 2071 2932 τοῦτο

487 2971 564 3040 τῷ
603 2966 778 3038 πιστῷ
819 2966 879 3019 rb
921 2965 1080 3034 ὕδωρ·
1127 2967 1184 3017 ἐν
1227 2963 1336 3034 7&9
1379 2963 1456 3034 τῷ
1495 2963 1647 3017 ῦδατι
1683 2964 2071 3017 διαπλάττεται

489 3055 583 3108 καὶ
623 3049 947 3124 μορφοῦται.
987 3048 1059 3102 Τὸ
1109 3048 1207 3118 μὲν
1251 3048 1360 3119 γὰρ
1415 3047 1629 3118 πρῶτον
1672 3047 1907 3116 ἐλέγετο·
1946 3047 2073 3124 Ἐξ-

487 3123 754 3206 αγαγέτω
777 3132 848 3187 τὰ
885 3131 1072 3185 ὕδατα
1098 3131 1314 3198 ἑρπετὰ
1340 3130 1557 3199 ψυχῶν
1581 3129 1800 3192 ζωσῶν·
1838 3129 1899 3194 ἐξ
1931 3123 1992 3183 οῦ
2020 3130 2077 3182 δὲ

491 3219 662 3289 ἐπέϐη
697 3217 805 3271 τῶν
848 3215 1114 3287 Ἰορδάνου
1152 3225 1174 3254 ε
1213 3215 1442 3285 ῥείθρων
1473 3217 1502 3268 6
1528 3216 1822 3284 Δεσπότης,
1855 3215 1954 3268 ούκ
1999 3215 2078 3268 ἐτι
2119 3236 2122 3240 ’

490 3302 697 3376 ἑρπετά
723 3300 908 3372 ψυχῶν
944 3299 1153 3364 ζωσῶν,
1189 3299 1324 3352 ἀλλά
1347 3298 1525 3368 ψυχάς
1558 3298 1782 3367 λογικάς
1811 3298 1903 3352 καὶ
1925 3315 2080 3350 πνευ-

495 3387 837 3459 ματοφόρους
862 3383 922 3434 τὸ
957 3382 1101 3450 ὕδωρ
1132 3381 1441 3434 ἀναδίδωσι.
1467 3381 1576 3434 Καὶ
1603 3381 1632 3433 ὃ
1657 3382 1785 3452 περὶ
1805 3381 1899 3434 τοῦ
1927 3381 2078 3450 ἡλίου

493 3471 728 3538 εἴρηται,
756 3467 838 3518 ὅτι
865 3465 961 3529 Ὡς
982 3463 1240 3532 νυμφίος
1262 3463 1736 3531 ἐκπορευόμενος
1753 3465 1821 3517 ἐκ
1843 3465 2080 3520 παστοῦ

493 3549 703 3611 αὑτοῦ,
733 3548 892 3600 τοῦτο
916 3548 1044 3616 περὶ
1073 3544 1180 3598 τῶν
1207 3545 1416 3598 πιστῶν
1447 3547 1637 3618 καιρὸς
1665 3547 1731 3601 ἂν
1757 3547 1841 3619 εἴη
1878 3549 2079 3618 μᾶλλον

496 3635 689 3687 εἰπεῖν.
730 3627 916 3698 Πολλῷ
949 3629 1058 3699 γάρ
1093 3628 1453 3698 φαιδροτέρας
1495 3629 1686 3690 ἀφιᾶσι
1726 3629 1752 3668 ά
1784 3629 1882 3692 τὰς
1920 3633 2077 3684 ἀκτῖ-

497 3733 593 3778 νας
627 3713 854 3768 ἐκείνου.
893 3711 1049 3764 Ἀλλά
1079 3711 1138 3763 τὸ
1171 3711 1270 3780 μὲν
1299 3713 1356 3763 ἐν
1383 3714 1447 3782 τῇ
1484 3713 1666 3783 μήτρᾳ
1685 3712 2079 3785 διαπλαττόμε-

498 3817 608 3858 νον.
644 3797 835 3867 χρόνου
865 3795 1054 3848 δεῖται·
1082 3795 1137 3846 ἐν
1164 3793 1242 3864 τῷ
1267 3793 1417 3846 ὕδατι
1444 3793 1501 3846 δὲ
1529 3795 1626 3866 ούχ
1659 3795 1850 3860 οὕτως,
1873 3796 1988 3850 ἀλλ’
2021 3800 2080 3851 ἐν

503 3881 601 3952 μιᾷ
632 3881 770 3951 ῥοπῇ
805 3878 981 3932 πάντα
1014 3877 1246 3946 γίνεται.
1272 3877 1439 3930 Ἔνθα
1475 3877 1572 3948 μὲν
1605 3878 1714 3950 γὰρ
1748 3880 2012 3951 ἐπίκηρος
2045 3883 2078 3953 ή

499 3965 613 4035 ζωὴ
667 3963 762 4018 καὶ
808 3962 916 4016 ἀπὸ
963 3962 1280 4031 σωματικῆς
1320 3961 1529 4032 φθορᾶς
1582 3962 1692 4033 ἔχει
1739 3964 1839 4034 τὴν
1885 3965 2078 4036 ἀρχὴν,

502 4046 754 4120 βραδύνει
773 4046 834 4099 rb
851 4045 1188 4115 τικτόμενον,
1222 4044 1466 4114 (τοιαύτη
1490 4046 1597 4116 7&9
1625 4045 1730 4098 τῶν
1758 4047 2023 4116 σωμάτων
2045 4050 2078 4118 ή

499 4131 684 4200 φύσις·
727 4129 904 4200 χρόνῳ
947 4127 1350 4197 προσλαμϐάνει
1383 4127 1442 4180 rb
1474 4127 1720 4197 τέλειον)·
1762 4129 1856 4181 ἐπὶ
1883 4129 1940 4182 δὲ
1973 4130 2084 4183 τῶν

499 4213 884 4284 πνευματικῶν
919 4212 1015 4281 οὐχ
1059 4210 1219 4264 οὕτω.
1269 4209 1334 4264 Τί
1365 4211 1600 4281 δήποτε;
1635 4211 1757 4264 Ὀτι
1796 4211 1974 4264 τέλεια
2024 4211 2083 4277 ἐξ

499 4298 676 4368 ἀρχῆς
721 4294 1190 4358 κατασκευάζεται
1235 4293 1303 4348 τά
1347 4295 1624 4364 γινόμενα.
1668 4294 1803 4346 Ἀλλ’
1837 4296 2022 4367 ἐπειδὴ
2052 4297 2081 4348 6

503 4381 805 4449 Νικόδημος
847 4378 1059 4432 ἀκούων
1107 4377 1280 4432 ταῦτα
1319 4378 1558 4448 συνεχῶς
1599 4379 1945 4450 ἐταράττετο,
1974 4380 2081 4451 ὅρα

504 4464 622 4528 πῶς
656 4463 804 4534 αὑτῷ
847 4462 1165 4533 παρανοίγει
1209 4462 1269 4516 rb
1307 4462 1616 4534 ἀπόρρητον
1646 4463 1739 4516 τοῦ
1780 4465 2080 4534 μυστηρίου

502 4547 712 4611 τούτου,
744 4547 836 4599 καὶ
865 4545 1031 4615 σαφὲς
1050 4545 1341 4616 ἐργάζεται
1371 4545 1433 4599 rb
1459 4545 1666 4616 ἀσαφὲς
1691 4547 1884 4618 ἐκείνῳ
1919 4547 2078 4612 τέως,

509 4629 579 4684 Τὸ
623 4627 1077 4699 γεγεννημένον.
1115 4627 1309 4696 λέγων,
1357 4627 1426 4682 ἐκ
1484 4626 1590 4696 τῆς
1638 4630 1887 4697 σαρκὸς,
1925 4630 2083 4698 σάρξ

500 4715 670 4768 ἐστι·
720 4712 786 4766 τὸ
840 4711 909 4765 δὲ
952 4709 1386 4782 γεγεννημένον
1426 4710 1495 4766 ἐκ
1554 4712 1658 4766 τοῦ
1715 4713 2081 4782 Πνεύματος,

505 4794 741 4864 πνεῦμά
776 4795 967 4849 ἐστιν.
1017 4795 1240 4860 Ἀπάγει
1272 4792 1380 4847 τῶν
1409 4794 1680 4863 αἰσθητῶν
1707 4795 1868 4849 αὐτὸν
1906 4797 2082 4850 ἀπάν-

505 4895 634 4941 των,
678 4877 771 4930 καί
809 4878 909 4930 οῦκ
953 4877 1144 4948 ἀφίησι
1193 4879 1304 4940 τοῖς
1333 4877 1630 4947 ὀφθαλμοῖς
1672 4878 1884 4943 τούτοις
1929 4896 2086 4952 περι-

508 4959 844 5030 εργάσασθαι
894 4960 990 5032 τὴν
1035 4961 1442 5031 μυσταγωγίαν.
1474 4961 1548 5014 υὺ
1580 4961 1688 5033 γάρ
1722 4963 1848 5033 περὶ
1887 4964 2087 5034 σαρκὸς

505 5042 886 5114 διαλεγόμεθα,
925 5047 1107 5116 φησὶν,
1138 5045 1273 5099 ἀλλά
1307 5046 1433 5116 περὶ
1468 5047 1804 5116 Πνεύματος,
1847 5041 1893 5101 ῶ
1922 5049 2086 5103 Νικό-

505 5127 666 5198 δημε.
696 5128 846 5190 Τέως
885 5128 1046 5181 αὑτὸν
1075 5127 1152 5194 τῷ
1180 5127 1324 5197 λόγῳ
1355 5127 1528 5199 τούτῳ
1559 5129 1693 5200 πρὸς
1718 5128 1778 5182 rb
1802 5129 1913 5184 ἀνω
1943 5149 2086 5204 παρ-

429 5223 432 5226 ’
508 5211 742 5281 έπεμψε.
768 5209 947 5280 Μηδὲν
977 5211 1155 5264 τοίνυν
1178 5211 1284 5263 τῶν
1304 5209 1576 5282 αἰσθητῶν
1605 5212 1870 5284 ἐπιζήτει·
1900 5215 1960 5268 rb
1981 5225 2086 5287 γαρ

510 5293 732 5363 Πνεῦμα
770 5294 870 5346 οὐκ
899 5292 964 5346 ἂν
1004 5295 1196 5366 φανείη
1229 5297 1338 5359 τοῖς
1370 5295 1662 5367 ὀφθαλμοῖς
1693 5297 1919 5362 τούτοις·
1954 5299 2089 5372 μηδὲ

511 5375 719 5443 νόμιζε,
748 5377 829 5428 ὅτι
854 5378 1032 5447 σάρκα
1054 5378 1226 5432 τίκτει
1253 5379 1314 5433 rb
1346 5379 1591 5452 Πνεῦμα.

583 5458 708 5522 Πῶς
750 5455 864 5520 οὖν,
911 5461 1042 5523 ἴσως
1074 5461 1216 5514 εἴποι
1263 5463 1328 5517 ἀν
1372 5481 1476 5528 τις,
1509 5466 1542 5535 ή
1570 5465 1664 5518 τοῦ
1706 5465 1906 5538 Κυρίου
1953 5465 2088 5539 σάρξ

510 5540 742 5614 ἐτέχθη;
783 5544 897 5596 Οὐκ
939 5543 1046 5596 ἀπὸ
1088 5544 1402 5616 Πνεύματος
1449 5551 1628 5618 μόνον,
1673 5551 1807 5604 ἀλλά
1845 5551 1939 5605 καὶ
1983 5553 2092 5607 ἀπὸ

575 5667 599 5740 ξ
626 5667 803 5740 Mprei.
833 5670 1130 5740 τιμιωτέραν.
1165 5670 1684 5740 ξαςίΙκλαμπροτέραν.
1751 5675 1780 5716 δ
1803 5676 1950 5727 Codd.
1979 5679 2090 5740 705,

507 5726 603 5803 ’396
624 5735 712 5802 sic,
725 5733 810 5788 γῆς
835 5726 1138 5803 έξὲτξέσαμεν.
1169 5734 1259 5779 Καὶ
1283 5726 1731 5803 ουδεὲέήξηένὲαῡθα
1757 5726 1880 5803 διαγ.
1919 5726 1997 5803 έφζ
2015 5726 2087 5796 διὲξ

514 5789 865 5862 ἰςτιὶέφάνηῃμεέ
888 5789 972 5862 a|_ii
996 5789 1306 5862 7g7éva9§v.m
1335 5797 1356 5824 τ
1385 5789 1468 5844 Sid
1497 5796 1668 5862 More].
1694 5809 1747 5848 el
1767 5789 1962 5862 quidani
1985 5789 2086 5851 alii;

510 5849 793 5914 β³νί¹οξτῶν
826 5849 1132 5914 Ἰορδαγέίὼνο
1168 5849 1228 5891 ”⁶¹
1255 5855 1336 5906 Sic
1373 5870 1498 5904 unus
1544 5860 1696 5908 codex
1733 5849 1864 5912 τρὶξρ
1892 5849 1910 5912 ἐ
1946 5849 1997 5914 ei
2021 5849 2090 5914 Sic

510 5909 778 5972 legendum
800 5909 1134 5973 suspicabatur
1155 5917 1378 5967 Suillius.
1407 5919 1533 5971 lidiu
1560 5922 1739 5985 ἀςιησι.

2143 563 2362 640 σαρκός.
2396 563 2491 621 Διὸ
2525 571 2799 626 καὶτοῦτο
2826 571 3002 642 δηλῶν
3036 575 3064 628 6
3099 573 3306 638 Παῦλος
3339 574 3515 643 ελεγι·
3548 581 3733 635 Γενό-

2135 669 2323 721 μενος
2362 663 2386 692 ο
2410 652 2480 707 ἐκ
2519 655 2826 724 γυναικὸς,
2865 658 3178 725 γενόμενος
3233 658 3352 712 ὑπὸ
3398 660 3609 728 νόμον.
3659 665 3733 718 Tb

2147 737 2244 806 μὲν
2280 737 2390 809 γάρ
2420 737 2642 809 Πνεῦμα
2684 739 2844 792 αὐτὸν
2871 739 3158 794 διέπλασεν
3188 740 3382 807 οὕτως,
3427 744 3490 796 ού
3534 745 3643 817 μὴν
3672 747 3734 814 ἐξ

2141 821 2244 874 ούκ
2273 821 2464 876 ὄντων·
2500 823 2624 875 ἐπεὶ
2666 825 2718 874 τι
2767 823 2873 876 ἔδει
2922 825 3022 894 τῆς
3073 826 3318 896 μήτρας;
3366 827 3482 881 ἀλλ’
3522 829 3590 883 ἐκ
3635 834 3734 903 τῆς

2146 906 2348 977 σαρκὸς
2375 907 2474 976 τῆς
2505 907 2856 978 παρθενικῆς·
2877 908 2937 960 rb
2958 907 3037 970 δὲ,
3058 909 3194 971 πῶς,
3218 910 3279 963 οὐ
3301 910 3537 981 δύναμαι
3564 915 3736 985 ἐρμη·

2145 990 2342 1047 νεύειν.
2375 993 2546 1046 Τοῦτο
2581 993 2639 1046 δέ
2676 992 2918 1060 γέγονεν,
2963 993 3049 1046 ῖνα
3087 994 3160 1064 μή
3191 1011 3283 1058 τις
3328 996 3608 1070 ἀλλότριον
3635 1001 3736 1070 τῆς

2145 1075 2424 1148 ἡμετέρας
2449 1072 2590 1130 εἶναι
2618 1076 2818 1148 νομίσῃ
2847 1075 3060 1144 φύσεως
3084 1077 3146 1130 rb
3169 1079 3508 1148 τικτόμενον.
3542 1081 3604 1133 Ei
3626 1083 3735 1152 γὰρ

2146 1156 2335 1212 τούτου
2362 1159 2654 1230 γενομένου
2680 1159 2785 1212 είσί
2809 1177 2953 1222 τινες
2980 1161 3030 1213 οἳ
3058 1159 3399 1215 διαπιστοῦσι
3420 1165 3486 1234 τῇ
3510 1162 3735 1237 τοιαύτῃ

2149 1243 2421 1314 γεννήσει,
2451 1244 2499 1296 εἰ
2541 1242 2616 1312 μὴ
2639 1245 2740 1311 τῆς
2773 1241 2972 1312 σαρκὸς
3006 1242 3329 1314 ἐκοινώνησε
3353 1245 3454 1315 τῆς
3476 1245 3737 1315 παρθενι-

2150 1325 2273 1395 κῆς,
2297 1324 2403 1378 ποῦ
2426 1326 2526 1378 ούκ
2557 1323 2623 1378 ἀν
2652 1323 2916 1388 ἐξέπεσαν
2949 1324 3202 1388 ἀσεϐείας
3228 1319 3407 1393 obrui;
3433 1328 3514 1381 Τὸ
3537 1345 3736 1398 γεγεν-

2149 1407 2414 1476 νημένον
2440 1408 2508 1461 ἐκ
2542 1407 2648 1461 τοῦ
2671 1407 3038 1476 Πνεύματος,
3075 1407 3310 1477 πνεῦμά
3342 1409 3532 1466 ἐστιν.
3576 1411 3737 1482 Ὁρᾷς

2153 1489 2468 1560 Πνεύματος
2502 1490 2700 1558 ἀξίως
2731 1491 2806 1543 Τὸ
2843 1489 2955 1560 7&9
2981 1489 3075 1544 τοῦ
3104 1491 3240 1546 Θεοῦ
3280 1492 3439 1563 ἔργον
3487 1493 3736 1562 φαίνεται

2154 1573 2358 1628 ποιοῦν.
2398 1573 2678 1645 Ἀνωτέρω
2710 1573 2808 1643 μέν
2828 1568 2921 1626 οῦν
2948 1572 3130 1640 ἔλεγεν
3157 1573 3202 1637 ί,
3229 1575 3309 1628 ὅτι
3342 1576 3437 1628 Ἐκ
3461 1575 3567 1630 τοῦ
3588 1576 3737 1630 Θεοῦ

2152 1656 2586 1726 ἐγεννήθησαν·
2643 1655 2880 1710 ἐνταῦθα.
2928 1656 3007 1717 δὲ,
3049 1658 3130 1710 ὅτι
3168 1657 3229 1711 rb
3274 1657 3496 1728 Πνεῦμα
3543 1660 3739 1724 αὐτοὺς

2154 1740 2336 1809 γεννᾷ.
2370 1740 2439 1793 Τὸ
2458 1739 2913 1808 γεγεννημένον,
2938 1741 3122 1809 φησὶν.
3144 1740 3212 1794 ἐκ
3240 1741 3346 1796 τοῦ
3373 1744 3734 1812 Πνεύματος,

2154 1819 2391 1890 πνεῦμά
2410 1821 2599 1875 ἐστιν.
2623 1824 2688 1875 ’0
2717 1822 2772 1875 δέ
2804 1821 2951 1889 λέγει
2979 1823 3214 1876 τοιοῦτόν
3249 1824 3427 1876 ἐστιν·
3461 1824 3519 1878 '0
3551 1838 3741 1892 γεγενε

2155 1921 2220 1974 νη
2229 1903 2387 1974 μένος
2413 1905 2477 1957 ἐκ
2505 1903 2600 1957 τοῦ
2623 1903 2766 1957 Πνεύ
2775 1921 2964 1975 ματος,
2989 1905 3358 1975 πνευματικός
3381 1907 3515 1960 ἐστι.
3545 1905 3741 1978 Γὲννη-

2157 2004 2242 2040 σιν
2270 1986 2379 2058 7&9
2416 1987 2651 2041 ἐνταῦθα
2679 1988 2741 2040 ού
2778 1988 2878 2058 τὴν
2907 1991 3028 2042 κατ’
3056 1989 3243 2042 οὐσίαν
3276 1989 3448 2058 λέγει,
3478 1990 3614 2044 ἀλλά
3637 1991 3738 2062 τὴν

2157 2072 2298 2124 κατά
2323 2072 2488 2141 τιμήν
2521 2072 2614 2124 καὶ
2639 2071 2818 2141 χάριν.
2853 2071 2915 2124 Εἰ
2938 2071 3114 2124 τοίνυν
3150 2074 3243 2126 καὶ
3270 2075 3298 2126 6
3325 2073 3452 2136 Υίδς
3481 2072 3624 2127 οὕτω
3647 2091 3742 2142 γε-

2159 2155 2434 2224 γέννηται,
2467 2154 2518 2206 τί
2543 2153 2704 2207 πλέον
2732 2154 2841 2218 ἕξει
2869 2153 2977 2206 τῶν
3007 2153 3310 2225 ἀνθρώπων
3337 2155 3443 2207 τῶν
3475 2155 3620 2209 οὕτω
3649 2173 3745 2224 γε·

2160 2239 2547 2307 γεννημένων;
2588 2237 2705 2298 πῶς
2733 2237 2790 2290 δέ
2830 2239 3124 2308 μονογενής
3161 2239 3312 2302 ἐστις
3355 2237 3464 2292 Καὶ
3508 2237 3619 2310 γὰρ
3648 2239 3745 2293 καὶ

2162 2318 2274 2388 ἐγὼ
2305 2324 2369 2373 ἐκ
2403 2320 2537 2374 Θεοῦ
2571 2319 2926 2390 γεγέννημαι,
2952 2319 3066 2374 ἀλλ’
3089 2320 3188 2374 οὐκ
3227 2323 3290 2374 ἐκ
3317 2322 3416 2390 τῆς
3435 2323 3622 2386 οὐσίας
3647 2322 3746 2376 αύ-

2163 2403 2280 2458 τοῦ.
2314 2405 2374 2456 Εἰ
2423 2404 2600 2458 τοίνυν
2643 2405 2779 2476 μηδέ
2818 2404 2978 2468 αὐτὸς
3021 2404 3085 2457 ἐκ
3131 2404 3229 2474 τῆς
3269 2405 3476 2467 οὐσίας,
3506 2405 3558 2458 τί
3604 2405 3746 2458 κατά

2164 2486 2322 2540 τοῦτο
2364 2485 2513 2558 [150]
2559 2488 2862 2559 διενήνοχεν
2904 2487 3096 2558 ήμῶνς
3140 2488 3509 2558 Εὑρεθήσεται
3547 2489 3604 2542 δὲ
3637 2490 3747 2560 ἄρα

2167 2571 2262 2624 καὶ
2305 2569 2397 2623 τοῦ
2441 2570 2579 2622 Πνεύ
2590 2587 2757 2640 ματος
2787 2569 2960 2634 οὕτως
2989 2571 3244 2626 ἐλάττων.
3294 2571 3356 2624 Ἦ
3385 2572 3493 2642 7&9
3525 2572 3746 2643 τοιαύτη

2167 2654 2419 2722 γέννησις
2443 2655 2505 2706 ἐκ
2529 2656 2626 2723 τῆς
2656 2652 2750 2706 τοῦ
2782 2653 3100 2723 Πνεύματος
3130 2654 3341 2722 γίνεται
3364 2656 3600 2725 χάριτος.
3619 2651 3747 2728 'A9‘

2169 2733 2262 2790 οῦν
2311 2737 2398 2789 ἵνα
2435 2737 2570 2807 μένῃ
2604 2737 2749 2800 Υἱὸς,
2786 2737 2885 2807 τῆς
2926 2737 3076 2808 παρά
3103 2737 3197 2790 τοῦ
3240 2739 3554 2808 Πνεύματος
3582 2739 3747 2792 δεῖται

2173 2819 2450 2891 βοηθείας;
2481 2821 2588 2873 Καὶ
2621 2820 2674 2872 τί
2707 2819 2882 2873 ταῦτα
2914 2820 3219 2874 Ἰουδαῐκῶν
3259 2821 3510 2893 διέστηκε
3546 2822 3752 2893 δογμά-

2171 2920 2312 2966 των;
2343 2901 2526 2954 Εἰπὼν
2551 2903 2728 2956 τοίνυν
2759 2904 2787 2954 6
2827 2901 3076 2980 Χριστὸς,
3099 2904 3178 2956 ὅτι
3218 2903 3246 2956 6
3275 2905 3665 2976 γεγεννημένος
3690 2905 3755 2958 ἐκ

2174 2985 2268 3038 τοῦ
2296 2985 2628 3054 Πνεύματος,
2671 2985 2888 3056 πνεῦμά
2924 2989 3090 3040 ἐστιν·
3127 2987 3315 3058 ἐπειδὴ
3363 2987 3754 3060 θορυϐούμενον

2181 3069 2340 3123 πάλιν
2363 3064 2520 3132 εἶδεν,
2553 3069 2643 3121 ἐπὶ
2671 3068 2926 3138 αἰσθητὸν
2947 3069 3296 3140 παράδειγμα
3324 3070 3448 3139 ἀγει
3467 3071 3557 3124 τὸν
3575 3071 3750 3139 λόγον.

2178 3152 2274 3222 Μὴ
2317 3152 2632 3221 θαυμάσῃς
2657 3152 2786 3223 7&9,
2825 3153 3010 3220 φησὶν,
3046 3152 3135 3205 ὅτι
3160 3149 3334 3206 εἶπόν
3373 3170 3493 3216 σοι,
3545 3153 3632 3207 ὅτι
3666 3152 3763 3208 δεῖ

2179 3237 2334 3306 ὑμᾶς
2373 3233 2732 3306 γεννηθῆναι
2765 3233 3013 3288 ἄνωθεν.
3045 3233 3115 3288 Τὸ
3151 3235 3387 3304 πνεῦμα
3417 3236 3569 3290 ὅπου
3602 3236 3756 3290 θέλει

2178 3320 2367 3374 πνέει.
2411 3317 2500 3388 Τῷ
2527 3320 2635 3387 7&9
2661 3319 2856 3383 εἰπεῖν,
2885 3317 2976 3388 Μὴ
3016 3318 3319 3390 θαυμάσῃς,
3358 3319 3628 3372 δείκνυσιν
3661 3318 3759 3372 αύ-

2177 3400 2271 3455 τοῦ
2305 3400 2396 3454 τὸν
2436 3399 2664 3468 θόρυϐον
2710 3398 2812 3468 τῆς
2857 3399 3055 3468 ψυχῆς,
3090 3399 3185 3452 καὶ
3221 3401 3311 3452 ἐπὶ
3345 3401 3406 3452 rb
3435 3400 3761 3472 λεπτότερον

2178 3485 2340 3538 αὑτὸν
2385 3482 2508 3551 άγει
2544 3480 2656 3534 τῶν
2701 3482 2991 3551 σωμάτων.
3029 3481 3148 3535 Τῶν
3186 3484 3283 3553 μέν
3326 3484 3436 3554 7&9
3485 3485 3760 3555 σαρκικῶν

2177 3568 2465 3637 ἀπήγαγεν
2511 3564 2701 3629 εἰπὼν,
2731 3565 2804 3618 Τὸ
2851 3565 3288 3634 γεγεννημένον
3315 3567 3383 3620 ἐκ
3419 3568 3525 3622 τοῦ
3574 3569 3762 3622 Πνεύ-

2173 3667 2380 3720 ματος,
2425 3647 2660 3717 πνεῦμὰ
2699 3648 2889 3702 ἐστιν.
2936 3649 3153 3720 Ἐπειδὴ
3184 3649 3240 3702 δὲ
3271 3649 3369 3702 οὐκ
3399 3650 3516 3720 ᾔδει
3544 3651 3596 3703 τί
3632 3667 3761 3704 ποτε

2178 3733 2325 3788 ἐστὶν
2371 3733 2398 3784 ὃ
2432 3748 2615 3802 φησιν,
2646 3729 2720 3782 Τὸ
2749 3731 3146 3801 γεγεννημένον
3189 3734 3252 3784 ἐκ
3281 3730 3376 3784 τοῦ
3423 3732 3759 3804 Πνεύματος,

2179 3815 2398 3885 πνεῦμά
2431 3816 2598 3878 ἐστιν,
2633 3812 2820 3866 λοιπὸν
2863 3812 3024 3867 αὐτὸν
3071 3814 3207 3884 πρὸς
3238 3814 3430 3884 ἑτέραν
3462 3816 3763 3886 μεταφέρει

2179 3898 2382 3961 εἰκόνα,
2417 3895 2540 3950 οὔτε
2574 3897 2599 3936 ⁸
2625 3897 2703 3958 είς
2724 3893 2822 3966 τὴν
2849 3894 2955 3948 τῶν
2988 3896 3254 3965 σωμάτων
3283 3897 3428 3964 ἄγων
3451 3896 3761 3968 παχύτητα,

2177 3982 2301 4036 οὗτε
2332 3981 2460 4052 περί
2485 3980 2792 4051 ἀσωμάτων
2814 3977 3067 4050 καθαρῶς
3088 3979 3466 4049 διαλεγόμενος
3488 3982 3626 4042 (οὐδὲ
3655 3983 3766 4054 7&9

2180 4065 2402 4119 ἐδύνατο
2430 4063 2645 4118 ἀκούων
2674 4065 2871 4134 χωρεῖν
2906 4059 2932 4098 ³³
2963 4064 3216 4130 ἐκεῖνος),
3239 4063 3352 4115 ἀλλ’
3379 4063 3554 4134 εὑρών
3579 4081 3632 4116 τι
3664 4065 3768 4134 μέ-

2183 4167 2273 4204 σον
2316 4149 2564 4219 σιὶιματός
2611 4164 2672 4200 τε
2720 4148 2812 4200 καὶ
2849 4147 3162 4216 ἀσωμάτου,
3197 4145 3296 4217 τήν
3321 4145 3416 4200 τοῦ
3443 4148 3644 4217 ἀνέμου
3670 4164 3769 4217 φο-

2185 4234 2304 4304 ράν,
2346 4231 2594 4285 ἐντεῦθεν
2625 4230 2786 4284 αὑτὸν
2813 4230 3024 4298 ἀνάγει.
3073 4231 3207 4301 Περί
3236 4230 3343 4300 γὰρ
3381 4230 3544 4284 αὑτοῦ
3578 4231 3768 4299 φησιν,

2181 4316 2263 4369 ὅτι
2324 4314 2444 4383 Τὴν
2497 4311 2708 4382 φωνὴν
2761 4311 2950 4367 αὑτοῦ
2985 4312 3246 4379 ἀκούεις,
3287 4313 3559 4366 ἀλλὀὐκ
3598 4308 3769 4379 οἶδας

2183 4401 2368 4453 πόθεν
2415 4397 2668 4467 ἔρχεται,
2729 4395 2829 4451 καί
2886 4393 3005 4450 ποῦ
3058 4395 3290 4466 ὑπάγει.
3338 4396 3403 4450 Ei
3449 4395 3505 4449 δὲ
3549 4395 3698 4464 λέγει
3722 4394 3769 4461 ί,

2185 4482 2358 4536 Ὅπου
2392 4480 2534 4534 θέλει
2553 4481 2700 4544 πνεῖ,
2727 4479 2825 4549 οὺχ
2845 4478 2920 4542 ὼς
2944 4478 3261 4550 προαίρεσίν
3288 4495 3409 4532 τινα
3437 4478 3533 4532 τοῦ
3561 4479 3770 4548 ἀνέμου

2185 4564 2397 4636 ἔχοντος
2425 4565 2573 4632 λέγει
2601 4563 2775 4626 τοῦτο,
2803 4563 2941 4616 ἀλλὰ
2966 4563 3065 4634 τὴν
3097 4563 3206 4617 ἀπὸ
3231 4562 3444 4633 φύσεως
3469 4561 3642 4632 φοράν
3668 4564 3775 4632 τὴν

2184 4649 2461 4704 ἀκώλυτον
2503 4649 2595 4703 καὶ
2638 4649 2757 4719 μετ’
2795 4645 3042 4712 ἐξουσίας
3078 4646 3372 4719 γινομένην
3419 4646 3615 4718 δηλῶν.
3646 4641 3776 4699 Οἵδε

2185 4735 2294 4805 γάρ
2316 4736 2349 4804 ὴ
2377 4733 2564 4804 Γραφὴ
2588 4732 2681 4786 καὶ
2708 4729 2960 4801 περὶτῶν
2982 4729 3204 4801 ἀψύχων
3233 4730 3376 4786 οὕτω
3404 4729 3776 4798 διαλέγεσθαι,

2185 4815 2259 4878 ὡς
2279 4816 2407 4869 ὅταν
2437 4815 2592 4888 λέγῃ·
2633 4813 2711 4881 Τῇ
2751 4814 2860 4884 γὰρ
2892 4815 3241 4883 ματαιότητι
3267 4815 3304 4883 ἡ
3339 4813 3537 4878 κτίσις
3554 4812 3782 4868 ὑπετά-

2187 4916 2260 4968 γη
2326 4900 2439 4967 οὐχ
2493 4897 2740 4952 ἑκοῦσα.
2798 4895 2872 4951 Τὸ
2899 4891 3012 4960 οὖν,
3065 4896 3249 4951 Ὅπου
3307 4896 3466 4952 θέλει
3503 4894 3660 4958 πνεῖ,
3715 4896 3784 4947 rb

2191 4979 2491 5034 άκάθεκτόν
2521 4981 2636 5033 ἐστι
2666 4979 2973 5050 δηλοῦντος,
3003 4979 3098 5032 καὶ
3139 4979 3221 5033 ὅτι
3267 4979 3532 5050 διαχεῖται
3571 4995 3786 5032 παντα-

2189 5062 2308 5134 χοῦ,
2357 5064 2452 5118 κα)⁸
2499 5065 2528 5117 6
2570 5062 2795 5116 κωλύων
2834 5062 3009 5125 οὐδεὶς
3058 5061 3184 5132 τῇδε
3225 5062 3448 5115 κάκεῖσε
3489 5060 3781 5132 φέρεσθαι·

2192 5148 2327 5202 ἀλλὰ
2363 5147 2502 5218 μετά
2536 5145 2550 5196 i
2604 5146 2805 5216 πολλῆς
2845 5145 2950 5215 τῆς
2993 5143 3240 5210 ἐξουσίας
3275 5143 3647 5211 σκεδάννυται,
3684 5145 3790 5200 καὶ

2190 5231 2362 5294 οὐδεὶς
2387 5233 2415 5284 6
2444 5229 2642 5300 ἰσχύων
2667 5229 3020 5301 παρατρέψαι
3052 5228 3150 5299 τὴν
3182 5227 3360 5298 ῥύμην
3385 5227 3577 5282 αὑτοῦ.

2264 5314 2327 5384 β’.
2358 5314 2470 5368 Καὶ
2491 5315 2606 5382 τὴν
2637 5313 2847 5384 φωνὴν
2865 5311 3052 5366 αὑτοῦ
3079 5311 3345 5374 ἀκούεις·
3375 5311 3644 5374 τουτέστι,
3684 5312 3793 5366 τὸν

2193 5398 2458 5466 πάταγον,
2474 5397 2565 5450 τὸν
2591 5397 2814 5451 κτύπον·
2845 5396 2982 5450 ἀλλ’
2999 5397 3109 5450 οὐκ
3130 5390 3293 5460 οἶδας
3313 5394 3500 5449 ,πόθεν
3516 5394 3788 5462 ἔρχεται,

2194 5481 2292 5536 καί
2317 5481 2434 5536 ποῦ
2464 5479 2700 5550 ὑπάγει.
2739 5480 2937 5544 Οὕτως
2969 5477 3104 5532 ἐστὶ
3133 5475 3252 5544 πᾶς
3285 5480 3317 5530 ὁ
3346 5475 3791 5546 γεγεννημένος

2193 5565 2262 5619 ἐκ
2286 5564 2391 5618 τοῦ
2427 5565 2793 5634 Πνεύματος,
2839 5559 3105 5616 Ἑνταῦθά
3150 5562 3266 5614 ἐστι
3307 5559 3368 5612 rb
3405 5559 3792 5630 συμπέρασμα

2255 5695 2279 5724 ο
2305 5685 2402 5733 Alii
2443 5686 2746 5746 γεννώμενον.
2821 5680 2840 5719 ί
2870 5681 3016 5730 Savil.
3050 5683 3132 5743 μὲν
3163 5682 3252 5744 γάρ
3290 5697 3450 5742 φησιν.
3521 5681 3545 5719 3
3571 5679 3789 5740 Quidam

2191 5745 2374 5795 habent
2394 5746 2608 5806 ἀπάγων,
2634 5746 2777 5793 εἰπὼν
2803 5745 2854 5806 δὲ
2877 5745 2989 5806 ὁτ.
3007 5744 3155 5806 ἐστιν,
3183 5743 3286 5806 ἄγει
3320 5742 3461 5790 αὐτὸν
3497 5742 3573 5790 ἐπὶ
3595 5742 3653 5806 τά
3674 5757 3760 5806 σε.»

2191 5803 2513 5873 ματικιίζτερα,
2539 5807 2662 5854 οὔτε.
2707 5809 2760 5873 ἰι
2783 5805 2926 5873 ᾼίἱιιε
2959 5803 3149 5873 ἀκούων
3176 5803 3296 5873 πολὺ
3317 5809 3569 5873 χωρῆσαι.
3642 5803 3797 5873 i352-

2191 5860 2271 5934 ‘vii.
2286 5869 2342 5934 ἂν
2364 5868 2414 5934 δέ
2429 5860 2564 5934 λέγῃ.
2583 5868 3009 5934 ξυερὶςαιυιτχετο.
3025 5866 3287 5934 Ιοειςιισιιιη
3311 5860 3422 5934 ὅταν
3445 5865 3494 5912 δὲ
3516 5866 3644 5927 λέγῃ.
3671 5860 3795 5912 Μο-

2094 5963 2104 5972 -
2189 5930 2276 5979 rel.
2303 5929 2340 5977 εἰ
2364 5923 2548 5990 δὲλέγέι
2589 5923 2738 5979 bule.
2810 5923 3030 6001 iiicrcl.
3059 5923 3134 5974 κάξ
3161 5927 3245 5987 γειρ
3269 5925 3400 5986 μετά.
