4012 6198
231 322 330 376 153

1582 535 1924 595 HOMILIA
1962 536 2201 596 XXVI.

225 687 254 742 6
318 683 473 749 Quod
503 696 677 736 uatum
708 693 780 735 est
813 700 876 736 ex
915 700 1092 746 carne,
1124 698 1242 736 caro
1269 691 1373 744 est;
1399 691 1444 734 et
1487 679 1622 747 quod
1649 687 1823 731 uatum

625 786 697 828 est
737 791 800 828 ea:
842 773 1061 844 Spiritu,
1090 775 1300 840 spiritus
1320 782 1410 826 est.

300 913 353 964 1.
401 909 607 980 Magnis
655 926 754 964 nos
797 909 1069 980 mysteriis
1100 909 1348 978 dignatus
1393 917 1477 964 est
1521 908 1822 978 unigenitus

229 1002 285 1055 Fi
313 1003 401 1054 ius
445 1003 578 1065 Dei;
626 1001 870 1072 magnis,
916 1012 970 1056 et
1017 1002 1214 1072 quibus
1239 1002 1382 1072 digni
1421 1017 1526 1056 non
1574 1017 1808 1067 eramus,

229 1091 324 1144 sed
359 1107 482 1161 qua:
511 1091 738 1146 decebat
778 1092 925 1145 illum
972 1091 1122 1147 dare.
1156 1091 1287 1146 Nam
1339 1093 1382 1146 si
1416 1092 1601 1146 merita
1643 1101 1822 1146 nostra

228 1184 352 1251 quis
382 1192 617 1252 reputet,
664 1198 769 1237 non
801 1182 973 1238 solum
1017 1183 1160 1237 dono
1202 1199 1416 1238 eramus
1461 1183 1683 1252 indigni,
1728 1182 1822 1237 sed

230 1276 501 1345 supplicio
539 1286 595 1330 et
638 1276 822 1332 ultioni
867 1277 1104 1330 obnoxii.
1147 1276 1251 1332 Sed
1299 1277 1348 1331 id
1399 1291 1501 1330 non
1533 1277 1824 1345 respiciens

232 1369 323 1422 ille
348 1410 363 1430 .
395 1383 504 1422 non
553 1369 717 1424 modo
744 1384 843 1423 nos
867 1385 894 1422 a
927 1369 1190 1439 supplicio
1221 1369 1481 1436 liberavit,
1524 1369 1618 1424 sed
1660 1371 1822 1424 vitam

231 1461 457 1530 largitus
474 1469 558 1514 est
583 1461 747 1530 priori
773 1462 930 1530 longe
956 1462 1256 1525 clariorem;
1283 1462 1334 1515 in
1366 1461 1526 1515 alium
1557 1477 1654 1515 nos
1671 1477 1827 1515 mun-

230 1550 356 1603 dum
384 1552 616 1615 induxit,
648 1551 804 1605 aliam
834 1552 1069 1606 condidit
1099 1562 1397 1606 creaturam
1425 1570 1437 1604 :
1470 1552 1532 1606 Si
1560 1569 1660 1620 qua
1692 1553 1825 1606 enim

231 1644 282 1695 in
310 1641 519 1696 Christo
561 1658 690 1695 nova
729 1654 962 1695 creatura
993 1642 1066 1712 (9..
1099 1645 1215 1696 Cor.
1248 1643 1445 1712 5.17),
1481 1643 1668 1712 inquit.
1696 1643 1826 1710 Qua:

233 1749 376 1788 nova
401 1733 687 1787 creatura?
729 1733 865 1786 Audi
896 1734 1069 1800 ipsmn
1097 1751 1110 1785 :
1141 1732 1258 1786 Nisi
1279 1735 1388 1802 quis
1417 1743 1565 1786 natus
1585 1735 1735 1802 fuerit
1765 1750 1828 1787 ea:

231 1843 366 1890 aqua
390 1837 437 1880 et
464 1825 691 1895 Spiritu,
726 1841 824 1878 nou
852 1825 1030 1894 poterit
1059 1825 1246 1877 intrare
1267 1825 1318 1876 iu
1347 1841 1556 1894 regnum
1587 1823 1702 1878 Dei.
1729 1825 1826 1878 Pa-

233 1918 447 1971 radisus
479 1916 637 1971 nobis
655 1913 1002 1970 concreditns
1031 1916 1124 1970 fuit
1157 1919 1171 1947 ¹
1200 1959 1214 1982 ,
1249 1932 1422 1986 neque
1455 1917 1598 1986 digni
1631 1916 1826 1971 fuimus

233 2011 323 2078 qui
348 2009 461 2062 illic
488 2023 853 2074 versaremur,
883 2019 933 2062 ct
963 2009 1016 2062 in
1047 2008 1232 2062 cadum
1253 2025 1348 2062 nos
1369 2010 1583 2064 extulit.
1610 2008 1665 2062 In
1685 2009 1828 2079 prio-

235 2102 386 2156 ribus
409 2101 594 2156 ﬁdeles
612 2116 717 2155 non
741 2101 1032 2166 fueramus,
1055 2111 1107 2155 et
1136 2101 1335 2172 majora
1365 2112 1541 2158 tatnen
1567 2104 1780 2158 tradidit
1807 2121 1821 2157 :

235 2207 341 2245 non
377 2191 652 2262 potuimus
690 2192 758 2247 ab
794 2206 902 2246 uno
929 2192 1198 2247 abstinere
1238 2193 1380 2263 ligno
1405 2233 1420 2258 ,
1467 2201 1522 2248 et
1569 2209 1829 2263 supernas

236 2283 471 2352 przebnit
502 2282 722 2338 delicias
751 2299 767 2340 :
801 2284 854 2338 in
897 2283 1143 2352 paradiso
1186 2300 1292 2338 non
1334 2285 1823 2354 perseveravimus,

235 2384 293 2429 et
326 2374 498 2428 czulos
528 2373 682 2427 nobis
701 2374 922 2444 aperuit.
944 2373 1074 2428 Jure
1105 2374 1239 2428 dixit
1261 2375 1458 2430 Paulus
1490 2393 1503 2428 :
1538 2375 1583 2430 0
1611 2375 1827 2429 altitudo

233 2471 546 2524 divitiarum
575 2470 830 2538 sapientia
867 2478 914 2522 et
951 2469 1173 2522 scientiis
1205 2469 1299 2524 Dei
1344 2470 1531 2541 (Rom.
1561 2471 1647 2526 11.
1676 2471 1784 2541 55)
1811 2474 1824 2526 !

236 2561 356 2616 Non
391 2560 533 2614 ultra
575 2569 760 2623 mater,
794 2575 900 2614 non
943 2560 1078 2615 ultra
1110 2569 1294 2629 partus
1318 2601 1330 2624 ,
1360 2576 1466 2614 non
1487 2561 1694 2626 somni,
1723 2577 1826 2617 non

237 2653 560 2709 concubitus
585 2665 638 2708 et
666 2653 944 2723 amplexus
976 2670 989 2706 :
1023 2668 1234 2707 sursum
1264 2653 1475 2707 tandem
1501 2663 1704 2707 natura:
1726 2669 1825 2707 no-

237 2755 363 2800 stra
396 2746 602 2800 texitur
627 2744 898 2814 Opiﬁcium
925 2761 987 2798 ex
1006 2743 1204 2814 Spiritu
1228 2754 1280 2798 et
1300 2759 1455 2812 aqua.
1482 2745 1630 2814 Aqua
1648 2753 1826 2799 autem

240 2848 514 2906 assumpta
546 2845 633 2890 est
657 2876 672 2899 ,
705 2845 889 2904 partus
912 2837 1090 2906 genito
1121 2835 1278 2891 facta.
1306 2834 1457 2903 Quod
1499 2844 1583 2890 est
1631 2838 1824 2890 matrix

241 2927 544 2999 embryoni,
580 2927 681 2981 hoc
712 2937 797 2982 est
823 2942 958 2998 aqua
982 2927 1121 2982 ﬁdeli
1149 2944 1163 2981 :
1191 2927 1243 2981 in
1275 2942 1408 2997 aqua
1441 2927 1582 2982 enim
1616 2926 1829 2998 ﬁngitur

241 3033 291 3076 et
319 3021 602 3074 formatur.
632 3019 868 3074 Primum
904 3018 1214 3074 dicebatur:
1243 3017 1536 3072 Producant
1574 3035 1718 3089 aqua:
1745 3035 1826 3073 re-

239 3114 360 3183 ptile
384 3113 572 3165 animi:
594 3112 801 3165 uiuentis
825 3109 977 3180 (Gen.
999 3112 1050 3165 1.
1068 3109 1160 3180 20)
1186 3127 1199 3175 ;
1227 3126 1291 3166 ex
1314 3125 1419 3181 quo
1442 3122 1617 3166 autem
1641 3111 1829 3166 larda-

241 3207 322 3261 nis
345 3205 544 3260 ﬂuenta
571 3206 844 3276 ingressus
869 3214 950 3259 est
977 3204 1252 3270 Dominus,
1289 3219 1394 3258 non
1449 3205 1678 3275 amplius
1733 3220 1822 3259 re-

241 3304 388 3372 ptilia
441 3303 740 3356 animarum
797 3301 1107 3366 viventium,
1141 3299 1234 3355 sed
1287 3299 1492 3353 animas
1541 3298 1829 3353 rationales

241 3393 504 3464 Spiritum
532 3403 778 3448 sanctum
824 3393 1054 3447 ferentes
1100 3406 1234 3462 aqua
1278 3391 1540 3461 producit.
1583 3391 1659 3444 Ac
1688 3389 1826 3460 quod

236 3487 306 3543 de
332 3487 450 3541 sole
489 3485 691 3541 dictum
721 3496 840 3552 est,
873 3484 1150 3555 Tamquam
1191 3501 1407 3555 sponsus
1453 3483 1726 3552 procedens
1767 3483 1830 3536 de

241 3579 470 3632 thalamo
505 3595 599 3632 suo
634 3576 804 3652 (Psal.
838 3577 923 3632 18.
954 3575 1048 3645 6);
1084 3577 1133 3630 id
1169 3575 1236 3630 de
1277 3575 1522 3630 ﬁdelibus
1561 3573 1672 3644 jam
1723 3573 1826 3628 dici

243 3672 430 3737 possit,
457 3671 547 3740 qui
597 3669 989 3740 splendidiores
1011 3683 1168 3739 quam
1208 3667 1287 3722 sol
1319 3665 1575 3723 emittunt
1625 3664 1825 3720 radios.

242 3763 349 3819 Sed
378 3762 520 3831 quod
550 3761 605 3815 in
648 3761 801 3815 vulva
834 3760 1093 3814 formatur
1117 3801 1133 3826 ,
1177 3767 1419 3828 tempore
1457 3771 1590 3826 opus
1634 3756 1824 3822 habet;

241 3856 294 3910 in
325 3870 462 3924 aqua
495 3867 624 3908 vero
670 3867 774 3906 non
804 3852 915 3915 sic,
965 3851 1061 3905 sed
1117 3864 1224 3904 uno
1274 3848 1531 3918 temporis
1561 3857 1830 3903 momento

239 3949 374 4002 fiunt
403 3946 608 4000 omnia.
640 3943 737 3998 Ubi
764 3943 906 3997 cuitu
939 3941 1076 3996 ﬁuxa
1119 3941 1222 3996 vita
1252 3956 1315 3996 ex
1344 3954 1600 4010 corporea
1641 3954 1826 3993 corru-

239 4043 426 4109 ptione
455 4037 772 4108 principium
792 4035 972 4100 habet,
988 4047 1165 4088 moras
1191 4033 1352 4087 trahit
1373 4031 1424 4087 id
1454 4031 1595 4100 quod
1625 4031 1830 4100 paritur

240 4130 402 4201 (talis
429 4128 631 4198 quippe
657 4135 740 4181 est
761 4139 1047 4196 corporum
1079 4131 1264 4178 natura
1292 4141 1304 4176 :
1333 4131 1572 4190 tempore
1601 4120 1684 4174 illa
1710 4136 1831 4190 per-

243 4225 532 4280 fectionem
563 4221 868 4292 acquirunt)
898 4238 912 4274 :
941 4218 1236 4289 spiritualia
1284 4231 1411 4271 vero
1439 4231 1544 4269 non
1582 4215 1679 4269 sic.
1723 4213 1828 4269 Sed

243 4317 406 4388 quid?
439 4317 487 4370 Δ
517 4315 779 4386 principio
809 4313 1041 4382 perfecta
1072 4320 1212 4365 sunt.
1235 4309 1427 4364 Verum
1454 4309 1578 4379 quia
1609 4307 1832 4362 Nieode-

245 4425 361 4464 Inus
408 4409 529 4462 hac
559 4406 871 4475 frequenter
915 4404 1137 4458 audiens
1168 4399 1498 4464 tnrbabatur,
1531 4399 1649 4455 vide
1693 4413 1829 4468 quo-

244 4500 400 4554 modo
427 4498 530 4568 ipsi
559 4497 799 4568 mysterii
849 4509 1100 4549 arcanum
1125 4492 1350 4562 aperiat,
1383 4499 1436 4545 et
1479 4490 1679 4546 clarum
1707 4489 1830 4544 red-

245 4595 331 4649 dat
359 4593 410 4648 id
436 4591 581 4661 quod
612 4592 896 4644 obscurum
927 4599 1082 4643 antea
1104 4597 1218 4642 erat
1236 4627 1250 4652 ,
1285 4601 1404 4640 cum
1433 4584 1506 4639 ait
1537 4601 1550 4636 :
1578 4584 1726 4650 Quod
1747 4600 1833 4637 na-

247 4697 346 4738 tus
367 4694 442 4738 est
470 4699 534 4736 ex
553 4697 726 4745 carne,
750 4697 869 4732 caro
896 4689 1004 4742 est;
1026 4688 1072 4733 et
1092 4678 1226 4746 quod
1246 4688 1421 4730 nataui
1443 4685 1512 4729 est
1535 4691 1596 4729 ex
1610 4674 1826 4745 Spiritu,

248 4779 455 4846 spiritus
498 4785 594 4828 est.
623 4773 800 4842 Ipsum
829 4771 1042 4826 abducit
1065 4787 1093 4825 a
1121 4771 1281 4826 rebus
1311 4770 1556 4824 omnibus
1583 4769 1680 4824 sub
1709 4782 1833 4823 sen-

250 4888 359 4924 sum
393 4867 744 4931 cadentibus,
779 4880 951 4935 neque
984 4865 1110 4918 sinit
1137 4864 1411 4933 corporeis
1432 4861 1603 4915 oculis
1633 4869 1834 4932 mystc-

252 4962 318 5013 ria
347 4957 611 5014 scrutari.
657 4955 773 5010 Non
801 4956 867 5009 de
886 4970 1080 5019 carne,
1112 4954 1313 5022 inquit,
1354 4951 1688 5016 disserimus,
1738 4949 1832 5005 scd

251 5051 309 5105 de
341 5049 582 5122 spiritu,
635 5063 669 5101 ο
703 5045 1011 5102 Nicodeme.
1057 5045 1271 5100 Interim
1315 5059 1437 5099 enm
1485 5043 1551 5098 ad
1602 5057 1832 5112 superna

253 5142 586 5197 transmittit.
620 5138 762 5194 Nihil
792 5152 919 5208 ergo
957 5137 1152 5192 sensile
1181 5150 1390 5207 quarras
1421 5153 1433 5188 :
1463 5150 1585 5190 nam
1606 5134 1832 5204 Spiritus

251 5235 322 5287 his
351 5233 530 5287 oculis
560 5246 666 5285 non
697 5230 1019 5300 percipitur:
1049 5243 1219 5298 neque
1241 5236 1395 5298 putes
1433 5225 1573 5296 quod
1617 5239 1831 5280 carnem

250 5325 482 5393 Spiritus
512 5323 704 5392 pariat.

543 5427 666 5465 coro
705 5410 956 5481 quomodo
999 5419 1137 5463 nata.
1174 5407 1461 5478 Explicatio
1488 5406 1647 5472 illius,
1680 5404 1831 5473 Quod

251 5515 429 5560 unum
461 5514 545 5560 est
574 5518 637 5557 ex
666 5502 876 5572 spiritu,
895 5501 1114 5571 spiritus
1131 5508 1232 5565 est,
1252 5511 1298 5552 et
1317 5498 1478 5564 illius,
1498 5497 1725 5567 Spiritus
1743 5495 1830 5548 ubi

253 5654 562 5779 ‘gﬁm
596 5656 802 5710 Calices
831 5657 1013 5708 habent
1055 5669 1070 5705 :
1105 5663 1143 5706 ε
1179 5653 1469 5718 possessione
1509 5657 1658 5703 terra:
1697 5647 1836 5702 exci-

1268 319 1330 374 ΙΝ
1367 318 1678 376 JOANNEM
1722 319 1949 376 ilOMIL.
1995 320 2184 376 XXVI.
2229 322 2300 377 al.
2343 320 2512 376 XXV.

3409 323 3507 379 15-6

3275 462 3508 478 ηιμ-αμα.

1931 676 2043 729 vult
2071 677 2332 745 spirat.—
2352 677 2630 744 Quomodo
2659 695 2806 748 ergo,
2835 681 3029 737 dixerit
3057 685 3190 740 forte
3228 686 3514 756 quispiam,

1933 767 2161 832 Domini,
2196 783 2322 823 caro
2363 780 2482 824 nata
2522 772 2646 824 est?
2672 771 2786 826 Non
2835 789 2862 824 a
2906 773 3106 843 Spirittt
3138 784 3376 841 tantum,
3419 777 3512 830 sed

1929 860 2088 913 etiam
2135 875 2165 914 a
2195 876 2388 922 carne;
2433 861 2576 932 quod
2605 862 2800 917 Paulus
2851 865 2932 918 his
2973 867 3148 920 verbis
3195 868 3464 937 significat
3500 885 3513 921 :

1932 948 2149 1004 Factum
2176 967 2239 1004 ea:
2263 952 2500 1020 muliere,
2537 957 2729 1024 factum
2751 956 2841 1009 sub
2869 957 2975 1027 lege
2996 956 3135 1027 (Gal.
3164 959 3218 1013 4.
3244 959 3318 1029 4).
3345 959 3515 1028 Spiri-

1931 1051 2016 1095 tus
2047 1045 2188 1097 enim
2213 1044 2358 1099 illam
2380 1045 2457 1099 sic
2479 1044 2747 1111 formavit,
2773 1063 2878 1101 non
2911 1063 2974 1102 ex
3005 1049 3173 1102 nihilo
3203 1066 3214 1101 :
3247 1065 3364 1102 nam
3387 1048 3514 1119 quid

1929 1148 2063 1203 opus
2089 1134 2274 1190 fuisset
2295 1136 2486 1191 vulva?
2515 1137 2609 1192 sed
2651 1153 2714 1192 ex
2747 1139 2981 1209 virginea
3012 1155 3173 1195 carne
3205 1161 3217 1195 :
3246 1150 3516 1212 quomodo

1930 1236 2131 1294 autem,
2163 1244 2267 1282 non
2303 1243 2517 1298 possum
2549 1230 2836 1299 explicare.
2862 1228 2992 1284 Illud
3022 1247 3180 1300 porro
3199 1232 3388 1287 factum
3410 1242 3513 1296 est,

1931 1337 1998 1375 ne
2017 1322 2135 1391 quis
2158 1322 2392 1376 alienum
2419 1338 2447 1376 a
2477 1333 2664 1376 natura
2697 1332 2876 1376 nostra
2909 1331 3118 1393 partum
3152 1325 3295 1378 illum
3323 1325 3511 1379 existi-

1931 1420 2120 1465 maret.
2152 1411 2282 1464 Nam
2311 1412 2353 1466 si
2386 1428 2442 1466 re
2472 1413 2549 1467 sic
2579 1421 2726 1481 gesta
2747 1453 2764 1478 ,
2797 1422 2919 1466 sunt
2961 1423 3135 1466 tamen
3166 1414 3377 1482 quidam
3424 1413 3513 1484 qui

1933 1500 2094 1554 talem
2124 1516 2228 1554 non
2251 1500 2479 1554 credunt
2507 1502 2945 1571 generationem;
2973 1502 3072 1554 nisi
3103 1502 3376 1571 virginalis
3397 1519 3516 1557 car-

1932 1591 2012 1643 nis
2042 1591 2312 1660 particeps
2343 1589 2550 1655 fuisset,
2583 1606 2689 1660 qno
2718 1606 2822 1644 non
2851 1592 3219 1660 prorupissent
3265 1593 3513 1661 impieta-

1932 1682 2043 1736 tis?
2079 1681 2226 1748 Quod
2272 1691 2444 1736 natunt
2483 1693 2552 1736 est
2581 1699 2641 1736 ea:
2672 1682 2906 1752 Spiritu,
2951 1683 3160 1752 spiritus
3202 1693 3293 1736 est.
3329 1683 3515 1742 Viden‘,

1932 1772 2161 1842 Spiritus
2193 1773 2538 1842 dignitatem?
2567 1773 2696 1828 Nam
2727 1774 2820 1828 Dei
2851 1789 2986 1844 opus
3013 1774 3102 1828 ille
3127 1774 3312 1830 efﬁcit.
3343 1775 3514 1844 Supra

1930 1867 2161 1930 dicebat,
2189 1866 2270 1921 Ea:
2303 1867 2410 1922 Deo
2437 1869 2540 1920 uati
2562 1877 2676 1921 sunt
2701 1884 2720 1931 ;
2749 1867 2837 1921 hic
2866 1882 2991 1921 vero
3013 1868 3146 1921 dixit
3169 1869 3312 1935 ipsos
3336 1883 3364 1921 a
3393 1868 3515 1937 Spi-

1931 1965 2036 2014 ritu
2065 1961 2208 2032 gigni
2240 1978 2252 2014 :
2291 1961 2441 2027 Quod
2471 1972 2644 2014 uatum
2669 1970 2822 2015 estea:
2844 1961 3064 2030 Spiritu,
3090 1963 3297 2031 spiritus
3323 1975 3431 2026 est;
3463 1963 3514 2018 id

1931 2059 2034 2116 est,
2063 2050 2162 2118 Qui
2191 2059 2346 2106 natus
2375 2059 2459 2105 est
2485 2067 2549 2106 ex
2580 2052 2801 2120 Spiritu,
2825 2051 3114 2120 spiritualis
3141 2063 3241 2106 est.
3273 2052 3512 2107 Genera-

1935 2141 2133 2194 tionem
2155 2141 2352 2211 quippe
2382 2140 2470 2195 hic
2515 2155 2620 2195 non
2656 2142 2946 2196 secundum
2978 2141 3328 2195 substantiam
3359 2144 3510 2207 dicit,

1932 2231 2026 2285 sed
2056 2231 2347 2286 secundum
2377 2231 2634 2286 honorem
2663 2239 2717 2285 et
2751 2232 2994 2302 gratiam.
3027 2231 3082 2286 Si
3112 2247 3239 2300 ergo
3269 2231 3407 2284 filius
3437 2232 3514 2285 sic

1933 2331 2092 2376 natus
2118 2331 2218 2388 est,
2253 2321 2378 2392 quid
2408 2322 2636 2391 amplius
2666 2320 2886 2374 habebit
2923 2337 3082 2391 quam
3108 2323 3285 2376 cieteri
3333 2321 3513 2376 homi-

1933 2428 2052 2478 nes,
2101 2413 2191 2484 qui
2244 2414 2313 2467 ita
2358 2415 2467 2468 nati
2511 2411 2672 2467 sunt?
2723 2412 2993 2482 quomodo
3035 2412 3352 2483 Unigenitus
3399 2414 3513 2468 est?

1933 2503 2064 2558 Nam
2094 2512 2148 2558 et
2176 2518 2276 2574 ego
2305 2519 2368 2560 ex
2400 2504 2509 2559 Deo
2533 2511 2689 2559 natus
2722 2517 2861 2567 sum,
2892 2503 2984 2558 sed
3026 2519 3129 2558 non
3158 2519 3221 2558 ex
3250 2504 3364 2572 ejus
3389 2505 3514 2560 sub-

1932 2595 2146 2649 stantia.
2199 2593 2252 2649 Si
2285 2609 2414 2665 ergo
2457 2609 2631 2664 neque
2672 2595 2784 2663 ipse
2831 2609 2896 2648 ex
2927 2593 3042 2664 ejus
3082 2594 3375 2648 substantia
3402 2635 3417 2659 ,
3460 2594 3512 2647 in

1933 2700 2039 2755 quo
2087 2685 2264 2740 dill'ert
2301 2700 2331 2739 a
2365 2685 2554 2741 nobis?
2579 2685 2667 2740 Sic
2702 2701 2914 2756 quoque
2939 2684 3136 2754 Spiritu
3166 2699 3338 2738 mmor
3364 2700 3511 2740 mve-

1934 2777 2128 2831 nietur.
2161 2775 2292 2830 Nam
2325 2775 2626 2845 hujusmodi
2655 2777 2930 2845 generatio
2959 2777 3016 2829 ﬁt
3036 2791 3098 2830 ex
3133 2775 3361 2845 Spiritus
3390 2789 3514 2844 gra-

1937 2868 2028 2923 tia.
2052 2867 2188 2922 Num
2211 2882 2340 2937 ergo
2367 2876 2422 2920 ut
2450 2866 2618 2921 Filius
2645 2875 2875 2929 maneat,
2899 2865 3130 2936 Spiritus
3155 2865 3351 2918 auxilio
3380 2878 3514 2932 opus

1933 2956 2131 3013 habet?
2154 2957 2353 3027 Ecquid
2373 2958 2486 3011 hmc
2511 2971 2540 3009 a
2559 2955 2778 3011 Iudaica
2805 2956 3040 3010 doctrina
3071 2955 3314 3008 differunt
3331 2955 3356 3006 1
3381 2954 3512 3009 Cum

1932 3049 2156 3105 dixisset
2185 3064 2312 3118 ergo
2336 3048 2604 3112 Christus,
2632 3047 2731 3112 Qui
2763 3056 2916 3100 natus
2941 3055 3023 3100 est
3063 3061 3125 3100 ex
3149 3046 3370 3114 Spiritu,
3400 3045 3514 3114 spi-

1933 3141 2069 3195 ritus
2099 3149 2212 3206 est;
2243 3137 2385 3208 quod
2418 3138 2686 3192 turbatum
2733 3137 2877 3190 illum
2920 3135 3092 3190 adhuc
3134 3145 3401 3201 cerneret,
3446 3135 3515 3189 ad

1932 3229 2186 3288 sensibile
2224 3228 2527 3296 exemplum
2561 3226 2915 3298 progreditur.
2945 3227 2998 3279 7.
3033 3223 3116 3279 Ne
3162 3225 3356 3278 mireris
3377 3266 3392 3291 ,
3430 3225 3513 3278 in-

1931 3325 2066 3396 quit,
2111 3323 2228 3392 quit:
2259 3323 2367 3376 dixi
2407 3321 2514 3387 tibi,
2545 3319 2754 3390 Oportet
2779 3335 2868 3372 nos
2891 3319 3030 3372 nasci
3049 3318 3234 3372 denuo.
3263 3317 3316 3372 8.
3349 3317 3516 3386 Spiri-

1931 3425 2012 3471 tus
2033 3416 2118 3470 ubi
2143 3414 2246 3468 vult
2273 3414 2454 3483 spirat.
2485 3410 2618 3467 Cum
2647 3411 2795 3475 dicit,
2823 3408 2904 3463 Ne
2941 3409 3156 3474 mireris,
3197 3410 3313 3477 ejus
3348 3408 3514 3461 animi

1933 3504 2387 3576 perturbationem
2420 3501 2705 3574 signiﬁcat,
2755 3508 2809 3556 et
2852 3500 2919 3554 ad
2965 3499 3298 3554 subtiliorem
3326 3514 3516 3568 corpo~

1933 3613 2050 3652 rum
2081 3597 2345 3652 rationem
2373 3593 2612 3650 deducit.
2642 3591 2773 3647 Nam
2804 3606 2834 3651 a
2865 3590 3171 3646 carnalibus
3215 3591 3385 3658 ipsmn
3414 3588 3514 3642 ab-

1932 3689 2158 3745 duxerat
2185 3687 2268 3743 his
2287 3685 2486 3752 verbis,
2519 3684 2668 3754 Quod
2693 3693 2868 3737 uatum
2888 3692 2960 3736 est
2985 3699 3046 3736 ea:
3069 3681 3288 3752 Spiritu,
3307 3682 3517 3751 spiritus

1932 3789 2022 3834 est.
2053 3779 2186 3845 Quia
2221 3793 2347 3833 vero
2388 3792 2495 3832 non
2542 3775 2878 3845 intelligebat
2922 3773 3012 3828 ille
3041 3772 3168 3842 quid
3202 3772 3302 3826 hoc
3346 3782 3508 3837 esset,

1933 3883 2118 3924 rursus
2145 3869 2290 3922 illum
2317 3866 2382 3920 ad
2411 3866 2567 3919 aliam
2603 3864 2854 3919 transfert
2879 3861 3161 3932 imaginem
3185 3901 3201 3928 ,
3232 3877 3406 3931 neque
3445 3863 3512 3916 ad

1931 3974 2215 4030 corporum
2244 3954 2652 4012 crassitudinem
2697 3953 2990 4017 adducens,
3023 3968 3196 4022 neque
3243 3953 3310 4007 de
3341 3953 3516 4007 incor-

1934 4049 2112 4119 poreis
2138 4048 2357 4102 omnino
2386 4045 2612 4114 loquens
2659 4044 2870 4114 (neque
2907 4043 3049 4096 enim
3100 4051 3307 4112 poterat
3345 4043 3395 4096 id
3427 4044 3516 4095 ille

1934 4141 2298 4211 intelligere);
2328 4136 2424 4191 sed
2455 4135 2688 4189 medium
2712 4133 2910 4203 aliquid
2941 4123 3255 4203 corporeum
3296 4133 3434 4186 inter
3460 4141 3516 4187 et

1934 4234 2308 4301 incorporeum
2341 4227 2575 4292 invenit,
2617 4226 2763 4280 venti
2810 4239 3001 4294 nempe
3032 4227 3317 4294 impetum;
3367 4223 3516 4278 indc-

1931 4339 2038 4396 qne
2065 4323 2212 4377 illum
2253 4320 2509 4374 instituit.
2546 4317 2620 4372 De
2660 4323 2818 4370 vento
2849 4329 3076 4383 namque
3121 4314 3250 4368 dicit
3281 4331 3295 4368 :
3332 4313 3515 4370 Vocem

1933 4418 2041 4488 ejus
2069 4413 2251 4478 audis;
2277 4411 2365 4466 sed
2391 4409 2551 4465 nescis
2581 4408 2713 4460 unde
2741 4407 2924 4470 veniat,
2947 4415 3036 4458 aut
3064 4421 3161 4477 quo
3185 4405 3350 4459 vadat.
3379 4405 3512 4462 Cum

1935 4506 2083 4572 dicit,
2127 4503 2224 4560 Ubi
2265 4504 2369 4558 vult
2409 4503 2589 4573 spirat,
2619 4513 2725 4554 non
2755 4496 3016 4569 signiﬁcat
3041 4505 3256 4552 ventum
3288 4498 3513 4552 arbitrio

1936 4613 2033 4654 suo
2054 4596 2211 4662 ferri;
2255 4593 2348 4650 sed
2392 4591 2688 4648 naturalem
2719 4589 2834 4658 ejus
2865 4589 3120 4657 impetum
3162 4596 3216 4641 et
3264 4589 3370 4640 vim
3397 4587 3515 4640 sine

1936 4691 2316 4761 impedimento
2338 4689 2520 4743 latam.
2543 4684 2695 4740 Solet
2739 4683 2881 4737 enim
2925 4680 3198 4749 Scriptura
3241 4679 3401 4734 etiam
3446 4678 3515 4733 de

1937 4783 2244 4841 inanimatis
2272 4783 2342 4836 ita
2370 4779 2536 4849 loqui,
2570 4786 2626 4831 ut
2651 4789 2774 4830 cum
2800 4772 2927 4827 dicit
2965 4790 2978 4824 :
3019 4769 3242 4824 Vanitati
3282 4780 3514 4823 creatura

1935 4877 2157 4946 subjecta
2176 4883 2369 4929 estnon
2391 4870 2557 4925 uolens
2584 4867 2757 4939 (flaui.
2783 4864 2836 4920 8.
2866 4863 2978 4932 20).
3010 4861 3140 4916 Illud
3194 4863 3374 4932 igitur,
3414 4861 3514 4916 Ubi

1935 4973 2041 5026 uult
2086 4970 2278 5038 spirat,
2327 4981 2433 5020 non
2489 4975 2644 5033 posse
2684 4959 2830 5014 illum
2878 4955 3091 5010 retineri
3137 4955 3414 5025 significat,
3461 4965 3514 5008 et

1938 5064 2132 5133 ubique
2152 5057 2398 5124 diffundi,
2433 5055 2804 5118 neminemque
2824 5047 2971 5100 illum
2996 5047 3274 5116 impedire,
3307 5045 3515 5114 quomi-

1937 5170 2036 5209 nus
2068 5155 2171 5208 ltuc
2193 5151 2319 5205 illuc
2343 5148 2575 5202 feratur;
2608 5140 2701 5196 sed
2732 5153 2922 5208 ntagna
2951 5139 3002 5191 vi
3044 5137 3264 5204 effundi,
3301 5135 3514 5190 nemine

1937 5246 2190 5313 impetum
2210 5252 2460 5296 coercere
2488 5235 2714 5288 valente.

2005 5335 2060 5388 2.
2082 5333 2146 5386 Et
2167 5346 2332 5386 vocent
2353 5328 2463 5398 ejus
2487 5323 2668 5386 audis;
2697 5319 2974 5389 strepitum
3003 5332 3192 5386 nempe
3214 5327 3267 5373 et
3283 5332 3470 5373 sonum
3496 5334 3509 5372 :

1935 5426 2022 5481 sed
2043 5423 2200 5477 nescis
2223 5419 2354 5474 unde
2379 5415 2562 5478 ueniat,
2589 5421 2674 5466 aut
2700 5425 2798 5478 quo
2827 5409 2994 5462 vadat.
3027 5408 3113 5463 Sic
3139 5419 3214 5464 est
3243 5410 3406 5463 omnis
3424 5411 3512 5480 qui

1936 5527 2084 5571 natus
2130 5520 2203 5566 est
2230 5525 2292 5564 ea:
2335 5505 2554 5576 Spiritu.
2604 5501 2729 5556 [hec
2773 5498 3044 5553 conclusio
3098 5507 3199 5552 est.
3253 5499 3308 5553 Si
3359 5498 3514 5566 hujus

1935 5608 2077 5665 venti
2104 5646 2119 5664 .
2155 5600 2352 5672 inquit,
2387 5611 2546 5668 quem
2571 5608 2732 5650 sensu
2753 5633 2769 5659 ,
2799 5605 2991 5660 nempe
3017 5590 3200 5644 auditu
3246 5601 3299 5643 et
3329 5598 3468 5643 tactu
3495 5629 3511 5652 ,

1937 5697 2202 5775 pet-cipis,
2252 5695 2504 5766 impetum
2549 5685 2815 5759 explicare
2859 5697 2962 5739 non
3007 5690 3190 5754 potes,
3236 5694 3332 5736 nec
3375 5681 3514 5736 viain
