4012 6194
439 327 544 384 155

437 448 554 511 ejus
585 441 760 504 nosti;
786 454 882 493 cur
920 435 1082 490 divini
1113 430 1346 501 Spiritus
1393 425 1758 496 operationem
1811 421 2021 477 curiose

439 537 710 605 exploras,
737 531 826 600 qui
858 527 1002 582 venti
1038 525 1143 578 vim
1172 538 1275 576 non
1302 517 1568 587 intelligis,
1601 515 1698 570 etsi
1722 527 1909 568 sonum
1931 527 2026 566 au-

443 603 597 682 dias?
639 621 772 677 Illud
803 619 944 675 enim
970 659 985 685 ,
1013 614 1111 670 Ubi
1136 613 1239 666 vult
1265 611 1452 679 spirat,
1480 609 1547 662 dc
1587 603 1842 660 Paraeleti
1879 609 2026 672 pote-

440 726 578 770 state
598 714 796 769 dictum
817 718 917 774 est,
941 717 992 763 et
1013 707 1090 760 sic
1115 701 1485 772 explicandum
1513 715 1526 750 :
1555 696 1609 752 Si
1629 705 1842 750 ventum
1869 705 2026 747 nemo

439 806 674 870 cohibet,
706 802 798 858 sed
827 815 932 871 quo
959 798 1068 852 vult
1095 796 1183 850 ille
1210 794 1399 856 fertur,
1428 789 1593 844 multo
1611 786 1776 857 magis
1797 783 2027 854 Spiritus

441 898 804 968 operationem
825 907 924 948 nec
950 900 1151 944 natura:
1173 887 1318 956 leges
1334 882 1609 954 quzelihet,
1632 893 1732 934 nec
1756 890 2029 946 corporeae

443 987 802 1060 generationis
831 982 1040 1039 termini
1067 1023 1081 1046 ,
1115 994 1213 1034 nec
1242 976 1442 1047 qu:evis
1471 973 1571 1028 alia
1601 969 1899 1041 hujusmodi
1932 984 2027 1038 po-

446 1058 620 1138 terunt
634 1078 902 1134 cohibere.
925 1071 1075 1140 Quod
1093 1079 1268 1124 autem
1287 1068 1352 1121 de
1371 1075 1527 1119 vento
1545 1063 1750 1118 dieatur
1769 1060 1917 1125 illud,
1935 1058 2034 1112 γο.

448 1187 550 1226 rem
563 1172 672 1242 ejus
687 1165 980 1233 audis,inde
999 1161 1333 1234 perSpicuum
1349 1155 1635 1224 est.Neque
1650 1153 1790 1208 enim
1809 1149 2029 1212 infideli,

447 1263 535 1332 qui
565 1239 667 1314 non
699 1268 880 1313 nosset
910 1253 1278 1326 operationem
1306 1247 1536 1319 Spiritus
1560 1244 1814 1306 dixisset,
1855 1239 2034 1294 Vocem

450 1356 558 1424 ejus
585 1351 752 1405 audis.
783 1342 1244 1416 Quemadmodum
1269 1341 1429 1410 igitur
1456 1345 1645 1392 ventus
1665 1349 1769 1388 non
1795 1338 2032 1403 apparet,

448 1440 657 1499 etiamsi
685 1455 876 1496 sonum
909 1438 1154 1493 emittat:
1187 1435 1263 1489 sic
1305 1445 1404 1487 nec
1441 1427 1728 1500 Spiritualis
1764 1423 2037 1496 generatio

449 1537 619 1592 oculis
641 1532 914 1603 corporeis
943 1527 1282 1600 perspicitur.
1314 1523 1472 1593 Atqui
1503 1529 1689 1576 ventus
1712 1527 1795 1573 est
1821 1529 2035 1585 corpus,

455 1631 578 1684 licet
607 1626 975 1682 tenuissimum
1010 1639 1023 1674 :
1054 1635 1175 1674 nam
1206 1617 1346 1689 quod
1377 1614 1554 1670 sensui
1585 1610 1884 1680 subjicitur,
1913 1621 2037 1661 eor-
2073 1615 2076 1617 λ

454 1738 550 1791 pus
565 1729 665 1775 est.
692 1719 747 1773 Si
779 1731 906 1786 ergo
923 1730 1029 1770 non
1054 1727 1194 1782 agre
1213 1711 1318 1764 fers
1335 1707 1476 1779 quod
1493 1719 1687 1775 corpus
1708 1717 1814 1756 non
1831 1699 2035 1761 videas,

457 1826 631 1880 neque
671 1810 791 1865 ideo
827 1809 1000 1877 ipsum
1028 1819 1148 1859 esse
1182 1800 1462 1864 diffiteris;
1491 1812 1584 1852 cur
1604 1795 1670 1850 de
1706 1793 1894 1864 spiritu
1941 1806 2039 1844 au-

453 1904 606 1958 diens
631 1899 860 1956 turbaris
880 1939 895 1964 ,
923 1901 976 1950 et
1005 1904 1079 1949 tot
1108 1893 1343 1948 rationes
1371 1889 1574 1960 exigis,
1612 1901 1732 1942 cum
1766 1894 1942 1938 tamen
1988 1880 2040 1935 id

453 1993 594 2048 circa
625 2004 819 2058 corpus
848 2002 953 2041 non
981 1984 1147 2054 agas?
1172 1980 1307 2049 Quid
1330 1994 1457 2049 ergo
1476 1974 1832 2032 Nicodcmus?
1858 1971 2044 2026 Adhuc

457 2085 508 2138 in
531 2083 751 2137 Iudaica
775 2080 974 2133 vilitate
999 2084 1197 2139 manet,
1227 2088 1347 2126 cum
1371 2081 1476 2124 tam
1501 2067 1839 2123 manifestum
1865 2078 2044 2119 exem-

457 2179 602 2250 plum
628 2172 915 2241 acceperit.
937 2168 1032 2223 Cui
1061 2166 1233 2220 adhuc
1253 2179 1372 2219 cum
1397 2161 1560 2216 dubio
1582 2159 1800 2224 dicenti,
1826 2157 1877 2211 9.
1903 2155 2043 2222 Quo-

460 2244 610 2322 modo
631 2271 834 2332 possunt
853 2262 956 2314 lucc
977 2258 1123 2327 fieri?
1146 2253 1510 2310 vehementius
1525 2250 1652 2306 dicit
1670 2247 1932 2310 Christus,
1957 2244 2042 2299 10.

463 2356 539 2412 Tu
559 2373 610 2410 es
632 2353 864 2423 magister
879 2351 929 2403 in
953 2347 1139 2413 Israel,
1159 2355 1205 2400 et
1227 2345 1333 2399 ἠως
1360 2345 1563 2414 ignoras
1587 2341 1610 2393 1’
1631 2338 1760 2394 Vide
1777 2334 2046 2407 quomodo

461 2462 721 2518 nusquam
749 2459 870 2499 eum
896 2441 966 2496 de
993 2438 1189 2494 malitia
1208 2478 1223 2502 ,
1255 2434 1350 2490 sed
1393 2433 1459 2488 de
1488 2429 1776 2486 stoliditate
1819 2426 1994 2497 potius
2027 2425 2043 2457 ⁸

461 2558 526 2597 ac
546 2517 885 2609 simplicitate
912 2539 1150 2588 accusat.
1185 2527 1389 2599 Ecquid
1421 2525 1580 2580 habet
1600 2533 1880 2577 commune
1901 2517 2052 2571 dixe-

465 2635 532 2688 rit
559 2607 842 2702 quispiam,
877 2626 992 2680 haee
1011 2620 1284 2694 generatio
1310 2634 1430 2674 eum
1457 2614 1692 2671 Judaicis
1718 2611 1915 2666 rebus?
1937 2607 2044 2664 Sed

463 2723 590 2794 quid
611 2765 626 2789 ,
659 2733 839 2791 quaeso
859 2759 874 2781 ,
906 2731 1011 2771 non
1042 2709 1364 2769 commune?
1395 2705 1602 2762 Etenim
1633 2702 1787 2774 primi
1815 2699 2046 2754 hominis

465 2813 749 2878 formatio,
803 2823 1008 2864 necnon
1053 2801 1290 2860 mulieris
1336 2815 1399 2855 ex
1443 2797 1608 2850 latere
1652 2793 1885 2858 eductre,
1924 2789 2050 2844 item

467 2903 679 2960 steriles
698 2943 713 2968 ,
746 2910 800 2956 et
825 2915 887 2955 ea
917 2912 1040 2968 qua“:
1066 2910 1166 2966 per
1195 2906 1358 2963 aquas
1381 2888 1613 2960 perfecta
1644 2892 1802 2950 sunt,
1831 2882 1882 2936 in
1909 2879 2054 2935 fonte

468 2993 749 3054 videlicet,
794 2989 938 3044 unde
983 2987 1206 3040 Elisaaus
1252 2981 1451 3036 ferrum
1482 2976 1697 3040 eduxit;
1739 2987 1799 3028 ea
1838 2985 1955 3040 quae
1998 2968 2054 3023 in

472 3085 604 3141 mari
643 3082 844 3138 Rubro.
877 3075 1019 3149 quod
1052 3074 1375 3143 traiecerunt
1398 3068 1596 3131 Iudici;
1629 3081 1690 3119 ea
1717 3078 1834 3134 quite
1867 3062 1918 3116 in
1971 3059 2052 3128 pi-

470 3177 642 3242 scina,
668 3189 825 3245 qnatn
856 3169 1077 3242 angelus
1111 3163 1363 3236 agitabat,
1390 3169 1442 3215 et
1468 3173 1586 3228 qua:
1606 3156 1671 3211 ad
1702 3153 1932 3210 Neeman
1959 3150 2058 3222 Sy-

473 3287 589 3324 rntn
633 3244 914 3338 spectant,
961 3261 1050 3332 qui
1095 3259 1147 3314 in
1194 3255 1428 3311 Iordane
1474 3249 1758 3306 mundatus
1784 3254 1908 3302 est:
1944 3244 2057 3297 hsce

475 3365 690 3432 inquam
713 3357 889 3412 omnia
911 3351 1313 3425 generationem
1343 3357 1396 3401 et
1418 3345 1780 3415 purgationem
1803 3339 2054 3400 futuram,

475 3453 625 3524 quasi
670 3452 720 3504 in
755 3449 916 3517 figura
948 3440 1402 3514 pra-nuntiabant;
1435 3449 1638 3490 necnon
1680 3431 2056 3502 prophetarum

477 3517 620 3597 dicta
647 3542 786 3594 hunc
813 3532 1061 3590 nascendi
1091 3531 1306 3586 modum
1349 3524 1756 3582 subindicabant
1776 3563 1790 3586 ,
1831 3517 2059 3590 exempli

477 3648 677 3689 causa:
731 3627 1125 3684 Anuuntiabitur
1169 3621 1387 3675 Domino
1429 3617 1681 3688 generatio
1732 3623 1978 3676 ventura,
2016 3621 2062 3664 et

477 3723 850 3781 annuntiabunt
876 3719 1131 3790 justitiam
1178 3717 1288 3785 ejus
1315 3711 1502 3782 populo
1521 3709 1605 3778 qui
1631 3715 1878 3768 nascetur,
1919 3719 2064 3774 quem

481 3820 598 3892 fecit
627 3815 871 3870 Dominus
902 3809 1071 3882 (Psal.
1097 3808 1187 3861 2|.
1212 3807 1301 3874 34)
1325 3822 1340 3870 ;
1385 3813 1437 3859 et
1463 3801 1612 3866 illud,
1645 3797 1981 3854 Renovabitur
2011 3804 2066 3848 ut

479 3889 668 3980 aquilte
698 3909 936 3977 juventus
967 3911 1051 3955 tua
1078 3899 1248 3974 (Psal.
1279 3896 1399 3952 102.
1426 3894 1513 3966 5);
1559 3894 1684 3948 item
1706 3932 1721 3958 ,
1761 3889 2066 3945 llluminare

482 4001 768 4060 Jerusalem
797 4015 817 4053 :
841 4014 953 4053 ecce
982 3996 1090 4051 Rea:
1111 4003 1223 4047 tuus
1249 3991 1378 4046 venit
1401 3987 1554 4059 (Isai.
1581 3986 1669 4041 60.
1700 3982 1788 4056 l):
1819 3992 1892 4048 et,
1924 3981 2068 4036 Beati

483 4111 700 4168 quorum
721 4091 941 4146 remissa:
963 4097 1078 4143 sunt
1104 4085 1390 4156 iniquitates
1416 4080 1584 4156 (Psal.
1611 4079 1701 4133 5|.
1736 4076 1804 4146 l).
1833 4076 1898 4129 Et
1925 4074 2068 4128 Isaac

484 4201 698 4259 quoque
740 4185 903 4254 figura
934 4187 1050 4235 erat
1079 4177 1236 4246 hujus
1263 4172 1641 4246 generationis.
1693 4169 1786 4224 Dic
1823 4168 1963 4222 enim
1989 4206 2004 4230 ,
2035 4180 2069 4218 ο

489 4279 778 4339 Nicodeme
797 4317 811 4340 ,
842 4270 1110 4344 quomodo
1141 4280 1297 4324 natus
1320 4267 1407 4322 ille
1437 4265 1556 4322 est?
1583 4279 1649 4317 an
1672 4262 1788 4330 lege
1827 4257 2069 4314 naturae?

491 4372 830 4442 Nequaquam
863 4384 875 4420 :
909 4378 1037 4434 ergo
1063 4360 1277 4432 quidam
1305 4355 1512 4414 medius
1535 4355 1673 4409 inter
1694 4353 1830 4406 hanc
1850 4359 1904 4405 et
1925 4347 2068 4401 illam

490 4460 886 4534 generationem
918 4456 1108 4510 modus
1127 4461 1239 4509 erat
1259 4493 1273 4514 ,
1298 4451 1386 4506 illa
1410 4449 1551 4504 enim
1579 4463 1643 4502 ex
1665 4443 1945 4501 concubitu
1966 4449 2068 4504 est,

493 4554 583 4610 hic
611 4565 740 4608 vero
771 4566 876 4606 non
901 4564 968 4604 ex
997 4541 1343 4615 sanguinihus
1375 4549 1527 4594 natus
1557 4547 1658 4592 est.
1688 4535 1801 4606 Ego
1829 4548 1954 4587 vero
1979 4529 2072 4584 de-

494 4645 805 4700 monstrabo
831 4683 846 4708 ,
873 4654 979 4694 non
1008 4636 1145 4691 hanc
1172 4631 1330 4686 modo
1356 4627 1778 4700 generationem,
1809 4622 1902 4678 sed
1923 4629 1978 4676 et
2005 4619 2072 4674 il-

494 4738 600 4791 lam
643 4751 707 4791 ex
738 4733 954 4802 Virgine
977 4771 992 4796 ,
1045 4727 1191 4781 hisce
1239 4721 1412 4778 modis
1447 4717 1851 4792 prmuuntiatam
1889 4714 2070 4767 fuisse.

493 4829 628 4894 Quia
657 4826 798 4880 enim
845 4837 1002 4878 nemo
1034 4818 1185 4874 facile
1211 4814 1513 4870 crediturus
1542 4819 1656 4866 erat
1684 4806 1941 4876 virginem
1984 4818 2076 4872 pa-

499 4933 642 4978 rcre.
672 4914 884 4970 steriles
909 4913 1158 4981 primum,
1190 4903 1383 4962 deinde
1407 4918 1510 4957 non
1542 4899 1701 4955 modo
1730 4895 1960 4959 steriles,
1984 4891 2078 4947 sed

499 5011 660 5066 etiam
688 5020 820 5062 anus
848 5008 1203 5076 pepererunt:
1233 4994 1472 5067 quamvis
1499 4993 1654 5060 longe
1676 4985 1968 5043 mirabilius
1987 4982 2077 5046 sit,

503 5118 570 5158 ex
595 5110 744 5157 costa
773 5073 1048 5152 mulierem
1083 5091 1230 5155 fieri;
1265 5101 1448 5142 verum
1471 5083 1591 5154 quia
1625 5079 1752 5134 illud
1777 5073 2082 5144 antiquissi-

507 5207 649 5246 tnum
676 5197 791 5245 erat
809 5228 824 5254 ,
856 5185 989 5239 alius
1018 5177 1255 5251 pariendi
1279 5189 1447 5230 novus
1471 5171 1658 5227 modus
1679 5176 1934 5239 sequutus
1957 5170 2040 5219 est
2063 5204 2078 5228 ,

507 5295 700 5350 nempe
729 5277 1017 5339 sterilium,
1061 5271 1148 5340 qui
1180 5265 1452 5337 virginalis
1501 5271 1681 5333 partus
1728 5258 1886 5314 fidem
1935 5262 2084 5308 ante-

509 5373 692 5428 cessit.
725 5370 848 5424 llazc
885 5382 1012 5438 ergo
1055 5361 1344 5418 Nicodemo
1374 5358 1424 5412 in
1471 5354 1780 5410 memoriam
1828 5361 2084 5405 revocans

509 5462 719 5519 dicebat
751 5477 764 5514 :
799 5457 875 5512 Tu
904 5473 955 5510 es
1000 5453 1237 5525 magister
1269 5451 1321 5504 in
1350 5446 1550 5514 Israel,
1592 5455 1639 5499 et
1687 5445 1794 5499 hac
1837 5438 2086 5512 ignoras?

512 5552 663 5620 Quod
683 5553 866 5606 scimus
901 5547 1174 5620 loquimur,
1215 5551 1263 5596 et
1310 5541 1444 5612 quod
1480 5539 1694 5592 vidimus
1729 5544 1990 5596 testamur,
2040 5539 2086 5582 et

508 5643 847 5703 testimonium
873 5651 1097 5697 nostrum
1124 5652 1270 5692 nemo
1304 5634 1507 5704 accipit.
1545 5631 1667 5688 llaec
1694 5625 1966 5700 subiunxit
1991 5663 2005 5687 ,
2036 5631 2090 5676 et

582 5755 599 5788 ³
637 5754 722 5806 Alii
754 5755 954 5820 legunt,
977 5759 1179 5814 tantum,
1205 5759 1311 5814 pro,
1333 5745 1506 5812 potius.

1137 319 1192 370 S.
1233 311 1508 371 JO.\'.\'SlS
1545 307 2014 365 CIIRYSOSTOMI
2057 306 2376 368 Al’tClllEP.
2415 311 2944 373 CONSTANTINOP.

3606 315 3704 369 {56

2133 423 2346 482 aliunde
2373 443 2583 484 rursum
2607 431 2749 486 dicto
2776 433 2934 488 fidem
2961 433 3188 499 faciens,
3232 440 3284 487 et
3317 431 3460 486 illius
3491 429 3503 460 '
3537 428 3701 483 imbe-

2129 518 2334 573 cillitati
2361 535 2420 576 sc
2445 531 2826 593 attemperans.

2200 610 2252 664 3.
2281 609 2416 676 Quid
2446 627 2571 667 vero
2605 615 2865 684 significat
2897 615 3026 670 illud
3047 659 3062 682 ,
3096 617 3180 670 ll.
3220 613 3375 688 Quod
3397 616 3580 667 scimus
3632 614 3711 668 lo-

2129 703 2349 770 quimur,
2392 706 2606 776 etquod
2644 709 2856 763 vidimus
2892 709 3168 762 testamur?
3214 707 3347 774 Qnia
3401 722 3524 762 eum
3569 707 3714 762 visus

2134 799 2253 868 plus
2291 813 2448 866 quam
2490 798 2580 852 alii
2621 814 2810 877 sensus
2856 801 3010 855 nobis
3061 800 3218 854 fidem
3253 800 3440 865 faciat,
3493 809 3547 854 et
3593 814 3714 853 eum

2134 889 2457 960 persuadere
2487 890 2752 956 volumus,
2781 891 2850 945 ita
2879 891 3159 959 loquamur
3185 932 3197 951 ,
3222 889 3337 945 Non
3377 889 3560 943 auditu
3590 905 3713 960 per-

2133 981 2391 1051 cepimus,
2425 980 2517 1035 sed
2561 981 2692 1050 ipsis
2716 981 2884 1037 oculis
2914 982 3162 1036 vidimus.
3195 980 3316 1035 Ideo
3345 979 3589 1035 Christus
3621 980 3720 1032 lm-

2135 1086 2294 1126 mano
2343 1087 2491 1126 more
2521 1071 2693 1142 ipsum
2735 1073 3054 1142 alloquitur,
3088 1072 3318 1141 hincque
3355 1071 3513 1125 dictis
3560 1070 3717 1125 fidem

2139 1165 2280 1220 facit.
2309 1165 2566 1235 Quodque
2594 1180 2681 1221 res
2711 1163 2782 1220 ita
2823 1166 2910 1229 sit,
2941 1165 3080 1236 quod
3117 1165 3247 1220 nihil
3277 1163 3418 1218 aliud
3445 1163 3720 1218 declarare

2137 1257 2282 1321 velit,
2317 1271 2490 1325 neque
2515 1256 2687 1312 visum
2718 1255 3024 1310 sensibilem
3055 1255 3349 1324 intelligat,
3394 1253 3516 1308 hinc
3546 1251 3717 1322 palam

2138 1356 2242 1399 est.
2267 1345 2550 1416 Postquam
2575 1345 2714 1402 enim
2734 1345 2960 1413 dixerat,
2986 1345 3134 1411 Quod
3155 1355 3332 1398 natum
3359 1353 3432 1398 est
3458 1360 3520 1398 ex
3545 1359 3713 1407 carne,

2141 1455 2259 1492 caro
2286 1451 2392 1502 est;
2435 1449 2482 1493 et
2508 1440 2645 1508 quod
2673 1449 2850 1492 natum
2887 1447 2958 1492 est
2997 1453 3060 1491 ea:
3101 1437 3332 1506 Spiritu,
3366 1436 3576 1506 spiritus
3604 1446 3718 1498 est;

2141 1531 2434 1599 subjunxit,
2470 1530 2619 1598 Quod
2648 1531 2841 1584 scimus
2873 1529 3141 1598 loquimur,
3173 1537 3218 1581 et
3245 1527 3379 1596 quod
3404 1527 3617 1580 vidimus
3647 1537 3717 1580 te-

2141 1631 2358 1676 stumttr.
2402 1621 2510 1675 lloe
2539 1629 2720 1675 autem
2749 1618 2985 1674 nondum
3018 1617 3215 1673 factum
3245 1616 3434 1670 fuerat.
3461 1617 3571 1670 Cur
3592 1629 3719 1686 ergo

2143 1711 2292 1776 dicit,
2343 1711 2493 1777 Quod
2519 1709 2779 1765 vidimus?
2821 1711 3013 1763 Annon
3063 1706 3400 1762 manifestum
3440 1717 3521 1761 cst
3553 1707 3720 1775 ipsum

2146 1803 2288 1873 loqui
2314 1802 2381 1857 de
2413 1810 2655 1856 accurata
2678 1799 3002 1868 cognitione,
3031 1812 3148 1867 qum
3175 1811 3278 1851 non
3304 1811 3485 1851 errare
3514 1796 3720 1865 possit?

2146 1895 2213 1948 Et
2230 1895 2564 1950 testimonium
2583 1901 2808 1946 nostrum
2837 1907 2982 1946 nemo
3009 1890 3213 1958 accipit.
3237 1887 3368 1943 Illttd
3392 1903 3542 1957 ergo,
3575 1885 3721 1952 Quod

2145 1988 2352 2053 scimus,
2385 1986 2465 2040 vel
2506 1983 2574 2039 de
2610 1997 2670 2039 se
2715 1991 2769 2038 et
2805 1981 2874 2038 de
2906 1981 3062 2037 Patre
3109 1980 3271 2044 dicit,
3304 1979 3385 2034 vel
3423 1978 3490 2033 de
3522 1992 3581 2032 se
3611 1979 3725 2047 ipso

2146 2080 2339 2134 solum.
2384 2075 2513 2132 lllnd
2555 2091 2704 2142 vero,
2751 2074 2915 2129 Nemo
2941 2073 3142 2144 accipit,
3189 2087 3292 2126 non
3322 2085 3463 2140 :egre
3507 2067 3727 2124 ferentis

2148 2187 2289 2228 nunc
2315 2178 2418 2232 est.
2442 2168 2534 2224 sed
2557 2184 2668 2224 rem
2691 2177 2890 2239 gestam
2913 2165 3196 2221 narrantis.
3227 2163 3345 2218 Non
3375 2161 3516 2218 enim
3547 2161 3682 2215 dixit
3710 2179 3723 2215 :

2147 2261 2285 2330 Quid
2309 2260 2458 2315 vobis
2488 2259 2846 2314 insensibilius
2889 2257 2960 2310 sit
2985 2297 3001 2322 ,
3033 2255 3122 2325 qui
3181 2269 3241 2308 ea
3268 2267 3386 2322 qua:
3414 2267 3444 2304 a
3473 2251 3628 2306 nobis
3657 2251 3726 2304 ita

2150 2362 2397 2408 accurate
2421 2351 2807 2406 annuntiantur
2837 2363 2941 2402 non
2964 2344 3287 2402 admittitis?
3333 2342 3428 2399 sed
3473 2341 3632 2396 rebus
3676 2349 3728 2395 ct

2155 2442 2334 2498 verbis
2379 2441 2578 2496 nullam
2610 2455 2715 2494 non
2749 2437 3212 2494 mansuetudinem
3261 2432 3557 2496 exhibens,
3601 2430 3729 2486 nihil

2154 2533 2226 2586 ita
2253 2531 2520 2602 loquitur;
2558 2529 2652 2586 sed
2698 2530 2812 2584 miti
2841 2542 3090 2584 sermone
3137 2525 3281 2596 quod
3333 2523 3569 2579 futurum
3614 2529 3732 2575 erat

2153 2624 2415 2696 praedicit,
2469 2637 2567 2678 nos
2615 2622 2738 2676 hinc
2782 2635 2991 2692 quoque
3041 2618 3107 2674 ad
3140 2631 3401 2673 summam
3451 2614 3734 2669 instituens

2154 2714 2615 2772 mansuetudinem
2639 2753 2655 2780 ,
2690 2722 2748 2768 ut
2774 2727 2894 2769 cum
2943 2710 3200 2782 quosdam
3241 2706 3565 2777 alloquimur
3593 2746 3608 2769 ,
3637 2719 3734 2759 nec

2157 2808 2288 2878 ipsis
2313 2805 2632 2872 suademus,
2661 2819 2729 2859 ne
2760 2803 2810 2858 id
2835 2803 3048 2872 indigne
3076 2799 3328 2856 feramus.
3366 2796 3500 2852 Nam
3530 2795 3621 2866 qui
3652 2796 3733 2849 in-

2157 2898 2425 2970 dignatur,
2459 2895 2586 2950 nihil
2624 2894 2884 2965 perlicere
2921 2892 3092 2959 solet,
3123 2889 3218 2945 sed
3247 2888 3416 2959 magis
3441 2902 3472 2940 a
3506 2886 3611 2941 fide
3641 2885 3736 2938 ha-

2159 2991 2328 3048 benda
2380 2989 2588 3045 avertit.
2621 2987 2744 3044 Ideo
2787 2994 2999 3056 oportet
3043 2983 3111 3038 ab
3139 2984 3216 3038 ira
3245 2981 3518 3037 abstinere
3557 2996 3571 3032 :
3612 2976 3735 3032 illud

2160 3097 2289 3138 vero
2313 3080 2454 3153 quod
2481 3079 2707 3136 dicimus
2753 3076 2855 3132 fide
2877 3077 3093 3146 dignum
3121 3072 3369 3137 reddere,
3399 3067 3734 3132 abstinendo,

2162 3189 2266 3228 non
2295 3173 2361 3228 ab
2385 3172 2458 3226 ira
2486 3170 2664 3236 modo,
2689 3168 2783 3222 sed
2831 3168 2988 3222 etiam
3011 3182 3038 3218 a
3066 3165 3323 3220 clamore.
3347 3160 3564 3216 Materia
3599 3159 3735 3214 enim

2161 3264 2255 3320 irte
2283 3264 2504 3318 clamor.
2527 3259 2882 3330 Impediamus
2915 3257 3072 3327 igitur
3097 3269 3312 3325 equum,
3345 3262 3403 3307 ut
3431 3251 3738 3321 dejiciamus

2161 3355 2396 3424 equitem
2422 3368 2436 3415 ;
2468 3353 2558 3408 ira:
2588 3365 2792 3422 pennas
2824 3347 3113 3410 caedamus,
3135 3360 3203 3400 ne
3222 3342 3419 3398 malum
3449 3349 3739 3396 accrescat.

2165 3447 2364 3500 Acutus
2391 3443 2536 3498 enim
2573 3441 2791 3496 morbus
2819 3447 2902 3494 est
2928 3438 3005 3492 ira
3029 3478 3046 3502 ,
3074 3435 3164 3506 qui
3217 3433 3387 3505 possit
3420 3429 3626 3485 animas
3650 3443 3742 3484 no-

2165 3548 2304 3595 stras
2333 3536 2601 3606 decipere.
2641 3533 2764 3589 Ideo
2797 3533 2872 3587 illi
2914 3530 3088 3586 aditus
3124 3528 3357 3597 undique
3389 3521 3746 3579 intercluden-

2165 3631 2266 3686 dns
2311 3639 2413 3685 est.
2463 3627 2595 3682 Nam
2635 3624 2925 3680 absurdum
2973 3631 3114 3678 esset
3159 3622 3297 3674 feras
3347 3615 3745 3671 mansuefacere

2169 3738 2366 3794 posse,
2409 3729 2641 3778 mentem
2681 3733 2810 3773 vero
2862 3724 3097 3771 nostram
3141 3713 3416 3768 efferatam
3445 3707 3741 3779 despicere.

2170 3817 2310 3888 Ignis
2337 3813 2625 3869 vehemens
2649 3819 2730 3865 est
2761 3809 2836 3863 ira
2872 3849 2888 3874 ,
2917 3805 3006 3877 qui
3037 3804 3213 3859 omnia
3243 3800 3479 3856 absumit
3505 3817 3516 3852 :
3547 3812 3668 3852 nam
3693 3803 3746 3850 et

2168 3886 2362 3976 corpus
2401 3902 2693 3973 corrumpit
2723 3908 2776 3954 et
2800 3899 3029 3952 animam
3070 3893 3385 3957 labefactat,
3417 3901 3577 3960 atque
3605 3886 3741 3957 inju-

2170 3996 2399 4053 cundum
2427 3986 2649 4063 visuque
2696 4003 2904 4060 turpem
2947 3986 3218 4041 hominem
3266 3981 3462 4038 reddit.
3503 3979 3664 4034 Certe
3702 3977 3745 4031 si

2173 4093 2337 4146 iratus
2374 4088 2606 4157 seipsqu
2636 4083 2828 4139 intueri
2877 4087 3100 4152 posset,
3133 4093 3238 4133 non
3291 4076 3457 4130 altera
3489 4072 3748 4142 indigeret

2172 4181 2556 4240 admonitione.
2580 4177 2720 4232 Nihil
2743 4175 2885 4231 enim
2910 4173 3182 4228 insuavius
3206 4169 3341 4224 irato
3359 4166 3530 4220 vultu.
3564 4163 3743 4220 Ebrie.

2175 4287 2257 4333 tas
2297 4273 2538 4346 quaadam
2587 4269 2663 4324 ira
2694 4276 2809 4332 est,
2852 4266 2960 4320 imo
2989 4262 3249 4320 ebrietate
3277 4259 3535 4323 deterior,
3559 4265 3614 4312 et
3639 4255 3749 4310 dte-

2177 4384 2334 4425 ntone
2369 4363 2746 4422 miserabilior.
2783 4361 2977 4415 Verum
3014 4357 3058 4412 si
3092 4369 3340 4411 curemus
3366 4367 3434 4408 ne
3465 4352 3516 4406 in
3546 4350 3748 4406 clamo-

2178 4478 2290 4518 rem
2313 4469 2675 4528 erumpamus,
2697 4453 2950 4526 Optimam
2971 4447 3322 4519 philosophize
3345 4445 3484 4498 viam
3518 4441 3749 4497 invenie-

2179 4567 2316 4609 mus.
2346 4551 2471 4606 ldeo
2501 4549 2697 4603 Paulus
2724 4560 2830 4600 non
2852 4543 2985 4598 iram
3011 4539 3170 4595 modo
3189 4579 3205 4605 ,
3230 4536 3323 4592 sed
3363 4537 3523 4590 etiam
3553 4533 3752 4588 clamo-

2179 4660 2292 4701 rem
2317 4644 2486 4698 vitare
2511 4640 2660 4709 jubet
2691 4657 2704 4693 :
2741 4636 2917 4691 Omnis
2939 4635 3017 4688 ira
3041 4642 3086 4686 et
3111 4631 3304 4684 clamor
3335 4627 3546 4681 tollatur
3571 4641 3604 4676 a
3623 4621 3756 4676 vobis

2181 4738 2396 4812 (Epiros.
2421 4735 2474 4790 4.
2516 4731 2630 4803 51).
2653 4725 3131 4796 Obtemperemus'
3148 4735 3276 4790 ergo
3297 4718 3421 4772 huic
3441 4716 3618 4770 omnis
3641 4713 3755 4786 phi-

2181 4829 2435 4899 losophia:
2466 4824 2750 4896 magistro:
2775 4829 2966 4877 etcum
2988 4826 3175 4873 contra
3205 4825 3389 4867 servos
3416 4817 3632 4864 nostros
3657 4808 3756 4860 ira-

2182 4927 2400 4986 scimur,
2423 4928 2634 4990 peccata
2659 4921 2840 4970 nostra
2870 4911 3184 4980 cogitemus,
3203 4913 3459 4961 eteorum
3488 4914 3588 4954 nos
3611 4913 3757 4951 inan-

2183 4985 2478 5072 suetudinis
2495 5009 2705 5082 pudeat.
2736 5003 2865 5058 Cum
2893 5002 3034 5057 enim
3065 5008 3119 5053 tu
3147 4995 3403 5052 conviciis
3428 5002 3646 5052 oneras,
3680 4985 3765 5040 illc

2186 5120 2315 5160 vero
2335 5075 2757 5156 silens'convicia
2790 5093 2982 5148 tolerat
3007 5107 3021 5154 ;
3055 5099 3112 5143 tu
3138 5098 3188 5141 te
3216 5083 3439 5153 turpiter
3466 5078 3637 5149 geris,
3669 5075 3758 5129 ille

2189 5194 2591 5268 philoSophatur
2621 5208 2633 5243 :
2659 5187 2708 5242 id
2735 5201 2828 5256 pro
2842 5181 3203 5238 admonitione
3226 5175 3444 5232 habeas.
3476 5169 3591 5224 Etsi
3618 5182 3765 5222 natu-

2189 5304 2291 5359 que
2312 5300 2522 5347 servus,
2555 5282 2714 5335 homo
2741 5287 2916 5331 tamen
2939 5281 3040 5336 est,
3065 5271 3240 5324 anima
3269 5264 3525 5334 pra-ditus
3555 5261 3768 5314 immor-

2194 5379 2304 5440 tali,
2340 5375 2636 5442 iisdemque
2666 5385 2694 5423 a
2718 5365 2988 5423 communi
3022 5361 3248 5416 Domino
3272 5357 3568 5410 honoratus
3594 5348 3768 5405 donis.

2192 5438 2343 5539 Quod
2373 5467 2417 5521 si
2459 5438 2566 5536 put:
2584 5460 2735 5516 nobis
2764 5459 2814 5512 in
2843 5453 3134 5525 majoribus
3163 5460 3217 5504 et
3242 5444 3648 5519 spiritualibus,
3679 5438 3773 5492 hu-

2259 5607 2276 5638 ί
2315 5601 2478 5652 Morel.
2503 5598 2672 5652 habet,
2693 5591 3024 5652 illorum,pro,
3044 5584 3194 5652 illius.

2259 5669 2279 5698 υ
2314 5640 3056 5720 Eﬁﬁg'ualitz-t'f'1deomanliis...
3089 5649 3351 5720 clamorem
3374 5643 3660 5706 suppressit.
3689 5640 3782 5695 Ub-

2201 5709 2534 5790 tentperentits,
2556 5716 2677 5781 etc),
2701 5716 2888 5763 omissis
2915 5709 3230 5773 interpositis.
