4012 6198
263 304 365 365 157

260 413 433 456 mana:
468 394 753 462 cujusdam
791 404 846 449 et
881 390 997 446 vilis
1030 387 1395 458 prterogativze
1425 384 1590 455 gratia
1620 381 1855 437 convicia

261 497 441 544 nostra
481 486 557 539 ita
585 489 871 538 mansuete
899 478 1035 534 ferat
1063 495 1076 530 :
1105 492 1208 546 qua
1240 476 1392 530 venia
1414 516 1430 542 ,
1460 484 1512 530 et
1543 488 1644 542 qua
1666 470 1848 526 delen-

262 583 415 636 sione
439 576 589 647 digni
620 575 842 636 erimus,
876 570 965 641 qui
997 569 1179 623 divino
1208 575 1351 622 metu
1395 581 1502 619 non
1534 576 1817 634 possumus
1839 601 1853 624 ,

261 672 368 726 imo
397 669 656 724 nolumus
682 706 698 728 ,
727 673 786 718 ut
821 662 910 717 ille
931 670 1140 725 nostro,
1173 655 1582 729 philosophari?
1609 653 1733 708 llam
1759 654 1856 706 ita-

258 778 363 833 que
398 760 583 817 omnia
629 757 910 812 nobiseum
938 761 1246 824 reputantes
1273 793 1288 818 ,
1317 765 1380 805 ac
1427 757 1643 820 peccata
1673 753 1853 800 nostra

259 832 576 919 natumque
607 847 938 911 consortium
981 845 1276 914 cogitantes
1296 882 1310 904 ,
1340 846 1622 894 mansuete
1651 832 1850 904 ubique

1231 294 1294 348 IN
1333 290 1642 350 JOANNEM
1683 289 1911 345 lthIlL.

1959 290 2169 346 XXVII.
2211 293 2284 347 al.
2325 294 2516 350 XXVI.
3453 313 3552 363 133

1966 382 2108 451 loqui
2137 384 2466 452 studeamus,
2513 396 2572 442 ut
2603 387 2832 444 humiles
2860 390 3020 445 corde
3043 391 3213 447 clYecti
3233 436 3246 458 ,
3272 397 3553 453 animabus

1963 475 2162 528 nostris
2188 477 2428 545 requiem
2446 477 2780 534 inveniamus
2801 491 2852 533 et
2871 491 3189 550 praesentem
3209 493 3261 538 ct
3285 482 3511 540 futuram
3535 506 3549 552 ;

1961 580 2120 632 quam
2155 566 2352 620 utinam
2391 583 2578 624 omnes
2625 585 2997 640 assequamur,
3040 577 3207 642 gratia
3235 587 3286 631 et
3317 578 3552 649 benigni-

1967 662 2072 729 tate
2119 655 2325 710 Domini
2358 659 2523 713 nuStri
2549 659 2676 715 Jesu
2703 662 2899 717 Christi
2931 707 2946 730 ,
2977 669 3190 736 quicum
3223 669 3361 724 Patri
3391 671 3555 739 gloria

1965 758 2180 812 unaque
2209 745 2427 815 Spiritui
2461 760 2667 816 sancto,
2699 769 2839 808 nunc
2861 765 2913 809 et
2938 772 3153 827 semper
3176 801 3190 823 ,
3217 769 3270 813 et
3293 761 3343 814 in
3363 763 3556 815 saecula

1963 836 2308 892 smculorum.
2345 841 2538 895 Amen.

261 973 3545 1008 ____________.—————————————————————-———————————__________

1583 1047 1927 1110 HOMILIA
1979 1046 2240 1110 XXVII.

265 1206 352 1262 12.
382 1205 443 1260 Si
469 1214 670 1258 terrena
695 1200 799 1253 dixi
837 1198 974 1251 vobis
1000 1240 1013 1262 ,
1048 1207 1093 1248 et
1126 1214 1224 1249 non
1255 1195 1476 1258 creditis,
1509 1194 1783 1264 quomodo,
1818 1188 1859 1241 si

335 1298 514 1350 dixero
540 1294 679 1348 vobis
723 1287 941 1344 cazlestia
963 1329 977 1353 ,
1013 1287 1263 1340 credetis?
1310 1287 1394 1342 l5.
1442 1284 1607 1338 Nemo
1634 1283 1858 1338 ascendit

338 1390 391 1440 in
420 1387 624 1446 uelum,
649 1381 747 1435 nisi
773 1381 863 1450 qui
888 1379 950 1432 de
973 1377 1096 1432 cwlo
1119 1377 1396 1442 descendit,
1426 1375 1591 1429 Filias
1619 1373 1855 1439 hominis,

335 1481 423 1548 qui
444 1489 516 1530 est
537 1479 589 1531 in
618 1475 759 1527 ca'lo.

343 1576 393 1629 1.
422 1574 656 1628 Christus
695 1573 989 1627 auditorum
1019 1566 1350 1624 imbecillitati
1392 1579 1445 1619 se
1472 1559 1857 1630 attemperabat,

268 1666 527 1735 quomodo
549 1675 598 1719 et
627 1681 729 1736 qua
757 1673 939 1717 mente.
973 1661 1229 1733 Unigeniti
1255 1657 1510 1730 generatio
1540 1670 1642 1708 non
1668 1652 1866 1705 ratione

269 1757 594 1825 inquirenda.
634 1754 818 1809 Versus
868 1771 998 1824 quas
1026 1753 1242 1823 explicat
1284 1752 1414 1804 inter
1440 1765 1493 1802 se
1537 1746 1787 1801 cohaerere
1818 1752 1865 1796 et

267 1848 526 1916 quadrare
577 1847 887 1900 demonstrat
931 1844 1340 1916 Cltrysostomus.
1398 1869 1465 1878 —
1520 1836 1672 1904 Quod
1722 1849 1865 1903 smpe

268 1939 381 1993 dixi
409 1981 425 2002 ,
471 1938 577 1994 hoc
606 1947 660 1992 et
690 1951 833 1992 nunc
857 1935 1054 2000 dicam,
1095 1949 1193 1989 nec
1224 1932 1385 1987 linem
1416 1928 1624 1985 dicendi
1651 1926 1860 1981 faciam.

268 2029 411 2098 Quid
441 2030 544 2085 hoc
573 2029 699 2083 est?
738 2028 1082 2098 Loquuturus
1110 2026 1268 2081 Jesus
1294 2023 1363 2078 de
1389 2019 1728 2086 sublimibus,
1761 2032 1857 2070 au-

271 2123 508 2176 ditorum
549 2136 697 2191 saepe
739 2119 1092 2175 imbecillitati
1137 2132 1256 2172 sese
1295 2120 1633 2184 attemperat,
1692 2123 1868 2179 neque

273 2213 644 2282 magnitudine
673 2227 768 2266 sua
797 2210 970 2280 dignis
1001 2210 1167 2264 utitur
1195 2206 1378 2262 verbis
1414 2247 1428 2269 ,
1458 2203 1552 2258 sed
1583 2200 1868 2257 demissio-

273 2303 448 2357 ribus.
485 2302 618 2356 Nam
664 2302 892 2357 sublime
932 2312 1288 2370 magnumque
1312 2295 1511 2350 dictum
1551 2291 1715 2347 semel
1752 2304 1869 2359 pro-

273 2393 475 2456 latum,
519 2393 665 2446 illam
715 2399 891 2461 posset
920 2390 1230 2461 dignitatem
1265 2387 1564 2450 declarare,
1612 2391 1866 2453 quantum

271 2483 494 2536 scilicet
518 2481 699 2536 audire
738 2496 832 2535 uos
865 2493 1148 2551 possumus
1192 2495 1206 2532 :
1236 2475 1521 2531 humiliora
1554 2486 1682 2526 vero
1705 2512 1720 2538 ,
1750 2484 1869 2540 qua:

271 2576 583 2630 auditorum
610 2584 843 2629 mentem
866 2574 1131 2643 attingere
1155 2577 1400 2641 possunt,
1433 2566 1536 2622 nisi
1559 2565 1868 2634 frequenter

273 2667 602 2729 dicerentur,
635 2665 882 2719 sublimia
937 2679 1060 2719 cum
1113 2670 1334 2727 essent,
1389 2659 1537 2713 humi
1593 2663 1867 2726 repentem

276 2758 576 2814 auditorem
602 2774 707 2811 non
746 2756 1063 2827 attigissent.
1091 2753 1217 2809 Ideo
1259 2754 1415 2822 longe
1461 2749 1610 2819 plura
1651 2744 1871 2800 humilia

277 2851 430 2916 dixit,
462 2866 624 2920 quam
653 2850 921 2904 sublimia.
950 2846 1055 2903 Sed
1084 2861 1151 2901 ne
1180 2846 1280 2900 hoc
1306 2842 1446 2899 aliud
1476 2842 1728 2896 damnum
1766 2838 1871 2892 im-

280 2949 548 3009 portaret,
583 2950 636 2994 et
665 2939 810 2993 humi
850 2938 1168 3007 discipulum
1202 2936 1474 2995 retineret,
1508 2929 1758 2985 inferiora
1785 2926 1871 2980 illa

280 3047 380 3084 non
416 3031 549 3084 dicit
581 3071 596 3092 ,
629 3029 728 3083 nisi
757 3043 970 3083 causam
1000 3027 1084 3081 illa
1113 3024 1324 3080 dicendi
1376 3022 1562 3077 aderat
1582 3038 1594 3073 :
1616 3017 1756 3090 quod
1786 3018 1873 3071 hic

277 3123 440 3177 etiam
502 3121 647 3175 fecit.
698 3120 830 3175 Cum
859 3119 1000 3172 enim
1067 3117 1286 3170 dixisset
1331 3114 1398 3169 de
1438 3112 1792 3181 baptismate,
1821 3115 1876 3162 et

277 3214 347 3266 de
395 3213 484 3264 illa
513 3227 633 3281 qua:
686 3211 740 3264 in
782 3222 924 3264 terra
954 3208 1010 3262 ﬁt
1044 3207 1338 3262 secundum
1388 3204 1609 3274 gratiam
1652 3215 1876 3272 genera-

280 3305 453 3366 tione,
485 3303 674 3356 volens
723 3301 791 3356 de
861 3301 1202 3371 generatione
1249 3297 1336 3352 illa
1402 3311 1496 3350 sua
1558 3307 1751 3349 arcana
1820 3301 1872 3347 et

281 3393 541 3447 ineﬂ’abili
592 3392 758 3461 loqui,
804 3390 1108 3445 intermittit
1149 3398 1323 3442 tamen
1353 3427 1367 3452 ,
1407 3395 1462 3441 et
1488 3399 1592 3455 qua
1617 3383 1685 3438 de
1715 3398 1872 3437 causa

280 3485 611 3537 intermittat
661 3483 777 3551 ipse
823 3481 1078 3535 declarat.
1129 3482 1383 3546 Qumnam
1415 3477 1500 3531 illa
1539 3491 1699 3531 causa
1753 3474 1873 3528 est?

281 3575 606 3628 Auditorum
631 3574 903 3627 crassities
932 3582 985 3626 et
1017 3571 1377 3635 imbecillitas,
1413 3584 1572 3639 quam
1604 3583 1726 3620 niox
1757 3564 1874 3619 sub-

283 3665 541 3719 iudicavit
572 3665 654 3718 his
687 3663 864 3717 verbis
898 3682 910 3716 :
942 3662 1001 3717 Si
1029 3673 1225 3715 terrena
1253 3660 1360 3712 dixi
1382 3659 1540 3724 vobis,
1575 3668 1620 3710 et
1647 3673 1746 3709 non
1769 3671 1874 3708 cre-

282 3757 426 3822 ditis,
478 3756 749 3824 quomodo,
811 3755 854 3808 si
909 3755 1083 3808 dixero
1134 3753 1270 3805 vobis
1323 3751 1562 3814 celestia,
1623 3744 1874 3802 credetis?

281 3848 468 3917 Itaque
500 3847 587 3901 ubi
612 3845 909 3900 modestum
938 3844 1062 3914 quid
1093 3852 1147 3898 et
1174 3842 1378 3896 humile
1400 3840 1550 3905 dicit,
1582 3839 1635 3893 id
1660 3838 1870 3892 audito-

282 3957 404 3994 rum
437 3939 791 3993 imbecillitati
820 3937 1230 3991 adscribenduin
1259 3943 1363 3989 est.
1409 3932 1709 3987 Terrestria
1743 3943 1874 3983 vero

280 4032 374 4087 hic
399 4033 622 4103 quidam
653 4040 837 4101 putant
860 4040 1077 4084 ventum
1117 4027 1441 4099 signiﬁcare,
1469 4041 1532 4080 ac
1555 4026 1598 4080 si
1636 4024 1871 4078 diceret:

280 4126 340 4179 Si
374 4126 683 4194 exemplum
711 4140 774 4178 ex
822 4123 1045 4176 terrenis
1071 4121 1228 4184 dedi,
1261 4133 1361 4174 nec
1389 4128 1566 4172 tamen
1596 4116 1873 4185 obtempe-

283 4220 486 4280 rastis,
532 4213 802 4284 quomodo
857 4213 1099 4283 poteritis
1148 4211 1456 4264 sublimiora
1519 4207 1765 4262 discere?
1819 4205 1874 4260 Si

285 4325 450 4378 porro
497 4308 583 4362 hic
614 4307 871 4375 baptisma
927 4315 1197 4360 terrenum
1240 4302 1513 4373 appellet,
1544 4315 1611 4355 ne
1641 4299 1871 4353 mireris.

287 4407 393 4456 Aut
434 4401 581 4454 enim
622 4398 751 4453 illud
792 4399 862 4451 ita
903 4405 1057 4451 vocat
1091 4394 1304 4464 quodin
1337 4393 1495 4448 terris
1537 4391 1872 4446 conferatur:

284 4504 372 4545 aut
400 4495 472 4545 ita
507 4500 683 4556 vocat,
714 4491 885 4560 ipsum
913 4487 1277 4557 comparando
1303 4501 1424 4540 cum
1467 4483 1743 4539 tremenda
1788 4482 1874 4535 illa

285 4601 378 4638 sua
405 4585 779 4656 generatione.
805 4582 934 4636 Nam
957 4582 1056 4637 etsi
1090 4581 1203 4634 hare
1233 4578 1506 4648 generatio
1526 4577 1754 4632 czelestis
1784 4577 1872 4643 sit,

288 4682 328 4730 si
382 4689 568 4731 tamen
609 4685 950 4745 comparetur
985 4689 1106 4728 cum
1137 4672 1228 4725 illa
1271 4687 1336 4725 ex
1381 4670 1552 4724 Patris
1579 4667 1874 4723 substantia

287 4770 638 4840 generatione
659 4809 674 4832 ,
708 4776 921 4821 terrena
966 4764 1070 4818 dici
1103 4771 1294 4832 potest.
1330 4763 1404 4816 Ac
1432 4762 1551 4830 jure
1585 4776 1690 4816 non
1720 4759 1872 4826 dixit,

290 4863 398 4916 Non
429 4860 752 4929 intelligitis,
780 4859 872 4913 sed
899 4899 912 4923 ,
958 4855 1080 4911 Non
1127 4856 1348 4908 creditis.
1385 4853 1439 4909 Si
1487 4854 1604 4923 quis
1635 4853 1774 4908 enim
1813 4867 1875 4906 ea

290 4955 515 5008 credere
544 4961 602 5006 et
649 4950 934 5003 admittere
964 4947 1117 5012 nolit,
1150 4963 1269 5017 qua:
1307 4955 1488 5000 mente
1518 4943 1714 5014 percipi
1763 4957 1878 5011 pos-

292 5055 428 5108 sunt,
457 5043 504 5097 is
530 5043 654 5111 jure
675 5039 915 5094 stultitia:
943 5046 1256 5101 accusetur;
1284 5036 1331 5089 si
1351 5036 1470 5105 quis
1497 5049 1626 5088 vero
1653 5033 1739 5087 illa
1771 5049 1873 5086 non

295 5135 554 5199 admittat,
569 5146 691 5204 qua:
711 5147 817 5185 non
833 5140 1032 5195 mente,
1055 5129 1148 5185 sed
1174 5129 1277 5185 lide
1303 5127 1685 5198 percipiuntur,
1705 5126 1749 5179 is
1772 5139 1875 5178 non

289 5226 386 5296 jam
406 5225 670 5288 stultitiae,
700 5223 793 5278 sed
817 5221 1200 5277 incredulitatis
1213 5235 1372 5276 causa
1393 5219 1647 5289 arguitur.
1665 5217 1732 5273 Ut
1750 5231 1877 5287 ergo

295 5318 435 5372 illum
459 5316 712 5380 abducat,
738 5329 806 5370 ne
834 5312 1122 5369 ratiociniis
1137 5312 1338 5367 dictum
1363 5311 1637 5380 percipere
1652 5317 1873 5379 quwrat,

295 5409 658 5465 vclamentum
680 5407 733 5461 in
758 5405 904 5460 illum
927 5404 1211 5470 invehitur,
1234 5404 1302 5460 dc
1325 5401 1692 5458 incredulitate
1719 5414 1874 5455 accu-

291 5517 424 5555 sans.
451 5499 513 5555 Si
540 5514 671 5554 vero
698 5507 936 5554 nostram
959 5496 1101 5550 illam
1131 5495 1528 5566 generationem
1559 5492 1662 5546 ﬁde
1687 5490 1879 5546 admit-

291 5600 397 5648 tere
412 5598 686 5661 oporteat,
706 5604 809 5660 quo
831 5604 934 5641 non
959 5586 1101 5658 digni
1129 5595 1251 5641 sunt
1272 5584 1552 5656 supplicio,
1575 5583 1664 5653 qui
1684 5581 1879 5652 Unige-

285 5681 378 5738 niti
397 5681 807 5753 generationem
834 5677 1040 5734 ratione
1066 5677 1373 5749 inquirunt?
1399 5675 1504 5733 Sed
1528 5675 1661 5729 forte
1687 5673 1876 5727 dixerit

623 5784 888 5847 Parnm.
929 5788 1045 5847 (in.
1097 5791 1246 5848 ΗΧ.

1971 1193 2255 1260 quispiam,
2287 1197 2388 1250 Cur
2419 1196 2534 1252 lnec
2563 1199 2704 1253 dicta
2734 1212 2892 1267 sunt,
2931 1205 2976 1258 si
3005 1205 3277 1263 auditores
3302 1225 3410 1264 non
3438 1225 3555 1266 cre-

1969 1281 2357 1339 diturierant?
2394 1287 2524 1354 Quia
2556 1293 2655 1344 etsi
2699 1292 2772 1345 illi
2818 1307 2922 1347 non
2969 1294 3220 1350 credituri
3260 1308 3456 1366 erant,
3504 1310 3558 1355 at

1972 1375 2224 1429 credituri
2248 1388 2392 1432 certe
2424 1379 2580 1435 futuri
2607 1379 2871 1446 homines,
2905 1396 2958 1438 et
2988 1385 3111 1442 hinc
3131 1388 3409 1444 utilitatem
3439 1405 3558 1460 per-

1971 1469 2197 1535 cepturi.
2233 1469 2613 1527 Vehementius
2643 1489 2769 1543 ergo
2795 1475 2845 1529 in
2877 1475 3024 1531 illum
3056 1478 3311 1534 invehens
3331 1523 3345 1545 ,
3375 1491 3558 1536 osten-

1971 1557 2048 1610 dit
2072 1559 2323 1627 demum,
2354 1577 2412 1616 se
2456 1579 2562 1616 non
2594 1565 2754 1618 modo
2786 1567 2870 1620 illa
2902 1581 3058 1622 nosse
3083 1610 3097 1634 ,
3144 1569 3236 1624 sed
3264 1573 3424 1626 etiam
3454 1573 3558 1626 alia

1972 1650 2127 1721 longe
2159 1653 2307 1720 plura
2353 1664 2407 1709 et
2455 1656 2656 1724 majora
2688 1675 2701 1722 ;
2734 1659 2876 1727 quod
2912 1675 3006 1728 per
3030 1663 3306 1730 sequentia
3329 1665 3559 1720 ostendit

1973 1741 2156 1798 dicatis
2183 1762 2196 1796 :
2233 1743 2284 1796 Ν
2289 1762 2396 1799 emo
2427 1747 2677 1802 incretum
2703 1751 2950 1814 ascendit,
2971 1752 3068 1806 nisi
3108 1753 3196 1823 qui
3227 1754 3290 1808 de
3314 1756 3438 1810 ctelo
3474 1773 3560 1810 ae-

1974 1835 2185 1898 scendit,
2217 1835 2384 1891 Filius
2411 1841 2628 1894 hominis
2647 1881 2662 1905 ,
2699 1842 2784 1911 qui
2813 1852 2884 1896 est
2911 1843 2962 1895 in
2993 1844 3135 1898 caelo.
3163 1844 3231 1899 Et
3269 1861 3512 1915 quaenam
3540 1891 3555 1913 ,

1974 1927 2215 1997 inquies,
2250 1928 2364 1995 bare
2390 1932 2815 2000 consequentia?
2843 1932 3069 1988 Maxima
3100 1944 3264 1998 certe,
3297 1945 3352 1990 et
3375 1938 3558 1992 admo-

1973 2016 2098 2070 dum
2121 2033 2241 2072 cum
2270 2020 2590 2088 supradictis
2614 2036 2940 2076 consonans.
2963 2024 3096 2090 Quia
3118 2025 3259 2079 enim
3293 2025 3379 2079 ille
3404 2027 3557 2081 dixe-

1974 2118 2059 2162 rat
2087 2127 2101 2163 :
2136 2109 2338 2165 Scimus
2376 2112 2493 2180 quia
2521 2129 2553 2165 a
2591 2112 2697 2168 Deo
2723 2115 2901 2168 venisti
2937 2117 3176 2186 magister
3198 2157 3212 2180 ,
3245 2117 3347 2170 hoc
3388 2119 3558 2187 ipsum

1976 2201 2068 2256 ille
2097 2203 2333 2272 corrigit,
2363 2219 2426 2258 ac
2457 2205 2498 2258 si
2531 2205 2670 2260 dicat
2696 2223 2709 2259 :
2741 2206 2817 2261 Ne
2839 2217 2993 2277 putes
3032 2223 3117 2263 me
3148 2211 3216 2262 ita
3250 2209 3562 2279 magistrum

1976 2309 2095 2350 esse
2123 2303 2180 2349 ut
2207 2296 2356 2350 multi
2384 2297 2661 2367 prephetae
2685 2341 2699 2365 ,
2736 2300 2824 2369 qui
2859 2300 2926 2354 de
2955 2310 3093 2354 terra
3122 2311 3294 2354 erant.
3327 2302 3401 2355 Ex
3430 2303 3563 2356 οωιο

1977 2401 2204 2457 namque
2231 2388 2406 2443 venio.
2437 2389 2822 2460 PrOphetarum
2851 2392 3048 2461 quippe
3077 2392 3252 2447 nullus
3281 2409 3346 2447 eo
3372 2409 3563 2448 ascen-

1977 2476 2101 2541 dit;
2148 2492 2248 2548 ego
2293 2479 2399 2532 illic
2450 2478 2650 2534 habito.
2692 2480 2877 2535 Viden‘
2918 2481 3189 2551 quomodo
3229 2483 3359 2538 illud
3403 2483 3561 2537 etiam

1977 2567 2118 2639 quod
2146 2569 2431 2624 admodum
2465 2571 2693 2626 sublime
2719 2573 2930 2628 videtur
2957 2588 3076 2628 csse
3099 2614 3114 2638 ,
3150 2573 3267 2642 ejus
3294 2576 3561 2646 magnitu-

1979 2659 2101 2715 dine
2133 2661 2557 2731 indignissimum
2601 2664 2718 2717 sit?
2759 2663 2873 2717 Non
2917 2673 3122 2717 tantum
3153 2664 3295 2718 enim
3335 2665 3386 2718 in
3431 2665 3564 2720 caelo

1978 2759 2078 2818 est,
2103 2753 2195 2806 sed
2227 2753 2384 2807 etiam
2414 2755 2628 2824 ubique,
2661 2763 2715 2809 et
2740 2755 2916 2808 omnia
2939 2755 3143 2825 implet.
3171 2753 3367 2809 Verum
3390 2754 3563 2809 adhuc

1980 2857 2074 2910 pro
2106 2843 2362 2898 auditoris
2391 2844 2754 2899 imbecillitate
2777 2844 3032 2912 loquitur,
3056 2854 3117 2898 ut
3141 2845 3393 2916 paulatim
3413 2845 3562 2900 illum

1979 2935 2166 3004 erigat.
2195 2935 2388 2990 Filium
2415 2948 2591 2992 autem
2633 2937 2865 2991 hominis
2900 2938 2988 2992 hic
3019 2954 3124 2992 non
3163 2953 3379 2992 carnem
3408 2953 3564 2994 voca‘

1981 3025 2074 3091 vit,
2100 3025 2194 3079 sed
2223 3041 2253 3079 a
2296 3027 2486 3080 minori
2518 3028 2809 3081 substantia
2842 3041 2900 3082 se
2930 3037 3098 3080 totum
3122 3066 3137 3090 ,
3174 3037 3231 3081 ut
3257 3029 3330 3081 ita
3357 3027 3554 3092 dicam,

1981 3118 2294 3172 nominavit.
2340 3117 2488 3173 Solet
2525 3119 2667 3172 enim
2698 3134 2843 3187 saepe
2885 3133 2914 3171 a
2958 3118 3234 3173 divinitate
3260 3160 3274 3182 ,
3321 3133 3463 3187 saepe
3497 3119 3566 3173 ab

1980 3206 2308 3262 humanitate
2336 3250 2350 3274 ,
2395 3223 2454 3262 se
2503 3217 2670 3262 totum
2723 3223 2936 3262 vocare.
2985 3209 3071 3262 14.
3114 3207 3180 3260 Et
3222 3209 3354 3261 sicut
3400 3208 3565 3262 Moses

1981 3299 2218 3353 exultavit
2246 3311 2525 3367 serpentem
2549 3301 2601 3353 in
2638 3299 2833 3354 deserto
2864 3342 2878 3364 ,
2912 3301 2982 3353 ita
3007 3299 3222 3354 exaltari
3247 3310 3441 3368 oportet
3471 3299 3564 3354 Fi-

1981 3391 2103 3444 lium
2126 3391 2362 3445 hominis.
2389 3391 2501 3446 Hoc
2528 3407 2736 3446 rursum
2760 3392 2968 3447 videtur
2989 3407 3017 3446 a
3047 3393 3414 3462 superioribus
3437 3394 3565 3449 alie-

1983 3500 2105 3536 num
2132 3501 2144 3548 ;
2179 3483 2272 3539 sed
2313 3499 2432 3539 cum
2465 3485 2568 3539 illis
2597 3485 2827 3540 maxime
2857 3486 3142 3539 consentit.
3175 3484 3308 3540 Cum
3345 3486 3566 3542 dixisset

1980 3578 2122 3630 enim
2185 3578 2473 3632 maximum
2518 3594 2612 3648 per
2653 3577 2916 3647 baptisma
2973 3578 3223 3632 collatum
3267 3577 3566 3634 hominibus

1982 3683 2100 3723 esse
2128 3667 2444 3722 beneﬁcium
2472 3711 2486 3735 ,
2518 3669 2664 3722 addit
2716 3667 2872 3738 hujus
2917 3683 3131 3724 causam
3157 3711 3172 3735 ,
3217 3683 3391 3740 neque
3422 3671 3565 3724 illam

1983 3759 2242 3832 minorem
2270 3801 2282 3824 ,
2317 3760 2520 3814 scilicet
2577 3776 2672 3830 per
2730 3776 2965 3815 crucem.
3015 3759 3471 3827 Quemadmodum
3515 3773 3569 3816 et

1985 3853 2176 3908 Paulus
2205 3853 2509 3907 Corinthios
2539 3853 2850 3923 alloquens,
2882 3852 2995 3906 haec
3023 3853 3178 3906 simul
3201 3852 3378 3923 jungit
3406 3853 3568 3908 bene-

1983 3947 2100 4001 ﬁcia
2143 3947 2225 4001 bis
2276 3947 2488 4001 verbis:
2525 3944 2788 4012 Numquid
2830 3945 3027 3998 Paulus
3063 3945 3334 4011 eruti/iras
3379 3955 3451 3997 est
3477 3961 3568 4014 pro

1982 4039 2159 4092 vobis?
2186 4047 2273 4091 aut
2303 4039 2354 4090 in
2385 4037 2584 4091 nomine
2601 4035 2758 4089 Pauli
2775 4035 3015 4106 baptizati
3044 4037 3160 4088 estis
3183 4033 3324 4104 (Cor.
3349 4035 3396 4088 1.
3430 4035 3562 4104 l3)?

1984 4129 2107 4184 llaec
2129 4130 2270 4183 enim
2294 4128 2399 4184 duo
2441 4127 2670 4181 maxime
2711 4124 3033 4180 ineﬁ‘abilem
3057 4124 3170 4194 ejus
3195 4138 3432 4178 amorem
3475 4139 3568 4178 os-

1985 4220 2206 4274 tendunt
2243 4236 2257 4283 ;
2301 4215 2441 4288 quod
2474 4231 2571 4285 pro
2593 4215 2820 4269 inimicis
2849 4227 3041 4284 passus
3075 4213 3185 4277 sit,
3217 4223 3270 4266 et
3295 4212 3436 4280 quod
3471 4226 3567 4282 pro

1984 4310 2212 4364 inimicis
2239 4317 2478 4361 mortuus
2504 4347 2518 4370 ,
2553 4321 2646 4377 per
2676 4305 3000 4374 baptismum
3026 4304 3285 4373 integram
3323 4311 3567 4372 peccato-

1984 4420 2098 4457 rum
2133 4402 2339 4456 veniam
2369 4400 2591 4470 largitus
2623 4399 2710 4452 sit.

2053 4497 2109 4550 2.
2148 4495 2256 4549 Cur
2297 4504 2471 4548 autem
2517 4508 2621 4546 non
2674 4490 2819 4544 clare
2865 4487 2998 4542 dixit
3042 4502 3100 4542 se
3145 4485 3565 4556 cruciﬁgeudum

1985 4603 2124 4653 esse,
2157 4586 2248 4641 sed
2277 4586 2343 4639 ad
2374 4594 2610 4638 veterem
2646 4582 2863 4652 ﬁguratn
2889 4578 3159 4633 auditores
3188 4575 3429 4631 remisit?
3452 4574 3567 4632 Pri-

1986 4697 2128 4735 mum
2163 4689 2218 4733 ut
2248 4676 2555 4733 discerent‘
2584 4683 2820 4728 veterum
2853 4686 2972 4726 cum
2997 4671 3146 4724 novis
3175 4666 3566 4738 cognationem,

1983 4775 2290 4842 scirentque
2336 4769 2450 4823 hmc
2490 4767 2596 4820 illis
2634 4765 2806 4820 aliena
2838 4778 2942 4816 non
2987 4775 3148 4825 esse;
3181 4757 3373 4814 deinde
3402 4766 3458 4811 ut
3481 4756 3565 4812 in-

1988 4867 2192 4936 telligas
2212 4907 2226 4930 ,
2257 4863 2428 4933 ipsum
2469 4876 2574 4915 non
2605 4859 2824 4912 invitum
2857 4854 2923 4909 ad
2966 4862 3191 4908 mortem
3220 4855 3466 4914 venisse;
3500 4849 3565 4904 ad

1987 4962 2099 5015 haec
2124 4968 2299 5013 autem
2346 4965 2401 5009 ut
2443 4954 2678 5009 disceres
2707 4993 2721 5016 ,
2751 4949 2952 5004 nullum
2999 4946 3096 5016 ipsi
3132 4945 3200 4999 ab
3239 4945 3326 5000 illa
3374 4959 3432 4997 re
3474 4943 3567 4998 da-

1985 5067 2166 5106 mnum
2187 5046 2481 5119 importari,
2506 5054 2559 5100 et
2580 5044 2703 5097 hinc
2723 5039 2902 5095 multis
2919 5039 3089 5108 ipsum
3106 5037 3329 5090 salutem
3353 5047 3564 5103 parere.

1982 5144 2060 5200 Ne
2108 5143 2226 5214 quis
2252 5142 2391 5197 enim
2419 5138 2657 5201 diceret,
2692 5134 2757 5188 Et
2801 5130 3070 5202 quomodo
3107 5129 3219 5182 ﬁeri
3261 5134 3478 5196 potest,
3512 5135 3568 5179 ut

1983 5239 2072 5310 qui
2107 5238 2158 5291 in
2206 5233 2515 5289 cruciﬁxum
2564 5226 2791 5284 credunt
2818 5267 2831 5289 ,
2865 5224 3090 5278 salutem
3130 5228 3529 5288 consequantur
3553 5260 3566 5280 .

1985 5309 2104 5384 eum
2147 5338 2200 5382 et
2239 5328 2352 5398 ipse
2393 5340 2420 5375 a
2465 5331 2636 5376 morte
2675 5325 2952 5386 correptus
2990 5309 3284 5367 iuerit‘lad
3330 5317 3568 5363 veterem

1985 5435 2081 5476 nos
2105 5419 2394 5474 historiam
2427 5413 2590 5468 ducit.
2621 5410 2751 5465 Nam
2792 5408 2836 5462 si
2878 5404 3163 5476 imaginem
3200 5413 3404 5456 aeneam
3453 5412 3568 5452 ser-

1985 5512 2157 5584 pentis
2197 5507 2542 5578 respicientes
2575 5501 2742 5557 .ludzei
2777 5543 2790 5568 ,
2823 5508 3048 5556 mortem
3087 5493 3324 5551 vitabant
3352 5508 3367 5558 ;
3399 5485 3570 5546 multo

2050 5674 2062 5704 ¹
2102 5665 2239 5719 savil.
2261 5702 2276 5726 ,
2301 5670 2350 5714 ut
2375 5661 2552 5714 discas.

3155 5769 3225 5825 10
