4012 6198
704 307 804 359 i‘fi'i

688 416 869 484 magis
915 413 950 467 ii
993 411 1083 480 qui
1124 410 1176 464 in
1220 406 1530 463 crucifixum
1586 403 1810 458 credunt
1838 443 1854 468 ,
1910 399 2276 470 praestantiore

697 511 941 564 fruentur
970 503 1248 561 beneficio.
1279 501 1394 555 Non
1418 499 1561 554 enim
1592 507 1809 569 propter
1837 494 2075 550 cruciﬁxi
2104 493 2273 548 imbe-

697 603 977 657 cillitatem
1002 641 1016 665 ,
1050 611 1221 667 neque
1247 593 1386 665 quod
1409 592 1575 647 Judaei
1606 586 1910 658 superiores
1940 587 2138 642 fuerint
2158 629 2173 653 ,
2205 588 2274 642 ita

697 696 893 752 factum
926 702 1009 751 est
1038 711 1051 747 :
1079 692 1171 747 sed
1201 690 1325 760 quia
1354 689 1491 742 Deus
1515 687 1691 741 dilexit
1721 684 1985 748 mundum,
2017 681 2136 736 ideo
2161 681 2276 734 ani-

694 799 894 842 matum
925 785 1053 854 ejus
1095 784 1345 851 templum
1386 778 1730 848 crucifigitur.
1780 776 1866 830 l5.
1907 774 1973 829 Ut
2003 775 2164 827 omnis
2189 773 2276 843 qui

693 880 851 933 credit
896 876 951 930 in
979 874 1124 929 illum
1148 891 1248 927 non
1275 881 1480 943 pereat,
1511 870 1601 924 sed
1629 869 1808 922 habeat
1833 868 1984 921 vitam
2011 877 2270 920 wternam.

694 968 882 1024 Viden‘
918 967 1092 1022 crucis
1123 979 1337 1020 causam
1363 1003 1378 1026 ,
1408 970 1462 1017 et
1491 962 1717 1015 salutem
1761 958 1885 1012 inde
1921 956 2165 1025 partam?
2196 955 2274 1008 vi-

689 1060 813 1115 tlen'
841 1059 1022 1129 figura:
1050 1072 1169 1111 cum
1200 1054 1421 1109 veritate
1443 1048 1886 1107 consonantiam?
1908 1047 2019 1102 Illic
2047 1054 2270 1101 mortem

688 1153 922 1223 effugere
950 1148 1119 1205 Judaei
1145 1189 1161 1212 ,
1205 1146 1297 1202 sed
1330 1154 1725 1214 temporaneam
1751 1157 1767 1207 ;
1796 1141 1882 1195 hic
1921 1148 2176 1195 :cternam
2210 1138 2272 1192 fi-

688 1245 855 1298 deles.
886 1240 995 1295 Illic
1022 1253 1313 1308 suspensus
1335 1249 1555 1304 serpens
1593 1242 1900 1302 serpentum
1933 1245 2143 1285 morsus
2179 1245 2271 1284 cu-

686 1334 871 1387 rabat:
903 1330 991 1385 hic
1019 1327 1304 1383 crucifixus
1330 1325 1485 1382 Iesus
1522 1340 1553 1379 a
1594 1324 1853 1395 spirituali
1879 1322 2110 1377 dracone
2135 1320 2272 1375 inﬂi-

685 1433 800 1479 ctas
830 1422 1010 1493 plagas
1039 1420 1277 1475 curabat.
1307 1418 1417 1473 Illic
1444 1417 1531 1487 qui
1561 1416 1729 1471 oculis
1746 1415 2017 1485 corporeis
2033 1413 2267 1478 videbat,

687 1514 1000 1578 curabatur;
1026 1511 1113 1566 hic
1138 1510 1225 1581 qui
1254 1509 1446 1563 mentis
1467 1508 1635 1563 oculis
1662 1506 1822 1571 videt,
1850 1515 2064 1575 peccata
2087 1505 2263 1557 omnia

686 1605 925 1675 deponit.
957 1602 1067 1656 Illic
1092 1617 1166 1656 aes
1195 1599 1459 1670 pendebat
1484 1598 1549 1653 ad
1586 1598 1801 1652 modum
1845 1597 2107 1663 serpentis
2136 1597 2271 1665 ligu-

685 1704 891 1758 ratum;
933 1692 1020 1746 hic
1060 1705 1253 1760 corpus
1299 1690 1628 1745 Dominicum
1671 1703 1699 1741 a
1729 1686 1930 1757 Spiritu
1962 1688 2264 1741 formatum.

685 1787 796 1842 Illic
824 1798 1045 1855 serpens
1068 1783 1364 1848 mordebat,
1396 1792 1448 1838 et
1478 1796 1697 1852 serpens
1725 1782 1978 1846 curabat;
2010 1771 2268 1838 hitfmors

686 1878 947 1949 perdidit,
975 1886 1027 1931 et
1058 1891 1203 1931 mors
1243 1879 1491 1931 servavit.
1525 1875 1629 1931 Sed
1658 1877 1746 1947 qui
1779 1875 2117 1930 interitnebat
2147 1890 2264 1930 ser-

684 1986 813 2040 rens
834 2011 849 2035 ,
880 1986 1141 2026 venenum
1177 1968 1407 2025 habebat
1437 1986 1451 2033 ;
1484 1969 1573 2039 qni
1604 1984 1732 2023 vero
1762 1966 2030 2033 séﬂ‘abat,
2059 1982 2265 2024 veneno

685 2079 887 2119 vacuus
916 2071 1051 2119 erat.
1083 2063 1316 2133 ldipsum
1338 2062 1447 2132 jam
1479 2060 1659 2116 videre
1679 2072 1779 2116 est.
1809 2060 1940 2116 Nam
1972 2075 2117 2118 mors
2146 2076 2265 2131 qua:

682 2154 1038 2219 iuterimebat,
1065 2164 1338 2223 peccatum
1372 2153 1619 2219 trahebat,
1645 2161 1983 2209 utvenenum
2005 2167 2262 2223 serpens:

685 2247 894 2301 Domini
920 2256 1097 2301 autem
1129 2261 1273 2301 mors
1316 2246 1384 2301 ab
1407 2247 1549 2301 omni
1580 2257 1797 2321 peccato
1828 2247 2079 2302 immunis
2104 2255 2261 2316 erat,

682 2350 741 2392 ιιι
768 2353 949 2393 ωηερε
985 2353 1207 2408 serpens
1235 2353 1265 2394 a
1287 2355 1493 2395 veneno
1518 2355 1736 2395 vacuus.
1767 2339 2038 2395 Peccatum
2073 2342 2214 2396 enim
2244 2382 2261 2409 ,

683 2428 888 2497 inquit,
931 2445 1030 2481 non
1060 2428 1210 2496 fecit,
1245 2445 1336 2483 nec
1375 2430 1605 2484 inventus
1642 2439 1715 2484 est
1758 2430 1904 2484 dolus
1943 2432 1996 2484 in
2022 2448 2107 2485 ore
2149 2432 2264 2499 ejus

681 2521 760 2589 (I.
795 2519 905 2574 Pet.
932 2520 986 2574 2.
1014 2520 1126 2591 9.2).
1157 2520 1268 2575 lloc
1287 2536 1414 2592 ergo
1436 2531 1516 2576 est
1539 2522 1680 2591 quod
1698 2521 2011 2591 significavit
2033 2521 2261 2578 Paulus:

682 2613 991 2685 Exspolians
1041 2614 1355 2685 principatus
1395 2624 1443 2668 et
1495 2623 1800 2684 potestates,
1838 2615 2061 2668 traduxit
2103 2616 2264 2683 conﬁ-

680 2709 853 2761 denter
877 2748 890 2773 ,
924 2706 1098 2777 palam
1134 2706 1451 2775 triumphans
1496 2707 1613 2760 illos
1654 2707 1708 2760 in
1746 2707 2011 2777 semetipso
2041 2705 2258 2776 (Coloss.

672 2799 735 2854 2.
770 2799 881 2869 15).
911 2797 1371 2865 Quemadmodum
1424 2798 1567 2853 enim
1613 2798 1809 2852 athleta
1836 2805 2105 2862 strenuus,
2135 2812 2257 2852 cttm

680 2890 960 2945 sublimem
996 2898 1172 2945 actum
1210 2889 1574 2944 adversarium
1615 2890 1945 2958 prosternit,
1977 2888 2262 2944 clariorem

668 2983 841 3039 refert
870 2984 1146 3038 victoriam
1174 3002 1186 3038 :
1216 2983 1293 3038 sic
1324 2992 1375 3037 et
1403 2982 1644 3038 Christus
1667 2990 1777 3036 toto
1804 2990 2078 3051 spectante
2107 2981 2257 3049 orbe,

680 3075 1010 3129 adversarius
1031 3082 1324 3144 potestates
1350 3073 1563 3143 dejecit;
1593 3080 1650 3128 et
1664 3073 1746 3145 eis
1775 3073 1863 3142 qui
1892 3073 1943 3127 in
1972 3072 2259 3129 solitudine

668 3165 937 3221 vulnerati
966 3165 1175 3221 fuerant
1200 3166 1400 3219 curatis
1431 3207 1446 3232 ,
1478 3165 1546 3218 ab
1575 3163 1824 3219 omnibus
1850 3164 1976 3219 feris
2011 3165 2154 3235 ipsos
2199 3163 2254 3220 in

681 3272 841 3313 cruce
870 3272 1160 3328 suspensus
1190 3258 1454 3313 liberavit.
1475 3257 1665 3312 Verum
1697 3272 1800 3311 non
1826 3256 2258 3327 dixit,Sttspendi

674 3358 907 3418 oportet,
951 3348 1066 3412 sed,
1101 3347 1357 3404 Exaltari.
1385 3349 1536 3417 Quod
1573 3351 1715 3402 enim
1748 3348 1893 3403 dictu
1929 3349 2257 3405 tolerabilius

678 3455 797 3494 esse
817 3439 1098 3495 videbatur
1131 3440 1182 3493 in
1209 3440 1475 3495 audientis
1495 3444 1718 3511 gratiam
1746 3480 1760 3505 ,
1792 3442 1892 3495 Itoc
1924 3440 2166 3511 proxime
2190 3440 2259 3496 ad

680 3531 899 3602 figuram
928 3530 1003 3602 (a)
1030 3532 1290 3587 accedens
1319 3532 1513 3601 posuit.

753 3624 844 3679 Dei
904 3640 1047 3678 amor
1101 3641 1220 3696 erga
1277 3624 1502 3679 homines
1530 3634 1747 3695 quantus
1797 3625 1860 3678 sit
1907 3641 1971 3679 ea:
2023 3625 2261 3679 incarna-

677 3719 809 3772 tione
849 3726 896 3771 et
935 3722 1168 3786 passione
1208 3717 1462 3788 probatur.
1499 3716 1669 3784 Quare
1696 3727 1853 3771 marte
1890 3733 1985 3770 sua
2027 3716 2257 3771 subindi-

677 3818 790 3859 cata
817 3847 834 3872 ,
883 3807 1050 3860 statim
1076 3823 1128 3860 se
1165 3818 1416 3860 auctorem
1433 3806 1571 3860 'uita:
1593 3807 1883 3878 prwdixerit
1921 3806 2168 3862 Christus.
2187 3838 2259 3848 —

676 3898 766 3952 16.
819 3897 909 3953 Sic
939 3899 1070 3952 enim
1104 3896 1238 3952 Deus
1267 3899 1442 3953 dilexit
1479 3899 1722 3952 ntunduut
1751 3940 1765 3966 ,
1800 3910 1851 3953 ttt
1882 3897 2075 3953 Filium
2112 3916 2257 3954 suum

675 3990 989 4061 unigenitum
1018 3990 1160 4044 daret
1188 4032 1202 4057 ,
1236 4001 1289 4044 ut
1318 3991 1497 4057 omnis,
1535 3992 1622 4061 qui
1654 3992 1811 4045 credit
1841 3993 1893 4045 iu
1920 3992 2119 4061 ipsum,
2154 4009 2256 4047 non

673 4091 865 4154 pereat,
889 4082 977 4136 sed
998 4082 1176 4135 habeat
1205 4082 1354 4135 vitam
1383 4091 1642 4136 cateruam.
1668 4082 1778 4137 IIoc
1807 4093 1883 4137 est
1907 4100 1919 4135 :
1942 4082 2019 4138 Ne
2045 4084 2255 4139 mireris

672 4175 813 4246 quod
843 4190 941 4246 ego
983 4175 1299 4230 exaltandus
1329 4176 1462 4241 sim,
1490 4186 1547 4231 ut
1576 4190 1671 4231 vos
1701 4177 1926 4232 salutem
1953 4192 2251 4247 consequa.

672 4268 823 4322 mini.
869 4267 999 4323 Nam
1043 4267 1145 4322 hoc
1187 4267 1255 4321 ita
1297 4266 1438 4322 Patri
1478 4269 1647 4324 visum
1677 4278 1759 4324 est
1790 4285 1804 4332 ;
1837 4278 1891 4324 et
1936 4272 2015 4324 sic
2045 4271 2131 4325 ille
2159 4286 2254 4325 vos

671 4359 876 4422 dilexit,
904 4369 959 4412 ut
976 4375 1069 4426 pro
1086 4359 1259 4415 servis
1284 4358 1475 4414 Filium
1498 4360 1684 4425 daret,
1713 4370 1767 4416 et
1789 4376 1884 4431 pro
1904 4362 2120 4431 ingratis
2137 4375 2251 4416 ser-

671 4452 772 4507 vis.
789 4451 945 4520 Atqui
962 4466 1135 4520 neque
1156 4466 1251 4521 pro
1268 4452 1440 4507 amico
1455 4453 1717 4522 quispiam
1737 4454 1785 4506 id
1808 4463 1959 4523 agat:
1996 4451 2093 4507 Via:
2120 4454 2253 4507 enim

670 4562 767 4615 pro
784 4544 929 4616 justo
957 4546 1069 4615 quis
1095 4545 1341 4597 moriatur
1368 4545 1527 4613 (Rom
1576 4545 1631 4600 5.
1662 4546 1738 4615 7).
1770 4545 1874 4601 Sed
1901 4546 1989 4600 ille
2012 4545 2253 4615 longiore

669 4653 798 4692 usus
827 4651 1076 4694 sermone
1101 4645 1185 4691 est
1205 4676 1220 4701 ,
1249 4636 1370 4707 quia
1412 4635 1653 4691 fidelibus
1682 4636 1847 4692 verba
1871 4636 2095 4692 faciebat
2120 4654 2133 4691 :
2165 4637 2251 4693 hic

666 4737 845 4783 autem
865 4728 1082 4783 brevius
1107 4727 1373 4791 Christus,
1406 4727 1528 4795 quia
1550 4726 1893 4781 Nicodemum
1934 4727 2247 4798 alloqueba-

668 4828 752 4872 tur
776 4835 796 4884 7;
831 4818 924 4873 sed
951 4834 1070 4874 cum
1099 4819 1299 4889 majore
1322 4817 1596 4888 emphasi:
1626 4834 1743 4889 qua:
1774 4820 1824 4873 itt
1850 4820 2070 4891 singulis
2092 4820 2252 4876 dictis

667 4910 1004 4964 observatur.
1054 4910 1148 4965 llis
1189 4910 1332 4966 enim
1371 4909 1578 4976 verbis,
1608 4910 1696 4967 Sic
1726 4910 1941 4974 dilexit,
1988 4920 2041 4965 et
2068 4951 2082 4971 .
2112 4907 2250 4965 Deus

669 5003 914 5059 mundum
937 5044 951 5070 ,
984 5003 1170 5074 ingens
1198 5018 1351 5059 amor
1394 5002 1741 5074 significatur.
1773 5002 1992 5061 Multum
2014 5004 2211 5074 quippe
2231 5046 2246 5072 ,

670 5098 777 5153 imo
812 5098 1131 5153 immensum
1173 5105 1288 5152 erat
1330 5096 1639 5153 discrimen.
1681 5095 1814 5152 Nam
1857 5096 2172 5152 immortalis
2198 5106 2251 5152 et

644 5189 785 5245 sine
815 5189 1098 5260 principio,
1131 5189 1437 5260 magnitudo
1459 5188 1662 5244 infinita
1688 5230 1703 5255 ,
1730 5203 1792 5244 ex
1826 5199 1965 5244 terra
1996 5198 2050 5244 et
2070 5190 2251 5247 cinere

670 5285 941 5348 formatos,
976 5283 1271 5339 innumeris
1301 5294 1520 5339 onustos
1545 5282 1783 5355 peccatis
1802 5324 1816 5349 ,
1841 5283 1929 5354 qui
1953 5298 2167 5353 semper
2190 5297 2250 5340 se

669 5371 1032 5440 effundebant,
1066 5374 1336 5446 ingratos;
1362 5374 1493 5440 hos,
1526 5375 1762 5446 inquam,
1788 5373 1994 5430 dilexit.
2023 5376 2085 5430 Et
2129 5391 2250 5446 qua:

671 5474 853 5534 postea
898 5475 1193 5535 sequuntur
1256 5466 1475 5535 perinde
1517 5467 1852 5523 vehementia
1892 5477 2057 5533 sunt;
2102 5466 2253 5523 addit

668 5559 812 5615 enim
850 5577 864 5614 :
900 5557 970 5614 Ut
1011 5557 1200 5612 Filium
1239 5575 1383 5614 suum
1426 5560 1736 5630 unigenitum
1777 5559 1965 5625 daret;
1996 5575 2100 5614 tton
2129 5574 2245 5614 scr-

666 5694 802 5807 suéa)
813 5697 1004 5807 Ngttlnisi
1016 5695 1227 5759 figurate
1247 5695 1418 5746 dicitur
1431 5695 1649 5748 Christus
1668 5691 1890 5758 exaltari,
1908 5708 2018 5745 cum
2037 5697 2084 5745 in
2101 5708 2248 5749 cruce

751 5769 845 5807 neu
881 5772 893 5806 t
918 5772 993 5807 ur.

749 5769 993 5819 penditur.

1332 323 1343 333 ς
1414 291 1469 343 S.
1511 289 1787 345 JOANNIS
1822 284 2294 345 CIIRVSOSTOMI
2334 285 2649 344 ARCIIIEP.
2690 291 3220 354 CONSTANTINOP.
3779 312 3800 365 ἶ

2384 416 2528 466 vum,
2557 418 2660 460 non
2685 410 2952 479 angelum,
2974 429 3076 467 non
3095 414 3468 486 archangelum
3485 419 3562 474 ait.
3585 422 3715 493 A‘Iqui
3734 441 3810 481 neu

2385 509 2613 565 unquam
2642 499 2724 554 vel
2761 503 2900 558 circa
2940 504 3105 560 filium
3151 518 3353 561 tantum
3395 508 3598 565 studium
3636 513 3810 571 adhibui

2382 598 2636 659 quantum
2664 591 2806 647 Deus
2837 593 2976 649 circa
3015 595 3251 665 ingratos
3277 612 3476 654 servos.
3516 600 3769 658 Passionem
3792 608 3809 660 i

2380 695 2484 749 que
2509 695 2613 735 non
2643 685 2860 738 omnino
2887 696 3069 755 aperte
3089 729 3104 753 ,
3137 688 3231 742 sed
3257 688 3478 745 obscure
3503 693 3727 761 pradicit;
3752 711 3810 751 en

2383 772 2673 828 Iumentum
2718 785 2897 832 autem
2937 792 3004 833 ex
3052 779 3302 848 passione
3340 780 3563 837 futurum
3589 786 3710 840 clare
3731 788 3810 843 dici

2380 863 2452 919 Ut
2479 867 2639 920 omnis
2663 869 2749 938 qui
2776 871 2930 923 credit
2950 871 3004 923 in
3029 887 3141 925 eum
3165 912 3180 937 ,
3218 889 3318 927 non
3348 884 3535 944 pereat,
3554 871 3630 931 sed
3651 878 3801 932 habeat

2380 968 2484 1013 tam
2513 969 2773 1015 (sternam.
2803 963 2935 1030 Quia
2985 964 3191 1020 dixerat
3234 966 3405 1037 ipsum
3442 970 3688 1026 exaltatum
3726 974 3810 1041 iri,

2380 1060 2607 1107 mortem
2659 1054 3090 1110 subindicaverat
3113 1097 3127 1119 ,
3168 1072 3236 1112 ne
3263 1058 3424 1112 verba
3454 1060 3616 1116 istlurc
3638 1077 3809 1118 mteror

2378 1144 2875 1211 parereutauditori
2906 1186 2922 1211 ,
2967 1145 3121 1201 etde
3173 1147 3289 1215 ipso
3344 1147 3610 1203 humanum
3651 1153 3809 1221 quidpi

2376 1236 2772 1304 suspicaretur,
2806 1248 3117 1309 putaretque
3166 1250 3391 1295 mortem
3432 1242 3521 1311 ipsi
3550 1242 3691 1297 linem
3728 1262 3810 1298 exs

2377 1324 2521 1380 tendi
2552 1325 2778 1380 futuram
2828 1342 2967 1391 esse,
3014 1328 3136 1382 vide
3179 1344 3284 1397 quo
3316 1340 3468 1398 pacto
3512 1331 3556 1385 id
3576 1340 3809 1402 altctnpcrt

2375 1432 2494 1471 cum
2521 1419 2644 1472 dicit
2678 1418 2857 1472 datum
2890 1434 3008 1473 esse
3035 1421 3125 1475 Dei
3152 1421 3368 1483 Filium,
3399 1425 3513 1478 vita:
3545 1440 3733 1480 causam
3758 1469 3771 1490 ,
3798 1429 3809 1479 i

2374 1509 2495 1562 vita:
2539 1519 2775 1562 tuleram.
2811 1509 2859 1564 Is
2901 1525 3028 1565 vero
3065 1512 3153 1582 qui
3187 1528 3282 1581 per
3328 1523 3541 1568 mortem
3579 1530 3710 1569 suam
3751 1518 3810 1571 vit

2373 1600 2491 1654 aliis
2520 1600 2739 1655 daturus
2783 1612 2897 1657 erat
2916 1644 2932 1669 ,
2962 1604 3015 1658 in
3044 1613 3218 1660 morte
3245 1621 3349 1659 non
3381 1606 3468 1660 diu
3500 1622 3749 1663 mansurus
3774 1626 3810 1664 et

2370 1691 2502 1747 Nam
2526 1693 2569 1748 si
2602 1695 2634 1748 ii
2680 1696 2766 1764 qui
2790 1696 2843 1749 iu
2875 1697 3188 1751 crucifixum
3220 1699 3483 1766 credunt,
3521 1716 3614 1755 non
3656 1718 3809 1772 percu

2372 1784 2539 1839 multo
2583 1786 2759 1841 minus
2791 1789 2985 1857 peribit
3014 1789 3103 1845 ille
3129 1790 3432 1845 crucifixus.
3460 1791 3549 1860 Qui
3583 1794 3710 1849 enim
3746 1812 3810 1864 pet

2372 1874 2508 1930 ciem
2559 1876 2628 1931 ab
2675 1878 2794 1933 aliis
2839 1877 3050 1946 aufert,
3099 1880 3268 1936 muizo
3299 1882 3466 1950 magis
3503 1882 3653 1952 ipsea
3689 1900 3807 1954 pern

2370 1966 2508 2023 liber
2534 1969 2637 2024 erit
2664 1990 2677 2024 ε
2707 1970 2793 2040 qui
2820 1970 2941 2025 aliis
2962 1972 3120 2025 vitam
3149 1971 3419 2041 impertit,
3452 1973 3605 2027 multo
3633 1976 3785 2044 magis

2370 2058 2659 2129 intpertiet.
2698 2060 2883 2115 Viden’
2913 2060 3107 2131 ubique
3130 2076 3265 2132 opus
3306 2077 3424 2118 esse
3468 2062 3562 2117 fide
3586 2062 3608 2117 ἲ
3630 2063 3752 2118 Nam
3793 2080 3810 2119 ε

2370 2165 2485 2205 cem
2516 2152 2636 2206 vitae
2664 2152 2864 2207 fontem
2889 2167 3010 2208 esse
3035 2153 3182 2208 dicit.
3211 2153 3263 2207 Id
3295 2155 3617 2210 ratiocinium
3642 2172 3739 2211 non
3765 2157 3810 2210 fa

2370 2240 2615 2296 admittat
2645 2259 2659 2296 :
2689 2242 2839 2312 cujus
2868 2243 2941 2298 rei
2974 2251 3137 2299 testes
3164 2259 3301 2299 nunc
3323 2257 3447 2299 sunt
3468 2247 3678 2314 gentiles
3701 2286 3716 2312 ,
3750 2262 3810 2316 qu

2369 2330 2610 2387 videntes
2630 2347 2749 2387 cum
2772 2333 2883 2388 risu
2907 2335 3209 2404 excipiunt:
3234 2334 3365 2390 fides
3387 2351 3509 2390 vero
3531 2352 3642 2406 qua:
3668 2338 3810 2391 ratiot

2371 2424 2785 2480 imbecillitatem
2813 2435 3061 2495 superat,
3091 2426 3192 2481 hoc
3220 2426 3372 2482 facile
3392 2427 3612 2481 admittit
3634 2436 3686 2481 ct
3712 2429 3809 2482 reti

2369 2515 2522 2572 Unde
2551 2525 2727 2571 autem
2777 2528 3052 2588 tant0pere
3084 2519 3224 2574 Deus
3274 2520 3523 2574 mundum
3562 2520 3785 2576 dilexit?

2368 2611 2602 2675 aliunde,
2632 2628 2789 2682 quam
2817 2628 2880 2667 ex
2913 2613 3022 2668 sola
3058 2613 3380 2684 benignitate
3403 2629 3515 2669 sua.

2439 2702 2493 2758 5.
2532 2702 2583 2756 E
2612 2704 2863 2768 beneficiis
2887 2722 2919 2756 a
2941 2705 3137 2759 Christo
3163 2706 3212 2759 itt
3236 2705 3461 2760 homines
3485 2707 3695 2771 collatis,
3725 2708 3810 2762 elet

2367 2809 2547 2864 sgnum
2586 2806 2631 2849 et
2656 2796 2913 2851 caritatem
2942 2797 3256 2851 commendat
3302 2839 3317 2864 ,
3350 2815 3526 2869 eosque
3552 2800 3802 2871 redarguit

2368 2888 2674 2957 pauperibus
2695 2889 2931 2960 neglectis
2959 2889 3103 2943 luxui
3126 2889 3503 2944 serriunt.—~ln
3532 2890 3783 2960 pudorem
3808 2924 3809 2929 η

2368 2988 2640 3035 vertemur
2663 2980 2732 3035 ob
2770 2990 2967 3035 lautam
3000 2982 3274 3036 caritatem
3303 2998 3315 3034 :
3348 2982 3721 3036 erubescamus
3747 2982 3810 3037 de

2367 3073 2643 3144 nignitatis
2671 3089 2915 3129 excessu.
2958 3074 3077 3144 Ipse
3101 3073 3242 3128 enim
3286 3082 3344 3128 ut
3387 3089 3484 3128 nos
3535 3084 3810 3129 servaret.

2365 3164 2638 3235 unigenito
2679 3165 2891 3236 quidem
2931 3165 3069 3221 Filio
3095 3180 3193 3221 suo
3237 3166 3510 3236 pepercit;
3560 3181 3657 3221 nos
3701 3182 3810 3236 pec:

2366 3256 2636 3326 parcimus
2680 3256 2733 3310 in
2792 3266 3029 3311 nostram
3083 3256 3395 3326 perniciem.
3443 3254 3562 3327 Ipse
3614 3257 3809 3326 unigen

2364 3350 2558 3406 Filium
2603 3364 2699 3419 pro
2722 3350 2873 3406 nobis
2902 3350 3086 3414 dedit;
3118 3365 3217 3405 nos
3246 3364 3312 3405 ne
3339 3359 3619 3420 argentum
3644 3350 3810 3420 quide

2363 3443 2483 3513 ejus
2502 3444 2725 3515 gratiam
2753 3442 3114 3512 despicimus,
3144 3441 3251 3496 imo
3299 3456 3400 3497 nec
3426 3442 3480 3495 in
3525 3452 3769 3496 nostram
3804 3459 3810 3493 l

2365 3546 2546 3591 tatem.
2577 3535 2644 3590 Et
2665 3549 2894 3605 quanam
2933 3534 3047 3589 haec
3087 3532 3242 3589 venia
3271 3532 3429 3601 digna
3459 3531 3633 3586 sunt?
3680 3532 3740 3587 Si
3778 3534 3810 3585 b

2362 3646 2489 3686 nem
2515 3628 2789 3685 videamus
2808 3627 3044 3698 pericula
3070 3634 3125 3682 et
3153 3634 3380 3681 mortem
3408 3640 3506 3693 pro
3534 3624 3695 3678 nobis
3724 3624 3810 3677 sui

2363 3725 2534 3795 ipsum
2586 3723 2833 3779 omnibus
2870 3719 3276 3791 anteponimus,
3308 3724 3364 3772 et
3413 3717 3464 3770 iu
3514 3715 3724 3770 intimis
3770 3731 3810 3769 at

2359 3831 2798 3880 annumeramus,
2841 3821 3021 3868 nostra
3082 3811 3259 3866 omnia
3302 3809 3405 3879 ipsi
3459 3807 3729 3863 tradimus
3755 3832 3810 3874 ,ι

2361 3909 2529 3979 ipsius
2573 3922 2694 3962 esse
2722 3907 2889 3975 magis
2909 3918 3068 3974 quam
3110 3911 3290 3956 nostra
3334 3900 3610 3965 dicimus;
3655 3914 3806 3968 nequ

2361 4009 2608 4072 putamus
2658 3998 2869 4069 dignam
2910 3995 3208 4066 rependere
3247 3992 3442 4048 vicem.
3488 3991 3635 4061 Erga
3682 3991 3810 4045 Chri

2358 4108 2487 4148 vero
2512 4105 2684 4162 neque
2725 4089 2865 4145 hunc
2890 4087 3028 4159 grati
3056 4086 3216 4141 animi
3260 4083 3478 4140 modum
3502 4098 3806 4139 servamus

2359 4185 2589 4240 animam
2620 4198 2715 4253 pro
2742 4181 2895 4236 nobis
2919 4178 3093 4251 posuit
3119 4219 3134 4244 ,
3166 4187 3215 4232 et
3265 4184 3485 4247 pr0pter
3524 4190 3631 4231 nos
3663 4176 3810 4244 preti

2358 4276 2668 4347 sanguinem
2700 4272 2886 4329 effudit
2909 4311 2924 4338 ,
2969 4285 3069 4325 nos
3091 4311 3106 4336 ,
3136 4269 3350 4338 inquam
3374 4308 3391 4334 ,
3435 4266 3531 4336 qui
3575 4279 3686 4320 nec
3710 4265 3809 4318 ι)οι

2357 4369 2492 4439 grati
2522 4379 2774 4429 eramus;
2808 4378 2905 4417 nos
2932 4376 3062 4416 vero
3109 4374 3177 4414 ne
3208 4359 3258 4412 in
3286 4368 3529 4413 nostram
3562 4354 3805 4426 quidem

2361 4468 2521 4513 tatem
2552 4455 2808 4527 pecunias
2838 4450 3157 4508 effundimus
3182 4465 3197 4514 ;
3221 4447 3315 4503 sed
3365 4462 3491 4503 eum
3522 4446 3623 4517 qui
3660 4460 3774 4515 pro

2356 4556 2597 4603 mortuus
2626 4554 2710 4601 est
2738 4586 2753 4612 ,
2801 4554 2852 4598 et
2885 4540 3084 4597 nudum
3111 4548 3165 4595 et
3207 4538 3560 4609 peregrinum
3600 4535 3810 4605 despic

2357 4637 2552 4708 Ecquis
2582 4650 2680 4691 nos
2727 4651 2755 4688 a
2802 4633 2979 4688 futuro
3007 4630 3270 4701 supplicio
3313 4626 3570 4684 eximet?
3613 4624 3770 4680 Nam
3804 4641 3810 4678 ε

2355 4731 2496 4786 Deus
2525 4743 2643 4794 nos,
2675 4726 2768 4782 sed
2800 4738 2899 4780 nos
2926 4723 3026 4794 ipsi
3058 4722 3386 4792 puniremus,
3416 4732 3617 4773 annon
3648 4728 3810 4773 conti

2355 4821 2618 4879 calculum
2646 4815 2959 4874 ferremus?
3000 4815 3192 4868 Annon
3215 4825 3315 4866 nos
3366 4809 3522 4880 ipsos
3575 4806 3657 4862 ad
3710 4806 3810 4878 gel

2355 4915 2531 4987 ignem
2561 4910 3073 4973 coudemnaremus,
3099 4902 3242 4976 quod
3271 4916 3392 4958 eum
3424 4940 3439 4965 ,
3467 4899 3573 4971 qui
3607 4898 3810 4953 anima

2356 5005 2509 5061 nobis
2534 5001 2711 5073 posuit
2740 5042 2757 5069 ,
2811 4996 2951 5053 fame
2996 4995 3359 5051 tabescentem
3382 4992 3809 5059 contempser‘

2355 5098 2422 5154 Et
2448 5095 2573 5168 quid
2599 5093 2851 5164 pecunias
2876 5087 3157 5147 memoro?
3183 5086 3240 5143 Si
3272 5086 3413 5142 enim
3441 5084 3612 5139 mille
3646 5081 3810 5136 habe

2354 5192 2581 5256 animas,
2608 5201 2786 5243 annon
2827 5184 2944 5240 illas
2973 5197 3159 5238 omnes
3186 5194 3284 5252 pro
3313 5178 3405 5232 illo
3435 5189 3669 5247 ponere
3703 5187 3810 5244 opt

2356 5286 2578 5344 Etiamsi
2620 5299 2689 5339 ue
2718 5283 2796 5337 sic
2823 5293 3034 5351 quoque
3073 5275 3201 5345 quid
3233 5271 3505 5329 beneficio
3539 5278 3720 5325 tanto
3777 5267 3810 5321 d

2357 5381 2691 5437 fecissemus.
2735 5372 2868 5430 Nam
2895 5369 2985 5442 qui
3029 5367 3174 5439 prior
3195 5362 3527 5422 beneficium
3569 5360 3757 5432 ponit
3779 5401 3796 5422 ,

2356 5472 2548 5530 festum
2575 5484 2683 5541 pra:
2718 5482 2777 5524 se
2803 5465 2904 5521 fert
2928 5459 3179 5518 bonitatis
3207 5454 3465 5512 indicium
3492 5449 3646 5541 :rqui
3672 5458 3810 5541 auct

2355 5562 2546 5620 neficio
2574 5538 2803 5615 afficitur
2825 5596 2841 5621 ,
2868 5548 3127 5625 quidquid
3158 5543 3372 5603 tandem
3419 5540 3672 5597 dederit

2357 5648 2552 5713 reddit,
2584 5660 2690 5700 non
2712 5621 2932 5715 gratiam
2954 5621 3087 5702 init;
3120 5630 3351 5689 maxime
3375 5639 3517 5683 vero
3545 5638 3703 5680 cum
3739 5621 3810 5678 ill

2361 5740 2631 5800 beneficus
2670 5733 2903 5794 inimicis
2939 5730 3077 5790 dona
3101 5722 3312 5787 confert
3335 5760 3352 5791 ,
3380 5729 3434 5778 et
3464 5719 3519 5777 is
3550 5716 3665 5790 qui
3706 5728 3810 5785 re]
