4012 6194
388 398 393 403 ’
429 396 603 452 ταῦτα
627 394 949 465 ἐφέλκεται·
996 390 1110 443 ἀλλ’
1140 388 1313 451 οὕτως
1356 389 1522 458 ἐσμὲν
1568 389 1900 458 ἀγνώμονες,
1937 386 2012 444 ὡς

431 480 668 542 οἰκέταις
726 479 825 547 μὲν
882 473 976 527 καὶ
1021 474 1264 542 ἡμιόνοις
1316 471 1412 522 καὶ
1463 471 1648 533 ἵπποις
1696 468 2013 539 περιδέραια

431 565 609 632 χρυσᾶ
631 558 984 630 περιτιθέναι,
1002 556 1092 609 τὸν
1111 555 1165 608 δὲ
1187 555 1462 625 Δεσπότην
1485 555 1689 624 γυμνὸν
1711 554 2012 624 περιϊόντα,

431 646 526 698 καὶ
556 643 725 713 θύρας
781 642 845 695 ὲκ
881 640 1062 711 θυρῶν
1092 638 1408 709 ἀμείϐοντα,
1466 640 1558 691 καὶ
1608 638 1696 690 ἀεὶ
1736 639 1869 708 πρὸς
1897 637 2015 698 ταῖς

431 726 631 791 ἐξόδοις
672 724 959 795 ἱστάμενον
994 723 1089 776 καὶ
1142 724 1330 791 χεῖρας
1384 724 1694 775 ἐκτείνοντα
1729 720 2013 792 περιορᾷν,

434 810 693 872 πολλάκις
717 809 773 862 δέ
805 808 898 862 καὶ⁸
924 807 1118 878 ἀπηνεῖ
1154 805 1371 876 βλέπειν
1390 806 1550 858 αὐτὸν
1577 804 1841 874 ὀφθαλμῷ
1862 817 1875 831 ⁸
1899 803 2017 856 καί-

431 908 515 945 τοι
539 908 603 959 γε
635 891 729 944 καὶ
756 889 914 944 τοῦτο
942 889 1074 943 αὐτὸ
1093 888 1160 942 δι’
1182 890 1327 958 ἡμᾶς
1356 889 1639 959 ὑπομένει.
1682 887 1881 950 Ἡδέως
1909 885 2018 956 γάρ

434 975 616 1043 πεινᾷ.
642 973 727 1025 ἵνα
758 974 821 1026 σὺ
846 976 1058 1043 τραφῇς
1079 989 1090 1001 ·
1130 973 1222 1024 καὶ
1254 971 1460 1040 γυμνὸς
1492 970 1778 1041 περίεισιν,
1811 969 1899 1021 ἵνα
1934 985 2018 1021 σοι

434 1055 694 1127 παράσχῃ
715 1055 807 1108 τοῦ
841 1057 940 1125 τῆς
960 1053 1265 1124 ἀφθαρσίας
1296 1052 1589 1123 ἐνδύματος
1611 1053 1711 1124 τὴν
1741 1052 2016 1105 ὑπόθεσιν.

448 1140 586 1192 Ἀλλ’
614 1140 734 1192 οὐδὲ
766 1139 908 1192 οὓτω
938 1137 1191 1209 προΐεσθε
1214 1138 1321 1189 τῶν
1351 1136 1628 1206 ὑμετέρων
1665 1135 1817 1188 οὐδέν
1837 1153 1850 1166 ·
1883 1133 2021 1188 ἀλλά

377 1219 385 1239 ⁹
435 1222 543 1276 τῶν
571 1222 800 1292 ἱματίων
827 1222 895 1283 τά
928 1222 1027 1291 μέν
1052 1224 1169 1273 ἐστι
1193 1219 1531 1289 σητόϐρωτα,
1555 1217 1622 1271 τά
1646 1218 1702 1271 δὲ
1742 1217 1906 1289 ἄχθος
1941 1218 2019 1288 τῷ

437 1303 700 1375 κιϐωτίῳ,
737 1305 832 1358 καὶ
866 1303 1097 1375 περιττὴ
1138 1301 1360 1372 φροντὶς
1405 1303 1517 1364 τοῖς
1565 1300 1958 1369 κεκτημένοις·
1992 1300 2021 1352 6

437 1388 495 1440 δὲ
527 1388 621 1441 καὶ
649 1388 822 1442 ταῦτα
856 1390 949 1442 καὶ
997 1388 1067 1440 τά
1098 1388 1234 1440 ἄλλα
1286 1385 1466 1438 πάντα
1504 1382 1770 1447 δεδωκὼς,
1815 1382 2021 1453 γυμνὸς

439 1470 723 1541 περίεισιν.
766 1471 904 1523 Ἀλλ’
935 1471 1034 1524 οὐκ
1055 1473 1110 1523 ἐν
1138 1468 1215 1539 τῷ
1236 1467 1475 1538 κιϐωτίῳ
1507 1466 1647 1520 αὐτὰ
1676 1465 2018 1530 ἀποτίθεσθε,

438 1552 553 1605 ἀλλ’
586 1554 740 1606 αὐτοὶ
769 1551 1223 1623 περιϐεϐλημένοι
1246 1549 1651 1612 καλλωπίζεσθε
1674 1566 1687 1614 ;
1712 1548 1865 1611 Εἰπὲ,
1883 1549 1934 1600 τί
1960 1548 2020 1600 τὸ

439 1634 599 1687 πλέον
647 1635 775 1705 ὑμῖν
827 1633 935 1687 ἀπὸ
974 1633 1182 1685 τούτων
1210 1649 1225 1696 ;
1259 1632 1375 1683 Ἵνα
1407 1630 1468 1683 τὸ
1493 1630 1602 1683 τῶν
1633 1630 1907 1700 ἀγοραίων
1936 1630 2022 1701 ῐδῃ

440 1716 646 1788 πλῆθος
681 1718 854 1788 ὑμᾶς
891 1715 1001 1769 Καὶ
1032 1715 1084 1767 τί
1117 1712 1275 1766 τοῦτο
1298 1730 1312 1778 ;
1339 1713 1413 1765 Οὐ
1441 1713 1550 1783 γὰρ
1577 1712 1668 1765 τὸν
1703 1712 2023 1783 περικείμε-

440 1798 530 1853 νόν
560 1815 619 1851 σε
650 1798 826 1852 ταῦτα
858 1798 1250 1868 θαυμάσονται,
1282 1794 1415 1847 ἀλλά
1466 1794 1559 1846 τὸν
1606 1797 1720 1856 τοῖς
1749 1793 2024 1864 δεομένοις

445 1880 771 1952 παρέχοντα.
804 1880 964 1932 Ὥστε
987 1879 1034 1931 εί
1061 1877 1239 1948 βούλει
1269 1875 1665 1947 θαυμάζεσθαι,
1686 1876 1905 1946 ἐτέρους
1929 1892 2026 1927 πε-

443 1962 731 2033 ριϐάλλων,
761 1962 959 2033 μᾶλλον
994 1961 1202 2032 μυρίων
1229 1958 1507 2030 ἀπολαύσῃ
1535 1959 1762 2029 κρότων.
1794 1959 1925 2010 Τότε
1962 1974 2020 2010 σε

440 2046 536 2098 καὶ
563 2048 592 2099 6
623 2045 754 2109 Θεὸς
781 2044 1126 2097 ἐπαινέσεται
1156 2042 1292 2112 μετά
1319 2041 1428 2094 τῶν
1454 2040 1772 2112 ἀνθρώπων.
1810 2040 1947 2094 Νυνὶ
1966 2040 2024 2092 δὲ

440 2128 790 2183 ἐπαινέσεται
821 2127 918 2198 μὲν
956 2126 1150 2190 οὐδεὶς,
1214 2124 1538 2196 φθονήσουσι
1591 2125 1649 2177 δὲ
1678 2126 1935 2187 ᾶπαντες,
1966 2122 2027 2175 τὸ

1121 280 1177 333 S.
1211 275 1492 332 JOANNIS
1530 269 2012 328 CHRYSOSTOMI
2061 266 2383 325 ARCHIEP.
2428 255 2965 320 CONSTANTINOP.

3588 260 3681 322 182

2118 384 2216 454 μὲν
2238 382 2396 451 σῶμα
2417 376 2790 449 κοσμούμενον
2814 376 3068 447 ὁρῶντες,
3091 377 3187 447 τὴν
3215 372 3268 431 δὲ
3294 376 3475 448 ψυχὴν
3498 378 3687 451 ὴμελη·

2118 452 2283 535 μένην
2317 464 2525 532 ἔχοντα.
2560 458 2706 532 [158]
2735 452 2905 520 Οὗτος
2930 462 3018 511 καί
3039 459 3256 526 γυναιξὶ
3278 459 3509 528 πόρναις
3531 461 3690 529 πρόσ-

2114 565 2262 600 εστιν
2295 549 2323 599 6
2349 546 2579 614 κόσμος
2623 541 2882 603 πολλάκις
2911 540 2966 593 δέ
3005 542 3097 592 καὶ
3130 540 3563 611 πολυτελέστερα
3604 545 3693 596 καὶ

2117 630 2441 701 φαιδρότερα
2467 627 2596 696 παρ’
2630 625 2864 687 ἐκείναις
2884 622 2952 675 τὰ
2986 624 3173 692 ἱμάτια
3194 641 3207 654 ο
3234 624 3263 675 6
3295 622 3351 674 δὲ
3384 623 3484 693 τῆς
3521 623 3694 695 ψυχῆς

2118 714 2319 783 κόσμος
2348 709 2500 782 παρά
2534 710 2646 771 τοῖς
2699 710 2757 761 ἐν
2781 709 2949 777 ἀρετῇ
2995 705 3127 768 ζῶσι
3160 704 3319 776 μόνον
3349 705 3487 759 ἐστί.
3515 705 3694 761 Ταῦτα

2119 794 2354 866 συνεχῶς
2383 794 2549 862 λέγω,
2583 791 2676 845 καὶ
2718 790 2890 858 λέγων
2927 789 2985 841 οὐ
3021 787 3320 858 παύσομαι,
3351 789 3411 841 οὐ
3452 791 3695 860 πενήτων

2117 880 2258 934 οὕτω
2290 879 2608 949 κηδόμενος,
2642 875 2717 938 ὡς
2746 874 2855 927 τῶν
2888 872 3168 944 ὑμετέρων
3196 872 3404 942 ψυχῶν.
3438 873 3697 938 Ἐκείνοις

2123 964 2219 1035 μὲν
2267 964 2396 1032 γάρ,
2449 961 2554 1013 κᾶν
2589 960 2662 1030 μὴ
2720 957 2849 1029 παρ’
2875 957 3054 1028 ἡμῶν,
3085 956 3197 1009 ἀλλ’
3239 957 3389 1026 ὅμως
3433 956 3697 1028 ἑτέρωθεν

2119 1046 2271 1101 ἔσται
2301 1062 2383 1108 τις
2428 1041 2751 1115 παραμυθία
2774 1056 2788 1070 ·
2820 1039 2921 1093 κᾶν
2964 1038 3036 1110 μὴ
3069 1038 3293 1110 γένηται
3337 1039 3657 1109 παραμυθία
3679 1080 3695 1107 ,

2119 1129 2256 1184 ἀλλὰ
2285 1128 2431 1197 λιμῷ
2465 1124 2854 1196 διαφθαρῶσιν,
2900 1122 3051 1176 οὐδὲν
3100 1124 3243 1192 μέγα
3286 1122 3345 1175 τὸ
3369 1123 3468 1192 τῆς
3501 1123 3698 1193 ζημίας

2121 1215 2323 1276 αὐτοῖς.
2353 1211 2418 1263 Τί
2449 1209 2557 1280 γὰρ
2593 1205 2793 1274 ἔϐλαψε
2838 1205 2927 1257 τὸν
2957 1204 3206 1276 Λάζαρον
3241 1206 3273 1274 ἡ
3328 1203 3486 1257 πενία
3519 1205 3614 1257 καὶ
3642 1204 3698 1258 τδ

2118 1295 2264 1366 λιμῷ
2295 1293 2597 1365 τήκεσθαι;
2659 1290 2834 1359 ’Υμᾶς
2885 1287 2943 1339 δὲ
3000 1286 3173 1350 οὐδεὶς
3210 1286 3559 1357 ἐξαιρήσεται
3604 1286 3699 1357 τῆς

2121 1379 2366 1446 γεέννης,
2390 1374 2455 1428 ἂν
2483 1373 2556 1445 μὴ
2581 1371 2681 1443 τῆς
2702 1370 2853 1442 παρὰ
2881 1368 2992 1422 τῶν
3024 1370 3269 1437 πενήτων
3298 1380 3325 1408 α
3353 1368 3553 1438 τύχητε
3582 1366 3699 1440 βοηο

2123 1459 2291 1522 θείας.
2339 1456 2476 1510 Ἀλλ’
2505 1455 2738 1527 ἐροῦμεν
2761 1452 2831 1505 τὰ
2852 1450 2990 1504 αύτά
3023 1451 3100 1521 τῷ
3134 1448 3393 1520 πλουσίῳ,
3429 1448 3507 1520 τῷ
3531 1451 3700 1521 διηνε.

2125 1541 2233 1604 κῶς
2291 1541 2389 1609 μὲν
2434 1534 2868 1609 τηγανιζομένῳ,
2930 1532 3282 1603 παραμυθίας
3330 1531 3386 1585 δέ
3435 1532 3700 1603 μηδεμιᾶς

2121 1622 2462 1692 τυγχάνοντι.
2494 1619 2655 1672 Ἀλλά
2688 1618 2762 1689 μὴ
2789 1616 3020 1684 γένοιτο,
3048 1614 3252 1686 μηδένα
3283 1614 3453 1667 ταῦτα
3478 1612 3699 1667 ἀκοῦσαί

2120 1721 2251 1757 ποτε
2280 1705 2348 1757 τά
2388 1706 2648 1774 ῥήματα,
2706 1700 2820 1754 ἀλλ’
2873 1701 2952 1762 είς
2987 1700 3113 1761 τοὺς
3163 1698 3398 1760 κόλπους
3457 1697 3701 1767 Ἀϐραὰμ

2121 1788 2375 1843 ἀπελθεῖν
2396 1803 2409 1817 ο
2461 1787 2645 1857 χάριτι
2668 1785 2760 1837 καὶ
2791 1781 3170 1853 φιλανθρωπίᾳ
3195 1780 3289 1834 τοῦ
3317 1780 3525 1852 Κυρίου
3551 1778 3700 1850 ἡμῶν

2134 1870 2307 1941 Ἰησοῦ
2339 1868 2598 1940 Χριστοῦ,
2633 1867 2700 1920 δι’
2732 1860 2793 1920 οῦ
2822 1868 2916 1919 καὶ
2944 1865 3059 1937 μεθ’
3093 1859 3153 1917 οῦ
3179 1862 3256 1934 τῷ
3277 1863 3454 1933 Πατρὶ
3479 1864 3513 1932 ἠ
3558 1860 3697 1927 δόξα.

2130 1956 2244 2025 ἆμα
2263 1954 2340 2024 τῷ
2364 1953 2505 2022 ἁγίῳ
2532 1949 2829 2021 Πνεύματι,
2854 1950 2933 2011 είς
2961 1945 3310 2011 τοὺςαίῶνας
3335 1945 3444 1998 τῶν
3472 1942 3698 1999 αίώνων.

2142 2038 2337 2109 Ἀμήν.

2194 2128 2212 2151 ⁸
2237 2128 2438 2188 Quidam
2466 2127 2749 2174 πεινώντων.

1881 2289 2127 2342 ΟΜΙΛῙΑ
2161 2288 2291 2340 KH’.

446 2387 530 2440 οὐ
564 2386 673 2455 γὰρ
695 2384 1053 2439 ἀπέστειλεν
1077 2388 1110 2439 ό
1138 2384 1281 2448 Θεὸς
1304 2384 1413 2437 τὸν
1472 2384 1608 2439 Υἱὸν
1638 2385 1823 2438 αὐτοῦ
1849 2425 1863 2446 ,
1924 2385 2024 2437 ἵνα

516 2454 691 2523 κρίνῃ
722 2455 831 2507 τὸν
863 2455 1117 2523 κόσμον,
1138 2455 1276 2508 ἀλλ’
1308 2454 1409 2506 ἵνα
1435 2455 1606 2522 σώσῃ
1632 2456 1740 2507 τὸν
1769 2457 2020 2521 κόσμον.

514 2554 584 2604 α’.
611 2550 801 2603 Πολλοὶ
826 2548 934 2603 τῶν
959 2548 1345 2620 ρᾳθυμοτέρων
1375 2550 1455 2610 εἰς
1484 2549 1895 2620 ἁμαρτημάτων
1926 2549 2023 2618 μέ-

446 2633 604 2703 γεθος
624 2634 719 2687 καὶ
743 2633 1034 2702 ὀλιγωρίας
1057 2630 1361 2701 ὑπερϐολὴν
1385 2633 1451 2702 τῇ
1478 2631 1573 2684 τοῦ
1594 2631 1728 2684 Θεοῦ
1754 2648 1923 2700 κεχρη
1933 2630 2026 2701 μέ-

448 2731 528 2770 νοι
556 2714 954 2786 φιλανθρωπία,
975 2715 1150 2767 ταῦτα
1173 2713 1497 2784 φθέγγονται
1530 2714 1599 2767 τὰ
1629 2716 1850 2783 ῥήματα
1874 2729 1885 2741 ·
1912 2715 2026 2767 Ούκ

446 2799 562 2852 ἐστι
587 2801 799 2868 γέεννα,
833 2799 931 2852 οὐκ
961 2798 1075 2852 ἔστι
1100 2799 1339 2861 κόλασις,
1373 2797 1549 2851 πάντα
1577 2799 1603 2850 6
1636 2798 1766 2860 Θεὸς
1805 2797 2026 2869 ἀφίησιν

447 2885 577 2953 ἡμῖν
602 2883 670 2936 τὰ
697 2884 912 2954 ἀμαρτή
923 2899 1082 2952 ματα.
1117 2881 1337 2954 Οῦσπερ
1371 2881 1734 2952 ἐπιστομίζων
1760 2880 1919 2949 σοφός
1943 2898 2025 2944 τις

447 2966 586 3035 ἀνήρ
616 2978 643 3007 ι
677 2982 838 3036 φησι·
888 2964 985 3033 Μὴ
1025 2966 1224 3031 εἴπῃς,
1270 2966 1331 3017 '0
1365 2964 1663 3032 οἱκτιρμὸς
1699 2963 1885 3017 αὑτοῦ
1917 2979 2023 3016 πο-

446 3046 582 3114 λὺς,
605 3047 673 3101 τὸ
693 3046 927 3116 πλῆθος
953 3046 1072 3100 τῶν
1087 3044 1386 3116 ἁμαρτιῶν
1394 3063 1513 3115 μου
1533 3045 1877 3109 ἐξιλάσεται
1899 3063 1911 3075 ο
1938 3045 2025 3099 ὅτι

446 3131 615 3197 ἕλεος
665 3131 762 3185 καὶ
791 3132 936 3200 ὀργὴ
972 3131 1106 3199 παρ’
1135 3129 1314 3195 αὐτῷ,
1354 3129 1449 3183 καὶ
1500 3130 1598 3182 ἐπὶ
1642 3130 2021 3199 ἁμαρτωλοὺς

446 3216 819 3271 καταπαύσει
872 3218 904 3269 ό
944 3215 1129 3284 θυμὸς
1170 3214 1390 3268 αὐτοῦ’
1428 3213 1519 3266 καί
1555 3213 1735 3279 πάλιν,
1771 3214 1927 3267 Κατὰ
1962 3213 2028 3266 τὸ

449 3297 612 3352 πολὺ
636 3298 807 3364 ἕλεος
850 3298 1058 3360 αὑτοῦ,
1108 3297 1299 3362 πολὺς
1350 3298 1447 3350 καὶ
1481 3298 1784 3365 όὲλεγχος
1821 3296 2024 3351 αὑτοῦ.

453 3380 565 3433 Καὶ
592 3379 717 3439 ποῦ,
747 3380 902 3447 φησὶ,
921 3378 990 3430 τὰ
1005 3379 1102 3447 τῆς
1119 3378 1549 3446 φιλανθρωπίας,
1576 3380 1623 3430 εἰ
1653 3379 1720 3430 τά
1738 3380 1856 3430 κατ’
1876 3378 2029 3442 ἀξίαν

449 3460 841 3529 ἀποληψόμεθα
878 3458 986 3511 τῶν
1020 3458 1471 3528 ἀμαρτημάτωνς
1518 3459 1640 3512 Ὅτι
1678 3459 1775 3527 μὲν
1806 3461 1873 3513 τὰ
1910 3461 2029 3512 κατ’

451 3541 608 3604 ἀξίαν
632 3540 1042 3610 ἀποληψόμεθα,
1071 3542 1233 3593 ἄκουε
1258 3541 1462 3594 καὶτοῦ
1490 3543 1778 3613 Προφήτου
1813 3544 1906 3596 καὶ
1934 3543 2028 3597 τοῦ

453 3623 662 3677 Παύλου
692 3624 967 3690 λέγοντος’
1016 3623 1110 3677 τοῦ
1161 3625 1280 3695 μὲν,
1307 3626 1389 3678 ὅτι
1419 3625 1501 3678 Σὺ
1534 3625 1866 3692 ἀποδώσεις
1895 3628 2030 3681 ἐκά-

452 3723 575 3770 στῳ
600 3705 749 3760 κατὰ
782 3706 853 3759 τὰ
885 3707 1030 3775 ἔργα
1074 3707 1290 3761 αὐτοῦ·
1338 3706 1431 3760 τοῦ
1459 3707 1513 3759 δέ
1539 3747 1553 3771 ,
1591 3710 1688 3774 Ὃς
1731 3710 2031 3764 ἀποδώσει

452 3787 689 3855 ἑκάστῳ
718 3789 870 3843 κατὰ
910 3790 973 3843 τὸ
1022 3789 1199 3859 ἔργον
1243 3790 1448 3844 αὐτοῦ.
1507 3792 1628 3843 Ὅτι
1665 3790 1721 3843 δὲ
1765 3793 1858 3844 καὶ
1889 3792 2031 3845 οὕτω

453 3871 621 3943 πολλὴ
667 3875 699 3941 ή
732 3871 1107 3943 φιλανθρωπία
1161 3872 1253 3925 τοῦ
1281 3872 1437 3933 Θεοῦ,
1471 3876 1563 3925 καὶ
1595 3873 1751 3926 τοῦτο
1783 3875 2029 3929 ἐντεῦθεν

451 3955 629 4023 δῆλον.
665 3956 757 4019 Είς
784 3955 893 4027 γάρ
920 3955 1014 4009 δύο
1048 3956 1194 4025 ζωῆς
1226 3955 1428 4018 αἰῶνας
1471 3957 1539 4008 τά
1574 3957 1815 4029 ἡμέτερα
1843 3958 2029 4014 διελὼν

449 4041 477 4091 ό
505 4039 634 4102 θεὸς
668 4038 906 4102 τούτους,
949 4039 1039 4092 τὸν
1070 4040 1313 4110 παρόντα
1343 4041 1436 4092 καὶ
1467 4040 1558 4092 τὸν
1604 4040 1861 4111 μέλλοντα
1893 4044 2027 4113 βίον,

450 4123 544 4175 καὶ
573 4121 663 4174 τὸν
694 4122 792 4192 μὲν
825 4123 882 4173 ἐν
911 4121 1137 4190 ἀγώνων
1163 4122 1333 4187 τάξει,
1362 4122 1452 4175 τὸν
1481 4122 1538 4176 δὲ
1576 4125 1634 4177 ἐν
1657 4123 1808 4195 χώρα
1833 4128 2029 4194 στεφά-

451 4223 557 4257 νων
587 4208 817 4275 ποιήσας
847 4203 1002 4268 εἶναι,
1040 4206 1238 4276 πολλὴν
1272 4206 1563 4261 κάντεῦθεν
1593 4208 1689 4279 τὴν
1729 4210 2033 4281 φιλανθρω-

454 4289 578 4341 πίαν
610 4288 939 4355 ἐπεδείξατο.
975 4289 1094 4352 Πῶς
1117 4290 1211 4342 καὶ
1240 4291 1343 4342 τίνι
1376 4290 1598 4361 τρόπῳς
1631 4292 1753 4345 Ὀτι
1787 4293 2029 4363 πράξαν-

450 4389 544 4432 τας
579 4371 750 4425 πολλά
773 4373 867 4425 καὶ
894 4372 1102 4442 χαλεπά
1127 4374 1517 4444 ἁμαρτήματα,
1550 4375 1645 4428 καὶ
1664 4378 1725 4429 ού
1759 4376 2030 4429 διαλιπόν-

450 4468 548 4515 τας
595 4454 703 4506 ἀπὸ
753 4453 1003 4525 νεότητος
1042 4456 1122 4518 εἰς
1168 4454 1391 4525 ἔσχατον
1444 4456 1619 4527 γῆρας
1671 4458 1886 4528 μυρίοις
1932 4459 2030 4529 τὴν

449 4536 627 4606 ψυχὴν
661 4538 1117 4609 καταρρυπαίνειν
1150 4537 1356 4590 ἑαυτῶν
1377 4542 1565 4601 κακοῖς
1594 4539 1646 4603 δ,
1675 4540 1886 4603 οὐδενὸς
1908 4542 2030 4594 τού-

449 4635 557 4670 των
604 4619 885 4689 ἀπῄτησεν
950 4617 1181 4683 εὐθύνας
1227 4621 1374 4689 ημᾶς
1430 4621 1536 4674 τῶν
1574 4623 2027 4694 ἁμαρτημάτων,

449 4699 562 4753 ἀλλ’
594 4700 792 4755 ἔδωκεν
816 4702 993 4755 αὐτῶν
1015 4701 1207 4770 ἄφεσιν
1228 4702 1314 4754 διὰ
1342 4702 1568 4774 λουτροῦ
1591 4706 2028 4773 παλιγγενεσίας,

452 4783 546 4835 καὶ
572 4783 917 4854 δικαιοσύνην
970 4784 1118 4857 [159]
1145 4787 1239 4838 καὶ
1270 4786 1541 4855 ἀγιασμὸν
1595 4788 1906 4857 ἐχαρίσατο.
1963 4790 2028 4842 Τί

452 4861 563 4927 (ὧν,
607 4869 791 4936 φησὶν,
839 4870 904 4921 ἂν
942 4870 1007 4922 ἐκ
1041 4867 1261 4939 πρώτης
1296 4868 1509 4939 ἡλικίας
1551 4871 1861 4939 μυστηρίων
1894 4890 2027 4925 κατ-

451 4949 701 5016 ἀξιωθείς
732 4968 813 5013 τις
846 4952 982 5021 μετὰ
1010 4952 1180 5006 ταῦτα
1215 4953 1380 5023 μυρία
1406 4952 1665 5023 ἁμάρτῃς
1705 4955 1765 5005 '0
1790 4955 2029 5017 τοιοῦτος

450 5032 635 5088 λοιπὸν
695 5033 936 5104 μείζονος
978 5035 1253 5099 κολάσεως
1310 5036 1477 5100 ἄξιος.
1535 5035 1654 5088 Τῶν
1701 5039 1811 5106 γὰρ
1848 5038 2028 5091 αὐτῶν

449 5116 864 5189 ἁμαρτημάτων
910 5118 970 5170 οὐ
1013 5118 1113 5181 τὰς
1146 5118 1314 5182 αὐτὰς
1360 5119 1613 5189 τίννυμεν
1664 5118 1837 5186 δίκας,
1895 5120 2027 5176 ἀλλὰ

451 5197 631 5270 πολλῷ
661 5200 1064 5270 χαλεπωτέρας,
1094 5201 1220 5254 ὅταν
1260 5202 1397 5271 μετὰ
1431 5203 1817 5271 μυσταγωγίαν
1848 5204 2028 5276 πλημ-

454 5282 796 5355 μελήσωμεν.
823 5284 931 5336 Καὶ
961 5284 1111 5354 δηλοῖ
1142 5284 1351 5347 Παῦλος
1384 5283 1524 5337 οῦτω
1556 5284 1757 5353 λέγων·
1809 5283 2028 5357 Ἆθετή-

450 5382 568 5432 σας
588 5381 677 5433 τις
699 5368 888 5436 νόμον
909 5366 1225 5434 Μωῦσέως,
1247 5368 1422 5436 χωρὶς
1438 5367 1748 5436 οἰκτιρμῶν
1760 5369 1859 5423 ἐπὶ
1885 5369 2024 5425 δυσὶ

451 5448 548 5502 καί
569 5451 726 5519 τρισὶ
747 5448 1043 5517 μάρτυσιν
1061 5450 1450 5516 ἀποθνήσκει·
1473 5453 1644 5517 πόσῳ
1662 5451 1888 5505 δοκεῖτε
1906 5454 2025 5519 χεί-

442 5547 627 5599 ρονος
655 5530 1049 5599 ἀξιωθήσεται
1079 5533 1355 5600 τιμωρίας
1376 5536 1409 5587 ό
1438 5533 1544 5586 τὸν
1580 5534 1717 5585 Υἱὸν
1738 5534 1843 5588 τοῦ
1879 5535 2026 5589 Θεοῦ

452 5614 901 5682 καταπατήσας,
954 5614 1053 5668 καί
1100 5614 1166 5668 τὸ
1193 5611 1337 5683 αἷμα
1370 5614 1476 5682 τῆς
1504 5615 1795 5683 διαθήκης
1825 5619 2029 5672 κοινὸν

453 5700 858 5769 ἡγησάμενος,
889 5701 986 5752 καί
1030 5698 1144 5765 τὴν
1193 5698 1370 5767 χάριν
1416 5699 1521 5753 τοῦ
1547 5702 1889 5769 Πνεύματος
1934 5702 2028 5754 ὲν-

513 5797 540 5826 ⁶
584 5797 745 5858 Aliqui
772 5796 999 5858 σοφιστῆς
1025 5796 1163 5858 ἀνήρ.
1224 5795 1253 5834 b
1287 5797 1381 5858 Alli
1422 5798 1493 5844 ὅτι
1527 5796 1786 5858 ἐπράξαμεν
1814 5800 2025 5849 πολλὰ...

452 5864 529 5910 καὶ
567 5857 622 5904 οῦ
664 5857 988 5918 διελίπομεν...
1024 5857 1470 5922 καταῤῥυπαίνοντες
1508 5857 1687 5912 κακοῖς.

2128 2346 2382 2449 vapida;
2396 2396 2414 2444 ;
2434 2377 2697 2442 λίείζονος
2719 2372 2811 2431 οῦν
2832 2376 2982 2429 ἔσται
3011 2375 3286 2439 κολάσεως
3307 2375 3453 2440 ἄξιος
3484 2377 3512 2429 ό
3539 2372 3706 2428 τοιού·

2126 2481 2218 2527 τος
2250 2476 2297 2516 ⁸.

2199 2546 2341 2616 Πλὴν
2361 2545 2495 2598 ἀλλᾶ
2520 2545 2613 2597 καὶ
2642 2542 2816 2613 τούτῳ
2852 2543 3137 2613 μετανοίας
3163 2539 3364 2612 ἀνέῳξε
3393 2540 3586 2612 θύρας,
3615 2540 3703 2594 καὶ

2129 2633 2340 2696 πολλοῖς
2367 2633 2585 2703 τρόποις
2608 2629 2804 2683 ἔδωκεν
2828 2627 3189 2697 ἀπονίψασθαι
3218 2628 3286 2680 τὰ
3316 2626 3702 2698 πεπλημμελη·

2131 2716 2286 2785 μένα,
2331 2714 2395 2767 ἂν
2433 2713 2609 2784 ἐθέλῃ.
2651 2710 2934 2779 Ἐννόησον
2964 2706 3058 2763 οὖν
3107 2710 3270 2781 ἡλίκα
3315 2709 3490 2763 ταῦτα
3524 2708 3706 2778 φιλαν-

2128 2796 2373 2868 θρωπίας
2392 2794 2419 2834 δ
2451 2794 2741 2864 δείγματα,
2770 2794 2829 2846 τὸ
2853 2794 2946 2846 καὶ
2975 2794 3157 2864 χάριτι
3183 2793 3418 2863 ἀφεῖναι,
3445 2793 3540 2845 καὶ
3576 2791 3710 2861 μετά

2127 2880 2224 2949 τὴν
2270 2879 2430 2951 χάριν
2460 2878 2551 2931 τὸν
2588 2876 2902 2948 ἁμαρτόντα
2949 2879 3043 2929 καὶ
3081 2876 3229 2941 ἄξιον
3263 2875 3390 2927 ὄντα
3440 2874 3711 2938 κολάσεως

2132 2962 2205 3034 μὴ
2252 2963 2520 3026 κολάζειν,
2568 2960 2703 3015 ἀλλά
2752 2959 2950 3014 διδόναι
3006 2959 3196 3030 καιρὸν
3229 2958 3324 3013 καὶ
3372 2957 3712 3028 προθεσμίαν

2127 3047 2426 3114 ἀπολογίας
2472 3044 2640 3115 αύτῷ.
2674 3043 2772 3097 Διά
2818 3042 2991 3096 ταῦτα
3035 3044 3212 3096 πάντα
3241 3045 3269 3095 ὁ
3298 3042 3533 3114 Χριστὸς
3583 3040 3713 3115 πρὸς

2126 3129 2218 3181 τὸν
2248 3129 2551 3198 Νικόδημον
2578 3127 2761 3194 ἔλεγεν
2782 3141 2796 3155 ’
2830 3129 2950 3180 Οὐκ
2987 3127 3347 3181 ἀπέστειλεν
3371 3129 3405 3180 ό
3441 3126 3588 3193 Θεὸς
3614 3127 3708 3179 τὸν

2138 3212 2275 3265 Υἱόν
2314 3209 2522 3275 αὐτοῦ,
2573 3211 2674 3263 ἵνα
2725 3210 2901 3279 κρίνῃ
2958 3211 3064 3263 τὸν
3122 3212 3374 3279 κόσμον,
3430 3210 3571 3263 ἀλλ’
3611 3210 3706 3262 ἵνα

2129 3293 2301 3362 σώσῃ
2351 3292 2458 3347 τόν
2506 3294 2756 3362 κόσμον.
2800 3294 2903 3345 Δύο
2931 3293 3039 3364 γάρ
3073 3293 3210 3345 είσιν
3249 3292 3306 3344 αἱ
3350 3290 3445 3344 τοῦ
3480 3290 3712 3361 Χριστοῦ

2131 3376 2446 3446 παρουσίαιο
2478 3377 2511 3445 ἡ
2543 3375 2641 3445 ἤδη
2688 3376 3053 3446 γεγενημένη,
3086 3375 3180 3428 καὶ
3224 3378 3256 3446 ἡ
3293 3375 3591 3446 μέλλουσαο
3617 3375 3714 3428 οὐκ

2131 3458 2223 3510 ἐπὶ
2253 3461 2367 3521 τοῖς
2399 3458 2582 3519 αὐτοῖς
2611 3457 2668 3509 δὲ
2702 3459 2756 3510 αἱ
2790 3457 2903 3521 δύο,
2928 3457 3042 3510 ἀλλ’
3072 3460 3104 3529 ή
3143 3458 3242 3529 μὲν
3274 3457 3513 3530 προτέρα
3555 3457 3711 3527 γέγο-

2132 3555 2242 3603 νεν,
2283 3540 2380 3609 οὐχ
2420 3540 2505 3593 ῐνα
2540 3538 2767 3612 ἐξετάσῃ
2800 3539 2869 3594 τά
2902 3541 3267 3612 πεπραγμένα
3307 3544 3461 3612 ἡμῖν,
3495 3542 3611 3594 ἀλλ’
3634 3542 3715 3594 ἴνα

2134 3623 2277 3692 ἀφῇ’
2315 3624 2349 3694 ἠ
2388 3623 2445 3675 δέ
2474 3622 2722 3694 δευτέρα,
2759 3624 2857 3694 οὐχ
2899 3624 2985 3677 ἵνα
3016 3625 3158 3695 ἀφῇ,
3206 3624 3317 3678 ἀλλ’
3347 3624 3435 3679 ἴνα
3466 3625 3712 3696 ἐξετάσῃ.

2131 3707 2228 3758 Διὰ
2253 3706 2411 3759 τοῦτο
2440 3708 2567 3777 πρὶ
2598 3709 2694 3776 μὲν
2722 3708 2821 3777 τῆς
2851 3708 3117 3779 προτέρας
3149 3708 3311 3778 φησίν
3331 3724 3345 3740 ·
3380 3712 3500 3762 Οὐκ
3530 3704 3715 3779 ἦλθον

2128 3790 2228 3842 ἵνα
2261 3790 2441 3856 κρίνω
2492 3791 2594 3842 τὸν
2640 3791 2892 3858 κόσμον,
2943 3791 3080 3844 ἀλλ’
3113 3792 3212 3844 ἵνα
3255 3790 3434 3845 σώσω
3472 3794 3580 3845 τὸν
3622 3794 3714 3844 κό-

2127 3886 2320 3941 σμονο
2354 3873 2483 3942 περὶ
2516 3871 2573 3923 δὲ
2607 3873 2704 3942 τῆς
2733 3872 3010 3943 δευτέρας,
3033 3874 3209 3926 Ὅταν
3234 3872 3302 3926 δὲ
3335 3874 3484 3941 ἔλθῃ
3515 3877 3548 3928 ό
3588 3873 3713 3936 Υἱὸς

2129 3953 2299 4021 ὲντῇ
2344 3953 2490 4022 δόξῃ
2532 3954 2637 4006 τοῦ
2694 3957 2921 4022 Πατρὺς
2953 3956 3161 4019 αὐτοῦ,
3210 3955 3427 4020 στήσει
3486 3956 3557 4009 τὰ
3600 3954 3714 4024 μὲν

2132 4040 2395 4105 πρόϐατα
2426 4039 2494 4090 ἐκ
2532 4037 2763 4102 δεξιῶν,
2802 4039 2898 4092 καὶ
2936 4040 3007 4093 τὰ
3049 4040 3248 4108 ἐρίφια
3273 4040 3342 4104 ἐξ
3372 4041 3711 4109 εὐωνύμων.

2133 4118 2242 4172 Καὶ
2278 4119 2716 4171 ἀπελεύσονται
2747 4122 2799 4172 οἱ
2824 4117 2942 4187 μὲν
2977 4121 3064 4184 είς
3101 4119 3271 4186 ᾄυὴν,
3299 4124 3352 4173 οἱ
3389 4120 3458 4172 δὲ
3485 4124 3573 4187 εις
3615 4123 3714 4174 κό-

2129 4204 2315 4255 λασιν
2348 4200 2610 4255 αἰώνιον.
2649 4203 2839 4255 Καίτοι
2870 4219 2933 4270 γε
2978 4204 3131 4273 καὶὴ
3171 4204 3410 4273 προτέρα
3449 4203 3717 4275 παρουσία

2132 4290 2364 4361 κρίσεως
2391 4285 2457 4361 ἦν
2493 4290 2635 4343 κατά
2667 4291 2757 4343 τὸν
2796 4291 2889 4342 τοῦ
2924 4291 3130 4344 δικαίου
3176 4291 3351 4360 λόγον.
3379 4294 3564 4355 Διατίς
3596 4293 3718 4345 Ὅτι

2132 4373 2238 4444 πρὸ
2260 4374 2357 4443 τῆς
2380 4372 2543 4426 αὐτοῦ
2571 4372 2873 4444 παρουσίας
2902 4372 3063 4442 νόμος
3094 4368 3160 4443 ἦν
3182 4374 3430 4442 φυσικὸς,
3465 4375 3562 4428 καὶ
3590 4390 3718 4445 προ-

2132 4455 2317 4524 φῆται,
2344 4455 2438 4507 καὶ
2463 4455 2706 4524 γραπτδς
2730 4455 2891 4509 πάλιν
2916 4456 3099 4525 νόμος,
3131 4457 3225 4509 καὶ⁵
3253 4456 3595 4518 διδασκαλία,
3625 4457 3718 4509 καὶ

2135 4538 2326 4608 μυρίαι
2356 4538 2700 4606 ἐπαγγελίαι,
2741 4540 2835 4591 καὶ
2878 4538 3121 4608 σημείων
3151 4537 3462 4603 ἐπιδείξεις,
3500 4541 3594 4592 καὶ
3629 4556 3720 4592 κο-

2131 4619 2314 4683 λάσεις
2359 4622 2452 4673 καὶ
2496 4622 2780 4692 τιμωρίαι,
2826 4624 2920 4674 καὶ
2965 4620 3136 4674 πολλά
3168 4622 3332 4691 ἕτερα
3365 4624 3435 4675 τά
3468 4621 3722 4692 διορθοῦν

2131 4703 2433 4772 δυνάμεναο
2464 4705 2558 4757 καὶ
2584 4714 2607 4740 ⁸
2638 4703 2926 4756 ἀκόλουθον
2956 4704 3022 4774 ἦν
3049 4704 3253 4758 τούτων
3298 4704 3518 4758 πάντων
3549 4707 3719 4757 ἀπαι-

2132 4783 2295 4853 τῆσαι
2346 4784 2608 4847 εὐθύνας*
2644 4785 2758 4838 ἀλλ’
2795 4786 2984 4856 ἐπειδὴ
3030 4786 3410 4857 φιλάνθρωπός
3448 4789 3619 4851 ἐστιν,
3655 4788 3721 4840 οὗ

2134 4870 2368 4921 ποιεῖται
2401 4868 2667 4933 ἐξέτασιν,
2717 4868 2853 4922 ἀλλὰ
2901 4868 3245 4942 συγχώρησιν
3281 4870 3441 4932 τέως.
3486 4870 3640 4924 Ἐπεὶ
3673 4872 3725 4923 εἰ

2130 4952 2289 5005 τοῦτο
2322 4952 2599 5018 ἐποίησεν,
2634 4952 2874 5016 ἅπαντες
2910 4952 2977 5006 ἂν
3016 4952 3212 5024 ἀθρόον
3251 4953 3721 5023 ἀνηρπάσθησαν’

2133 5034 2361 5101 Πάντες
2388 5037 2498 5103 γὰρ
2527 5034 2811 5101 ἥμαρτον,
2844 5034 3029 5105 φησὶν,
3061 5036 3159 5089 καί
3188 5035 3579 5103 ὑστεροῦνται
3608 5035 3729 5105 τῆς

2131 5117 2318 5185 δόξης
2350 5118 2455 5171 τοῦ
2493 5117 2659 5172 Θεοῦ.
2694 5113 2846 5181 Εἶδες
2876 5118 3288 5190 φιλανθρωπίας
3316 5119 3518 5188 ἄφατον
3542 5120 3727 5193 ὑπερ-

2132 5200 2324 5271 ϐολήνς
2365 5201 2417 5251 '0
2456 5202 2759 5256 πιστεύων
2787 5204 2874 5267 είς
2900 5203 3008 5256 τὸν
3044 5204 3201 5267 Υίύν,
3233 5206 3305 5258 οὐ
3346 5203 3644 5270 κρίνεται·
3689 5207 3727 5259 ό

2134 5283 2202 5336 δὲ
2235 5283 2319 5353 μὴ
2355 5285 2676 5349 πιστεύων,
2703 5283 2820 5353 ἤδη
2861 5286 3144 5354 κέκριται.
3178 5286 3289 5340 Καὶ
3319 5286 3424 5357 μὴν
3446 5287 3494 5340 εί
3524 5286 3601 5358 μὴ
3630 5287 3725 5341 διά

2132 5368 2292 5421 τοῦτο
2346 5364 2529 5439 ἦλθεν,
2570 5369 2656 5422 ἵνα
2687 5368 2850 5440 κρίνῃ
2890 5369 2982 5423 τὸν
3025 5370 3253 5441 κόσμον,
3286 5371 3402 5434 πῶς
3433 5372 3464 5424 ό
3505 5373 3581 5442 μὴ
3626 5390 3725 5425 πι-

2135 5449 2337 5503 στεύων
2381 5449 2480 5521 ἧδη
2518 5450 2790 5521 κέκριται,
2832 5454 2882 5505 εί
2933 5452 3155 5523 μηδέπω
3201 5454 3433 5525 πάρεστι
3464 5455 3564 5524 τῆς
3595 5454 3727 5525 κρί-

2133 5549 2269 5597 σεως
2295 5535 2324 5586 ό
2354 5534 2575 5605 καιρός;
2603 5535 2672 5586 ’Ἡ
2702 5534 2861 5588 τοῦτο
2891 5531 2985 5589 οὖν
3010 5553 3197 5606 φησιν,
3222 5537 3304 5589 ὅτι
3337 5537 3470 5590 αὐτὸ
3497 5537 3560 5590 τὸ
3588 5538 3726 5590 ἀπι-

2132 5619 2275 5669 στεῖν
2306 5616 2667 5686 ἀμετανόητα,
2703 5616 2922 5681 κόλασίς
2952 5619 3068 5670 ἐστι
3089 5635 3101 5648 ·
3132 5618 3193 5671 τὸ
3222 5619 3331 5690 γάρ
3373 5620 3531 5682 ἐκτὸς
3575 5614 3725 5674 εἶναι

2196 5742 2218 5771 (³
2260 5739 2429 5806 Mprel.
2470 5739 2576 5806 fied
2615 5741 2840 5806 μειζόνως
2884 5742 3230 5806 κολασθήσεται
3269 5743 3401 5806 μετὰ
3444 5744 3532 5806 τήν
3580 5743 3728 5806 χάριν

2129 5802 2369 5870 ἁμαρτών.
2457 5799 2665 5870 σίίε-ω-ἱιί
2693 5801 2859 5870 έθέλγὴ
2880 5800 3024 5870 Ταῦτξ
3065 5801 3146 5850 οὖν
3179 5799 3402 5861 ἐννόησον
3439 5799 3723 5864 anxii}.

2134 5861 2281 5912 OVAIii
2306 5863 2442 5925 ἕτερα
2462 5863 2521 5911 τὰ
2538 5861 2905 5926 διορθοῦνταῆν.
2929 5863 3039 5912 Καί.
