4012 6198
336 334 439 390 {GI

337 443 670 504 bundactori
704 458 804 498 suo
829 442 971 498 dona
1012 441 1301 510 retribuit,
1339 442 1532 513 quibus
1560 443 1722 498 etiam
1769 443 1923 499 donis

333 541 452 612 ipse
478 551 700 609 quoque
724 534 939 590 fruitur.
969 531 1168 589 Verum
1193 534 1277 588 his
1304 548 1407 588 non
1433 548 1734 602 movemur,
1759 550 1928 606 usque

327 630 470 686 adeo
496 629 722 699 ingrati,
744 636 801 682 ut
826 627 1019 692 servis,
1042 627 1221 695 mulis,
1245 626 1396 697 equis
1416 628 1743 697 operimenta
1767 642 1926 682 aurea

330 723 836 791 circumponamus;
865 717 1149 772 Dominum
1171 732 1299 773 vero
1330 725 1590 782 nostrum,
1614 717 1810 771 nudum
1833 732 1922 772 er-

331 821 544 865 rantem
568 850 586 876 ,
613 809 848 863 ostiatim
880 807 1273 863 mendicantem
1298 848 1315 874 ,
1347 807 1397 860 in
1427 807 1672 876 compitis
1692 817 1922 862 stantem

325 911 383 957 et
410 915 607 958 manus
634 898 1014 956 extendentcm
1042 898 1422 968 deSpiciamus,
1457 897 1564 952 imo
1591 912 1733 967 saepe
1762 899 1924 953 torvis

327 995 641 1047 intueamur
673 989 844 1045 oculis
870 1008 885 1045 :
918 990 1127 1045 etiamsi
1159 998 1376 1059 propter
1399 1004 1497 1043 nos
1522 988 1669 1043 hisce
1691 989 1844 1044 malis
1866 1005 1925 1045 se

323 1084 600 1156 subjiciat.
625 1084 879 1140 Libenter
899 1084 1041 1139 enim
1062 1082 1250 1148 esurit,
1271 1089 1330 1135 ut
1355 1090 1409 1136 tu
1435 1082 1719 1148 nutriaris;
1749 1081 1923 1136 nudus

324 1175 619 1241 circumit,
671 1182 731 1228 ut
775 1173 870 1228 tibi
928 1172 1343 1242 incorruptionis
1396 1179 1598 1226 vestem
1657 1170 1919 1226 conferat.

326 1262 471 1319 Nihil
502 1274 682 1320 tamen
706 1278 802 1319 vos
822 1263 1060 1333 erogatis
1092 1280 1105 1315 :
1137 1261 1232 1317 sed
1263 1262 1579 1317 vestimenta
1608 1268 1786 1315 vestra
1817 1260 1920 1315 alia

322 1372 359 1411 ι
387 1358 545 1412 tineis
572 1356 855 1421 roduntur,
882 1356 984 1409 alia
1010 1396 1025 1420 ,
1053 1356 1109 1409 in
1135 1369 1257 1408 arca
1290 1353 1563 1408 recondita
1585 1395 1599 1419 ,
1630 1352 1913 1422 superﬂuae

326 1464 474 1505 cum
508 1446 904 1519 possidentibus
946 1455 1070 1502 sunt
1100 1464 1113 1500 :
1145 1446 1269 1501 dum
1294 1446 1336 1499 is
1362 1445 1450 1515 qui
1487 1453 1541 1500 et
1573 1444 1686 1499 lucc
1723 1454 1776 1499 et
1818 1443 1920 1498 alia

324 1542 509 1597 omnia
552 1540 774 1611 largitus
822 1548 950 1604 est,
982 1537 1152 1593 nudus
1195 1536 1516 1591 obambulat.
1561 1534 1763 1590 Verum
1806 1534 1922 1589 haec

328 1646 439 1691 non
465 1631 519 1685 in
550 1646 672 1685 arca
700 1629 1022 1694 reconditis,
1046 1627 1137 1682 sed
1176 1627 1259 1681 bis
1285 1626 1565 1697 magniﬁce
1597 1624 1874 1680 induimini
1895 1624 1921 1678 ἲ

326 1721 490 1788 Quid.
513 1736 698 1793 quaeso
726 1763 739 1787 ,
771 1718 896 1774 hinc
924 1719 1077 1774 vobis
1105 1719 1221 1789 plus
1251 1717 1501 1773 accedit?
1531 1716 1602 1774 Ut
1628 1716 1919 1771 forensium

326 1814 480 1869 turba
504 1828 599 1868 vos
639 1812 940 1884 suspiciat?
966 1809 1169 1882 Ecquid
1197 1809 1339 1866 hoc?
1384 1809 1499 1864 Non
1542 1808 1684 1865 enim
1716 1807 1797 1862 his
1832 1807 1918 1860 in-

319 1907 514 1962 dutum
538 1905 900 1970 admirantur,
929 1903 1022 1958 sed
1054 1917 1173 1958 cum
1204 1902 1291 1973 qui
1324 1901 1504 1972 egenis
1535 1899 1776 1971 largitur.
1808 1899 1916 1953 Ita-

323 2016 435 2070 que
462 2001 508 2055 si
551 1999 687 2055 velis
737 1997 1073 2053 admirationi
1125 2010 1241 2051 esse
1279 2037 1293 2055 .
1332 1995 1464 2049 alios
1489 1994 1651 2049 indue
1677 2034 1690 2057 ,
1738 2001 1793 2047 et
1836 1991 1916 2046 sic

323 2093 475 2148 mille
518 2091 789 2161 plausibus
835 2088 1136 2159 excipieris.
1165 2087 1314 2142 Tunc
1338 2094 1389 2142 te
1432 2087 1570 2140 Deus
1592 2100 1713 2139 cum
1744 2081 1916 2137 homi-

325 2184 489 2238 nibus
522 2181 770 2236 laudabit.
805 2180 1006 2236 Contra
1046 2194 1172 2233 vero
1191 2179 1234 2235 si
1264 2192 1419 2233 secus
1457 2192 1583 2246 agas
1614 2218 1627 2242 ,
1658 2188 1816 2229 nemo
1861 2181 1915 2226 te

1371 329 1436 386 IN
1470 329 1780 386 .IOANNEM
1819 330 2048 389 HOMIL.
2090 335 2330 396 XXVIII.
2371 341 2442 396 al.
2487 343 2698 400 XXVII.

3523 359 3635 417 {62‘

2034 444 2268 505 laudabit
2293 493 2307 519 ,
2356 455 2449 508 sed
2489 471 2677 511 omnes
2706 458 2795 511 tibi
2834 458 3144 517 invidebqu
3167 505 3182 530 ,
3211 464 3336 520 dum
3370 469 3623 528 videbunt

2032 555 2226 610 corpus
2252 555 2518 610 ornatum,
2546 547 2777 603 animam
2806 566 2932 606 vero
2963 554 3276 623 neglectam.
3305 557 3618 629 Ilujusmodi

2032 640 2276 686 ornatum
2320 636 2630 691 meretrices
2659 647 2929 696 sectantur
2959 684 2973 709 ,
3005 658 3124 713 qua:
3162 661 3304 716 smpe
3348 652 3535 720 majori
3560 663 3613 707 et

2031 721 2351 790 opulentiori
2400 726 2545 781 cultu
2603 730 2873 799 gaudent;
2917 744 3139 790 ornatus
3187 748 3363 795 autem
3425 743 3618 800 anima:

2033 829 2194 884 penes
2243 817 2451 873 virtutis
2493 820 2764 877 studiosos
2823 833 3025 880 tantum
3070 827 3314 886 habetur.
3346 831 3471 889 Haec
3514 835 3623 890 fre-

2028 917 2254 977 quenter
2282 910 2431 974 dico,
2464 927 2563 967 nec
2602 912 2761 969 linem
2790 916 2999 973 dicendi
3030 918 3217 975 faciam
3237 962 3254 988 ,
3282 938 3387 977 non
3416 940 3616 995 paupe-

2028 1014 2116 1055 res
2160 1008 2363 1057 tantum
2403 1018 2598 1058 curans
2632 1047 2645 1069 ,
2677 1016 2933 1075 quantum
2982 1012 3189 1066 animas
3232 1025 3461 1071 vestras.
3511 1016 3618 1073 Illis

2027 1090 2171 1145 enim
2201 1091 2302 1146 etsi
2328 1108 2431 1147 non
2460 1108 2489 1147 a
2531 1094 2714 1160 nobis,
2756 1097 2969 1153 aliunde
3013 1108 3189 1156 tamen
3219 1103 3465 1173 quaedam
3508 1109 3614 1163 erit

2027 1184 2366 1250 consolatio;
2416 1185 2457 1239 si
2506 1187 2652 1241 nulla
2696 1188 2872 1255 adsit,
2920 1198 2975 1244 et
3016 1191 3154 1246 fame
3196 1205 3458 1264 pereant,
3506 1214 3611 1253 non

2028 1287 2275 1343 magnum
2301 1274 2401 1329 hoc
2429 1274 2679 1330 damnum
2705 1278 2853 1348 ipsis.
2884 1280 3021 1346 Quid
3050 1284 3232 1338 nocuit
3251 1284 3454 1342 Lazaro
3481 1304 3613 1359 pan.

2027 1374 2204 1432 pertas
2231 1373 2285 1419 et
2332 1363 2539 1420 fames?
2585 1366 2692 1422 Sed
2734 1383 2829 1423 vos
2873 1370 3004 1424 nihil
3034 1385 3062 1424 a
3106 1373 3352 1442 gehenua
3382 1378 3611 1446 eripiet,

2028 1453 2128 1508 nisi
2158 1469 2448 1525 pauperum
2489 1471 2591 1525 ope
2615 1458 2896 1526 jnvemini.
2928 1459 3033 1516 Sed
3074 1463 3259 1518 eadem
3308 1468 3420 1535 ipsa
3464 1467 3615 1524 dicc-

2028 1558 2146 1598 mus
2187 1560 2307 1614 quae
2353 1543 2502 1598 dives
2534 1545 2621 1600 ille
2668 1558 2922 1616 perpetuo
2967 1551 3191 1608 traditus
3240 1555 3344 1623 igni
3371 1599 3387 1623 ,
3438 1559 3612 1616 omnis

2026 1634 2406 1689 consolationis
2449 1636 2681 1703 experti.
2728 1636 2925 1693 Verum
2958 1640 3136 1707 absit,
3165 1653 3221 1697 ut
3245 1645 3364 1715 quis
3399 1647 3485 1701 illa
3514 1664 3603 1703 un-

2026 1740 2185 1796 quam
2231 1725 2389 1778 verba
2435 1724 2655 1789 audiat;
2705 1725 2835 1783 faxit
2880 1729 3018 1784 Deus
3065 1742 3118 1784 ut
3163 1746 3351 1789 omnes
3390 1735 3441 1790 iu
3484 1738 3607 1793 sinu

2025 1815 2255 1870 Abrahae
2301 1817 2663 1883 recipiantur,
2706 1820 2874 1889 gratia
2918 1831 2972 1875 et
3018 1821 3348 1894 benignitate
3401 1827 3610 1884 Domini

2026 1907 2194 1962 nostri
2224 1907 2350 1962 Jesu
2381 1904 2597 1971 Christi,
2633 1924 2726 1977 per
2753 1926 2913 1979 quem
2937 1921 2991 1966 et
3016 1926 3136 1967 cum
3182 1930 3289 1985 quo
3328 1916 3469 1972 Patri
3498 1919 3612 1988 glo-

2022 2004 2123 2071 ria,
2158 2019 2365 2074 nnaque
2417 2014 2603 2058 sancto
2636 2004 2876 2075 Spiritui,
2927 2006 2979 2061 in
3024 2008 3216 2064 saecula
3256 2012 3600 2070 surculorum.

2023 2099 2213 2152 Amen.
2252 2110 2263 2119 '

336 2296 3597 2335 Μ

1600 2377 1947 2444 HOMILIA
1992 2366 2290 2432 XXVIII.

324 2534 418 2588 17.
466 2530 589 2587 Non
609 2534 734 2588 enim
774 2534 908 2587 misit
957 2530 1098 2586 Deus
1142 2530 1333 2587 Filium
1373 2547 1519 2585 suum
1560 2530 1614 2583 in
1651 2526 1913 2587 mundum,

398 2636 457 2678 ut
472 2626 671 2697 judicet
696 2625 961 2691 mundum,
984 2625 1074 2681 sed
1094 2634 1150 2678 ut
1177 2623 1369 2679 salvum
1393 2623 1546 2693 faciat
1573 2619 1836 2674 mundum.

400 2720 452 2772 l.
495 2716 647 2772 Multi
675 2732 743 2773 ex
761 2717 1121 2787 scgnioribus,
1153 2716 1219 2771 ad
1252 2725 1467 2785 peccata
1511 2712 1910 2783 multiplicando

321 2820 375 2864 ct
409 2808 789 2880 negligentiam
822 2808 1118 2879 augendam
1145 2808 1324 2862 divina
1354 2792 1638 2861 abutentes
1672 2804 1911 2859 clemen-

321 2903 419 2966 tia,
451 2902 519 2955 ita
553 2902 881 2972 loquuntur:
910 2899 1059 2954 Nulla
1085 2908 1165 2954 est
1189 2897 1454 2969 gebenua,
1484 2897 1686 2951 nullum
1708 2894 1912 2965 suppli-

320 2992 690 3056 eium,omnia
725 2991 867 3045 Deus
913 2999 1125 3060 peccata
1174 2988 1417 3043 remittit.
1459 2987 1693 3056 Quorum
1741 2998 1802 3038 os
1832 2985 1910 3038 sic

320 3083 557 3138 obstruit
597 3083 812 3151 sapiens
863 3081 1079 3151 quidam
1111 3098 1125 3133 :
1165 3077 1240 3133 Ne
1287 3080 1465 3145 dicas,
1516 3076 1777 3132 Miseratio
1801 3075 1910 3146 ejus

322 3193 532 3247 magna,
563 3174 905 3229 multitudinis
940 3182 1255 3242 peccatorum
1290 3187 1511 3225 meorum
1553 3168 1865 3222 miserebitur
1890 3181 1911 3220 :

320 3270 451 3335 quia
478 3266 825 3321 misericordia
868 3275 913 3317 et
941 3265 1019 3317 ira
1044 3264 1183 3333 apud
1210 3264 1395 3332 ipsum,
1426 3271 1471 3315 et
1498 3276 1651 3330 super
1681 3266 1914 3328 peccato-

319 3362 618 3417 mmdebit
648 3366 795 3432 furor
824 3362 933 3432 ejus
982 3363 1000 3431 (
1031 3359 1190 3413 Eccli.
1222 3361 1275 3414 5.
1319 3358 1351 3411 6
1377 3358 1430 3428 );
1479 3364 1531 3410 ct
1560 3369 1770 3408 rursum
1797 3396 1811 3415 ,
1844 3350 1913 3405 Ut

321 3453 490 3506 multa
511 3453 856 3507 misericordia
880 3453 1008 3525 ejus,
1030 3461 1075 3505 et
1096 3451 1255 3504 multa
1276 3448 1564 3518 redargutio
1591 3447 1701 3517 ejus
1722 3443 1910 3515 (Eccli.

325 3547 416 3603 16.
444 3548 554 3615 l3).
580 3546 648 3602 Et
669 3546 780 3613 ubi,
809 3546 1038 3617 inquies,
1066 3543 1364 3614 benignitas
1391 3541 1529 3611 ejus,
1556 3539 1601 3594 si
1619 3538 1910 3594 secundum

327 3648 669 3710 peccatorum
690 3644 991 3692 nostrorum
1017 3634 1204 3690 merita
1220 3632 1489 3703 accepturi
1505 3631 1731 3685 sumus?
1759 3625 1909 3693 Quod

327 3731 624 3787 secundum
650 3728 840 3784 merita
878 3725 1148 3797 accepturi
1198 3726 1397 3789 simus,
1432 3722 1565 3776 'audi
1594 3721 1908 3792 prophetam

327 3832 381 3877 et
411 3820 637 3878 Paulum
664 3821 965 3883 dicentem;
998 3817 1144 3871 illum
1160 3815 1396 3887 quidem.
1421 3812 1499 3867 Tu
1518 3812 1697 3868 reddes
1715 3810 1914 3865 unicui-

321 3930 423 3982 que
450 3912 730 3967 secundum
753 3926 907 3979 opera
926 3924 1018 3964 sua
1040 3905 1214 3977 (Psal.
1244 3904 1333 3961 6l.
1368 3904 1457 3973 15)
1481 3920 1496 3968 ;
1540 3902 1681 3957 hunc
1707 3910 1907 3967 autem,

328 4005 432 4070 Qui
459 4004 634 4059 reddet
653 4003 921 4073 unicuique
944 4001 1218 4056 secundum
1240 4014 1368 4069 opus
1391 4013 1538 4051 suum
1557 3995 1732 4066 (Rom.
1760 3994 1809 4047 2.
1830 3993 1905 4065 6).

331 4094 487 4164 Quod
517 4104 699 4150 autem
730 4092 1077 4148 nihilominus
1104 4104 1294 4161 magna
1340 4090 1410 4143 sit
1456 4087 1548 4143 Dei
1601 4085 1905 4149 clementia,

326 4187 413 4243 vel
441 4184 574 4241 hinc
603 4185 774 4255 palam
818 4191 921 4250 est,
948 4182 1090 4255 quod
1140 4197 1264 4238 cum
1295 4181 1346 4236 in
1376 4181 1511 4235 vitas
1552 4179 1687 4235 duas
1731 4186 1908 4233 nostra

327 4278 475 4334 Deus
500 4276 765 4343 diviserit,
794 4277 952 4331 aliam
973 4274 1351 4340 certaminum,
1376 4273 1533 4327 aliam
1563 4285 1907 4334 coronarum,

325 4371 553 4427 nullm
577 4371 678 4425 hac
729 4371 781 4424 in
809 4386 867 4424 re
911 4383 1121 4440 quoque
1161 4367 1538 4438 benignitatem
1587 4365 1909 4419 exhibuerit.

323 4460 652 4530 Quomodo?
678 4461 810 4528 Quia
841 4469 1117 4531 postquam
1146 4461 1423 4515 innumera
1451 4465 1666 4527 peccata
1689 4455 1910 4509 admisi-

324 4567 470 4619 mus,
498 4565 599 4607 nec
618 4552 947 4607 cessavimus
973 4566 1002 4605 a
1021 4551 1302 4621 jnventute
1323 4548 1390 4603 ad
1421 4558 1716 4602 extremam
1746 4560 1913 4615 usque

323 4654 666 4703 senectutem
710 4644 1003 4700 sceleribus
1050 4643 1282 4697 animam
1340 4650 1574 4696 nostram
1614 4639 1908 4709 inquinare,

316 4738 500 4793 nullas
526 4749 713 4791 eorum
742 4746 931 4804 prunas
957 4741 1186 4803 repetat,
1210 4730 1304 4788 sed
1333 4746 1430 4803 per
1456 4731 1724 4786 lavacrum
1756 4743 1912 4798 rege-

316 4825 627 4881 nerationis
653 4822 865 4879 veniam
891 4823 1187 4889 concedat,
1213 4822 1321 4877 imo
1338 4822 1599 4892 justitiam
1627 4830 1681 4875 et
1710 4821 1911 4874 sancti-

316 4919 635 4975 ﬁcationelu
664 4917 973 4986 elargiatur.
1020 4913 1157 4981 Quid
1188 4929 1337 4985 ergo,
1368 4914 1580 4986 inquies
1600 4955 1614 4980 ,
1651 4913 1694 4968 si
1734 4912 1853 4983 quis
1882 4926 1912 4966 a

316 5012 493 5079 prima
524 5018 687 5065 astate
731 5007 1004 5081 mysteriis
1048 5007 1315 5079 dignatus,
1351 5015 1473 5078 post
1513 5006 1627 5062 lucc
1674 5005 1727 5060 in
1771 5004 1915 5060 mille

318 5113 543 5175 peccata
574 5103 818 5158 incidat?
850 5101 945 5155 Hic
975 5110 1123 5156 certe
1153 5100 1342 5169 majori
1383 5100 1650 5155 obnoxius
1677 5111 1758 5153 est
1779 5113 1910 5167 strp-

321 5201 509 5268 plicio.
538 5198 869 5254 Eornmdcm
895 5197 1038 5253 enim
1064 5208 1406 5268 peccatorum
1441 5211 1545 5251 non
1589 5211 1743 5267 pares
1786 5196 1913 5250 sub-

318 5295 464 5345 imus
486 5306 697 5361 pmitaS,
720 5290 815 5345 sed
843 5290 1002 5360 longe
1025 5289 1316 5360 graviores,
1349 5289 1394 5343 si
1422 5298 1701 5360 postquam
1723 5288 1912 5344 initiati

321 5402 532 5447 sum“,
584 5385 639 5438 in
690 5385 897 5439 Scelera
943 5384 1165 5436 ruimus.
1198 5380 1254 5436 Id
1296 5381 1560 5452 signiﬁcat
1600 5382 1797 5437 Paulus
1833 5381 1913 5436 his

318 5477 504 5533 subis
535 5492 551 5528 :
584 5475 792 5530 Irritam
814 5475 1008 5546 faciens
1030 5475 1141 5544 quis
1161 5475 1319 5545 legem
1357 5474 1535 5540 Hosis,
1562 5476 1669 5529 siue
1688 5475 1795 5529 ulla
1816 5477 1913 5529 mi-

318 5571 579 5625 seratione
622 5567 817 5622 duobus
870 5567 947 5620 vel
1000 5567 1156 5619 tribus
1208 5567 1411 5620 testibus
1453 5564 1665 5619 moritur
1693 5578 1913 5638 :quauto

322 5682 490 5729 magis
519 5661 706 5727 putatis
725 5660 973 5713 deteriora
996 5662 1175 5712 mereri
1208 5661 1458 5729 supplicia
1480 5661 1568 5728 qui
1599 5658 1646 5713 Γ
1648 5660 1791 5714 ilium
1822 5660 1914 5716 Dei

323 5753 726 5817 concaleat-crit,
759 5763 805 5806 et
848 5752 1144 5822 sanguinem
1195 5754 1472 5808 testamenti
1518 5751 1768 5823 pollutum
1818 5753 1915 5808 du-

2020 2510 2170 2574 xerit,
2195 2518 2241 2563 et
2268 2508 2446 2577 gratia:
2471 2506 2698 2578 Spiritus
2722 2509 3075 2564 contumeliam
3102 2510 3277 2580 fecerit
3301 2512 3485 2585 (Hebr.
3538 2516 3603 2570 10

2016 2598 2107 2654 98.
2135 2598 2269 2669 29)?
2307 2598 2449 2668 Ergo
2471 2597 2657 2668 majori
2685 2597 2775 2654 ille
2797 2597 2991 2668 dignus
3015 2602 3115 2654 erit
3137 2602 3397 2672 supplicio
3430 2606 3469 2656 ί.

2088 2689 2273 2746 Clu-isti
2311 2689 2596 2745 clementia.
2628 2688 2742 2743 Duo
2768 2687 2956 2746 Christi
2981 2692 3241 2748 aduentus.
3272 2724 3339 2734 —
3375 2694 3601 2751 Verum-

2020 2791 2196 2836 tamen
2224 2782 2346 2837 huic
2374 2782 2699 2851 ptenitentias
2728 2790 2907 2853 portas
2935 2786 3164 2854 aperuit,
3196 2801 3260 2842 ac
3284 2787 3482 2844 multos
3511 2789 3607 2844 ab-

2018 2873 2199 2928 luendi
2229 2882 2443 2942 peccata
2476 2873 2662 2929 modos
2689 2874 3131 2943 subministravit,
3162 2878 3207 2933 si
3236 2878 3327 2934 ille
3351 2879 3603 2936 voluerit.

2016 2963 2232 3032 Cogites
2260 2963 2418 3019 velim
2451 2972 2647 3032 quanta
2672 2964 2780 3018 sint
2805 2963 2919 3021 lucc
2947 2966 3247 3023 clementia:
3273 2978 3601 3040 argumenta,

2017 3053 2159 3122 quod
2208 3067 2305 3122 per
2340 3054 2564 3124 gratiam
2608 3054 2909 3122 remiserit,
2949 3064 3003 3110 ct
3041 3057 3184 3127 quod
3224 3069 3345 3128 post
3379 3061 3605 3131 gratiam

2017 3152 2355 3213 peccatorem
2397 3143 2640 3211 supplicii
2669 3143 2884 3213 dignum
2916 3160 3019 3201 non
3052 3148 3270 3217 puniat,
3302 3150 3396 3205 sed
3424 3165 3610 3207 emen-

2015 3234 2251 3289 dationis
2301 3233 2529 3304 spatium
2576 3233 2855 3289 concedat.
2909 3235 3199 3307 Pr0pterea
3250 3240 3324 3293 ait
3363 3240 3606 3296 Christus

2016 3324 2306 3379 Nicodemo
2338 3341 2353 3378 :
2384 3322 2504 3377 Non
2531 3323 2666 3378 misit
2698 3323 2835 3379 Deus
2866 3324 3056 3380 Filium
3082 3344 3233 3382 suum
3259 3330 3310 3383 in
3338 3331 3604 3397 mundum,

2016 3424 2070 3468 ut
2099 3414 2298 3481 judicet
2338 3412 2585 3467 mundum
2608 3453 2622 3478 ,
2649 3412 2738 3467 sed
2762 3424 2815 3468 ut
2839 3416 2996 3470 solvet
3026 3418 3288 3473 mundum.
3323 3420 3437 3476 Duo
3460 3422 3603 3477 enim

2014 3514 2138 3562 sunt
2175 3504 2371 3561 Christi
2403 3504 2697 3571 adventus;
2728 3505 2820 3577 qui
2856 3507 2965 3576 jam
3009 3507 3145 3576 fuit,
3176 3519 3231 3566 et
3267 3511 3356 3581 qui
3394 3512 3605 3569 futurus

2014 3604 2099 3651 est
2126 3614 2139 3651 :
2166 3595 2261 3652 sed
2289 3610 2397 3651 non
2426 3594 2614 3651 iisdem
2643 3594 2709 3650 de
2736 3597 2915 3652 causis
2948 3599 3143 3666 ambo;
3173 3601 3266 3657 scd
3294 3602 3442 3672 prior
3467 3601 3602 3671 fuit,

2016 3701 2121 3741 non
2167 3694 2224 3739 ut
2263 3685 2495 3740 facinora
2539 3691 2723 3740 nostra
2763 3686 3067 3755 examinet,
3104 3689 3197 3745 sed
3240 3700 3296 3746 ut
3333 3691 3602 3759 dimittat;

2015 3776 2282 3831 secundus
2310 3776 2431 3841 erit,
2459 3790 2563 3829 non
2592 3783 2648 3829 ut
2675 3774 2929 3843 dimittat,
2958 3778 3051 3833 sed
3080 3787 3134 3833 ut
3165 3783 3452 3838 examinet.
3481 3783 3605 3840 ldco

2015 3865 2081 3920 de
2110 3866 2287 3935 priore
2313 3864 2527 3935 quidem
2554 3863 2685 3920 dicit
2709 3883 2721 3917 :
2748 3863 2868 3920 Non
2888 3868 2998 3920 ueni
3018 3876 3070 3920 ut
3088 3868 3316 3936 judicem
3338 3872 3600 3935 mundum,

2014 3956 2101 4009 sed
2128 3968 2180 4008 ut
2207 3955 2395 4010 salven:
2421 3954 2699 4018 mundum;
2718 3953 2785 4010 de
2809 3955 3043 4011 secundo
3070 3966 3269 4024 autem,
3300 3961 3427 4015 Cum
3455 3979 3603 4018 vene-

2015 4046 2080 4098 rit
2106 4044 2275 4100 Filius
2315 4046 2368 4098 in
2396 4044 2559 4116 gloria
2587 4043 2760 4098 Patris
2802 4046 2915 4113 sui,
2952 4056 3133 4102 statuet
3178 4065 3290 4105 oves
3330 4052 3533 4121 quidem
3574 4071 3606 4108 a

2016 4137 2225 4201 dextris,
2246 4135 2417 4191 lucdos
2445 4144 2611 4189 autem
2632 4152 2663 4188 a
2688 4135 2905 4190 sinistris
2927 4135 3139 4208 (Matth.
3161 4137 3254 4196 ΞΒ.
3279 4141 3367 4196 3|.
3393 4142 3504 4214 55).
3538 4142 3606 4199 Et

2017 4226 2219 4280 abibunt
2242 4227 2332 4280 alii
2356 4226 2558 4297 quidem
2583 4226 2636 4280 in
2669 4226 2821 4279 vitam
2844 4268 2858 4291 ,
2885 4228 2977 4281 alii
3004 4228 3056 4281 iu
3082 4231 3391 4301 supplicium
3413 4238 3604 4305 sempi-

2017 4325 2212 4370 ternum
2244 4315 2405 4387 (Ibid.
2436 4331 2484 4369 υ.
2518 4313 2631 4383 46).
2663 4315 2823 4384 Atqui
2855 4317 3002 4384 prior
3031 4319 3189 4373 etiam
3230 4321 3491 4379 adventus
3515 4326 3604 4396 ju-

2016 4406 2139 4461 dicii
2177 4416 2290 4461 erat
2324 4405 2616 4460 secundum
2651 4404 2873 4475 iustitia:
2919 4408 3201 4464 rationem.
3234 4412 3446 4479 Quare?
3472 4414 3603 4483 Quia

2017 4506 2141 4551 ante
2183 4495 2470 4550 adventurm
2510 4496 2629 4563 ejus
2672 4496 2756 4550 lex
2802 4505 2919 4551 erat
2963 4501 3253 4569 naturalis,
3298 4505 3603 4573 prophetae,

2018 4601 2337 4657 rursumque
2372 4587 2454 4641 lex
2485 4587 2701 4657 scripta,
2734 4587 2996 4656 doctrina,
3026 4591 3171 4647 mille
3201 4597 3604 4666 promissionis,

2018 4677 2198 4746 signa,
2240 4678 2499 4747 supplicia
2519 4720 2535 4746 ,
2567 4687 2622 4734 et
2660 4679 2760 4734 alia
2794 4680 2955 4734 multa
2975 4721 2993 4749 ,
3022 4698 3140 4752 qua:
3177 4695 3395 4753 possent
3420 4704 3607 4743 emen-

2022 4768 2180 4834 dare;
2211 4785 2437 4840 quorum
2469 4771 2605 4825 ratio
2637 4773 2854 4826 omnino
2884 4774 3144 4845 exigenda
3173 4785 3327 4846 erat,
3359 4779 3450 4834 sed
3482 4782 3603 4851 quia

2019 4860 2257 4918 clemens
2285 4870 2399 4927 est,
2443 4877 2548 4916 non
2592 4878 2815 4918 examen
2841 4904 2856 4927 ,
2897 4864 2989 4919 sed
3032 4867 3240 4923 veniam
3282 4870 3520 4927 exhibet.
3550 4872 3605 4929 Si

2019 4954 2159 5009 enim
2192 4952 2628 5024 perquisitionem
2660 4953 2905 5019 fecisset,
2933 4970 3120 5014 omnes
3149 4960 3306 5029 plane
3333 4962 3400 5019 de
3430 4963 3607 5021 medio

2020 5042 2211 5097 sublati
2246 5043 2467 5098 fuissent
2501 5060 2514 5097 :
2546 5042 2731 5098 Omnes
2762 5043 2896 5098 enim
2924 5060 3253 5113 peccaverunt
3275 5093 3290 5113 ,
3324 5052 3531 5123 inquit,
3561 5067 3606 5108 et

2020 5141 2163 5202 egent
2199 5133 2365 5203 gloria
2403 5130 2500 5186 Dei
2530 5132 2720 5198 (Rom.
2755 5134 2807 5189 5.
2836 5133 2961 5206 95).
2998 5135 3157 5194 Vides
3195 5153 3456 5196 summam
3497 5144 3609 5199 cle-

2021 5225 2270 5279 mentiam
2291 5225 2315 5278 ?
2339 5224 2424 5279 18.
2452 5223 2552 5289 Qui
2577 5226 2733 5279 credit
2759 5226 2810 5279 in
2832 5224 3048 5295 Filium,
3078 5246 3179 5284 non
3198 5231 3466 5301 judicatur
3486 5253 3505 5291 :
3524 5240 3609 5307 qui

2020 5326 2185 5370 autem
2213 5333 2310 5371 non
2337 5317 2515 5380 credit,
2538 5318 2651 5386 jam
2676 5318 2935 5387 iudicatus
2964 5331 3056 5374 est.
3087 5323 3246 5394 Atqui
3274 5326 3317 5380 si
3348 5336 3471 5384 tunc
3502 5346 3605 5385 non

2022 5410 2167 5463 venit
2197 5419 2251 5462 ut
2274 5408 2535 5475 judicaret
2563 5409 2841 5476 mundum,
2867 5412 3137 5482 quomodo
3160 5417 3247 5486 qui
3279 5434 3382 5473 non
3410 5422 3608 5487 credit,

2016 5498 2124 5567 jam
2152 5497 2417 5566 judicatus
2442 5506 2557 5565 est,
2588 5498 2633 5552 si
2662 5499 2896 5555 nondum
2938 5502 3089 5558 adest
3131 5504 3315 5574 judicii
3357 5518 3607 5581 tempus!

2027 5588 2120 5643 Vel
2153 5588 2254 5643 hoc
2281 5588 2446 5658 dicit,
2483 5590 2605 5661 quia
2633 5588 2745 5660 ipsa
2775 5589 3122 5649 incredulitas
3150 5596 3265 5653 sine
3296 5601 3605 5669 paenitentia

2021 5702 2099 5827 με
2139 5701 2300 5811 διατι-1.
2340 5702 2503 5763 habet,
2530 5709 2654 5764 Ergo
2684 5702 2892 5756 severius
2913 5705 3136 5769 punietur
3161 5709 3245 5771 qui
3277 5719 3378 5772 post
3397 5713 3603 5777 gratimn

2070 5776 2134 5812 't‘t‘
2154 5780 2164 5811 ἱ
2191 5798 2201 5809 .

2070 5776 2134 5812 ft‘t‘
2154 5776 2183 5811 tl
2191 5798 2201 5809 .
