4012 6198
556 384 657 443 163

556 498 873 572 supplicium
898 506 1012 560 est;
1038 512 1156 548 nam
1184 504 1331 548 extra
1360 493 1529 547 lucem
1552 507 1670 546 esse
1694 507 1786 561 per
1807 506 1863 545 se
1886 504 2133 559 magnum

558 601 643 647 est
671 588 985 660 supplicium
1021 602 1033 639 :
1065 584 1146 639 vel
1191 586 1364 637 futura
1407 586 1744 653 pramuntiat.
1779 579 2139 647 Quemadmo-

560 686 685 737 dum
718 682 859 737 enim
890 678 1174 743 homicida,
1205 677 1323 731 licet
1352 675 1612 730 sententia
1639 673 1834 743 judicis
1861 672 2140 726 damnatus

562 791 666 827 non
697 774 787 838 sil,
818 773 931 842 ipsa
961 772 1033 826 rei
1066 781 1247 823 natura
1277 770 1386 837 jatn
1418 768 1699 821 damnatus
1725 778 1808 820 est
1839 783 1852 819 :
1881 767 1957 819 sic
1983 773 2035 819 et
2062 766 2140 818 itt-

559 863 825 917 cretlulus.
860 861 1295 930 Quandoquidem
1327 859 1494 913 Adam
1525 874 1623 928 qua
1651 858 1738 912 die
1764 855 1831 911 de
1871 857 2014 925 ligno
2042 872 2136 910 co-

561 952 744 1017 medit,
776 962 1019 1005 mortuus
1041 960 1121 1003 est
1151 970 1162 1004 ;
1190 950 1275 1003 illa
1306 948 1501 1018 quippe
1530 947 1791 1001 sententia
1814 958 1926 1000 erat
1960 964 1972 998 :
2003 946 2142 1012 Qua-

555 1058 765 1108 cumque
792 1040 874 1094 die
915 1040 1231 1094 comederitis
1260 1039 1322 1091 de
1359 1039 1495 1108 ligno
1520 1079 1534 1103 ,
1578 1036 1858 1090 moriemini
1882 1037 1899 1100 (
1923 1032 2049 1089 Gen.
2082 1034 2136 1089 2.

558 1134 668 1203 l7).
694 1135 852 1201 Atqui
884 1131 1117 1185 vivebat.
1143 1128 1420 1195 Quomodo
1443 1130 1601 1197 igitur
1623 1140 1864 1181 mortuus
1885 1127 2038 1181 erat?
2060 1127 2140 1181 Ex

554 1221 839 1284 sententia,
872 1231 921 1273 ct
951 1236 1015 1273 ex
1048 1220 1157 1287 ipsa
1186 1219 1263 1272 rei
1289 1228 1498 1272 natura.
1528 1219 1658 1271 Nam
1681 1217 1769 1287 qui
1799 1233 1857 1271 se
1881 1218 2139 1288 supplicio

554 1312 843 1367 obnoxium
892 1311 1155 1376 reddidit,
1196 1310 1294 1363 sub
1336 1309 1596 1379 supplicio
1638 1318 1751 1375 est;
1783 1309 1991 1364 etiamsi
2033 1326 2137 1363 non

558 1405 750 1474 reipsa,
781 1403 874 1457 sed
903 1420 969 1457 ex
996 1403 1279 1457 sententia.
1311 1401 1388 1456 Ne
1413 1402 1530 1472 quis
1556 1401 1698 1456 enim
1738 1400 1981 1467 audiens,
2016 1398 2138 1455 Non

556 1499 667 1551 veni
692 1507 745 1551 ut
761 1498 991 1567 judicent
1024 1496 1288 1561 mundum,
1319 1510 1378 1550 se
1404 1504 1553 1565 putet
1583 1496 1797 1562 impune
1826 1508 1982 1563 posse
2011 1509 2136 1564 pec-

554 1606 700 1655 cat'c,
727 1588 956 1656 hincque
980 1587 1331 1657 negligentior
1359 1585 1568 1649 evadat,
1598 1584 1738 1638 hanc
1761 1599 1975 1654 quoque
2002 1582 2140 1638 tollit

558 1678 841 1748 ignaviam,
873 1676 1078 1740 dicens,
1101 1675 1221 1728 Jant
1242 1675 1499 1744 judicatus
1528 1682 1621 1729 est.
1670 1673 1801 1740 Quia
1832 1674 1972 1728 enim
1996 1671 2140 1743 judi-

555 1772 692 1824 cium
718 1770 951 1824 futurum
978 1768 1210 1823 nondum
1241 1775 1479 1833 venerat,
1508 1765 1749 1836 supplicii
1778 1766 2022 1820 timorem
2044 1763 2139 1818 ad-

554 1872 775 1926 movet,
799 1872 854 1915 et
894 1860 1224 1929 puuitiouem
1259 1859 1370 1927 jam
1408 1858 1639 1913 ostendit
1669 1875 1682 1911 :
1710 1857 1761 1911 id
1786 1856 1928 1928 quod
1961 1856 2138 1911 multa:

554 1959 639 2004 est
668 1948 1012 2018 benignitatis
1035 1990 1050 2014 ,
1085 1964 1189 2001 non
1232 1946 1391 2001 modo
1433 1946 1626 2003 Filium
1654 1945 1782 2000 dare
1805 1987 1820 2009 ,
1853 1945 1945 2001 sed
1975 1945 2136 1999 etiam

553 2042 800 2112 supplicii
830 2051 1040 2111 tempus
1062 2039 1277 2095 differre
1299 2081 1314 2105 ,
1347 2049 1405 2094 ut
1430 2040 1633 2109 possint
1660 2047 1941 2111 peccantes
1968 2045 2025 2093 et
2051 2039 2138 2091 in-

553 2133 757 2189 creduli
787 2144 1002 2202 peccata
1029 2148 1123 2188 sua
1154 2132 1392 2188 abluere.
1417 2130 1516 2196 Qui
1537 2131 1692 2184 credit
1718 2131 1769 2183 in
1794 2128 2006 2191 Filium,
2035 2144 2137 2182 non

546 2227 831 2297 judicatur.
860 2225 961 2292 Qui
1004 2224 1213 2290 credit,
1245 2239 1351 2279 non
1381 2223 1471 2293 qui
1509 2223 1718 2279 curiose
1759 2222 2016 2293 inquirit;
2047 2221 2137 2291 qui

554 2317 746 2382 credit,
776 2332 880 2371 non
912 2317 1001 2385 qui
1034 2315 1254 2370 multum
1296 2322 1585 2369 scrutatur.
1615 2313 1751 2382 Quid
1787 2328 1934 2383 ergo,
1963 2313 2005 2367 si
2032 2312 2135 2366 itu-

554 2426 684 2479 pura
709 2409 827 2474 ejus
854 2409 957 2461 vita
988 2408 1075 2474 sit,
1102 2420 1155 2462 et
1179 2415 1325 2477 gesta
1356 2421 1463 2461 non
1492 2405 1666 2461 bona?
1694 2405 1800 2459 llos
1826 2406 2006 2474 utique
2031 2419 2135 2458 non

557 2516 680 2555 vere
699 2499 881 2554 ﬁdeles
895 2513 1014 2553 esse
1035 2498 1231 2552 Paulus
1252 2496 1325 2551 ait
1351 2516 1362 2550 :
1384 2494 1700 2564 Conﬁtentur
1716 2511 1769 2549 se
1788 2511 1933 2548 nosse
1953 2493 2133 2558 Deum,

556 2590 702 2661 [actia
727 2599 893 2644 autem
923 2598 1105 2658 negant
1139 2587 1274 2658 (Tit.
1312 2590 1363 2643 l.
1396 2588 1519 2658 l6).
1548 2588 1810 2642 Cmterum
1849 2584 1933 2639 hic
1961 2584 2138 2639 decla-

557 2692 672 2747 rat,
720 2683 864 2750 ipsos
903 2698 1007 2736 non
1054 2682 1152 2736 hac
1189 2680 1256 2735 dc
1293 2696 1353 2735 re
1377 2679 1645 2749 judicari;
1686 2678 1779 2732 sed
1805 2678 1874 2733 ob
1905 2676 2135 2732 facinora

554 2775 783 2844 graviori
831 2774 1033 2828 ultione
1081 2772 1377 2843 puniendos
1425 2786 1546 2827 esse
1588 2788 1601 2825 :
1641 2770 1965 2826 infidelitatis
2007 2784 2136 2825 vero

554 2881 732 2929 causa,
762 2882 829 2921 eo
856 2866 994 2936 quod
1024 2864 1364 2932 crediderint,
1395 2879 1499 2918 non
1532 2862 1725 2933 puniri.

624 2961 680 3014 2.
712 2959 897 3014 Videu'
919 2958 1185 3029 quomodo
1212 2974 1332 3013 cum
1363 2974 1392 3010 a
1422 2956 1746 3012 terribilibus
1773 2969 1928 3011 orsus
1955 2966 2097 3011 esset
2119 2998 2131 3019 ,

556 3052 607 3105 in
640 3049 825 3106 eadem
853 3066 1035 3105 rursus
1061 3050 1309 3105 desinat?
1338 3048 1491 3104 Initio
1516 3048 1712 3118 quippe
1736 3046 1945 3102 dicebat
1973 3064 1986 3099 :
2016 3046 2135 3101 Nisi

557 3142 665 3211 quis
694 3152 842 3196 natus
870 3143 1018 3212 fuerit
1047 3158 1109 3196 ea:
1138 3157 1267 3212 aqua
1295 3150 1340 3194 et
1368 3139 1589 3209 Spiritu,
1611 3155 1712 3192 non
1741 3138 1946 3192 intrabit
1974 3138 2026 3191 in
2052 3153 2134 3190 re-

550 3251 704 3303 gnum
737 3233 865 3299 Dei;
896 3234 980 3288 hic
1007 3248 1133 3287 vero
1159 3246 1389 3295 rursum,
1419 3231 1518 3297 Qui
1544 3246 1642 3283 non
1665 3228 1818 3282 credit
1844 3228 1896 3282 in
1918 3227 2128 3292 Filium,

541 3342 655 3396 μηδι
687 3324 953 3394 judicatus
997 3333 1101 3387 est;
1132 3324 1182 3377 id
1220 3334 1335 3388 est,
1376 3322 1455 3376 Nc
1491 3330 1644 3390 putes
1680 3336 1858 3375 moras
1902 3321 2134 3390 peccatis

549 3418 839 3471 obnoxium
862 3417 1069 3484 juvare,
1100 3416 1198 3469 nisi
1230 3415 1534 3484 resipuerit.
1564 3414 1694 3468 Nam
1717 3414 1806 3483 qui
1837 3429 1941 3467 non
1963 3415 2133 3469 credi-

549 3507 724 3572 derit,
757 3506 887 3560 nihil
921 3506 1132 3560 dill'erct
1169 3505 1236 3558 ab
1274 3505 1352 3558 eis
1391 3504 1478 3573 qui
1514 3504 1623 3572 jam
1658 3504 1876 3572 judicali
1919 3512 2044 3557 sunt
2080 3513 2134 3558 et

550 3598 860 3665 poniuntur.
893 3596 980 3652 l9.
1014 3595 1126 3649 Hoc
1150 3605 1221 3649 est
1250 3605 1416 3647 autem
1437 3595 1710 3664 judicium,
1730 3595 1858 3664 quia
1886 3595 1976 3648 tua:
2002 3596 2131 3648 venit

547 3692 598 3743 in
629 3689 892 3755 mundum,
916 3699 962 3742 et
988 3687 1269 3742 dilexerunt
1299 3687 1523 3740 homines
1548 3688 1710 3757 magis
1737 3687 1960 3741 tenebras
1979 3704 2129 3759 quant

545 3784 704 3834 lucent
727 3795 748 3845 ;
780 3780 880 3835 hoc
908 3788 1009 3845 est,
1043 3779 1167 3834 ideo
1203 3779 1512 3848 puniuntur,
1543 3780 1664 3848 quia
1698 3779 1942 3835 tenebras
1970 3780 2132 3834 relin-

542 3886 708 3939 quere
746 3880 797 3925 et
838 3870 904 3924 ad
946 3870 1118 3925 lucem
1164 3884 1446 3925 accurrere
1484 3871 1788 3925 noluerunt.
1823 3870 1915 3925 His
1952 3871 2128 3927 verbis

541 3980 755 4019 omnem
781 3963 849 4019 ab
876 3963 982 4018 illis
1006 3964 1178 4019 aufert
1206 3963 1625 4019 excusationem.
1657 3962 1789 4018 Nam
1819 3964 1862 4018 si
1895 3964 2127 4019 rationes

541 4066 595 4110 et
638 4069 821 4125 prunas
857 4055 1192 4124 expetiturus
1226 4055 1490 4109 venissem
1517 4096 1531 4120 ,
1562 4040 1766 4125 inquit,
1794 4054 1972 4110 dicere
1997 4071 2124 4125 pos—

539 4157 659 4200 scut
692 4164 705 4200 :
739 4145 862 4201 ideo
905 4145 1231 4201 resiluimus.
1268 4144 1372 4200 Sed
1409 4146 1527 4200 veni
1570 4153 1629 4199 ut
1661 4145 1780 4199 illos
1818 4160 1845 4197 a
1888 4145 2125 4201 tenebris

538 4237 799 4306 eriperem
826 4277 841 4304 ,
871 4246 926 4293 et
954 4235 1059 4291 luci
1086 4236 1448 4291 admoverent.
1481 4235 1608 4303 Quis
1638 4250 1766 4305 ergo
1807 4236 2125 4290 misereatur

537 4330 685 4398 ejus,
713 4330 802 4399 qui
839 4345 870 4383 a
902 4330 1133 4384 tenebris
1170 4328 1237 4383 ad
1279 4329 1455 4384 lucem
1490 4328 1670 4382 venire
1708 4328 1960 4382 recusat?
1985 4328 2120 4382 Cum

535 4419 678 4472 enim
722 4419 867 4472 nulla
896 4419 963 4473 de
998 4435 1056 4473 re
1098 4434 1195 4472 nos
1233 4418 1476 4472 incusare
1520 4417 1760 4486 possint,
1795 4417 1998 4488 inquit,
2026 4416 2120 4472 sed

536 4510 681 4563 mille
709 4508 979 4564 beneficiis
1009 4510 1116 4563 sint
1143 4507 1342 4573 all‘ccti,
1375 4523 1402 4560 a
1435 4507 1588 4562 nobis
1627 4508 1887 4562 resiliunt.
1918 4507 2028 4563 liae
2054 4507 2118 4562 de

534 4616 595 4656 re
617 4614 827 4670 quoque
857 4599 978 4654 illos
1002 4599 1127 4653 alibi
1153 4613 1409 4653 accusans
1428 4597 1660 4661 dicebat,
1687 4596 1819 4651 Odia
1839 4598 2118 4652 habuerunt

533 4710 613 4748 me
638 4693 834 4764 gratis;
861 4701 914 4747 et
938 4704 1170 4756 rursum,
1196 4689 1255 4745 Si
1282 4706 1381 4742 non
1407 4689 1645 4742 venissent
1671 4697 1716 4740 et
1741 4688 1972 4757 loquutus
1994 4689 2121 4759 fuis-

533 4800 635 4839 sent
675 4784 744 4837 eis
768 4824 783 4848 ,
817 4793 1075 4851 peccatum
1112 4798 1215 4836 non
1253 4780 1483 4833 haberent
1514 4778 1706 4850 (Joan.
1740 4779 1826 4833 15.
1858 4779 1948 4834 25.
1987 4778 2113 4850 24).

531 4876 632 4941 Qui
659 4874 801 4929 cuitu
825 4889 1016 4945 expers
1044 4874 1178 4929 lucis
1209 4874 1261 4927 in
1294 4871 1527 4927 tenebris
1551 4869 1732 4934 sedet,
1767 4869 1991 4924 fortasse
2019 4885 2114 4925 ve-

533 4967 674 5021 niam
702 4965 986 5033 impetret;
1014 4966 1101 5034 qui
1128 4979 1256 5019 vero
1276 4971 1395 5033 post
1419 4961 1553 5016 lucis
1578 4959 1862 5015 adventum
1886 4960 1937 5015 in
1965 4968 2113 5015 tene-

530 5058 639 5113 bris
668 5055 899 5123 residet,
932 5069 1196 5127 perversa:
1233 5062 1288 5109 et
1322 5052 1618 5125 pervicacis
1645 5051 1928 5106 voluntatis
1955 5066 2112 5122 argu-

531 5159 767 5206 mentum
809 5164 920 5220 prte
960 5163 1019 5203 se
1060 5146 1182 5202 fert.
1230 5145 1434 5202 Deinde
1467 5144 1590 5215 quia
1629 5143 1681 5199 id
1724 5143 1868 5214 quod
1909 5143 2111 5200 dictum

528 5246 701 5296 fuerat
723 5242 903 5297 multis
932 5240 1241 5296 incredibile
1267 5238 1548 5295 videbatur
1583 5236 1769 5308 (nemo
1793 5237 1935 5291 enim
1962 5244 2111 5291 teuc-

527 5333 652 5388 bras
682 5331 785 5386 luci
822 5329 1153 5401 praetulerit),
1182 5344 1396 5385 causam
1425 5328 1573 5399 ponit
1597 5342 1693 5382 cur
1716 5327 1796 5380 sic
1821 5324 1993 5381 all'ecti
2019 5340 2107 5379 es-

524 5433 661 5480 sent.
696 5423 947 5493 Quantam
989 5422 1103 5477 lucc
1143 5421 1265 5477 est?
1304 5420 1468 5475 Erant
1506 5421 1668 5486 enim,
1700 5418 1904 5489 inquit,
1936 5434 2107 5472 eorunt

523 5520 662 5571 mula
689 5531 860 5587 opera.
890 5512 980 5569 ΞΟ.
1013 5511 1190 5566 Omnis
1217 5522 1383 5565 autem
1420 5512 1507 5578 qui
1547 5509 1680 5564 male
1703 5509 1861 5579 facit,
1886 5507 1991 5563 odit
2020 5507 2106 5561 lu-

524 5625 628 5662 cent
650 5650 664 5673 ,
697 5617 742 5661 et
776 5624 877 5661 non
917 5605 1049 5660 venit
1088 5603 1157 5659 ad
1199 5604 1359 5658 lucent
1380 5644 1395 5671 ,
1424 5612 1477 5656 ut
1518 5619 1619 5656 non
1646 5611 1925 5672 arguantur
1953 5617 2106 5671 opera

521 5698 651 5765 ejus.

599 5785 751 5842 Prata
782 5806 940 5843 more;
971 5788 1186 5842 maxime
1220 5787 1443 5842 homines
1479 5803 1508 5840 α
1535 5785 1913 5840 C‘wistianistno
1953 5796 2094 5836 aver-

1230 378 1284 434 S.
1327 375 1603 434 JOANNIS
1641 372 2109 432 CllltYSOSTUMl
2151 372 2464 431 ARClllEP.
2506 373 3031 434 CONSTANTINOP.

3697 383 3773 439 l65

2254 498 2383 542 tunt.
2418 488 2606 543 Nullus
2632 507 2860 561 paganus
2889 507 3001 544 vera
3033 490 3213 544 virtute
3236 492 3496 560 pra'ditus.
3526 489 3779 561 Philosophi

2248 581 2455 650 gentiles
2473 582 2637 635 inanis
2655 582 2832 653 gloria:
2845 598 2997 635 causa
3014 582 3242 634 virtutem
3264 582 3568 636 exercebant.
3586 582 3781 639 —Certe

2249 687 2353 726 non
2381 673 2446 726 ad
2473 673 2816 742 judicandum
2845 674 2930 728 vel
2955 673 3020 728 ad
3047 674 3417 743 inquirendum
3446 676 3605 739 venit;
3627 676 3706 730 sed
3736 688 3784 731 ut

2248 766 2456 819 veniam
2485 774 2537 819 et
2563 765 2930 819 remissionem
2959 774 3299 834 peccatorum
3327 766 3495 828 daret,
3524 778 3571 820 et
3591 768 3782 823 salutem

2249 871 2341 925 per
2369 855 2525 910 fidem
2557 856 2853 924 largiretur.
2881 857 2985 910 Cur
3014 871 3143 926 ergo
3168 856 3482 923 fugerunt‘?
3505 861 3622 916 Nam
3649 858 3685 911 si
3709 858 3784 927 ju-

2247 946 2516 1000 tlieaturus
2546 947 2596 998 iu
2629 945 2875 999 tribunali
2916 945 3180 1010 sedisset,
3216 947 3443 1015 aliquem
3472 952 3788 1004 excusationis

2245 1038 2479 1093 colorem
2508 1037 2837 1093 habuissent.
2868 1038 2968 1106 Qui
3003 1037 3147 1092 enim
3174 1040 3434 1093 malorum
3462 1039 3557 1094 sibi
3576 1042 3789 1097 conscius

2245 1139 2327 1184 est
2351 1170 2363 1192 ,
2388 1129 2624 1198 judicem
2655 1129 2839 1200 fugere
2880 1130 3019 1185 solet
3047 1148 3060 1183 :
3090 1131 3296 1184 veniam
3329 1139 3504 1184 autem
3528 1133 3795 1189 conceden-

2248 1233 2352 1277 tent
2387 1232 2692 1292 peccatores
2724 1238 2910 1277 omnes
2946 1221 3161 1277 adeunt.
3192 1222 3245 1275 Si
3280 1236 3408 1292 ergo
3433 1222 3790 1277 condonaturus

2245 1313 2413 1380 venit,
2443 1313 2541 1368 hos
2571 1313 2802 1369 maxime
2830 1328 3113 1369 accurrere
3141 1328 3238 1384 par
3268 1322 3400 1379 erat,
3428 1315 3515 1383 qui
3540 1315 3791 1372 multorum

2244 1406 2346 1460 sibi
2376 1407 2575 1461 conscii
2604 1415 2757 1461 erant
2788 1416 3125 1475 peccatorum
3157 1423 3170 1459 :
3203 1406 3344 1474 quod
3373 1407 3531 1462 etiam
3563 1407 3693 1462 multi
3720 1408 3790 1461 fe-

2243 1507 2449 1552 cerunt.
2492 1497 2621 1551 Nam
2668 1506 2722 1551 et
2762 1498 3027 1567 publicani
3072 1507 3127 1551 et
3174 1507 3480 1566 peccatores
3515 1497 3790 1563 venientes,

2243 1602 2365 1641 eum
2395 1588 2518 1644 Jesu
2545 1587 2950 1643 accumbebaut.
2982 1588 3118 1657 Quid
3146 1604 3274 1658 ergo
3298 1589 3398 1642 sibi
3429 1589 3537 1642 vult
3562 1589 3708 1643 illud?
3729 1591 3795 1645 De

2243 1676 2348 1732 illis
2376 1678 2613 1748 loquitur
2637 1679 2728 1749 qui
2765 1679 2818 1734 in
2859 1679 3094 1749 nequitia
3132 1679 3349 1734 omnino
3389 1695 3684 1750 permanere
3712 1682 3797 1736 de-

2242 1778 2546 1824 creverunt.
2570 1768 2689 1840 Ipse
2711 1784 2941 1840 namque
2972 1769 3092 1825 ideo
3121 1770 3299 1837 venit,
3325 1780 3381 1825 ut
3407 1773 3576 1840 priora
3603 1786 3796 1842 peccata

2242 1859 2577 1927 dimitteret,
2618 1871 2673 1916 et
2706 1860 2775 1915 ad
2814 1859 2992 1915 futura
3031 1861 3265 1917 cavenda
3304 1864 3647 1918 conlirmarct.
3674 1864 3798 1933 Quia

2242 1964 2372 2005 vero
2409 1949 2624 2020 quidam
2667 1959 2790 2006 sunt
2826 1951 2896 2005 ita
2933 1951 3122 2006 molles
3149 1959 3203 2007 et
3233 1951 3473 2007 dissoluti
3512 1952 3576 2008 ad
3607 1954 3803 2009 virtutis

2241 2041 2582 2098 sustinendos
2620 2042 2831 2098 labores
2853 2085 2867 2108 ,
2898 2053 2955 2097 ut
2988 2042 3053 2097 ad
3080 2051 3377 2098 extremum
3408 2058 3568 2114 usque
3596 2044 3799 2099 halitum

2242 2135 2406 2190 velint
2432 2135 2483 2189 in
2515 2135 2746 2203 peccatis
2766 2135 3071 2205 persistere,
3098 2145 3151 2190 et
3177 2151 3463 2214 numquam
3489 2137 3552 2192 ab
3577 2136 3671 2192 illis
3688 2139 3804 2193 abs-

2243 2227 2436 2281 cedere
2459 2267 2474 2293 ,
2505 2224 2625 2281 illos
2654 2225 2740 2280 hic
2769 2226 3038 2281 incessere
3066 2227 3293 2281 videtur.
3323 2227 3454 2295 Quia
3494 2228 3628 2283 enim
3653 2228 3802 2283 Chri~

2241 2318 2553 2372 Stianismus
2577 2333 2698 2374 cum
2728 2328 2871 2374 recta
2897 2319 3140 2375 doctrina
3169 2320 3388 2389 probam
3418 2322 3573 2375 vitam
3596 2324 3802 2393 expetit,

2240 2408 2307 2462 ad
2337 2422 2435 2463 nos
2461 2409 2649 2464 venire
2677 2407 2999 2477 formidant,
3039 2410 3245 2480 inquit,
3281 2412 3402 2482 quia
3446 2413 3625 2467 nolunt
3651 2416 3807 2469 vitam

2240 2509 2439 2555 rectam
2480 2498 2754 2555 exhibere.
2795 2500 2926 2555 Nam
2962 2516 3084 2556 eum
3122 2502 3210 2572 qui
3251 2502 3302 2557 in
3340 2504 3609 2574 gentilium
3632 2519 3816 2563 errore

2240 2587 2401 2642 vitam
2429 2588 2573 2645 ducit
2597 2606 2758 2645 nemo
2784 2590 3190 2661 reprehenderit
3214 2610 3228 2648 :
3253 2593 3343 2663 qui
3369 2594 3509 2648 enim
3537 2596 3661 2651 tales
3690 2599 3814 2652 colit

2239 2679 2371 2735 deos
2394 2722 2413 2747 ,
2449 2681 2613 2737 festos
2639 2680 2755 2737 dies
2785 2682 3004 2753 perinde
3042 2695 3225 2754 turpes
3253 2695 3307 2739 et
3345 2685 3594 2742 ridiculos
3616 2730 3631 2752 ,
3660 2700 3817 2758 atquo

2239 2769 2313 2825 dii
2348 2770 2447 2841 ipsi
2476 2780 2632 2838 sunt,
2664 2772 2931 2836 celebrat,
2967 2788 3030 2827 ac
3058 2773 3214 2844 digna
3243 2774 3577 2845 dogmatibus
3604 2778 3816 2833 exhibet

2238 2878 2434 2933 opera;
2462 2864 2553 2936 qui
2584 2879 2708 2919 vero
2745 2865 2909 2919 Deum
2940 2866 3158 2929 colunt,
3192 2866 3233 2920 si
3274 2867 3506 2936 segniter
3533 2868 3745 2935 vivant,
3775 2885 3805 2925 τι

2241 2955 2454 3010 nemine
2501 2970 2607 3010 non
2654 2956 3121 3025 reprehenduntur
3169 2966 3224 3012 et
3272 2968 3584 3013 accusantur
3616 2979 3629 3014 :
3660 2967 3823 3015 tanta:

2239 3043 2581 3100 admirationi
2631 3045 2793 3101 etiam
2839 3048 2979 3115 apud
3026 3047 3270 3101 inimicos
3313 3063 3440 3102 suos
3480 3061 3564 3103 est
3605 3050 3822 3106 veritas.

2244 3134 2376 3190 Vide
2412 3151 2541 3206 ergo
2579 3151 2736 3206 quam
2768 3145 3015 3191 accurate
3045 3136 3307 3207 loquatur.
3341 3137 3456 3192 Non
3485 3140 3625 3193 enim
3656 3140 3821 3206 dicit,

2239 3225 2328 3294 qui
2361 3241 2521 3295 prava
2550 3237 2823 3296 operatur,
2851 3241 2956 3280 non
2990 3229 3134 3281 venit
3158 3227 3224 3282 ad
3255 3227 3463 3294 lucem;
3496 3230 3611 3293 sed,
3639 3230 3741 3297 Qui
3772 3232 3825 3285 itt

2237 3318 2392 3372 matis
2419 3327 2762 3388 perseverat;
2793 3317 2843 3372 id
2872 3326 2954 3373 est
2973 3360 2988 3385 ,
3017 3318 3114 3386 Qui
3155 3318 3263 3372 vult
3292 3334 3506 3389 semper
3534 3320 3586 3374 in
3622 3325 3829 3390 peccati

2237 3426 2393 3469 emno
2431 3411 2694 3477 volutari,
2736 3428 2841 3465 non
2882 3411 2993 3465 vult
3023 3426 3081 3465 se
3112 3411 3316 3479 legibus
3355 3413 3490 3468 meis
3520 3413 3831 3484 subjicere;

2237 3492 2331 3560 sed
2352 3512 2501 3558 extra
2530 3517 2751 3557 manens
2779 3502 2944 3557 libere
2972 3500 3286 3570 fornicatur,
3314 3514 3620 3575 cmtcraqne
3647 3508 3832 3561 omnia

2239 3595 2503 3665 prohibita
2543 3594 2872 3666 exsequitur.
2917 3594 3031 3650 Huc
3059 3596 3199 3649 enim
3230 3611 3288 3650 se
3316 3596 3602 3652 conferens
3626 3640 3642 3665 ,
3677 3602 3834 3668 quasi

2234 3687 2321 3742 fur
2352 3689 2401 3742 in
2433 3687 2584 3751 luce,
2616 3687 2794 3745 statim
2824 3686 3141 3742 manifestus
3172 3686 3427 3742 redditur.
3464 3687 3706 3758 ideoque
3735 3691 3837 3743 im-

2235 3780 2442 3851 perium
2470 3779 2601 3850 fugit
2627 3794 2824 3834 meum.
2855 3778 3017 3834 Certe
3050 3777 3245 3833 multos
3272 3779 3553 3850 gentilium
3583 3779 3838 3836 dicentes

2233 3873 2512 3937 audimus,
2545 3887 2605 3928 se
2629 3871 2750 3927 ideo
2777 3887 2882 3926 non
2923 3887 3082 3942 posse
3107 3872 3175 3927 ad
3206 3872 3361 3927 ﬁdem
3394 3882 3639 3928 nostram
3672 3890 3840 3931 accc-

2233 3962 2391 4030 derc,
2422 3962 2565 4033 quod
2604 3977 2706 4017 non
2747 3973 2965 4033 possent
3002 3962 3071 4017 ab
3108 3961 3398 4028 ebrietate,
3432 3958 3840 4032 fornicatione,

2232 4056 2547 4126 cacterisque
2571 4054 2876 4125 huiusmodi
2902 4055 3043 4110 vitiis
3068 4055 3358 4111 abstinere.
3385 4056 3521 4123 Quid
3548 4059 3728 4129 ergo?
3758 4060 3816 4113 in

2230 4147 2385 4216 quies
2424 4163 2437 4198 :
2479 4161 2658 4201 annon
2699 4155 2824 4201 sunt
2860 4146 3147 4202 Christiani
3188 4163 3295 4202 non
3336 4148 3580 4203 melioris
3623 4151 3840 4220 frugis,

2230 4253 2407 4293 annon
2436 4247 2490 4293 et
2514 4237 2739 4308 gentiles
2779 4237 3145 4309 philosophice
3180 4237 3454 4293 viventes?
3480 4238 3840 4294 Christiano:

2230 4344 2349 4384 esse
2374 4329 2461 4400 qui
2492 4328 2630 4383 mala
2660 4336 2985 4398 perpetrent,
3018 4344 3117 4399 ego
3142 4343 3354 4399 quoque
3382 4328 3502 4383 novi
3528 4346 3544 4381 :
3576 4345 3717 4383 num
3750 4345 3839 4383 aut

2232 4427 2334 4474 tem
2378 4420 2602 4491 gentiles
2642 4419 2747 4474 sint
2792 4418 2880 4489 qui
2927 4418 3144 4488 probam
3173 4418 3367 4473 ducant
3397 4420 3565 4474 vitam
3590 4461 3606 4483 ,
3640 4420 3701 4475 id
3737 4437 3839 4475 no:

2229 4509 2450 4579 perinde
2477 4520 2659 4564 notum
2689 4508 2840 4564 mihi.
2871 4508 2948 4564 Ne
2977 4509 3105 4563 mihi
3136 4510 3254 4565 illos
3279 4510 3500 4579 objieias
3521 4512 3621 4581 qui
3649 4527 3723 4565 ex
3754 4528 3840 4566 na.

2228 4610 2343 4657 tura
2365 4615 2458 4655 sua
2487 4600 2709 4655 modesti
2733 4599 3013 4671 ornatique
3036 4612 3159 4655 sunt
3186 4619 3198 4655 :
3225 4601 3326 4655 hoc
3346 4601 3486 4655 enim
3510 4603 3707 4657 virtus
3738 4618 3840 4657 not

2226 4704 2338 4757 est;
2371 4691 2465 4747 sed
2498 4691 2618 4746 illos
2648 4690 2840 4745 all‘eras
2860 4733 2875 4757 ,
2908 4692 2994 4761 qui
3023 4691 3300 4745 all‘ectibus
3329 4692 3701 4747 vehementer
3732 4704 3840 4746 tra-

2226 4783 2442 4845 huntur,
2465 4790 2519 4836 et
2542 4790 2715 4835 tamen
2741 4780 3200 4850 philosophantur.
3228 4781 3293 4835 At
3315 4790 3460 4836 certe
3480 4797 3599 4836 non
3630 4787 3835 4852 possis

2222 4874 2356 4931 Nam
2381 4875 2427 4930 si
2452 4873 2599 4944 regni
2627 4872 2929 4943 promissio,
2955 4872 3215 4942 gehenna:
3242 4872 3622 4934 comminatio.
3653 4882 3720 4927 et
3742 4875 3840 4929 ali:

2223 4965 2526 5037 hujusmodi
2555 4965 2642 5019 vix
2669 4964 2914 5018 homines
2941 4965 2992 5018 in
3020 4962 3232 5017 virtutis
3251 4964 3512 5018 exercitio
3541 4964 3823 5019 retinent

2222 5059 2380 5130 longe
2401 5057 2672 5113 difficilius
2700 5056 2841 5110 illam
2868 5054 3193 5110 exercebant
3214 5054 3306 5124 qui
3330 5054 3453 5109 nihil
3484 5068 3697 5109 eorum
3725 5069 3840 5108 ere

2221 5152 2372 5208 dunt.
2404 5151 2555 5218 Quod
2591 5150 2635 5205 si
2665 5150 2879 5220 quidam
2916 5149 3163 5203 virtutem
3201 5148 3482 5211 simulent,
3536 5147 3593 5201 id
3639 5146 3840 5214 gloria

2219 5261 2377 5303 causa
2410 5244 2641 5310 faciunt;
2669 5243 2757 5313 qui
2786 5253 2961 5296 autem
2987 5256 3137 5296 vana?
3165 5240 3349 5311 gloria:
3368 5254 3533 5294 (ansa
3559 5239 3840 5294 virtuteu

2219 5346 2495 5401 exercent,
2528 5335 2616 5390 ubi
2650 5335 2817 5391 latere
2847 5342 3116 5404 poterunt,
3146 5349 3250 5388 non
3279 5348 3307 5385 a
3340 5332 3522 5402 pravis
3554 5330 3840 5400 cupidita

2218 5428 2358 5481 tibus
2396 5426 2755 5482 abstinebunt.
2804 5424 3003 5479 Verum
3038 5440 3109 5480 ne
3145 5422 3464 5478 contentiosi
3505 5420 3840 5476 videamur

2215 5521 2572 5577 concedamus
2611 5518 2749 5589 apud
2792 5518 3019 5588 gentiles
3062 5528 3183 5570 esse
3223 5513 3484 5583 quosdam
3536 5514 3642 5584 qui
3695 5522 3839 5568 recti

2214 5613 2392 5668 vivant
2435 5630 2447 5665 :
2491 5610 2620 5666 nihil
2666 5610 2807 5664 enim
2856 5607 2958 5662 hoc
2999 5606 3158 5661 dictis
3204 5606 3400 5659 nostris
3438 5604 3653 5661 ofﬁcit.
3710 5604 3840 5660 Nar

2282 5791 2296 5821 ³
2337 5788 2520 5849 Morel.,
2546 5792 2771 5854 fugerunt
2794 5786 2939 5851 igitur
2964 5786 3028 5836 ad
3052 5781 3310 5847 perniciem
3334 5795 3488 5835 suam.

2184 5930 2229 5939 ος
