4012 6198
248 320 342 374 163
1203 308 1271 366 IN
1305 308 1615 365 JOANNEM
1659 307 1888 365 IIOMIL.

242 431 380 502 quod
407 444 550 500 sa-pe
574 426 857 498 contingit,
882 442 985 480 non
1009 423 1150 494 quod
1173 441 1296 479 raro
1316 425 1531 492 accidit,
1556 425 1641 480 hic
1668 424 1827 481 intel—

243 521 526 593 ligendum.

228 639 239 681 1
308 616 361 668 3.
400 613 533 668 Vide
559 612 720 667 etiam
749 625 856 681 quo
902 618 1058 680 pacto
1095 609 1308 664 aliunde
1343 625 1554 680 quoque
1584 610 1689 665 illis
1713 625 1827 665 om-

245 722 359 762 nem
387 704 750 760 excusationis
769 703 984 756 modum
1007 700 1232 764 auferat,
1256 715 1376 755 eum
1399 700 1546 766 dicit,
1578 701 1747 755 lucem
1771 701 1824 754 iu

245 795 496 850 mundum
539 795 769 848 venisse.
816 793 991 857 Num,
1035 793 1242 863 inquit,
1276 793 1418 847 illam
1460 795 1826 863 quiesiertmt‘!

218 859 364 942 lnum
401 888 709 942 laborarunt
749 898 806 940 ut
841 888 1292 956 assequerentur?
1321 887 1435 956 Ipsa
1474 888 1560 941 lux
1600 888 1665 940 ad
1707 888 1827 942 illos

240 983 421 1046 venit,
456 996 631 1050 neque
671 981 748 1034 sic
791 990 968 1033 tamen
1013 989 1376 1033 occurrerunt.
1409 979 1541 1046 Quia
1573 996 1700 1035 vero
1726 981 1826 1035 ob-

241 1074 462 1128 tendere
494 1082 748 1141 possunt,
777 1071 1110 1126 Christianos
1140 1087 1258 1126 esse
1284 1058 1540 1140 quosdam
1572 1072 1659 1141 qui
1691 1073 1827 1126 male

241 1166 449 1228 vivant,
485 1163 960 1231 respondebimus,
992 1163 1078 1216 hic
1117 1179 1221 1215 non
1249 1162 1332 1232 agi
1362 1162 1428 1216 de
1468 1162 1534 1216 iis
1562 1163 1650 1232 qui
1676 1162 1828 1216 Chri-

245 1255 398 1308 stiani
443 1255 553 1307 nati
595 1264 757 1319 sunt,
787 1255 986 1324 quique
1015 1270 1042 1306 a
1075 1254 1364 1322 majoribus
1392 1255 1532 1325 piam
1574 1270 1826 1324 accepere

243 1344 550 1413 religionem
574 1360 588 1405 ;
616 1345 714 1397 etsi
742 1359 885 1411 saepe
909 1343 982 1396 illi
1006 1359 1069 1397 ex
1099 1359 1260 1412 prava
1289 1345 1392 1397 vita
1415 1360 1443 1396 a
1468 1360 1590 1398 vera
1623 1344 1824 1398 doctri-

244 1452 305 1489 na
331 1435 543 1490 decussi
572 1435 791 1490 fuerint.
828 1435 1023 1491 Verum
1056 1452 1160 1490 non
1189 1437 1255 1492 de
1283 1437 1346 1491 iis
1376 1446 1503 1506 puto
1532 1453 1670 1492 nunc
1697 1453 1819 1492 scr-

243 1543 452 1582 monem
487 1527 712 1591 haberi,
743 1529 838 1582 sed
868 1529 935 1583 de
965 1529 1029 1582 iis
1055 1529 1332 1598 gentilium
1364 1530 1444 1584 vel
1476 1529 1787 1584 Judaeorum
1810 1573 1824 1592 ,

241 1621 326 1690 qui
346 1619 608 1674 deberent
627 1618 694 1672 ad
719 1629 920 1673 rectam
949 1621 1184 1673 converti
1212 1619 1390 1674 fidem.
1413 1619 1660 1675 Ostendit
1677 1623 1821 1675 enim

242 1710 509 1763 neminem
531 1723 716 1762 eorum
747 1709 836 1776 qui
869 1707 919 1762 in
943 1723 1126 1764 errore
1151 1710 1383 1780 degunt,
1407 1712 1543 1765 velle
1568 1711 1633 1766 ad
1664 1711 1822 1765 ﬁdem

240 1799 526 1863 accedere,
554 1799 653 1853 nisi
679 1801 828 1868 prius
849 1808 1007 1853 recta:
1029 1801 1149 1854 vita:
1181 1817 1420 1854 normam
1452 1802 1552 1856 sibi
1587 1803 1826 1870 prmscri-

242 1892 433 1957 pserit;
466 1889 842 1959 neminemque
870 1891 920 1944 in
950 1891 1316 1946 incredulitate
1345 1907 1650 1946 mansurum
1672 1933 1687 1956 ,
1719 1893 1817 1945 nisi

240 1983 385 2049 prius
415 1981 719 2035 decreverit
748 1983 798 2035 iu
835 1983 1093 2051 pravitate
1133 1985 1440 2052 persistere.
1473 1983 1550 2038 Ne
1581 1984 1711 2039 mihi
1744 1984 1827 2038 di-

243 2074 387 2126 xeris
413 2083 619 2125 εειηωηι
648 2073 796 2126 illum
823 2087 968 2138 esse,
1001 2090 1100 2128 nec
1128 2074 1288 2128 furari
1313 2092 1326 2128 :
1357 2091 1460 2128 non
1487 2075 1629 2130 enim
1660 2076 1711 2129 in
1747 2076 1828 2130 his

241 2174 448 2216 tantum
499 2163 742 2217 consistit
782 2163 972 2218 virtus.
1007 2164 1135 2230 Quze
1183 2166 1322 2218 enim
1370 2166 1603 2231 utilitas,
1637 2167 1681 2219 si
1716 2167 1829 2220 haec

241 2256 463 2324 quidem
505 2254 785 2320 observet,
819 2255 914 2310 sed
955 2272 1103 2311 vana:
1131 2258 1314 2327 gloria:
1342 2258 1410 2310 sit
1454 2258 1711 2327 cupidus,
1747 2258 1828 2312 vel

237 2348 542 2400 amicorum
564 2346 724 2414 gratia
748 2347 797 2399 iu
824 2360 1009 2400 errore
1039 2347 1286 2401 maneat?
1315 2347 1425 2401 lloc
1446 2351 1589 2402 enim
1613 2364 1716 2402 non
1744 2358 1828 2403 est

238 2448 392 2491 recte
422 2439 629 2490 vivere.
657 2436 782 2491 Nam
818 2438 1004 2508 gloria‘,
1035 2453 1223 2493 servus
1255 2455 1360 2494 non
1403 2441 1580 2494 minus
1608 2450 1827 2508 peccat,

239 2544 404 2594 quam
437 2527 761 2596 fornicator;
789 2529 895 2581 imo
923 2529 1076 2599 longe
1103 2529 1248 2598 plura
1276 2540 1329 2585 et
1357 2530 1602 2600 graviora
1631 2529 1823 2585 admit-

242 2621 319 2670 tit.
343 2617 550 2671 \‘crum
575 2618 742 2672 indica
765 2618 894 2672 mihi
913 2621 1195 2690 quemdam
1215 2621 1353 2690 apud
1373 2621 1602 2691 gentiles
1622 2621 1689 2677 ab
1711 2636 1828 2676 om-

242 2708 396 2762 nibus
428 2708 578 2763 vitiis
625 2711 964 2780 peccatisque
1006 2712 1252 2766 liberum.
1287 2712 1585 2782 Numquam
1631 2716 1830 2784 possis.

240 2797 368 2854 Nam
398 2801 496 2871 qui
529 2803 758 2857 maxime
782 2803 922 2872 apud
953 2805 1068 2858 illos
1094 2806 1398 2860 claruerunt
1419 2806 1544 2875 ,‘qui
1590 2816 1643 2861 et
1674 2821 1834 2876 pecu-

244 2892 356 2945 nias
399 2900 462 2946 et
505 2892 642 2961 gula:
691 2893 909 2948 delicias
956 2904 1426 2964 contempserunt,
1475 2905 1533 2950 ut
1578 2897 1762 2960 aiunt,
1795 2896 1832 2952 ii

249 2983 482 3037 maxime
511 2983 749 3037 omnium
791 2984 975 3054 gloria:
1017 2985 1354 3050 servierunt;
1388 2985 1531 3054 quod
1559 3000 1688 3040 sane
1713 3001 1830 3040 om-

250 3075 388 3127 nium
411 3083 501 3128 est
522 3090 680 3128 causa
716 3075 997 3128 malorum.
1023 3075 1110 3129 Sic
1125 3084 1179 3129 et
1199 3075 1366 3130 Judaei
1389 3076 1440 3129 in
1460 3076 1693 3145 nequitia
1713 3091 1834 3146 per-

244 3166 518 3220 stiterunt.
548 3167 726 3232 Quare
755 3166 876 3220 illus
904 3181 1130 3235 arguens
1156 3166 1370 3221 dicebat
1397 3183 1409 3218 :
1445 3165 1708 3231 Quomodo
1735 3183 1832 3239 po-

246 3259 377 3310 testis
398 3258 627 3321 credere,
649 3259 737 3326 qui
755 3258 970 3329 gloriam
990 3258 1052 3312 ab
1075 3258 1359 3312 hominibus
1381 3260 1612 3328 accipitis
1635 3259 1828 3330 (Joan.

244 3348 291 3401 5.
314 3349 419 3416 μ)
440 3351 466 3400 '!
496 3349 560 3402 Et
580 3364 676 3403 cur
695 3347 1009 3403 Nathanaeli
1032 3392 1048 3414 ,
1074 3352 1160 3404 cui
1183 3352 1459 3406 veritatem
1484 3351 1829 3421 praedicabat,

245 3440 306 3494 de
334 3442 422 3494 his
474 3440 721 3509 loquutus
750 3455 856 3495 non
883 3449 994 3505 est,
1030 3456 1131 3496 nec
1173 3442 1398 3512 longiori
1439 3455 1523 3498 est
1555 3459 1681 3498 usus
1713 3459 1833 3498 ser-

247 3548 396 3588 moue
412 3535 440 3587 ἲ
473 3533 607 3600 Quia
634 3534 677 3588 is
698 3549 804 3590 non
833 3549 954 3589 cum
977 3533 1070 3588 illo
1093 3535 1275 3589 studio
1300 3547 1538 3592 venerat.
1572 3537 1670 3591 ilic
1687 3538 1830 3592 enim

246 3627 377 3681 istud
399 3627 512 3682 sibi
535 3626 836 3682 faciendum
860 3627 1249 3694 constituerat,
1280 3637 1331 3684 et
1353 3629 1496 3698 quod
1523 3630 1610 3684 alii
1633 3629 1794 3697 quieti
1817 3669 1831 3694 ,

246 3720 325 3774 hic
368 3719 663 3775 audienda:
707 3719 966 3775 doctrina:
1016 3730 1224 3790 tempus
1271 3720 1532 3776 adhibuit.
1579 3721 1672 3775 Ille
1704 3736 1833 3775 vero

243 3813 344 3867 alio
381 3812 655 3867 suadente
696 3812 921 3867 accessit
952 3829 965 3866 :
1000 3827 1098 3866 nec
1139 3821 1314 3868 tamen
1357 3811 1506 3867 illum
1539 3813 1831 3880 pneteriit;

243 3906 410 3972 ipsum
435 3903 588 3958 euim
613 3902 690 3956 sic
713 3901 1032 3972 alloquitur:
1056 3903 1252 3956 Amodo
1273 3903 1500 3955 videbitis
1517 3903 1668 3955 cazlos
1685 3918 1834 3973 aper-

241 4004 311 4045 tos
329 4035 344 4057 ,
369 4002 420 4047 et
463 3992 678 4061 angelos
705 3991 799 4045 Dei
829 3993 1148 4046 ascendentes
1174 4002 1225 4046 et
1249 3991 1604 4047 descendentes
1638 3990 1830 4064 (Joan.

244 4085 292 4138 t.
320 4086 382 4140 5i
406 4084 454 4155 ).
488 4083 628 4138 Huic
651 4092 829 4137 autem
853 4083 985 4136 nihil
1011 4083 1200 4137 horum
1227 4082 1402 4148 dixit;
1431 4081 1523 4137 sed
1555 4082 1622 4136 de
1655 4083 1825 4136 incaro

242 4176 463 4230 natione
491 4188 543 4231 et
576 4173 645 4229 de
684 4175 791 4228 vita
830 4183 1030 4228 aeterna
1063 4175 1233 4244 ipsum
1260 4175 1586 4244 alloquitur,
1617 4173 1834 4228 diverso

241 4269 400 4322 modii
429 4267 664 4336 singulis
695 4281 790 4335 pro
815 4264 1005 4321 allecto
1035 4268 1293 4336 cujusque
1321 4267 1566 4337 loquens.
1601 4267 1680 4322 Illi
1709 4268 1830 4338 qui.

239 4359 359 4413 dem
379 4401 398 4424 ,
422 4359 551 4428 quia
576 4355 866 4427 prophetas
890 4357 1119 4411 callebat
1138 4397 1152 4419 ,
1187 4373 1360 4426 neque
1393 4358 1463 4411 ita
1490 4357 1668 4427 segnis
1694 4366 1830 4421 erat,

243 4449 355 4504 hac
383 4447 664 4502 audivisse
708 4447 842 4503 satis
885 4457 1041 4503 erat:
1092 4448 1212 4502 huic
1243 4462 1405 4514 vero,
1451 4447 1573 4516 quia
1603 4447 1830 4517 quadam

240 4540 416 4595 adhuc
463 4537 754 4593 formidine
783 4537 1120 4592 detinebatur
1141 4578 1156 4603 ,
1190 4552 1294 4590 non
1327 4545 1496 4590 totum
1535 4536 1714 4591 statim
1742 4553 1831 4592 re-

1928 306 2123 363 ΧΧΙΧ.
2163 310 2232 364 al.
2278 309 2512 366 XXVIII.
3415 315 3513 374 166

1937 425 2166 491 velavit;
2199 426 2292 482 sed
2324 437 2557 483 mentem
2589 428 2704 499 ejus
2733 428 2987 485 excitavit
3009 472 3024 498 ,
3057 440 3118 486 ut
3145 443 3285 488 metu
3313 446 3512 493 metum

1931 518 2270 583 excluderet,
2301 535 2422 574 cum
2453 519 2588 575 dixit
2618 536 2739 576 eum
2767 522 2856 592 qui
2898 537 3004 578 non
3033 524 3279 581 crederet
3301 568 3327 593 ,.
3355 527 3505 594 judi-

1933 611 2079 678 cari,
2125 620 2179 666 et
2209 628 2312 666 non
2344 612 2566 668 credere
2593 629 2620 666 a
2655 629 2813 682 prava
2865 617 3297 687 concupiscentia
3353 621 3513 690 proli-

1934 702 2084 757 cisci.
2115 701 2247 770 Quia
2277 703 2416 756 enim
2470 703 2742 757 hominum
2771 705 2996 774 gloriam
3041 708 3217 777 magni
3247 707 3474 764 faciebat
3496 752 3512 775 ,

1931 800 1985 846 et
2023 792 2188 861 pluris
2231 809 2388 862 quam
2435 794 2750 863 supplicium
2783 795 2978 869 (Multi
3015 799 3189 866 enim,
3220 800 3420 870 inquit,
3452 819 3515 856 ea:

1933 884 2244 953 principibus
2283 885 2605 940 crediderunt
2642 887 2696 941 in
2743 905 2889 955 eum,
2931 889 3019 942 sed
3058 900 3263 960 propter
3302 891 3514 950 Judwos

1932 992 2033 1029 non
2058 977 2422 1045 conﬁtebantur
2449 977 2636 1048 (Joan.
2662 981 2715 1034 5.
2738 981 2809 1034 44
2829 980 2847 1051 )
2869 1021 2881 1043 ,
2911 980 3037 1036 hinc
3063 983 3211 1037 illum
3239 985 3510 1053 perstrin-

1931 1067 2040 1134 git,
2072 1067 2406 1137 ostenditque
2427 1110 2440 1133 ,
2472 1086 2577 1124 non
2621 1085 2775 1138 posse
2803 1087 2923 1124 eum
2965 1074 3055 1142 qui
3087 1073 3138 1127 in
3169 1090 3228 1130 se
3257 1090 3363 1130 non
3392 1093 3513 1132 cre-

1932 1156 2115 1222 deret,
2145 1160 2243 1211 alia
2285 1159 2353 1213 de
2380 1175 2539 1214 causa
2583 1178 2686 1215 non
2737 1163 2992 1230 credere,
3034 1182 3192 1234 quain
3234 1168 3374 1237 quod
3406 1171 3511 1225 vita

1934 1249 2170 1318 impurus
2202 1260 2361 1306 esset.
2399 1253 2461 1305 Et
2493 1255 2542 1306 in
2585 1256 2931 1323 sequentibus
2963 1258 3074 1312 ait:
3109 1258 3219 1328 Ego
3246 1277 3356 1315 sum
3384 1262 3510 1328 lux;

1935 1340 2020 1395 hic
2044 1351 2219 1395 autem
2249 1342 2357 1404 ait,
2396 1341 2540 1396 Venit
2582 1342 2670 1396 lus:
2700 1345 2750 1398 in
2795 1346 3036 1399 mundum
3067 1346 3255 1417 (Joan.
3285 1350 3338 1404 8.
3383 1352 3450 1405 12
3470 1351 3510 1421 ).

1935 1433 1988 1485 111
2019 1431 2278 1502 principio
2305 1434 2446 1488 enim
2476 1434 2774 1502 obscurius,
2805 1436 3000 1492 deinde
3029 1439 3226 1494 clarius
3255 1441 3516 1511 loqueba-

1937 1535 2040 1578 tur.
2074 1527 2319 1580 Attamen
2351 1528 2508 1580 homo
2557 1528 2643 1582 ille
2674 1530 3025 1584 multitudinis
3056 1531 3191 1585 fama
3241 1532 3518 1589 detineba-

1936 1627 2049 1681 tur;
2069 1629 2389 1687 quapropter
2415 1635 2518 1671 non
2545 1635 2606 1671 ea
2620 1635 2720 1688 qua
2742 1635 2836 1688 par
2853 1631 2964 1674 erat
2983 1623 3228 1677 utebatur
3249 1624 3513 1681 libertate.

2015 1709 2158 1762 Vana
2210 1709 2372 1778 gloria
2421 1710 2702 1780 fugienda;
2741 1713 2935 1765 virtutis
2983 1717 3203 1784 fructum
3255 1717 3405 1771 tollit.
3444 1749 3513 1758 -—

1937 1800 2220 1869 Fugiatuus
2267 1815 2395 1870 ergo
2445 1802 2654 1855 inanem
2700 1802 2959 1871 gloriam;
3012 1804 3112 1860 hoc
3158 1807 3298 1861 enitn
3345 1809 3518 1863 vitio-

1934 1905 2049 1944 rum
2086 1891 2321 1944 omnium
2374 1891 2897 1947 vehementissimum
2953 1904 3052 1948 est.
3103 1895 3234 1951 Hinc
3286 1901 3511 1952 avaritia

1934 1989 1988 2034 et
2008 1996 2160 2035 amor
2183 1983 2523 2049 pecuniarum
2553 1984 2816 2050 oriuntur,
2843 1983 2969 2039 hinc
2994 1985 3110 2042 odia
3138 2027 3154 2051 ,
3188 1986 3345 2050 bella,
3374 1991 3512 2041 lites.

1933 2071 2064 2126 Nam
2096 2073 2184 2142 qui
2233 2073 2380 2141 plura
2411 2074 2762 2141 concupiscit,
2795 2090 3055 2144 nusquam
3088 2077 3381 2130 consistere
3415 2093 3512 2146 po-

1937 2164 2079 2218 terit.
2108 2163 2255 2218 Nulla
2292 2174 2466 2219 autem
2499 2165 2600 2218 alia
2631 2165 2698 2220 de
2726 2182 2886 2222 causa
2917 2178 3106 2222 ctetera
3145 2179 3287 2222 autat
3309 2211 3321 2230 ,
3352 2187 3511 2239 quam

1935 2253 2076 2323 quod
2103 2269 2292 2308 vanam
2319 2255 2540 2324 gloriam
2565 2266 2727 2311 amet.
2751 2256 2862 2312 Cur
2887 2259 3029 2312 enim
3052 2301 3068 2325 ,
3097 2274 3280 2327 qurcso
3302 2300 3316 2324 ,
3344 2275 3514 2316 cuiiu-

1935 2343 2162 2399 chorum
2198 2360 2420 2416 agmen,
2463 2362 2680 2416 gregem
2729 2363 3007 2402 servorum
3029 2389 3044 2413 ,
3074 2364 3170 2404 cur
3201 2359 3404 2404 tantum
3435 2351 3513 2405 fa-

1936 2442 2075 2487 stum
2108 2433 2258 2487 tnulti
2295 2433 2588 2490 exhibent?
2612 2435 2729 2490 Non
2754 2436 2854 2491 alia
2881 2452 3039 2491 cauSa
3062 2479 3077 2504 ,
3108 2439 3208 2492 nisi
3237 2448 3294 2492 ut
3323 2441 3516 2496 multos

1937 2527 2171 2582 habeant
2211 2528 2581 2597 inopportuna:
2630 2528 3040 2600 magnificentiae
3081 2538 3264 2585 testes.
3295 2531 3349 2585 Si
3381 2533 3518 2588 hanc

1937 2634 2064 2690 ergo
2085 2619 2466 2684 rescindamus,
2491 2636 2610 2675 cum
2631 2622 2802 2691 capite
2823 2621 2981 2675 etiam
3003 2621 3239 2676 membra
3263 2623 3510 2690 nequitia:

1938 2710 2222 2776 tollemus,
2281 2711 2520 2779 nihilque
2575 2710 2920 2780 prohibebit,
2978 2711 3265 2780 quominus
3321 2722 3515 2766 terram

1937 2804 2084 2872 quasi
2115 2805 2301 2858 cadum
2349 2804 2660 2858 incolamns.
2716 2803 2902 2874 Neque
2941 2805 3083 2858 enim
3114 2803 3180 2857 ad
3222 2804 3514 2874 nequitiam

1940 2905 2140 2950 tantum
2167 2911 2300 2965 quos
2329 2895 2469 2965 capit
2511 2895 2772 2964 impellit,
2803 2894 2896 2950 sed
2922 2904 2977 2949 et
3003 2894 3182 2948 virtuti
3210 2909 3272 2948 se
3296 2893 3519 2950 subdolo

1937 2986 2226 3052 admiscet;
2256 2995 2309 3041 et
2333 3001 2453 3040 cum
2481 3001 2510 3038 a
2539 2986 2733 3039 virtute
2757 2999 2856 3039 nos
2883 2984 3138 3038 decutere
3165 2998 3271 3038 non
3304 2993 3475 3052 potest
3497 3025 3513 3047 ,

1939 3078 1992 3132 in
2029 3078 2142 3147 ipsa
2174 3077 2258 3131 illa
2286 3077 2484 3130 virtute
2529 3091 2779 3144 magnum
2819 3075 3197 3130 detrimentum
3227 3076 3477 3144 importat
3502 3115 3518 3140 ,

1939 3169 2063 3226 dum
2086 3169 2298 3223 labores
2324 3167 2554 3222 tolerare
2576 3167 2749 3235 cogit,
2773 3175 2827 3219 et
2847 3165 3091 3218 laborum
3119 3164 3292 3218 fructu
3323 3165 3516 3232 privat.

1937 3259 2069 3314 Nam
2097 3258 2188 3329 qui
2217 3256 2284 3312 ad
2313 3272 2502 3310 vanam
2534 3256 2757 3326 gloriam
2803 3254 3053 3324 respicit,
3083 3255 3197 3311 sive
3219 3254 3480 3326 jejunium
3502 3299 3518 3322 ,

1938 3351 2052 3406 sive
2075 3349 2394 3414 orationem,
2425 3347 2538 3401 sive
2563 3345 2960 3418 electuosynam
2988 3356 3270 3412 exerceat,
3298 3364 3513 3416 omnem

1938 3443 2134 3496 amittit
2159 3439 2483 3495 mercedem.
2515 3439 2632 3506 Quo
2658 3438 2856 3492 damno
2877 3438 3002 3508 quid
3025 3439 3385 3495 miserabilius
3407 3441 3520 3496 fue-

1939 3532 2046 3587 rit?
2075 3531 2289 3602 quando
2316 3545 2510 3600 nempe
2537 3530 2656 3600 quis
2684 3545 2742 3584 se
2769 3529 2964 3584 frustra
2999 3541 3272 3598 macerat,
3319 3532 3521 3589 ridicu-

1940 3623 2126 3692 lusque
2146 3622 2343 3686 evadit,
2368 3631 2423 3676 et
2441 3638 2472 3675 a
2488 3635 2718 3690 superna
2744 3620 2914 3690 gloria
2937 3622 3157 3676 excidit.
3179 3621 3362 3692 Neque
3378 3625 3520 3678 enim

1940 3721 2115 3782 potest
2143 3713 2232 3783 qui
2283 3721 2562 3780 utramque
2591 3710 2898 3777 desiderat,
2933 3721 3213 3782 utramque
3242 3715 3517 3784 consequi.

1939 3803 2227 3858 Possumus
2257 3811 2432 3857 tamen
2463 3812 2742 3871 utramque
2775 3804 3072 3872 consequi,
3104 3804 3149 3858 si
3180 3818 3286 3858 non
3317 3814 3525 3859 utram-

1939 3910 2044 3963 que
2073 3893 2296 3964 gloriam
2341 3894 2785 3962 concupiscamus
2805 3934 2820 3958 ,
2850 3893 2944 3948 sed
2975 3895 3242 3948 cialestem
3277 3905 3522 3962 tantum;

1939 3985 2028 4054 qui
2062 3999 2188 4039 vero
2219 3993 2498 4052 utramque
2523 3993 2703 4049 amat,
2731 3998 2836 4037 non
2865 3993 3144 4054 utramque
3169 3984 3395 4053 adipisci
3423 4001 3521 4053 po-

1941 4085 2062 4132 tcst.
2091 4075 2448 4144 Quamobrem
2480 4075 2523 4129 si
2557 4075 2781 4129 velimus
2813 4075 3037 4145 gloriam
3066 4075 3326 4146 adipisci,
3357 4075 3527 4146 fugia-

1941 4185 2058 4223 mus
2087 4168 2374 4222 bumanam
2405 4168 2667 4238 gloriam,
2697 4176 2751 4222 et
2777 4183 2895 4222 eam
2937 4184 3056 4237 qua:
3082 4187 3110 4223 a
3139 4168 3258 4223 solo
3299 4169 3410 4224 Deo
3440 4180 3523 4225 est

1939 4259 2344 4323 desideremus;
2375 4268 2430 4313 et
2469 4259 2547 4313 sic
2576 4266 2799 4328 utraque
2844 4259 3126 4327 potiemur.
3163 4259 3370 4315 Utinam
3400 4275 3528 4316 vero

1941 4349 2041 4404 hac
2061 4349 2320 4416 fruamur,
2344 4349 2514 4418 gratia
2538 4356 2593 4402 et
2613 4347 2937 4418 benignitate
2966 4349 3174 4404 Domini
3206 4350 3372 4404 nostri
3395 4349 3522 4404 Jesu

1938 4443 2136 4498 Christi
2163 4485 2179 4510 ,
2211 4457 2305 4512 per
2331 4457 2490 4512 quem
2520 4452 2575 4497 et
2604 4457 2725 4496 eum
2769 4456 2878 4511 quo
2925 4442 3066 4496 Patri
3111 4442 3278 4511 gloria
3311 4458 3522 4512 unaque

1939 4544 2126 4590 sancto
2150 4532 2371 4603 Spiritui
2396 4573 2411 4599 ,
2444 4533 2496 4586 in
2525 4533 2720 4586 saecula
2747 4533 3090 4587 szeculorum.
3119 4535 3312 4586 Amen.

1563 4745 1909 4808 HOMILIA
1953 4744 2196 4805 XXIX.

245 4894 324 4948 ἑὲ.
386 4894 539 4948 Venit
579 4906 744 4949 autem
787 4895 840 4947 in
868 4891 1106 4948 Judamm
1137 4901 1320 4946 terram
1352 4891 1460 4960 ipse
1509 4899 1554 4944 et
1598 4889 1836 4957 discipuli

361 4989 501 5057 ejus,
529 4997 577 5039 et
600 4986 706 5039 illic
731 4985 1084 5039 demorabatur
1106 5001 1220 5038 cum
1244 4984 1335 5047 eis,
1359 4994 1403 5036 et
1424 4983 1729 5052 baptizabat.

318 5081 367 5130 I.
406 5077 562 5129 Nihil
598 5078 802 5130 veritate
839 5076 1045 5141 clarius,
1089 5075 1216 5129 nihil
1260 5075 1524 5128 mendacio
1563 5074 1835 5141 infirmius.

245 5169 348 5222 Cur
375 5169 615 5224 Christus
636 5184 737 5221 non
765 5169 1055 5236 baptizavit,
1086 5168 1173 5220 sed
1195 5166 1454 5236 discipuli.
1484 5194 1554 5206 -—
1579 5165 1716 5218 Nihil
1746 5181 1837 5220 vc-

245 5263 409 5316 ritate
436 5261 654 5323 clarius,
696 5259 829 5314 nihii
871 5259 1076 5322 fortius,
1124 5269 1180 5312 ut
1219 5259 1498 5314 mendacio
1529 5258 1655 5313 nihil
1687 5258 1838 5312 infir-

245 5356 411 5416 mius,
446 5353 654 5407 etiamsi
691 5351 984 5406 innumeris
1027 5365 1084 5405 se
1125 5359 1265 5422 tegat
1305 5349 1672 5421 operimentis.
1705 5349 1836 5404 Nam

242 5445 402 5499 facile
433 5444 875 5511 deprehenditur,
907 5452 959 5496 et
997 5441 1150 5497 facile
1175 5440 1384 5496 difﬂuit.
1417 5439 1633 5497 Veritas
1655 5450 1834 5496 contra

243 5539 394 5591 nuda
429 5547 636 5605 prostat
678 5537 945 5598 omnibus,
990 5535 1077 5603 qui
1125 5535 1310 5589 volunt
1346 5535 1462 5603 ejus
1493 5533 1838 5605 pulchritudi-

241 5648 370 5685 nan
409 5631 635 5692 intueti;
665 5646 769 5683 non
813 5630 923 5683 vult
970 5629 1156 5693 latere,
1210 5643 1312 5681 non
1342 5627 1632 5696 periculum
1664 5626 1838 5689 timet,

243 5740 354 5777 ann
391 5722 634 5786 insidias,
665 5736 769 5775 non
813 5721 1037 5793 gloriam
1081 5719 1432 5775 multitudinis
1471 5718 1658 5784 ambit,
1708 5716 1842 5773 nulli

1955 4887 2302 4942 humanarum
2339 4902 2515 4944 rerum
2553 4888 2829 4958 subjacet;
2857 4887 2950 4944 sed
2981 4888 3229 4945 omnibus
3263 4888 3526 4959 superior,

1948 4979 2140 5034 multas
2167 4981 2364 5050 excipit
2400 4979 2636 5048 insidias,
2670 4991 2847 5037 manet
2880 4991 3056 5036 autem
3084 4982 3300 5048 invicta,
3328 4998 3529 5051 eosque

1947 5073 2035 5141 qui
2063 5071 2127 5125 ad
2156 5087 2215 5126 se
2238 5071 2566 5141 confugiunt,
2610 5073 2755 5142 quasi
2795 5071 3062 5127 tutissimo
3105 5089 3260 5128 muro
3296 5073 3533 5126 nuiuitos

1949 5171 2146 5228 servat,
2179 5162 2339 5232 idque
2368 5178 2431 5216 ex
2478 5163 2727 5233 potentia:
2773 5177 2884 5217 sua:
2909 5163 3309 5232 magnitudine;
3337 5172 3390 5218 et
3431 5177 3529 5218 oc-

1950 5256 2121 5310 cultos
2149 5256 2374 5310 iusultus
2401 5259 2610 5321 evertit,
2640 5270 2734 5310 sua
2758 5270 2884 5311 vero
2913 5256 3087 5326 palam
3117 5257 3366 5311 omnibus
3403 5270 3538 5324 pqu

1950 5349 2102 5419 ponit
2127 5367 2139 5402 :
2169 5347 2311 5416 quod
2332 5357 2386 5402 et
2413 5347 2654 5402 Christus
2675 5347 2845 5402 Pilato
2867 5347 2950 5402 his
2975 5347 3153 5402 verbis
3173 5347 3488 5417 signiﬁcavit
3513 5364 3528 5403 :

1953 5441 2064 5514 Ego
2093 5440 2261 5509 palam
2291 5441 2523 5510 loquutus
2547 5455 2658 5492 sunt
2684 5438 2892 5503 mundo,
2923 5447 2970 5493 et
2997 5440 3051 5492 in
3077 5439 3269 5492 occulto
3296 5438 3530 5506 loquutus

1951 5549 2063 5588 sum
2091 5532 2219 5586 nihil
2249 5531 2426 5600 (Joan.
2467 5533 2552 5586 18.
2584 5531 2696 5601 20).
2727 5533 2878 5600 Quod
2918 5543 3041 5586 tunc
3066 5531 3198 5584 dixit
3220 5530 3392 5588 .lesus,
3428 5527 3529 5583 hoc

1956 5641 2095 5679 nunc
2127 5624 2268 5679 fecit.
2315 5622 2439 5678 Post
2471 5625 2596 5692 hu'c,
2631 5625 2819 5696 inquit,
2853 5627 2982 5680 venit
3009 5625 3060 5677 in
3087 5623 3322 5677 Judautm
3345 5633 3529 5674 ternum

1952 5719 2058 5787 ipse
2085 5727 2129 5773 et
2160 5717 2389 5788 discipuli
2420 5719 2547 5788 ejus,
2581 5727 2624 5771 et
2654 5719 2757 5772 illic
2775 5718 3145 5786 demorabatur,
3167 5712 3534 5776 etbuptizabtt.
