4012 6194
410 315 512 378 16⁸1

415 432 468 486 ln
495 429 920 487 solemnitatibus
950 427 1001 481 in
1039 425 1306 480 civitatem
1346 424 1688 488 ascendebat,
1717 431 1773 477 ut
1797 421 1850 476 in
1879 435 1992 474 me-

413 523 502 576 dio
542 522 837 577 doctrinam
878 519 983 574 illis
1027 527 1372 587 proponeret,
1417 526 1580 586 utque
1622 531 1687 568 ex
1727 511 1996 568 miraculis

419 614 696 667 utilitatem
747 618 1020 679 caperent.
1065 607 1298 662 Peractis
1324 615 1500 660 autem
1525 605 1710 659 diebus
1748 603 1915 664 festis,
1943 600 1996 653 in

414 703 704 758 Jordanem
743 716 886 769 saepe
924 700 1202 765 venit-bat,
1243 700 1364 768 quia
1399 696 1490 751 illo
1529 695 1679 751 multi
1711 707 2000 748 concurre-

419 797 566 851 bant.
594 793 684 848 Illa
711 795 851 848 enim
882 808 1000 863 qua:
1029 792 1196 861 magis
1220 789 1691 857 frequentabantur
1714 786 1830 841 loca
1861 800 2001 838 scm-

421 901 516 955 per
543 883 788 952 petebat;
837 898 942 936 non
970 879 1341 936 ostentationis
1377 893 1534 933 causa
1563 877 1645 931 vel
1675 873 1998 938 ambitionis,

420 975 514 1030 sed
549 983 604 1028 ttt
632 973 869 1042 pluribus
901 971 1193 1041 prodesset.
1224 969 1379 1039 Atqui
1411 969 1510 1023 sub
1537 967 1651 1021 lucc
1685 966 1812 1021 dicit
1841 980 2004 1020 cvan-

420 1067 628 1134 gelista,
664 1079 766 1118 non
791 1063 970 1118 Je-um
1004 1063 1045 1127 ⁸,
1075 1061 1167 1116 sed
1194 1060 1482 1129 discipulos
1525 1058 1643 1128 ejus
1669 1057 2001 1126 baptizasse;

425 1158 566 1212 unde
596 1155 766 1226 palam
799 1165 880 1209 est
926 1155 1028 1209 hoc
1054 1153 1212 1208 etiam
1247 1152 1296 1205 itt
1331 1151 1449 1205 loco
1481 1151 1550 1204 ita
1584 1147 1825 1216 intelligi,
1864 1148 2006 1215 ipsos

427 1264 619 1319 nempe
646 1249 788 1303 solos
814 1246 1184 1316 baptizavissc.
1217 1245 1283 1298 Et
1310 1259 1426 1307 cur,
1457 1241 1682 1310 inquies,
1709 1255 1812 1293 non
1841 1237 2008 1307 bapti-

426 1340 618 1397 zabat?
641 1339 758 1395 Jam
784 1338 928 1408 prius
951 1337 1164 1393 dixerat
1192 1336 1423 1390 Joannes
1449 1355 1462 1387 :
1486 1332 1606 1402 Ipse
1631 1348 1716 1386 eos
1736 1328 2010 1402 baptizabit

426 1437 476 1488 in
506 1433 704 1506 Spiritu
734 1441 905 1485 sancto
927 1439 972 1483 et
1000 1429 1125 1500 igni.
1150 1427 1406 1498 Spiritum
1433 1441 1560 1479 vero
1583 1422 1815 1477 nondum
1846 1420 2010 1476 dede-

431 1537 529 1580 rat.
558 1525 686 1580 Jure
715 1539 842 1592 ergo
873 1537 977 1576 non
1006 1520 1340 1588 baptizabat;
1386 1517 1478 1573 sed
1509 1515 1751 1584 discipuli
1785 1520 2008 1577 tantum,

430 1615 571 1686 quod
603 1613 802 1668 vellent
825 1611 1083 1681 plurimos
1107 1609 1171 1662 ad
1201 1609 1488 1662 salutarem
1525 1605 1821 1660 doctrinam
1851 1613 2015 1656 attra-

433 1707 580 1759 here.
611 1702 678 1756 Et
700 1715 884 1771 quare,
908 1698 1182 1768 discipulis
1200 1696 1327 1752 Jesu
1349 1696 1757 1767 baptizantibus,
1781 1693 2013 1747 Joannes

433 1794 703 1864 baptizare
731 1807 836 1847 non
857 1790 1080 1853 destitit,
1105 1788 1276 1844 donec
1303 1789 1355 1842 in
1381 1801 1653 1843 carcerem
1676 1782 2014 1840 traderetur?

435 1884 568 1940 Nam
598 1897 718 1937 cum
745 1881 961 1946 dicitur,
1005 1877 1130 1932 Erat
1168 1878 1392 1932 Ioannes
1437 1877 1696 1945 baptizans
1726 1875 1780 1928 in
1805 1871 2015 1938 «Enen;

435 1975 808 2044 adjiciturque,
844 1970 944 2026 24:
977 1968 1218 2024 Nondum
1257 1970 1440 2023 missus
1472 1972 1636 2038 fuerat
1664 1967 1715 2020 in
1744 1980 2014 2028 carcerem,

434 2064 697 2136 signiﬁcat
745 2063 927 2132 utique
979 2061 1126 2114 illum
1171 2075 1278 2114 non
1324 2058 1580 2112 hactenus
1619 2054 1907 2110 destitisse.
1952 2051 2019 2106 Et

435 2172 531 2212 cur
554 2156 620 2211 ad
647 2154 776 2209 illud
808 2167 973 2219 uSque
1001 2160 1212 2220 tempus
1237 2147 1566 2219 baptizavit?
1591 2162 1712 2200 nam
1747 2143 2017 2214 digniores

436 2247 562 2303 Jcsu
589 2245 878 2315 discipulos
898 2244 1246 2308 declarasset,
1275 2242 1319 2295 si
1350 2241 1453 2296 illis
1483 2237 1876 2307 incipientibus,
1906 2236 2020 2304 ipse

439 2339 751 2395 destitisset.
791 2335 901 2391 Cur
932 2350 1062 2406 ergo
1091 2331 1430 2404 baptizabat?
1470 2330 1547 2385 Ne
1583 2327 1872 2397 discipulos
1896 2338 2022 2379 suos

441 2433 493 2486 iu
522 2429 777 2499 majorem
798 2426 1045 2481 invidiam
1065 2435 1120 2479 et
1139 2422 1536 2479 contentionem
1558 2417 1864 2488 conjiceret.
1889 2415 2022 2470 Nam

441 2524 486 2578 si
533 2535 676 2590 saepe
718 2516 1018 2584 clamando,
1072 2516 1374 2587 primasque
1401 2511 1614 2567 Christo
1656 2505 2018 2571 concedendo,

441 2627 667 2682 seseque
695 2610 954 2665 minorem
999 2603 1336 2678 pra-dicundo
1378 2617 1484 2657 non
1535 2598 1797 2670 persuasit
1839 2595 1942 2650 illis
1969 2602 2024 2649 ut

445 2703 512 2758 ad
541 2718 662 2756 eum
692 2699 1008 2756 accederent
1038 2715 1052 2752 :
1086 2697 1131 2752 si
1176 2697 1276 2750 hoc
1321 2694 1484 2750 etiam
1525 2689 1828 2760 adjecisset,
1869 2687 2026 2758 longe

443 2791 885 2849 contentiosiores
931 2789 1052 2844 illos
1091 2786 1430 2842 reddidisset.
1463 2783 1588 2838 ldeo
1615 2781 1863 2837 Christus
1901 2789 2027 2834 tunc

444 2881 675 2936 maxime
698 2880 988 2950 prredicare
1011 2878 1196 2946 cmpit,
1221 2891 1342 2931 cum
1381 2875 1448 2929 de
1475 2872 1652 2928 medio
1677 2871 1917 2926 sublatus
1945 2878 2028 2925 est

443 2973 698 3032 Joannes.
728 2971 862 3026 Puto
882 2979 1060 3025 autem
1089 2969 1209 3024 ideo
1237 2967 1394 3022 citius
1413 2965 1670 3022 Joannem
1701 2973 1873 3018 morte
1899 2961 2028 3018 sub-

445 3066 609 3120 latum
653 3064 830 3128 fuisse,
878 3073 934 3117 ut
965 3063 1125 3116 totius
1172 3059 1525 3115 multitudinis
1565 3057 1728 3111 animi
1773 3055 1842 3110 ad
1875 3053 2030 3110 Chri-

445 3165 586 3211 stum
627 3160 1073 3210 converterentur
1100 3193 1115 3218 ,
1167 3165 1340 3221 neque
1384 3149 1610 3220 amplius
1655 3148 1797 3202 circa
1842 3145 2028 3200 ambos

448 3247 836 3303 scinderentur.
871 3247 1134 3301 l’rmterea
1165 3242 1291 3299 dum
1321 3242 1620 3312 baptizabat
1643 3240 1898 3302 Joannes,
1925 3252 2028 3291 non

449 3341 616 3404 linem
633 3337 858 3390 iaciebat
881 3333 1136 3391 monendi
1167 3342 1221 3386 et
1264 3347 1452 3403 magna
1478 3333 1546 3386 de
1573 3330 1698 3386 Jesu
1733 3329 2029 3398 pradican-

447 3426 498 3480 di
552 3425 860 3493 Baptizabat
888 3439 1017 3478 vero
1043 3432 1246 3477 tantum
1282 3423 1334 3476 in
1360 3437 1482 3476 eum
1512 3422 1600 3491 qui
1641 3429 1760 3489 post
1801 3434 1861 3473 se
1902 3435 2032 3473 vcn-

452 3528 602 3569 tnrus
623 3523 764 3579 erat,
793 3522 850 3566 ut
875 3514 926 3566 in
953 3527 1075 3567 eum
1119 3511 1417 3566 crederent.
1445 3511 1544 3576 Qui
1575 3509 1733 3578 igitur
1760 3509 1860 3562 hoc
1888 3523 2031 3577 pne-

450 3606 680 3671 dicabat,
724 3603 992 3675 quomodo
1029 3602 1408 3672 discipulorum
1442 3599 1636 3656 Christi
1669 3599 2030 3669 praestan'iam

451 3699 891 3760 demonstrasset,
937 3695 983 3750 si
1021 3711 1050 3749 a
1095 3695 1411 3766 baptismate
1448 3692 1775 3747 destitisset?
1825 3690 1956 3746 Nam
2002 3705 2033 3745 ο

450 3787 720 3842 contrario
746 3786 918 3840 visum
945 3785 1150 3851 fuisset,
1181 3785 1352 3854 ipsum
1380 3800 1443 3840 ex
1472 3782 1664 3837 invidia
1689 3782 1769 3836 vel
1814 3782 1890 3835 ira
1918 3795 2034 3836 ces-

452 3895 574 3935 sare
607 3897 622 3933 :
668 3878 1002 3949 persisteudo
1039 3887 1239 3943 autem,
1283 3877 1398 3931 haec
1441 3875 1670 3930 ﬁrmiora
1708 3874 2030 3928 declarabat.

453 3972 567 4028 Non
598 3972 740 4026 enim
767 3970 868 4025 sibi
897 3971 1120 4038 gloriam
1154 3969 1518 4039 comparabat,
1546 3967 1639 4022 sed
1671 3965 1941 4021 auditores
1967 3965 2031 4019 ad

449 4064 721 4120 Christum
749 4063 1010 4129 mittebat,
1038 4077 1138 4118 nec
1167 4063 1340 4116 minus
1365 4076 1527 4133 quam
1553 4059 1797 4130 discipuli
1826 4057 1891 4112 ad
1913 4073 2030 4112 cam

457 4172 568 4212 rem
598 4155 914 4227 praestabat;
947 4156 1054 4209 imo
1085 4155 1200 4224 plus
1230 4169 1386 4225 quam
1421 4152 1515 4207 illi.
1548 4151 1682 4207 Nam
1709 4157 1908 4220 quanto
1939 4149 2039 4202 mi-

456 4262 557 4303 nus
577 4257 882 4318 suspectum
918 4258 1034 4303 erat
1073 4247 1190 4318 ejus
1227 4245 1612 4308 testimonium,
1644 4252 1793 4298 tanto
1834 4241 2036 4312 majore

454 4355 614 4409 quam
647 4339 742 4408 ipsi
772 4337 910 4393 fama
939 4339 1149 4393 valebat
1175 4336 1312 4407 apud
1339 4349 1546 4391 omnes.
1571 4334 1684 4389 lloc
1712 4333 2035 4405 evangelista

351 4490 357 4497 _
455 4427 796 4483 subindicans
827 4427 1038 4483 dicebat
1070 4444 1084 4481 :
1116 4427 1337 4481 Ea'ibant
1378 4437 1425 4479 et
1467 4424 1849 4494 baptizabantur
1891 4422 1953 4476 ab
1979 4438 2036 4476 eo

456 4520 618 4572 omnis
655 4517 840 4572 Iudam
873 4527 920 4573 et
955 4517 1093 4588 regio
1133 4517 1267 4569 circa
1312 4515 1593 4570 Iordanem
1619 4515 1830 4586 (Matth.
1871 4515 1924 4567 5.
1955 4513 2035 4582 5).

459 4610 738 4680 Discipulis
765 4607 1174 4679 baptizantibus,
1223 4623 1326 4661 nou
1357 4607 1637 4662 cessabant
1673 4607 1822 4661 multi
1848 4605 1913 4660 ad
1940 4605 2036 4661 Jo-

457 4716 650 4754 annem
682 4714 981 4755 accurerre.
1000 4696 1152 4764 Quod
1173 4697 1218 4750 si
1237 4697 1353 4766 quis
1380 4705 1742 4766 percontetur,
1773 4695 1896 4765 quid
1918 4697 2038 4766 plus

461 4790 704 4843 habuerit
734 4790 1140 4859 discipulorum,
1173 4804 1330 4859 quam
1374 4788 1597 4844 Joannis
1628 4788 1930 4857 baptisma?
1951 4788 2035 4842 di-

457 4894 660 4944 cemus,
690 4880 842 4934 nihil.
869 4880 999 4935 Nam
1031 4889 1314 4949 utrumque
1340 4880 1599 4948 baptisma
1616 4877 1845 4947 Spiritus
1865 4881 2036 4948 gratia

463 4985 686 5025 vacuum
715 4979 848 5036 erat,
878 4982 930 5025 et
959 4987 1059 5026 una
1087 4971 1363 5040 utriusque
1392 4968 1688 5039 baptizandi
1717 4985 1873 5024 causa
1899 4979 2036 5038 erat,

460 5072 518 5117 ut
542 5063 834 5133 baptizatos
858 5063 923 5116 ad
951 5062 1220 5119 Christum
1252 5061 1636 5131 pertraherent.
1667 5061 1742 5116 Ne
1770 5061 1911 5116 enim
1937 5063 2040 5117 cir-

435 5165 863 5226 Icumcursantes
893 5155 1206 5225 colligerent
1235 5169 1328 5210 eos
1370 5154 1459 5225 qui
1487 5153 1736 5209 credituri
1767 5164 1941 5221 erant,
1980 5167 2040 5212 ut

463 5248 732 5304 Simonem
762 5249 946 5314 frater,
971 5247 1352 5305 Natltanaelem
1381 5247 1652 5318 Philippus
1681 5247 2036 5318 adduxerunt,

466 5338 732 5408 baptizare
779 5340 1194 5405 censtituerunt,
1256 5349 1312 5394 ut
1367 5355 1460 5410 per
1495 5337 1812 5408 baptismum
1854 5354 2039 5397 omnes

526 5492 559 5557 '_
582 5491 634 5540 lu
657 5489 828 5557 libello
847 5494 1170 5557 Quaestiontun
1197 5499 1244 5544 tn
1267 5503 1516 5554 Joannem,
1542 5493 1698 5557 inquit
1738 5493 1955 5557 Saviltus,
1974 5496 2040 5546 ita

463 5551 645 5624 legit‘ur
666 5553 744 5624 hic
767 5551 902 5624 locus
925 5554 1146 5624 pluribus
1167 5558 1334 5624 verbis
1359 5570 1370 5604 :
1399 5551 1626 5624 ᾳιιαὴξιῂἑ
1639 5551 2040 5624 ευαηθειξειμνιὶσ

462 5613 597 5688 dicit!
609 5613 671 5664 de
680 5614 868 5688 claristo
893 5652 908 5677 ,
925 5613 1062 5688 'quod
1079 5617 1378 5688 baptizaret,
1402 5613 1489 5666 hoc
1512 5613 1786 5688 dicit,_ngn'
1796 5616 2039 5688 Christum

457 5686 548 5749 per
591 5689 641 5726 se
682 5677 932 5749 baptizare
948 5677 1268 5749 idqui/itania.
1294 5680 1378 5749 sed
1402 5678 1628 5749 magistro
1649 5677 1862 5732 tribuens
1891 5679 2038 5732 disci-

458 5753 490 5800 ν
516 5735 681 5786 ternm
702 5735 890 5790 mimus.
917 5735 1106 5791 Etenim'
1119 5739 1204 5792 sub
1218 5740 1321 5792 tunc
1345 5735 1574 5791 duilium
1598 5747 1758 5790 Jesum
1778 5775 1792 5804 ,
1819 5750 1912 5792 etc.

1219 310 1279 367 S.
1305 308 1580 368 JOANNIS
1616 303 2088 366 CllllYSOSTOMl
2128 299 2441 358 ARCIIIEP.
2482 295 3011 355 CONSTAN'HNOP.

3584 294 3699 350 1⁵63

2108 415 2222 470 sine
2235 415 2417 469 labore
2437 412 2824 481 pertraherent,
2845 420 2898 466 et
2915 412 3100 465 futura:
3114 409 3236 464 ﬁdei
3257 409 3396 463 viam
3412 417 3682 477 pararent.

2100 505 2251 574 Quod
2281 515 2455 558 autem
2486 504 2600 558 haec
2627 504 2940 574 baptismata
2971 503 3197 556 alterum
3223 502 3392 555 altero
3413 497 3544 552 nihil
3571 499 3690 567 plus

2107 597 2360 650 haberent
2386 596 2660 664 sequentia
2694 594 2948 648 indicant.
2975 593 3230 660 Quznnam
3251 590 3380 644 illa?
3405 589 3496 643 25.
3525 587 3690 642 Facta

2104 699 2196 754 est,
2232 687 2416 756 inquit,
2459 686 2668 749 qntestio
2716 702 2777 739 ex
2815 685 3076 753 discipulis
3103 682 3321 737 Joannis
3358 696 3473 734 cum
3499 677 3691 734 Iuda'o

2107 780 2170 832 de
2214 778 2585 849 puriﬁcatione.
2629 775 2934 830 lnvidehant
2974 774 3167 844 quippe
3206 787 3418 841 semper
3445 770 3692 840 discipuli

2107 871 2326 926 Joannis
2364 869 2558 925 ChriSti
2595 868 2886 939 discipulis,
2915 867 3022 920 imo
3053 867 3148 936 ipsi
3175 865 3430 929 Christo;
3480 874 3537 918 ct
3574 879 3693 917 cum

2112 961 2350 1016 vidi-rent
2399 961 2519 1015 illus
2549 959 2838 1026 baptizare,
2873 973 2965 1012 eos
2996 957 3082 1026 qui
3126 956 3531 1024 baptizabantur
3559 954 3694 1008 allo-

2112 1051 2200 1121 qui
2231 1059 2527 1120 carperunt,
2555 1049 2703 1120 quasi
2735 1048 2995 1117 baptisma
3039 1061 3190 1099 suum
3218 1044 3344 1114 quid
3372 1045 3492 1115 plus
3529 1045 3693 1098 habe-

2114 1152 2216 1210 ret,
2249 1159 2406 1213 quam
2454 1143 2712 1213 baptisma
2760 1139 3140 1209 discipulorum
3175 1137 3373 1193 Christi
3402 1157 3415 1194 :
3447 1147 3606 1208 atque
3633 1153 3697 1192 ex

2114 1232 2392 1301 baptizatis
2442 1233 2675 1302 aliquem
2713 1230 2906 1296 adorti,
2943 1229 2991 1283 id
3040 1229 3117 1283 illi
3159 1229 3480 1298 persuadere
3523 1230 3698 1283 conati

2115 1334 2259 1389 sunt,
2289 1338 2385 1378 nec
2407 1331 2711 1392 potuerunt.
2740 1321 2890 1387 Quod
2927 1329 3104 1374 autem
3145 1319 3242 1384 illi,
3271 1335 3375 1372 non
3403 1329 3579 1373 autem
3601 1318 3695 1372 Ju-

2117 1412 2267 1468 diuus
2311 1413 2418 1479 ille,
2461 1413 2810 1482 qua-stionem
2857 1417 3153 1475 moverint,
3196 1408 3318 1463 audi
3347 1409 3620 1479 quomodo
3650 1410 3710 1463 id

2118 1506 2439 1577 evangelista
2465 1505 2781 1561 subindicet.
2813 1503 2928 1558 Non
2961 1504 3102 1557 enim
3132 1502 3286 1567 dixit,
3316 1502 3559 1556 Judaeum
3600 1501 3698 1555 ali-

2119 1613 2277 1668 quem
2305 1598 2373 1651 ab
2402 1598 2506 1652 illis
2551 1597 2879 1666 quaesivisse,
2911 1593 3004 1649 sed
3053 1609 3118 1648 ex
3158 1593 3383 1649 Joannis
3427 1593 3716 1662 discipulis-

2119 1687 2465 1757 quaestionem
2489 1697 2684 1741 motam
2714 1685 2877 1740 fuisse
2904 1699 3024 1739 cum
3054 1683 3239 1739 Judaco
3259 1683 3487 1755 quodam
3516 1683 3583 1738 de
3604 1699 3701 1752 pu-

2120 1777 2435 1832 riﬁcatione.

2191 1867 2247 1922 2.
2288 1865 2606 1922 Consideres
2639 1875 2815 1922 autem
2847 1867 3006 1921 velim
3039 1865 3380 1935 evangelista:
3410 1864 3714 1918 lenitatem-

2124 1958 2237 2014 Non
2264 1959 2405 2013 enim
2449 1959 2498 2012 in
2529 1957 2813 2013 adversum
2857 1957 3124 2012 invehitur
3147 1996 3160 2021 ,
3194 1955 3286 2010 sed
3332 1971 3429 2025 pro
3458 1955 3720 2009 facultate-

2124 2053 2330 2122 culpam
2372 2051 2596 2119 minuit,
2642 2051 3102 2122 qumstiouemque
3143 2049 3302 2103 fuisse
3340 2047 3719 2103 tantumnodo

2125 2144 2273 2200 dicit.
2301 2144 2430 2199 Nam
2459 2143 2598 2215 quod
2625 2160 2687 2198 ex
2717 2143 2918 2198 invidia
2947 2143 3021 2196 illi
3053 2142 3249 2212 loquuti
3274 2141 3400 2207 sint,
3425 2142 3714 2211 sequentia

2126 2237 2379 2302 indicant,
2403 2253 2520 2307 qua:
2545 2237 2703 2291 etiam
2732 2236 2822 2291 ille
2847 2235 3121 2290 moderate
3147 2236 3369 2290 narravit
3395 2251 3409 2299 ;
3441 2251 3565 2289 nam
3592 2235 3668 2290 ait
3690 2253 3719 2291 ε-

2125 2327 2216 2381 26.
2250 2325 2502 2382 Venerunt
2520 2326 2588 2380 ad
2607 2325 2857 2380 Joannem
2878 2335 2924 2380 et
2945 2327 3174 2380 dixerunt
3195 2326 3240 2380 ei
3258 2341 3274 2379 :
3297 2324 3476 2388 Rabbi,
3495 2328 3584 2396 qui
3605 2335 3716 2380 erat

2129 2427 2288 2470 tecum
2315 2427 2454 2470 trans
2477 2415 2792 2483 Iordanem,
2821 2417 2904 2469 cui
2930 2426 2983 2469 tu
3012 2416 3346 2469 testimonium
3376 2414 3671 2486 perhibuisti
3693 2456 3708 2480 ,

2130 2525 2240 2563 ecce
2281 2509 2362 2562 hic
2394 2508 2648 2577 baptizat,
2683 2517 2727 2561 et
2774 2525 2946 2562 omnes
2985 2509 3186 2561 veniunt
3225 2507 3293 2560 ad
3332 2523 3482 2568 eum;
3512 2507 3562 2562 id
3591 2517 3715 2571 est,

2130 2601 2297 2669 Quem
2341 2610 2396 2654 tu
2438 2600 2748 2670 baptizasti;
2781 2614 2903 2654 nam
2943 2599 3070 2653 illud
3095 2639 3111 2664 ,
3155 2599 3249 2653 Cui
3288 2606 3341 2652 tu
3379 2599 3715 2653 testimonium

2131 2689 2443 2761 perhibuisti,
2475 2690 2575 2746 hoc
2605 2689 2838 2758 indicat,
2873 2705 2935 2744 ae
2963 2691 3005 2744 si
3031 2689 3293 2755 dicerent,
3319 2689 3485 2757 Quem
3511 2689 3718 2743 clarum

2131 2795 2183 2839 et
2202 2785 2545 2854 conspicuum
2567 2783 2813 2851 ell‘ecisti,
2837 2785 2950 2840 haec
2973 2800 3091 2854 qua:
3117 2793 3170 2837 tu
3199 2783 3327 2838 facis
3348 2784 3506 2839 audet
3528 2799 3714 2854 aggre-

2132 2876 2206 2931 di.
2249 2875 2364 2930 Nou
2407 2875 2689 2941 dixerunt,
2721 2875 2888 2944 Quem
2932 2885 2984 2928 tu
3029 2875 3309 2944 baptizasti
3341 2891 3356 2928 :
3385 2890 3507 2928 nam
3543 2875 3718 2929 coacti

2133 2967 2355 3022 fuissent
2370 2981 2553 3022 vocem
2578 2967 2721 3022 illam
2743 2981 3026 3036 supernam
3046 2980 3712 3032 commemorare,necnon

2133 3059 2361 3128 Spiritus
2387 3060 2556 3113 sancti
2584 3059 2898 3114 descensum
2925 3075 2939 3112 :
2963 3056 3056 3112 sed
3084 3057 3211 3127 quid
3240 3058 3459 3111 dicunt?
3488 3056 3586 3122 Qui
3609 3066 3715 3110 erat

2134 3158 2295 3202 tecum
2321 3160 2460 3203 trans
2487 3148 2798 3215 Iordanem,
2825 3149 2906 3202 cui
2934 3158 2986 3202 tu
3018 3149 3355 3202 testimonium
3383 3147 3675 3218 per/tibuisti
3697 3162 3716 3199 :

2135 3240 2188 3294 id
2217 3249 2318 3306 est,
2347 3240 2447 3307 Qui
2472 3241 2523 3294 in
2549 3239 2927 3310 discipulorum
2953 3238 3142 3294 ordine
3165 3248 3299 3303 crat,
3325 3239 3412 3308 qui
3438 3237 3568 3292 nihil
3601 3237 3716 3307 plus

2138 3331 2365 3386 habebat
2390 3348 2549 3401 quam
2581 3347 2713 3397 nos,
2750 3331 2794 3385 is
2822 3346 2881 3386 sc
2911 3330 3006 3384 abs
3037 3339 3087 3384 te
3114 3343 3431 3400 segregans,
3467 3328 3716 3399 baptizat.

2137 3423 2252 3478 Non
2282 3423 2383 3478 hoc
2411 3433 2588 3477 autem
2615 3424 2786 3476 solmn
2816 3421 2975 3476 modo
3003 3421 3254 3491 putabant
3280 3436 3339 3475 se
3368 3421 3516 3474 illum
3543 3421 3721 3474 concio

2139 3524 2252 3569 tare
2275 3529 2448 3584 posse,
2471 3513 2564 3568 sed
2587 3513 2725 3583 quod
2745 3513 2904 3567 etiam
2923 3526 3016 3566 sua
3029 3513 3138 3581 jam
3163 3512 3337 3565 minus
3355 3511 3495 3565 clara
3515 3519 3569 3564 et
3587 3525 3711 3564 con-

2140 3606 2322 3674 spicua
2351 3607 2527 3659 l'oreut
2555 3623 2567 3658 :
2602 3604 2788 3658 Omnes
2814 3605 2944 3657 enint
2969 3605 3167 3656 ueniunt
3199 3603 3266 3655 ad
3293 3619 3424 3666 eum,
3454 3602 3718 3670 inquiunt.

2144 3695 2294 3750 Unde
2321 3696 2490 3764 palam
2523 3705 2600 3749 est
2632 3709 2726 3749 eos
2757 3709 2854 3748 nec
2883 3693 3145 3756 Judaeum,
3178 3693 3387 3762 quicum
3417 3692 3724 3760 disputave-

2141 3799 2297 3853 rant,
2331 3788 2396 3842 ad
2427 3803 2574 3842 suam
2605 3787 2925 3842 sententiam
2960 3785 3264 3840 adduxisse.
3295 3784 3415 3837 llaec
3446 3797 3608 3852 porro
3634 3783 3722 3838 di-

2139 3881 2333 3936 eebant
2351 3921 2365 3946 ,
2392 3879 2530 3950 quod
2557 3879 2732 3932 adhuc
2759 3877 3200 3945 imperfectiores,
3231 3892 3328 3931 nec
3357 3889 3575 3946 prorsus
3605 3892 3726 3931 am-

2141 3972 2341 4027 bitione
2385 3973 2531 4025 vacui
2575 3977 2772 4025 essent.
2820 3968 2956 4036 Quid
2996 3983 3122 4038 ergo
3151 3967 3420 4022 Joannes?
3460 3966 3569 4022 Nec
3611 3968 3726 4040 ipse

2144 4066 2264 4120 illos
2289 4065 2637 4118 vehementer
2665 4063 2858 4132 arguit,
2886 4077 2952 4115 ne
2978 4075 3037 4116 se
3070 4061 3253 4115 relicto
3281 4059 3424 4114 aliud
3452 4061 3726 4130 quidpiam

2142 4155 2268 4210 mali
2297 4155 2743 4225 aggrederentur;
2778 4151 2870 4206 sed
2898 4151 3022 4222 quid
3053 4151 3222 4206 dicit?
3249 4150 3338 4206 27.
3374 4149 3538 4204 Nemo
3567 4160 3728 4220 potest

2143 4251 2369 4321 accipere
2403 4249 2698 4319 quidquam,
2732 4246 2830 4299 nisi
2858 4244 3008 4312 fuerit
3035 4245 3080 4298 ei
3107 4247 3276 4297 datum
3305 4243 3368 4297 de
3395 4243 3543 4298 coelo.
3573 4244 3727 4309 Quod

2143 4343 2187 4396 si
2218 4341 2466 4396 humilius
2494 4341 2740 4410 loquatur
2763 4337 2831 4393 de
2856 4335 3099 4402 Christo,
3130 4349 3196 4390 ne
3221 4335 3464 4400 mireris;
3495 4351 3602 4389 non
3637 4351 3730 4404 po-

2147 4442 2283 4488 terat
2327 4433 2415 4486 tali
2444 4431 2634 4486 allectu
2667 4437 3068 4500 prmoccupatos
3097 4427 3274 4480 statim
3304 4426 3481 4480 omnia
3513 4425 3730 4481 docere.

2143 4523 2246 4579 Sed
2283 4523 2395 4576 vult
2428 4521 2640 4576 interim
2684 4521 2804 4574 illos
2844 4529 3049 4574 terrere
3071 4559 3089 4586 ,
3131 4518 3365 4587 ipsisque
3403 4517 3695 4572 ostendere
3717 4559 3731 4583 ,

2146 4613 2291 4682 ipsos
2323 4625 2426 4664 non
2470 4610 2560 4664 alii
2600 4625 2756 4680 quam
2801 4610 2911 4664 Deo
2956 4609 3053 4679 ipsi
3089 4607 3378 4671 adversari,
3418 4608 3542 4661 dum
3587 4608 3734 4661 illum

2145 4704 2548 4772 impugnarent;
2595 4701 2734 4771 quod
2784 4702 2954 4770 ipsum
2999 4699 3209 4755 dicebat
3254 4699 3512 4754 Gamaliel
3558 4717 3571 4751 :
3615 4697 3737 4752 Non

2146 4795 2372 4866 poteritis
2411 4794 2682 4848 dissolvere
2721 4791 2851 4847 illud
2874 4834 2890 4860 ,
2921 4791 3186 4863 nequando
3225 4801 3272 4845 et
3309 4789 3413 4843 Deo
3448 4805 3739 4861 repugnare

2146 4886 2471 4956 reperiamini
2495 4885 2510 4916 ί
2539 4885 2677 4953 (Act.
2708 4886 2759 4939 5.
2790 4885 2902 4954 59).
2939 4883 3047 4937 lluc
3071 4893 3124 4936 et
3151 4883 3262 4950 ipse
3288 4882 3620 4936 subobscure
3644 4881 3741 4933 ad-

2146 4979 2321 5033 struit.
2363 4975 2496 5032 Cum
2538 4977 2678 5030 enim
2718 4975 2842 5030 dicit
2869 5017 2882 5039 ,
2927 4973 3093 5027 Nemo
3133 4982 3291 5043 potest
3329 4973 3597 5041 accipere,
3642 4969 3742 5023 nisi

2145 5070 2294 5142 fuerit
2333 5071 2378 5124 ei
2425 5070 2599 5123 datum
2637 5068 2700 5123 de
2727 5067 2886 5133 cwlo;
2918 5067 3048 5121 nihil
3070 5067 3209 5119 aliud
3242 5063 3542 5135 signiﬁcat,
3572 5077 3742 5131 quam

2148 5162 2293 5231 ipsos
2330 5159 2676 5230 impossibilia
2706 5159 2920 5229 aggredi
2947 5201 2961 5224 ,
2995 5159 3226 5226 hincque
3256 5155 3366 5208 Deo
3392 5151 3743 5206 adversarios

2147 5251 2496 5323 deprehendi.
2519 5251 2654 5320 Quid
2680 5252 2877 5321 igitur?
2908 5248 3157 5304 Theudas
3181 5261 3357 5302 nonne
3383 5261 3413 5299 a
3440 5245 3624 5315 seipse
3647 5260 3740 5299 ac-

2147 5342 2400 5413 ceperat?
2444 5344 2735 5411 Acceperat
2778 5339 3028 5410 quidem,
3074 5338 3169 5393 sed
3217 5338 3396 5391 statim
3441 5343 3744 5405 prostratus

2149 5435 2304 5505 periit
2334 5451 2346 5487 :
2375 5449 2460 5487 res
2506 5443 2682 5487 autem
2725 5431 2922 5487 Christi
2963 5446 3068 5484 non
3114 5431 3211 5483 sic.
3265 5415 3398 5481 lliuc
3444 5439 3539 5479 eos
3578 5425 3743 5478 etiam

2147 5525 2349 5579 sensim
2401 5524 2742 5589 consolatur,
2789 5521 3079 5575 ostendens
3125 5535 3229 5572 non
3281 5517 3597 5582 hominem,
3647 5512 3745 5568 sed

2149 5619 2313 5675 Deum
2355 5633 2476 5672 esse
2505 5617 2590 5688 qui
2623 5617 2765 5686 ipsos
2792 5613 2957 5684 gloria
2996 5619 3296 5682 superaret.
3329 5611 3671 5678 Quapropter
3698 5605 3743 5662 si

2215 5745 2231 5773 ⁸
2267 5743 2430 5794 Morel.
2461 5742 2603 5804 legit,
2631 5754 2940 5806 rrpcrnnnur,
2969 5752 3072 5802 pro,
3089 5735 3418 5798 rcpcrsumint'.
