4012 6194
295 229 388 290 ἲϐἒ)

300 339 582 410 splendidae
622 353 713 393 res
753 339 870 407 ejus
896 346 1107 403 essent,
1140 338 1182 391 si
1223 352 1409 393 omnes
1450 339 1592 393 illum
1623 338 1868 402 adirent,

298 445 389 484 non
419 428 725 482 mirandum
757 444 912 491 esse;
946 428 1243 496 hujusmodi
1271 429 1412 482 enim
1443 439 1568 484 sunt
1603 444 1689 484 res
1734 429 1872 482 divi-

294 535 399 583 nte;
432 529 483 573 et
518 519 687 574 Deum
728 533 848 573 esse
885 519 972 588 qui
1014 518 1161 573 istaec
1200 528 1522 588 appararet:
1558 519 1689 574 alias
1726 519 1867 573 enim

290 626 387 667 non
419 619 626 664 tantum
671 609 1080 664 invaluissent‘.
1114 611 1350 665 Humana
1377 612 1572 681 quippe
1602 610 1752 665 facile
1777 611 1869 666 de-

291 701 712 771 prehenduntur,
735 711 789 754 et
811 700 949 753 ﬁuxa
974 709 1119 765 sunt,
1143 701 1250 756 cito
1271 702 1516 756 diffluunt
1535 713 1587 757 et
1608 710 1864 772 pereunt;

288 794 394 848 huic
429 808 595 862 porro
634 809 738 846 non
778 793 938 858 item;
981 808 1152 862 neque
1179 795 1339 863 igitur
1368 795 1596 849 humana
1627 803 1768 850 sunt.
1803 795 1866 848 Et

285 882 644 938 animadverte
671 882 940 951 quomodo
971 897 1090 937 cum
1123 884 1392 950 dicerent,
1425 885 1519 941 Cui
1554 895 1608 937 tu
1647 885 1869 939 testimo-

283 973 418 1026 nium
442 973 740 1042 perhibuisti
763 1013 776 1034 ,
807 982 1160 1044 putat-eritque
1189 976 1316 1030 illud
1342 976 1407 1030 ad
1438 976 1704 1031 Christum
1735 976 1868 1046 dejia

285 1064 523 1118 ciendum
541 1064 868 1131 conducere,
887 1065 987 1119 hoc
1008 1066 1182 1134 ipsum
1205 1068 1256 1120 in
1280 1067 1398 1123 illos
1414 1078 1708 1124 convertat.
1733 1069 1863 1123 Nam

281 1156 425 1225 prius
450 1170 571 1210 cum
603 1156 962 1222 ostendisset,
995 1173 1100 1211 non
1131 1174 1197 1214 ex
1236 1161 1542 1215 testimonio
1579 1176 1676 1216 suo
1703 1160 1862 1216 Chri-

283 1254 419 1300 stum
443 1245 648 1300 clarum
675 1247 913 1302 evasisse
937 1289 950 1312 ,
987 1247 1110 1302 hinc
1136 1257 1318 1319 postea
1349 1251 1490 1320 ipsos
1517 1252 1759 1320 reprimit
1783 1251 1866 1305 di-

281 1350 408 1390 cens
431 1353 443 1388 :
468 1335 591 1391 Non
612 1345 768 1407 potest
795 1338 945 1391 homo
966 1354 998 1390 a
1021 1340 1187 1408 seipso
1209 1343 1433 1412 accipere
1452 1343 1746 1411 quidquam,
1770 1345 1868 1398 nisi

279 1427 374 1495 ipsi
409 1429 585 1482 datum
628 1429 778 1498 fuerit
820 1428 883 1482 de
923 1429 1066 1483 caelo.
1117 1431 1253 1496 Quid
1293 1432 1394 1487 hoc
1435 1434 1555 1487 est?
1594 1433 1650 1488 Si
1690 1449 1864 1488 meum

280 1533 497 1587 prorsus
532 1519 890 1574 testimonium
919 1521 1156 1589 accipitis
1176 1563 1190 1586 ,
1222 1531 1276 1576 et
1304 1539 1486 1578 verum
1517 1527 1747 1594 putatis,
1783 1525 1866 1580 vel

279 1623 343 1663 ex
387 1625 453 1665 eo
493 1612 716 1676 discite,
744 1627 848 1665 non
892 1627 976 1665 me
999 1654 1013 1677 ,
1051 1614 1143 1666 sed
1182 1613 1326 1668 illum
1364 1615 1620 1683 potiorem
1670 1617 1867 1672 haben-

277 1701 401 1755 dum
428 1715 570 1756 esse.
601 1701 736 1770 Quid
766 1703 904 1756 enim
939 1704 1250 1758 testiﬁcatus
1276 1705 1434 1759 sum?
1464 1705 1569 1760 Vos
1594 1721 1759 1761 evoco
1789 1709 1862 1762 rei

277 1803 460 1848 testes.
497 1793 621 1848 Ideo
647 1793 792 1847 addit
818 1811 831 1846 :
860 1793 949 1850 28.
983 1793 1092 1865 Ipsi
1119 1811 1206 1848 uos
1234 1796 1356 1848 mihi
1382 1798 1721 1851 testimonium
1750 1815 1865 1866 per-

274 1884 470 1948 hibetis,
496 1885 634 1954 quod
656 1884 890 1947 dixerim,
920 1883 1038 1939 Non
1060 1902 1170 1939 sum
1192 1901 1282 1956 ego
1305 1885 1550 1950 Christus,
1574 1889 1661 1941 sed
1683 1889 1864 1942 missus

273 1990 380 2027 sum
401 1983 525 2028 ante
544 1975 712 2028 illum.
737 1975 791 2030 Si
815 1989 942 2045 ergo
963 1991 1082 2030 meo
1106 1976 1370 2032 haerentes
1397 1979 1721 2044 testimonio,
1749 1978 1863 2034 hwc

271 2067 396 2122 mihi
435 2067 670 2137 objicitis
706 2068 944 2123 dicentes
967 2109 981 2134 ,
1014 2067 1106 2122 Cui
1147 2070 1482 2123 testimonium
1521 2071 1821 2141 perhibuiin
1845 2088 1864 2125 :

270 2173 371 2214 non
400 2159 566 2214 modo
592 2175 693 2214 non
723 2160 810 2215 ille
837 2161 1146 2215 imminutus
1169 2160 1266 2216 fuit
1289 2177 1353 2217 ex
1380 2163 1684 2219 testimonio
1712 2179 1854 2231 meo,

268 2249 360 2304 sed
400 2265 465 2306 ex
520 2251 610 2305 illo
651 2251 932 2320 plurimum
973 2261 1195 2322 augetur
1231 2272 1244 2307 :
1274 2254 1507 2324 alioquin
1546 2265 1721 2310 autem
1755 2273 1859 2312 non

268 2355 470 2408 meum,
505 2340 601 2396 sed
635 2342 724 2395 Dei
753 2353 866 2396 erat
891 2343 1274 2398 testimonium.
1304 2344 1661 2412 Quamobrem
1688 2348 1731 2402 si
1761 2347 1865 2404 ﬁde

272 2431 468 2502 dignus
507 2432 654 2487 vobis
683 2433 860 2489 videar
888 2450 1006 2490 esse
1031 2477 1045 2502 ,
1080 2437 1181 2491 hoc
1207 2436 1366 2490 etiam
1399 2437 1537 2492 inter
1561 2438 1664 2493 alia
1695 2440 1860 2496 multa

270 2523 419 2590 dixi,
454 2539 552 2579 me
581 2525 801 2579 missum
841 2525 1001 2581 fuisse
1031 2537 1154 2581 ante
1184 2527 1354 2583 illum.
1383 2527 1570 2584 Viden’
1593 2531 1862 2600 quomodo

269 2616 534 2685 paulatim
582 2616 827 2670 ostendat
865 2633 1048 2672 vocem
1096 2618 1238 2672 illam
1279 2635 1398 2674 esse
1437 2619 1709 2675 divinam?
1749 2622 1862 2677 Hoc

266 2707 406 2761 enim
450 2706 574 2761 vult
620 2708 916 2778 signiﬁcare
949 2726 962 2762 :
995 2709 1232 2764 Minister
1270 2725 1386 2765 sum
1411 2750 1430 2777 ,
1470 2720 1524 2766 et
1562 2727 1623 2766 ea
1671 2712 1861 2783 loquor

270 2813 382 2868 qua:
405 2798 472 2853 ad
513 2799 808 2854 mittentem
837 2815 922 2854 me
946 2810 1222 2869 spectant:
1253 2816 1358 2856 non
1389 2801 1674 2857 humanam
1698 2817 1860 2857 aucu-

267 2903 360 2957 por
396 2892 637 2961 gratiam
663 2931 678 2958 ,
710 2890 803 2946 sed
852 2891 1024 2945 Patris
1060 2891 1176 2961 ejus
1203 2891 1295 2960 qui
1329 2907 1416 2946 me
1445 2893 1588 2947 misit
1618 2893 1861 2949 ministe-

267 2981 398 3036 rium
427 2981 691 3037 exhibeo.
722 2981 836 3036 Non
863 2997 990 3053 ergo
1021 2983 1087 3037 ad
1109 2985 1336 3053 gratiam
1366 2984 1680 3039 testiﬁcatus
1707 2998 1827 3038 sum
1845 3025 1859 3049 ,

269 3071 357 3128 sed
388 3074 444 3127 id
475 3073 595 3126 dixi
623 3113 639 3139 ,
669 3072 809 3141 quod
841 3081 898 3127 ut
924 3073 1158 3128 dicerem
1185 3074 1381 3127 missus
1409 3088 1547 3128 sum.
1581 3073 1658 3130 Ne
1687 3075 1865 3145 itaque

267 3181 346 3220 me
373 3180 437 3220 ea
463 3166 536 3219 de
560 3178 721 3218 causa
745 3179 992 3233 magnum
1017 3179 1136 3219 esse
1163 3163 1362 3233 putetis
1387 3181 1401 3217 :
1426 3163 1528 3219 hoc
1554 3165 1695 3220 enim
1724 3165 1865 3220 illius

277 3255 518 3311 ostendit
549 3253 988 3323 magnitudinem.
1021 3254 1114 3308 Ille
1144 3269 1373 3324 namque
1401 3270 1578 3310 rerum
1613 3256 1864 3312 Dominus

266 3356 377 3411 est;
407 3346 458 3401 id
487 3345 636 3416 quod
669 3359 878 3399 rursum
905 3345 1164 3415 signiﬁcat
1195 3345 1278 3400 his
1307 3346 1500 3401 additis
1524 3348 1696 3402 verbis
1724 3365 1738 3400 :
1770 3348 1857 3404 29.

273 3436 374 3500 Qui
397 3437 551 3490 habet
577 3452 836 3505 sponsam,
864 3452 1078 3506 sponsus
1104 3445 1218 3490 est:
1238 3439 1430 3492 amicus
1455 3449 1623 3492 autent
1646 3440 1821 3509 sponsi
1837 3481 1854 3506 ,

265 3526 347 3594 qui
389 3536 486 3580 stat
530 3536 580 3580 et
625 3527 769 3579 audit
810 3543 920 3580 eum
947 3567 960 3592 ,
999 3527 1190 3598 gaudio
1223 3528 1407 3598 gaudet
1447 3539 1654 3600 pr0pter
1690 3547 1856 3584 uocem

271 3618 464 3685 sponsi.
499 3617 681 3684 Quare
707 3617 796 3684 qui
821 3617 916 3685 ait,
943 3616 1062 3671 Non
1091 3635 1203 3672 sum
1230 3619 1434 3689 dignus,
1459 3628 1510 3672 ut
1535 3619 1724 3674 solvant
1749 3622 1857 3691 ejus

265 3710 537 3780 corrigiam
582 3709 936 3776 calceamenti,
975 3725 1033 3764 se
1074 3714 1302 3765 amicum
1345 3710 1462 3780 ejus
1505 3726 1647 3766 nunc
1691 3711 1857 3768 dicit?

264 3795 378 3852 Non
428 3808 488 3852 ut
535 3799 757 3853 extollat
810 3807 862 3853 et
917 3799 1096 3854 laudet
1141 3813 1239 3866 se,
1287 3799 1400 3856 haec
1444 3800 1608 3868 dicit;
1654 3802 1748 3858 sed
1793 3811 1858 3858 ut

267 3890 517 3944 ostendat
563 3889 613 3943 id
643 3906 699 3945 se
735 3893 969 3946 maxime
1010 3907 1232 3959 curare,
1276 3909 1451 3964 neque
1488 3910 1547 3949 se
1583 3896 1746 3950 invito
1773 3898 1854 3952 vel

266 3980 488 4036 nolente
517 3979 638 4034 haec
664 3980 778 4036 ﬁeri
807 4022 820 4045 ,
851 3982 944 4037 sed
974 3982 1252 4038 admodum
1281 3986 1526 4054 cupiente
1555 3995 1609 4041 ct
1637 4004 1853 4057 promo-

263 4081 439 4138 vente,
467 4083 526 4126 et
557 4071 657 4126 hac
680 4072 747 4126 de
775 4087 933 4127 causa
961 4087 1020 4129 se
1045 4077 1220 4129 omnia
1250 4076 1469 4142 fecisse;
1503 4078 1643 4146 quod
1668 4078 1855 4134 admo-

261 4162 382 4217 dum
417 4163 714 4232 prudenter
742 4165 898 4220 amici
940 4167 1154 4222 nomine
1189 4167 1526 4236 signiﬁcavit.
1561 4169 1677 4224 Non
1707 4171 1851 4226 enim

269 4254 340 4307 ita
373 4256 518 4309 servi
549 4255 749 4323 sponsi,
777 4265 834 4310 ut
863 4256 1014 4310 amici
1043 4257 1290 4327 gaudent,
1320 4267 1478 4328 atque
1508 4259 1592 4314 his
1617 4262 1670 4314 in
1694 4262 1853 4318 rebus

271 4342 543 4398 laetantur.
574 4342 688 4399 Non
716 4360 843 4414 ergo
873 4360 931 4400 se
961 4345 1164 4401 honore
1195 4349 1451 4416 aequalem
1480 4348 1645 4417 dicit,
1675 4352 1806 4408 absit
1834 4373 1848 4420 ;

265 4433 357 4488 sed
391 4446 449 4488 ut
479 4435 657 4505 gaudii
683 4437 764 4491 sui
795 4437 1206 4507 magnitudinem
1238 4438 1492 4508 declaret,
1520 4451 1679 4512 atque
1710 4454 1766 4498 ut
1793 4461 1852 4501 se

262 4539 446 4580 eorum
476 4526 773 4583 inﬁrmitati
801 4538 1140 4600 attemperet,
1169 4533 1398 4588 amicum
1429 4549 1488 4591 se
1513 4534 1660 4590 dicit.
1694 4537 1849 4594 Mini-

261 4618 481 4671 sterium
525 4619 719 4688 quippe
753 4619 1140 4686 subindicavit,
1170 4637 1292 4678 cum
1333 4623 1508 4692 dixit,
1541 4641 1600 4682 se
1628 4628 1847 4683 missum

260 4705 425 4764 fuisse
450 4717 578 4765 ante
603 4710 774 4766 illum.
804 4711 1008 4768 Idcirco
1029 4713 1169 4783 quod
1195 4725 1406 4786 putaret
1429 4717 1550 4773 illos
1572 4719 1689 4775 haec
1710 4736 1849 4792 aegre

258 4797 400 4856 ferre
435 4802 457 4834 ³
483 4843 498 4867 ,
535 4816 592 4857 se
629 4804 857 4859 amicum
901 4807 1084 4875 sponsi
1118 4806 1248 4864 dicit
1286 4823 1406 4866 esse
1430 4852 1445 4876 ,
1475 4813 1762 4869 ostendens
1789 4829 1848 4872 se

259 4903 362 4944 non
405 4890 574 4946 modo
613 4907 716 4948 non
758 4910 897 4965 aegre
933 4897 1116 4963 ferre,
1158 4898 1252 4953 sed
1279 4900 1565 4958 admodum
1593 4903 1844 4973 gaudere.

258 4977 386 5046 Quia
422 4981 586 5050 igitur
625 4984 727 5038 hoc
757 4984 1086 5052 perfecturus
1113 4987 1306 5043 adveni
1331 5031 1347 5057 ,
1381 4999 1587 5046 tantum
1613 4992 1767 5048 abest
1792 5008 1850 5054 ut

263 5072 322 5126 de
360 5073 533 5143 gestis
575 5073 787 5128 doleam
810 5116 824 5142 ,
858 5085 916 5130 ut
953 5079 1184 5132 maximo
1222 5095 1454 5136 maerore
1490 5081 1734 5137 afﬁcerer
1756 5125 1772 5150 ,
1803 5086 1848 5140 si

261 5175 360 5215 non
395 5161 611 5218 ﬁerent.
657 5163 712 5218 Si
752 5178 946 5234 sponsa
985 5167 1049 5221 ad
1093 5183 1347 5237 sponsum
1379 5185 1484 5224 non
1526 5170 1844 5242 accederet,

258 5259 381 5305 tunc
411 5251 694 5317 dolerem;
725 5269 828 5308 non
861 5271 986 5311 vero
1018 5272 1157 5312 nunc
1179 5299 1195 5324 ,
1228 5274 1350 5314 cum
1377 5269 1558 5314 nostra
1585 5262 1846 5330 completa

254 5353 400 5400 sunt.
432 5340 574 5398 Nam
608 5360 728 5399 cum
760 5360 847 5401 res
881 5347 998 5418 ejus
1036 5359 1181 5406 recte
1221 5350 1522 5421 procedunt
1543 5391 1558 5416 ,
1590 5361 1715 5406 tunc
1754 5369 1850 5412 nos

318 5459 334 5532 ξ
375 5464 430 5532 tu
454 5455 604 5532 savii.
639 5457 957 5532 legtuir.......
982 5461 1066 5532 qui
1100 5466 1232 5532 ideo
1260 5473 1526 5532 appararet
1549 5481 1568 5518 :
1595 5479 1849 5526 numquam

251 5517 384 5568 enim
409 5517 561 5582 hoino
581 5517 717 5582 tanta
735 5529 962 5582 potestate
985 5517 1222 5577 ualuisset.

317 5583 339 5612 '
374 5577 528 5628 Savil.
564 5586 618 5648 et
645 5577 823 5648 Boisius
841 5582 1105 5647 legendum
1128 5596 1296 5648 putant
1323 5603 1336 5637 :
1369 5585 1699 5648 Idcircoth
1718 5586 1851 5643 illaut

258 5639 366 5690 htt'c
384 5650 533 5705 (egre
554 5639 681 5698 ferre
704 5639 940 5702 putaren't.

1312 224 1376 278 1N
1406 221 1711 278 JOANNEM
1753 223 1984 282 HOMIL.
2023 227 2217 286 XXIX.
2253 231 2320 285 δι’.
2364 233 2600 293 XXVIII.

3475 259 3566 319 "0

1987 357 2238 413 prospere
2281 349 2521 418 agimus;
2563 355 2684 424 quia
2724 361 2865 427 quod
2911 364 3226 426 volebamus
3261 379 3470 445 evenit,
3509 394 3565 437 et

1977 445 2171 525 sponsa
2199 449 2452 525 sponsum
2479 447 2735 511 agnoscit.
2766 447 2829 502 Et
2856 466 2949 505 vos
2982 455 3080 525 ipsi
3113 457 3214 515 hoc
3247 466 3563 524 testim-ami-

1976 522 2028 574 ni
2057 536 2176 577 cum
2208 524 2380 582 dicitis
2404 569 2418 594 ,
2452 531 2637 588 Omnes
2666 539 2867 593 veniunt
2894 544 2961 596 ad
2985 522 3120 600 eum.
3155 549 3268 606 Hoc
3291 554 3431 610 enim
3464 522 3557 612 cu-

2046 798 2098 852 5.
2144 797 2373 890 Ecclesia
2413 809 2662 874 quomodo
2703 828 2890 882 sponsa
2938 817 3129 874 Christi
3165 823 3276 890 ﬁat.
3328 825 3555 885 Joannes

1973 887 2203 958 Baptista
2232 892 2294 945 de
2318 893 2514 950 Christo
2543 902 2879 959 testimonium
2905 911 3104 978 sapiens
3139 887 3186 966 et
3213 915 3551 978 ineluctabile.

1986 981 2141 1079 b’ante—
2163 987 2339 1059 gloria:
2360 992 2576 1059 damna;
2596 1001 2841 1066 quomodo
2859 1006 2922 1056 sit
2937 1007 3256 1076 fugantla.—
3272 1013 3407 1079 Quid
3429 1033 3554 1074 vero

1973 1077 2235 1145 signiﬁcat
2264 1081 2392 1136 illud
2416 1125 2431 1150 ,
2465 1085 2564 1152 Qui
2583 1097 2678 1141 stat
2709 1098 2754 1144 et
2784 1095 2927 1146 audit
2974 1113 3116 1160 eum,
3148 1077 3333 1171 gaudio
3367 1107 3554 1178 gaudet

1973 1179 2177 1240 prapter
2206 1188 2374 1228 vocem
2423 1181 2632 1248 sponsi?
2661 1182 2735 1236 Ex
2766 1187 3012 1252 parabola
3054 1192 3120 1246 ad
3162 1210 3274 1250 rem
3309 1204 3551 1270 pr0posi-

1973 1264 2079 1312 tam
2101 1273 2403 1320 sermonem
2422 1271 2711 1327 transtulit.
2733 1274 2865 1342 Quia
2888 1279 3026 1334 enim
3050 1264 3376 1351 sponsuniet
3396 1264 3554 1363 spon.

1973 1361 2087 1402 sam
2134 1357 2485 1423 memoravit,
2511 1363 2740 1416 ostendit
2784 1373 3054 1435 quomodo
3088 1377 3353 1443 sponsalia
3384 1357 3508 1439 ﬁant
3536 1403 3552 1444 :

1971 1453 2068 1508 per
2095 1456 2278 1497 vocem
2299 1461 2491 1516 nempe
2513 1459 2672 1520 atque
2693 1453 2991 1513 doctrinam
3016 1479 3030 1515 :
3065 1463 3132 1518 ita
3155 1467 3294 1522 enim
3317 1470 3553 1531 Ecclesia

1971 1530 2333 1600 despondetur
2372 1537 2498 1592 Deo.
2542 1541 2743 1598 idcirco
2784 1546 2976 1602 Paulus
3022 1551 3267 1610 dicebat:
3304 1559 3460 1618 Fides
3488 1530 3552 1621 cui

1969 1623 2168 1726 auditu,
2206 1626 2414 1682 auditus
2439 1643 2609 1686 autem
2637 1651 2727 1703 per
2747 1638 2947 1692 verbum
2969 1640 3066 1695 Dei
3091 1643 3269 1714 (Rom.
3305 1651 3390 1707 10.
3423 1655 3549 1726 17).

1971 1712 2079 1768 l-lac
2109 1731 2208 1785 ego
2235 1733 2366 1774 voce
2393 1723 2619 1791 gaudeo.
2652 1725 2785 1782 Illud
2811 1745 2938 1786 vero
2962 1773 2980 1802 ,
3010 1736 3110 1803 Qui
3135 1751 3268 1806 stat,
3303 1761 3407 1800 non
3435 1712 3552 1805 sirie

1967 1816 2126 1858 causa
2159 1808 2353 1875 posuit,
2384 1811 2476 1866 sed
2505 1822 2562 1868 ut
2589 1819 2917 1888 ostenderet,
2952 1839 3040 1881 res
3067 1843 3190 1884 suas
3212 1838 3506 1894 cessavisse
3527 1883 3544 1907 ,

1974 1901 2027 1945 et
2058 1894 2158 1948 sibi
2182 1895 2291 1965 jam
2323 1903 2569 1957 standum
2613 1915 2668 1960 et
2710 1910 3034 1968 audiendum
3061 1932 3183 1973 esse
3206 1962 3222 1988 ,
3249 1936 3312 1977 ac
3353 1894 3550 1995 Sponso

1970 1985 2280 2042 tradendam
2311 2006 2431 2047 esse.
2453 2010 2702 2064 sponsam
2728 2017 2740 2052 :
2761 2014 2924 2071 seque
2946 2006 3245 2066 ministrum
3267 2023 3318 2068 ct
3338 1985 3549 2075 servum

1967 2092 2120 2179 esse,
2151 2081 2347 2182 bonam
2374 2100 2522 2182 spem
2562 2104 2712 2144 suam
2739 2103 2899 2164 atque
2930 2098 3164 2156 laetitiam
3194 2105 3246 2160 in
3289 2121 3422 2180 Opus
3439 2112 3549 2182 jam

1967 2167 2181 2264 exiisse.
2231 2172 2354 2229 ideo
2399 2176 2477 2232 sic
2523 2182 2736 2251 pergit:
2769 2184 2882 2240 [Ioc
2931 2206 3050 2261 ergo
3092 2167 3342 2264 gaudiun;
3385 2167 3549 2259 meum

1966 2255 2228 2358 impletum
2255 2273 2352 2330 est;
2381 2267 2430 2321 id
2462 2278 2564 2334 est,
2597 2270 2896 2332 Perfectum
2925 2255 3008 2334 esi
3036 2255 3170 2353 opus
3196 2255 3549 2358 meum,nihil

1969 2348 2105 2452 ultra
2146 2353 2286 2452 quod
2322 2355 2584 2452 faciamus
2613 2361 2891 2424 habemus.
2934 2348 3135 2432 Deinde
3175 2396 3279 2435 non
3312 2348 3551 2452 phaselis

1966 2442 2246 2548 modo,sed
2265 2448 2421 2504 etiam
2439 2450 2674 2510 futurum
2692 2458 2894 2516 doloris
2911 2478 3250 2536 augmentum
3267 2442 3548 2548 cohibens,

1965 2532 2032 2587 de
2065 2535 2258 2592 futuris
2300 2546 2606 2609 pronuntiat
2650 2563 2710 2603 ea
2742 2567 2860 2621 qua:
2906 2532 3158 2616 ex'dictis
3202 2571 3256 2619 et
3299 2581 3361 2621 ex
3394 2532 3548 2626 factis

1963 2627 2243 2684 confirmat
2271 2630 2352 2687 his
2383 2637 2560 2692 verbis
2592 2655 2607 2693 :
2638 2640 2728 2697 50.
2777 2643 2938 2701 Illum
2968 2663 3165 2718 oportet
3191 2670 3429 2727 crescere,
3468 2679 3547 2716 me

1961 2735 2128 2774 autem
2151 2724 2312 2776 minui
2335 2740 2354 2778 :
2383 2724 2484 2783 hoc
2512 2738 2613 2798 est,
2643 2731 2834 2790 Nostra
2862 2753 3243 2800 cessaverunt:
3271 2765 3390 2818 qua:
3416 2724 3549 2808 vero

1963 2812 2102 2908 illius
2139 2825 2266 2871 sunt
2311 2831 2591 2890 augentur.
2626 2825 2736 2882 Hoc
2778 2830 2956 2902 itaque
3001 2837 3140 2905 quod
3175 2812 3372 2897 timetis
3396 2885 3410 2908 ,
3441 2861 3546 2902 non

1964 2904 2123 2958 modo
2153 2921 2294 2962 nunc
2320 2909 2513 2978 aderit,
2538 2915 2629 2970 sed
2659 2918 2831 2988 majus
2852 2904 3096 2981 etiamin
3123 2931 3242 2986 dies
3273 2904 3547 2994 ηειζιιιιιά

1966 2994 2111 3049 enim
2157 3003 2387 3056 maxime
2437 3015 2521 3059 est
2569 3009 2713 3076 quod
2765 3027 2852 3066 res
2899 3025 3113 3073 nostras
3162 3023 3550 3092 splendidiores

1965 3089 2217 3142 ostendit.
2253 3091 2378 3147 Ideo
2394 3096 2538 3160 veni,
2560 3105 2617 3151 et
2633 3100 2839 3166 gaudeo
2864 3103 2930 3158 de
2952 3115 3097 3162 tanto
3117 3089 3294 3166 rerum
3314 3115 3380 3169 ad
3399 3117 3555 3175 Chri-

1967 3185 2106 3232 stum
2136 3181 2518 3248 pertineutitun
2545 3187 2896 3261 incremento,
2927 3201 3146 3267 etquod
3173 3216 3234 3257 ea
3251 3211 3549 3279 evenerint,

1961 3282 2192 3370 quorum
2213 3273 2381 3341 gratia
2408 3286 2586 3332 nostra
2616 3295 3022 3349 prta-cesserunt.
3050 3289 3408 3365 Viden‘quam
3440 3273 3548 3370 pla;

1965 3358 2103 3424 cide,
2125 3377 2283 3430 quam
2304 3366 2572 3433 sapienter
2590 3371 2799 3428 illorum
2823 3375 2974 3431 ulcus
2993 3358 3302 3452 emollierii,
3324 3358 3546 3450 livoi-em

1964 3452 2298 3519 exstinxerit,
2326 3455 2572 3528 ipsosque
2595 3462 2940 3532 impossibilia
2969 3475 3180 3541 aggredi
3207 3477 3545 3540 demonstra-

1964 3544 2140 3646 verit?
2167 3560 2269 3614 qua
2296 3563 2354 3602 re
2384 3553 2614 3609 maxime
2650 3557 2786 3613 solet
2816 3563 3052 3633 nequitia
3092 3569 3290 3626 sedari.
3315 3573 3544 3648 Ideoque

1959 3634 2227 3732 provisum
2251 3646 2354 3704 est,
2383 3651 2441 3697 ut
2463 3643 2554 3700 illo
2580 3647 2755 3704 adhuc
2781 3653 2994 3711 vivente
3015 3668 3070 3711 et
3094 3661 3396 3732 baptizante
3427 3634 3541 3728 hinc

1960 3726 2167 3796 ﬁerent,
2201 3741 2255 3784 ut
2283 3733 2432 3790 illum
2464 3744 2622 3794 tanta;
2643 3745 3020 3813 magnitudinis
3048 3726 3235 3809 testem
3258 3726 3538 3829 haberent,

1959 3826 2011 3874 ct
2036 3821 2232 3876 nullam
2255 3829 2670 3892 excusationem,
2689 3834 2732 3886 si
2757 3851 2861 3890 non
2885 3839 3335 3912 obtemperarent.
3360 3821 3540 3921 Neque

1959 3913 2097 3967 enim
2124 3933 2152 3966 a
2180 3916 2359 3985 seipso
2386 3917 2451 3970 ad
2483 3918 2533 3973 id
2556 3921 2835 3980 dicendum
2857 3929 3116 3999 impulsus
3142 3947 3226 3990 est
3245 3980 3258 4000 .
3287 3955 3393 3994 non
3422 3913 3544 4000 aliis

1959 4002 2346 4060 sciscitantibus
2376 4007 2395 4074 (
2419 4008 2573 4063 iidem
2601 4013 2742 4065 enim
2769 4027 2920 4072 erant
2945 4022 3222 4079 audientes
3240 4036 3296 4081 et
3316 4029 3542 4087 interro-

1955 4098 2165 4165 gantes)
2188 4114 2200 4150 :
2231 4111 2403 4166 neque
2419 4114 2483 4153 ex
2511 4113 2569 4154 se
2587 4101 2817 4173 loquenti
2849 4114 2917 4162 ita
2939 4113 3309 4186 credidissent,
3330 4130 3390 4176 ut
3412 4121 3543 4192 ipsis

1959 4188 2394 4254 percontantibus
2432 4205 2490 4244 se
2522 4191 2885 4250 confutantem
2917 4205 3288 4271 respondentis
3316 4188 3536 4270 senten-

1959 4276 2084 4330 tiam
2114 4287 2481 4347 exceperunt;
2512 4285 2958 4352 quemadmodum
2990 4305 3043 4348 et
3074 4295 3244 4354 Judaei
3267 4342 3282 4366 ,
3307 4305 3540 4365 maxime

1957 4371 2026 4423 ob
2052 4370 2104 4424 id
2136 4411 2150 4433 ,
2190 4372 2331 4440 quod
2367 4374 2435 4428 ad
2483 4375 2630 4430 illum
2681 4379 2973 4451 miserunt,
3009 4389 3304 4462 talibusque
3346 4397 3539 4457 auditis

1957 4477 2062 4516 non
2103 4461 2484 4534 crediderunt,
2533 4483 2744 4525 omnem
2790 4474 2888 4530 sibi
2920 4483 3126 4534 veniam
3161 4461 3534 4551 prteciderunt.

1950 4552 2090 4620 Quid
2117 4551 2281 4623 igitur
2305 4557 2427 4613 hinc
2453 4558 2749 4618 docemur?
2768 4564 3015 4626 Omnium
3037 4572 3296 4630 malorum
3321 4592 3534 4638 causam

1955 4659 2076 4700 esse
2100 4661 2287 4702 vanam
2317 4650 2560 4720 gloriam.
2587 4653 2678 4710 llla
2711 4661 2851 4712 enim
2883 4660 3027 4730 ipsos
3056 4663 3106 4716 in
3153 4665 3374 4724 livorem
3403 4685 3535 4729 con-

1947 4735 2079 4805 jecit
2107 4754 2124 4792 :
2154 4737 2269 4796 hac
2293 4741 2408 4798 illos
2435 4748 2755 4813 concitavit,
2781 4761 2836 4804 ut
2861 4752 3042 4808 Jesum
3069 4755 3278 4814 adirent
3299 4775 3364 4818 ac
3389 4763 3533 4821 dice-

1945 4839 2072 4886 rent
2102 4848 2116 4886 :
2148 4831 2317 4898 Quare
2344 4837 2581 4908 discipuli
2603 4843 2678 4894 tui
2707 4859 2807 4895 non
2827 4844 3064 4912 jejunant
3087 4847 3302 4920 (Matth.
3331 4855 3384 4911 9.
3419 4859 3535 4930 ll)!

1953 4923 2066 4979 Hoc
2093 4939 2218 4996 ergo
2244 4928 2452 4992 vitium,
2479 4931 2682 4997 dilecti,
2711 4931 2990 5002 fugiamus.
3017 4936 3072 4992 Si
3103 4939 3203 4995 hoc
3230 4923 3532 5018 fugiamus,

1951 5029 1981 5069 a
2009 5014 2250 5085 gehenna
2291 5019 2652 5075 liberabimur.
2684 5021 2793 5076 Hoc
2817 5022 2960 5078 enim
2980 5027 3059 5082 eis
3100 5030 3331 5088 maxime
3359 5014 3532 5105 ignem

1952 5105 2185 5160 incendit
2203 5123 2218 5162 :
2235 5108 2335 5164 hoc
2360 5109 2552 5181 ubique
2577 5109 2907 5166 dominatum
2934 5125 3150 5173 exercet
3171 5133 3346 5191 suum,
3377 5133 3535 5197 atque

1953 5207 2160 5253 :etatem
2185 5209 2238 5256 et
2263 5201 2568 5270 dignitatem
2594 5215 2810 5256 omnem
2837 5207 3110 5274 tyrannieo
3133 5221 3358 5281 occupat
3388 5233 3402 5270 :
3435 5215 3537 5275 hoc

1955 5290 2218 5345 Ecclesias
2228 5291 2504 5359 subvertit,
2517 5305 2608 5346 res
2617 5291 2800 5346 civiles
2810 5292 3110 5362 labefactat,
3123 5297 3310 5358 domos
3325 5309 3535 5376 evertit,

1955 5378 2215 5446 civitates,
2244 5380 2487 5448 populos,
2512 5390 2716 5450 gentes.
2750 5379 2952 5451 Ecquid
2978 5385 3210 5452 miraris,
3238 5394 3455 5460 quando
3478 5397 3534 5453 in

1955 5471 2226 5525 desertum
2274 5470 2456 5532 venit,
2509 5482 2861 5540 magnamque
2907 5472 2979 5526 ibi
3018 5481 3341 5544 potestatem
3384 5494 3535 5540 suam

1955 5557 2240 5617 exhibuit?
2281 5557 2412 5612 Nam
2455 5560 2547 5630 qui
2603 5558 2804 5614 divitiis
2852 5561 2971 5617 vale
3011 5563 3301 5632 dixerant,
3353 5573 3540 5630 mundi

1955 5647 2158 5703 fastum
2186 5657 2400 5700 omnem
2425 5649 2732 5720 abiecerant
2757 5691 2768 5713 ,
2800 5661 2854 5706 et
2881 5649 3168 5708 humanam
3197 5655 3540 5712 consuetudi-
