4012 6194
476 253 568 308 i'il

472 382 619 431 nem,
635 363 723 434 qui
748 361 1001 417 violentas
1016 372 1299 427 corporum
1317 355 1632 425 cupiditates
1651 360 2049 423 superaverant:

478 460 530 514 hi
556 472 698 525 sa‘pe
727 471 756 507 a
789 466 922 506 vana
945 450 1113 521 gloria
1133 448 1271 517 capti
1292 449 1469 500 omnia
1500 445 1865 516 perdiderunt.
1890 443 2055 512 llujus

479 549 592 601 vitii
620 559 799 606 causa,
830 543 919 612 qui
953 539 1180 594 multum
1209 538 1545 592 laboraverat
1569 578 1583 601 ,
1617 536 1686 587 ab
1711 550 1777 589 eo
1807 535 1895 603 qui
1925 532 2053 587 nihil

474 637 671 692 laboris
694 676 709 699 ,
754 632 846 687 sed
873 632 1038 685 multa
1084 635 1299 699 peccata
1331 627 1657 691 admiserat,
1687 623 1987 678 Pharismus
2025 636 2055 675 a

475 728 753 798 publicano
782 724 950 778 victus
994 731 1094 777 est.
1145 721 1213 774 At
1245 718 1345 773 hoc
1388 732 1638 772 accusare
1680 716 1863 768 vitium
1910 713 2055 768 nullo

474 822 657 875 labore
687 830 972 887 possumus
1003 813 1020 883 (
1050 827 1235 866 omnes
1262 810 1403 865 enim
1439 806 1686 863 eumdem
1720 807 1892 875 ipsum
1930 802 2045 857 cal-

476 912 652 966 culum
688 908 861 963 ferunt
893 906 911 977 )
938 922 952 971 ;
982 903 1120 975 quod
1152 903 1406 973 quaeritur
1434 909 1611 955 autem
1643 908 1756 963 est,
1789 895 2055 967 quomodo

475 1005 646 1071 ipsum
689 1012 941 1069 superare
978 996 1261 1065 possimus.
1286 991 1563 1060 Quomodo
1592 1004 1720 1059 ergo
1751 986 2054 1058 proﬁigabi-

475 1093 626 1149 mus?
655 1092 709 1146 Si
737 1090 958 1161 gloriam
986 1087 1167 1158 gloria:
1188 1098 1535 1154 opponamus.
1564 1079 1635 1136 Ut
1656 1081 1796 1134 enim
1821 1087 2056 1133 terrenas

473 1184 684 1238 divitias
714 1181 1145 1243 contemnimus,
1198 1174 1413 1246 quando
1457 1173 1521 1227 ad
1568 1173 1699 1226 alias
1743 1170 2059 1240 respicimus

472 1275 685 1329 divitias
709 1316 723 1337 ,
756 1281 809 1326 et
839 1271 975 1325 hanc
1012 1271 1174 1322 vitam
1220 1266 1546 1336 despicimus
1570 1306 1585 1331 ,
1616 1279 1734 1318 cum
1764 1264 2057 1333 cogitamus

470 1367 625 1420 aliam
654 1365 753 1418 hac
773 1366 926 1433 longe
949 1361 1221 1416 meliorem
1244 1375 1257 1423 ;
1288 1359 1364 1413 sic
1384 1357 1673 1427 etgloriam
1698 1355 1855 1425 hujus
1876 1354 2055 1408 tnttndi

472 1471 725 1526 respuere
757 1455 1047 1525 poterimus
1073 1494 1086 1517 ,
1119 1467 1239 1506 cum
1279 1451 1435 1504 aliam
1468 1450 1625 1519 longe
1652 1449 1751 1503 hac
1777 1448 2054 1503 clariorem

476 1549 842 1618 spectabimus
863 1589 875 1611 ,
908 1561 1131 1616 qumque
1161 1558 1287 1599 vere
1318 1542 1482 1611 gloria
1513 1551 1613 1595 est.
1648 1539 1779 1594 Nam
1812 1540 1925 1593 haec
1948 1581 1960 1602 ,
1991 1538 2058 1592 de

472 1654 577 1707 qua
609 1638 893 1706 loquimur,
924 1650 1057 1687 vana
1086 1633 1363 1702 inanisque
1386 1640 1490 1695 est,
1519 1646 1618 1685 nec
1645 1631 1745 1685 nisi
1777 1645 1973 1684 nomen
2000 1627 2057 1683 re

472 1743 697 1782 vacuum
725 1726 918 1789 habet;
949 1725 1035 1778 illa
1064 1734 1242 1779 autem
1270 1722 1498 1778 czclestis
1524 1736 1647 1776 vera
1672 1731 1772 1783 est,
1805 1735 1922 1789 quae
1948 1735 2053 1773 non

472 1818 737 1879 homines,
768 1815 860 1869 sed
883 1814 1123 1885 angelos,
1144 1812 1513 1883 archangelos,
1539 1820 1592 1867 et
1612 1810 2052 1881 archangclorum

1199 244 1256 299 s.
1296 242 1573 299 JOANNIS
1607 235 2083 295 CllBYSOSTOMl
2124 236 2438 292 ARCIIIEP.
2469 219 2995 296 CONS'I'ANTINOP.
3638 245 3741 302 ,τε

2165 348 2469 418 Dominum,
2494 352 2602 407 imo
2627 355 2786 407 etiam
2810 353 3051 408 homines
3073 355 3213 423 ipsos
3235 354 3536 411 laudatores
3559 357 3737 414 habet.

2159 440 2213 496 Si
2245 441 2310 496 ad
2337 442 2464 497 illttd
2494 443 2759 498 theatrum
2778 446 3101 513 respexeris,
3134 446 3176 499 si
3207 461 3434 501 coronas
3464 447 3579 502 illas
3602 449 3741 505 didi-

2159 534 2318 600 ceris,
2346 535 2390 589 si
2414 536 2479 589 ad
2510 536 2625 590 illos
2651 537 2867 605 plausus
2890 545 2938 591 te
2963 538 3325 591 transtuleris:
3352 547 3562 593 terrena
3586 556 3742 595 num-

2160 638 2315 692 quam
2347 633 2398 679 te
2421 625 2751 691 detinebant,
2793 642 2895 680 non
2933 642 3120 695 magna
3143 628 3425 696 prmsentia
3449 630 3738 699 reputabis,

2161 730 2264 769 non
2289 716 2525 771 absentia
2556 735 2783 788 qumres.
2810 716 2865 773 In
2890 719 2988 774 hac
3010 720 3207 789 quippe
3232 724 3376 791 regia
3402 738 3564 778 nemo
3582 728 3739 780 satel-

2162 804 2312 859 litum
2344 808 2610 876 regiorum
2637 849 2652 873 ,
2683 824 2788 861 non
2818 823 3011 864 curans
3053 810 3297 864 diadema
3323 814 3583 881 gestantis
3611 825 3665 869 et
3690 816 3739 870 in

2160 897 2297 952 solio
2344 898 2577 953 sedentis
2607 900 2830 969 gratiam
2857 941 2870 964 ,
2902 901 3237 970 graculorum
3270 918 3425 958 voces
3466 906 3701 961 imitatur
3722 949 3737 968 ,

2162 1001 2465 1042 muscarum
2509 998 2562 1042 ct
2608 988 2835 1043 culicum
2885 990 3178 1044 volantium
3225 992 3510 1047 stridorem
3554 1012 3567 1048 :
3611 997 3737 1051 nihil

2160 1079 2300 1131 enim
2330 1078 2576 1133 meliores
2603 1079 2666 1133 iis
2698 1088 2819 1133 sunt
2861 1079 3132 1133 hominum
3166 1081 3367 1138 laudes.
3387 1082 3609 1153 Cognita
3638 1087 3738 1141 ita-

2159 1187 2265 1242 que
2287 1172 2633 1226 humanarum
2664 1187 2841 1226 rerum
2874 1172 2889 1202 ¹
2914 1172 3138 1236 vilitate,
3166 1174 3343 1227 omnia
3370 1175 3420 1229 in
3446 1178 3738 1233 tutissimos

2160 1262 2497 1318 conferamus
2538 1262 2855 1329 thesauros,
2899 1273 2952 1317 et
2999 1276 3302 1318 manentem
3349 1282 3738 1338 perennemquc

2162 1356 2381 1425 gloriam
2423 1370 2727 1424 quaeramus
2756 1371 2771 1409 :
2799 1369 2955 1423 quam
2989 1356 3189 1409 utinam
3221 1371 3319 1411 nos
3342 1372 3529 1413 omnes
3551 1375 3738 1416 conse-

2160 1461 2424 1515 quamur,
2457 1446 2624 1515 gratia
2673 1454 2726 1499 et
2772 1445 3093 1514 benignitate
3144 1446 3351 1501 Domini
3398 1450 3563 1503 nostri
3607 1449 3733 1506 .lcsu

2159 1535 2359 1592 Christi
2384 1578 2401 1602 ,
2433 1552 2525 1605 per
2573 1551 2729 1605 quem
2758 1545 2810 1589 et
2838 1550 2957 1589 cum
2985 1552 3088 1605 quo
3118 1536 3260 1591 Patri
3287 1539 3451 1608 gloria
3480 1582 3494 1604 ,
3528 1557 3736 1611 unaque

2160 1638 2345 1681 sancto
2376 1626 2616 1695 Spiritui,
2656 1641 2796 1681 nunc
2820 1636 2873 1680 et
2902 1640 3113 1695 semper
3140 1638 3193 1682 et
3219 1628 3269 1682 in
3296 1629 3489 1683 sarcula
3519 1632 3735 1686 sa-culo.

2158 1735 2295 1773 rum.
2328 1720 2518 1773 Amen.

2228 1819 2243 1849 ι
2283 1817 2445 1867 morel.
2478 1817 2618 1880 legit,
2644 1815 2903 1876 hominum,
2937 1831 3043 1881 pro,
3064 1817 3381 1869 hmuanarum
3402 1834 3580 1871 rerum.

1814 1990 2161 2051 HOMILIA
2203 1992 2416 2052 XXX.

467 2143 559 2198 3|.
601 2142 701 2210 Qui
744 2142 806 2196 de
829 2156 1028 2194 sursum
1055 2137 1215 2203 venit,
1249 2153 1401 2207 super
1424 2152 1594 2190 omnes
1630 2144 1701 2188 est
1726 2149 1744 2189 :
1765 2133 1852 2200 qui
1884 2141 1956 2187 est
1984 2131 2047 2185 de

703 2244 855 2298 terra,
880 2232 943 2286 de
971 2241 1101 2286 terra
1129 2238 1200 2283 est
1217 2269 1231 2294 ,
1255 2238 1300 2282 et
1320 2228 1382 2282 de
1412 2236 1543 2281 terra
1571 2226 1812 2297 loquitur.

540 2327 593 2378 1.
625 2323 797 2379 Grave
822 2320 1073 2390 quiddam
1101 2329 1183 2373 est
1213 2318 1397 2388 gloria:
1425 2331 1595 2380 amor,
1628 2330 1789 2384 grave
1814 2323 1868 2367 et
1894 2314 2049 2368 malis

469 2417 652 2473 multis
700 2416 953 2470 refertum
984 2429 997 2465 :
1027 2411 1181 2480 spina
1227 2420 1309 2464 est
1356 2425 1474 2479 qum
1503 2407 1719 2462 difﬁcile
1760 2406 2006 2461 avellitur
2031 2447 2045 2469 ,

469 2510 579 2565 fera
624 2521 742 2577 qua:
794 2501 1133 2557 mansueﬁeri
1182 2499 1384 2569 nequit,
1436 2499 1616 2552 multis
1662 2498 1921 2567 capitibus
1973 2496 2053 2549 in-

467 2608 690 2662 structa,
742 2596 793 2651 in
835 2609 929 2649 eos
967 2593 1111 2663 ipsos
1138 2590 1229 2661 qui
1269 2606 1330 2645 se
1360 2589 1595 2643 nutriunt
1642 2597 1863 2641 armata.
1906 2585 2054 2640 Sicut

465 2690 610 2745 enim
642 2686 837 2742 vermis
875 2684 1015 2754 ligna
1046 2698 1075 2735 a
1102 2681 1293 2752 quibus
1319 2681 1549 2751 gignitur
1578 2678 1812 2734 corrodit
1836 2719 1850 2743 ,
1883 2685 1936 2732 et
1966 2693 2055 2731 ru-

470 2781 593 2848 bigo
642 2779 838 2832 ferrum
891 2790 957 2830 ex
1001 2789 1107 2845 quo
1155 2773 1390 2827 nascitur
1433 2771 1718 2835 consumit,
1772 2776 1827 2824 et
1878 2769 2051 2823 lanam

470 2871 626 2924 tinea:
657 2909 669 2921 .
703 2867 773 2921 ita
806 2866 976 2921 inanis
1001 2864 1169 2935 gloria
1200 2864 1437 2918 altricem
1467 2877 1617 2917 suam
1649 2860 1879 2914 animam
1924 2875 2069 2930 per-'

466 2961 563 3014 dit.
596 2958 719 3013 Ideo
747 2957 913 3011 multa
941 2955 1095 3010 nobis
1135 2968 1270 3024 Opus
1306 2963 1388 3009 est
1425 2952 1726 3023 diligentia,
1771 2960 1830 3006 ut
1868 2951 2052 3005 vitium

470 3051 571 3105 hoc
617 3049 885 3104 tollamus.
935 3046 1069 3101 Vide
1092 3060 1222 3115 ergo
1270 3051 1465 3115 quanta
1518 3043 1766 3098 decantet
1816 3041 2052 3097 Joannes

467 3142 742 3213 discipulis
782 3141 893 3195 suis
937 3140 1037 3194 hoc
1081 3138 1270 3193 ntorbo
1313 3138 1712 3199 laborantibus,
1755 3151 1819 3190 ac
1843 3136 1928 3190 vix
1959 3149 2054 3190 eos

467 3234 657 3291 sedare
685 3240 874 3302 potest.
906 3231 1036 3285 Nam
1065 3239 1187 3300 pOSt
1216 3229 1392 3299 priora
1419 3229 1505 3283 illa
1528 3228 1609 3283 his
1628 3228 1788 3283 etiam
1818 3228 1936 3282 illos
1960 3227 2052 3282 de-

467 3326 663 3380 mulcet
691 3321 1026 3378 sermonibus
1055 3337 1067 3373 :
1103 3319 1203 3386 Qui
1230 3318 1294 3372 de
1314 3336 1513 3372 sursum
1539 3318 1689 3381 venit,
1711 3334 1866 3386 super
1881 3333 2053 3371 omnes

467 3425 539 3469 est
568 3430 586 3466 :
611 3414 698 3483 qui
725 3419 796 3465 est
818 3412 881 3463 de
906 3419 1039 3463 terra
1058 3449 1073 3472 ,
1105 3409 1169 3461 de
1192 3417 1325 3461 terra
1354 3415 1448 3472 est,
1478 3418 1525 3460 et
1554 3408 1617 3460 de
1646 3418 1780 3461 terra
1809 3408 2047 3477 loquitur.

468 3506 622 3572 Quia,
646 3502 839 3568 inquit,
869 3498 1230 3553 testimonium
1253 3512 1429 3551 meum
1457 3497 1651 3566 ubique
1672 3497 2049 3562 circumfertis,

469 3602 523 3647 et
573 3606 659 3646 me
713 3590 815 3644 lide
869 3587 1239 3657 dignissimum
1296 3586 1639 3656 praedicatis;
1693 3587 1820 3642 illud
1875 3578 2053 3642 sciatis

470 3690 715 3753 oportet,
767 3695 873 3734 non
931 3679 1092 3733 licere
1144 3693 1266 3733 eum
1298 3678 1387 3748 qui
1442 3678 1510 3733 de
1555 3679 1688 3735 ctelo
1733 3680 1896 3745 venit,
1948 3678 2054 3735 ﬁde

472 3776 694 3844 dignum
720 3770 867 3826 reddi
890 3770 958 3825 ab
986 3784 1052 3824 eo
1076 3769 1165 3839 qui
1198 3769 1247 3823 in
1276 3776 1415 3824 terra
1444 3768 1663 3824 habitat.
1696 3769 1828 3825 Illud
1848 3781 2050 3835 autem,

470 3868 646 3936 Supra
676 3881 847 3919 omnes
873 3873 966 3929 est,
999 3861 1123 3932 quid
1166 3861 1466 3931 signiﬁcat?
1496 3861 1628 3916 Eum
1673 3862 1816 3917 nullo
1853 3877 2049 3933 egere,

466 3957 566 4009 sibi
604 3954 874 4017 sumcere,
922 3961 973 4007 et
1001 3953 1119 4007 sine
1156 3952 1555 4020 comparatione
1595 3952 1830 4007 omnium
1877 3951 2047 4006 maxi-

468 4064 617 4102 mtun
649 4061 791 4102 esse.
819 4045 888 4099 Se
917 4058 1044 4098 vero
1071 4042 1138 4097 de
1176 4052 1316 4097 terra
1356 4056 1474 4097 esse
1495 4050 1549 4096 et
1573 4041 1715 4112 loqui
1739 4041 1902 4105 dicit,
1941 4056 2048 4096 non

468 4138 609 4209 quod
646 4154 709 4191 ex
752 4136 959 4207 propria
991 4144 1168 4189 mente
1195 4134 1537 4203 loqueretur.
1579 4133 1672 4188 sed
1713 4141 1771 4187 ut
1809 4132 2049 4187 Christus

470 4234 544 4286 ait
570 4250 584 4284 :
615 4231 673 4284 Si
705 4240 899 4283 terrena
929 4228 1036 4281 diari
1081 4227 1237 4293 vobis,
1290 4235 1336 4278 et
1383 4242 1482 4279 non
1540 4226 1740 4279 creditis
1785 4223 1959 4295 (Joau.
1992 4226 2047 4279 5.

471 4323 583 4391 12).
612 4321 876 4390 Baptisma
908 4320 984 4373 sic
1009 4318 1257 4388 appellat,
1291 4333 1395 4372 non
1423 4316 1563 4388 quod
1594 4327 1860 4373 terrenum
1885 4327 2048 4385 esset,

469 4414 564 4469 sed
595 4414 713 4483 quia
748 4412 877 4465 illud
911 4427 1030 4465 cum
1063 4409 1311 4465 ineﬁ‘abili
1344 4410 1686 4480 generatione
1715 4426 1807 4465 sna
1829 4426 2047 4481 compa-

474 4505 657 4569 rabat;
685 4505 763 4559 sic
790 4502 970 4557 ethoc
1001 4502 1116 4556 loco
1142 4517 1202 4557 se
1225 4501 1293 4555 de
1317 4512 1452 4556 terra
1477 4503 1617 4573 loqui
1642 4502 1774 4557 dixit
1792 4502 2045 4567 Joannes,

471 4611 621 4651 suam
650 4611 769 4650 cum
799 4593 995 4648 Christi
1026 4592 1267 4649 doctrina
1306 4594 1690 4663 comparando.
1732 4594 1873 4647 Nihil
1905 4595 2046 4649 enim

469 4685 613 4743 aliud
658 4686 921 4754 signiﬁcat
966 4682 1112 4747 illud,
1153 4683 1225 4737 De
1255 4693 1387 4737 terra
1415 4685 1673 4754 loquitur,
1705 4700 1863 4754 quam
1907 4685 2048 4754 quod

467 4793 563 4831 sua
618 4776 830 4844 exigua,
886 4774 1105 4829 humilia
1155 4784 1208 4828 et
1260 4774 1385 4828 vilia
1428 4777 1554 4837 sint,
1607 4776 1651 4829 si
1702 4791 1821 4829 cum
1851 4774 2048 4830 Christi

468 4867 836 4935 magnitudine
865 4875 1273 4934 comparentur,
1306 4881 1368 4920 ac
1400 4875 1625 4921 terrente.
1666 4878 1871 4920 natura:
1900 4866 2051 4933 quasi

467 4956 660 5013 similia
701 4957 825 5009 sint.
858 4957 1009 5024 Apud
1037 4958 1182 5010 illum
1212 4958 1353 5010 enim
1387 4956 1574 5010 Games
1599 4958 1821 5010 thesauri
1845 4958 2051 5024 sapien-

470 5052 551 5104 tia:
581 5047 923 5105 recondantur
954 5046 1086 5118 (Col.
1119 5048 1174 5101 2.
1204 5050 1281 5115 5).
1313 5047 1464 5112 Quod
1496 5056 1671 5101 autem
1712 5049 1779 5101 de
1810 5048 2052 5103 humanis

434 5192 435 5199 η
469 5143 762 5198 ratiociniis
794 5158 898 5195 non
928 5141 1205 5211 loquatur,
1238 5140 1361 5193 hinc
1390 5139 1562 5209 palam
1595 5149 1692 5192 est.
1728 5140 1825 5206 Qui
1874 5150 1945 5193 est
1991 5157 2054 5194 ea:

430 5248 439 5269 ¹
474 5247 628 5297 terra,
659 5252 721 5288 ea:
749 5244 882 5287 terra
905 5242 997 5287 est.
1027 5233 1186 5302 Atqui
1219 5247 1323 5286 non
1354 5241 1470 5286 erat
1499 5242 1641 5286 totus
1667 5232 1733 5285 de
1764 5240 1924 5299 terra,
1958 5234 2051 5289 sed

474 5326 735 5396 praecipua
776 5325 1005 5380 caelestia
1046 5331 1201 5378 erant
1233 5338 1247 5387 ;
1288 5322 1519 5376 animam
1558 5324 1754 5392 quippe
1791 5321 2048 5392 habebat,

472 5428 527 5472 et
565 5416 783 5486 spiritus
822 5417 1083 5485 particeps
1121 5423 1274 5478 erat,
1316 5429 1435 5483 quae
1478 5429 1582 5469 non
1632 5423 1757 5468 sunt
1784 5414 1849 5468 dc
1890 5425 2048 5471 terra.

475 5509 756 5578 Quomodo
794 5523 920 5579 ergo
967 5522 1025 5561 se
1063 5506 1130 5560 de
1170 5515 1309 5561 terra
1362 5520 1482 5559 esse
1519 5506 1699 5560 dicit?
1734 5505 1872 5561 Nihil
1912 5507 2052 5562 aliud

474 5602 558 5659 his
595 5601 923 5673 signiﬁcatur
959 5612 1117 5669 quam
1142 5637 1158 5662 ,
1202 5596 1400 5651 Parvus
1439 5612 1556 5653 sum
1595 5607 1651 5655 et
1687 5599 1881 5654 nullius
1921 5615 2045 5671 prc-

2163 2130 2218 2184 tii
2243 2173 2258 2196 ,
2304 2140 2485 2200 utpote
2526 2133 2612 2201 qui
2655 2131 2797 2185 humi
2847 2148 3028 2202 repam
3060 2132 3188 2186 etin
3223 2143 3357 2187 terra
3391 2146 3546 2190 natus
3593 2136 3732 2199 sim,

2159 2221 2407 2278 Christus
2432 2235 2607 2278 autem
2635 2224 2700 2277 ad
2731 2239 2826 2278 nos
2856 2225 2923 2279 dc
2962 2225 3092 2279 caelo
3137 2225 3296 2279 venit.
3329 2223 3457 2279 Cum
3499 2243 3593 2295 per
3622 2227 3736 2281 ha‘c

2160 2314 2338 2368 omnia
2385 2329 2569 2369 eorum
2608 2315 2850 2369 morbum
2880 2316 3209 2371 restinxisset
3234 2357 3248 2380 ,
3280 2331 3399 2370 cum
3444 2317 3648 2387 majore
3678 2320 3736 2371 li-

2159 2407 2313 2461 dttcia
2353 2407 2419 2461 de
2449 2406 2664 2462 Christo
2712 2408 2962 2478 loquitur.
3013 2411 3181 2462 Antea
3227 2409 3368 2463 enim
3412 2411 3732 2479 superﬂuum

2159 2494 2343 2550 fuisset
2374 2496 2533 2551 verba
2580 2496 2899 2567 profundere
2923 2540 2937 2564 ,
2976 2514 3095 2551 cum
3140 2500 3251 2552 lucc
3290 2500 3341 2552 in
3375 2510 3553 2553 mente
3582 2501 3733 2554 audi-

2159 2596 2331 2641 torum
2375 2588 2548 2643 locum
2598 2590 2840 2647 invenire
2879 2606 2983 2644 non
3029 2601 3290 2660 possent:
3324 2602 3597 2662 postquam
3642 2609 3734 2648 au-

2158 2684 2263 2731 tem
2312 2681 2491 2746 spinas
2540 2680 2750 2741 evulsit,
2794 2680 2902 2749 jam
2939 2681 3270 2736 conﬁdenter
3313 2683 3516 2737 semina
3558 2685 3737 2751 jacere

2160 2768 2341 2836 incipit
2372 2768 2453 2823 his
2484 2770 2693 2824 verbis:
2723 2770 2819 2835 Qui
2842 2771 2904 2824 de
2934 2771 3055 2824 ca'lo
3077 2773 3227 2835 venit,
3261 2789 3413 2841 super
3440 2790 3608 2826 omnes
3631 2784 3735 2836 est;

2158 2856 2244 2911 52.
2278 2866 2324 2910 et
2350 2860 2483 2928 quod
2520 2859 2640 2912 vidit
2667 2869 2712 2913 ct
2742 2862 2953 2925 audivit,
2984 2861 3077 2914 hoc
3106 2862 3421 2929 testiﬁcatur,
3447 2874 3493 2915 et
3515 2866 3734 2915 testimo-

2157 2950 2295 3002 nium
2324 2951 2432 3019 ejus
2462 2967 2605 3005 nemo
2634 2952 2837 3022 accipit.
2871 2952 3112 3021 Magnum
3151 2952 3276 3022 quid
3321 2960 3378 3008 et.
3413 2954 3641 3009 sublime
3666 2954 3736 3009 de

2156 3040 2272 3109 ipso
2300 3042 2547 3112 loquutus
2572 3083 2587 3105 ,
2619 3058 2804 3097 rursus
2850 3043 2914 3097 ad
2944 3042 3225 3096 humiliora
3276 3045 3447 3113 pergit
3473 3062 3486 3097 :
3516 3059 3636 3097 nam
3668 3043 3733 3097 il-

2157 3131 2246 3185 lud
2269 3173 2283 3196 ,
2320 3132 2467 3197 Quod
2491 3133 2680 3187 audivit
2705 3143 2752 3186 et
2776 3134 2929 3197 vidit,
2962 3133 3245 3188 humanius
3271 3134 3470 3189 dictum
3496 3143 3597 3189 est.
3627 3135 3733 3191 Nc-

2155 3238 2257 3293 que
2282 3224 2422 3278 enim
2446 3239 2508 3278 ex
2544 3224 2659 3279 visu
2686 3226 2767 3280 vel
2802 3225 2985 3279 auditu
3016 3225 3101 3278 illa
3128 3241 3247 3294 qua:
3290 3226 3493 3281 sciebat
3516 3241 3737 3297 accepe-

2156 3320 2239 3367 rat
2272 3330 2287 3379 ;
2330 3314 2422 3368 sed
2456 3315 2507 3368 in
2535 3324 2719 3369 natura
2752 3323 2921 3369 totum
2968 3314 3217 3379 habebat,
3258 3316 3346 3385 qui
3376 3317 3645 3386 perfectus
3670 3333 3735 3372 ex

2156 3401 2276 3455 sinu
2310 3412 2529 3471 paterno
2559 3404 2795 3470 exierat,
2840 3419 2937 3459 nec
2962 3406 3151 3475 egebat
3178 3405 3398 3461 doctore
3428 3424 3440 3459 :
3476 3424 3597 3462 nam
3625 3409 3734 3474 ait,

2158 3492 2304 3548 Sicut
2342 3497 2476 3548 novit
2520 3512 2597 3548 me
2638 3494 2821 3561 Pater,
2868 3498 2941 3549 ita
2983 3507 3030 3550 et
3076 3514 3167 3568 ego
3214 3514 3457 3568 cognosco
3507 3499 3733 3554 Patrem.

2156 3586 2291 3653 Quid
2328 3601 2456 3656 ergo
2500 3588 2762 3657 signiﬁcat
2798 3588 2945 3654 illud,
2988 3589 3139 3657 Quod
3174 3592 3385 3657 audivit,
3416 3591 3658 3663 loquitur,
3690 3606 3737 3648 ct

2156 3679 2290 3747 quod
2329 3678 2470 3743 vidit,
2504 3681 2761 3734 testatur?
2797 3681 2926 3748 Quia
2960 3698 3056 3752 per
3083 3683 3180 3737 hos
3216 3698 3403 3736 sensus
3432 3700 3529 3738 nos
3555 3687 3735 3740 omnia

2155 3768 2413 3824 discimus
2452 3779 2697 3825 accurate
2728 3813 2742 3836 ,
2775 3781 2827 3826 et
2868 3772 2970 3827 lidc
3000 3772 3144 3843 digni
3187 3775 3423 3844 magistri
3452 3776 3733 3845 habemur,

2156 3861 2297 3916 circa
2325 3876 2385 3916 ea
2416 3876 2535 3932 qute
2574 3863 2655 3916 vel
2686 3863 2800 3917 visu
2833 3864 2913 3917 vel
2940 3865 3122 3919 auditu
3154 3867 3484 3936 percepimus
3504 3909 3519 3932 ,
3552 3878 3737 3938 utpote

2156 3954 2247 4024 qui
2291 3968 2389 4008 nec
2438 3954 2735 4024 ﬁngamus,
2787 3970 2883 4010 nec
2921 3955 3051 4010 falsa
3080 3957 3337 4011 dicamus.
3374 3957 3428 4012 Id
3457 3959 3737 4015 adstruere

2125 4046 2343 4114 .volens
2371 4045 2604 4101 Joannes
2632 4047 2793 4114 dixit,
2833 4047 2958 4113 Qum
2987 4050 3178 4103 audivit
3206 4060 3253 4103 ct
3292 4050 3434 4117 vidit,
3467 4060 3525 4105 ut
3551 4061 3735 4106 osten-

2156 4138 2250 4193 dat
2292 4139 2423 4193 nihil
2455 4139 2505 4193 in
2541 4140 2633 4193 illo
2669 4141 2952 4205 mendacii,
2984 4141 3077 4195 sed
3108 4143 3284 4197 omnia
3314 4158 3436 4198 vera
3467 4160 3604 4199 esse.
3646 4146 3736 4199 Sic

2157 4238 2211 4285 ct
2250 4245 2349 4285 nos
2376 4245 2517 4300 smpc
2549 4231 2757 4285 curiose
2782 4232 3157 4301 perquirimus,
3192 4232 3343 4287 Tune
3372 4234 3585 4299 audisti,
3611 4225 3761 4289 tunc.

2155 4321 2453 4377 vidisti?si
2496 4322 2545 4377 id
2592 4323 2904 4383 alﬁrmetnr,
2953 4332 3078 4378 tunc
3118 4333 3321 4378 certum
3371 4326 3733 4381 testimonium

2156 4414 2495 4470 habetnr.Sic
2508 4424 2557 4469 et
2578 4416 2689 4486 ipse
2703 4429 2821 4469 cum
2840 4414 2985 4478 dicit,
3010 4416 3155 4470 Sicut
3172 4417 3344 4478 audio,
3355 4417 3535 4486 judico
3557 4417 3732 4487 (Joau.

2155 4507 2206 4562 5.
2237 4506 2357 4576 30),
2387 4516 2458 4572 et,
2483 4507 2609 4572 Qum
2649 4507 2818 4560 audivi
2860 4524 2890 4558 a
2918 4506 3076 4561 Patre
3104 4525 3229 4573 meo,
3263 4510 3456 4578 loquor,
3504 4519 3577 4573 et,
3613 4510 3740 4577 Qua!

2155 4598 2374 4651 vidimus
2398 4640 2412 4662 ,
2446 4599 2698 4667 loquimur
2729 4599 2746 4668 (
2775 4597 2861 4651 Id.
2892 4599 2944 4653 8.
2984 4598 3073 4653 26.
3117 4610 3161 4653 et
3192 4601 3242 4655 5.
3278 4601 3335 4653 11
3365 4600 3420 4667 ),
3467 4609 3521 4655 et
3548 4601 3736 4654 similia

2155 4689 2257 4742 alia
2303 4689 2558 4758 loquitur,
2610 4704 2713 4743 non
2754 4691 2821 4744 ita
2873 4689 3019 4751 dicit,
3074 4698 3133 4744 ttt
3174 4691 3441 4747 discamus
3487 4693 3633 4747 illum
3676 4709 3736 4747 ea

2156 4782 2428 4848 accepisse
2472 4796 2591 4847 qua:
2633 4781 2759 4835 dicit
2804 4780 2898 4850 (id
2942 4783 3088 4836 enim
3123 4793 3307 4852 putare
3356 4795 3609 4839 extrema:
3639 4786 3741 4840 de-

2158 4872 2369 4924 mentim
2398 4880 2541 4926 esset
2578 4872 2632 4943 );
2667 4873 2760 4926 sed
2807 4891 2871 4927 nc
2898 4874 3022 4943 quid
3055 4890 3117 4927 ex
3147 4875 3300 4929 diClii
3332 4877 3446 4943 ejus
3485 4877 3538 4933 in
3568 4879 3742 4945 suspi-

2157 4962 2363 5016 cionem
2392 4974 2669 5018 vocaretur
2698 4966 2762 5019 ab
2789 4966 3180 5034 impudentibus
3199 4967 3413 5023 Judmis.
3444 4969 3575 5035 Quia
3596 4971 3740 5025 enim

2158 5053 2392 5106 nondum
2417 5068 2531 5106 eam
2565 5070 2720 5124 quam
2756 5073 2848 5124 par
2879 5066 2992 5109 erat
3031 5056 3097 5111 de
3125 5058 3213 5113 illo
3240 5060 3540 5127 opinionem
3568 5059 3740 5115 habe-

2160 5143 2308 5210 bant,
2339 5145 2647 5215 frequenter
2674 5147 2737 5201 ad
2768 5148 2979 5203 Patrem
3011 5151 3264 5220 confugit,
3305 5151 3534 5221 hincque
3561 5154 3743 5208 verbis

2160 5237 2269 5289 suis
2303 5235 2458 5290 ﬁdem
2489 5237 2629 5290 facit.

2229 5329 2283 5382 2.
2328 5328 2395 5382 Et
2424 5329 2545 5399 quid
2579 5328 2787 5383 miraris
2816 5329 2859 5383 si
2886 5328 2951 5383 ad
2985 5331 3192 5387 Patrem
3225 5332 3514 5404 confugiat,
3542 5350 3660 5390 cum
3689 5347 3740 5391 et

2157 5421 2223 5475 ad
2276 5419 2565 5490 prophetas
2606 5429 2659 5473 et
2701 5420 2766 5473 ad
2814 5421 3116 5490 Scripturas
3160 5441 3305 5494 saepe
3348 5429 3639 5482 recurrat?
3686 5442 3739 5483 ut

2158 5510 2371 5583 quando
2399 5509 2554 5576 dicit,
2585 5510 2702 5563 Illa?
2726 5520 2842 5564 sunt
2879 5526 2993 5579 qua:
3018 5514 3359 5569 testimonium
3398 5518 3653 5586 perhibent
3683 5510 3763 5572 de

2159 5618 2237 5656 me
2284 5599 2457 5669 (Ibid.
2495 5601 2548 5655 5.
2580 5599 2704 5670 '59).
2738 5600 2871 5655 Num
2912 5616 3038 5672 ergo
3080 5605 3355 5674 prOphetis
3397 5607 3545 5663 illum
3574 5608 3737 5664 miuo-
