4012 6198
303 269 412 325 I75

293 401 416 440 rem
439 396 560 438 esse
597 382 871 445 dicemus,
904 379 1024 449 quia
1057 379 1180 434 inde
1221 381 1520 433 testimonia
1563 388 1830 434 mutuatur
1858 381 1882 431 'l

291 476 472 532 Absit.
494 473 598 530 Sed
623 482 840 543 propter
866 471 1166 525 auditorum
1191 469 1550 525 inﬁrmitatem
1571 470 1650 524 sic
1674 485 1883 525 sermo-

290 582 421 620 nem
465 573 722 633 temperat
743 603 757 624 ,
786 570 842 618 et
879 577 944 616 ex
985 561 1142 616 Patre
1174 559 1350 615 audita
1393 575 1452 614 se
1483 575 1702 616 narrare
1732 560 1879 625 dicit,

291 673 405 711 non
434 656 586 726 quasi
616 654 836 708 doctore
865 659 1050 722 egeat.
1084 651 1177 705 sed
1210 660 1267 705 ut
1303 651 1377 705 illi
1404 651 1645 715 credant,
1680 649 1812 705 nihil
1850 666 1880 705 a

287 765 351 804 se
399 748 594 802 falsum
630 746 755 800 diei.
790 743 942 810 Quod
973 753 1153 798 autem
1181 741 1310 798 dicit
1338 742 1593 807 Joannes,
1622 743 1702 798 sic
1730 742 1886 796 intel-

289 838 401 909 Iige
431 858 445 892 2
475 838 600 892 llihi
631 851 767 906 opus
791 845 872 890 est
900 834 1084 889 audire
1109 833 1178 888 ab
1210 834 1322 888 illo.
1365 832 1498 887 Nam
1535 833 1602 887 de
1631 834 1764 888 caelo
1793 848 1885 888 ve-

287 931 403 994 nit,
445 939 503 983 et
527 927 760 981 czclestia
792 925 998 979 nuntiat
1019 965 1035 991 ,
1066 939 1185 994 qua:
1211 923 1360 979 solus
1388 923 1499 992 ipse
1523 923 1665 977 clare
1688 923 1833 977 novit
1863 939 1876 986 ;

286 1036 419 1074 nam
452 1018 604 1084 illud,
638 1017 840 1071 Audiuit
878 1025 925 1072 et
959 1017 1102 1081 vidit,
1133 1015 1235 1070 hoc
1257 1013 1536 1085 signiﬁcat.
1569 1012 1634 1066 Et
1662 1016 1882 1068 testimo-

287 1112 436 1164 nium
464 1112 577 1179 ejus
603 1125 744 1163 nemo
770 1109 975 1176 accipit.

360 1199 588 1255 Joannis
622 1198 862 1265 discipuli
899 1195 1100 1251 Christo
1139 1211 1240 1249 non
1268 1195 1606 1249 crediderant.
1627 1224 1697 1235 —
1722 1195 1881 1265 Atqui

284 1291 594 1360 discipulos
624 1289 809 1343 habuit
846 1297 903 1343 et
941 1287 1092 1342 multi
1137 1287 1298 1341 dictis
1341 1287 1454 1357 ejus
1484 1286 1876 1352 altendebant;

285 1397 390 1435 cur
431 1395 562 1450 ergo
605 1379 766 1442 dicit,
800 1376 969 1432 Nemo
1009 1376 1236 1446 accipit?
1263 1376 1374 1431 Hoc
1404 1384 1507 1442 est,
1537 1375 1695 1430 Pauci
1740 1377 1883 1431 acci-

286 1473 468 1539 piunt.
506 1470 638 1524 Nam
670 1471 713 1524 si
758 1470 1026 1523 neminem
1054 1469 1312 1534 dixisset,
1343 1482 1438 1522 cur
1468 1467 1834 1537 subjunxisset
1862 1486 1875 1522 :

284 1565 376 1620 35.
414 1563 520 1628 Qui
556 1564 748 1630 accepit
785 1563 896 1632 ejus
939 1561 1298 1628 testimonium,
1340 1561 1553 1632 signavit
1597 1561 1715 1631 quia
1742 1561 1879 1615 Deus

284 1673 450 1711 rere:
476 1667 548 1711 est
576 1657 602 1709 .9
637 1656 733 1710 llic
759 1654 1050 1724 discipulos
1079 1670 1205 1709 suos
1235 1653 1580 1725 perstringit,
1615 1669 1678 1708 ac
1702 1653 1744 1708 si
1772 1668 1876 1708 non

284 1749 521 1801 multum
561 1746 609 1800 ei
647 1745 900 1800 credituri
930 1753 1126 1800 essent.
1151 1743 1300 1812 Quod
1329 1744 1470 1799 enim
1499 1759 1670 1814 neque
1695 1752 1874 1812 postea

282 1839 390 1908 ipsi
441 1837 804 1902 crediderint,
839 1836 1010 1905 palam
1055 1847 1137 1891 est
1177 1851 1239 1890 ex
1280 1835 1645 1906 sequentibus.
1677 1833 1878 1889 Idcirco

282 1929 412 1984 illos
446 1932 497 1982 in
536 1943 752 1983 carcere
782 1927 1019 1983 inclusus
1056 1928 1196 1982 misit
1223 1927 1290 1982 ad
1316 1942 1437 1982 eum
1461 1969 1476 1993 ,
1507 1936 1563 1982 ut
1589 1926 1734 1995 ipsos
1761 1943 1876 1981 ma-

281 2021 370 2090 gis
412 2019 516 2090 ipsi
553 2026 914 2074 connecteret.
950 2018 1028 2072 Illi
1068 2033 1194 2072 vero
1226 2027 1351 2072 tunc
1391 2017 1550 2072 etiam
1584 2018 1668 2071 vix
1699 2017 1875 2072 credi-

280 2111 525 2176 derunt,
553 2109 695 2180 quod
723 2109 1070 2164 subindicans
1099 2109 1340 2164 Christus
1380 2108 1532 2174 dixit,
1566 2107 1756 2162 Beatus
1789 2109 1878 2177 qui

282 2221 390 2257 non
420 2204 575 2271 fudit
599 2202 975 2256 scandalizatus
1003 2202 1054 2255 in
1086 2218 1162 2254 me
1191 2199 1211 2272 (
1239 2200 1424 2254 Matth.
1459 2202 1546 2256 ll.
1576 2201 1607 2254 6
1638 2203 1677 2269 ).
1721 2199 1875 2255 Nulla

282 2296 455 2365 igitur
499 2295 604 2348 alia
648 2293 717 2348 de
744 2307 908 2347 causa
935 2293 1092 2356 dicit,
1122 2290 1192 2345 Et
1217 2291 1556 2345 testimonium
1597 2292 1704 2360 ejus
1732 2306 1876 2345 nemo

278 2389 505 2458 accipit,
548 2404 704 2459 quam
732 2399 786 2442 ut
809 2386 1104 2456 discipulos
1133 2399 1261 2441 suos
1289 2384 1518 2448 erudiat,
1552 2399 1616 2440 ac
1640 2385 1685 2438 si
1725 2383 1872 2438 dice-

279 2489 373 2534 ret
410 2497 424 2532 :
470 2479 546 2534 Ne
581 2480 770 2548 putetis
797 2479 918 2548 quia
955 2477 1105 2547 pauci
1135 2475 1389 2531 credituri
1419 2483 1572 2541 sunt,
1604 2473 1720 2528 ideo
1745 2473 1872 2526 falsa

281 2571 376 2625 illa
426 2585 552 2625 esse
579 2584 696 2639 qua:
724 2569 994 2623 dicuntur.
1024 2566 1152 2622 Nam
1195 2566 1322 2634 Quia
1349 2566 1492 2630 cidit,
1531 2573 1758 2628 testatur,
1789 2565 1873 2618 in-

280 2662 422 2732 quit.
459 2659 584 2715 Ha-e
617 2675 780 2728 porro
807 2658 957 2722 dicit,
993 2667 1048 2712 ut
1074 2657 1240 2718 simul
1265 2655 1569 2712 Juda‘orum
1603 2655 1869 2726 ignaviam

282 2752 648 2822 perstringat;
681 2759 737 2804 ut
773 2751 825 2803 iu
865 2748 1127 2819 principio
1154 2747 1430 2818 Evangelii.
1457 2748 1603 2818 ipsos
1631 2747 1872 2816 coarguit

284 2848 365 2900 bis
396 2845 578 2900 verbis
611 2862 625 2898 :
655 2841 722 2897 In
749 2844 955 2912 propria
997 2843 1148 2907 venit,
1175 2851 1223 2896 et
1263 2841 1344 2895 sui
1383 2857 1497 2896 eum
1539 2824 1644 2894 non.
1669 2854 1869 2909 recepe-

280 2947 422 2989 runt.
455 2935 565 2990 Hoc
590 2944 770 2990 autem
800 2949 905 2987 non
932 2931 1216 2996 venientis,
1244 2929 1338 2986 sed
1367 2944 1472 2984 non
1498 2929 1868 2998 recipientium

284 3040 566 3098 peccatum
595 3035 702 3083 est.
736 3025 837 3091 Qui
858 3026 1047 3094 accepit
1075 3027 1185 3096 ejus
1213 3023 1567 3085 testimonium,
1593 3021 1867 3092 obsignavit

279 3122 400 3185 quia
443 3117 576 3173 Deus
616 3134 770 3172 ver-ax
797 3128 891 3172 est.
920 3116 1015 3171 llic
1047 3117 1165 3170 illos
1190 3123 1452 3180 exterret,
1485 3128 1606 3168 cum
1638 3111 1871 3168 ostendit

275 3226 404 3265 eum
436 3211 525 3279 qui
561 3209 779 3263 Christo
804 3223 908 3262 non
934 3205 1126 3272 credit,
1166 3221 1270 3259 non
1298 3205 1457 3258 modo
1483 3219 1588 3258 non
1627 3203 1746 3273 ipsi,
1774 3201 1866 3256 sed

278 3316 462 3372 lietque
488 3300 630 3355 Patri
653 3299 875 3354 credere
902 3317 916 3362 ;
944 3297 1289 3368 quamobrem
1315 3295 1497 3365 adjicit
1527 3313 1540 3350 :
1575 3295 1664 3348 54.
1707 3293 1867 3360 Quem

274 3394 414 3445 enim
466 3391 601 3445 misit
639 3389 796 3456 Deus,
827 3390 976 3443 verba
999 3387 1095 3442 Dei
1121 3388 1361 3457 loquitur.
1391 3385 1522 3453 Quia
1551 3399 1678 3454 ergo
1705 3382 1866 3438 verba

275 3486 394 3549 ejus
445 3483 700 3552 loquitur,
730 3489 784 3535 et
833 3479 1058 3534 credens
1109 3478 1182 3532 illi
1230 3476 1420 3540 credit,
1453 3484 1507 3531 et
1555 3473 1865 3528 incredulus

277 3577 350 3629 illi
384 3590 497 3628 non
528 3573 720 3630 credit.
763 3572 900 3627 Illud
942 3582 1142 3636 autem,
1177 3570 1493 3641 Obsignavit,
1537 3569 1588 3624 id
1628 3577 1729 3632 est,
1759 3567 1862 3622 Os-

279 3666 473 3722 tendit.
516 3665 805 3734 Postquam
852 3664 966 3719 bznc
1007 3663 1142 3718 dixit
1165 3671 1218 3717 et
1245 3662 1491 3716 timorem
1520 3661 1698 3726 auxit,
1732 3658 1866 3728 adji-

273 3760 343 3810 cit
371 3775 386 3810 :
426 3757 564 3822 Quia
589 3755 654 3808 Β(
667 3772 726 3810 us
751 3771 900 3809 mox
923 3764 1036 3820 est;
1061 3753 1386 3824 signiﬁcans,
1416 3750 1684 3806 neminem
1707 3763 1864 3818 posse

274 3849 347 3903 illi
393 3863 506 3902 non
537 3847 780 3911 credere,
815 3846 913 3901 nisi
941 3845 1200 3900 mendacii
1229 3852 1414 3914 arguat
1445 3842 1609 3896 Deum
1649 3839 1738 3911 qui
1765 3839 1864 3893 mi-

272 3941 341 3993 sit
388 3940 593 4007 ipsutn.
635 3937 896 4005 Quoniatn
925 3936 1084 4007 igitur
1122 3935 1253 3990 nihil
1294 3942 1442 3990 extra
1470 3947 1532 3988 ea
1579 3947 1698 4002 qua:
1742 3938 1864 3985 sunt

275 4031 461 4087 Patris
488 4029 621 4085 dicit
645 4028 908 4093 Christus,
952 4028 1044 4083 sed
1089 4027 1265 4082 omnia
1297 4027 1440 4080 illius
1464 4033 1587 4080 sunt
1617 4040 1631 4088 ;
1665 4024 1752 4094 qui
1785 4023 1864 4092 ip-

272 4139 395 4177 sum
429 4137 537 4175 non
572 4120 736 4186 audit,
773 4122 1068 4174 mittentem
1108 4119 1318 4174 Patrem
1347 4132 1451 4172 non
1483 4116 1649 4172 audit.
1677 4113 1862 4170 Viden’

272 4213 556 4284 quomodo
591 4213 734 4281 ipsos
775 4227 869 4280 per
913 4211 1025 4266 haec
1063 4213 1224 4267 etiam
1263 4209 1565 4282 percellat?
1596 4209 1862 4264 Ilaetenns

273 4307 424 4359 enim
455 4303 587 4358 nihil
615 4318 778 4373 grave
809 4302 1064 4372 putabant
1086 4315 1206 4356 esse
1231 4301 1498 4356 Christum
1524 4315 1628 4354 non
1655 4297 1860 4354 audire.

277 4396 407 4452 Ideo
443 4403 649 4448 tantum
695 4394 984 4462 periculum
1017 4392 1304 4448 incredulis
1336 4391 1646 4461 impendere
1675 4399 1862 4446 osten-

269 4490 390 4554 dit,
421 4498 480 4542 at
531 4485 740 4540 discant
778 4484 1048 4540 Christum
1093 4499 1197 4537 non
1243 4482 1428 4537 audire
1473 4481 1700 4552 idipsum
1742 4495 1864 4536 esse

271 4581 425 4650 quod
458 4580 623 4632 Deum
664 4594 768 4630 non
801 4576 1004 4630 audire.
1045 4575 1247 4630 Deinde
1291 4575 1650 4645 prosequitur,
1692 4571 1861 4628 imbe-

272 4672 487 4727 ciuitati
535 4672 730 4726 mentis
768 4684 950 4724 eorum
985 4684 1043 4723 se
1070 4679 1462 4740 attemperaus,
1509 4668 1590 4722 his
1639 4666 1858 4722 verbis:

276 4768 405 4822 Non
439 4768 575 4821 uim
612 4767 680 4818 ad
706 4781 989 4819 mensuram
1028 4764 1114 4816 dat
1151 4761 1286 4817 Deus
1329 4762 1601 4831 Spiritum.
1636 4760 1859 4824 Rursus,

275 4869 331 4912 ut
361 4858 501 4920 dixi,
525 4857 788 4910 humiliori
817 4855 975 4909 modo
998 4855 1250 4924 loquitur,
1281 4854 1358 4907 sic
1392 4852 1604 4906 varians
1630 4850 1695 4905 ad
1728 4849 1862 4905 laci-

275 4949 471 5003 lieretn
497 4948 802 5002 auditorum
846 4957 1056 5014 captum
1091 4961 1108 5009 ;
1157 4960 1261 4999 non
1291 4943 1432 4999 enim
1466 4951 1672 5012 poterat
1707 4941 1866 4999 alite:

278 5049 481 5093 metum
507 5053 726 5108 augere.
759 5036 888 5091 Nam
917 5034 1107 5106 siquid
1135 5034 1202 5090 de
1233 5035 1348 5104 ipso
1376 5047 1624 5104 magnum
1652 5040 1707 5087 ct
1729 5031 1860 5087 sub-

280 5131 408 5185 lime
449 5131 707 5194 dixisset,
741 5144 844 5183 non
888 5128 1268 5192 credidissent,
1299 5124 1392 5180 sed
1443 5124 1493 5180 id
1531 5123 1679 5178 nihili
1709 5124 1864 5178 fecis-

280 5233 427 5277 sent.
454 5221 576 5277 Ideo
599 5221 665 5275 ad
687 5221 897 5276 Patrem
918 5229 1085 5273 totum
1108 5217 1294 5282 refert,
1319 5216 1386 5271 de
1414 5214 1629 5271 Christo
1653 5215 1860 5269 interim

279 5317 434 5385 quasi
464 5314 534 5369 de
561 5313 778 5368 homine
800 5314 1042 5382 loquens.
1071 5310 1208 5376 Quid
1243 5325 1372 5364 vero
1399 5308 1659 5378 signiﬁcat
1685 5307 1811 5363 illud
1847 5328 1859 5362 :

282 5406 406 5461 Non
447 5408 520 5459 ad
566 5422 849 5460 mensuram
890 5406 977 5458 dat
1023 5403 1157 5457 Deus
1186 5403 1485 5472 Spiritum?
1510 5400 1618 5456 Nos
1652 5416 1858 5461 omnes.

277 5501 354 5551 ait
376 5540 390 5561 .
424 5497 490 5552 ad
529 5513 835 5551 mensuram
862 5496 1090 5565 Spiritus
1117 5495 1482 5563 operationem
1508 5492 1812 5560 accepimus
1839 5511 1854 5554 ς

281 5606 379 5659 per
408 5591 664 5659 Spiritum
710 5588 849 5642 enim
897 5588 980 5642 hic
1019 5587 1382 5655 operationem
1419 5584 1665 5652 intelligit
1705 5603 1717 5636 :
1751 5583 1862 5636 lucc

284 5685 480 5752 qu'ppe
533 5695 597 5734 ea
645 5688 729 5731 est
773 5693 892 5748 qua:
943 5677 1280 5730 distribuitur
1324 5693 1336 5728 :
1391 5674 1477 5729 hic
1529 5689 1654 5728 veto
1697 5682 1856 5728 totam

603 5786 874 5849 Parnm“
923 5790 1040 5848 Gn.
1091 5790 1246 5856 LIX.

1331 263 1393 320 IN
1433 263 1739 322 JOANNESI
1780 263 2007 323 IIOMIL.
2052 265 2218 322 XXX.
2260 269 2330 322 al.
2373 268 2564 324 XXIX.

3395 341 3406 351 .
3474 274 3570 329 m

2001 379 2146 435 illam
2191 382 2307 436 sine
2361 399 2610 440 mensura
2660 383 2820 441 habet
2861 387 3248 455 operationem.
3298 389 3352 443 Si
3392 399 3568 444 autem

1991 473 2232 540 operatio
2256 474 2373 544 ejus
2399 476 2658 531 immensa
2684 487 2770 532 est
2795 478 2960 532 nmlto
2987 479 3156 548 magis
3182 479 3300 548 ejus
3323 481 3570 535 substan-

1994 562 2084 615 tia.
2119 562 2300 618 Viden‘
2323 563 2582 633 Spiritum
2611 567 2769 621 etiam
2794 569 3112 624 immensum
3135 569 3293 624 esse?
3316 569 3415 636 Qui
3443 585 3573 640 ergo

1992 659 2154 706 totam
2207 654 2434 722 Spiritus
2479 659 2844 726 operationem
2891 660 3138 728 accepit;
3186 660 3274 726 qui
3321 676 3404 727 ea,
3451 677 3571 731 qute

1989 752 2114 797 sunt
2157 744 2284 810 Dei,
2332 749 2515 812 novit;
2564 750 2653 818 qui
2702 749 2865 805 dicit.
2908 751 3057 817 Quod
3093 753 3376 808 audiuimus
3406 754 3572 821 loqui-

1989 849 2122 899 mur,
2169 843 2213 888 et
2251 837 2384 905 quod
2412 839 2625 892 vidimus
2668 849 2950 904 testamur;
2977 843 3246 912 quomodo
3276 844 3443 911 possit
3473 858 3567 898 su-

1987 932 2200 991 spectus
2246 925 2474 982 haberi?
2511 927 2652 983 Nihil
2678 929 2822 984 enim
2862 930 2990 985 dicit
3029 933 3170 1001 quod
3214 948 3321 987 non
3349 932 3419 987 sit
3451 934 3565 996 Dei,

1988 1013 2120 1067 nihil
2158 1015 2302 1079 Quod
2345 1031 2448 1071 non
2490 1018 2560 1072 sit
2601 1019 2850 1088 Spiritus.
2895 1021 3069 1091 Atque
3096 1022 3306 1078 interim
3333 1023 3468 1078 nihil
3499 1023 3568 1078 de

1988 1103 2099 1158 Deo
2113 1103 2286 1159 Verbo
2319 1107 2572 1176 loquitur,
2597 1110 2692 1164 sed
2709 1127 2775 1166 ex
2799 1112 2953 1166 Patre
2971 1121 3024 1166 et
3048 1129 3112 1168 ex
3136 1113 3336 1184 Spiritu
3361 1114 3564 1170 doctri-

1986 1211 2068 1249 me
2107 1210 2218 1250 sua:
2265 1197 2423 1252 ﬁdem
2453 1201 2722 1259 conciliat.
2752 1201 2903 1269 Quod
2934 1203 3070 1258 Deus
3099 1212 3244 1259 esset
3273 1215 3565 1274 noverant,

1984 1285 2127 1354 quod
2155 1286 2385 1355 Spiritus
2422 1299 2565 1344 esset
2603 1290 2877 1356 sciebant,
2905 1291 3006 1347 etsi
3044 1307 3149 1348 nou
3181 1305 3565 1362 congruentem

1985 1375 2054 1431 de
2081 1377 2171 1431 illo
2196 1379 2500 1447 opinionem
2527 1380 2785 1436 haberent
2815 1400 2828 1436 :
2856 1383 2995 1451 quod
3023 1393 3201 1438 autem
3234 1383 3401 1440 Filius
3422 1395 3568 1441 esset

1985 1470 2312 1525 nesciebant.
2356 1470 2480 1527 Ideo
2510 1489 2721 1542 semper
2759 1474 2824 1529 ad
2857 1474 3066 1530 Patrem
3112 1485 3167 1530 et
3201 1475 3268 1530 ad
3309 1477 3562 1544 Spiritum

1982 1560 2254 1630 confugit,
2288 1570 2344 1616 ut
2368 1562 2524 1619 dictis
2565 1565 2722 1620 ﬁdem
2755 1566 3024 1620 conciliet.
3058 1565 3188 1620 Nam
3221 1568 3263 1621 si
3304 1569 3424 1636 quis
3466 1566 3565 1621 hac

1982 1652 2187 1707 sublata
2230 1669 2420 1720 causa,
2470 1670 2772 1710 sermonem
2825 1671 2920 1725 per
2948 1670 3007 1710 se
3046 1656 3374 1720 consideret,
3407 1656 3562 1725 longe

1982 1743 2132 1798 abest
2161 1759 2188 1797 a
2219 1743 2477 1814 dignitate
2517 1743 2730 1800 Christi.
2763 1745 2878 1800 Non
2908 1746 3048 1799 enim
3082 1745 3202 1800 ideo
3229 1745 3331 1801 ﬁde
3371 1745 3559 1814 dignus

1983 1834 2112 1904 ipsis
2141 1845 2275 1902 erat,
2297 1835 2438 1905 quod
2465 1836 2692 1906 Spiritus
2720 1836 3084 1906 operationem
3110 1835 3326 1891 haberet
3361 1856 3375 1892 :
3406 1837 3564 1906 quip-

1984 1940 2048 1994 pe
2075 1925 2163 1993 qui
2196 1941 2300 1980 non
2332 1936 2482 1996 egeat
2511 1927 2708 1982 auxilio
2731 1926 2893 1991 illius,
2923 1926 3016 1980 sed
3043 1927 3141 1980 sibi
3171 1927 3284 1995 ipse
3309 1926 3557 1981 sufﬁciat.

1981 2014 2197 2072 Interim
2225 2033 2352 2072 vero
2379 2017 2673 2073 secundum
2703 2018 3085 2087 simpliciorum
3130 2018 3434 2086 opinionem
3476 2018 3562 2071 lo-

1980 2108 2182 2177 quitur,
2211 2109 2355 2164 utab
2383 2109 2755 2164 humilioribus
2785 2109 3036 2178 paulatim
3067 2108 3184 2163 illos
3215 2110 3402 2179 erigat.
3436 2108 3562 2162 Ha'c

1981 2209 2158 2254 autem
2186 2199 2308 2254 dico
2329 2241 2342 2264 ,
2370 2210 2428 2254 ut
2459 2215 2527 2254 ne
2562 2199 2737 2254 obiter
2765 2200 3056 2271 Scriptura!
3077 2200 3216 2255 dicta
3246 2208 3564 2269 prattercur-

1979 2307 2178 2358 ramus,
2207 2292 2300 2348 sed
2334 2301 2388 2348 et
2413 2292 2642 2349 dicentis
2671 2307 2890 2363 scopum
2919 2301 2974 2348 et
2998 2293 3300 2348 auditorum
3327 2290 3556 2347 imbecil-

1981 2385 2182 2441 litatem
2231 2387 2439 2458 aliaque
2492 2390 2655 2444 multa
2717 2389 3044 2459 exploranda
3094 2402 3215 2443 esse
3265 2387 3556 2442 discanms.

1982 2476 2240 2533 Doctores
2279 2480 2420 2533 enim
2465 2496 2569 2534 non
2600 2480 2775 2534 omnia
2819 2488 2878 2534 ut
2902 2479 3101 2533 vellent
3128 2478 3228 2548 ipsi
3259 2476 3554 2550 proferunt,

1977 2568 2071 2623 sed
2106 2568 2358 2639 pleraque
2397 2571 2462 2625 ad
2503 2571 2806 2625 auditorum
2844 2581 3056 2638 captum
3090 2568 3559 2636 inﬁrmitatemque

1980 2667 2296 2728 temperant.
2344 2659 2468 2715 Ideo
2513 2660 2707 2715 Paulus
2756 2661 2832 2714 ait
2871 2677 2884 2714 :
2917 2659 3038 2714 Non
3085 2659 3224 2730 potui
3253 2658 3386 2713 vobis
3422 2657 3557 2728 loqui

1975 2751 2121 2818 quasi
2147 2751 2516 2821 spiritualibus,
2540 2754 2628 2807 sed
2655 2754 2802 2825 quasi
2836 2753 3140 2807 carnalibus.
3172 2751 3273 2807 Lac
3301 2753 3434 2807 vobis
3465 2769 3556 2821 po-

1976 2851 2080 2896 tum
2108 2843 2244 2910 dedi,
2269 2861 2368 2898 non
2396 2845 2559 2898 cibum
2587 2846 2662 2919 (l.
2683 2845 2799 2900 Cor.
2824 2846 2878 2901 5.
2900 2847 2945 2901 1.
2967 2843 3047 2915 2).
3071 2845 3344 2911 Volebam,
3365 2844 3554 2914 inquit,

1975 2935 2126 2990 vobis
2155 2947 2210 2990 ut
2235 2936 2599 3004 spiritualibus
2639 2938 2802 3008 loqui,
2848 2952 2944 2992 nec
2984 2937 3148 3006 potui.
3190 2937 3365 3005 Quare
3392 2937 3416 2988 ’ἔ
3441 2935 3554 2989 Νοιι

1974 3026 2113 3096 quod
2155 3027 2243 3081 ille
2275 3043 2378 3081 non
2409 3036 2624 3095 posset,
2653 3027 2748 3083 sed
2787 3027 2908 3096 quia
2953 3027 3027 3081 illi
3056 3042 3160 3081 non
3195 3033 3441 3096 poterant
3477 3025 3556 3080 sic

1973 3116 2180 3170 audire.
2207 3115 2298 3171 Sic
2314 3127 2369 3170 et
2391 3115 2624 3171 Joannes
2650 3116 2862 3172 volebat
2887 3131 3075 3186 magna
3094 3115 3334 3186 quzedam
3358 3115 3555 3169 docere

1972 3207 2286 3278 discipulos,
2317 3207 2410 3263 sed
2457 3208 2506 3262 id
2539 3207 2612 3262 illi
2644 3207 2876 3262 nondum
2903 3221 3095 3276 capere
3127 3214 3392 3276 poterant.
3428 3205 3552 3260 Ideo

1973 3299 2027 3353 in
2049 3297 2419 3354 humilioribus
2447 3299 2677 3355 maxime
2706 3309 2968 3353 versatur.

2041 3391 2094 3446 5.
2137 3389 2426 3461 Diligenter
2457 3389 2614 3461 igitur
2649 3390 2827 3444 omnia
2871 3397 2994 3443 sunt
3041 3385 3387 3458 exploranda.
3420 3386 3550 3442 Nam

1971 3482 2258 3552 Scriptura:
2293 3481 2434 3536 dicta
2480 3482 2774 3553 spiritualia
2815 3497 2964 3537 arma
3007 3491 3150 3536 sunt.
3190 3480 3385 3536 Verum
3413 3482 3457 3536 si
3487 3497 3550 3536 ea

1969 3573 2219 3644 adaptarc
2244 3585 2295 3630 et
2323 3575 2611 3645 discipulos
2642 3575 2805 3646 probe
2831 3591 3040 3629 armare
3067 3574 3389 3640 nesciamus,
3437 3575 3551 3644 ipsa

1968 3665 2180 3736 quidem
2209 3681 2360 3722 suam
2389 3667 2495 3721 vim
2525 3665 2758 3732 habent,
2788 3665 2882 3721 sed
2926 3666 3144 3720 armatis
3172 3665 3381 3719 inutilia
3404 3676 3547 3718 sunt.

1969 3761 2344 3831 Supponatnus
2369 3774 2488 3815 esse
2505 3758 2717 3814 ﬁrmum
2738 3759 3030 3825 thoracem,
3055 3759 3277 3828 galeam,
3302 3760 3547 3829 clypeum

1967 3861 2022 3908 et
2045 3855 2280 3908 hastam:
2302 3851 2496 3908 deinde
2521 3867 2664 3907 arma
2695 3853 2779 3906 illa
2802 3853 2920 3922 quis
2940 3852 3184 3920 accipiat,
3209 3860 3262 3905 et
3279 3850 3550 3905 thoracem

1969 3945 2220 4014 pedibus;
2248 3945 2452 4015 galeam
2477 3960 2582 3998 non
2611 3944 2790 4014 capiti,
2825 3944 2918 3998 sed
2947 3945 3144 4008 oculis;
3171 3944 3418 4014 clypeum
3443 3959 3548 3996 non

1971 4035 2191 4104 pectori,
2217 4034 2309 4090 sed
2341 4033 2560 4103 pedibus
2587 4034 2804 4102 adaptet
2831 4051 2843 4086 :
2868 4049 2932 4086 an
2954 4033 3148 4102 poterit
3174 4032 3256 4084 his
3280 4033 3444 4084 armis
3463 4033 3552 4098 ju-

1968 4126 2118 4181 vari?
2145 4141 2320 4180 annon
2347 4125 2521 4195 potius
2552 4125 2614 4178 iis
2644 4123 2904 4177 laudetur?
2936 4122 3067 4176 Illud
3114 4131 3260 4176 certe
3291 4120 3550 4191 liquidunt

1967 4225 2069 4272 est.
2100 4215 2212 4270 IIoc
2235 4231 2362 4270 vero
2407 4230 2510 4268 non
2539 4229 2603 4268 ex
2631 4228 2899 4267 armorum
2933 4212 3294 4267 imbecillitate
3317 4253 3332 4278 ,
3363 4210 3454 4264 sed
3485 4227 3552 4265 ex

1968 4306 2230 4377 imperitia
2255 4305 2452 4360 utentis
2473 4305 2733 4374 provenit.
2765 4304 2836 4357 Ita
2867 4313 2919 4358 et
2947 4303 2998 4357 in
3023 4303 3333 4374 Seripturis,
3362 4301 3406 4358 si
3429 4303 3548 4358 illa-

1968 4411 2084 4452 rum
2130 4395 2372 4450 ordinem
2411 4392 2798 4449 conluudamus
2826 4435 2840 4458 ,
2885 4393 2988 4447 illa:
3018 4407 3234 4462 semper
3257 4407 3351 4447 sua
3391 4403 3550 4448 erunt

1968 4489 2020 4542 vi
2050 4488 2324 4543 instructa:
2355 4503 2367 4539 :
2397 4501 2496 4540 nos
2524 4501 2653 4540 vero
2678 4484 2805 4539 nihil
2832 4484 3112 4555 juvabunt.
3139 4484 3264 4541 Ilaec
3283 4485 3436 4541 vobis
3459 4501 3549 4556 pu-

1969 4581 2106 4637 blice
2129 4589 2182 4636 et
2205 4581 2445 4650 privatim
2475 4587 2744 4649 repetens,
2771 4578 2900 4633 nihil
2932 4577 3151 4647 proﬁcio
3179 4593 3192 4630 :
3225 4593 3345 4632 nam
3377 4594 3549 4634 smcu-

1970 4672 2169 4726 laribus
2199 4687 2291 4726 vos
2328 4686 2546 4740 semper
2584 4670 2744 4726 rebus
2782 4669 3022 4726 addictos
3059 4669 3330 4740 conSpicio
3357 4711 3372 4733 ,
3417 4669 3546 4724 dum

1976 4761 2263 4832 spiritualia
2302 4761 2434 4816 nihil
2467 4760 2716 4832 penditis.
2749 4760 2871 4816 Ideo
2896 4769 2945 4814 et
2983 4759 3142 4814 vitam
3191 4760 3506 4831 negligimus
3531 4800 3546 4822 .

1968 4866 2018 4911 et
2049 4871 2168 4912 cum
2193 4871 2288 4926 pro
2308 4855 2532 4911 veritate
2555 4864 2842 4920 certamus,
2874 4867 2978 4907 non
3012 4868 3201 4922 magna
3222 4854 3271 4906 vi
3303 4854 3546 4908 instructi

1967 4961 2172 5014 sumus,
2195 4947 2286 5003 sed
2316 4945 2520 5002 ridiculi
2546 4945 2838 5009 evadimus,
2865 4952 2972 4998 tum
3000 4945 3136 5013 apud
3159 4946 3406 5015 gentiles,
3437 4955 3548 4998 tum

1969 5037 2106 5109 apttd
2129 5038 2342 5094 Judtcos
2367 5047 2421 5093 et
2447 5037 2586 5108 apud
2620 5037 2918 5091 haereticos.
2943 5037 3095 5103 Quod
3121 5040 3164 5089 si
3193 5038 3242 5090 in
3269 5037 3390 5092 aliis
3410 5052 3547 5105 quo-

1968 5145 2072 5202 que
2095 5129 2255 5184 rebus
2283 5129 2394 5199 pari
2435 5127 2756 5197 negligentia
2779 5127 3059 5180 uteremiui
3086 5167 3101 5192 ,
3131 5141 3198 5180 ne
3220 5127 3297 5180 sic
3332 5124 3548 5195 quidem

1971 5220 2120 5275 vobis
2147 5227 2290 5274 esset
2330 5216 2730 5286 ignoscendum.
2762 5215 2958 5270 Verum
2991 5216 3042 5270 in
3068 5214 3414 5270 saecularibus
3457 5230 3548 5270 ne—

1969 5313 2126 5384 gotiis
2155 5312 2378 5382 quisque
2403 5317 2638 5364 vestrum
2668 5318 2747 5363 est
2767 5307 2944 5377 gladio
2965 5309 3189 5375 acutior,
3218 5317 3324 5364 tam
3347 5309 3436 5380 qui
3458 5325 3550 5365 ar-

1974 5416 2051 5462 tes
2079 5411 2352 5467 exercent,
2377 5416 2534 5474 quam
2565 5401 2653 5470 qui
2683 5416 2766 5454 res
2793 5401 2975 5456 civiles
2997 5410 3244 5456 tractant.
3273 5400 3327 5457 In
3361 5416 3550 5458 neces-

1973 5494 2128 5550 sariis
2151 5507 2279 5547 vero
2326 5503 2379 5544 et
2419 5491 2783 5561 Spirilualibus
2807 5534 2822 5558 ,
2857 5493 3029 5564 ignavi
3071 5507 3289 5564 prorsus
3322 5507 3505 5548 sumus
3531 5533 3545 5555 .

1974 5583 2104 5639 levia
2148 5581 2307 5636 rebus
2346 5580 2501 5635 seriis
2539 5579 2900 5652 priel'ercntcs.
2950 5583 3080 5650 Quae
3121 5594 3297 5638 autem
3341 5584 3550 5637 czcteris

1973 5673 2218 5730 omnibus
2259 5670 2605 5728 anteferenda
2643 5682 2832 5741 erant,
2880 5673 2994 5728 hac
3046 5689 3112 5728 ne
3157 5674 3292 5727 levia
3335 5672 3547 5742 quidem

3113 5784 3174 5838 ll
