4012 6194
391 275 420 326 Α
436 272 499 324 ’ἱῆ

378 405 622 451 ιυεηθειιθ
641 394 939 463 dignamur.
962 390 1044 445 An
1066 385 1279 444 nescitis
1299 383 1414 437 inec
1431 395 1534 438 non
1563 378 1749 449 priscis
1770 383 1971 430 tantum

386 489 706 545 'homiuibus
734 486 928 554 scripta
950 496 1090 547 esse,
1118 477 1212 535 sed
1232 476 1389 533 etiam
1413 474 1567 529 nobis
1597 472 1656 525 “l
1681 469 1794 526 Non
1823 466 1974 523 audis

392 581 624 636 'J’aulum
647 578 908 631 (licentem
940 592 955 628 :
991 573 1116 629 Hac
1140 571 1208 625 ad
1234 579 1456 624 nostram
1476 564 1757 620 doctrinam
1786 560 1974 628 scripta

403 682 541 737 sunt,
569 670 635 723 ad
658 684 782 740 quos
826 668 950 738 fines
974 665 1271 721 surculorum
1294 660 1592 715 devenerunt
1627 654 1702 727 (1.
1730 651 1846 707 Cor.
1879 649 1969 705 10.

404 765 494 837 Η)
531 780 547 819 :
580 771 637 817 ut
684 775 773 832 per
817 758 1105 829 patientiam
1152 762 1197 809 et
1240 749 1629 807 consolationem
1672 742 1972 837 scriptura-

400 833 515 907 rum
540 869 678 922 spem
706 850 974 905 habeamus
1008 847 1179 917 (Rom.
1209 844 1296 898 l5.
1324 842 1379 912 4)
1418 857 1432 894 :
1462 838 1585 895 Scio
1611 833 1855 906 equidem
1887 845 1975 887 me

400 944 595 998 frustra
636 942 812 1011 loqui,
858 938 950 994 sed
1002 937 1160 991 ﬁnem
1208 931 1418 988 dicendi
1461 944 1566 984 non
1608 926 1818 981 faciam.
1851 923 1978 977 Haec

401 1033 545 1087 enim
586 1030 826 1086 faciendo
854 1027 992 1097 apud
1033 1027 1197 1080 Deum
1236 1028 1519 1079 excusatus
1563 1031 1694 1081 ero,
1722 1015 1881 1069 etiam
1930 1012 1975 1066 si

404 1125 579 1178 nullus
604 1122 803 1177 audiat.
836 1120 992 1174 Certe
1019 1117 1107 1187 qui
1128 1113 1343 1169 attentis
1371 1110 1621 1180 loquitur,
1655 1100 1977 1159 consolatio-

403 1233 522 1271 netn
553 1232 618 1271 ex
646 1214 946 1270 auditorum
992 1205 1335 1277 obsequentia
1375 1201 1570 1271 accipit
1606 1216 1619 1252 :
1662 1196 1750 1267 qui
1798 1202 1975 1248 autem

403 1319 547 1374 ςενιιο
588 1304 910 1357 concionans
938 1314 1043 1355 non
1073 1297 1303 1361 auditur,
1337 1307 1437 1375 nec
1463 1300 1642 1346 tamen
1672 1281 1976 1342 concionari

470 1461 485 1490 ³
522 1458 718 1517 Quidam
736 1456 935 1516 habent,
964 1453 1107 1513 vobis,
1134 1464 1238 1514 pro,
1260 1446 1409 1501 nobis.

1150 274 1207 329 S.
1246 267 1518 327 .IOANNIS
1553 257 2018 324 CHRYSOSTOMI
2061 257 2375 315 ARClIlEP.
2414 259 2942 319 CONSTANTINOP.

3560 271 3658 325 176

2079 380 2275 439 cessat,
2332 369 2521 440 majori
2567 373 2784 440 prmmio
2821 372 3011 444 dignus
3040 374 3179 440 erit,
3219 376 3340 446 quia
3368 380 3660 434 secundum

2086 464 2180 518 Dei
2226 461 2518 532 placitum,
2549 461 2879 519 auscultante
2923 464 3137 520 nemine
3159 507 3176 531 ,
3207 465 3441 522 ofﬁcium
3481 469 3664 538 implet

2078 567 2253 608 suum.
2285 552 2530 606 Attamen
2563 549 2687 606 licet
2713 552 2868 607 nobis
2909 553 3081 623 major
3111 570 3316 611 merces
3362 559 3432 612 ob
3473 574 3659 615 socor-

2078 644 2217 698 diam
2243 652 2473 697 vestram
2498 652 2735 711 paretur,
2762 642 3026 699 malumus
3057 643 3197 700 hanc
3222 647 3412 713 minui,
3441 658 3496 704 et
3521 650 3661 705 salu-

2081 735 2149 789 tis
2200 745 2390 789 vestraa
2440 747 2591 803 spem
2640 749 2760 789 esse
2809 734 3062 805 majorem
3111 754 3125 791 :
3174 738 3472 807 profectum
3518 718 3661 797 enim

2078 838 2312 884 vestrum
2353 826 2614 882 mercedis
2647 828 2764 880 loco
2804 826 3078 883 habemus.
3114 829 3181 885 Et
3212 830 3326 885 haec
3358 848 3498 888 nunc
3524 833 3663 889 dici-

2081 937 2197 976 mus
2220 961 2236 987 ,
2265 935 2370 975 non
2411 930 2467 973 ut
2516 919 2725 973 molesti
2755 928 2809 973 et
2835 921 3045 975 onerosi
3076 922 3231 977 vobis
3259 923 3449 993 simus,
3486 926 3578 982 sed
3606 937 3666 982 ut

2080 1011 2317 1067 dolorem
2346 1016 2583 1063 nostrum
2605 1008 2671 1063 de
2698 1009 2919 1078 segnitie
2946 1018 3121 1065 vestra
3149 1022 3467 1082 conceptum
3500 1015 3659 1071 exhi-

2081 1100 2300 1156 beamus
2326 1117 2339 1153 :
2369 1113 2471 1169 qua
2501 1097 2701 1152 utinam
2722 1112 2820 1152 nos
2840 1112 3027 1153 omnes
3050 1099 3284 1166 liberati,
3308 1102 3663 1172 spiritualium

2081 1206 2258 1247 rerum
2288 1190 2460 1245 studio
2488 1188 2807 1254 haereamus,
2840 1197 2895 1243 et
2926 1189 3161 1245 ctelestia
3187 1193 3327 1247 bona
3358 1209 3661 1266 consequa-

2082 1297 2221 1347 mur,
2250 1281 2413 1352 gratia
2439 1290 2493 1336 et
2516 1280 2841 1350 benignitate
2870 1280 3077 1335 Domini
3098 1284 3264 1338 nostri
3292 1283 3421 1341 Iesu
3437 1285 3659 1355 Christi,

2082 1374 2293 1446 quicum
2320 1374 2462 1427 Patri
2487 1373 2654 1441 gloria
2679 1387 2889 1444 unaque
2908 1372 3129 1443 Spiritui
3148 1386 3357 1445 sancto,
3388 1379 3440 1434 in
3462 1384 3660 1437 saecula

2084 1464 2420 1520 steculorum.
2451 1464 2645 1521 Amen.

411 1594 3633 1633 ..Μ-βψ

1681 1676 2028 1742 HOMILIA
2067 1673 2310 1733 XXXI.

409 1814 499 1869 ‘55.
543 1812 701 1866 Pater
735 1811 900 1881 diligit
927 1808 975 1863 F
977 1809 1139 1873 ilium,
1168 1816 1216 1862 et
1240 1805 1408 1860 omnia
1429 1803 1565 1859 dedit
1592 1803 1645 1855 in
1669 1815 1821 1855 manu
1849 1797 1976 1867 ejus.

474 1902 565 1957 36.
608 1901 708 1967 Qui
737 1900 892 1953 credit
916 1900 967 1951 in
991 1897 1206 1963 Filium,
1230 1896 1375 1949 habet
1402 1894 1556 1947 vitam
1584 1899 1861 1945 azternam:
1891 1883 1980 1955 qui

473 2000 642 2045 autem
670 1988 958 2043 incredulas
983 1995 1053 2042 est
1082 1985 1241 2053 Filio,
1269 2001 1370 2039 non
1389 1981 1569 2038 videbit
1595 1983 1768 2046 vitam,
1789 1977 1875 2031 sed
1900 1975 1978 2028 ira

474 2082 573 2137 Dei
598 2090 763 2135 manet
784 2095 934 2149 super
964 2094 1096 2132 eum.

474 2177 526 2229 1.
567 2174 813 2243 Magnum
826 2169 1295 2241 .attentperationis
1323 2175 1377 2224 et
1403 2162 1744 2235 indulgentia:
1770 2160 1977 2215 lucrum

403 2268 457 2321 in
488 2265 736 2321 omnibus
762 2263 923 2319 rebus
949 2263 1273 2332 experimur.
1306 2259 1395 2315 Sic
1437 2266 1583 2313 artes
1628 2252 1974 2326 perfecimus,

403 2370 510 2411 non
550 2365 769 2423 repente
799 2355 974 2408 omnia
1002 2368 1031 2405 a
1056 2351 1321 2421 magistris
1353 2349 1653 2411 discentes;
1695 2343 1773 2400 sic
1814 2339 1976 2396 urbes

403 2446 819 2511 construxitnus,
850 2443 1045 2498 sensim
1092 2449 1146 2496 et
1193 2438 1443 2510 paulatim
1494 2435 1849 2495 aediﬁcantes;
1898 2431 1976 2484 sic

402 2536 563 2591 vitam
586 2533 1087 2591 sustentamus.Nec
1112 2532 1320 2586 mireris
1344 2531 1388 2585 si
1411 2529 1497 2583 hic
1521 2527 1710 2582 modus
1736 2526 1787 2579 in
1821 2522 1976 2591 hujus

403 2628 525 2680 vita:
552 2626 711 2679 rebus
746 2633 945 2678 tantam
980 2624 1086 2676 vim
1126 2620 1337 2683 habeat,
1367 2618 1576 2689 quando
1603 2617 1654 2670 in
1682 2612 1972 2684 Spirituali-

403 2715 504 2771 bus
532 2730 744 2786 quoque
789 2713 890 2768 hoc
928 2712 1159 2783 prudens
1204 2716 1678 2779 temperamentum
1714 2705 1783 2758 ita
1814 2702 1972 2755 valet.

402 2804 491 2861 Sic
537 2806 603 2860 ab
649 2803 948 2858 idololatria
998 2809 1215 2871 potuere
1258 2798 1425 2854 Judmi
1456 2795 1622 2865 eripi,
1654 2793 1853 2849 sensim
1886 2805 1974 2845 re-

403 2896 544 2951 ducti
571 2913 586 2961 ;
612 2896 701 2966 qui
729 2909 757 2947 a
784 2893 1043 2964 principio
1070 2891 1200 2946 nihil
1228 2890 1452 2945 sublime
1472 2886 1772 2951 audierunt,
1802 2897 1975 2952 neque

403 2998 657 3058 quantum
686 2985 750 3039 ad
782 2986 1050 3055 dogmata,
1084 2998 1256 3053 neque
1282 2989 1536 3051 quantum
1568 2977 1633 3033 ad
1678 2977 1797 3032 vitae
1826 2974 1976 3029 insti-

400 3085 592 3133 tutum.
644 3075 732 3131 Sic
785 3076 944 3131 etiam
994 3083 1117 3144 post
1158 3071 1351 3128 Christi
1400 3070 1715 3133 adventum,
1766 3064 1976 3136 quando

402 3167 771 3223 sublimiorum
815 3165 1120 3235 dogmatum
1165 3172 1376 3232 tempus
1414 3170 1549 3223 erat,
1580 3172 1767 3213 omnes
1806 3157 1976 3212 addu-

404 3258 593 3315 cebant
621 3256 869 3326 apostoli,
901 3255 1028 3309 nihil
1058 3254 1286 3309 sublime
1314 3267 1343 3305 a
1388 3252 1645 3321 principio
1673 3251 1971 3319 loquentes.

403 3348 491 3405 Sic
516 3357 569 3402 et
592 3347 835 3401 Christus
864 3346 1045 3400 multis
1080 3360 1109 3398 a
1137 3343 1395 3413 principio
1424 3342 1581 3396 verba
1612 3341 1854 3396 faciebat.
1886 3338 1975 3393 Sic

400 3435 633 3490 Joannes
660 3450 800 3489 nunc
828 3434 953 3489 fecit
977 3434 1043 3488 de
1070 3434 1158 3486 illo
1184 3433 1333 3502 quasi
1365 3431 1431 3486 de
1456 3429 1683 3484 mirabili
1725 3430 1973 3499 quopiam

405 3525 618 3579 homine
657 3526 901 3593 loquens,
921 3522 1270 3590 sublimiaque
1315 3520 1590 3574 obscurius
1623 3519 1969 3574 interserens.

404 3608 558 3668 Initio
588 3629 813 3683 namque
835 3613 1045 3667 dicebat
1072 3630 1083 3663 :
1116 3610 1236 3665 Non
1267 3618 1425 3680 potest
1458 3610 1606 3663 homo
1635 3626 1666 3662 α
1692 3612 1856 3679 seipso
1886 3626 1973 3663 ac-

400 3704 566 3772 cipere
602 3704 891 3773 quidquam.
928 3701 1126 3756 Deinde
1168 3709 1444 3771 postquam
1477 3698 1673 3768 aliquid
1721 3714 1972 3770 magnum

402 3794 616 3865 adjecit,
649 3794 748 3861 Qui
774 3793 837 3847 de
855 3792 980 3847 cwlo
1004 3794 1155 3858 venit,
1178 3808 1334 3861 supra
1366 3806 1537 3844 omnes
1562 3799 1671 3854 est;
1696 3805 1879 3845 rursus
1907 3791 1972 3845 ad

404 3884 623 3939 humilia
670 3883 966 3950 descendit,
999 3891 1193 3953 praeter
1237 3882 1339 3935 alia
1367 3880 1533 3935 multa
1578 3878 1803 3935 dicens:
1853 3879 1973 3935 Non

400 3976 534 4030 enim
564 3990 626 4029 ea:
653 3990 887 4028 mensura
912 3975 998 4028 dat
1043 3973 1179 4029 Deus
1207 3972 1495 4043 Spiritum;
1541 3980 1723 4042 postea
1766 3985 1970 4037 rursus,

402 4066 562 4121 Pater
592 4066 761 4138 diligit
810 4064 1027 4133 Filium,
1056 4075 1100 4119 et
1150 4065 1318 4119 omnia
1364 4062 1501 4118 dedit
1542 4064 1595 4117 in
1648 4079 1801 4117 manu
1841 4064 1970 4134 ejus.

398 4159 528 4215 Inde
552 4174 671 4213 cum
704 4157 1052 4229 intelligeret,
1085 4165 1284 4212 metum
1310 4154 1554 4226 supplicii
1583 4168 1825 4224 magnam
1867 4154 1971 4207 uti-

399 4249 602 4305 litatem
635 4263 843 4319 parere,
876 4247 1178 4317 multosque
1221 4262 1327 4301 non
1370 4254 1477 4299 tam
1511 4244 1788 4312 promissis
1813 4257 1970 4314 quam

396 4338 897 4394 comminationibus
927 4338 1150 4403 moveri,
1187 4337 1275 4393 hic
1304 4338 1513 4392 tandem
1541 4334 1740 4391 claudit
1767 4350 1973 4392 sermo-

398 4445 519 4484 nem
546 4438 601 4484 ct
629 4429 735 4483 ait:
764 4428 862 4496 Qui
888 4429 1044 4482 credit
1069 4429 1120 4482 in
1146 4427 1337 4482 Filium
1361 4427 1507 4481 habet
1528 4428 1679 4480 vitam
1698 4436 1970 4482 (sternam:

395 4520 481 4588 qui
533 4535 647 4573 vero
686 4536 786 4573 non
830 4519 989 4573 credit
1030 4517 1187 4584 Filio,
1229 4534 1329 4571 non
1368 4517 1550 4571 uidebit
1579 4517 1751 4583 vitam,
1780 4517 1869 4571 sed
1893 4517 1970 4570 ira

399 4610 491 4665 Dei
517 4622 681 4666 manet
706 4628 857 4683 super
896 4627 1029 4664 eum.
1057 4609 1287 4665 Rursum
1337 4608 1425 4662 hic
1475 4608 1542 4663 ad
1586 4609 1797 4663 Patrem
1839 4622 1966 4678 sup-

396 4705 536 4774 plicii
586 4719 887 4761 sermonem
936 4699 1118 4757 refert.
1166 4698 1281 4754 Non
1323 4700 1464 4754 enim
1513 4699 1664 4767 dixit,
1698 4700 1779 4754 Ira
1825 4699 1965 4767 Filii,

395 4796 603 4849 etiamsi
662 4795 751 4850 ille
803 4795 874 4849 sit
895 4793 1094 4863 judex;
1142 4790 1235 4846 sed
1286 4790 1496 4844 Patrem
1548 4792 1880 4856 memoravit,
1914 4798 1969 4845 ut

394 4885 565 4953 magis
605 4894 852 4940 terreret.
876 4884 1013 4939 Num
1041 4898 1169 4953 ergo
1194 4882 1407 4949 sufﬁcit,
1442 4881 1667 4951 inquies,
1696 4883 1748 4937 in
1775 4882 1967 4938 Filium

395 4975 638 5044 credere,
662 4984 721 5030 ut
747 4976 853 5029 vita
877 4985 1076 5029 zeterna
1108 4974 1402 5027 habeatur?
1439 4971 1805 5041 Nequaquam.
1831 4973 1967 5027 Audi

395 5066 667 5121 Christum
716 5066 819 5121 hoc
866 5066 1037 5135 ipsum
1089 5065 1445 5120 declarantem
1494 5062 1576 5117 his
1607 5063 1803 5128 verbis,
1846 5061 1969 5116 Non

395 5155 558 5209 omnis
584 5157 669 5227 qui
695 5156 815 5210 dicit
854 5156 998 5222 mihi,
1038 5154 1270 5223 Domine,
1304 5153 1535 5219 Domine,
1564 5152 1769 5206 intrabit
1807 5152 1859 5205 in
1884 5168 1968 5205 re-

392 5262 551 5317 gnum
573 5250 808 5302 caelorum
835 5245 1045 5322 (Matth.
1079 5246 1130 5299 7.
1159 5243 1288 5318 2i);
1321 5254 1374 5299 et
1400 5242 1729 5312 blasphemia
1761 5242 1812 5296 in
1845 5241 1966 5311 Spi-

395 5338 555 5391 ritum
585 5338 779 5393 sufﬁcit
802 5348 859 5392 ut
883 5338 934 5392 in
962 5336 1256 5407 gehennam
1280 5337 1397 5405 quis
1423 5333 1752 5388 detrudatur.

469 5423 625 5481 Fides
668 5428 774 5482 sine
822 5429 923 5481 vita
952 5428 1082 5481 bona
1122 5427 1250 5480 nihil
1279 5425 1503 5497 prodest.
1538 5422 1703 5492 Illud,
1749 5425 1824 5478 ira
1852 5438 1966 5477 ma-

395 5526 485 5573 net
510 5532 672 5588 super
699 5533 842 5584 eum,
876 5533 1070 5587 plenam
1109 5526 1349 5570 retentam
1375 5515 1621 5586 designat.
1642 5544 1712 5555 —-
1742 5514 1807 5568 Et
1842 5514 1967 5583 quid

392 5607 512 5661 ilico
539 5609 605 5663 de
639 5618 786 5678 parte
812 5606 1110 5678 dogmatis?
1152 5604 1286 5660 Nam
1315 5614 1369 5659 et
1392 5607 1436 5660 si
1470 5607 1588 5676 quis
1618 5615 1761 5661 recte
1787 5605 1969 5660 credat

393 5697 448 5751 in
472 5697 679 5754 l‘atrcm
711 5711 762 5754 et
792 5698 985 5753 Filium
1007 5707 1061 5751 et
1078 5695 1331 5764 Spiritum
1355 5698 1673 5762 sanctutn,si
1697 5706 1840 5754 recte
1863 5713 1965 5751 nou

2082 1792 2248 1857 vivat,
2265 1789 2396 1844 nihil
2421 1790 2515 1860 ipsi
2542 1789 2675 1844 ﬁdes
2698 1789 2934 1859 proderit
2950 1790 3014 1846 ad
3037 1792 3278 1847 salutem.
3294 1794 3433 1864 Ergo
3450 1796 3654 1866 quando

2082 1882 2233 1947 dicit,
2266 1880 2392 1935 Ilwc
2420 1889 2491 1933 est
2518 1881 2649 1933 enim
2693 1881 2792 1934 vita
2819 1892 3027 1951 azterna,
3058 1892 3113 1934 ut
3140 1896 3443 1953 cognoscant
3488 1897 3534 1940 te
3575 1904 3656 1941 so-

2082 1972 2191 2025 lum
2232 1985 2402 2024 verum
2428 1967 2591 2022 Deum
2624 1968 2798 2035 (Joan.
2841 1972 2926 2024 17.
2956 1972 3037 2038 5),
3062 1986 3129 2027 ne
3155 1981 3398 2043 putemus
3430 1976 3478 2030 id
3504 1977 3657 2031 nobis

2081 2062 2147 2116 ad
2179 2062 2403 2116 salutem
2433 2061 2561 2116 satis
2583 2076 2719 2116 esse.
2745 2060 2891 2132 Opus
2916 2078 3140 2133 namque
3168 2065 3318 2119 nobis
3341 2075 3421 2120 est
3450 2075 3505 2122 et
3534 2068 3656 2122 vita:

2080 2162 2135 2209 et
2166 2168 2370 2208 morum
2404 2153 2646 2206 instituto
2686 2153 2913 2223 probo‘.
2960 2153 3026 2208 Et
3067 2154 3109 2208 si
3159 2153 3242 2208 hic
3286 2156 3499 2221 dixerit,
3551 2158 3654 2225 Qui

2080 2243 2239 2297 credit
2275 2243 2329 2296 in
2367 2241 2580 2307 Filium,
2624 2243 2770 2297 habet
2816 2245 2971 2297 vitam
3010 2253 3283 2307 aeternam;
3326 2262 3511 2301 verum
3562 2264 3653 2304 sco

2080 2336 2295 2402 quentia
2319 2332 2685 2387 vehementius
2735 2333 2974 2402 protulit.
3018 2333 3196 2403 Neque
3226 2335 3369 2389 enim
3409 2352 3475 2391 ex
3500 2337 3656 2395 bonis

2084 2433 2307 2489 tantum,
2341 2424 2433 2479 sed
2460 2425 2618 2479 etiam
2648 2439 2711 2479 ex
2740 2424 3023 2479 contrariis
3053 2439 3357 2480 sermonem
3384 2429 3653 2494 contexit;

2080 2522 2133 2569 et
2158 2516 2279 2569 vide
2317 2530 2423 2585 quo
2451 2524 2626 2584 pacto.
2670 2514 2835 2570 Infert
2860 2517 3024 2582 enim,
3059 2516 3158 2582 Qui
3186 2533 3285 2571 non
3313 2518 3469 2572 credit
3495 2518 3651 2584 Filio,

2080 2620 2179 2657 non
2206 2604 2387 2658 videbit
2423 2605 2596 2670 vitam,
2622 2605 2711 2658 sed
2740 2607 2817 2657 ira
2856 2604 2952 2659 Dei
2982 2615 3148 2658 manet
3178 2623 3327 2673 super
3345 2623 3473 2660 eum.
3506 2609 3654 2663 Aua-

2080 2708 2201 2748 men
2224 2708 2327 2747 non
2356 2693 2481 2749 hinc
2502 2694 2802 2761 inferimus,
2827 2696 2991 2750 solam
3017 2695 3176 2749 ﬁdem
3201 2696 3267 2750 ad
3292 2698 3513 2754 salutem
3535 2714 3655 2757 esse

2080 2785 2243 2851 satis;
2276 2785 2415 2855 quod
2449 2786 2703 2855 probatur
2730 2801 2795 2841 ex
2821 2786 2976 2841 dictis
3002 2788 3328 2857 evangelicis
3371 2789 3658 2861 frequenti-

2082 2874 2201 2941 bus,
2228 2875 2421 2929 bonam
2440 2877 2603 2932 vitam
2638 2878 3023 2947 spectantibus.
3052 2879 3174 2935 Ideo
3199 2896 3305 2935 non
3335 2881 3487 2949 dixit,
3536 2883 3659 2939 lltec

2079 2966 2189 3020 sola
2217 2974 2299 3020 est
2324 2966 2428 3020 vita
2468 2975 2688 3032 aeterna,
2718 2983 2910 3037 neque,
2944 2968 2992 3023 Is
3014 2970 3103 3039 qui
3131 2972 3467 3027 solummodo
3492 2974 3660 3029 credit

2081 3055 2133 3109 in
2166 3055 2380 3121 Filium,
2417 3057 2576 3111 habet
2601 3058 2763 3112 vitam
2803 3068 3094 3125 mternam;
3125 3060 3219 3115 sed
3250 3062 3302 3114 in
3334 3072 3557 3132 utroque
3580 3064 3658 3116 vi-

2081 3154 2188 3201 tam
2215 3162 2333 3203 esse
2360 3148 2637 3218 signiﬁcat.
2670 3148 2829 3204 Certe
2856 3150 2900 3204 si
2931 3152 3036 3205 vita
3063 3153 3225 3222 proba
3255 3168 3357 3207 non
3387 3164 3654 3225 sequatur.

2080 3252 2327 3307 magnum
2382 3248 2634 3308 sequetur
2686 3241 3026 3309 supplicium.
3079 3242 3261 3312 Neque
3302 3244 3455 3310 dixit,
3484 3245 3659 3301 Manet

2079 3342 2224 3392 eum,
2255 3327 2368 3393 sed,
2398 3328 2569 3382 Manet
2598 3345 2750 3399 super
2775 3346 2921 3395 eum;
2966 3330 3246 3387 declarans
3272 3349 3555 3404 numquam
3591 3336 3660 3391 ab

2079 3430 2147 3471 eo
2184 3417 2541 3471 discessuram
2592 3419 2724 3473 iram
2768 3435 2909 3475 esse.
2938 3420 3015 3475 Ne
3056 3430 3274 3492 putares
3319 3425 3460 3478 enim
3506 3425 3657 3494 illud,

2082 3507 2205 3561 Non
2247 3508 2426 3563 videbit
2470 3512 2641 3579 vitam,
2672 3520 2898 3568 mortem
2948 3523 3342 3585 temporaneam
3383 3517 3656 3583 indicare;

2080 3597 2173 3652 sed
2205 3598 2452 3653 crederes
2481 3609 2792 3670 perpetuum
2814 3618 2934 3658 esse
2963 3606 3297 3674 supplicium,
3332 3606 3435 3663 hoc
3456 3608 3655 3665 dictum

2079 3689 2279 3758 posuit,
2311 3700 2367 3742 ut
2406 3691 2716 3747 ostenderet
2761 3693 2909 3747 illam
2952 3704 3207 3766 perpetuo
3236 3713 3450 3753 manere
3490 3710 3542 3755 et
3572 3701 3655 3755 in-

2080 3778 2273 3835 sidere.
2325 3780 2456 3836 lllud
2500 3792 2682 3837 autem
2714 3782 2854 3850 fecit,
2889 3793 2949 3840 ut
2989 3802 3084 3856 per
3111 3786 3224 3843 haec
3265 3789 3442 3845 omnia
3485 3792 3651 3847 verba

2080 3870 2223 3942 ipsos
2267 3871 2333 3927 ad
2361 3872 2633 3929 Christum
2677 3875 2993 3945 impelleret.
3045 3877 3375 3950 Quapmpter
3430 3896 3537 3935 non
3584 3882 3653 3937 ad

2081 3962 2200 4018 illos
2226 3964 2469 4033 privatim
2509 3967 2709 4021 monita
2754 3967 2952 4039 dirigit,
2978 3971 3071 4025 sed
3104 3972 3159 4024 in
3183 3973 3469 4037 communi,
3497 3982 3552 4027 et
3599 3984 3656 4029 ut

2080 4054 2310 4109 maxime
2356 4053 2501 4124 ipsos
2544 4057 2758 4113 allicere
2808 4068 3037 4128 poterat.
3079 4060 3192 4114 Non
3238 4061 3378 4115 enim
3417 4061 3569 4128 dixit,
3599 4064 3653 4119 Si

2080 4142 2331 4209 credatis,
2354 4143 2411 4198 Si
2440 4160 2545 4199 non
2571 4146 2803 4201 credatis
2827 4162 2841 4210 ;
2878 4149 2971 4203 sed
3000 4150 3052 4202 in
3102 4151 3369 4204 communi
3399 4152 3652 4222 loquitur,

2081 4242 2138 4287 ut
2165 4248 2282 4303 qua:
2309 4232 2558 4289 dicuntur
2587 4235 2714 4290 nulli
2746 4236 2851 4290 sint
2879 4237 3165 4308 suspicioni
3189 4239 3415 4295 obnoxia
3447 4259 3460 4295 :
3500 4241 3657 4311 idque

2080 4322 2202 4379 fecit
2230 4323 2620 4392 vehementius,
2652 4342 2809 4397 quam
2837 4327 3102 4384 Christus.
3135 4328 3265 4384 Nam
3294 4329 3538 4385 Christus
3575 4333 3657 4385 di-

2079 4417 2169 4480 cit,
2199 4415 2298 4480 Qui
2320 4433 2419 4471 non
2441 4417 2620 4483 credit,
2636 4420 2750 4489 jam
2768 4420 3032 4489 judicatus
3053 4431 3165 4487 est;
3195 4421 3281 4477 hic
3305 4432 3505 4489 autem,
3536 4421 3656 4477 Non

2078 4506 2259 4559 videbit
2301 4508 2473 4575 vitam,
2503 4508 2593 4562 sed
2620 4510 2699 4563 ira
2729 4510 2823 4563 Dei
2863 4520 3030 4564 manet
3077 4528 3231 4582 super
3275 4528 3425 4578 eum;
3456 4522 3511 4569 et
3536 4514 3659 4584 jure

2077 4598 2313 4669 quidem.
2341 4599 2528 4670 Neque
2557 4602 2696 4657 enim
2729 4602 2866 4657 idem
2889 4612 2972 4657 est
3013 4603 3244 4674 aliquem
3277 4605 3344 4660 de
3370 4607 3547 4675 seipso
3578 4606 3659 4659 lo.

2077 4688 2189 4758 qui,
2219 4698 2274 4744 et
2313 4690 2537 4746 alterum
2568 4692 2634 4747 de
2663 4693 2773 4747 illo.
2804 4692 2936 4747 Nam
2965 4693 3237 4748 Christum
3289 4705 3561 4764 putassent
3591 4713 3657 4752 ex

2076 4779 2365 4835 ambitione
2384 4790 2437 4835 et
2460 4781 2595 4836 fastu
2621 4798 2763 4853 saepe
2785 4783 2906 4837 talia
2934 4784 3105 4853 loqui:
3135 4785 3371 4839 Joannes
3399 4800 3528 4841 vero
3558 4786 3659 4841 hac

2076 4874 2293 4926 carebat
2334 4873 2658 4942 suspicione.
2693 4873 2845 4941 Quod
2884 4876 2928 4929 si
2974 4883 3159 4943 postea
3203 4875 3447 4932 Christus
3490 4876 3660 4932 vehe-

2077 4960 2341 5016 mentiore
2368 4976 2496 5016 usus
2523 4972 2607 5018 est
2650 4980 2919 5031 sermone,
2947 4965 2997 5020 id
3030 4974 3154 5020 tunc
3184 4965 3327 5033 fecit,
3353 4969 3563 5037 quando
3591 4969 3661 5025 de

2078 5050 2193 5121 ipso
2213 5065 2455 5120 magnam
2482 5051 2746 5108 habebant
2773 5057 3097 5122 opinionem.
3124 5054 3275 5127 (Cap.
3293 5058 3349 5127 Δ)
3371 5059 3419 5111 l.
3446 5056 3515 5112 Ut
3538 5074 3660 5128 ergo

2077 5142 2301 5211 cognovit
2340 5140 2512 5207 Jesus,
2542 5144 2661 5213 quia
2697 5145 2967 5219 audiprnnt
3007 5146 3280 5214 Pharisazi,
3323 5146 3457 5213 quod
3501 5147 3662 5202 Jesus

2076 5230 2247 5301 plures
2284 5232 2562 5301 discipulos
2591 5234 2733 5304 facit,
2766 5243 2815 5287 et
2851 5234 3106 5305 baptisat,
3138 5253 3285 5305 quam
3312 5235 3538 5291 Joannes
3569 5236 3657 5308 (2.

2074 5336 2376 5390 quamquam
2400 5319 2550 5376 Jesus
2580 5338 2680 5376 non
2710 5322 3008 5393 baptisaret,
3039 5326 3127 5379 sed
3151 5326 3387 5393 discipuli
3410 5328 3575 5397 ejus),
3601 5328 3657 5382 3.

2074 5415 2274 5467 secessit
2302 5429 2367 5468 ea:
2393 5414 2599 5481 Judtea,
2640 5426 2686 5468 et
2715 5416 2844 5467 venit
2881 5415 2933 5468 in
2966 5414 3256 5474 Galilaram.
3291 5418 3405 5490 Ipse
3443 5419 3662 5490 quidem

2076 5519 2181 5560 non
2224 5505 2478 5575 baptizat,
2508 5507 2602 5561 sed
2652 5507 2823 5561 nuntii
2863 5522 2984 5563 cum
3027 5509 3226 5565 vellent
3274 5513 3529 5583 majorem
3582 5514 3663 5570 illi

2076 5594 2327 5649 invidiam
2349 5594 2604 5659 conflare,
2631 5596 2699 5648 ita
2727 5594 3049 5652 referebant.
3070 5600 3200 5665 Cur,
3236 5603 3459 5671 inquies,
3484 5616 3660 5658 seces-

2143 5710 2156 5738 ¹
2194 5705 2339 5759 savii.
2374 5703 2512 5768 legit,
2547 5717 2732 5755 morum
2757 5701 2963 5757 instituto
2982 5708 3257 5771 purissimo.
