4012 6198
628 298 721 352 179

620 409 732 462 llue
763 408 937 477 itaque
963 405 1203 463 Christus
1230 405 1403 466 venit,
1432 402 1643 457 mollem
1674 411 1727 456 et
1756 399 2005 455 lascivum
2029 400 2188 452 vitam

620 515 831 569 semper
857 499 1093 569 abigens,
1118 496 1433 550 laboriosam
1468 507 1591 549 vero
1614 502 1668 548 et
1693 502 1893 546 arctam
1916 489 2187 543 inducens.

621 591 735 645 Non
759 588 900 644 enim
928 584 1290 658 subjugalibus
1310 600 1435 640 usus
1465 592 1569 650 est,
1610 582 1707 639 sed
1733 582 1803 636 ita
1834 580 2045 634 assidue
2091 578 2193 631 iter

618 684 747 752 agit,
774 691 831 736 ut
853 680 1189 750 defatigetur.
1211 678 1321 733 Hoc
1342 677 1538 745 ubique
1561 674 1738 739 docet,
1766 683 1821 727 ut
1846 672 1944 727 sibi
1972 670 2193 740 quisque

619 782 891 841 operetur,
923 787 1022 826 nec
1050 780 1251 841 quaerat
1271 767 1556 839 superﬂua,
1588 782 1687 823 nec
1717 766 1895 820 multis
1922 772 2092 833 egeat.
2118 762 2191 815 lta

622 878 781 931 porro
808 862 920 916 vult
946 876 1042 916 nos
1071 876 1100 915 a
1126 859 1528 931 supervacaneis
1560 858 1763 912 alienos
1792 869 1930 921 esse,
1956 862 2012 909 ut
2033 853 2190 908 etiam

622 954 782 1006 multa
808 953 1103 1007 necessaria
1133 958 1450 1020 amputaret.
1499 948 1622 1002 Ideo
1669 945 1881 1000 dicebat
1930 961 1944 997 :
2009 942 2192 1011 Vulpes

624 1046 791 1109 foveas
823 1042 1025 1105 habent,
1054 1050 1099 1095 et
1127 1042 1349 1093 volucres
1378 1039 1488 1093 caeli
1509 1038 1652 1091 nidos
1676 1052 1695 1101 ;
1723 1035 1770 1088 F
1774 1036 1887 1088 ilius
1913 1043 2079 1086 autem
2104 1032 2194 1084 ho-

621 1132 771 1185 minis
817 1150 915 1186 non
951 1132 1096 1185 habet
1134 1131 1216 1184 ubi
1266 1137 1415 1200 caput
1452 1129 1652 1181 reclinet
1706 1124 1929 1195 (Matth.
1969 1124 2021 1178 8.
2061 1122 2189 1190 20).

621 1223 877 1288 Quocirca
927 1222 977 1275 in
1007 1221 1273 1276 montibus
1301 1232 1443 1289 saepe
1469 1227 1712 1272 versatur
1739 1224 1794 1270 et
1837 1215 1892 1268 iu
1936 1212 2191 1278 desertis,

625 1330 729 1369 non
776 1313 1002 1367 interdiu
1056 1322 1279 1375 tantum,
1329 1310 1424 1365 sed
1465 1310 1625 1365 etiam
1672 1316 1854 1362 noctu.
1904 1305 2014 1359 lloc
2034 1303 2191 1358 etiam

632 1404 795 1459 David
824 1403 1186 1474 prrenuntians
1226 1400 1453 1465 dicebat,
1503 1399 1581 1454 De
1609 1405 1826 1452 torrente
1872 1397 1926 1449 in
1962 1394 2042 1449 via
2066 1393 2193 1448 bibet

627 1498 808 1566 (Psal.
841 1497 963 1552 109.
997 1496 1103 1565 7),
1134 1505 1190 1550 ut
1214 1497 1328 1563 ejus
1354 1493 1650 1563 expeditam
1673 1491 1792 1547 vita:
1815 1489 2071 1542 rationem
2102 1484 2194 1539 de-

622 1597 962 1643 monstraret.
994 1587 1224 1657 ldipsum
1258 1586 1344 1640 hic
1368 1584 1600 1640 Joannes
1638 1581 1837 1637 indicat
1863 1596 1876 1632 :
1899 1577 2053 1632 Iesus
2077 1591 2192 1646 ergo

622 1681 861 1749 fatigatus
885 1695 947 1733 ex
973 1679 1166 1744 itinere,
1197 1676 1392 1731 sedebat
1420 1678 1490 1731 sic
1509 1692 1658 1745 super
1683 1678 1891 1738 fontem.
1918 1669 2063 1723 Hora
2088 1676 2193 1722 erat

622 1770 764 1837 quasi
788 1779 946 1823 sexta.
967 1770 1019 1823 7.
1051 1766 1195 1822 Venit
1220 1768 1398 1821 mulier
1417 1766 1480 1821 de
1508 1764 1746 1820 Samaria
1767 1762 1967 1816 haurire
1988 1775 2190 1830 aquam.

622 1858 758 1913 Dicit
783 1861 828 1914 ei
846 1859 996 1914 Jesus
1024 1875 1043 1913 :
1064 1858 1145 1911 Da
1168 1859 1289 1911 mihi
1315 1858 1492 1911 bibere.
1519 1857 1570 1912 8.
1604 1854 1857 1923 Discipuli
1897 1863 2060 1906 autem
2086 1852 2194 1921 ejus

622 1951 846 2004 abierant
885 1953 939 2004 in
978 1951 1164 2020 forum,
1194 1960 1250 2003 ut
1272 1950 1406 2005 cibos
1438 1957 1672 2004 emerent.
1706 1946 1837 2000 Hinc
1858 1944 1971 2013 ejus
1991 1942 2194 2013 patien—

625 2045 750 2098 tiam
778 2043 829 2097 in
853 2043 1119 2113 carpendo
1138 2043 1348 2108 itinere,
1374 2050 1429 2097 et
1456 2042 1693 2097 ciborum
1721 2038 2017 2108 neglectum
2037 2034 2194 2089 disci-

624 2149 763 2199 mus,
815 2143 870 2189 et
893 2148 1047 2204 quam
1080 2134 1252 2189 obiter
1289 2134 1410 2189 huic
1438 2133 1513 2188 rei
1546 2132 1636 2187 det
1660 2144 1875 2200 operam
1898 2145 1911 2192 ;
1936 2128 2011 2181 sic
2030 2127 2193 2181 disci-

625 2225 731 2293 puli
761 2239 971 2295 quoque
994 2240 1080 2279 res
1104 2238 1227 2279 suas
1261 2232 1487 2279 tractare
1527 2222 1847 2277 didicerunt.
1891 2220 2006 2275 Non
2051 2220 2191 2274 enim

624 2320 811 2374 viatica
841 2335 1021 2375 secum
1048 2321 1361 2376 sumebant:
1393 2320 1532 2390 quod
1560 2320 1695 2375 alter
1731 2320 1926 2374 indicat
1964 2330 2193 2386 evange-

624 2409 743 2463 lista
775 2408 993 2478 (Matth.
1022 2410 1107 2464 16.
1141 2411 1198 2465 ll
1223 2411 1263 2481 j,
1291 2425 1409 2465 cum
1432 2410 1499 2465 de
1522 2409 1781 2467 fermento
1808 2409 2191 2463 Pharismorum

624 2502 752 2571 ipsis
779 2499 1104 2572 loqueretur,
1135 2501 1272 2572 quod
1296 2502 1367 2557 illi
1392 2503 1589 2559 dictum
1634 2502 1906 2573 putabant,
1939 2499 2059 2569 quia
2105 2513 2193 2566 pa-

626 2609 720 2648 nes
750 2609 853 2648 non
899 2602 1254 2663 sumpserant.
1286 2593 1498 2648 Etcum
1542 2594 1841 2648 esurientes
1878 2590 2112 2653 inducit,
2140 2598 2194 2644 et

622 2685 796 2752 spicas
819 2685 1073 2741 vellentes
1103 2694 1156 2739 ut
1182 2685 1433 2751 ederent;
1479 2699 1543 2739 ac
1570 2699 1687 2738 cum
1717 2683 1847 2737 dicit
1883 2697 2024 2745 eum,
2051 2680 2192 2751 quod

620 2771 866 2835 esuriret,
886 2775 951 2827 ad
972 2776 1125 2829 ticum
1157 2775 1365 2830 venisse
1398 2793 1411 2829 :
1443 2773 1573 2828 nihil
1598 2772 1742 2827 aliud
1780 2772 1865 2826 bis
1890 2786 1987 2825 nos
2016 2770 2188 2836 docet,

620 2880 780 2935 quam
810 2875 1045 2921 ventrem
1073 2882 1192 2923 esse
1218 2867 1362 2936 parvi
1389 2865 1744 2937 pendendum,
1777 2880 1877 2919 uec
1904 2864 2048 2917 illum
2073 2873 2190 2917 tan-

623 2965 806 3025 topere
832 2958 1121 3013 curandum
1143 2973 1281 3014 esse.
1300 2958 1589 3013 Considera
1620 2958 1705 3012 hic
1724 2973 1934 3029 quoque
1963 2957 2079 3011 illos
2107 2959 2189 3011 ni-

622 3044 696 3101 hil
721 3046 977 3115 attulisse,
1006 3062 1176 3118 neque
1205 3058 1378 3102 tamen
1410 3048 1527 3103 ideo
1549 3049 1723 3103 statim
1751 3064 1781 3103 a
1804 3048 2063 3119 principio
2087 3048 2190 3102 diei

623 3136 758 3192 hanc
792 3153 903 3192 rem
957 3153 1163 3202 curare,
1211 3138 1305 3193 sed
1348 3153 1469 3194 cum
1510 3137 1639 3193 hora
1696 3139 1904 3208 prandii
1942 3139 2187 3202 advenit,

623 3242 775 3282 escas
829 3237 1061 3297 emptum
1089 3228 1185 3284 ire.
1215 3228 1321 3284 Nos
1368 3245 1495 3285 vero
1523 3238 1707 3284 contra
1755 3230 1932 3285 statim
1976 3238 2134 3299 atque
2162 3243 2190 3283 a

622 3316 759 3371 lecto
787 3320 1134 3384 surreximus,
1157 3329 1280 3373 ante
1308 3321 1483 3374 omnia
1531 3320 1644 3375 lucc
1671 3334 1936 3385 curamus,
1987 3334 2188 3389 coquos

618 3418 673 3463 et
720 3424 983 3478 caupones
1033 3410 1387 3475 acccrsimus,
1439 3409 1595 3480 idque
1640 3425 1833 3482 magno
1871 3426 1990 3466 cum
2017 3411 2190 3466 studio

621 3500 826 3569 agimus
856 3521 869 3556 :
897 3511 950 3556 et
977 3512 1094 3570 post
1115 3501 1227 3555 lucc
1255 3502 1359 3555 alia
1383 3517 1649 3568 curamus,
1694 3503 1808 3557 haec
1834 3517 2044 3572 semper
2068 3520 2181 3558 car-

625 3593 763 3647 nalia
791 3592 1154 3663 spiritualibus
1178 3602 1582 3665 anteponentes,
1606 3603 1661 3648 et
1688 3610 1805 3664 qua:
1835 3594 2192 3664 perfunctorie

624 3685 894 3740 tractanda
916 3696 1085 3749 erant,
1131 3687 1279 3756 quasi
1322 3686 1621 3741 necessaria
1662 3695 2034 3756 exsequentes.
2069 3687 2192 3743 ideo

622 3779 799 3832 omnia
857 3786 1177 3847 prmpostere
1232 3786 1477 3848 aguntur.
1521 3776 1717 3833 Contra
1761 3776 1980 3832 omnino
2033 3793 2191 3849 agere

621 3868 876 3937 aportuit,
900 3868 1246 3937 spiritualium
1269 3883 1509 3938 magnam
1528 3868 1725 3925 habere
1754 3870 2012 3925 rationem
2038 3886 2052 3937 ;
2076 3870 2194 3941 qui.

622 3960 721 4015 bus
750 3959 1017 4030 perlectis,
1048 3960 1163 4016 haec
1196 3962 1452 4031 attingere
1479 3976 1575 4033 par
1605 3961 1723 4017 fuit.

693 4053 919 4108 Christus
969 4054 1192 4124 muplo
1234 4055 1374 4107 docet
1415 4055 1601 4124 fastum
1626 4071 1730 4110 esse
1772 4055 2091 4110 calcandum.
2123 4085 2191 4095 --

621 4147 757 4204 llinc
789 4162 946 4217 porro
986 4162 1089 4202 non
1118 4146 1359 4201 laborum
1393 4147 1673 4202 tolerantia
1716 4146 1874 4202 modo
1896 4148 1946 4201 in
1977 4146 2189 4202 Christo

621 4241 969 4305 observanda,
997 4241 1089 4296 sed
1134 4241 1291 4297 etiam
1323 4250 1574 4311 quantum
1619 4248 1763 4295 esset
1800 4255 1829 4295 a
1878 4239 2016 4295 fastu
2057 4239 2189 4296 alie-

622 4348 758 4395 nus;
786 4348 888 4386 non
912 4340 1114 4386 tantum
1144 4331 1282 4401 quod
1312 4330 1557 4401 fatigatus
1577 4339 1739 4395 esset,
1786 4330 1925 4400 quod
1974 4331 2191 4386 sederet

622 4436 778 4476 secus
802 4422 936 4475 viam
962 4438 976 4486 ;
1018 4422 1112 4475 sed
1144 4422 1303 4475 etiam
1333 4421 1474 4491 quod
1502 4421 1647 4477 solus
1679 4421 1895 4477 relictus
1945 4429 2109 4485 esset,
2138 4429 2190 4475 et

621 4511 865 4581 discipuli
891 4511 1008 4583 ejus
1036 4511 1424 4569 discessissent.
1460 4512 1616 4582 Atqui
1658 4521 1883 4581 poterat,
1914 4511 1956 4565 si
1987 4511 2186 4565 voluis—

619 4612 723 4667 set,
749 4612 842 4658 aut
872 4619 974 4659 non
1013 4620 1200 4659 omnes
1236 4604 1461 4666 misisse,
1518 4604 1881 4672 autprol‘ectis
1919 4603 2028 4656 illis
2056 4602 2187 4656 alios

621 4694 818 4749 habere
863 4695 1159 4758 ministros;
1188 4692 1281 4746 sed
1312 4692 1495 4746 noluit.
1532 4692 1737 4745 Etenim
1778 4692 2069 4761 discipulos
2109 4691 2185 4745 sic

619 4786 997 4839 assuelaciebat
1022 4784 1086 4839 ad
1123 4784 1313 4838 fastum
1339 4798 1551 4837 onmem
1589 4781 1920 4836 ealcandum.
1965 4783 2031 4836 Et
2060 4782 2185 4851 quid

616 4876 833 4939 mirum,
863 4874 1052 4929 dixerit
1095 4874 1230 4928 forte
1256 4874 1535 4943 quispiam,
1592 4870 1637 4925 si
1687 4870 1943 4925 moderati
1990 4879 2182 4938 erant,

616 4982 735 5021 cum
761 4967 1044 5035 piscatores
1069 4977 1267 5031 essent,
1289 4971 1377 5020 aut
1393 4964 1732 5018 tentoriorum
1749 4961 2002 5032 opiﬁces?
2023 4962 2185 5017 Erant

616 5059 864 5127 equidem
884 5058 921 5106 ιε
944 5072 1124 5110 verum
1153 5058 1330 5111 statim
1358 5054 1423 5109 ad
1444 5054 1626 5109 caelum
1654 5052 1950 5109 evolarunt.
1976 5062 2027 5106 et
2045 5054 2181 5121 regi-

616 5149 715 5203 bus
745 5149 997 5203 clariores
1041 5157 1344 5212 evaserunt,
1373 5144 1657 5200 familiares
1699 5160 1890 5211 nempe
1916 5144 2036 5198 lacti
2067 5144 2184 5198 uui-

615 5240 755 5294 versi
783 5240 926 5294 orbis
964 5239 1190 5304 Domini,
1234 5246 1287 5293 et
1334 5235 1628 5292 admirandi
1677 5234 1914 5305 magistri
1943 5234 2179 5288 asseclzn.

613 5328 771 5385 Scitis
799 5338 972 5383 autem
996 5344 1088 5384 eos
1114 5330 1202 5398 qui
1228 5344 1291 5382 ex
1334 5326 1617 5382 humiliore
1644 5325 1812 5394 gradu
1851 5324 1915 5379 ad
1952 5323 2181 5392 dignita-

614 5432 695 5475 tes
726 5421 1058 5491 perveniunt,
1092 5421 1293 5473 facilius
1320 5420 1370 5474 in
1398 5420 1750 5489 arrogantiam
1777 5417 1973 5482 eﬂ‘erri,
2003 5425 2182 5484 utpote

612 5512 702 5582 qui
729 5522 884 5567 antea
916 5512 1131 5566 honoris
1156 5521 1400 5580 expertes
1426 5520 1623 5567 essent.
1668 5509 1724 5564 In
1752 5509 1848 5564 hac
1880 5508 2035 5579 igitur
2064 5507 2180 5563 illos

675 5692 694 5724 ⁸
729 5691 862 5751 Haec,
887 5698 1019 5741 erant
1040 5685 1280 5751 equidem,
1306 5702 1332 5739 δ
1363 5684 1721 5737 ttontelalconio
1749 5700 1839 5735 non
1870 5687 1995 5736 lecta
2014 5696 2140 5736 sunt.

1362 292 1418 348 S.
1459 289 1735 347 JOANNIS
1772 285 2235 344 CHRYSOSTOMI
2268 285 2581 341 ARCIllEP.
2623 286 3151 345 CONSTANTINOP.
3746 298 3818 351 lfil

2299 396 2597 454 humilitate
2621 402 2919 464 continens,
2940 401 3117 457 docuit
3137 417 3229 457 eos
3256 412 3312 457 ut
3333 417 3425 473 per
3441 405 3609 459 omnia
3636 410 3814 463 modest

2300 500 2354 545 et
2399 489 2628 545 humiles
2658 503 2856 559 essent,
2907 508 2967 547 ac
2994 509 3278 564 numquam
3328 495 3579 551 ministris
3621 512 3820 567 egeri-nt.

2298 581 2415 651 Ipse
2431 591 2628 647 autem,
2657 584 2841 653 inquit,
2874 584 3135 655 Fatigatus
3166 601 3228 639 ex
3255 587 3449 653 itinere,
3480 589 3664 642 sedebat
3687 592 3749 643 sic
3777 610 3819 642 at

2299 671 2507 739 fontem.
2537 671 2719 725 Viden‘
2749 673 2951 727 sedisse
2982 674 3128 727 illum
3161 674 3352 730 laboris
3380 685 3433 731 et
3477 688 3628 731 a-stus
3660 694 3801 733 causa

2298 758 2363 811 ad
2392 758 2680 829 discipulos
2720 762 3135 829 exspectandus?
3159 761 3323 818 Norat
3349 764 3540 835 quippe
3568 767 3679 835 quid
3707 783 3814 822 esse

2299 848 2645 905 Samaritanis
2692 861 3026 907 eventurum.
3056 851 3171 907 Non
3201 864 3375 908 tamen
3398 855 3484 908 illa
3512 859 3754 926 przecipue
3778 859 3822 911 dt

2296 955 2452 995 causa
2484 950 2730 1008 venerat;
2761 957 2950 1012 neque,
2985 943 3191 997 etiamsi
3212 943 3356 999 eade
3375 959 3530 998 causa
3558 961 3652 999 non
3680 948 3822 1001 venis

2297 1042 2391 1097 set,
2438 1032 2742 1101 repellenda
2785 1034 3092 1087 muliercula
3144 1034 3229 1088 illa
3277 1044 3411 1102 erat,
3464 1052 3578 1106 qum.
3620 1052 3672 1092 se
3715 1039 3822 1093 adet

2297 1123 2533 1178 discendi
2564 1123 2809 1191 cupidam
2835 1124 3092 1180 exhibuit.
3121 1124 3290 1180 Judmi
3341 1128 3481 1181 enim
3517 1128 3676 1197 ipsum
3698 1130 3756 1183 ad
3788 1147 3822 1183 St

2298 1214 2595 1268 venientem
2642 1215 3005 1284 repellebant;
3036 1217 3259 1286 gentiles
3291 1229 3475 1273 contra
3507 1220 3607 1275 alio
3647 1223 3824 1287 prolici-

2298 1316 2529 1363 tcentem
2552 1308 2617 1363 ad
2643 1324 2702 1365 se
2720 1309 3016 1365 trahebant.
3041 1308 3117 1365 Illi
3134 1311 3454 1376 invidebant,
3477 1313 3526 1366 lii
3547 1314 3813 1369 credebant

2297 1400 2371 1453 illi
2396 1400 2819 1470 indignabantur,
2863 1402 2914 1456 hi
2963 1402 3287 1457 mirabantur
3311 1414 3364 1458 et
3386 1404 3683 1460 adorabant.
3714 1406 3823 1473 Quh

2296 1493 2455 1561 ergo?
2480 1493 2823 1562 oportebatne
2857 1502 2931 1548 tot
2967 1493 3239 1548 hominum
3284 1494 3508 1551 salutem
3553 1496 3808 1567 despicere

2296 1593 2351 1639 et
2380 1594 2485 1639 tam
2514 1586 2805 1642 studiosum
2831 1586 3077 1641 allectum
3117 1585 3422 1642 dimittere?
3460 1587 3565 1641 Hoc
3601 1601 3735 1643 certe
3764 1588 3825 1641 in

2295 1678 2511 1747 dignum
2554 1680 2694 1735 illius
2723 1678 3044 1750 benignitate
3077 1698 3091 1733 :
3124 1677 3346 1749 ideoque
3390 1679 3504 1735 hac
3540 1681 3705 1734 omnia
3728 1697 3825 1734 cun

2297 1768 2555 1838 sapientia
2589 1770 2688 1824 sibi
2715 1778 3039 1840 congruente
3075 1767 3361 1839 diSpensat.
3392 1768 3635 1834 Sedehat,
3660 1784 3826 1837 corpu:

2297 1860 2608 1926 recreabat,
2658 1870 2713 1916 et
2754 1861 2903 1930 juxta
2954 1860 3154 1915 lentem
3206 1860 3570 1930 rel'rigembat.
3625 1860 3826 1928 Eratqm

2298 1960 2425 2007 tunc
2462 1950 2732 2017 meridies,
2783 1950 2925 2022 quod
2980 1951 3297 2022 evangelista
3347 1950 3577 2005 declarat
3624 1950 3701 2005 his
3734 1966 3828 2005 ver.

2296 2041 2411 2109 bis,
2458 2040 2598 2095 Hora
2642 2052 2747 2095 erat
2782 2042 2923 2110 quasi
2973 2050 3113 2095 sexta
3135 2082 3150 2107 ,
3198 2049 3243 2094 et
3273 2041 3471 2094 sedebat
3498 2041 3585 2095 sic.
3615 2040 3742 2106 Quid
3769 2058 3823 2092 rs

2298 2133 2463 2199 illud,
2509 2134 2641 2189 Sic?
2687 2133 2803 2189 Non
2856 2134 2909 2187 in
2954 2134 3127 2201 solio,
3180 2134 3372 2189 nonin
3426 2133 3709 2204 pulvinari,
3753 2150 3827 2187 SCt

2301 2224 2607 2293 simpliciter
2651 2224 2817 2278 humi.
2860 2223 3001 2279 Venit
3047 2224 3226 2280 mulier
3270 2239 3333 2279 et
3370 2223 3604 2278 Samaria
3653 2225 3827 2278 haurin

2295 2332 2496 2385 aquam.

2366 2410 2420 2462 4.
2436 2407 2746 2478 Colloquium
2766 2409 2950 2465 Christi
2968 2425 3081 2463 cum
3106 2410 3309 2464 muliere
3326 2408 3644 2465 Samaritana
3667 2413 3830 2465 evolvi.

2299 2513 2403 2569 tur;
2415 2506 2669 2573 utriusque
2679 2504 2859 2574 agendi
2880 2504 3009 2559 ratio
3022 2505 3577 2560 commentatur.—Vide
3593 2507 3829 2576 quomodi

2295 2594 2531 2652 declaret
2556 2595 2827 2652 mulierem
2865 2605 3079 2666 propter
3122 2595 3264 2649 aliud
3309 2610 3574 2665 egressam
3622 2610 3736 2651 esse
3787 2612 3830 2649 e3

2295 2689 2507 2744 civitate
2527 2730 2544 2756 ,
2572 2688 2767 2758 ubique
2790 2687 3150 2756 impudentem
3178 2686 3479 2741 Judmorum
3512 2688 3832 2756 pervicacian

2296 2779 2592 2848 reprimens
2617 2820 2632 2847 ,
2670 2794 2738 2833 ne
2763 2778 2883 2849 quis
2919 2777 3121 2833 diceret
3167 2778 3337 2846 ipsum
3382 2778 3672 2848 transgredi
3716 2794 3827 2846 pne.

2296 2880 2507 2940 ceptum
2546 2885 2697 2925 suum
2717 2910 2733 2937 ,
2766 2884 2884 2924 cum
2916 2878 3117 2925 vetaret
3146 2869 3197 2923 in
3223 2869 3485 2923 civitatem
3516 2870 3709 2938 ingredi
3754 2869 3826 2923 Sa

2297 2962 2706 3027 maritanorum,
2738 2961 2823 3030 qui
2848 2961 2961 3030 ipse
2986 2975 3105 3014 cum
3145 2958 3492 3015 Samaritanis
3535 2960 3831 3027 loqueretur

2299 3050 2422 3105 Ideo
2438 3090 2452 3111 ,
2481 3050 2728 3119 Discipuli
2753 3051 2859 3119 ejus
2885 3050 2935 3102 in
2958 3049 3204 3102 civitatem
3226 3048 3361 3102 cibos
3380 3050 3593 3117 erupturi
3610 3049 3833 3101 abierant

2300 3143 2468 3211 inquit
2505 3141 2856 3211 evangelista,
2907 3141 3101 3194 multas
3147 3140 3400 3195 inducens
3445 3141 3688 3212 colloquii
3737 3158 3834 3196 eun

2299 3235 2519 3289 muliere
2564 3247 2770 3287 causas.
2820 3232 2956 3297 Quid
2995 3246 3122 3302 ergo
3160 3232 3391 3287 mulier?
3431 3231 3559 3287 Cum
3590 3232 3824 3287 audisset

2299 3324 2381 3379 Da
2408 3327 2528 3379 mihi
2551 3324 2747 3390 bibere,
2780 3323 3061 3379 admodum
3092 3322 3379 3393 prudenter
3401 3321 3666 3377 Christum
3694 3323 3832 3376 inter

2298 3417 2515 3486 rogandi
2546 3415 2878 3472 occasionem
2907 3423 3126 3485 captans
3155 3413 3320 3483 inquit
3360 3432 3373 3466 :
3401 3411 3454 3467 9.
3476 3412 3833 3478 Quomodotu‘

2296 3508 2509 3562 Juda'us
2534 3524 2648 3561 cum
2679 3508 2748 3560 sis
2766 3545 2782 3573 ,
2811 3504 2969 3558 bibere
2994 3520 3025 3556 a
3052 3520 3129 3558 me
3157 3505 3319 3574 poscis
3339 3544 3354 3570 ,
3384 3519 3494 3573 quis
3526 3519 3637 3556 sum
3682 3503 3833 3555 mulie

2297 3598 2667 3654 Samaritana?
2693 3596 2814 3650 Non
2842 3596 2976 3650 enim
3002 3605 3270 3648 coutuntur
3297 3593 3467 3647 λιιάωί
3496 3594 3834 3646 Samaritanis

2301 3689 2365 3744 Et
2395 3690 2533 3745 unde
2562 3689 2708 3743 illum
2738 3688 2976 3744 Judaeum
3004 3700 3123 3742 esse
3151 3686 3337 3739 novit?
3366 3684 3440 3738 Ex
3470 3683 3651 3737 habitu
3692 3684 3830 3736 forte

2296 3792 2386 3835 aut
2409 3797 2476 3838 ex
2505 3795 2771 3838 sermone.
2802 3780 2882 3834 Tu
2912 3794 3041 3834 vero
3064 3776 3424 3834 animadverte
3449 3789 3609 3845 quam
3650 3777 3830 3844 perspi

2297 3887 2394 3928 cax
2424 3872 2614 3927 mulier
2648 3880 2809 3927 esset.
2854 3871 2989 3925 Nam
3027 3870 3073 3924 si
3116 3869 3405 3925 cavendum
3444 3876 3594 3931 erat,
3646 3866 3827 3920 Christ

2298 3968 2472 4033 potius
2514 3964 2759 4017 cautione
2793 3978 2926 4032 opus
2978 3970 3124 4027 erat,
3185 3975 3341 4029 quam
3389 3960 3510 4028 ipsi.
3554 3956 3671 4012 Non
3720 3957 3829 4010 enii

2297 4053 2461 4119 dixit,
2493 4052 2603 4107 Non
2632 4062 2915 4108 coutuntur
2939 4051 3254 4106 Samaritani
3283 4049 3478 4105 Judteis
3505 4065 3520 4113 ;
3550 4049 3667 4115 sed,
3693 4048 3833 4102 Juda

2298 4145 2657 4201 Samaritanos
2687 4160 2790 4199 non
2815 4144 3117 4198 admittunt.
3144 4144 3387 4197 Attamen
3420 4140 3612 4195 mulier
3636 4181 3651 4203 ,
3684 4139 3790 4193 etsi

2293 4237 2443 4304 culpa
2476 4235 2754 4299 immunis,
2784 4236 2903 4304 quia
2937 4231 3154 4302 putabat
3178 4231 3337 4285 alium
3382 4230 3434 4283 in
3471 4229 3685 4297 culpam
3730 4229 3834 4281 inci

2291 4326 2449 4391 dere,
2484 4340 2587 4379 non
2616 4325 2809 4390 tacuit,
2838 4324 2929 4379 sed
2960 4323 3189 4377 correxit
3215 4321 3265 4375 id
3294 4320 3432 4390 quod
3458 4328 3644 4374 contra
3691 4319 3833 4385 leget

2292 4417 2403 4472 ﬁeri
2428 4417 2663 4486 putabat.
2690 4413 2792 4470 Sed
2816 4423 2994 4483 posset
3016 4413 3274 4483 quispiam
3297 4425 3559 4480 quaerere,
3590 4425 3689 4462 cur
3710 4408 3833 4462 Jcsu

2290 4509 2358 4563 ab
2383 4510 2469 4563 illa
2502 4516 2681 4578 potum
2712 4507 2959 4575 petierit,
2994 4505 3044 4557 id
3083 4504 3197 4573 lege
3240 4518 3344 4556 non
3387 4498 3781 4570 permittente?
3820 4505 3834 4548 ξ

2288 4602 2407 4671 quis
2437 4602 2577 4655 enim
2624 4598 2851 4661 dixerit,
2902 4596 3041 4664 quod
3094 4593 3409 4664 praevideret
3457 4607 3563 4645 non
3617 4590 3834 4644 datum:

2289 4707 2408 4746 esse
2438 4708 2452 4745 :
2484 4691 2603 4744 ideo
2633 4689 2806 4743 minus
2830 4696 3009 4757 petere
3034 4686 3285 4753 oportuit.
3315 4682 3450 4749 Quid
3498 4696 3631 4750 ergo
3681 4680 3833 4733 dicer

2287 4783 2410 4837 dunt
2436 4782 2458 4835 ?
2488 4780 2794 4835 lndill'erens
2816 4779 2923 4846 jam
2951 4774 3114 4830 fuisse
3143 4771 3692 4828 talesobservationes
3710 4779 3833 4821 abre

2286 4893 2432 4948 gare.
2464 4875 2593 4930 Nam
2620 4872 2707 4941 qui
2740 4872 2872 4926 alios
2897 4870 2961 4925 ad
2993 4866 3485 4937 transgrediendum
3536 4864 3833 4918 inducebat

2290 4967 2455 5023 multo
2486 4965 2654 5035 magis
2681 4963 2795 5017 illas
2822 4958 3117 5029 transgredi
3144 4956 3386 5012 debebat.
3417 4953 3532 5009 Non
3552 4954 3701 5009 enim
3726 4969 3833 5022 quo

2286 5056 2608 5127 ingreditur,
2637 5054 2839 5124 inquit,
2876 5051 3181 5119 coinquinat
3220 5048 3485 5101 hominem
3510 5086 3524 5110 ,
3576 5044 3674 5099 sed
3724 5060 3822 5111 qui

2286 5146 2554 5218 egreditur
2585 5143 2803 5213 (Matth.
2836 5143 2920 5197 15.
2958 5142 3012 5195 ll
3040 5142 3079 5208 ).
3109 5139 3221 5193 Non
3256 5151 3413 5207 parva
3440 5145 3617 5189 autem
3647 5131 3833 5186 ,Ιιιιιωι

2286 5254 2402 5293 rum
2442 5236 2706 5293 accusatio
2744 5243 2825 5288 est
2863 5232 2990 5287 illud
3039 5246 3158 5285 cum
3203 5228 3424 5284 muliere
3476 5225 3819 5295 colloquium

2284 5331 2404 5400 quia
2436 5329 2509 5383 illi
2542 5342 2682 5396 saepe
2710 5336 2763 5380 et
2786 5325 2963 5379 verbis
2992 5332 3045 5377 et
3072 5323 3234 5392 gestis
3261 5320 3435 5375 allecti
3460 5361 3475 5383 ,
3504 5335 3611 5371 non
3654 5316 3831 5370 oliten

2285 5420 2558 5491 parabant.
2589 5418 2711 5472 llaec
2738 5424 2911 5469 autem
2934 5413 3053 5468 vide
3101 5428 3257 5482 quam
3305 5412 3410 5465 cito
3459 5408 3560 5463 levi
3621 5408 3833 5461 intem

2349 5556 2362 5585 ‘
2392 5551 2446 5603 lu
2475 5553 2582 5603 aliis
2612 5551 2680 5601 sic
2714 5546 2914 5597 ell'crtur
2936 5544 3014 5594 hic
3037 5541 3170 5592 locus
3199 5557 3210 5590 :
3237 5540 3357 5600 (ηιὶιι
3381 5553 3499 5603 ergo
3512 5537 3697 5603 mulier
3726 5549 3833 5594 qua

2284 5601 2496 5668 rhristus
2519 5601 2691 5675 aquam
2738 5606 3005 5675 poposcit}.
3032 5606 3211 5675 [statim
3242 5622 3261 5647 ι
3293 5601 3501 5675 {minuti
3539 5601 3711 5649 bibere
3738 5614 3759 5640 ι
3812 5614 3833 5643 ιι

2286 5667 2354 5731 illi
2386 5667 2401 5725 ἱ
2423 5667 2596 5728 luteus
2622 5690 2635 5723 .'
2668 5667 2918 5732 (undergo
2953 5667 3035 5717 illa
3060 5668 3082 5715 ξ’
3105 5667 3342 5725 (momento
3362 5672 3427 5719 tu,
3452 5671 3551 5710 εις.
