4012 6194
362 273 450 329 {Si

354 390 562 460 gatione
591 389 847 459 capiatur.
875 387 1026 443 Jesus
1055 403 1178 441 vero
1220 386 1318 442 bac
1360 388 1409 441 in
1457 404 1548 451 re,
1599 384 1698 439 hac
1736 386 1786 438 in
1835 381 1912 434 via

358 501 391 535 ιι
429 481 588 535 mlum
622 480 850 534 instabat
878 498 890 532 :
919 479 1009 534 sed
1033 494 1126 534 eos
1155 479 1242 548 qui
1269 479 1583 534 accederent
1611 494 1714 532 non
1747 478 1915 543 impe-

353 571 550 626 diebat.
602 569 883 639 Discipulis
923 585 1148 639 namque
1190 569 1502 639 simpliciter
1548 567 1711 631 dixit,
1753 583 1818 622 ne
1862 566 1914 620 in

352 662 622 716 civitatem
645 661 1091 716 Samaritanorum
1137 661 1431 723 intrarent,
1481 675 1586 714 non
1638 669 1815 713 tamen
1862 667 1917 711 ut

352 752 668 808 accedentes
695 753 812 807 illos
838 751 1158 821 repellerent
1184 769 1200 806 :
1227 768 1313 807 res
1339 753 1480 807 enim
1507 753 1646 806 illius
1672 753 1914 821 benigni-

352 853 461 896 tate
485 842 767 896 admodum
806 841 1018 912 indigna
1059 841 1267 896 fuisset.
1315 841 1543 912 Ideoque
1584 843 1790 896 mulieri
1841 843 1918 896 sic

351 913 634 1000 respondet
667 947 680 983 :
713 930 800 985 IO.
846 930 908 984 Si
933 930 1088 986 scires
1106 930 1293 984 donum
1335 929 1467 996 Dei,
1498 939 1544 984 et
1588 932 1699 1000 quis
1738 931 1917 1000 estqui

348 1022 436 1074 tibi
465 1021 621 1086 dicit,
654 1019 735 1073 Da
763 1022 887 1074 mihi
904 1021 1069 1076 bibere
1095 1037 1114 1075 :
1139 1031 1191 1074 tu
1213 1022 1426 1088 forsitan
1471 1023 1672 1088 petisses
1709 1022 1771 1074 ab
1823 1038 1879 1075 eo
1898 1062 1912 1086 ,

347 1122 396 1164 et
423 1111 636 1165 dedisset
661 1111 750 1165 tibi
778 1128 960 1182 aquam
1002 1113 1181 1168 vivam.
1221 1111 1374 1166 Prius
1412 1111 1607 1166 indicnt
1642 1127 1758 1166 eam
1797 1126 1917 1167 esse

346 1200 560 1270 dignam
587 1217 706 1270 qua:
730 1201 974 1255 audiatur
992 1244 1004 1264 ,
1036 1216 1136 1255 nec
1165 1201 1472 1269 rejiciatur;
1503 1216 1564 1254 ac
1589 1199 1778 1255 deinde
1799 1201 1916 1270 quis

346 1291 461 1362 ipse
486 1293 549 1346 sit
583 1293 801 1347 revelat.
831 1293 961 1347 Nam
989 1308 1110 1346 mox
1143 1291 1387 1346 auditura
1428 1292 1545 1361 quis
1587 1301 1764 1355 esset.
1813 1292 1908 1361 ipsi

341 1381 772 1451 obtemperatum
802 1392 952 1449 erat;
989 1381 1129 1452 quod
1158 1381 1224 1437 de
1261 1380 1458 1438 ludatis
1499 1397 1656 1436 nemo
1699 1382 1911 1439 dixerit.

341 1472 473 1528 Nam
501 1489 621 1528 cum
645 1473 984 1539 didicissent,
1033 1473 1166 1528 nihil
1211 1473 1278 1528 ab
1317 1473 1432 1543 ipso
1479 1475 1771 1542 petierunt,
1816 1488 1916 1528 nec

337 1563 617 1634 quidpiam
647 1563 776 1618 utile
803 1564 1037 1620 ediscere
1065 1563 1380 1632 cupierunt;
1413 1564 1519 1618 imo
1547 1563 1692 1618 illum
1723 1573 1912 1618 contu-

337 1654 520 1708 meliis
545 1654 839 1708 onerabant
863 1662 917 1710 et
959 1654 1240 1724 pellebant.
1290 1653 1384 1708 His
1432 1653 1625 1708 auditis
1677 1656 1907 1719 mulier,

335 1746 463 1800 vide
489 1760 646 1814 quam
669 1744 906 1799 modeste
931 1743 1247 1814 respondeat
1275 1761 1290 1798 :
1322 1744 1408 1800 II.
1454 1743 1702 1810 Domine,
1754 1761 1911 1814 neque

333 1839 388 1890 in
416 1853 514 1904 quo
544 1837 752 1891 haurias
778 1837 944 1901 habes,
991 1845 1038 1890 et
1076 1846 1252 1907 puteus
1293 1837 1426 1890 altus
1465 1845 1579 1902 est;
1621 1837 1754 1890 unde
1789 1853 1906 1907 ergo

333 1929 492 1984 habes
518 1946 700 1999 aquam
730 1928 932 1983 vivam?
958 1928 1074 1984 Iam
1105 1928 1250 1983 illam
1277 1943 1304 1981 a
1332 1927 1518 1983 viliore
1545 1929 1796 1997 opinione
1822 1945 1905 1982 re-

333 2025 526 2089 traxit,
581 2025 651 2077 ita
701 2033 757 2077 ut
801 2038 906 2077 non
953 2022 1092 2076 ultra
1136 2020 1381 2076 crederet
1429 2021 1575 2075 illum
1629 2021 1900 2091 vulgarem

331 2112 635 2181 quempiam
663 2126 781 2167 csse
802 2111 1091 2166 hominem.
1119 2109 1234 2164 Non
1263 2109 1418 2164 modo
1447 2110 1589 2164 enim
1609 2110 1752 2163 illum
1787 2111 1905 2164 Do-

332 2203 536 2256 minum
567 2210 752 2266 vocat,
797 2201 891 2257 sed
939 2201 1233 2257 honorilice
1281 2199 1534 2270 loquitur.
1581 2199 1714 2254 Nam
1760 2199 1902 2270 quod

331 2294 555 2348 honoris
584 2309 740 2348 causa
770 2294 847 2348 sic
887 2293 1216 2363 loqueretur,
1245 2307 1308 2348 ex
1335 2291 1679 2362 sequentibus
1714 2291 1899 2360 liquet.

328 2382 449 2437 Non
478 2385 618 2437 enim
650 2384 853 2448 irrisit,
881 2400 987 2439 non
1028 2382 1261 2439 traduxit
1307 2383 1453 2437 illum
1480 2423 1496 2449 ,
1549 2383 1642 2438 sed
1691 2383 1899 2437 interim

327 2473 730 2530 stibdubitabat.
772 2473 923 2541 Quod
971 2474 1014 2528 si
1057 2489 1162 2530 non
1205 2474 1380 2528 statim
1408 2489 1519 2528 rem
1551 2482 1712 2528 totam
1743 2474 1932 2529 intel-'

327 2564 458 2619 texit
477 2604 493 2630 ,
523 2579 591 2618 ne
621 2564 831 2619 mireris
859 2582 874 2619 :
905 2579 1076 2633 neque
1105 2565 1246 2618 enim
1277 2563 1594 2620 Nicodemus
1625 2564 1898 2620 intellexe-

326 2666 430 2708 rat.
465 2653 594 2708 Nam
624 2653 748 2724 quid
774 2653 860 2709 ille
885 2653 1056 2708 dicit?
1089 2653 1350 2721 Quomodo
1375 2664 1582 2726 possunt
1608 2655 1714 2710 [nec
1743 2655 1897 2723 ﬁeri?

323 2755 376 2799 ct
404 2759 644 2812 rursum,
678 2744 940 2812 Quomodo
959 2754 1119 2816 potest
1139 2746 1286 2800 homo
1307 2746 1448 2800 nasci
1472 2763 1587 2799 cum
1613 2747 1676 2800 sit
1704 2762 1854 2800 senex
1870 2746 1896 2799 ?

324 2846 374 2890 et
403 2837 621 2902 iterum,
655 2835 919 2906 Numquid
946 2845 1105 2907 potest
1129 2837 1183 2891 ὗι
1210 2846 1410 2891 uterum
1441 2837 1615 2892 matris
1654 2854 1759 2892 sua:
1800 2839 1892 2892 ite-

322 2937 433 2979 rnto
459 2927 666 2981 introire
684 2936 729 2980 et
747 2927 885 2980 nasci
904 2927 930 2980 2
951 2926 1074 2980 Ilaec
1092 2935 1268 2982 autem
1287 2927 1635 2982 verecundius
1658 2927 1894 2993 Domine,

322 3033 486 3088 neque
512 3017 565 3070 in
589 3033 687 3087 quo
713 3017 920 3069 haurias
948 3016 1097 3070 habes
1117 3058 1131 3080 ,
1157 3025 1204 3070 et
1229 3028 1406 3087 puteus
1434 3019 1569 3070 altus
1613 3027 1715 3080 est;
1763 3018 1898 3071 unde

321 3125 440 3179 ergo
488 3098 641 3161 habes
688 3123 871 3176 aquam
916 3107 1120 3160 vivam?
1162 3107 1319 3161 Aliud
1363 3107 1607 3162 Christus
1648 3105 1896 3173 dicebat,

323 3197 462 3251 aliud
499 3197 588 3250 illa
614 3197 1021 3264 suspicabatur,
1058 3195 1192 3251 nihil
1217 3197 1360 3251 aliud
1387 3212 1544 3266 quam
1588 3197 1749 3252 verba
1797 3213 1893 3252 au-

323 3289 494 3353 diens,
528 3301 700 3357 neque
723 3286 896 3341 adhuc
921 3287 1146 3343 sublime
1170 3288 1436 3358 quidpiam
1480 3290 1774 3360 intelligere
1803 3307 1894 3345 va-

324 3379 484 3435 lebat.
543 3380 702 3449 Atqui
753 3380 1074 3448 petulantius
1121 3380 1444 3450 respondere
1492 3381 1787 3450 potuisset,
1838 3381 1891 3438 Si

327 3471 554 3526 haberes
580 3486 770 3540 aquam
803 3472 975 3526 vivam
1001 3514 1015 3539 ,
1046 3488 1150 3528 non
1182 3482 1390 3542 peteres
1417 3490 1447 3528 a
1488 3489 1572 3528 me
1592 3515 1608 3540 ,
1657 3475 1750 3530 sed
1799 3476 1889 3530 tibi

325 3565 471 3634 prius
518 3554 785 3634 praeberes
816 3582 827 3617 :
854 3565 964 3634 jam
1007 3581 1133 3620 vero
1184 3574 1234 3621 te
1272 3566 1461 3635 jactas.
1510 3566 1708 3622 Verum
1761 3568 1887 3622 nihil

329 3655 515 3710 horum
544 3656 674 3709 dixit
701 3671 716 3718 ;
747 3655 839 3710 sed
873 3655 1108 3711 modeste
1135 3656 1368 3726 loquitur
1389 3667 1441 3710 et
1469 3657 1519 3710 in
1550 3658 1806 3728 principio
1833 3668 1889 3714 et

327 3747 759 3816 insequentibus.
787 3746 917 3800 Nam
946 3747 998 3801 in
1030 3749 1286 3817 principio
1332 3750 1402 3802 ait
1436 3765 1449 3802 :
1483 3749 1744 3814 Quomodo
1789 3760 1843 3804 tu
1867 3791 1883 3817 ,

325 3836 531 3889 Judwus
557 3852 671 3890 cum
697 3837 765 3891 sis
791 3877 806 3902 ,
833 3837 998 3891 bibere
1020 3854 1050 3890 a
1073 3855 1151 3892 me
1177 3839 1340 3907 poscis
1359 3838 1386 3892 ?
1411 3838 1591 3910 Neque
1615 3840 1748 3895 dixit
1774 3880 1789 3906 ,
1821 3856 1883 3896 ac

327 3929 368 3982 si
397 3930 745 3999 alienigenam
792 3939 846 3984 et
885 3931 1153 3985 inimicum
1195 3930 1555 4003 alloqneretur
1585 3951 1600 3988 :
1630 3934 1782 3991 Absit
1829 3945 1886 3990 ut

329 4020 415 4072 tibi
435 4021 698 4090 pra-beam
718 4021 916 4076 homini
946 4023 1156 4077 inimico
1172 4031 1224 4078 et
1243 4038 1272 4078 a
1300 4035 1456 4094 gente
1480 4036 1658 4080 nostra
1688 4027 1882 4082 alieno.

332 4109 530 4167 Deinde
559 4129 680 4167 cum
708 4129 894 4183 magna
923 4115 1224 4185 loquentem
1267 4117 1502 4184 audiret,
1549 4134 1664 4188 quae
1712 4121 1886 4175 solent

330 4199 566 4258 inimicos
594 4206 823 4258 maxime
853 4205 1127 4268 mordere,
1162 4222 1264 4259 non
1295 4208 1488 4273 irrisit,
1533 4225 1637 4262 non
1677 4210 1887 4265 cachin-

331 4291 408 4344 nis
434 4294 850 4362 cxcepitillum;
885 4295 974 4350 sed
1004 4296 1127 4365 quid
1177 4295 1337 4350 dicit?
1389 4297 1471 4351 12.
1526 4297 1788 4368 Numquid
1833 4310 1884 4354 tu

331 4383 485 4449 major
511 4401 560 4436 es
587 4395 730 4454 patre
761 4396 932 4439 nostro
960 4386 1120 4440 Jucob
1145 4428 1158 4450 ,
1188 4388 1271 4454 qui
1316 4387 1451 4440 dedit
1497 4387 1638 4442 nobis
1685 4400 1884 4459 puteum

332 4470 457 4525 hunc
479 4515 494 4539 ,
526 4484 571 4527 et
599 4477 708 4544 ipse
729 4491 792 4530 ea:
819 4491 875 4529 eo
904 4475 1056 4541 bibit,
1084 4487 1130 4530 et
1155 4477 1253 4546 filii
1276 4479 1382 4548 ejus
1403 4520 1417 4543 ,
1447 4489 1494 4532 et
1535 4496 1714 4550 pecora
1732 4483 1758 4536 .9
1797 4481 1888 4537 Vi-

333 4560 446 4614 den‘
475 4580 576 4632 quo
604 4575 758 4634 pacto
782 4580 840 4622 se
864 4565 916 4621 in
947 4566 1220 4622 Judaicam
1267 4568 1594 4625 nobilitatem
1640 4572 1888 4642 ingerat?

333 4648 435 4702 Iloc
460 4666 631 4708 autent
657 4656 767 4708 vult
794 4656 1094 4723 signiﬁcare
1124 4675 1138 4712 :
1167 4656 1258 4712 Ille
1289 4657 1387 4713 hac
1412 4675 1538 4715 usus
1577 4669 1660 4715 est
1707 4676 1842 4732 aqua
1865 4703 1882 4731 ,

332 4739 456 4793 nihil
487 4743 618 4797 ultra
645 4744 784 4814 quod
807 4744 960 4800 daret
987 4745 1187 4800 habuit.
1214 4747 1306 4800 Ilis
1344 4764 1504 4818 porro
1545 4749 1779 4806 declarat
1827 4767 1886 4807 se

335 4844 392 4884 ex
425 4834 584 4900 prima
619 4838 965 4905 responsione
992 4853 1236 4908 magnum
1267 4847 1321 4894 et
1345 4841 1572 4896 sublime
1614 4842 1882 4912 quidpiam

333 4921 675 4982 intellexisse.
708 4927 837 4981 Nam
860 4943 979 4983 cum
1009 4930 1116 4994 ait,
1148 4928 1267 4999 Ipse
1286 4931 1424 4997 bibit,
1458 4941 1504 4987 et
1533 4932 1629 5001 ﬁlii
1657 4935 1802 5004 ejus,
1839 4944 1886 4989 et

333 5025 526 5082 pecora,
575 5015 711 5069 nihil
754 5017 896 5071 aliud
938 5018 1270 5083 subindicat,
1311 5035 1468 5090 quam
1509 5036 1567 5075 se
1609 5024 1660 5076 in
1707 5032 1886 5079 mente

333 5100 516 5160 habere
537 5106 698 5160 aliam
729 5109 1149 5175 praestantiorem
1175 5124 1363 5178 aquam
1384 5149 1402 5175 ,
1429 5125 1586 5179 quam
1614 5127 1712 5166 nec
1735 5128 1880 5182 repeo

333 5189 488 5259 riret,
520 5212 619 5251 nec
645 5197 790 5251 clare
818 5208 1016 5252 nosset.
1050 5197 1122 5253 Ut
1147 5209 1320 5253 autem
1346 5199 1471 5269 quid
1501 5200 1586 5253 illa
1631 5201 1886 5273 intelligat

333 5279 519 5338 clarius
549 5285 849 5353 exprimam
885 5305 896 5339 :
925 5287 1040 5342 Non
1072 5297 1221 5355 potes
1249 5288 1426 5343 dicere
1451 5330 1466 5351 ,
1513 5289 1679 5356 inquit
1703 5331 1716 5354 ,
1744 5291 1888 5347 .Iaco-

336 5365 448 5423 hum
505 5374 648 5428 hunc
694 5374 846 5429 nobis
892 5377 1101 5430 dedisse
1148 5375 1347 5430 fontem
1376 5418 1390 5442 ,
1437 5379 1529 5431 sed
1572 5378 1678 5431 alio
1735 5396 1885 5438 usum

334 5453 485 5514 fuisse
514 5480 527 5520 ;
559 5479 682 5517 nam
707 5464 883 5530 ctipse
905 5475 959 5521 et
979 5466 1070 5518 ﬁlii
1097 5464 1211 5532 ejus
1235 5480 1297 5519 ex
1327 5465 1426 5519 bac
1455 5465 1699 5519 bibebant
1726 5485 1883 5537 aqua,

337 5559 432 5600 non
465 5551 680 5606 bihituri
710 5554 751 5605 si
781 5553 932 5609 aliam
975 5555 1252 5608 meliorem
1296 5553 1624 5607 habuissent.
1670 5557 1743 5610 Ex
1790 5559 1886 5615 bac

333 5633 399 5699 igi
426 5655 483 5692 ur
513 5658 610 5696 nec
644 5654 696 5693 tu
731 5644 923 5708 poteris
945 5643 1104 5708 dare;
1134 5644 1286 5696 aliam
1318 5659 1442 5696 vero
1473 5644 1739 5698 meliorem
1793 5647 1882 5703 ha-

1385 268 1450 326 IN
1487 263 1794 324 JOANN‘I‘JM
1837 259 2062 316 ιιωίιι.
2107 262 2272 321 XXXI
2312 271 2382 324 al.
2428 275 2592 333 XXX.

3500 309 3600 362 {82

2319 405 2467 461 potes
2488 439 2501 462 ,
2534 416 2632 455 nisi
2659 413 2707 495 te
2733 407 2930 467 .IaCobo
2971 418 3225 486 majorem
3275 427 3592 495 profitearis.

2034 473 2180 585 [Unde
2209 481 2364 549 igitur
2393 501 2548 554 quam
2584 494 2907 554 tedaturum
2957 473 3224 574 polliceris

2028 566 2151 623 bere
2183 574 2389 638 possis?
2415 577 2483 632 At
2507 579 2671 637 Judaei
2693 602 2794 642 non
2825 598 2927 646 tam
2953 597 3063 651 initi
3087 614 3205 654 cum
3235 566 3594 669 illgsermone

2024 667 2260 762 utuntur,
2283 678 2403 771 cum
2426 668 2607 725 eadem
2635 675 2700 728 de
2730 692 2786 730 re
2815 679 3138 754 loqueretur,
3171 691 3408 760 ejusdem
3440 667 3590 771 aqua:

2025 751 2292 859 mentiope
2359 756 2490 859 facta
2526 779 2539 814 :
2571 764 2662 818 sed
2715 767 2842 823 nihil
2898 773 3020 829 hinc
3074 751 3214 836 lucri
3279 751 3589 859 consequuti

2024 848 2176 950 iii":
2199 841 2420 950 puanflo
2446 859 2620 906 autem
2651 855 2877 950 fibrahre
2921 867 3195 932 meminit,
3243 841 3589 950 ipsumviag:

2023 925 2179 983 dibus
2206 933 2460 1002 impetere
2490 945 2662 998 conati
2703 958 2844 1002 sunt.
2897 952 3093 1010 Verum
3127 974 3231 1015 non
3262 925 3349 1019 ‘ita
3399 925 3590 1026 mulier

2025 1033 2144 1122 ctirn
2175 1023 2263 1078 illo
2289 1028 2428 1096 agit;
2457 1033 2548 1086 sed
2573 1050 2691 1090 cum
2715 1046 3118 1104 mansuetudine
3148 1051 3202 1104 in
3236 1063 3383 1111 tanto

2101 1116 2348 1185 meridie,
2381 1125 2556 1177 omnia
2583 1129 2840 1195 patienter
2864 1135 3146 1195 admodum
3170 1153 3224 1197 et
3243 1146 3370 1201 dicit

2023 1200 2131 1297 dit,
2162 1213 2216 1258 et
2247 1208 2374 1262 nihil
2404 1227 2586 1269 eorum
2619 1223 2812 1288 cogitat
2851 1240 2968 1294 quae
3011 1229 3180 1285 Judaei
3230 1200 3588 1297 verisitiiiliter

2023 1289 2313 1360 dixissent,
2364 1299 2536 1370 ipsum
2581 1321 2770 1377 nempe
2797 1311 3037 1370 insanum
3069 1327 3124 1374 et
3153 1335 3335 1380 mente
3376 1340 3586 1398 captum

2021 1394 2146 1482 esse
2165 1423 2179 1446 ,
2211 1387 2298 1454 qui
2325 1403 2384 1442 se
2411 1389 2684 1451 deluderet
2710 1399 2849 1454 circa
2880 1402 3076 1460 fontem
3105 1419 3155 1463 et
3188 1422 3403 1481 puteum
3425 1387 3456 1482 ,'
3492 1435 3588 1476 nec

2023 1473 2307 1574 quidquam
2354 1492 2668 1552 prtestaret,
2725 1491 2817 1544 sed
2859 1473 3208 1560 jactabundus
3260 1473 3582 1574 loqueretur:

2023 1561 2112 1666 Illa
2142 1580 2265 1619 vero
2285 1583 2690 1636 perseveranter
2716 1583 3006 1650 auscultat,
3037 1587 3162 1644 dum
3204 1561 3347 1664 quod
3394 1561 3585 1667 quierit

2017 1657 2267 1711 inveniat.

2083 1747 2136 1800 5.
2177 1747 2230 1802 Si
2261 1765 2386 1804 vero
2415 1753 2606 1809 mulier
2629 1756 2954 1818 Samaritana
2987 1774 3186 1824 tantum
3217 1773 3432 1832 adhibet
3467 1788 3580 1833 stn-

2010 1837 2174 1931 dium,
2207 1850 2260 1894 ut
2283 1842 2406 1912 quid
2432 1846 2556 1901 utile
2578 1849 2796 1918 ediscat,
2826 1863 2880 1908 et
2907 1855 3116 1914 Christo
3135 1865 3351 1931 assidet,
3374 1870 3578 1926 etiamsi

2011 1927 2155 1983 illum
2185 1946 2289 1985 non
2333 1946 2544 2002 noscat;
2583 1953 2739 2009 quam
2787 1958 2884 1996 nos
2923 1947 3128 2003 veniam
3172 1927 3578 2024 consequemur,

2009 2020 2096 2111 qui
2143 2021 2311 2089 ipsum
2361 2030 2622 2095 novimus,
2659 2032 2746 2099 qui
2792 2049 2897 2088 non
2941 2052 3093 2094 secus
3123 2020 3364 2111 puteum,
3395 2063 3498 2101 non
3528 2020 3577 2105 in

2008 2107 2220 2165 deserto
2247 2122 2470 2183 stamus,
2503 2134 2606 2174 non
2635 2121 2686 2176 in
2715 2126 2952 2191 meridie,
2981 2145 3085 2185 non
3123 2107 3292 2190 adusti
3322 2107 3578 2196 solaribus

2010 2199 2206 2266 radiis;
2239 2204 2330 2258 scd
2355 2206 2455 2261 sub
2482 2223 2692 2279 aurora,
2721 2216 2819 2271 sub
2848 2216 2946 2274 hoc
2978 2230 3115 2278 tecto
3146 2226 3325 2280 umbra
3353 2228 3578 2287 fruimur

2008 2299 2062 2344 et
2324 2298 2547 2368 agimus,
2565 2319 2734 2374 neque
2755 2309 3011 2377 patienter
3028 2315 3269 2380 audimus
3284 2321 3571 2391 quidpiam,

2005 2381 2099 2434 sed
2129 2383 2326 2438 desidia
2359 2395 2666 2458 torpemus?
2687 2395 2800 2450 Non
2830 2399 2907 2454 sic
2935 2401 3055 2466 illa;
3089 2405 3182 2460 sed
3213 2408 3282 2461 ita
3301 2381 3462 2464 dictis
3490 2381 3572 2468 at;

2006 2473 2189 2540 tendit,
2215 2487 2269 2529 ut
2295 2479 2455 2534 etiam
2491 2483 2623 2538 alios
2648 2486 2888 2544 advocet.
2921 2491 3088 2548 Judtei
3116 2512 3243 2552 vero
3283 2517 3385 2556 non
3417 2505 3574 2561 modo

1999 2578 2109 2655 non
2135 2566 2479 2638 advocabant,
2523 2576 2615 2630 sed
2655 2579 2812 2634 etiam
2857 2597 2949 2637 eos
2977 2587 3064 2655 qui
3095 2591 3350 2648 accedere
3381 2597 3572 2652 vellent

2005 2651 2389 2755 impediebant;
2419 2667 2759 2755 quamobrem
2808 2651 3093 2732 dicebant:
3132 2679 3266 2736 Nunt
3293 2685 3475 2755 aliquis
3509 2651 3572 2743 es

2003 2747 2309 2842 principibus
2329 2753 2483 2807 credit
2507 2755 2560 2809 in
2587 2760 2738 2813 eum?
2763 2761 2869 2817 Sed
2891 2766 3034 2820 turba
3060 2771 3166 2823 hate
3186 2789 3297 2842 qua:
3321 2747 3418 2830 non
3437 2781 3570 2834 novit

2002 2836 2456 2940 {egena-maledicti
2480 2857 2596 2940 sunt
2621 2848 2795 2921 (Joan.
2829 2854 2880 2908 7.
2908 2858 2994 2912 48.
3018 2860 3127 2930 49).
3152 2836 3424 2921 Imitemur
3443 2885 3570 2940 ergo

2001 2927 2385 2987 Samaritanam
2419 2952 2432 2988 :
2460 2937 2826 3009 colloquamur
2845 2961 2963 3000 cum
3007 2927 3240 3006 Christo.
3271 2954 3312 3008 N
3333 2972 3402 3010 tm
3429 2927 3570 3014 nunc

2000 3019 2161 3116 etiam
2207 3019 2258 3116 in
2306 3025 2482 3116 medio
2525 3038 2762 3086 nostrum
2811 3043 2936 3099 stat,
2990 3052 3083 3105 per
3135 3043 3436 3110 prOphetas,
3481 3065 3570 3116 ιιι-ι·

2003 3105 2290 3204 discipulos
2313 3127 2410 3166 nos
2436 3114 2728 3185 alloquens.
2758 3121 3047 3179 Audiamus
3071 3105 3196 3197 ergo
3225 3105 3278 3184 et
3301 3105 3572 3204 obteinpe-

2002 3211 2198 3254 rcmus.
2228 3199 2515 3274 Usquequo
2540 3207 2732 3263 frustra
2762 3220 2816 3266 et
2845 3212 3103 3270 inutiliter
3140 3218 3411 3276 vivemus?
3438 3199 3568 3280 Nam

2004 3286 2088 3339 illa
2132 3304 2288 3360 agere
2326 3308 2444 3362 qua:
2489 3295 2596 3351 Deo
2641 3314 2742 3353 non
2777 3302 3002 3370 placent,
3036 3306 3159 3362 illud
3189 3321 3269 3365 est
3317 3313 3572 3371 inutiliter

2002 3379 2210 3446 vivere;
2244 3383 2350 3436 imo
2376 3400 2478 3440 non
2522 3397 2721 3443 tantum
2767 3393 3042 3458 inutiliter,
3072 3399 3164 3453 sed
3212 3402 3261 3455 in
3292 3402 3566 3460 damnum.

1998 3469 2129 3525 Cum
2160 3474 2300 3530 enim
2332 3478 2479 3533 nobis
2506 3480 2685 3536 datum
2719 3493 2926 3556 tempus
2956 3488 3210 3547 inutiliter
3233 3511 3448 3563 prorsus
3472 3500 3567 3553 int-

2001 3564 2296 3634 rendimus,
2346 3567 2465 3625 hinc
2513 3574 2854 3642 migrahimus
2883 3590 3145 3638 extremas
3175 3583 3342 3640 daturi
3381 3605 3566 3659 paruas

1996 3658 2252 3714 inutiliter
2277 3665 2572 3734 consumpti
2607 3669 2880 3737 temporis.
2910 3671 3040 3727 Cum
3061 3673 3102 3729 is
3128 3677 3214 3744 qui
3232 3658 3482 3747 pecunias
3498 3682 3564 3736 ad

1994 3751 2362 3819 negotiandum
2393 3756 2619 3823 recepit,
2653 3766 2706 3812 et
2731 3774 2824 3814 eas
2867 3761 3147 3834 insumpsit
3181 3776 3233 3822 et
3258 3767 3554 3836 devoravit,

1987 3840 2248 3896 rationem
2277 3844 2324 3897 ei
2351 3846 2438 3913 qui
2465 3845 2565 3900 sibi
2595 3849 2821 3904 credidit
2845 3851 3063 3907 daturus
3093 3855 3161 3908 sit
3195 3873 3206 3908 :
3241 3859 3284 3911 is
3305 3871 3448 3913 certe
3473 3863 3562 3928 qui

1993 3930 2126 3987 banc
2152 3933 2311 3986 vitam
2359 3934 2614 3988 inutiliter
2659 3938 2933 4006 impendit,
2979 3958 3081 3995 non
3125 3945 3226 3997 erit
3251 3962 3276 3997 a
3307 3950 3563 4017 supplicio

1993 4022 2143 4077 liber.
2174 4023 2288 4076 Non
2315 4022 2433 4078 ideo
2460 4039 2556 4078 nos
2585 4025 2720 4079 Deus
2752 4030 2800 4079 in
2833 4031 2965 4084 hanc
2993 4033 3152 4085 vitam
3185 4037 3419 4101 protulit,
3453 4039 3563 4090 ani-

1991 4106 2422 4182 mamque'dedit,
2457 4123 2512 4167 ut
2542 4120 2784 4182 prtcsenti
2811 4127 3008 4173 tantum
3050 4121 3284 4178 fruamur
3313 4126 3432 4184 vita.
3468 4129 3561 4182 sed

1993 4211 2051 4254 ut
2078 4216 2174 4270 pro
2203 4201 2373 4256 futura
2403 4205 2503 4257 vita
2535 4206 2881 4273 negotiemur.
2907 4209 3064 4264 Bruta
3087 4215 3332 4279 praesenti
3362 4224 3560 4271 tantum

1994 4291 2115 4345 vitm
2143 4293 2256 4345 usui
2283 4303 2432 4358 Sunt;
2467 4309 2563 4347 nos
2591 4307 2764 4349 autem
2788 4297 2904 4352 ideo
2928 4300 3276 4358 immortalem
3306 4307 3561 4361 habemus

1993 4383 2243 4448 animam,
2279 4393 2332 4437 ut
2361 4385 2424 4440 ad
2459 4386 2602 4439 illam
2632 4385 2784 4442 nobis
2809 4391 3096 4458 parandam
3122 4393 3278 4448 vitam
3306 4394 3433 4449 nihil
3456 4413 3558 4452 non

1990 4489 2230 4547 agamus.
2271 4477 2327 4532 Si
2367 4480 2483 4548 quis
2531 4480 2830 4537 sciscitatur
2873 4484 2992 4554 quis
3036 4500 3160 4540 usus
3186 4488 3252 4542 sit
3281 4503 3556 4558 equorum,

1991 4569 2284 4633 asinorum,
2320 4569 2501 4636 boum,
2548 4573 2876 4645 aliorumque
2919 4575 3220 4645 hujusmodi
3268 4594 3559 4649 pecorum,

1995 4658 2192 4714 nullum
2218 4661 2378 4715 alimn
2409 4661 2647 4720 dicemus
2675 4680 2829 4736 quam
2862 4669 3212 4723 ministerium
3240 4671 3289 4724 in
3315 4676 3558 4740 praesenti

1993 4747 2098 4801 vita
2129 4751 2438 4818 praestitum.
2475 4754 2546 4808 De
2573 4754 2726 4809 nobis
2763 4773 2892 4812 vero
2918 4773 3020 4810 non
3053 4758 3208 4825 item;
3250 4764 3343 4816 sed
3372 4761 3562 4817 melior

1992 4848 2161 4896 status
2201 4851 2281 4895 est
2311 4853 2430 4913 post
2457 4845 2746 4900 discessum
2774 4863 2837 4901 ex
2865 4846 2966 4901 hac
2994 4849 3097 4903 vita
3128 4868 3140 4904 :
3183 4850 3416 4922 nihilque
3455 4869 3558 4907 non

1991 4933 2250 5003 agendum
2291 4945 2391 4999 est,
2443 4948 2498 4992 ut
2527 4938 2597 4992 ibi
2641 4939 2896 4992 clariores
2941 4939 3106 4996 simus
3132 4951 3184 4998 et
3208 4959 3327 4998 cum
3355 4945 3557 5013 angelis

1991 5024 2213 5078 choreas
2256 5041 2494 5094 agamus,
2544 5035 2600 5080 ut
2647 5027 2774 5095 Itegi
2816 5027 3090 5082 adstemus
3133 5043 3388 5100 perpetuo
3418 5043 3470 5085 et
3508 5034 3559 5087 in

1992 5114 2182 5167 szecula
2204 5114 2428 5168 inﬁnita.
2459 5115 2578 5169 Ideo
2601 5131 2825 5182 namque
2847 5116 3157 5174 immortalis
3182 5130 3262 5172 est
3286 5119 3481 5185 anima,
3509 5132 3556 5176 et

1991 5216 2187 5272 corpus
2231 5205 2524 5258 immortale
2550 5203 2672 5266 erit,
2721 5212 2779 5254 ut
2817 5205 3084 5272 perpetuis
3115 5207 3350 5262 fruamur
3387 5209 3552 5264 bonis.

1991 5290 2045 5349 Si
2082 5307 2209 5346 vero
2231 5293 2374 5346 cadis
2417 5295 2505 5346 tibi
2548 5292 2852 5359 propositis,
2883 5301 3035 5346 terra:
3079 5297 3357 5360 inha’reas,
3392 5303 3559 5369 cogita

1990 5391 2244 5455 quantam
2289 5382 2457 5435 datrri
2500 5379 2873 5434 contumeliam
2933 5382 3146 5438 inferas.
3197 5387 3290 5442 Ille
3336 5403 3560 5456 superna

1993 5473 2086 5529 tibi
2115 5470 2271 5524 oll‘ert
2301 5488 2314 5522 :
2346 5479 2398 5522 tu
2429 5483 2552 5521 vero
2594 5483 2696 5519 non
2726 5483 2910 5538 magna
2952 5471 3090 5525 illius
3124 5473 3296 5529 habita
3339 5477 3558 5538 ratione,

1994 5576 2190 5618 terram
2219 5559 2513 5628 anteponis.
2535 5557 2659 5610 Ideo
2683 5556 2972 5624 gehennam
2993 5563 3362 5626 comminatur,
3383 5573 3566 5628 utpote

1997 5657 2369 5715 contemptus.
2408 5658 2461 5700 ut
2488 5648 2611 5700 hinc
2656 5645 2826 5700 discas
2863 5651 3070 5716 quantis
3102 5661 3152 5704 te
3191 5651 3366 5720 prives
3392 5653 3572 5708 bonis.
