4012 6194
447 289 540 344 tas
1230 287 1288 343 S.
1321 281 1595 338 JOANNIS
1633 274 2104 332 CllliYSUSTOMI
2143 279 2460 338 ARCIIIEP.
2497 283 3026 345 CONSTANTINOP.

438 407 537 461 Sed
569 407 700 460 absit
729 413 782 460 ttt
807 403 932 458 illud
964 401 1276 472 supplicium
1308 400 1674 469 experiamur;
1710 409 1890 451 verum
1922 406 2014 462 po.

441 501 531 554 tim
572 500 677 552 Deo
706 499 994 566 placentes,
1027 508 1222 550 aeterna
1248 508 1640 561 consequamur
1664 490 1820 549 bona,
1847 485 2015 556 gratia

439 605 486 647 ct
525 591 847 657 benignitate
903 587 1108 642 Domini
1163 589 1325 640 nostri
1379 585 1504 640 Jesu
1549 581 1768 645 Christi,
1803 579 2013 648 quicum

3602 299 3700 354 184

2127 394 2265 450 l’atri
2294 397 2481 466 gloria,
2513 416 2718 473 unaque
2747 402 2960 473 Spiritui
2987 417 3193 473 sancto,
3228 413 3278 463 in
3310 412 3503 466 stccula
3533 432 3701 469 sareu-

2121 487 2312 542 lorum.
2344 490 2532 544 Amen.

1893 704 3110 728 .___————_—________

3140 716 3661 743 ——--

1679 765 2026 846 HOMILIA
2070 777 2341 839 xxxu.

445 941 528 994 15.
579 939 854 1005 Respondit
882 939 1031 993 Jesus
1057 951 1101 993 et
1122 940 1247 992 dixit
1267 939 1311 991 ei
1341 953 1358 991 :
1382 935 1556 990 Omnis
1582 934 1666 1002 qui
1704 932 1821 986 bibit
1851 946 1912 983 eat
1929 928 2022 982 hac

513 1047 664 1099 aqua,
690 1031 822 1083 sitiet
849 1031 1026 1083 iterum
1057 1044 1075 1082 :
1110 1031 1190 1083 14.
1224 1029 1308 1097 qui
1341 1037 1508 1078 autem
1545 1024 1716 1076 biberit
1752 1037 1814 1074 ex
1847 1034 1977 1089 aqua
2006 1056 2020 1080 ,

512 1137 663 1190 quam
691 1137 782 1190 ego
808 1118 935 1172 dabo
963 1120 1026 1182 ei,
1057 1137 1155 1171 non
1197 1119 1325 1171 sitiet
1368 1119 1418 1170 iu
1461 1127 1653 1170 teternu
1675 1132 1702 1162 u
1732 1129 1751 1166 :
1781 1113 1868 1166 sed
1894 1127 2026 1180 aqua

512 1227 662 1277 quam
687 1225 778 1278 ego
805 1208 933 1261 dabo
963 1211 1026 1272 ei,
1070 1210 1154 1275 ﬁet
1196 1209 1248 1260 in
1277 1223 1334 1261 eo
1382 1207 1496 1276 {ous
1538 1219 1682 1272 aqua:
1720 1202 1945 1256 salientis
1974 1203 2025 1254 in

515 1300 664 1352 ritum
691 1309 776 1352 (εἰς
786 1316 948 1350 ruam.

516 1391 566 1441 1.
611 1389 833 1458 Spiritus
863 1397 1061 1441 sanctus
1087 1387 1234 1439 modo
1259 1385 1388 1456 ignis
1421 1384 1567 1437 modo
1589 1400 1718 1452 aqua
1738 1401 1767 1434 a
1790 1382 2026 1449 Scriptu-

451 1498 511 1533 ra
537 1480 838 1549 appcllatus.
865 1477 1140 1532 Prudentia
1167 1479 1351 1533 Citriin
1377 1478 1749 1532 Suntaritauant
1773 1476 2026 1537 docentis;

454 1571 793 1626 Samaritana:
821 1574 1116 1635 sinceritas;
1157 1573 1267 1641 ipsa
1313 1569 1593 1623 Nicodento
1635 1567 1928 1638 sapientior.
1957 1597 2030 1606 —

449 1665 678 1734 Spiritus
703 1664 924 1733 gratiam
949 1663 1222 1732 Scriptura
1252 1663 1619 1732 modoignem,
1649 1660 1806 1714 modo
1832 1674 2023 1727 aquam

446 1754 696 1822 appellat,
734 1770 838 1808 non
886 1753 1216 1817 substantiae,
1260 1751 1354 1806 sed
1395 1751 1687 1820 operationi
1733 1747 2026 1804 indicandae

448 1845 562 1900 lucc
587 1854 707 1913 apta
735 1845 950 1898 nomina
972 1859 1093 1899 esse
1118 1843 1512 1898 demonstrans.
1551 1841 1664 1895 Non
1687 1842 1828 1894 enim
1858 1855 1921 1894 ex
1949 1839 2028 1891 di-

449 1936 618 1990 versis
645 1935 953 1990 substantiis
979 1943 1188 1989 coostat
1228 1933 1489 2003 Spiritus,
1523 1949 1640 1986 cum
1672 1931 1948 1985 invisibilis
1976 1940 2029 1983 et

453 2027 608 2078 unius
633 2025 846 2095 generis
876 2025 962 2080 sit.
997 2025 1241 2080 Alterum
1289 2034 1435 2078 certe
1472 2022 1704 2077 Joannes
1747 2021 2027 2092 significat,

447 2131 566 2170 cum
598 2116 722 2170 dicit
751 2131 766 2168 :
794 2113 913 2185 Ipse
931 2131 1016 2169 vos
1045 2114 1316 2184 baptizabit
1343 2115 1394 2167 in
1428 2112 1622 2184 Spiritu
1647 2123 1817 2167 sant-to
1847 2123 1892 2166 et
1917 2113 2030 2183 igne

453 2211 469 2275 (
500 2207 680 2261 Matth.
710 2209 763 2262 3.
791 2209 882 2279 Η)
909 2225 923 2272 ;
958 2207 1180 2262 alterum
1226 2222 1356 2262 vero
1402 2206 1662 2270 Christus,
1700 2205 1938 2258 Flumina
1968 2205 2030 2258 de

453 2311 620 2352 ventre
644 2301 751 2365 eius
777 2300 935 2368 ﬂuent
961 2315 1105 2370 aqua:
1130 2301 1270 2352 victe.
1309 2297 1418 2351 IIoc
1445 2307 1609 2349 autem
1650 2297 1780 2348 dixit
1821 2296 1882 2348 de
1909 2295 2029 2362 Spi-

454 2389 571 2450 ritu,
605 2405 748 2456 quem
773 2389 1025 2457 accepturi
1049 2398 1188 2439 erant
1207 2388 1382 2454 (Joan.
1410 2388 1461 2440 7.
1486 2387 1572 2440 58.
1602 2384 1714 2456 59).
1747 2384 1817 2438 lta
1840 2394 1892 2438 et
1918 2401 2032 2438 mu-

455 2481 639 2534 lierem
669 2479 966 2550 alloquens,
993 2477 1248 2547 Spiritum
1281 2489 1432 2533 vocat
1458 2494 1645 2548 aquam
1679 2497 1691 2532 :
1731 2477 1830 2545 Qui
1859 2478 2031 2532 biberit

455 2585 517 2621 ea:
545 2585 694 2637 aqua,
727 2585 878 2638 quant
898 2586 989 2640 ego
1013 2569 1142 2623 dabo
1171 2570 1233 2633 ei,
1264 2586 1362 2622 non
1399 2569 1527 2622 sitiet
1557 2569 1607 2622 in
1645 2580 1917 2632 teternum;
1955 2568 2032 2623 sic

457 2660 714 2728 Spiritum
741 2669 891 2714 vocat
935 2661 1106 2729 ignem
1133 2702 1148 2727 ,
1193 2669 1248 2714 ut
1276 2661 1382 2713 vim
1413 2659 1779 2730 fervorcmque
1808 2663 1991 2730 gratiae
2014 2701 2029 2726 ,

455 2758 510 2804 et
541 2759 874 2818 peccatorum
899 2751 1181 2818 perniciem
1209 2750 1505 2821 significet;
1536 2765 1748 2819 aquam,
1771 2759 1825 2803 ut
1849 2749 2030 2819 purifi-

457 2840 719 2894 cationem
743 2842 1178 2911 refrigerittmque
1206 2858 1298 2910 per
1329 2842 1468 2894 illam
1511 2841 1896 2909 excipientibus
1921 2841 2036 2894 ani-

460 2931 563 2984 mis
587 2941 793 3000 partum
826 2933 1038 2986 indicet.
1072 2931 1140 2985 Et
1181 2932 1300 3000 jure
1335 2931 1568 3000 quidem.
1601 2931 1730 2985 Nam
1771 2942 2032 3001 tamquam

463 3021 696 3086 hortum,
731 3021 1012 3076 fructiferis
1063 3038 1379 3091 semperque
1428 3023 1722 3076 virentibus
1759 3023 2035 3076 arboribus

461 3121 786 3172 comantem,
837 3112 913 3166 sic
955 3112 1246 3168 studio~am
1302 3112 1531 3164 animam
1581 3124 1825 3176 exornat,
1867 3128 2036 3183 neque

464 3201 743 3266 mteroris,
777 3216 948 3270 ncqtte
975 3203 1330 3255 salauicarttm
1364 3201 1678 3256 insidiarum
1709 3217 1924 3256 sensum
1949 3218 2036 3257 ca-

465 3310 589 3363 pere
612 3294 736 3346 siuit
763 3333 778 3358 ,
811 3293 1004 3364 quippe
1031 3309 1145 3362 qua:
1177 3293 1336 3362 ignita
1365 3293 1580 3362 maligni
1611 3293 1710 3346 tela
1741 3293 1893 3347 facile
1923 3309 2026 3346 ex—

460 3388 711 3455 stinguat.
748 3385 824 3438 'l‘u
859 3401 984 3438 vero
1013 3385 1139 3438 mihi
1163 3385 1359 3438 Christi
1390 3386 1707 3454 sapientiam
1728 3386 2038 3439 consideres

466 3477 646 3536 velim,
675 3491 831 3544 quam
864 3475 1052 3528 leniter
1079 3475 1445 3528 mulierculam
1473 3475 1658 3543 erigat.
1683 3473 1863 3544 Neque
1895 3477 2036 3529 enim

466 3585 496 3622 a
528 3568 786 3638 principio
815 3567 947 3620 dixit
991 3567 1098 3631 illi,
1135 3566 1195 3620 Si
1217 3569 1368 3619 scires
1413 3569 1526 3638 quis
1553 3576 1626 3619 est
1653 3567 1738 3636 qui
1772 3567 1892 3620 dicit
1921 3569 2036 3633 tibi,

471 3657 550 3710 Da
579 3658 702 3711 mihi
743 3656 1056 3712 bibet-used
1087 3665 1366 3725 postquam
1406 3657 1740 3711 occasionem
1779 3658 1854 3712 illi
1891 3675 2041 3728 pra:—

471 3748 677 3815 buerat,
709 3757 764 3801 ut
790 3763 848 3801 se
876 3746 1116 3802 Judaeum
1149 3757 1359 3800 vocaret
1391 3755 1442 3800 et
1467 3755 1759 3811 accusaret,
1787 3749 2041 3803 crimina-

472 3842 671 3896 tionem
715 3841 990 3911 depclleus
1042 3840 1143 3894 hoc
1183 3839 1328 3894 dicit.
1379 3839 1509 3894 Cum
1538 3855 1663 3893 vero
1710 3840 1949 3905 dixisset,
1983 3843 2043 3898 Si

470 3936 622 3988 scires
662 3936 773 4005 quis
799 3946 870 3989 est
914 3936 1000 4005 qui
1039 3935 1160 3988 dicit
1186 3933 1294 4000 tibi,
1319 3932 1400 3987 Da
1430 3933 1551 3986 mihi
1599 3934 1780 4000 bibere,
1832 3937 2043 4004 forsitan

472 4025 693 4090 petiisses
711 4025 868 4092 abeo,
897 4035 950 4080 et
971 4026 1176 4096 magnis
1199 4024 1636 4095 promissionibus
1657 4042 1722 4081 eo
1752 4026 2045 4083 induxisset

472 4118 614 4172 illam
643 4128 696 4170 ttt
720 4119 1030 4187 patriarcha:
1053 4121 1375 4174 mentionem
1423 4119 1661 4186 faceret,
1712 4120 1789 4175 sic
1837 4121 2043 4176 mulieri

469 4209 654 4263 oculos
684 4210 876 4264 mentis
926 4211 1152 4278 aperuit.
1200 4211 1396 4265 Deinde
1424 4211 1510 4265 illa
1537 4224 1848 4281 reponente,
1881 4211 2048 4265 Num-

467 4300 594 4368 quid
615 4311 666 4351 tu
689 4303 851 4368 major
875 4316 928 4354 es
955 4310 1098 4371 patre
1121 4312 1290 4355 nostro
1309 4301 1470 4356 Iacob
1494 4303 1520 4357 .9
1539 4318 1640 4357 non
1671 4305 1818 4370 dixit,
1850 4305 2044 4371 Etiam,

471 4391 643 4459 major
669 4404 784 4444 smn
819 4409 831 4444 :
861 4407 980 4444 nam
1005 4392 1146 4446 visus
1168 4391 1352 4447 fuisset
1386 4393 1436 4448 id
1469 4410 1527 4449 se
1551 4394 1802 4464 jactando
1826 4397 2004 4452 dicere
2028 4440 2043 4464 ,

470 4497 593 4534 cum
620 4480 762 4534 nulla
796 4481 970 4536 adhuc
997 4493 1140 4536 esset
1170 4484 1246 4537 rei
1277 4484 1662 4540 demonstratio
1690 4503 1701 4540 ε
1729 4503 1822 4556 per
1859 4503 1919 4542 ea
1949 4504 2047 4540 au-

473 4583 581 4627 tem
612 4590 730 4644 qua:
755 4574 902 4638 dicit,
935 4575 1000 4628 ad
1024 4574 1149 4628 illud
1184 4588 1461 4645 praeparat.
1495 4580 1609 4633 Non
1639 4582 1780 4636 enim
1799 4582 2049 4650 simplici-

477 4674 559 4717 ter
583 4664 709 4718 dicit
737 4706 751 4728 ,
789 4663 929 4718 Dabo
959 4663 1051 4718 tibi
1084 4680 1308 4734 aquam;
1353 4667 1444 4719 sed
1479 4678 1755 4738 postquam
1793 4670 1860 4725 de
1886 4671 2050 4726 Jacob

479 4755 661 4819 tacuit,
690 4752 829 4822 quod
851 4769 1004 4807 suum
1031 4763 1148 4809 erat
1172 4755 1396 4816 extulit,
1429 4771 1459 4808 a
1487 4767 1675 4812 natura
1701 4759 1826 4813 doni
1869 4777 2050 4828 perso-

480 4857 664 4896 narum
691 4843 1041 4900 differentiam
1074 4860 1167 4915 per
1204 4861 1484 4901 munerum
1531 4847 1815 4904 discrimen
1860 4851 2053 4906 decla—

484 4949 632 4998 rans,
667 4949 870 4990 necnon
897 4951 1045 4990 suam
1075 4952 1234 5006 supra
1266 4937 1620 5006 patriarcham
1652 4940 2048 4996 excellentiam.

480 5026 534 5082 Si
565 5028 793 5095 miraris,
825 5029 1010 5099 inquit,
1042 5031 1182 5100 quod
1223 5030 1312 5085 ille
1341 5030 1478 5092 hanc
1519 5046 1708 5102 aquam
1737 5033 1960 5099 dederit,
2008 5037 2050 5088 si

483 5119 637 5188 longe
667 5119 942 5174 meliorem
982 5120 1073 5174 tibi
1121 5120 1339 5184 dedero,
1373 5122 1496 5191 quid
1522 5123 1704 5177 dices?
1748 5123 1866 5178 Jam
1912 5127 2055 5194 prius

487 5225 621 5277 pene
647 5209 890 5264 confessa
920 5226 978 5266 es
1007 5228 1090 5265 me
1114 5211 1313 5266 Jacoho
1343 5212 1596 5282 majorem
1622 5229 1740 5269 esse
1763 5255 1778 5281 ,
1807 5230 1925 5268 cum
1955 5219 2058 5270 sci-

482 5300 724 5354 scitando
745 5303 945 5368 dixisti,
974 5301 1235 5371 Numquid
1264 5313 1316 5356 tu
1337 5305 1498 5374 major
1519 5321 1570 5358 es
1598 5313 1739 5372 patre
1764 5316 1932 5358 nostro
1956 5306 2052 5358 Ja-

484 5392 596 5458 cob,
624 5393 713 5462 qui
741 5394 1014 5448 meliorem
1039 5395 1315 5461 promittas
1339 5409 1527 5464 aquam
1551 5395 1574 5447 ‘t
1603 5395 1645 5448 si
1673 5395 1811 5448 illam
1837 5409 2056 5464 accepe-

487 5486 560 5536 ris
606 5497 817 5551 aquam,
873 5491 998 5537 tunc
1051 5499 1138 5537 me
1187 5484 1338 5552 plane
1385 5485 1642 5553 majorem
1700 5485 2055 5538 confiteberis.

493 5572 674 5628 Videu‘
703 5573 941 5627 mulieris
981 5572 1237 5641 judicium
1282 5576 1396 5628 sine
1427 5576 1530 5629 ulla
1562 5584 1874 5644 acceptione
1897 5616 1912 5638 ,
1942 5591 2059 5644 qua:

485 5677 550 5718 ea
575 5663 734 5719 rebus
763 5662 889 5732 ipsis
919 5670 970 5715 ct
993 5661 1058 5715 de
1088 5662 1380 5731 patriarcha
1411 5674 1461 5718 et
1485 5664 1550 5720 de
1570 5665 1779 5720 Christo
1805 5665 1905 5720 fert
1935 5681 2052 5721 scn-

2133 923 2394 976 teutiatu?
2427 925 2614 979 Verum
2645 944 2748 981 non
2788 929 2856 983 ita
2891 930 3058 987 Juda-i
3094 951 3107 988 :
3140 951 3260 990 cum
3290 939 3534 997 viderent
3559 945 3699 999 enim

2129 1011 2274 1066 illum
2301 1015 2558 1070 dzcmonia
2583 1017 2905 1086 ejicientem,
2939 1022 3322 1081 da-mottiacum
3350 1030 3518 1099 ipsum
3548 1051 3703 1088 voca-

2130 1101 2290 1169 bant,
2339 1106 2531 1159 nedum
2580 1110 2878 1176 patriarcha
2919 1113 3172 1182 majorem
3222 1118 3480 1176 dicerent.
3516 1124 3704 1181 Mulier

2129 1207 2257 1247 vero
2284 1210 2384 1247 non
2416 1197 2513 1262 sic,
2538 1199 2629 1251 sed
2659 1199 2778 1254 inde
2801 1199 2901 1255 fert
2929 1207 3270 1272 sententiam,
3302 1211 3442 1267 unde.
3458 1213 3702 1272 Cltrt~tus

2130 1283 2366 1349 volebat;
2424 1301 2489 1340 ex
2545 1288 2656 1356 ipsa
2698 1306 2889 1360 nempe
2940 1308 3160 1362 Operum
3218 1299 3699 1363 demonstratione.

2130 1374 2258 1428 Nam
2290 1387 2342 1430 et
2375 1377 2486 1444 ipse
2507 1394 2716 1447 quoque
2759 1381 2881 1436 inde
2912 1383 3013 1439 fert
3046 1386 3302 1454 judicium
3329 1433 3344 1456 ,
3381 1393 3564 1450 dicens
3593 1413 3606 1449 :
3644 1399 3705 1453 Si

2132 1481 2228 1519 non
2254 1469 2386 1536 facio
2413 1487 2563 1539 opera
2597 1470 2762 1527 Patris
2787 1476 2902 1541 mei,
2931 1477 3086 1531 nolite
3107 1481 3229 1533 milii
3252 1485 3453 1540 credere
3479 1504 3496 1541 :
3525 1490 3569 1542 si
3593 1506 3690 1542 au-

2133 1571 2229 1614 tem
2251 1563 2402 1632 facio,
2425 1564 2515 1618 etsi
2545 1566 2670 1618 nti/ti
2695 1583 2793 1619 non
2815 1569 3035 1635 creditis,
3066 1574 3297 1639 operibus
3318 1579 3503 1632 credite
3523 1579 3702 1651 (Joan.

2133 1653 2215 1710 i0.
2245 1656 2357 1725 37).
2377 1657 2463 1711 Sic
2493 1668 2545 1712 et
2575 1659 2766 1714 mulier
2792 1661 2855 1715 ad
2882 1662 3036 1718 fidem
3057 1665 3353 1724 adducitur.
3373 1671 3706 1745 Quapropter

2131 1761 2250 1800 cum
2281 1747 2518 1804 audisset
2545 1791 2556 1812 ,
2592 1749 2856 1822 Numquid
2881 1755 3046 1822 major
3072 1773 3122 1810 es
3143 1768 3285 1825 patre
3304 1772 3472 1814 nostro
3497 1761 3656 1817 Jacob
3681 1767 3707 1819 Γ

2131 1837 2330 1890 omisso
2357 1837 2557 1893 Jacobo
2579 1881 2595 1906 ,
2623 1840 2689 1895 de
2717 1855 2852 1910 aqua
2895 1844 3125 1913 loquitur
3151 1845 3232 1901 his
3259 1849 3436 1904 verbis
3462 1893 3477 1916 ,
3531 1851 3708 1908 Omnis

2130 1929 2215 1996 qui
2243 1928 2370 1981 bibet
2395 1942 2460 1981 ea:
2484 1929 2580 1983 Itac
2603 1947 2754 2002 aqua,
2775 1933 2904 1988 sitiet
2931 1935 3130 1999 iterum,
3154 1947 3208 1992 et
3233 1945 3705 2010 comparationem,

2135 2017 2296 2070 missa
2336 2019 2694 2084 accusatione,
2733 2037 2796 2076 ex
2851 2025 3202 2091 pra'ccllentia
3251 2027 3396 2083 facit.
3426 2030 3540 2086 Non
3581 2034 3712 2089 dicit

2133 2107 2296 2172 enim,
2330 2108 2452 2163 llaac
2487 2125 2622 2180 aqua
2673 2112 2804 2166 nihil
2847 2123 2925 2170 est
2954 2155 2967 2178 ,
2999 2117 3280 2187 omniaque
3323 2120 3663 2189 despicienda
3692 2143 3706 2187 ;

2133 2199 2224 2253 sed
2254 2200 2380 2253 illud
2411 2202 2629 2270 profert,
2665 2203 2804 2273 quod
2834 2207 2944 2274 ipsa
2979 2217 3164 2262 natura
3205 2218 3425 2265 testatur
3468 2229 3481 2264 :
3531 2214 3712 2269 Omnis

2134 2290 2220 2356 qui
2249 2289 2366 2343 bibit
2397 2307 2460 2345 ea:
2493 2291 2587 2344 hac
2611 2309 2742 2361 aqua
2767 2335 2781 2358 ,
2819 2296 2950 2349 sitiet
2996 2297 3208 2364 iterum;
3235 2303 3316 2368 qui
3341 2312 3508 2356 autem
3537 2304 3714 2358 biberit

2135 2396 2197 2434 ex
2217 2397 2374 2450 aqua,
2409 2397 2558 2450 quam
2579 2400 2669 2452 ego
2691 2385 2820 2438 dabo
2840 2387 2906 2450 ei,
2931 2404 3030 2441 non
3061 2388 3190 2442 sitiet
3221 2390 3271 2442 in
3294 2401 3560 2448 ceternum.
3592 2395 3708 2450 Jant

2135 2472 2377 2526 audierat
2399 2487 2588 2541 aquam
2617 2473 2786 2527 vivam
2818 2477 3041 2544 mulier,
3075 2478 3168 2532 sed
3211 2493 3313 2533 non
3359 2481 3709 2539 intellexerat.

2137 2562 2270 2631 Quia
2292 2565 2434 2618 enim
2465 2580 2597 2633 aqua
2642 2566 2758 2620 viva
2805 2567 3019 2635 dicitur,
3071 2585 3190 2639 qute
3243 2573 3489 2639 perennis
3533 2587 3614 2628 est
3657 2585 3712 2630 et

2137 2670 2348 2724 semper
2373 2658 2617 2721 scaturit,
2647 2671 2749 2710 non
2785 2659 3002 2725 praecisa
3047 2660 3386 2731 scaturigine,
3414 2663 3480 2718 de
3507 2663 3605 2719 hac
3628 2667 3712 2718 iu-

2141 2745 2479 2813 telligcndum
2503 2748 2690 2803 mulier
2712 2751 2946 2820 putabat.
2976 2751 3098 2806 Ideo
3140 2753 3338 2808 clarius
3373 2755 3424 2810 id
3464 2756 3538 2810 illi
3565 2757 3715 2812 deiu-

2143 2853 2267 2906 (ops
2312 2840 2513 2906 aperit,
2542 2849 2595 2894 et
2639 2857 2704 2894 ex
2743 2844 3142 2911 comparatione
3187 2845 3302 2916 ejus
3344 2849 3713 2905 excellentiam

2140 2927 2513 2982 demonstrans
2543 2930 2609 2983 ita
2646 2933 2812 3000 pergit
2839 2949 2851 2985 :
2885 2933 2986 2999 Qui
3010 2933 3184 2988 biberit
3203 2953 3265 2990 ea:
3278 2954 3428 3006 aqua,
3453 2956 3602 3010 quam
3625 2958 3716 3011 ego

2138 3019 2270 3072 dabo
2293 3020 2358 3086 ei,
2389 3037 2487 3073 non
2514 3023 2646 3076 sitiet
2667 3023 2716 3075 iu
2745 3032 2985 3077 teternum
3007 3043 3027 3090 ;
3055 3027 3152 3093 sic,
3184 3037 3239 3081 ut
3265 3029 3395 3095 dixi,
3443 3031 3714 3086 excellen-

2144 3112 2268 3163 tiam
2317 3111 2642 3176 osteudeus,
2697 3128 2903 3168 necnon
2953 3130 3017 3168 ex
3065 3118 3410 3186 sequentibus
3463 3137 3477 3172 :
3526 3120 3713 3174 horum

2141 3201 2335 3268 quippe
2360 3200 2489 3254 nihil
2520 3201 2678 3256 habet
2706 3204 2938 3272 vulgaris
2961 3219 3115 3274 aqua.
3143 3206 3279 3273 Quid
3309 3223 3435 3263 vero
3457 3211 3716 3279 sequitur?

2145 3292 2257 3345 lt'iet
2283 3293 2335 3346 in
2364 3309 2420 3346 eo
2449 3293 2563 3364 fons
2591 3311 2733 3364 aqua'
2756 3295 2979 3350 salientis
3003 3297 3056 3350 in
3088 3299 3241 3351 vitam
3268 3309 3530 3355 wternam.
3571 3302 3720 3357 Sicut

2145 3383 2284 3436 enim
2307 3385 2394 3453 qui
2422 3385 2621 3439 fontem
2673 3387 2812 3442 intus
2851 3387 3045 3454 habet,
3095 3404 3384 3460 numquam
3426 3391 3569 3447 sitiet
3600 3413 3612 3447 :
3643 3393 3719 3447 sic

2146 3489 2243 3527 nec.
2271 3473 2361 3528 ille
2386 3476 2472 3544 qui
2506 3476 2641 3556 hanc
2685 3493 2874 3548 aquam
2904 3479 3165 3535 habuerit.
3198 3482 3496 3552 Statimque
3532 3487 3720 3539 tnulier

2147 3565 2391 3631 credidit,
2437 3568 2602 3621 multo
2632 3571 2922 3638 sapientior
2965 3571 3283 3638 Nicodemo;
3325 3590 3423 3630 nec
3453 3577 3610 3631 modo
3629 3591 3717 3631 sa-

2156 3657 2402 3724 pientior,
2436 3658 2529 3713 sed
2561 3667 2614 3714 et
2661 3661 2864 3715 fortior.
2909 3662 2999 3717 Ille
3030 3679 3257 3735 namque
3297 3666 3482 3722 multis
3525 3669 3719 3724 auditis

2153 3749 2476 3818 hujusmodi,
2519 3767 2616 3808 nec
2661 3754 2819 3808 alium
2866 3757 3164 3825 quempiam
3205 3757 3498 3821 advocavit,
3546 3774 3719 3828 neque

2150 3841 2264 3910 ipse
2294 3840 2538 3897 fiduciam
2567 3843 2750 3898 habuit
2781 3861 2794 3896 :
2828 3844 2945 3901 haec
2990 3861 3118 3902 vero
3153 3847 3444 3915 apostolico
3487 3848 3720 3918 fungitur

2149 3932 2346 4000 officio,
2370 3936 2613 3990 omnibus
2639 3937 2958 3992 annuntians
2984 3979 2996 3996 .
3035 3953 3220 3994 omnes
3250 3937 3315 3992 ad
3347 3939 3525 3994 Jesom
3552 3941 3717 3993 advo-

2149 4038 2298 4091 caus,
2329 4033 2595 4093 totamque
2644 4027 2911 4082 civitatem
2939 4027 3005 4082 ad
3049 4029 3198 4083 illum
3244 4029 3576 4099 pertraheus.
3627 4029 3720 4084 Ille

2149 4115 2329 4170 audito
2350 4115 2576 4181 Christo,
2598 4117 2747 4181 dixit,
2779 4117 3041 4182 Quomodo
3061 4131 3268 4190 possunt
3285 4121 3390 4173 [nec
3411 4121 3521 4188 ﬁeri
3544 4119 3716 4189 (Joau.

2151 4207 2202 4261 3.
2237 4208 2331 4278 9)?
2359 4223 2422 4262 ac
2450 4223 2568 4262 cum
2607 4208 2851 4264 Christus
2883 4210 3085 4264 clarum
3116 4211 3419 4280 exemplum
3454 4211 3596 4266 venti
3638 4222 3720 4264 at-

2154 4300 2397 4364 tulisset,
2424 4315 2593 4370 neque
2625 4301 2692 4353 ita
2733 4316 3034 4355 sermonem
3082 4302 3313 4357 admisit.
3347 4302 3511 4357 Secus
3545 4313 3720 4356 autem

2155 4393 2346 4446 mulier
2371 4410 2384 4445 :
2412 4392 2504 4446 sed
2546 4395 2718 4462 printo
2747 4392 3042 4458 dubitabat,
3072 4392 3264 4448 deinde
3293 4408 3417 4448 vero
3445 4410 3548 4448 non
3583 4403 3721 4447 tanta

2153 4482 2384 4536 adhibita
2425 4482 2652 4548 cautela,
2696 4483 2787 4538 sed
2835 4484 2984 4552 quasi
3035 4483 3194 4536 latam
3235 4485 3553 4538 sententiam
3584 4482 3721 4536 dicta

2155 4575 2444 4643 excipiens,
2475 4574 2540 4626 ad
2574 4590 2684 4628 rem
2733 4574 3095 4644 accipiendam
3141 4576 3318 4628 statim
3367 4575 3553 4630 fertur.
3594 4574 3723 4641 Quia

2155 4665 2295 4718 enim
2322 4664 2474 4718 Jesus
2516 4665 2738 4728 dixerat,
2775 4665 2886 4719 Fiet
2908 4667 2958 4720 in
2989 4683 3046 4720 eo
3089 4666 3204 4736 [ous
3251 4683 3394 4736 aqua:
3426 4668 3646 4721 salientis
3678 4667 3729 4717 in

2155 4754 2308 4806 vitam
2335 4763 2571 4807 teternam
2590 4767 2609 4816 ,'
2642 4755 2819 4808 statim
2851 4757 2923 4808 ait
2951 4753 3161 4819 mulier,
3199 4754 3284 4808 15.
3320 4753 3402 4807 Da
3434 4756 3555 4808 mihi
3599 4756 3729 4807 hanc

2156 4861 2358 4914 aquam,
2387 4855 2439 4896 ut
2467 4861 2565 4898 non
2592 4845 2780 4911 sitiant,
2812 4862 2966 4915 neque
2995 4846 3188 4900 veniam
3211 4845 3309 4897 Ituc
3330 4845 3550 4898 haurire.

2226 4934 2277 4988 2.
2327 4933 2508 4989 Videu'
2535 4934 2800 5004 quomodo
2832 4935 3078 5003 paulatim
3109 4935 3172 4987 ad
3191 4935 3494 5003 dogmatutn
3521 4934 3732 4990 culmen

2159 5026 2489 5081 deducitur?
2546 5026 2722 5080 Primo
2797 5026 2998 5096 putavit
3066 5026 3213 5080 illum
3282 5036 3732 5095 transgressorem

2159 5117 2460 5188 quempiam
2486 5116 2726 5171 Judaeum
2750 5131 2903 5181 esse;
2932 5116 3124 5171 deinde
3172 5117 3292 5186 quia
3333 5117 3468 5169 hanc
3499 5116 3588 5170 ille
3625 5117 3733 5172 cri-

2161 5209 2502 5266 minationem
2528 5209 2730 5278 depulit
2755 5208 2882 5278 (non
2913 5209 3136 5264 decebat
3156 5210 3296 5262 enim
3323 5223 3445 5262 eum
3475 5210 3563 5278 qui
3591 5209 3733 5263 illam

2161 5300 2446 5355 edocturus
2471 5308 2603 5362 erat,
2623 5310 2927 5368 suspectum
2955 5300 3116 5369 esse),
3143 5315 3262 5352 cum
3285 5299 3523 5354 audisset
3545 5314 3732 5367 aquam

2163 5391 2358 5455 vivam,
2384 5391 2582 5459 putavit
2603 5390 2669 5443 de
2695 5389 2879 5443 seusili
2914 5405 3048 5458 aqua
3083 5391 3182 5443 hoc
3211 5389 3336 5444 dici.
3362 5389 3584 5444 Domum
3613 5404 3732 5441 cum

2165 5480 2399 5535 audisset
2421 5496 2481 5534 ea
2511 5496 2627 5549 qua:
2653 5479 2985 5543 dicebantur,
3012 5495 3132 5535 esse
3153 5481 3475 5549 spiritualia,
3514 5479 3736 5534 credidit

2167 5573 2378 5644 quidem
2409 5588 2562 5642 posse
2592 5573 2731 5626 illam
2755 5587 2944 5640 aquam
2977 5573 3179 5642 pellere
3220 5573 3392 5638 sitim,
3445 5588 3540 5627 nec
3564 5582 3736 5625 tamen

2169 5665 2292 5736 quid
2318 5666 2403 5719 illa
2422 5673 2558 5719 esset
2591 5661 2812 5730 sciebat,
2844 5661 2937 5716 sed
2969 5661 3141 5718 adhuc
3171 5661 3449 5718 dubitabat
3477 5679 3489 5713 :
3530 5661 3740 5733 putabat
