3984 6196
280 282 368 339 ι85
1262 279 1326 335 IN
1366 278 1671 335 JOANNEM
1716 278 1940 334 llOMlL.
1985 280 2194 337 XXXII.
2236 286 2306 339 al.
2354 287 2540 343 XXXI.

277 407 417 453 certe
458 398 574 452 lucc
617 396 925 450 sublimiora
958 411 1096 459 esse,
1129 411 1286 466 quain
1345 405 1400 449 ut
1443 410 1604 448 sensu
1654 392 1851 462 percipi

275 498 529 560 possent;
572 486 668 542 sed
723 502 830 540 non
879 500 1099 556 prorsus
1147 487 1196 540 id
1245 487 1370 555 quid
1416 491 1562 540 esset
1610 492 1851 539 noverat.

275 579 424 634 Nunc
446 590 592 632 certe
619 577 810 631 melius
838 576 1069 642 videbat,
1117 591 1291 645 neque
1329 586 1504 630 tamen
1537 585 1701 628 totum
1733 589 1852 643 pcr-

270 671 501 740 cipiebat
537 687 549 722 :
576 685 697 723 nam
743 671 854 733 ait,
901 668 980 722 Da
1021 670 1145 722 mihi
1173 670 1304 723 hanc
1331 685 1548 737 aquam,
1575 679 1632 720 ut
1658 682 1756 718 nou
1783 665 1856 717 si-

268 774 414 825 tiam,
467 777 622 830 neque
663 761 860 814 veniam
911 760 1008 813 huc
1039 760 1260 814 haurire.
1310 759 1425 814 Jam
1469 759 1616 813 illum
1652 756 1851 812 Jacolio

269 853 609 923 praeferebat.
640 851 756 906 Non
784 851 886 906 hoc
908 851 1054 906 fonte
1083 867 1218 921 opus
1236 850 1425 916 habeo,
1450 851 1492 904 si
1524 866 1551 903 a
1587 859 1636 903 te
1658 864 1848 918 aquam

267 945 412 998 illam
461 944 738 1011 accipiam.
785 942 976 997 Viden’
1030 943 1297 1013 quomodo
1343 942 1489 996 illum
1538 942 1849 1011 patriarclne

260 1034 597 1102 anteponat?
641 1033 750 1086 lloc
782 1033 931 1102 probi
972 1034 1135 1088 animi
1179 1032 1429 1088 indicium
1475 1041 1576 1088 est.
1609 1031 1852 1086 Ostendit

260 1142 427 1194 quam
471 1125 539 1179 de
585 1123 784 1179 Jacobo
827 1125 1136 1194 opinionem
1184 1125 1445 1181 haberet:
1476 1125 1605 1180 vidit
1651 1125 1851 1180 Jacobo

261 1218 566 1281 meliorem,
591 1233 762 1287 neque
784 1219 950 1285 prima
979 1218 1063 1271 illa
1086 1217 1336 1287 opinione
1363 1227 1566 1273 retenta
1591 1218 1704 1272 l‘iiit.
1734 1219 1849 1272 Non

259 1322 393 1376 ergo
429 1307 584 1362 facile
633 1307 826 1362 mulier
868 1308 1136 1374 credidit,
1167 1324 1341 1379 neque
1371 1319 1570 1365 temere
1594 1309 1733 1364 dicta
1767 1328 1852 1364 re-

259 1401 428 1468 cepit,
461 1413 580 1467 qua:
613 1407 757 1452 tanta
787 1401 1128 1456 accuratione
1158 1402 1431 1471 quaesivit;
1475 1417 1645 1472 neque
1686 1402 1846 1456 etiam

258 1488 601 1558 immorigera
632 1489 716 1542 vel
761 1492 1094 1545 contentiosa
1127 1492 1241 1546 fuit.
1287 1491 1447 1560 quue
1489 1508 1554 1545 ex
1591 1493 1848 1562 petitione

257 1593 353 1632 sua
396 1577 813 1635 demonstravit.
853 1582 1008 1651 Atqui
1039 1581 1238 1637 Iudaeis
1267 1583 1402 1637 dixit
1428 1582 1674 1638 Cliriszus
1703 1602 1716 1636 :
1749 1585 1847 1648 Qui

254 1671 532 1724 comederit
558 1673 620 1725 de
663 1689 820 1726 carne
865 1691 994 1739 mea,
1025 1691 1124 1728 non
1153 1676 1371 1739 esuriet;
1411 1686 1459 1729 et
1499 1677 1586 1746 qui
1612 1677 1766 1730 credit
1795 1677 1846 1730 in

255 1777 356 1822 me,
392 1777 493 1814 non
513 1763 649 1815 sitiet
680 1779 916 1833 umquam
947 1765 963 1832 (
990 1763 1148 1819 Joan.
1177 1765 1229 1820 6.
1256 1767 1323 1821 55
1349 1769 1400 1835 );
1435 1768 1526 1821 sed
1552 1782 1656 1821 non
1687 1768 1846 1821 modo

256 1866 364 1904 non
411 1853 778 1917 crediderunt,
829 1854 922 1909 sed
965 1855 1122 1910 etiam
1166 1857 1504 1911 scandalizati
1544 1867 1686 1912 sunt.
1720 1858 1846 1913 llzec

257 1943 458 1998 mulier
483 1953 673 1998 contra
695 1956 969 2014 exspectat
991 1956 1046 2002 et
1069 1949 1218 2016 petit.
1247 1947 1444 2003 Judieis
1471 1950 1560 2004 ille
1600 1949 1806 2005 dicebat
1828 1991 1843 2013 ,

258 2031 362 2099 Qui
390 2033 552 2086 credit
579 2036 630 2087 in
655 2053 734 2089 me
761 2052 862 2089 non
883 2038 1047 2103 sitiet;
1073 2038 1280 2092 mulieri
1312 2055 1441 2093 vero
1471 2055 1575 2093 non
1607 2039 1676 2093 ita
1702 2082 1716 2105 ,
1750 2041 1843 2094 sed

258 2122 482 2177 rudiore
512 2124 694 2188 modo,
728 2124 830 2190 Qui
853 2126 1024 2179 biberit
1049 2127 1218 2181 etc/iac
1240 2145 1392 2198 aqua,
1413 2145 1512 2183 non
1530 2130 1683 2184 sitiet.
1715 2130 1845 2183 Pro-

257 2212 449 2266 niissio
475 2228 706 2284 namque
735 2225 849 2270 erat
879 2217 1232 2284 spiritualium
1277 2235 1453 2273 rerum
1476 2261 1489 2284 ,
1525 2237 1628 2275 non
1661 2221 1842 2275 visibi-

257 2301 389 2355 lium
423 2304 464 2356 ³.
495 2301 620 2357 Ideo
663 2305 900 2360 mulieris
946 2308 1179 2362 animum
1225 2310 1695 2378 pollicitationibus
1739 2312 1845 2367 eri-

253 2407 426 2462 gens,
456 2393 633 2448 adhuc
659 2397 1003 2451 sensibilibus
1032 2399 1344 2454 immoratur
1368 2443 1383 2467 ,
1426 2402 1566 2470 quod
1594 2403 1680 2457 illa
1711 2418 1844 2458 non-

252 2485 388 2537 dum
419 2495 604 2552 posset
628 2487 916 2553 spiritualia
946 2499 1192 2546 accurate
1221 2493 1690 2561 comprehendere.
1711 2494 1840 2549 Nam

254 2576 297 2626 si
329 2573 586 2640 dixiSSt-t,
630 2575 683 2631 Si
712 2578 1005 2634 credideris
1038 2581 1090 2633 in
1119 2597 1224 2645 me,
1253 2598 1359 2636 non
1389 2584 1571 2649 sities;
1613 2585 1696 2639 illa
1735 2601 1842 2656 non.

257 2667 619 2723 intellexisset
643 2711 658 2733 ,
699 2686 820 2726 cuin
872 2688 977 2728 non
1027 2685 1209 2730 nosset
1234 2677 1353 2746 quis
1378 2690 1520 2735 esset
1549 2680 1639 2735 ille
1668 2695 1727 2736 se
1765 2681 1841 2735 al-

256 2759 505 2829 loquens,
541 2776 642 2817 nec
667 2763 734 2818 de
762 2779 866 2834 qua
895 2766 980 2820 siti
1009 2777 1275 2838 ageretur.
1305 2770 1410 2824 Cur
1429 2780 1604 2827 autem
1636 2789 1742 2828 non
1770 2774 1840 2828 ita

259 2851 459 2907 Iudaeis
487 2853 744 2924 loquutus
763 2858 886 2911 est?
915 2858 1048 2926 Quia
1079 2861 1152 2914 illi
1181 2862 1343 2916 multa
1384 2863 1531 2934 signa
1557 2865 1836 2932 viderant,

259 2944 344 2996 illa
377 2960 512 3000 vero
545 2947 784 3012 nullum;
825 2949 919 3005 sed
955 2953 1114 3008 verba
1155 2955 1385 3024 primum
1416 2956 1675 3011 audierat.
1717 2957 1840 3012 Ideo

259 3049 350 3102 per
382 3035 724 3104 pr0pbetiam
755 3039 1004 3112 deinceps
1027 3045 1133 3097 vim
1162 3059 1311 3099 suam
1343 3046 1595 3110 ostendit,
1617 3063 1713 3102 nec
1733 3056 1842 3104 sta-

256 3129 348 3179 tim
381 3128 562 3197 arguit
604 3129 780 3196 illam;
822 3133 915 3188 sed
947 3135 1074 3203 quid
1104 3136 1270 3190 dicit?
1304 3138 1384 3192 l6.
1427 3137 1592 3204 Vade,
1621 3155 1743 3194 voca
1768 3141 1840 3194 vi-

252 3237 368 3272 rum
398 3229 565 3287 tuitui,
596 3230 646 3274 et
671 3224 783 3276 ueni
809 3224 924 3278 huc.
954 3226 1040 3280 17.
1070 3225 1172 3281 Illa
1197 3244 1310 3282 vero
1339 3230 1477 3294 dicit,
1524 3229 1694 3284 Virum
1737 3247 1838 3284 non

253 3312 438 3364 habeo.
470 3310 606 3366 Dicit
635 3315 679 3367 ci
696 3313 850 3370 Iesus
870 3359 884 3382 ,
908 3315 1044 3373 Bene
1061 3320 1268 3386 dixisti,
1313 3321 1484 3376 Virum
1511 3339 1611 3378 non
1632 3325 1790 3378 habeo
1819 3341 1838 3378 :

254 3403 341 3457 18.
377 3405 605 3473 quinque
629 3409 761 3460 enim
806 3409 937 3462 viros
971 3409 1189 3464 habuisti
1207 3453 1223 3473 ,
1249 3421 1298 3465 et
1322 3431 1454 3467 nunc
1477 3431 1622 3485 quem
1653 3415 1834 3485 habes,

249 3510 354 3546 non
385 3505 461 3547 est
492 3504 609 3549 tuus
635 3498 731 3550 vir.
767 3497 879 3552 Hoc
897 3517 1007 3554 vere
1035 3502 1227 3556 dixisti.
1264 3505 1349 3559 i9.
1381 3505 1522 3560 Dicit
1546 3509 1592 3560 ei
1619 3510 1833 3574 mulier,

250 3580 492 3648 Domine,
524 3587 668 3639 video
690 3588 810 3658 quia
833 3591 1075 3658 propheta
1103 3609 1154 3646 es
1179 3604 1252 3647 tu.

322 3673 672 3730 Samaritana
690 3681 1006 3751 philosophia
1023 3685 1170 3738 malta
1183 3685 1302 3750 ﬁdei
1314 3687 1609 3745 Juda’orum
1626 3693 1838 3762 opponi-

246 3775 334 3816 ιη
359 3763 617 3834 —Papar,
644 3777 837 3837 quiauta
856 3771 1094 3826 mulieris
1110 3775 1440 3847 philosoiihia
1468 3780 1480 3833 !
1510 3795 1664 3850 quam
1688 3798 1837 3838 man-

245 3861 410 3907 saele
440 3854 916 3924 reprehensionem
939 3861 1168 3918 admittit
1191 3865 1347 3930 lCur,
1368 3868 1594 3937 inquies,
1621 3886 1724 3925 non
1741 3874 1835 3927 ad-

244 3942 533 3996 misisset?
563 3956 742 4000 ncnne
769 3962 912 4015 smpe
952 3950 1163 4007 Judrcos
1187 3956 1364 4010 acrius
1386 3957 1690 4028 redarguit?
1719 3962 1831 4016 Non

239 4031 395 4084 enim
415 4033 558 4100 paris
582 4034 792 4090 virtutis
805 4048 885 4093 est
902 4041 1093 4095 mentis
1120 4053 1323 4099 secreta
1340 4046 1388 4100 in
1410 4049 1639 4104 medium
1668 4052 1834 4107 addu-

238 4137 400 4190 cere,
437 4134 493 4178 et
530 4140 641 4179 rem
672 4127 806 4182 clam
823 4140 1090 4201 peractam
1123 4137 1378 4192 revelare.
1415 4138 1546 4194 llliid
1564 4141 1705 4196 enim
1739 4144 1830 4200 Dei

239 4225 457 4269 tantum
476 4227 578 4280 est,
603 4233 722 4272 cum
752 4235 906 4277 nemo
923 4226 1088 4291 novit,
1109 4227 1207 4282 nisi
1227 4229 1368 4299 isqui
1384 4231 1432 4284 id
1463 4232 1514 4286 in
1533 4245 1710 4291 mente
1733 4235 1830 4291 ha-

235 4306 354 4368 bet;
388 4305 614 4360 alterum
631 4323 758 4363 vero
771 4311 956 4366 saltem
975 4313 1322 4373 familiaribus
1357 4331 1537 4378 notum
1555 4335 1654 4378 est.
1679 4327 1831 4380 Atta-

236 4412 370 4449 men
389 4395 558 4452 Judari
576 4413 635 4454 se
657 4403 1004 4470 reprehensos
1028 4422 1147 4464 esse
1175 4410 1388 4480 indigne
1414 4414 1603 4468 ferunt.
1619 4417 1721 4472 Sed
1741 4419 1830 4474 illo

233 4486 632 4554 diceiite,Quid
656 4505 735 4544 inc
757 4496 980 4562 queritis
999 4499 1276 4569 interﬁcere
1296 4503 1472 4573 (Joan.
1503 4507 1552 4559 7.
1579 4507 1698 4580 20)?
1722 4525 1826 4565 non

233 4577 411 4631 modo
427 4591 535 4632 non
561 4581 911 4654 admirantur,
935 4598 991 4642 ut
1013 4592 1322 4659 mulierilla,
1353 4597 1443 4651 sed
1463 4601 1620 4654 etiam
1644 4577 1826 4658 conri-

229 4666 339 4720 ciis
371 4676 428 4720 et
446 4673 784 4728 contumeliis
800 4675 1054 4744 afficiunt,
1079 4685 1284 4738 etiamsi
1311 4687 1531 4742 aliorum
1554 4693 1823 4761 signorum

233 4767 557 4827 argumenta
605 4761 861 4820 haberent
887 4786 900 4819 :
930 4767 1044 4825 lucc
1090 4784 1266 4829 autem
1298 4776 1398 4832 hoc
1435 4795 1592 4834 unum
1622 4791 1823 4838 tantum

233 4845 511 4902 audierat.
558 4850 808 4908 Attamen
855 4857 928 4911 illi
979 4875 1084 4914 non
1124 4864 1284 4919 modo
1328 4881 1430 4921 non
1467 4871 1640 4926 mirati
1678 4889 1818 4940 sum,

235 4937 332 4989 sed
365 4939 531 4992 etiam
554 4943 752 5008 probro
777 4947 1065 5006 affecerunt
1097 4954 1355 5022 dicentes,
1388 4959 1700 5019 Dtemonium
1731 4937 1822 5020 Ita;

234 5025 340 5088 bes,
389 5029 504 5096 quis
548 5040 598 5084 te
637 5037 816 5103 quierit
863 5040 1178 5110 interﬁcere?
1206 5045 1329 5102 llaec
1371 5065 1496 5105 vero
1525 5069 1632 5108 nou
1665 5057 1823 5113 modo

233 5130 346 5168 non
377 5120 730 5188 conviciator,
759 5127 851 5180 sed
884 5129 1103 5186 miratur
1131 5144 1182 5190 et
1223 5137 1565 5208 obstupescit,
1593 5146 1822 5214 prophe-

231 5213 455 5275 umque
482 5211 733 5278 apinatur
757 5231 910 5281 esse;
953 5222 1051 5274 etsi
1080 5226 1255 5280 acrius
1284 5226 1420 5284 hanc
1445 5211 1819 5301 reprehendat,

228 5308 395 5362 quam
442 5297 585 5353 illos.
639 5301 747 5358 lloc
784 5308 926 5362 enim
969 5327 1243 5379 peccatum
1276 5320 1428 5374 unius
1473 5297 1636 5391 ipsius
1671 5337 1817 5392 erat;

229 5384 363 5438 illud
389 5403 520 5442 vero
545 5394 796 5449 omnibus
823 5414 1123 5459 commune.
1153 5405 1269 5462 Non
1291 5419 1467 5466 autem
1492 5413 1560 5468 ita
1589 5418 1817 5474 morderi

223 5477 472 5534 ademtis
496 5481 565 5534 de
610 5489 979 5546 communibus
1016 5493 1248 5564 delictis,
1283 5510 1338 5554 ut
1376 5501 1442 5556 de
1471 5508 1714 5573 propriis.
1751 5511 1817 5566 Et

295 5631 312 5658 '
345 5630 440 5682 ,ιιιι
469 5636 660 5698 legunt,
680 5639 1173 5713 indeterminatorum,
1199 5666 1304 5716 pro,
1330 5671 1420 5709 non
1448 5663 1716 5715 visibilium.

3441 305 3536 358 186

1963 393 2037 447 illi
2065 397 2276 464 quidem
2309 418 2556 471 magnum
2583 405 2849 475 quidpiam
2878 422 2938 463 se
2981 409 3234 478 peilii-ere
3263 416 3533 482 putabant,

1961 484 2004 538 si
2033 484 2300 543 Christum
2331 493 2728 551 interﬁcerent:
2756 499 2993 553 mulieris
3034 515 3159 556 tero
3188 503 3389 559 facinus
3419 523 3532 559 nia-

1959 572 2066 628 lum
2097 590 2216 633 esse
2243 581 2380 649 apud
2408 597 2594 639 omnes
2623 587 2674 640 in
2714 588 2960 645 confesso
2988 603 3121 647 erat.
3151 597 3396 651 Attamen
3430 615 3533 654 non

1956 681 2097 737 aegre
2125 671 2239 725 tulit
2259 675 2470 742 mulier,
2490 678 2582 733 sed
2604 679 2870 751 obstupuit
2895 685 3185 758 mirataque
3207 700 3306 742 est.
3335 691 3531 744 Eodem

1957 773 2165 830 quoque
2192 765 2348 819 modo
2373 782 2492 822 cum
2522 769 2846 829 Nathauaele
2867 775 3110 832 Christus
3134 795 3192 834 se
3211 783 3392 850 gessit.
3417 782 3532 837 Non

1960 850 2185 917 primum
2219 857 2548 925 prophetiam
2578 862 2801 925 induxit,
2837 883 3007 936 neque
3035 869 3190 936 dixit,
3230 870 3345 926 Vidi
3375 885 3421 927 te
3440 874 3532 928 sub

1957 942 2091 1008 ﬁcu;
2118 945 2210 999 sed
2255 962 2374 1002 cuni
2426 951 2512 1006 ille
2551 954 2792 1022 dixisset,
2826 957 2972 1013 Unde
3001 978 3079 1015 ine
3101 966 3234 1017 nosti
3272 963 3451 1036 (Joan.
3479 969 3528 1022 l.

1957 1033 2076 1103 48)?
2103 1035 2150 1088 id
2185 1040 2476 1107 respOndit.
2507 1043 2726 1100 Volebat
2756 1050 2897 1102 enim
2932 1049 3184 1107 miracula
3214 1033 3532 1124 et'proplie-

1959 1125 2055 1177 tias
2081 1127 2146 1180 ab
2175 1128 2277 1182 illis
2303 1130 2556 1200 incipere,
2586 1137 2672 1204 qui
2705 1138 2769 1191 ad
2818 1140 2987 1207 ipsum
3019 1145 3362 1211 accedebant,
3395 1157 3452 1201 iit
3479 1160 3532 1202 et

1956 1215 2123 1284 magis
2151 1217 2268 1271 illos
2292 1219 2390 1274 sibi
2434 1224 2761 1291 conciliaret,
2790 1236 2843 1282 et
2873 1245 3020 1284 vana:
3058 1232 3240 1300 gloria:
3269 1239 3526 1306 suspicio-

1958 1319 2076 1358 nem
2104 1304 2372 1375 effugeret.
2407 1311 2518 1365 Hoc
2551 1315 2718 1382 ipsum
2752 1317 2835 1372 hic
2861 1319 2986 1388 agit.
3014 1304 3527 1381 Existimabaten'ni

1955 1396 2234 1454 molestum
2263 1413 2315 1455 et
2339 1405 2662 1474 superﬂuum
2691 1409 2820 1473 fore,
2846 1412 2888 1466 si
2915 1427 3030 1466 eam
3054 1415 3230 1470 statim
3257 1431 3531 1474 accusaret

1953 1487 2200 1558 dicendo,
2261 1493 2433 1549 Virum
2464 1515 2563 1552 non
2594 1500 2762 1556 habes.
2799 1503 2925 1557 lllud
2958 1520 3086 1561 vero
3114 1509 3379 1580 corrigere
3413 1524 3529 1580 po-t

1952 1592 2222 1650 acceptam
2255 1585 2320 1638 ab
2347 1587 2531 1642 eadem
2560 1590 2667 1658 ipsa
2696 1595 3050 1663 occasionem,
3079 1609 3223 1654 certe
3248 1615 3529 1657 consenta-

1954 1686 2110 1725 neum
2137 1684 2270 1740 erat,
2303 1686 2354 1730 et
2385 1679 2686 1736 audientem
2717 1690 3127 1743 mansuetiorem
3160 1692 3434 1746 reddebat.
3463 1695 3528 1749 Et

1952 1776 2195 1830 quamam
2246 1767 2332 1843 illa
2381 1772 2780 1840 consequentia,
2832 1775 3059 1845 inquies,
3110 1779 3308 1845 dicere,
3368 1781 3524 1847 Vade,

1952 1866 2071 1906 voca
2099 1856 2254 1909 virum
2283 1867 2422 1912 tuum
2442 1861 2468 1914 ?
2496 1862 2568 1915 [)e
2593 1862 2736 1918 dono
2761 1867 3014 1934 agebatur
3041 1878 3096 1924 ct
3131 1871 3197 1924 de
3233 1874 3398 1942 gratia
3430 1874 3527 1928 liii-

1954 1956 2160 1996 inanam
2187 1955 2426 2001 naturam
2453 1962 2754 2018 superante.
2786 1953 3020 2010 Instabat
3049 1959 3240 2013 mulier
3261 1961 3522 2032 flagitans,

1952 2040 2004 2086 et
2027 2032 2157 2088 dixit
2183 2036 2251 2098 ei,
2296 2037 2430 2091 Voca
2454 2042 2613 2095 i-iruin
2634 2052 2805 2110 tuum;
2832 2047 3173 2104 subindicaus
3213 2053 3358 2107 illiiui
3387 2069 3522 2124 quo-

1950 2139 2054 2193 que
2098 2126 2286 2182 horum
2334 2132 2639 2202 participem
2672 2152 2789 2191 esse
2815 2137 3010 2195 debere
3032 2141 3069 2194 ¹.
3111 2141 3202 2196 Illa
3228 2146 3523 2214 accipiendi

1949 2217 2196 2285 cupida’,
2241 2236 2390 2275 suam
2435 2223 2574 2279 celat
2617 2229 3015 2298 turpitudinem,
3061 2248 3225 2304 seque
3255 2235 3521 2293 hominem

1947 2306 2141 2378 alloqui
2169 2318 2358 2374 putans
2382 2314 2474 2377 ait,
2505 2313 2625 2369 Non
2652 2319 2806 2374 habeo
2831 2323 3008 2377 virum.
3035 2324 3167 2381 llinc
3189 2330 3522 2386 occasionem

1947 2405 2169 2463 captans
2189 2400 2432 2458 Christus
2451 2415 2748 2474 Opportune
2770 2409 2912 2464 illam
2932 2415 3294 2484 reprehendit,
3322 2428 3524 2475 llll'llm-

1947 2503 2050 2557 que
2079 2502 2324 2546 accurate
2354 2495 2625 2564 explicans
2660 2515 2672 2550 :
2707 2515 2826 2553 nam
2875 2503 3078 2570 priores
3117 2521 3304 2563 omnes
3335 2526 3523 2565 nume-

1948 2582 2101 2648 ravit,
2135 2592 2188 2638 et
2215 2583 2352 2638 hunc
2377 2587 2641 2643 occultum
2674 2592 2943 2646 νει-ειςινὶι.
2977 2595 3109 2662 Quid
3137 2613 3265 2667 ergo
3292 2602 3523 2656 mulier?

1945 2671 2058 2727 Non
2089 2691 2230 2746 aegre
2277 2679 2412 2740 tulit.
2462 2696 2567 2734 non
2615 2682 2703 2736 illo
2727 2676 2911 2739 relicto
2939 2684 3086 2757 fugit,
3121 2703 3224 2743 non
3257 2689 3306 2744 id
3337 2702 3524 2746 contu-

1947 2765 2159 2820 meliam
2205 2783 2327 2823 esse
2378 2767 2609 2839 piilmit;
2665 2773 2756 2826 sed
2805 2776 2972 2846 magis
3011 2777 3323 2844 :idiiiiratur,
3354 2785 3522 2852 magis

1946 2867 2251 2923 perseverat
2278 2876 2291 2912 :
2321 2876 2438 2914 nam
2470 2863 2563 2926 ait,
2607 2861 2760 2916 Video
2793 2866 2910 2934 quia
2933 2869 3179 2938 prop/icta
3208 2887 3258 2924 es
3288 2880 3361 2925 tu.
3395 2872 3522 2942 Ejus

1945 2960 2070 2998 vero
2103 2947 2435 3014 prudentiain
2466 2953 2756 3022 perpende.
2788 2955 2903 3010 Non
2943 2959 3118 3012 statim
3147 2964 3394 3026 accurrit,
3425 2964 3519 3017 sed

1944 3035 2118 3091 adhuc
2162 3040 2464 3095 considerat
2507 3052 2560 3097 et
2607 3045 2848 3100 miratur.
2900 3049 3027 3103 lilud
3057 3052 3220 3117 enim,
3261 3052 3435 3119 Video,
3466 3055 3518 3110 id

1943 3136 2045 3194 est,
2097 3128 2301 3184 Videris
2345 3132 2472 3185 mihi
2522 3135 2777 3203 propheta
2824 3152 2963 3193 esse.
3020 3141 3218 3197 Deinde
3264 3146 3383 3213 quia
3417 3145 3519 3200 hoc

1943 3219 2207 3288 SiiSpicata
2239 3233 2373 3289 crat,
2402 3224 2528 3278 nihil
2563 3237 2828 3280 terrenum
2858 3230 3168 3302 interrogat,
3202 3251 3306 3288 non
3333 3235 3399 3290 de
3427 3253 3519 3290 va-

1945 3310 2176 3365 letudine
2202 3314 2441 3382 corporis
2470 3325 2638 3385 rogat,
2665 3334 2768 3371 non
2796 3318 2864 3374 de
2898 3321 3106 3388 opibus,
3137 3338 3240 3377 non
3281 3324 3346 3380 de
3377 3326 3515 3382 diii-

1943 3400 2050 3460 tiis,
2073 3401 2166 3455 sed
2193 3401 2260 3456 de
2281 3404 2612 3472 dogmatibus
2640 3409 2837 3462 statim.
2870 3409 3006 3477 Quid
3047 3413 3186 3467 enim
3221 3415 3385 3470 dicit?
3423 3418 3513 3472 20.

1943 3489 2124 3546 Patres
2149 3495 2304 3548 nostri
2347 3495 2397 3549 in
2439 3506 2604 3551 monte
2643 3499 2736 3551 hoc
2761 3500 3114 3570 adoraverunt,
3147 3505 3410 3563 Abraham
3439 3513 3515 3566 si-

1940 3583 2216 3652 gnificans,
2267 3601 2423 3655 quem
2471 3588 2635 3644 filium
2685 3607 2750 3645 eo
2791 3593 3075 3652 adduxisse
3122 3598 3404 3656 dict-baut:
3449 3603 3516 3659 Et

1940 3676 2188 3742 quomodo
2216 3691 2300 3729 vos
2327 3678 2492 3732 dicitis
2517 3681 2634 3749 quia
2657 3681 2988 3756 Jcrosolymis
3014 3697 3086 3742 est
3111 3689 3252 3745 locus
3279 3694 3361 3747 ubi
3385 3697 3514 3750 ado-

1939 3781 2056 3819 rare
2081 3768 2312 3834 oportet?

2010 3855 2061 3911 3.
2106 3855 2153 3910 Ε
2174 3857 2514 3914 Samaritana:
2532 3862 2698 3917 studio
2721 3864 2964 3932 fervorem
2986 3870 3292 3926 audientium
3310 3878 3512 3933 excitat.

1939 3947 2107 4002 Lectio
2148 3949 2430 4004 divinorum
2474 3951 2712 4006 librorum
2754 3961 3149 4015 commendatur.
3184 3963 3321 4019 Libri
3348 3971 3513 4022 aureis

1939 4039 2208 4095 litteris.—
2225 4042 2410 4098 Viden‘
2425 4060 2580 4114 quam
2606 4057 2785 4101 mente
2801 4051 3076 4106 sublimior
3092 4057 3358 4110 evaserit?
3381 4058 3510 4114 Nam

1938 4132 2026 4186 illa
2053 4133 2138 4188 cui
2169 4131 2236 4188 de
2256 4135 2489 4190 sedanda
2518 4138 2604 4191 siti
2635 4153 2760 4192 cura
2783 4149 2917 4206 erat,
2944 4141 3053 4211 jam
3081 4143 3149 4199 de
3173 4145 3510 4216 dogmatibus

1938 4225 2246 4295 interrogat.
2285 4225 2421 4294 Quid
2450 4244 2576 4299 ergo
2605 4231 2886 4288 Christus?
2913 4234 3026 4289 Non
3066 4238 3223 4293 solvit
3255 4243 3511 4310 qiizestio-

1936 4332 2056 4372 nem
2085 4318 2231 4388 (non
2271 4321 2414 4376 cnim
2457 4322 2558 4377 hoc
2599 4323 2837 4392 curabat,
2871 4337 2928 4381 ut
2965 4329 3030 4383 ad
3058 4333 3233 4385 omnia
3262 4347 3511 4391 accurate

1935 4410 2309 4478 responderet;
2344 4413 2392 4468 id
2436 4415 2630 4485 quippe
2664 4432 3111 4486 supervacaneum
3153 4423 3382 4498 fuissei),
3417 4430 3507 4482 sed

1935 4515 2116 4555 rursus
2161 4502 2434 4558 mulierem
2480 4504 2545 4558 ad
2595 4506 2851 4577 majorem
2899 4513 3274 4570 sublimitatem
3327 4517 3507 4583 ducit;

1933 4609 2031 4648 nec
2079 4595 2224 4662 prius
2272 4597 2357 4650 illa
2404 4605 2614 4665 tractat,
2660 4616 2818 4672 quam
2851 4605 3041 4659 mulier
3085 4607 3328 4663 confessa
3362 4623 3509 4666 esset

1932 4685 2104 4752 ipsum
2125 4701 2242 4740 esse
2270 4687 2602 4757 prophetam,
2623 4703 2682 4745 ut
2705 4693 2958 4761 majorem
2983 4706 3162 4764 postea
3176 4698 3326 4754 dictis
3349 4699 3506 4757 fidem

1933 4775 2170 4831 haberet.
2201 4777 2329 4845 Quae
2355 4782 2495 4834 enim
2530 4782 2630 4836 line
2658 4784 2921 4850 crederet,
2952 4801 3055 4841 non
3087 4790 3219 4842 ultra
3262 4790 3328 4846 de
3353 4792 3508 4848 dictis

1929 4865 2228 4920 dubitatura
2278 4879 2411 4922 erat.
2456 4870 2661 4926 l’udcat
2692 4889 2818 4944 ergo
2845 4890 2961 4940 nos,
3010 4885 3064 4932 ει
3108 4881 3506 4942 erubescamus.

1929 4957 2115 5014 Mulier
2142 4976 2260 5030 quin
2291 4964 2522 5034 quinque
2548 4967 2690 5021 viros
2717 4966 2990 5033 habuerat,
3021 4971 3369 5040 Samaritana,
3395 4985 3508 5031 tan-

1930 5058 2038 5103 tum
2055 5050 2311 5106 doctrinm
2326 5054 2660 5110 addiscciidie
2676 5058 2905 5113 studium
2920 5059 3097 5127 liabet,
3118 5080 3216 5118 nec
3234 5066 3358 5120 liora
3375 5067 3503 5134 dici.

1929 5155 2027 5194 nec
2044 5141 2184 5196 aliud
2206 5144 2428 5213 quodvis
2442 5144 2674 5200 cilicium
2693 5148 2771 5200 vel
2792 5149 3056 5217 negotium
3072 5152 3211 5207 illam
3228 5153 3296 5208 ab
3317 5154 3504 5226 hujus-

1928 5232 2070 5286 modi
2088 5235 2378 5303 quaestione
2398 5237 2643 5291 abducit:
2670 5253 2766 5291 nos
2794 5247 2971 5295 autem
3003 5257 3106 5297 non
3127 5243 3283 5298 modo
3307 5245 3377 5302 de
3403 5247 3503 5302 do-

1925 5325 2189 5392 gmatibus
2219 5341 2323 5379 non
2351 5327 2756 5397 interrogamus,
2781 5333 2872 5384 sed
2893 5332 2943 5385 in
2966 5334 3212 5390 omnibus
3253 5340 3506 5394 socordes

1929 5412 2207 5484 ignaiique
2251 5432 2454 5471 smnus.
2504 5418 2626 5472 Ideo
2654 5421 2830 5475 omnia
2862 5423 3215 5494 negliguntur.
3261 5430 3387 5496 Quis
3416 5446 3502 5484 γε·

1987 5545 2001 5618 ξ
2025 5551 2136 5602 Quae
2159 5551 2428 5608 sequuntur
2454 5557 2559 5610 post
2583 5547 2719 5611 illud,
2748 5559 2870 5602 t'oca
2894 5553 3047 5614 vii-um
3065 5561 3215 5618 tuum,
3257 5557 3333 5608 alii
3359 5557 3501 5608 aliter

1923 5607 2151 5656 eﬂ'erut-it.

1987 5671 2005 5698 ¹
2041 5667 2199 5716 Morel.
2239 5667 2419 5719 habet:
2460 5670 2549 5722 Il:'a
2573 5673 2718 5722 fatere
2742 5674 2956 5740 cupiens.
