3984 6196
592 277 689 329 187

589 405 781 458 strum,
814 405 1013 460 qumso,
1046 389 1188 444 domi
1219 387 1564 443 christianum
1595 387 1784 440 librum
1805 381 2167 454 arripit,dicta

590 486 880 548 examinat,
938 493 1028 537 aut
1079 481 1406 549 Scripturam
1453 477 1758 534 scrutatur?
1805 475 1972 530 Nemo
2002 487 2167 537 sane;

591 577 683 631 sed
715 576 850 630 talos
877 584 928 629 et
959 574 1122 628 cubos
1149 571 1288 643 apud
1313 572 1594 641 plerosque
1629 569 1977 632 inveniemus,
2007 566 2171 621 libros

593 683 870 738 nusquam,
923 667 1006 720 vel
1050 665 1190 735 apud
1240 677 1434 734 paucos
1475 671 1639 716 certe.
1674 661 1737 715 lli
1787 675 1916 715 vero
1952 656 2172 728 perinde

592 762 767 816 aﬂ‘n-cti
817 769 959 823 sunt,
991 769 1151 828 atque
1181 757 1215 812 ii
1243 758 1332 828 qui
1365 771 1468 810 non
1498 755 1716 820 habent,
1745 753 1834 824 qui
1869 753 2058 822 ligatos
2086 749 2172 805 vel

595 868 814 922 prorsus
861 852 911 906 in
957 851 1167 906 scriniis
1206 850 1478 919 depositas
1504 856 1738 910 servant,
1767 860 2028 913 omneque
2056 851 2170 897 stu-

593 945 740 997 dium
768 953 973 1013 ponunt
1011 943 1061 996 in
1093 941 1523 996 membranarum
1553 938 1828 999 tenuitate,
1857 944 1946 989 aut
1975 936 2024 988 in
2053 935 2173 988 lite-

596 1052 772 1090 rarum
804 1034 1216 1104 pulchritudine,
1247 1033 1486 1102 neglecta
1529 1031 1777 1085 lectione.
1809 1027 1992 1098 Neque
2031 1026 2172 1080 enim

595 1127 658 1180 ad
684 1127 966 1180 utilitatem
1004 1124 1306 1194 quampiam
1354 1123 1474 1176 illos
1501 1122 1800 1190 acquirunt,
1829 1118 1922 1173 sed
1950 1127 2007 1171 ut
2042 1131 2174 1186 opu-

597 1220 810 1272 leutiam
843 1232 992 1272 suam
1025 1216 1306 1270 ambitiose
1333 1221 1604 1268 ostentent
1637 1229 1651 1266 :
1684 1220 1858 1266 tantus
1885 1220 1968 1264 est
2003 1209 2176 1263 inanis

596 1310 779 1375 gloria:
820 1309 1007 1363 fastus.
1049 1307 1328 1362 Neminem
1378 1306 1536 1360 audio
1583 1304 1633 1360 id
1677 1305 1880 1359 ambire
1924 1312 1983 1358 ut
2013 1302 2176 1357 libros

597 1399 888 1467 intelligat;
919 1398 1013 1454 sed
1049 1398 1226 1466 potius
1255 1412 1313 1452 se
1351 1396 1516 1451 libros
1545 1395 1741 1450 habere
1765 1394 1968 1463 jactant
2001 1392 2177 1446 aureis

598 1489 767 1543 literis
793 1490 1040 1558 scriptos.
1075 1488 1140 1542 Et
1161 1487 1310 1557 quid,
1342 1501 1545 1558 quaeso,
1589 1486 1712 1541 hinc
1739 1485 1870 1540 lucri
1898 1482 2177 1554 provenit?

598 1581 710 1635 Non
743 1582 886 1636 enim
914 1591 1196 1649 propterea
1225 1579 1366 1633 data:
1411 1579 1565 1632 nobis
1607 1587 1730 1632 sunt
1773 1577 2089 1645 Scriptum.
2121 1581 2180 1629 ut

600 1672 717 1725 illas
751 1672 800 1724 in
845 1670 996 1724 libris
1042 1677 1246 1723 tantum
1286 1669 1608 1732 habeamus;
1639 1667 1733 1722 sed
1762 1675 1818 1721 ut
1847 1667 1898 1721 in
1929 1664 2180 1721 cordibus

601 1761 983 1829 insculpamus.
1015 1758 1173 1814 Certe
1214 1758 1329 1813 haec
1375 1759 1628 1813 librorum
1654 1757 1922 1828 possessio
1946 1756 2178 1812 Iudaica:

599 1851 907 1906 ambitionis
935 1859 1038 1917 est,
1070 1864 1189 1904 cum
1221 1849 1466 1904 videlicet
1512 1857 1774 1919 prrecepta
1817 1849 1983 1903 literis
2007 1848 2181 1904 solum

601 1942 941 1997 mandantur.
973 1940 1137 1995 Nobis
1165 1940 1348 2010 utique
1390 1954 1496 1994 non
1540 1940 1608 1994 ab
1638 1939 1788 1994 initio
1835 1939 1912 1994 sic
1943 1939 2027 1993 lex
2058 1938 2181 1993 data

603 2035 720 2100 fuit,
750 2033 843 2088 sed
869 2034 920 2087 in
945 2033 1135 2087 tabulis
1159 2031 1336 2086 cordis
1366 2031 1687 2086 carnalibus.
1720 2029 1844 2085 Haec
1885 2045 2012 2085 vero
2039 2029 2182 2096 dico,

604 2141 711 2180 non
742 2125 879 2195 quod
900 2124 1064 2179 libros
1079 2136 1392 2192 comparare
1409 2121 1744 2193 prohibeam,
1768 2123 1876 2178 imo
1913 2122 1964 2176 id
1999 2122 2180 2189 laudo,

605 2227 658 2271 et
699 2226 757 2270 ut
797 2215 888 2270 liat
939 2223 1170 2285 exopto;
1213 2213 1306 2269 sed
1352 2213 1510 2268 velim
1550 2229 1737 2270 eorum
1777 2222 1833 2270 et
1859 2213 2000 2270 dicta
2028 2215 2098 2269 ita
2132 2223 2187 2269 et

605 2323 760 2363 sensa
801 2309 852 2362 in
894 2308 1088 2361 animis
1119 2307 1315 2362 nostris
1340 2307 1565 2372 versari,
1595 2316 1654 2362 ut
1688 2307 1724 2361 ii
1753 2308 2072 2377 scriptorum
2101 2308 2186 2362 in-

611 2397 904 2468 telligentia
955 2406 1267 2466 purgentur.
1301 2396 1432 2450 Nam
1463 2397 1504 2450 si
1537 2397 1774 2463 domum,
1825 2398 1914 2452 ubi
1943 2397 2186 2468 Evange-

608 2492 736 2546 litun
768 2498 869 2558 est,
900 2489 1050 2544 adire
1079 2504 1183 2544 non
1216 2489 1376 2543 audet
1416 2488 1690 2552 diabolus;
1720 2490 1889 2544 multo
1916 2491 2092 2544 minus
2120 2489 2187 2545 ad

608 2583 838 2637 animam
876 2580 1194 2652 evangelicis
1221 2581 1476 2636 imbutam
1510 2581 1794 2636 sententiis
1817 2580 2072 2636 accedere
2097 2589 2190 2636 aut

610 2677 821 2731 daemon
851 2683 942 2730 aut
971 2682 1249 2744 peccatum
1281 2673 1516 2730 audebit.
1566 2673 1847 2729 Sanctiﬁca
1888 2675 2048 2746 igitur
2074 2674 2188 2728 ani-

611 2781 752 2822 mam
784 2775 945 2831 tuam,
981 2765 1250 2822 sanetilica
1281 2781 1476 2835 corpus
1505 2783 1518 2818 :
1549 2765 1663 2821 haec
1692 2781 1904 2836 semper
1934 2766 1986 2820 in
2025 2765 2189 2822 corde

609 2867 664 2912 et
691 2859 741 2912 in
766 2859 941 2927 lingua
963 2871 1163 2912 verses.
1194 2856 1325 2911 Nam
1354 2856 1396 2910 si
1427 2857 1596 2924 turpia
1625 2855 1783 2913 verba
1817 2857 2112 2928 inquinant,
2136 2865 2191 2912 et

613 2948 884 3004 daemones
912 2957 1168 3009 evocant;
1215 2949 1386 3018 palam
1418 2956 1569 3002 certe
1604 2955 1686 3001 est
1714 2947 1995 3003 lectionem
2027 2947 2188 3017 spiri-

613 3043 806 3095 tualem
835 3039 1168 3095 sanetillcare
1195 3051 1248 3094 et
1285 3039 1616 3110 spiritualcm
1647 3040 1869 3109 gratiam
1899 3040 2186 3095 attrahere.

611 3134 897 3203 Scriptura:
911 3133 1086 3187 divina
1101 3141 1224 3189 sunt
1240 3134 1465 3188 cantica.
1483 3134 1772 3189 Cantemus
1789 3147 1916 3204 ergo
1935 3135 2069 3187 intra
2093 3147 2192 3188 nos

611 3226 776 3296 ipsos,
807 3241 868 3280 ac
892 3225 1088 3280 morbis
1110 3225 1301 3279 anima:
1332 3224 1446 3280 hmc
1468 3224 1701 3279 remedia
1739 3223 2106 3279 adhibeamus.
2136 3225 2190 3282 Si

609 3321 870 3376 sciremus
913 3321 1057 3374 enim
1076 3335 1136 3374 ea
1154 3335 1274 3390 qua:
1300 3319 1567 3389 leguntur,
1588 3333 1780 3388 magno
1802 3319 1888 3372 illa
1911 3317 2085 3373 studio
2101 3333 2192 3373 au-

609 3411 868 3465 diri-mus.
897 3410 1021 3464 Hzrc
1042 3425 1255 3478 semper
1281 3409 1422 3472 dico,
1443 3423 1542 3463 nec
1571 3407 1727 3462 linem
1746 3408 1954 3463 dicendi
1981 3409 2188 3464 faciam.

612 3505 803 3554 Annon
818 3498 1103 3553 absurdum
1123 3498 1296 3561 fuerit,
1325 3497 1507 3554 sidum
1527 3498 1768 3554 homines
1790 3501 1840 3555 in
1866 3499 1980 3554 foro
1995 3500 2192 3556 seden-

614 3601 715 3653 tes,
729 3592 1030 3661 aurigarum
1049 3599 1103 3644 et
1117 3591 1426 3645 saltatorum
1445 3591 1680 3659 nomina,
1701 3606 1890 3661 genus,
1903 3592 2081 3656 urbes,
2113 3593 2194 3648 in-

611 3683 896 3746 dustriam,
929 3681 1037 3736 imo
1079 3697 1336 3752 equorum
1383 3681 1632 3737 virtutem
1658 3691 1753 3736 aut
1779 3683 1901 3737 vitia
1933 3693 2190 3737 narrant:

614 3773 691 3827 illi
721 3773 808 3841 qui
838 3771 940 3826 huc
961 3773 1307 3837 conveniunt,
1341 3786 1528 3828 eorum
1555 3788 1673 3843 quae
1700 3772 1785 3826 hic
1805 3781 2032 3844 aguntur
2063 3772 2193 3826 nihil

613 3865 808 3930 sciant,
853 3865 958 3917 imo
1000 3863 1171 3932 ipsum
1222 3864 1478 3919 librorum
1511 3880 1789 3919 numerum
1831 3863 2111 3935 ignorent?
2138 3862 2192 3918 Si

610 3957 755 4011 enim
806 3956 1093 4026 voluptatis
1137 3971 1296 4011 causa
1331 3955 1416 4010 illa
1463 3956 1746 4027 percipias,
1779 3955 2054 4011 ostendam
2101 3955 2192 4010 tibi

1329 274 1384 330 S.
1422 271 1696 330 JOANNIS
1734 261 2198 326 CIIRYSOS'I‘OMI
2237 264 2548 322 ARCIIIEP.
2589 262 3117 323 CONSTANTINOP.
3729 269 3818 323 ωδ

2273 379 2395 433 hinc
2421 379 2675 447 majorem
2703 380 2915 448 decerpi
2938 381 3282 448 voluptatem.
3305 375 3442 452 Quid
3457 381 3616 448 enim,
3635 396 3816 452 quteso,

2273 472 2527 526 suavius?
2551 473 2675 542 quid
2703 473 3035 527 mirabilius?
3059 487 3124 526 an
3169 471 3439 527 hominem
3475 487 3592 528 cum
3628 473 3821 530 homine

2274 563 2556 619 luctantem
2581 580 2821 630 cernere,
2851 579 2916 618 an
2941 563 3207 619 hominem
3233 579 3354 620 cum
3381 565 3592 620 diabolo
3610 581 3824 637 pugnan-

2276 663 2404 718 tem,
2433 664 2486 710 et
2510 670 2702 726 corpus
2725 669 2844 709 cum
2869 655 3181 724 incorporea
3215 663 3477 725 potestate
3501 657 3824 727 congrediens

2276 759 2332 807 et
2349 752 2643 822 superans?
2668 751 2770 806 llas
2787 765 2990 821 pugnas
3005 750 3448 820 contemplemur;
3469 751 3582 818 has,
3608 753 3822 821 inquam,

2277 859 2408 916 quas
2441 844 2636 927 imitari
2660 843 2914 898 decorum
2948 843 3182 912 utileque
3210 851 3312 906 est,
3345 858 3477 912 quas
3501 843 3586 913 qui
3631 844 3826 897 imitan-

2279 943 2384 999 tur,
2429 948 2680 988 coronam
2730 933 2998 1002 accipiunt
3029 949 3042 986 :
3072 947 3178 986 non
3228 941 3406 986 autem
3455 932 3589 998 illas,
3619 949 3826 1002 quarum

2277 1026 2511 1081 studium
2540 1026 2878 1096 ignominiam
2908 1025 3046 1095 parit
3068 1024 3416 1079 imitantibus.
3443 1024 3730 1080 lllamenlm
3749 1042 3832 1094 pu-

2277 1132 2434 1188 gnam
2449 1133 2569 1172 cum
2593 1117 2922 1172 daamonibus
2938 1116 3185 1185 aspicies,
3205 1116 3251 1170 si
3267 1118 3556 1184 aspexeris;
3579 1117 3704 1172 tunc
3720 1133 3830 1172 cum

2278 1211 2478 1280 angelis
2495 1221 2548 1266 et
2569 1209 2877 1281 angelorum
2899 1211 2913 1242 ¹
2935 1209 3181 1263 Domino.
3199 1208 3292 1263 Dic
3326 1212 3466 1262 enim
3489 1210 3634 1274 mihi,
3656 1211 3695 1264 si
3724 1211 3833 1266 lice-

2280 1315 2358 1359 ret
2376 1303 2466 1358 tibi
2480 1319 2598 1358 cum
2619 1304 2941 1373 principibus
2953 1317 3016 1356 ac
3032 1303 3243 1373 regibus
3254 1303 3526 1359 sedentem
3541 1306 3836 1374 spectaculis

2283 1394 2406 1460 frui,
2435 1411 2610 1450 annon
2641 1395 2767 1450 illud
2795 1395 2946 1450 valde
2967 1394 3319 1449 honoriﬁcum
3340 1395 3587 1464 putares?
3609 1396 3696 1450 llic
3719 1411 3836 1450 vero

2281 1500 2401 1540 cum
2433 1485 2576 1556 Rege
2616 1485 2926 1556 angelorum
2969 1485 3155 1541 videns
3182 1485 3454 1540 diabolum
3495 1501 3523 1538 a
3545 1485 3696 1540 dorso
3720 1501 3837 1541 cor-

2284 1588 2515 1647 reptum,
2562 1579 3023 1633 reluctantem’ac
3064 1579 3278 1633 vincere
3325 1577 3521 1632 frustra
3551 1588 3836 1642 conantem.

2284 1682 2460 1724 annon
2487 1668 2657 1722 curris
2683 1669 2748 1722 ad
2781 1668 2880 1723 hoc
2909 1669 3312 1738 spectaculum?
3342 1668 3408 1722 Et
3449 1669 3727 1738 quomodo,
3759 1671 3837 1723 in-

2284 1761 2456 1831 quies,
2507 1769 2730 1830 possunt
2786 1759 2899 1814 haec
2929 1759 3082 1814 fieri?
3122 1759 3176 1815 Si
3230 1759 3419 1813 librum
3467 1775 3573 1828 pra:
3613 1762 3838 1816 manibus

2287 1853 2504 1908 habeas.
2549 1852 2605 1906 In
2654 1852 2745 1907 illo
2792 1867 3021 1921 namque
3052 1851 3279 1917 videbis,
3308 1861 3361 1906 et
3405 1850 3593 1917 fossas,
3621 1860 3672 1906 et
3698 1857 3838 1922 longa

2289 1943 2574 2010 curricula,
2601 1952 2656 1999 et
2684 1943 2928 2014 captandi
2958 1957 3134 2007 ansas,
3171 1954 3223 1998 et
3246 1942 3373 2011 justi
3404 1941 3697 1997 artificium.
3728 1942 3838 1997 Ila-c

2287 2036 2331 2092 si
2380 2034 2680 2106 spectacula
2730 2035 2990 2098 intueare,
3041 2034 3217 2089 disces
3266 2033 3503 2088 certandi
3544 2033 3768 2098 modum,
3795 2043 3838 2087 et

2287 2129 2560 2184 daamonas
2603 2127 2899 2197 superabis.
2936 2125 3024 2180 Illa
3055 2141 3182 2182 vero
3225 2126 3524 2195 Spectacula
3555 2127 3838 2181 daemonum

2289 2230 2414 2276 sunt
2441 2220 2802 2283 celebritates,
2831 2233 2936 2274 non
2968 2218 3241 2273 hominum
3271 2206 3477 2272 theatra
3498 2217 3538 2271 ³.
3567 2217 3694 2274 Nam
3721 2221 3762 2273 si
3800 2220 3838 2272 ir

2290 2315 2552 2370 idolorum
2596 2312 2850 2382 templum
2891 2328 2997 2366 non
3047 2311 3171 2367 licet
3217 2311 3441 2380 ingredi,
3490 2311 3653 2364 multo
3683 2312 3838 2365 minus

2290 2408 2412 2464 licet
2441 2407 2492 2461 in
2520 2405 2808 2460 satanicam
2833 2404 3216 2460 celebritatem.
3249 2402 3372 2458 Iltec
3393 2403 3568 2459 dicere
3592 2411 3640 2458 et
3659 2404 3838 2472 agitari

2292 2515 2399 2554 non
2447 2497 2708 2562 desinam,
2751 2495 2921 2551 donec
2964 2510 3060 2549 vos
3087 2504 3317 2550 mutatos
3357 2494 3560 2550 videro.
3590 2495 3714 2549 Nam
3745 2494 3838 2548 luet

2291 2591 2490 2656 dicere,
2535 2589 2668 2643 Mihi
2703 2589 2902 2658 quidem
2947 2605 3046 2641 non
3075 2588 3292 2657 pigrum,
3327 2587 3514 2655 inquit,
3543 2586 3673 2640 vobis
3697 2597 3838 2639 auten

2293 2694 2455 2739 tutum
2501 2692 2574 2738 est
2604 2681 2868 2756 (Philipp.
2907 2682 2959 2736 5.
2991 2682 3010 2736 1
3040 2679 3082 2753 ).
3132 2679 3208 2735 Ne
3246 2681 3402 2750 igitur
3448 2679 3838 2734 admonitioueu

2293 2792 2433 2846 :rgre
2461 2777 2661 2832 feratis.
2694 2775 2824 2830 Nam
2855 2775 2899 2830 si
2937 2775 3167 2846 graviter
3193 2773 3488 2840 ferendum,
3532 2773 3656 2828 mihi
3691 2775 3834 2842 potiu

2293 2879 2435 2923 esset
2463 2865 2553 2938 qui
2575 2883 2680 2922 non
2703 2866 2907 2930 audior,
2933 2883 3091 2936 quam
3119 2866 3270 2921 vobis
3289 2865 3379 2935 qui
3405 2880 3616 2934 semper
3649 2866 3838 2919 auditis

2296 2973 2584 3028 numquam
2613 2966 2789 3013 autem
2833 2957 3230 3025 obtemperatis.
3265 2956 3370 3012 Sed
3410 2957 3550 3012 absit
3578 2967 3633 3012 ut
3658 2971 3838 3026 seinpe

2296 3067 2390 3105 vos
2432 3065 2685 3106 accusare
2723 3064 2912 3120 cogar;
2964 3048 3094 3103 faxit
3139 3049 3278 3102 Deus
3319 3057 3374 3103 ut
3413 3047 3513 3102 hac
3548 3049 3834 3116 turpitudin

2296 3143 2525 3207 liberati,
2575 3141 2834 3211 spirituali
2884 3138 3554 3210 spectaculo‘dignemini,
3603 3147 3656 3192 et
3695 3137 3836 3193 futur

2293 3237 2460 3306 gloria
2493 3233 2744 3288 fruamini
2771 3251 2784 3286 :
2825 3233 2995 3302 gratia
3018 3241 3072 3286 et
3115 3231 3441 3301 benignitate
3470 3230 3674 3284 Domini
3701 3240 3836 3284 nosti

2295 3329 2422 3384 Jesu
2471 3325 2687 3390 Christi,
2735 3325 2947 3394 quicum
3000 3322 3141 3378 Patri
3167 3322 3358 3392 gloria,
3416 3337 3622 3391 unaque
3652 3321 3836 3392 Spiritt

2293 3429 2500 3482 sancto,
2526 3417 2576 3470 in
2609 3415 2801 3470 sarcula
2831 3413 3171 3469 szeculorum.
3205 3415 3396 3468 Amen.

2359 3596 2374 3626 ί
2410 3590 2530 3662 savil
2564 3589 2748 3648 habet,
2773 3601 2883 3638 cum
2905 3585 3089 3650 angelis
3116 3591 3162 3635 et
3198 3582 3500 3648 archangetis
3522 3589 3567 3632 et
3591 3582 3834 3646 angeloru

2296 3664 2664 3763 Βῗηῗῖἶθὲιοι-οι.
2691 3710 2997 3771 ιεςίιυι-..ηη
3025 3706 3189 3758 videns
3219 3704 3463 3756 diabolum
3484 3718 3547 3756 ea:
3567 3705 3784 3756 oraculis
3809 3715 3836 3755 α

2296 3777 2416 3818 m'in's
2439 3773 2622 3818 nudare
2643 3773 2891 3818 suffusum.
2918 3769 3244 3818 reluctantem.

2296 3773 2622 3886 uiuislrudore
2643 3773 2891 3843 suffusum,
2918 3773 3244 3819 reluctantem.
3676 3825 3688 3836 .

2363 3841 2382 3870 ³
2465 3839 2508 3885 ic
2531 3835 2660 3884 addit
2680 3833 2820 3895 Saul.
2847 3843 2861 3880 :
2893 3838 3072 3895 Itaque,
3095 3831 3290 3880 obsecro
3312 3840 3409 3889 vos,
3427 3841 3459 3877 a
3479 3834 3710 3878 satanicts
3741 3826 3836 3878 abs

2298 3908 2402 3963 nete
2427 3894 2794 3963 cetebritutibus.
2846 3960 2853 3963 _
2953 3894 2982 3963 ,⁷
3015 3953 3026 3963 _
3104 3951 3116 3963 .
3387 3950 3398 3961 .
3433 3949 3463 3963 ,Δ
3536 3948 3567 3963 η

2361 3962 2382 3993 δ
2418 3957 2578 4009 .uorel.
2603 3958 2768 4016 habet,
2792 3953 2985 4005 internis
3009 3951 3170 4012 bonis,
3197 3963 3301 4014 pro,
3323 3950 3567 4016 spiritanti
3586 3953 3836 4013 spectacut

612 4073 3836 4104 Μ

1922 4161 2268 4226 HOMILIA
2317 4158 2618 4221 XXXIII.

611 4320 672 4374 2|
691 4359 703 4372 .
735 4318 870 4372 Dicit
899 4318 939 4371 ei
965 4315 1153 4370 Iesus:
1186 4313 1388 4380 Mulier,
1412 4312 1558 4366 crede
1577 4313 1721 4376 mihi,
1747 4312 1865 4382 quia
1895 4311 2021 4365 venit
2045 4310 2190 4374 hora,

681 4410 886 4481 quando
924 4424 1079 4478 neque
1103 4407 1153 4460 in
1177 4415 1342 4460 ntonte
1367 4405 1480 4470 hoc,
1507 4421 1665 4472 neque
1695 4402 2030 4473 lerosolymis
2059 4400 2188 4454 ado-

686 4504 860 4557 rabilis
913 4499 1138 4554 Patrem.
1193 4497 1284 4551 22.
1344 4496 1444 4550 Vos
1492 4497 1717 4549 adoratis
1756 4495 1893 4566 quod
1941 4493 2142 4546 nescitis
2173 4507 2193 4545 :

681 4613 775 4649 nos
830 4591 1100 4646 adoramus
1166 4588 1301 4656 quod
1363 4589 1566 4653 scimus,
1620 4587 1739 4656 quia
1787 4585 1925 4639 salus
1978 4599 2043 4639 ea:
2091 4582 2192 4636 Ju-

682 4688 805 4740 dwis
836 4694 926 4739 est.

687 4779 739 4829 l.
769 4775 914 4828 Fidei
939 4771 1225 4826 necessitas.
1253 4768 1398 4822 Illud
1417 4811 1432 4834 ,
1464 4765 1634 4822 Crede
1664 4766 1793 4820 mihi
1816 4805 1832 4831 ,
1864 4765 2190 4820 mulier......

612 4867 900 4923 ailorabitis
930 4865 1159 4928 Patrem,
1211 4869 1598 4915 commentatur.
1629 4857 1806 4912 Cultus
1833 4857 2192 4912 Samaritano-

610 4977 748 5013 rum.
779 4957 1077 5011 ludworum
1105 4971 1256 5024 super
1297 4952 1650 5008 Samaritanos
1677 4949 1985 5018 praestantia.
2009 4947 2195 5001 Christi

611 5054 664 5107 iu
687 5057 1032 5105 testamentum
1059 5055 1194 5099 vetus
1223 5043 1542 5113 suifragium.
1566 5071 1635 5082 —
1662 5039 1869 5110 Ubique
1895 5037 1999 5093 lide
2039 5038 2193 5092 nobis

611 5156 747 5211 opus
767 5151 869 5205 est,
901 5137 1103 5202 dilecti,
1129 5135 1251 5199 lidc,
1284 5134 1542 5189 bonorum
1584 5139 1776 5194 matre,
1810 5129 1997 5183 salutis
2024 5127 2195 5182 medi-

612 5230 887 5294 cina,sine
914 5241 1016 5298 qua
1067 5225 1266 5279 nullam
1317 5236 1624 5290 magnarum
1675 5234 1850 5274 rerum
1891 5218 2187 5272 doctrinam

615 5322 886 5393 percipere
915 5333 1233 5388 possumus;
1260 5316 1353 5372 sed
1397 5314 1612 5386 perinde
1655 5321 1813 5382 atque
1844 5311 1915 5365 illi
1943 5309 2032 5378 qui
2075 5309 2192 5363 sine

613 5413 732 5468 navi
761 5425 904 5465 mare
933 5408 1176 5478 trajicere
1202 5415 1482 5470 conantur,
1518 5403 1780 5458 tantillum
1812 5407 2034 5470 possunt
2076 5411 2192 5452 ma-

612 5506 768 5561 nilius
800 5504 1124 5575 pedibusque
1151 5510 1354 5562 natare,
1384 5495 1474 5552 sed
1505 5494 1726 5550 ulterius
1767 5489 2054 5562 progressi,
2083 5487 2192 5542 cito

612 5596 910 5653 alluctibus
935 5593 1346 5660 demerguntur;
1393 5587 1469 5642 sic
1515 5584 1675 5654 etqui
1721 5581 1945 5652 propriis
1971 5589 2194 5634 utuntur

615 5692 924 5752 ratiociniis.
949 5698 1230 5753 antequam
1258 5679 1558 5746 didicerint,
1593 5674 1924 5745 naufragium
1949 5672 2146 5728 faciunt
2175 5690 2188 5726 ε

2300 4300 2746 4376 quemadmodum
2768 4307 2822 4354 et
2848 4296 3039 4352 Paulus
3076 4295 3170 4361 ait,
3197 4293 3296 4360 Qui
3322 4292 3455 4346 circa
3483 4291 3640 4360 ﬁdem
3673 4296 3833 4363 naufr

2295 4404 2498 4466 garum.
2522 4390 2670 4460 Quod
2701 4406 2766 4444 nc
2787 4405 2885 4444 nos
2911 4401 3122 4458 quoque
3143 4384 3423 4454 patiamur,
3447 4397 3662 4437 sacram
3708 4394 3834 4438 tene

2299 4502 2416 4541 mus
2444 4499 2714 4548 ancoram,
2739 4497 2836 4552 per
2864 4494 3022 4549 quam
3049 4475 3292 4530 Christus
3313 4474 3714 4528 Samaritanam
3743 4490 3834 4526 nui

2297 4577 2460 4632 ducit.
2484 4575 2615 4629 Nam
2636 4588 2756 4628 cum
2787 4572 2872 4626 illa
2901 4571 3124 4631 diceret,
3157 4565 3419 4632 Quomodo
3456 4581 3539 4618 vos
3565 4564 3747 4617 dicitis
3779 4582 3834 4634 qi

2297 4671 2348 4724 in
2377 4667 2709 4737 Jerosolymis
2747 4675 2818 4720 est
2861 4665 3020 4728 locus,
3054 4663 3104 4715 in
3131 4677 3230 4729 quo
3253 4667 3446 4728 oportet
3485 4657 3756 4710 adorare?
3813 4674 3834 4711 r

2298 4759 2511 4830 spondit
2537 4757 2783 4813 Christus
2810 4773 2822 4807 :
2851 4754 3008 4808 Crede
3034 4753 3177 4816 mihi,
3204 4751 3401 4812 mulier,
3429 4749 3544 4818 quia
3571 4749 3714 4802 venit
3745 4749 3834 4800 ho:

2296 4853 2497 4923 quando
2521 4866 2676 4920 neque
2703 4849 2755 4902 in
2791 4846 3142 4916 Jerosolymis,
3170 4858 3326 4913 neque
3349 4841 3400 4894 in
3437 4848 3607 4893 monte
3639 4840 3742 4892 hoc
3773 4857 3834 4892 ac

2297 4945 2470 4998 rabilis
2498 4942 2722 4996 Patrem.
2745 4939 3028 4993 Maximum
3062 4935 3183 4988 huic
3208 4933 3400 5002 dogma
3436 4930 3731 4994 revelavit,
3756 4946 3834 5000 qu

2299 5050 2398 5090 nec
2423 5033 2732 5096 Nicodemo,
2753 5044 2852 5085 nec
2871 5026 3182 5084 Nathanaeli
3205 5024 3356 5080 dixit.
3377 5024 3499 5077 llzec
3517 5037 3618 5076 sua
3649 5021 3829 5076 Judai

2300 5124 2665 5193 praestantiora
2700 5135 2821 5176 esse
2867 5116 3164 5179 contendit,
3212 5124 3266 5170 et
3310 5121 3519 5183 patrum
3565 5113 3834 5166 auctorit:

2301 5215 2511 5268 ﬁrmare
2541 5213 2729 5266 nititur
2751 5209 3028 5265 :Christus
3049 5222 3178 5262 vero
3203 5205 3332 5260 nihil
3357 5204 3422 5258 ad
3451 5202 3555 5256 hoc
3584 5217 3833 5272 reSpom‘

2297 5307 2756 5374 Supervacancum
2785 5301 2928 5356 enim
2959 5310 3083 5354 tunc
3109 5298 3291 5352 fuisset
3319 5294 3632 5356 ostendere,
3671 5310 3778 5347 cur
3820 5309 3834 5362 ι

2300 5408 2409 5453 tres
2440 5398 2490 5450 in
2521 5405 2719 5460 monte,
2759 5409 2854 5448 cur
2899 5391 3067 5447 Judzei
3095 5391 3148 5444 in
3175 5386 3524 5458 Jerosolymis
3571 5386 3827 5440 adorare

2298 5490 2422 5544 Ideo
2476 5487 2602 5542 illud
2650 5487 2845 5550 tacuit;
2879 5493 2932 5539 et
2965 5483 3169 5538 sublata
3218 5480 3285 5536 de
3313 5480 3594 5549 utriusque
3623 5477 3737 5530 loci
3775 5491 3834 5545 pr

2297 5578 2488 5634 stantia
2516 5576 2827 5646 qumstionc,
2851 5573 2967 5643 ejus
2987 5573 3217 5627 animam
3245 5570 3426 5640 erigit,
3457 5567 3776 5622 ostendens
3814 5583 3828 5616 ι

2298 5685 2401 5741 que
2440 5669 2653 5724 ludat-os
2709 5681 2880 5737 neque
2915 5673 3096 5734 patres
3122 5675 3278 5733 posse
3320 5673 3572 5731 magnum
3616 5655 3826 5727 quidpi
