4012 6194
428 366 618 435 τέρους
647 365 770 427 τοὺς
801 362 1084 424 Ἰουδ.ίους
1107 361 1401 430 ἀπέφηνεν,
1420 357 1479 410 ού
1503 356 1665 412 τόπον
1690 355 1852 408 τόπου
1878 370 2010 423 προ-

429 445 623 516 τιμῶν,
653 445 787 499 ἀλλά
811 445 917 497 ἀπὸ
941 445 1037 515 τῆς
1066 443 1303 505 διανοίας
1332 441 1546 510 ἐκείνης
1568 438 1667 509 τὴν
1692 435 2012 509 προεδρείαν

462 530 625 592 ιδοὺς,
668 527 867 581 ὡσανεὶ
914 526 1118 595 ἔλεγεν·
1152 525 1329 578 Τόπον
1363 524 1461 595 μὲν
1502 524 1706 585 ἕνεκεν,
1731 520 1886 574 οὐδὲν
1929 519 2011 571 δεῖ

429 610 613 672 λοιπὸν
667 609 1007 678 φιλονεικεῖν.
1056 609 1299 662 Ἰουδαῖοι
1356 607 1539 676 μέντοι
1598 604 1677 675 τῷ
1713 603 1900 675 τρόπῳ
1946 601 2007 655 τὸ

428 695 592 748 πλέον
621 695 729 747 τῶν
757 692 1109 764 Σαμαρειτῶν
1142 691 1317 761 ἔσχον·
1357 688 1540 759 Ὑμεῖς
1566 688 1664 758 μὲν
1688 687 1818 758 γάρ,
1850 685 2003 755 φησὶ,

425 777 821 847 προσκυνεῖτε
858 775 891 829 6
930 777 1041 829 οὐκ
1079 774 1295 828 οἴδατε·
1326 772 1496 841 ἡμεῖς
1525 771 1591 825 δὲ
1625 768 2004 838 προσκυνοῦ-

424 878 539 938 μεν
566 859 598 914 6
622 859 884 929 οἴδαμεν.
910 859 1037 921 Πῶς
1064 855 1158 912 οὖν
1182 858 1281 910 οὐκ
1311 857 1506 927 ᾔδεσαν
1534 857 1583 908 οἱ
1612 854 1945 938 Σαμαρεῖται
1976 851 2006 905 6

430 937 830 1013 προσεκύνουν;
864 942 987 995 Ὀτι
1019 940 1239 995 τοπικὸν
1277 940 1371 993 καὶ
1400 938 1624 1010 μερικδν
1654 937 1787 991 Θεὸν
1818 937 2003 1005 ἐνόμι-

430 1026 519 1090 ζον
549 1022 688 1080 εἶναι
718 1037 745 1066 ι
768 1041 781 1054 ·
823 1023 966 1077 οὔτω
992 1023 1122 1091 γοῦν
1164 1022 1325 1077 αὐτὸν
1357 1022 1451 1075 καὶ
1481 1020 1830 1091 ἐθεράπευον·
1860 1018 2005 1071 οὕτω

428 1111 523 1167 καὶ
544 1112 781 1180 Πέρσαις
810 1108 1122 1179 πέμψαντες
1146 1105 1505 1177 ἀπήγγειλαν,
1530 1105 1611 1157 ὅτι
1640 1104 1697 1156 '0
1722 1101 1814 1155 τοῦ
1837 1102 2002 1154 τόπου

434 1191 615 1246 τούτου
644 1191 777 1253 Θεὸς
806 1192 936 1260 ἡμῖν
971 1191 1284 1256 ἀγανακτεῖ,
1311 1187 1463 1240 οὐδὲν
1488 1185 1647 1239 πλέον
1683 1185 1810 1256 περὶ
1838 1183 2001 1238 αὑτοῦ

428 1275 566 1328 κατά
595 1275 751 1328 τοῦτο
774 1274 884 1326 τῶν
907 1271 1139 1326 εἰδώλων
1163 1270 1572 1340 φανταζόμενοι.
1592 1268 1788 1338 Διόπερ
1813 1266 2002 1337 ἔμενον

425 1357 517 1411 καὶ
542 1356 803 1426 δαίμονας
826 1354 921 1409 καὶ
948 1354 1111 1407 αὑτὸν
1137 1352 1548 1424 θεραπεύοντες,
1573 1351 1667 1404 καὶ
1690 1350 1759 1403 τὰ
1798 1349 2001 1419 άμικτα

426 1438 732 1509 μιγνύντες.
791 1437 1030 1491 Ἰουδαῖοι
1076 1436 1133 1490 δὲ
1175 1435 1377 1505 ταύτης
1420 1430 1560 1506 ἦσαν
1594 1432 2001 1503 ἀπηλλαγμένοι

421 1522 520 1592 τῆς
545 1521 820 1585 ὑπονοίας,
856 1522 949 1574 καὶ
992 1519 1093 1590 τῆς
1137 1519 1458 1590 οἰκουμένης
1494 1518 1656 1571 αὑτὸν
1695 1519 1890 1588 ᾔδεσαν
1918 1511 1999 1568 εῖ-

422 1620 512 1656 ναι
546 1604 574 1644 ι)
614 1602 767 1668 Θεὸν,
816 1604 864 1656 εί
917 1602 1012 1656 καὶ
1059 1601 1136 1674 μὴ
1184 1602 1404 1664 πάντες.
1462 1599 1561 1653 Διά
1612 1600 1767 1652 τοῦτό
1814 1616 1996 1668 φησιν,

433 1684 619 1754 ἠιεῖς
644 1682 1036 1751 προσκυνεῖτε
1073 1684 1106 1737 6
1131 1685 1243 1737 οὐκ
1271 1682 1489 1737 οῖδατε·
1515 1682 1685 1750 ἡμεῖς
1721 1681 1790 1735 δὲ
1823 1697 2001 1750 προσ-

421 1768 726 1836 κυνοῦμεν
754 1766 785 1820 ὃ
813 1766 1077 1835 οἴδαμεν.
1105 1766 1197 1837 Μὴ
1220 1765 1503 1837 θαυμάσῃς
1526 1766 1582 1818 δέ
1605 1766 1687 1818 ὅτι
1713 1764 1850 1833 μετά
1878 1765 2003 1816 Ἰου·

419 1852 583 1905 δαίων
628 1848 818 1903 ἐαυτὸν
864 1848 1085 1919 ἀριθμεῖ
1110 1864 1123 1878 ·
1155 1848 1291 1917 πρὸς
1333 1848 1441 1917 γὰρ
1474 1848 1572 1917 τὴν
1606 1848 1858 1901 ὑπόνοιαν
1902 1845 2002 1915 τῆς

418 1933 677 2002 γυναικὸς
723 1931 1051 1999 διαλέγεται,
1092 1931 1168 1993 ὡς
1208 1934 1491 2001 προφήτης
1525 1929 1601 1983 ὢν
1652 1930 1915 1983 Ἰουδαίων
1951 1940 1997 1983 θ.

417 2017 509 2070 Διὸ
536 2017 631 2070 καὶ
653 2015 734 2079 τὸ,
766 2014 1251 2083 Προσκυνοῦμεν,
1291 2014 1555 2069 τέθεικεν.
1598 2015 1719 2067 Ὅτι
1753 2013 1860 2087 γάρ
1894 2013 2001 2066 τῶν

418 2098 905 2170 προσκυνουμένων
947 2098 1083 2162 ἐστὶ,
1115 2097 1277 2153 παντί
1318 2115 1422 2150 που
1459 2096 1635 2168 δῆλον.
1667 2096 1739 2150 Τὸ
1767 2097 1864 2167 μὲν
1893 2096 2001 2168 γὰρ

417 2186 765 2256 προσκυνεῖν,
801 2184 900 2252 τῆς
948 2182 1198 2247 κτίσεως,
1237 2180 1298 2234 τὸ
1333 2180 1390 2233 δὲ
1431 2180 1873 2250 προσκυνεῖσθαι.
1907 2178 1999 2233 τοῦ

411 2271 517 2338 ,τῆς
550 2268 778 2329 κτίσεως
807 2264 1099 2317 Δεσπότου.
1137 2262 1297 2316 Ἀλλά
1324 2262 1461 2325 τέως
1497 2262 1571 2326 ὡς
1606 2261 1855 2327 Ἰουδαῖος
1887 2263 2002 2316 δια-

416 2351 652 2421 λέγεται.
683 2349 757 2402 Τὸ
782 2343 896 2411 οὖν,
930 2345 1139 2415 Ἡμεῖς,
1157 2346 1411 2408 ἐνταῦθα,
1449 2346 1637 2417 Ἡμεῖς
1664 2346 1713 2399 οἱ
1739 2345 1998 2412 Ἰουδαῖοι,

420 2435 602 2505 φησίν.
654 2432 898 2502 Ἐπάρας
934 2429 1111 2483 τοίνυν
1150 2429 1219 2482 τὰ
1263 2429 1547 2492 Ἰουδαϊκὰ,
1591 2430 1755 2484 πάλιν
1796 2428 2004 2495 ἀξιόπι.

419 2533 544 2568 στον
578 2513 769 2568 ἐαυτὸν
810 2513 972 2577 ποιεῖ,
999 2512 1093 2565 καὶ
1127 2511 1303 2564 πείθει
1343 2511 1540 2582 μᾶλλον
1570 2515 1681 2576 τοῖς
1710 2512 1801 2564 ὑπ’
1837 2511 1998 2564 αὐτοῦ

416 2597 732 2667 λεγομένοις
762 2595 1071 2665 προσέχειν,
1112 2593 1422 2647 ἀνύποπτον
1468 2594 1638 2648 ποιῶν
1687 2594 1777 2648 τὸν
1820 2594 1997 2662 λόγον,

418 2685 512 2734 καὶ
533 2682 740 2744 δεικνὺς
775 2682 857 2734 ὃτι
888 2679 1041 2749 οὺτῇ
1073 2677 1210 2747 πρὸς
1238 2679 1300 2731 τὸ
1324 2676 1594 2748 ὁμόφυλον
1625 2678 1913 2749 συγγενείᾳ
1935 2676 2001 2731 τὰ

418 2763 639 2815 ἐκείνων
668 2760 923 2832 ἐπαίρει.
972 2760 1031 2813 '0
1057 2759 1167 2832 γάρ
1196 2760 1322 2830 περὶ
1343 2758 1437 2812 τοῦ
1465 2759 1627 2813 τόπου
1655 2760 1827 2814 ταῦτα
1859 2762 1998 2814 ἀπο·

418 2845 763 2915 φηνάμενος,
820 2844 906 2912 ἐφ’
960 2835 1005 2912 ᾧ
1066 2843 1297 2914 μάλιστα
1352 2842 1551 2913 ηύχουν
1613 2842 1847 2897 Ἰουδαῖοι
1906 2842 2000 2896 καὶ

417 2927 761 2980 πλεονεκτεῖν
805 2925 1023 2979 πάντων
1067 2924 1336 2995 ἐνόμιζον,
1366 2927 1459 2979 καὶ
1491 2925 1560 2979 τά
1594 2924 1769 2996 σεμνὰ
1794 2924 1998 2978 τούτων

416 3008 680 3073 καθελὼν,
710 3007 932 3078 εύδηλον
960 3009 1043 3061 ὅτι
1063 3008 1185 3062 οὐδὲ
1212 3008 1353 3061 κατὰ
1381 3007 1555 3062 ταῦτα
1579 3008 1714 3080 πρὸς
1735 3007 1893 3080 χάριν
1920 3025 1999 3062 τι-

417 3095 503 3158 νὸς
538 3094 743 3164 ἔλεγεν,
770 3093 906 3147 ἀλλὰ
937 3091 1076 3165 μετά
1107 3091 1364 3161 ἀληθείας
1402 3093 1496 3145 καὶ
1540 3094 1880 3164 προρῤητικῇ
1910 3092 1999 3145 δυ-

414 3177 594 3247 νάμει.
634 3177 788 3230 Ἐπεὶ
815 3171 907 3230 οὖν
935 3176 1044 3228 τῶν
1081 3173 1335 3229 τοιούτων
1368 3174 1644 3244 λογισμῶν
1668 3174 1804 3239 τέως
1825 3174 1852 3214 ἀ
1887 3176 1996 3228 ἀπ-

416 3261 643 3333 έστησεν
671 3258 862 3324 εἰπὼν,
893 3257 1042 3331 [191]
1068 3259 1409 3312 Πίστευσον
1436 3275 1559 3326 μοι,
1584 3259 1779 3327 γύναι,
1816 3256 1996 3311 καὶτὰ

412 3342 544 3414 ἑξῆς
570 3385 584 3407 ,
633 3344 851 3411 ἐπάγει,
894 3343 1016 3396 Ὅτι
1050 3343 1088 3409 ἡ
1132 3342 1397 3408 σωτηρία
1438 3342 1508 3393 ἐκ
1542 3340 1660 3394 τῶν
1703 3340 1998 3396 Ἰουδαίων

411 3428 603 3481 ἐστίν.
629 3427 695 3477 '0
714 3425 773 3478 δέ
795 3423 964 3491 λέγει,
993 3422 1231 3476 τοιοῦτόν
1258 3424 1425 3476 ἐστιν·
1454 3422 1487 3492 ἦ
1520 3423 1601 3475 ὅτι
1630 3422 1700 3476 τά
1727 3423 1905 3491 ἀγαθά
1928 3425 1994 3495 τῇ

414 3509 712 3581 οἰκουμένῃ
738 3506 946 3560 ἐκεῖθεν
970 3506 1158 3575 γέγονε
1186 3505 1266 3575 (τὸ
1284 3504 1393 3575 γὰρ
1425 3505 1622 3559 εἰδέναι
1649 3505 1783 3559 Θεὸν
1809 3506 1903 3559 καὶ
1936 3506 1997 3560 τὸ

415 3589 849 3660 καταγινώσκειν
894 3587 1149 3651 εἰδώλων,
1196 3587 1403 3641 ἐκεῖθεν
1448 3588 1547 3659 τὴν
1597 3588 1769 3660 ἀρχὴν
1817 3589 1992 3659 ἔσχεν·

416 3693 511 3730 και
540 3675 608 3729 τά
644 3672 779 3727 ἀλλα
813 3672 989 3725 πάντα
1019 3671 1278 3741 δόγματα,
1311 3673 1403 3724 καὶ
1442 3674 1568 3741 παρ’
1605 3672 1734 3742 ὑμῖν
1770 3671 1826 3725 δὲ
1866 3672 1995 3726 αὐτὸ

414 3759 476 3811 τὸ
496 3758 594 3827 τῆς
620 3759 1059 3828 προσκυνήσεως.
1087 3755 1135 3806 εἰ
1160 3754 1253 3807 καὶ
1278 3752 1351 3824 μὴ
1374 3752 1569 3825 ὀρθῶς.
1594 3753 1703 3807 ἀπὺ
1731 3753 1861 3822 γοῦν
1886 3756 1994 3809 τῶν

427 3840 698 3895 Ἰουδαίων
725 3841 823 3911 τὴν
853 3837 1025 3910 ἀρχὴν
1046 3836 1245 3907 ἐλαὸε)·
1277 3836 1554 3907 σωτηρίαν
1588 3832 1733 3908 οὖνῆ
1759 3838 1931 3892 ταῦτα
1958 3836 1991 3908 ἢ

415 3925 517 3996 τὴν
561 3920 753 3976 ἐαυτοῦ
796 3919 1097 3994 παρουσίαν
1136 3918 1309 3973 καλεῖ·
1347 3919 1549 3990 μᾶλλον
1586 3918 1643 3972 δὲ
1679 3920 1780 3973 οὐκ
1817 3920 1883 3974 ἄν
1912 3936 1995 3984 τις

415 4007 652 4077 ἁμάρτοι
680 4006 965 4077 ἀμφότερα
1003 4003 1176 4057 ταῦτα
1216 4004 1489 4075 σωτηρίαν
1515 4003 1712 4066 καλῶν,
1748 4003 1814 4075 ἦν
1842 3999 1994 4057 εἶπεν

417 4093 482 4144 ἐκ
510 4089 620 4144 τῶν
653 4088 921 4143 Ἰουδαίων
954 4082 1113 4141 εἶναι.
1144 4086 1322 4159 Ὀπερ
1348 4087 1443 4139 καὶ
1469 4088 1499 4139 ό
1524 4086 1733 4151 Παῦλος
1759 4087 1991 4141 αἰνιττό-

416 4190 581 4245 μενος
604 4172 805 4239 ἔλεγεν·
847 4169 943 4236 Ἐξ
975 4164 1062 4224 ὧν
1087 4172 1120 4223 ὁ
1147 4169 1403 4237 Χριστὸς
1424 4168 1492 4222 τὸ
1521 4170 1673 4224 κατὰ
1702 4168 1918 4237 σάρκα.
1960 4172 1993 4224 ό

412 4256 502 4311 ὢν
518 4257 616 4311 ἐπὶ
648 4255 890 4311 πάντων
918 4256 1080 4320 Θεός.
1118 4254 1282 4325 Ὁρᾷς
1307 4252 1425 4314 πῶς
1452 4257 1740 4325 συγκροτεῖ
1761 4254 1859 4325 τὴν
1885 4255 1994 4308 Πα-

415 4340 593 4403 λαιὰν,
628 4342 720 4395 καὶ
757 4339 912 4410 ῥίζαν
944 4337 1180 4391 δείκνυσι
1200 4338 1310 4391 τῶν
1339 4336 1579 4406 ἀγαθῶν,
1616 4338 1708 4391 καὶ
1739 4338 1828 4391 διὰ
1856 4337 1995 4391 πάν-

416 4440 524 4477 των
562 4424 660 4477 οὐκ
698 4420 938 4476 ἐναντίον
966 4420 1094 4474 ὅντα
1127 4419 1205 4490 τῷ
1236 4420 1388 4492 νόμῳ
1412 4461 1427 4481 ,
1462 4421 1577 4488 εῖγε
1616 4421 1680 4473 ἐκ
1712 4419 1821 4473 τῶν
1865 4421 1993 4473 Ἰου-

417 4504 580 4559 δαίων
602 4504 701 4576 τὴν
727 4503 980 4558 ὑπόθεσιν
1008 4498 1148 4556 εἶναι
1182 4502 1399 4556 πάντων
1422 4500 1531 4555 τὼν
1561 4502 1781 4570 ἀγαθῶν
1805 4518 1987 4571 emam;

431 4589 585 4643 Ἀλλ’
611 4587 842 4656 ἔρχεται
864 4585 1003 4655 ὥρα,
1033 4585 1128 4638 καὶ
1157 4584 1275 4639 νῦν
1295 4586 1483 4647 ἐστιν,
1513 4584 1612 4638 ὅτε
1642 4589 1694 4640 οί
1716 4585 1989 4651 ἀληθινοί

417 4669 829 4739 προσκυνηταὶ
865 4666 1369 4736 προσκυνήσουσι
1419 4664 1500 4731 τῷ
1547 4669 1750 4735 Πατρί.
1793 4668 1989 4721 Πλεον-

416 4753 680 4823 εκτοῦμεν
720 4754 818 4823 μὲν
859 4750 1034 4821 ὑμῶν,
1066 4742 1111 4802 ὧ
1143 4748 1325 4816 γύναι,
1369 4751 1525 4819 φησὶ,
1568 4750 1645 4819 τῷ
1673 4751 1859 4822 τρόπῳ
1890 4752 1991 4820 τῆς

415 4834 856 4902 προσκυνήσεως·
890 4831 1027 4903 πλὴν
1061 4831 1195 4886 ἀλλά
1223 4832 1317 4883 καὶ
1354 4824 1511 4894 οὗτος
1544 4831 1694 4894 τέλος
1725 4832 1834 4897 ἐξει
1877 4832 1988 4885 λοι-

416 4914 535 4968 πόν.
562 4915 636 4967 Ού
660 4914 766 4983 γὰρ
790 4914 856 4966 τά
876 4915 984 4967 τῶν
1014 4917 1191 4968 τόπων
1215 4913 1613 4984 ἁμειφθήσεται
1647 4913 1824 4982 μόνον.
1853 4914 1989 4967 ἀλλὰ

415 5005 510 5054 καὶ
542 4999 610 5053 τὰ
640 4998 733 5051 τοῦ
764 4999 962 5069 τρόπου
1001 5002 1097 5070 τῆς
1129 4998 1404 5069 λατρείας,
1446 4998 1539 5050 καὶ
1571 4997 1742 5051 ταῦτα
1772 4999 1864 5051 ἐπὶ¹
1897 4998 2005 5073 θύον

414 5100 539 5155 ραις
570 5081 816 5151 ἕστηκεν·
845 5081 1115 5149 Ἔρχεται
1139 5080 1247 5151 γὰρ
1274 5078 1414 5148 ὥρα,
1440 5078 1538 5133 καὶ
1551 5078 1668 5132 νῦν
1693 5080 1880 5134 ἐστιν.

488 5165 553 5233 β’.
603 5161 819 5233 Ἐπειδὴ
853 5162 961 5233 γὰρ
998 5164 1048 5214 οί
1092 5163 1364 5234 προφῆται
1401 5161 1507 5233 πρὸ
1551 5161 1774 5232 μακρῶν
1804 5162 1987 5231 ἔλεγον

414 5247 619 5318 χρόνων
640 5246 743 5300 ἆπε
751 5263 781 5316 ρ
804 5245 1006 5313 ἔλεγον,
1024 5244 1179 5298 τοῦτο
1198 5245 1436 5315 ἀναιρῶν
1464 5243 1698 5299 ἐνταῦθα
1719 5240 1857 5305 εἶπε,
1879 5245 1988 5300 Καὶ

412 5330 529 5384 νῦν
550 5329 698 5383 ἐστι.
731 5327 817 5399 Μὴ
852 5328 1098 5401 νομίσῃς.
1136 5328 1290 5399 φησὶ,
1328 5327 1532 5399 ταύτην
1563 5328 1819 5399 τοιαύτην
1847 5325 1987 5384 εἶναι

410 5414 510 5485 τὴν
551 5411 910 5484 προφητείαν,
941 5411 1014 5474 Co;
1041 5410 1178 5483 μετά
1214 5412 1380 5467 πολὺν
1407 5413 1728 5483 γενήσεσθαι
1770 5413 1983 5483 χρόνον.

411 5496 493 5552 Τά
534 5495 642 5568 γάρ
681 5494 983 5565 πράγματα
1031 5495 1329 5567 ἐφέστηκεν
1377 5497 1499 5569 ήδη,
1542 5498 1636 5550 καὶ
1672 5498 1764 5550 ἐπὶ
1796 5496 1987 5568 θύραις

409 5581 573 5642 ἐστὶν,
615 5581 755 5634 Ὅτε
793 5582 848 5633 οί
888 5578 1157 5646 ἀληθινοί
1197 5579 1606 5647 προσκυνηταὶ
1643 5579 1989 5647 προσκυνή-

408 5681 591 5720 σουσι
635 5662 716 5729 τῷ
742 5663 925 5732 Πατρὶ
951 5662 1020 5715 ὲν
1047 5663 1335 5731 πνεύματι
1369 5663 1466 5718 καὶ
1491 5662 1763 5730 ἀληθείᾳ.
1799 5660 1981 5715 Εἰπὼν

517 5775 673 5837 Βενίν.
693 5775 900 5837 ἐνόμιζον
923 5774 1051 5824 ὄντα.
1094 5775 1145 5837 Α)
1181 5773 1350 5824 Morel.
1374 5776 1550 5836 ᾔδεσαν
1582 5775 1711 5823 ὄντα.
1782 5775 1803 5804 ⁵
1827 5772 1977 5823 Savil.

408 5836 473 5884 ὦν
503 5835 742 5893 Ἰουδαῖος.
775 5835 780 5837 ἡ
810 5835 835 5875 ἀ
864 5836 1033 5887 Morel.
1064 5835 1144 5885 οὖν
1164 5835 1390 5899 Μεισιιὸν
1414 5843 1544 5892 τέως.

1113 246 1170 301 S.
1209 242 1498 300 JOANNIS
1525 240 1703 298 (Σιιηῖ
1716 234 1991 296 ΒΗΒΤΟΜ

2104 236 2374 295 RCIIlEP.
2411 240 2957 302 CONSTANTINOP.

3582 251 3687 301 HK)

2115 353 2417 425 ἀληθινοὺς,
2466 358 2837 426 συνεξέϐαλεε
2866 361 3228 431 Σαμαρείταις
3270 361 3570 426 Ἰουδαίους.
3622 364 3690 416 Εἰ

2109 436 2218 506 γάρ
2247 441 2339 492 καὶ
2361 440 2587 494 ἐκείνων
2609 442 2866 512 ἀμείνους
2886 436 3054 507 οὗτοι,
3081 445 3217 499 ἀλλά
3243 446 3351 498 τῶν
3383 444 3689 515 μελλόντων

2108 520 2364 585 ἐλάττους
2404 523 2602 594 πολλῷ,
2627 526 2719 579 καὶ
2743 526 3014 592 τοσοῦτον,
3043 529 3168 582 ὅσον
3199 528 3458 598 ἀληθείας
3493 529 3685 595 τύπος.

2110 604 2272 673 Λέγει
2294 605 2351 658 δὲ
2383 608 2507 677 περὶ
2535 608 2637 678 τῆς
2666 610 3009 681 Ἐκκλησίας,
3035 613 3118 665 ὅτι
3143 614 3176 682 ἡ
3206 610 3411 682 ἀληθὴς
3440 613 3689 683 προσκύ-

2107 704 2263 757 νησις
2288 688 2381 741 καὶ
2403 688 2522 760 Θεῷ
2554 692 2840 762 πρέπουσα
2868 693 3005 764 αὕτη
3035 694 3204 748 ἐστίν.
3234 694 3341 747 Καὶ
3366 694 3476 763 γὰρ
3511 698 3544 749 ό
3572 699 3692 764 [Ia-

2109 772 2219 840 σὴρ
2247 775 2553 839 τοιούτους
2580 773 2739 840 ζητεῖ
2762 777 2904 843 τοὺς
2940 777 3440 845 προσκυνοῦντας
3473 779 3686 834 αὐτόν.

2107 855 2316 910 Οὐκοῦν
2362 857 2410 910 εί
2456 856 2724 921 τοιούτους
2762 857 2780 896 τ
2828 858 2994 913 πάλαι
3030 858 3236 931 ἐζήτει,
3270 860 3333 913 οὐ
3365 859 3692 932 βουλόμενος

2105 938 2332 1000 ἐκείνοις
2378 939 2723 1011 συνεχώρησε
2760 941 2851 995 τὸν
2892 942 3109 1010 τρόπον,
3156 941 3292 997 ἀλλά
3324 943 3688 1011 συγκαταϐαί-

2105 1038 2233 1100 νων,
2259 1022 2351 1076 κα“ι
2370 1021 2456 1075 διὰ
2486 1020 2666 1087 τοῦτο,
2708 1023 2793 1077 ῖνα
2820 1024 2914 1077 καὶ
2948 1024 3169 1089 τούτους
3201 1026 3493 1100 εἰσαγάγῃ.
3528 1027 3689 1090 Τίνες

2104 1099 2197 1157 οὖν
2238 1105 2376 1157 είσιν
2419 1105 2469 1158 οῖ
2516 1104 2759 1175 ἀληθινοὶ
2803 1108 3208 1178 προσκυνηταί;
3242 1108 3305 1162 Ol
3347 1099 3487 1180 μήτε
3535 1108 3689 1180 τόπῳ

2106 1188 2503 1259 περικλείοντες
2538 1186 2635 1258 τὴν
2679 1186 2955 1258 λατρείαν,
2999 1190 3093 1244 καὶ
3132 1190 3263 1245 Θεὸν
3305 1192 3362 1244 ἐν
3410 1190 3687 1262 πνεύματι

2105 1269 2514 1340 θεραπεύοντες·
2561 1268 2742 1334 καθὼς
2792 1271 2886 1324 καὶ
2928 1272 2956 1325 6
3000 1272 3210 1336 Παῦλὸς
3239 1289 3424 1343 φησιν·
3464 1266 3538 1343 ᾮ
3574 1277 3687 1327 λα-

2103 1353 2286 1418 τρεύω
2312 1353 2382 1405 ἐν
2411 1351 2491 1417 τῷ
2511 1352 2805 1422 πνεύματί
2830 1370 2972 1423 μου,
2997 1354 3066 1407 ἐν
3090 1352 3171 1419 τῷ
3199 1357 3542 1425 Εὑαγγελίῳ
3573 1355 3682 1410 τοῦ

2113 1434 2247 1488 Υίοῦ
2273 1433 2478 1488 αὑτοῦ·
2504 1435 2598 1488 καὶ
2620 1434 2801 1501 πάλιν,
2833 1435 3164 1504 Παρακαλῶ
3191 1435 3346 1505 ὑμᾶς
3370 1435 3683 1506 παραστῆ-

2103 1532 2206 1571 σιιι
2243 1517 2315 1570 τὰ
2360 1516 2604 1586 σώματα
2635 1517 2802 1588 ὑμῶν
2837 1519 3058 1573 θυσίαν
3089 1518 3302 1585 ζῶσαν,
3353 1520 3684 1589 εὐάρεστον

2102 1599 2182 1664 τῷ
2216 1597 2357 1664 Θεῷ,
2381 1598 2493 1668 τὴν
2515 1600 2771 1670 λογικὴν
2803 1602 3084 1671 λατρείαν
3110 1602 3294 1670 ὑμῶν.
3329 1602 3497 1655 Ὅταν
3517 1603 3573 1655 δὲ
3603 1602 3683 1656 εί-

2104 1696 2202 1755 πῃ,
2236 1681 2475 1750 Πνεῦμα
2509 1686 2541 1736 ὀ
2572 1683 2735 1750 Θεὸς,
2763 1684 2912 1737 οὐδὲν
2942 1683 3068 1737 ἄλλο
3092 1683 3261 1754 δηλοῖ,
3296 1684 3330 1755 ἢ
3364 1684 3423 1737 τὸ
3456 1683 3682 1754 ἀσώμαο

2102 1783 2211 1819 τον.
2238 1768 2329 1818 Δεῖ
2352 1767 2530 1819 τοὶνυν
2555 1767 2649 1821 τοῦ
2672 1768 2960 1839 ἀσωμάτου
2985 1768 3076 1821 καὶ
3099 1767 3196 1839 τὴν
3220 1767 3476 1838 λατρείαν
3499 1768 3683 1821 τοιαύ-

2101 1865 2201 1920 την
2240 1844 2400 1914 εἷναι,
2452 1851 2543 1903 καὶ
2582 1849 2670 1904 διὰ
2708 1851 2803 1903 τοῦ
2837 1851 2895 1903 ἐν
2935 1852 3064 1920 ἡμῖν
3114 1850 3406 1920 ἀσωμάτου
3446 1851 3684 1921 προσφέ-

2105 1934 2308 2005 ρεσθαι·
2340 1935 2639 1999 τουτέστιν,
2677 1933 2766 1988 διὰ
2798 1933 2897 2005 τῆς
2938 1933 3118 2004 ψυχῆς
3165 1934 3260 1987 καὶ
3300 1933 3400 2001 τῆς
3446 1933 3541 1989 τοῦ
3587 1933 3680 1987 νοῦ

2104 2017 2493 2089 καθαρότητος.
2538 2018 2630 2071 Διό
2666 2034 2818 2088 φησι·
2854 2018 2963 2071 Καὶ
3006 2017 3147 2084 τοὺς
3181 2017 3682 2085 προσκυνοῦντας

2102 2101 2308 2162 αὐτὸν,
2335 2102 2406 2154 ἐν
2437 2102 2730 2170 πνεύματι
2758 2100 2857 2155 καὶ
2887 2101 3135 2168 ἀληθείᾳ
3169 2100 3264 2154 δεῖ
3287 2101 3676 2168 προσκυνεῖν.

2115 2183 2329 2255 Ἐπειδὴ
2355 2184 2464 2255 γὰρ
2482 2184 2574 2236 κα)⁵
2596 2185 2790 2236 ἐκεῖνοι
2807 2183 2900 2236 καὶ
2923 2184 2973 2236 οί
3000 2184 3238 2237 Ἰουδαῖοι
3260 2183 3356 2253 τῆς
3380 2183 3480 2253 μὲν
3498 2183 3677 2252 ψυχῆς

2102 2267 2358 2337 ἠμέλουν,
2399 2266 2598 2337 πολλὴν
2620 2267 2675 2321 δὲ
2702 2265 2831 2338 περὶ
2854 2268 2914 2319 τὸ
2940 2266 3098 2337 σῶμα
3126 2276 3152 2314 l
3181 2266 3410 2336 σπουδὴν
3434 2265 3679 2319 ἐποιοῦν-

2100 2365 2181 2413 το,
2221 2349 2573 2420 καθαίροντες
2610 2348 2740 2402 αὐτὸ
2781 2349 3158 2413 παντοδαπῶς·
3196 2352 3360 2419 φησὶν
3398 2348 3480 2402 ὅτι
3519 2349 3580 2400 ού
3611 2350 3677 2419 τῇ

2100 2431 2192 2484 τοῦ
2227 2431 2476 2503 σώματος
2497 2430 2848 2504 καθαρότητι,
2868 2431 3006 2485 ἀλλά
3030 2431 3108 2501 τῷ
3139 2433 3195 2485 ἐν
3222 2432 3353 2502 ἡμῖν
3377 2431 3673 2501 ἀσωμάτῳ,

2103 2515 2251 2588 [192]
2289 2515 2535 2569 τουτέστι
2563 2514 2642 2585 τῷ
2671 2514 2766 2585 νῷ,
2797 2517 2826 2569 6
2854 2515 3141 2586 ἀσώματος
3171 2513 3548 2586 θεραπεύεται.
3584 2516 3675 2583 Μὴ

2099 2600 2275 2653 τοίνυν
2304 2599 2546 2671 πρόϐατα
2577 2598 2733 2653 θύετε
2771 2600 2864 2653 καὶ
2896 2600 3147 2671 μόσχους,
3188 2598 3304 2652 ἀλλ’
3327 2598 3445 2652 ὅλον
3479 2597 3675 2650 σαυτόν

2099 2684 2297 2746 ἀνάθες
2324 2681 2402 2753 τῷ
2427 2682 2544 2753 Θεῷ
2569 2683 2665 2735 καὶ
2691 2682 3082 2737 ὁλοκαύτωσον·
3109 2680 3267 2736 τοῦτο
3294 2683 3401 2753 γάρ
3436 2683 3549 2734 ἐστι
3582 2679 3675 2731 θυ-

2102 2767 2223 2821 σίαν
2260 2766 2443 2830 ζῶσαν
2470 2766 2838 2836 παραστῆσαι.
2882 2767 2969 2819 Ἐν
3009 2764 3118 2836 γάρ
3147 2763 3373 2835 ἀληθείᾳ
3399 2763 3478 2815 δεῖ
3507 2778 3676 2832 προσ.

2100 2851 2302 2902 κυνεῖν·
2334 2848 2410 2912 ὡς
2435 2848 2505 2902 τά
2537 2864 2602 2917 γε
2631 2848 2869 2920 πρότερα
2894 2847 3060 2910 τύπος
3090 2843 3179 2918 ἦν,
3212 2849 3246 2918 η
3283 2844 3568 2917 περιτομὴ,
3603 2842 3675 2897 τὰ

2098 2930 2543 3001 ὁλοκαυτώματα,
2582 2930 2651 2985 τά
2697 2930 2934 3001 θύματα,
2981 2929 3050 2983 τά
3096 2928 3434 3000 θυμιάματα·
3476 2926 3592 2980 νυνὶ
3616 2924 3675 2978 δὲ

2098 3014 2302 3071 οὐκέτι.
2341 3013 2455 3066 ἀλλ’
2499 3013 2724 3084 ἀλήθεια
2772 3013 2834 3067 τὸ
2883 3014 3008 3068 πᾶν.
3058 3011 3132 3067 οὐ
3166 3010 3276 3083 γὰρ
3316 3011 3511 3084 σάρκα,
3537 3007 3674 3062 ἀλλά
3777 3048 3783 3051 -

2100 3097 2369 3166 πονηροὺς
2403 3095 2482 3149 δεῖ
2514 3096 2862 3168 περικόπτειν
2907 3094 3221 3165 λογισμοὺς,
3271 3095 3365 3147 καὶ
3412 3090 3674 3162 σταυρούν

2098 3179 2306 3241 ἑαυτὸν,
2331 3178 2543 3243 καὶτὰς
2568 3179 2794 3246 ἀλόγους
2816 3180 3057 3249 ἀναιρεῖν
3077 3176 3373 3247 ἐπιθυμίας
3399 3175 3491 3229 καὶ
3508 3192 3677 3229 κατα-

2101 3262 2377 3331 σφάττειν.
2422 3261 2739 3330 Ἰλιγγίασεν
2770 3264 2803 3331 ἡ
2846 3261 2980 3331 γυνὴ
3012 3259 3149 3329 πρὸς
3175 3258 3245 3312 τά
3271 3258 3550 3328 λεχθέντα,
3582 3254 3677 3310 καὶ

2099 3345 2447 3415 ἀπηγόρευσε
2483 3344 2620 3415 πρὸς
2661 3343 2722 3396 τὸ
2756 3342 2887 3413 ὕψος
2927 3342 3035 3395 τῶν
3075 3341 3401 3414 εἰρημένων,
3445 3343 3540 3394 καὶ
3577 3356 3677 3394 κα-

2101 3429 2276 3500 μοῦσα
2308 3429 2536 3481 άκουσον
2565 3426 2617 3478 τί
2646 3440 2827 3496 φησιν·
2849 3421 2993 3479 Οἶδα
3020 3424 3109 3479 ὅτι
3141 3425 3376 3494 ἔρχεται
3401 3424 3676 3489 Μεσσίας

2098 3514 2132 3566 ό
2153 3512 2476 3580 λεγόμενος
2497 3508 2771 3577 Χριστός·
2802 3506 2948 3561 ὅταν
2970 3508 3118 3578 ἔλθῃ
3148 3508 3399 3575 ἐκεῖνος,
3426 3509 3687 3577 drum--

2095 3593 2197 3649 λεῖ
2222 3593 2367 3661 ἡμῖν
2402 3591 2616 3647 πάντα.
2642 3592 2811 3662 Λέγει
2847 3589 3001 3658 αὑτῇ
3022 3594 3055 3645 d
3089 3590 3348 3659 Ἰησοῦς·
3393 3589 3534 3659 Ἐγώ
3555 3591 3674 3655 εἰμι

2096 3679 2130 3731 ὀ
2158 3674 2367 3731 λαλῶν
2400 3689 2523 3729 σοι.
2552 3674 2661 3728 Καὶ
2688 3673 2850 3728 πόθεν
2879 3673 3243 3745 Σαμαρείταις
3272 3673 3332 3726 τὸ
3365 3674 3672 3743 προσδοκᾷν

2094 3758 2193 3831 τὴν
2234 3758 2329 3813 τοῦ
2369 3757 2606 3828 Χριστοῦ
2640 3757 2958 3828 παρουσίαν,
2986 3758 3078 3810 τὸν
3117 3756 3352 3811 Μωῦσέα
3385 3755 3670 3825 δεξάμενοι

2098 3843 2289 3916 μόνονς
2332 3842 2450 3895 Ἀπ’
2484 3840 2662 3895 αὐτῶν
2693 3840 2802 3894 τῶν
2834 3839 3110 3903 Μωυσέως
3150 3838 3506 3910 γραμμάτων.
3556 3839 3670 3892 Καὶ

2094 3926 2204 3997 γὰρ
2233 3925 2291 3979 ἐν
2317 3925 2457 3995 ἀρχῇ
2496 3923 2586 3977 τὸν
2618 3923 2747 3976 Υίὸν
2773 3921 3104 3991 ἀπεκάλυψε.
3138 3922 3210 3974 Τὸ
3237 3924 3365 3993 γὰρ,
3400 3919 3666 3985 Ποιήσω·

2095 4025 2205 4074 μεν
2227 4007 2539 4073 ἄνθρωπον
2559 4005 2684 4058 κατ’
2713 4006 2919 4059 εἰκόνα
2952 4002 3047 4058 καὶ
3071 4003 3195 4057 καθ’
3219 4003 3502 4071 ὁμοίωσιν
3523 4003 3669 4072 ἡμε-

2093 4090 2290 4158 τέραν,
2321 4087 2455 4159 πρὸς
2480 4087 2569 4141 τὸν
2594 4086 2722 4141 Υίὸν
2760 4086 2964 4158 εἴρητο·
2989 4086 3082 4140 καὶ
3111 4084 3186 4156 τῷ
3226 4084 3476 4157 Ἀϐραὰμ
3510 4087 3568 4138 ἐν
3595 4087 3666 4156 τῇ

2095 4176 2266 4247 σκηνῇ
2298 4167 2450 4234 οὗτός
2479 4171 2625 4224 ἐστιν
2659 4172 2688 4223 6
2721 4169 3117 4239 διαλεγόμενος·
3141 4169 3236 4222 καὶ
3256 4170 3285 4221 ό
3320 4167 3511 4221 Ἰακὼὸ
3537 4167 3670 4237 περὶ

2092 4255 2257 4311 αὑτοῦ
2298 4253 2651 4327 προφητεύων
2684 4252 2888 4320 ἔλεγεν·
2923 4254 3044 4306 Οὐκ
3079 4251 3344 4319 ἐκλείψει
3371 4250 3571 4319 ἄρχων
3596 4250 3669 4313 ἐξ

2106 4337 2312 4400 Ἰούδα,
2342 4336 2483 4391 οὐδὲ
2503 4335 2837 4406 ἡγούμενος
2855 4334 2923 4388 ἐκ
2948 4333 3069 4389 τῶν
3085 4333 3294 4403 μηρῶν
3318 4334 3525 4396 αὐτοῦ,
3555 4333 3669 4399 ἕως

2093 4420 2171 4475 ἂν
2192 4420 2339 4487 ἔλθῃ
2360 4411 2408 4485 ᾧ
2429 4418 2754 4480 ἀπόκειται,
2776 4418 2875 4470 καί
2900 4416 3085 4483 αὐτὸς
3106 4416 3439 4485 προσδοκία
3453 4415 3662 4471 ἐθνῶν.

2094 4504 2203 4558 Καὶ
2229 4502 2389 4564 αὐτὸς
2415 4501 2470 4554 δὲ
2506 4502 2534 4554 6
2566 4500 2803 4571 Μωῦσῆς
2825 4515 2977 4571 φησι·
3002 4499 3325 4568 Προφήτην
3347 4499 3489 4569 ὑμῖν
3522 4500 3670 4554 ἀνα-

2092 4586 2309 4653 στήσει
2347 4585 2558 4654 Κύριος
2586 4586 2618 4638 ὀ
2647 4582 2791 4652 Θεὸς
2830 4584 2897 4638 ἐκ
2921 4582 3041 4637 τῶν
3065 4581 3346 4652 ἀδελφῶν
3372 4581 3558 4653 ὑμῶν,
3587 4584 3670 4651 ὡς

2091 4669 2213 4737 ἐμέ·
2243 4668 2429 4722 αὐτοῦ
2457 4669 2813 4736 ἀκούσεσθε·
2851 4666 2961 4722 Καὶ
2991 4665 3058 4719 τά
3085 4666 3226 4720 κατὰ
3260 4666 3351 4718 τὸν
3391 4666 3530 4735 ὅφιν.
3572 4668 3671 4721 καὶ

2090 4752 2158 4804 τὰ
2188 4752 2327 4804 κατά
2357 4752 2454 4822 τὴν
2489 4751 2683 4820 ῥάϐδον
2715 4750 2813 4820 τὴν
2842 4750 3140 4811 Μωῡσέως,
3169 4748 3261 4802 καὶ
3291 4750 3361 4803 τά
3400 4748 3539 4802 κατὰ
3577 4749 3671 4805 τὸν

2103 4834 2286 4887 Ἰσαάκ
2327 4834 2419 4887 καὶ
2451 4834 2512 4887 τὸ
2545 4833 2831 4905 πρόϐατον,
2872 4833 2965 4885 καὶ
2995 4830 3164 4884 πολλὰ
3194 4831 3357 4900 ἕτερα
3385 4832 3511 4902 ἐνῆν
3545 4831 3675 4900 βου-

2088 4915 2334 4986 λομένοις
2383 4916 2626 4984 ἐκλέγειν
2666 4917 2766 4987 τὴν
2811 4913 3111 4983 παρουσίαν
3155 4914 3319 4966 αὑτοῦ
3356 4914 3674 4984 ἀνακηρύτ-

2088 5019 2267 5055 τοντα.
2306 5001 2414 5054 Καὶ
2446 5001 2498 5053 τί
2524 5001 2743 5068 δήποτε,
2781 5004 2964 5069 φησὶν,
2998 4999 3097 5051 οὐκ
3131 4998 3238 5051 ἀπὸ
3269 4996 3472 5051 τούτων
3502 4998 3675 5067 ἐνῆγε

2087 5083 2185 5155 τὴν
2224 5086 2457 5151 γυναῖκα
2484 5085 2512 5136 ὁ
2541 5082 2796 5153 Χριστὸς,
2838 5080 2972 5134 ἀλλά
3001 5079 3081 5151 τῷ
3119 5080 3214 5150 μὲν
3246 5078 3539 5149 Νικοδήμῳ
3577 5080 3674 5134 τὸν

2088 5166 2209 5235 όφιν
2239 5168 2319 5228 είς
2349 5166 2509 5236 μέσον
2538 5166 2733 5236 ἤγαγε,
2770 5166 2862 5218 καὶ
2893 5163 2971 5234 τῷ
3001 5161 3296 5231 Ναθαναὴλ
3330 5161 3676 5232 προφητείας

2088 5249 2381 5320 ἀνέμνησε,
2411 5247 2581 5321 ταύτῃ
2618 5248 2673 5302 δὲ
2704 5247 2854 5301 οὐδὲν
2889 5246 3128 5302 τοιοῦτον
3164 5240 3353 5308 εῖπενς
3390 5244 3548 5307 Τίνος
3574 5240 3677 5298 οὖν

2088 5332 2272 5385 ἕνεκεν
2314 5337 2407 5385 καὶ
2434 5331 2607 5394 διατίς
2642 5331 2764 5385 Ὀτι
2796 5332 2988 5383 ἐκεῖνοι
3025 5328 3124 5399 μὲν
3148 5327 3341 5399 ἄνδρες
3376 5321 3536 5397 ἦσαν,
3573 5328 3675 5381 καὶ

2087 5416 2145 5467 ἐν
2181 5414 2386 5476 τούτοις
2432 5414 2774 5485 ἐστρέφοντο·
2811 5410 2950 5482 αὕτη
3001 5411 3060 5465 δέ
3111 5410 3250 5481 γυνὴ
3288 5408 3540 5479 πενιχρά,
3571 5409 3674 5464 καὶ

2087 5497 2324 5566 ἀμαθὴς,
2367 5499 2459 5550 καὶ
2506 5496 2735 5567 Γραφῶν
2777 5495 3020 5566 ἄπειρος.
3049 5494 3149 5546 Διά
3191 5492 3350 5545 τοῦτο
3393 5493 3529 5562 αὐτῇ
3564 5492 3674 5548 οὐκ

2088 5580 2196 5633 ἀπὸ
2228 5579 2432 5631 τούτων
2459 5578 2782 5646 διαλέγεται,
2813 5577 2927 5630 ἀλλ’
2965 5577 3075 5630 ἀπὸ
3102 5576 3196 5629 τοῦ
3224 5575 3414 5638 ὓδατος
3445 5575 3538 5627 καὶ
3568 5576 3673 5646 τῆς

2092 5663 2448 5733 προρρήσεως
2492 5661 2659 5731 αὐτὴν
2702 5661 3022 5726 ἐπισπᾶται,
3073 5660 3168 5714 καὶ
3209 5658 3298 5712 διὰ
3345 5656 3547 5713 τούτων
3588 5661 3674 5725 εἰς

2153 5784 2180 5841 ε
2201 5772 2297 5841 Mij
2326 5773 2487 5841 εἰπών,
2505 5772 2701 5841 ἀληθείᾳ
2728 5774 2784 5823 ού
2810 5774 3103 5828 συνεξέϐαλε.
3177 5770 3196 5809 ί
3250 5771 3418 5822 Morel.
3455 5770 3674 5824 τούτους.

2089 5838 2115 5877 ι
2140 5835 2308 5884 Morel.
2344 5834 2447 5895 rapi
2480 5834 2564 5880 τοῦ
2597 5834 2833 5896 σώματος.
