3984 6196
277 269 356 324 189
1253 273 1320 329 IN
1360 272 1667 330 JOANNEM
1705 273 1932 328 IIOMIL.
1976 274 2210 332 XXXIII.
2243 281 2314 334 al.
2356 282 2570 338 XXXII.

269 391 312 442 in
336 389 500 439 futuro
526 394 826 454 praestare;
857 395 912 444 et
933 395 1058 442 tunc
1088 386 1441 443 dill‘erentiam
1465 388 1686 444 inducit.
1714 386 1824 443 Ve-

265 488 542 532 rumtamen
571 480 974 547 pracstantiores
990 478 1206 533 Iudaeos
1222 478 1503 548 signiﬁcat,
1525 494 1628 533 non
1653 479 1827 533 locum

263 571 365 624 loco
390 580 744 638 anteponens,
761 570 856 624 sed
883 571 968 624 illa
988 572 1158 626 solum
1185 573 1393 628 ratione
1411 573 1610 627 Iudaeis
1634 573 1829 642 primas

261 659 560 724 concedens,
595 675 658 714 ac
681 661 725 714 si
749 659 954 715 diceret
983 677 996 713 :
1025 661 1166 715 Nihil
1191 662 1256 716 de
1283 663 1399 716 loco
1420 662 1529 731 jam
1555 663 1830 731 disputan-

259 752 388 804 dum.
423 750 478 804 In
511 751 685 805 cultus
713 751 930 821 quidem
961 753 1116 806 modo
1145 752 1314 808 .lttdzei
1341 753 1655 824 prtel'erendi
1676 763 1830 808 erant

257 841 589 899 Samaritanis
623 860 635 895 :
678 842 798 907 Vos,
831 846 1016 914 inquit,
1050 846 1274 899 adoratis
1301 846 1436 915 quod
1460 848 1658 900 nescitis
1689 863 1707 899 :
1737 862 1828 900 nos

254 934 518 986 adoramus
579 936 714 1002 quod
754 935 963 989 scimus.
1016 935 1298 1003 Quomodo
1342 951 1468 1006 ergo
1521 937 1830 992 nesciebant

253 1025 564 1079 Sainaritani
586 1025 712 1094 quid
739 1024 1070 1080 adorarent?
1097 1027 1229 1094 Quia
1266 1029 1433 1082 Deum
1461 1029 1580 1083 loco
1601 1030 1830 1083 circum-

250 1115 418 1179 scribi,
456 1117 566 1168 imo
609 1115 760 1185 quasi
809 1115 971 1170 dividi
1019 1132 1177 1186 posse
1215 1119 1490 1186 putabant.
1534 1118 1624 1173 Sic
1668 1118 1828 1190 igitur

250 1206 380 1258 illum
427 1207 719 1269 colebant;
780 1207 860 1262 sic
907 1207 1082 1262 Persis
1135 1209 1483 1274 nuntiarunt,
1524 1210 1678 1264 istius
1723 1210 1827 1264 loci

249 1297 394 1350 deum
425 1298 529 1350 sibi
561 1299 754 1350 iratum
784 1311 926 1361 esse,
969 1297 1096 1352 nihil
1123 1298 1193 1353 de
1218 1313 1284 1352 eo
1323 1299 1551 1368 amplius
1579 1315 1733 1369 quam
1761 1300 1829 1355 de

250 1387 383 1439 idolo
411 1388 536 1440 rati.
567 1387 905 1457 Quapropter
933 1391 1352 1456 perseverabant
1377 1398 1433 1444 et
1470 1390 1616 1444 illum
1646 1399 1698 1444 et
1720 1391 1830 1446 da:-

245 1495 425 1533 nionas
450 1481 653 1545 colere,
692 1495 752 1534 ea
781 1495 901 1549 qua:
947 1481 1156 1535 misceri
1195 1495 1301 1535 non
1335 1490 1581 1551 poterant
1605 1482 1830 1538 confun-

243 1571 444 1626 dentes.
473 1570 647 1625 Judmi
679 1586 807 1625 vero
835 1569 936 1624 hac
967 1571 1218 1640 opinione
1249 1571 1400 1626 liberi
1432 1583 1605 1638 erant,
1631 1574 1830 1642 ipsum-

241 1677 332 1728 que
365 1663 626 1731 putabant
653 1676 775 1716 esse
803 1662 950 1716 orbis
966 1661 1166 1728 Deum;
1197 1663 1402 1717 etiamsi
1437 1663 1486 1718 id
1518 1680 1623 1718 non
1641 1678 1828 1719 omnes

238 1755 542 1810 crederent.
569 1754 861 1823 Propterea
880 1754 1041 1808 dicit:
1073 1754 1172 1809 Vos
1195 1755 1418 1827 gdoratis
1442 1757 1577 1827 quod
1596 1757 1824 1811 nescitis:

239 1862 321 1898 nos
347 1847 634 1898 adoramus
651 1845 792 1918 quod
819 1846 1024 1900 scimus.
1056 1845 1134 1900 Ne
1154 1813 1363 1902 mireris
1387 1857 1565 1902 autem
1599 1848 1738 1916 quod
1771 1863 1829 1903 se

241 1936 446 1992 ludatis
469 1947 794 1992 annumerct
825 1954 837 1990 :
865 1952 990 1991 nam
1016 1938 1310 1992 secundum
1348 1940 1588 1994 mulieris
1616 1940 1827 2010 opinio-

238 2047 353 2085 nem
417 2032 677 2100 loquitur,
723 2032 877 2101 quasi
910 2032 1167 2102 prepheta
1213 2032 1555 2097 Jutlarorum;
1604 2033 1829 2102 ideoque

236 2122 389 2187 illud,
419 2123 726 2184 Adoramsts,
755 2121 952 2190 posuit.
984 2121 1137 2188 Quod
1165 2123 1308 2178 enim
1340 2123 1594 2178 adoretur
1621 2124 1822 2180 nemini

237 2230 334 2268 non
369 2223 557 2268 notum
580 2223 698 2277 est;
731 2214 963 2268 adorare
995 2215 1136 2268 enim
1185 2223 1448 2269 creaturas
1483 2225 1585 2280 est,
1612 2215 1823 2270 adorari

234 2319 387 2369 vero,
419 2313 786 2359 creaturarum
834 2304 1062 2358 Domini.
1118 2305 1316 2362 Verum
1373 2306 1585 2361 interim
1635 2307 1726 2362 ille
1772 2315 1831 2361 ut

231 2399 462 2451 ludatis
483 2397 732 2467 loquitur.
768 2396 900 2452 Illud
926 2412 1074 2468 ergo,
1105 2396 1238 2464 Nos,
1271 2398 1323 2452 id
1362 2409 1464 2464 est,
1504 2398 1609 2453 Nos
1636 2398 1824 2454 Judaei.

229 2487 465 2543 iudaice
498 2489 654 2558 igitur
677 2489 958 2553 extollens,
991 2503 1051 2543 se
1092 2489 1198 2544 ﬁde
1238 2490 1458 2560 dignum
1506 2490 1729 2560 praebet,
1774 2499 1830 2545 et

232 2582 394 2636 dictis
444 2582 561 2634 suis
615 2580 770 2635 (idem
819 2581 1094 2647 conciliat,
1136 2583 1494 2650 suSpicionem
1550 2597 1828 2648 amovens,

237 2673 638 2742 ostendensque
659 2689 720 2729 se
744 2690 848 2727 non
879 2675 1217 2745 cognationis
1241 2676 1411 2743 gratia
1431 2675 1517 2729 illa
1546 2675 1826 2730 extollere.

234 2767 328 2834 Qui
357 2770 508 2823 enim
549 2768 693 2822 circa
750 2768 927 2822 locum
973 2768 1132 2822 talem
1163 2767 1365 2836 profert
1391 2770 1730 2833 sententiam,
1763 2769 1830 2824 de

236 2876 334 2931 quo
384 2862 506 2915 loco
530 2860 700 2916 Judaei
733 2861 965 2916 maxime
1012 2860 1398 2930 gloriabantur,
1425 2875 1488 2915 ac
1517 2876 1576 2916 se
1603 2862 1815 2915 cteteris

239 2952 602 3021 perferendos
629 2952 942 3016 censebant,
978 2952 1102 3006 dum
1146 2951 1284 3007 hanc
1328 2953 1434 3007 illis
1461 2953 1826 3023 praestantiam

236 3044 429 3109 aufert,
463 3045 639 3112 palam
673 3053 758 3098 est
781 3059 902 3098 cum
922 3043 1032 3112 jam
1064 3059 1168 3097 non
1191 3043 1259 3097 ad
1282 3044 1508 3114 gratiam
1532 3044 1826 3113 cujuspiam

236 3138 403 3204 loqui,
436 3136 532 3190 sed
564 3151 629 3189 ex
653 3137 879 3189 veritate
907 3144 960 3190 et
997 3150 1065 3188 ex
1094 3135 1144 3187 vi
1192 3134 1520 3205 prophetica.
1549 3135 1683 3201 Quia
1731 3133 1828 3203 igi-

238 3240 319 3282 tur
345 3245 378 3282 a
411 3230 503 3283 tali
557 3227 956 3282 existimatione
1004 3226 1227 3281 abduxit
1254 3225 1458 3289 dicens,
1490 3225 1649 3280 Crede
1682 3226 1826 3290 mihi,

231 3323 438 3385 mulier,
469 3329 604 3383 etc.,
628 3319 829 3387 adjicit,
859 3319 992 3384 Quia
1009 3319 1148 3372 satus
1168 3335 1201 3371 a
1228 3317 1426 3372 Judwis
1451 3327 1560 3382 est;
1587 3316 1689 3372 hoc
1725 3325 1827 3380 est,

234 3413 311 3466 vel
339 3412 489 3483 quod
515 3411 638 3464 hinc
660 3409 779 3464 orbi
805 3410 941 3465 bona
966 3410 1157 3464 collata
1180 3409 1287 3463 sint
1315 3409 1459 3478 (nam
1488 3407 1580 3462 Dei
1598 3407 1831 3476 cognitio

232 3504 614 3572 idolorumque
637 3501 948 3572 reprobatio
971 3500 1094 3555 hinc
1121 3512 1296 3554 ortum
1320 3500 1522 3565 habuit,
1545 3514 1750 3554 necnon
1778 3505 1832 3553 et

231 3598 336 3649 alia
367 3596 552 3650 omnia
576 3596 845 3664 dogmata,
878 3602 932 3647 et
956 3603 1134 3647 vester
1157 3593 1332 3647 cultus
1357 3592 1481 3646 licet
1513 3607 1615 3646 nou
1653 3601 1832 3647 rectus

230 3688 296 3740 sit
321 3704 340 3749 ;
369 3701 400 3740 a
422 3686 628 3741 Iuda-is
645 3686 784 3740 enim
809 3695 984 3739 ortum
1016 3683 1220 3754 habuit)
1246 3701 1260 3740 :
1291 3683 1378 3739 vel
1411 3683 1526 3739 haec
1555 3698 1703 3754 ergo,
1746 3684 1829 3739 vel

229 3778 533 3831 adventurm
562 3792 717 3830 suum
749 3777 972 3830 salutem
1013 3783 1186 3830 vocat.
1217 3775 1328 3829 Imo
1377 3789 1509 3828 vero
1537 3790 1640 3828 non
1677 3774 1833 3828 abes—

229 3868 721 3938 raveritquiSpiam
734 3868 778 3921 si
808 3868 949 3920 dicat
971 3867 1083 3921 haec
1106 3867 1264 3921 ambo
1291 3865 1514 3920 salutem
1541 3879 1679 3930 esse,
1713 3879 1829 3919 eam

231 3963 446 4016 scilicet
472 3975 635 4030 quam
662 3975 724 4013 ex
747 3959 945 4014 Judteis
974 3973 1092 4013 esse
1124 3959 1270 4014 dicit.
1293 3957 1445 4026 Quod
1477 3957 1673 4012 Paulus
1701 3958 1833 4012 sub-

231 4055 485 4108 indicans
528 4052 775 4114 dicebat,
811 4050 894 4104 Ea:
938 4052 1117 4120 quibus
1146 4051 1372 4104 Christus
1400 4050 1673 4103 secundum
1712 4065 1828 4100 car-

229 4162 372 4208 nem,
403 4144 490 4212 qui
515 4153 589 4196 est
638 4159 786 4211 super
828 4142 1002 4195 omnia
1050 4140 1180 4193 Deus
1214 4138 1386 4209 (Rom.
1436 4139 1490 4194 9.
1534 4139 1614 4207 5).
1646 4138 1830 4193 Viden’

228 4234 515 4305 quomodo
538 4232 702 4286 Vetus
733 4232 982 4301 pradicet
1009 4232 1408 4287 Testamentum
1436 4273 1450 4298 ,
1482 4246 1544 4283 ac
1572 4231 1829 4284 honorum

230 4326 480 4378 radicem
505 4338 627 4377 esse
649 4323 910 4384 declaret,
956 4331 1012 4376 et
1051 4338 1110 4377 se
1140 4323 1286 4375 nullo
1318 4321 1477 4375 modo
1501 4323 1829 4376 contrarium

225 4432 361 4471 esse
385 4414 525 4484 legi?
549 4413 815 4484 siquidem
838 4429 901 4467 ex
935 4413 1134 4467 Iudaeis
1164 4415 1426 4467 honorum
1468 4427 1683 4465 causam
1715 4428 1832 4466 om-

227 4514 391 4561 ium
415 4520 537 4560 esse
561 4505 710 4560 dicit.
732 4503 823 4560 25.
847 4505 953 4560 Sed
976 4507 1105 4558 venit
1117 4505 1261 4567 hora,
1291 4513 1337 4557 et
1363 4519 1493 4556 nunc
1521 4513 1611 4567 est,
1631 4504 1832 4571 quando

227 4602 341 4652 aeri
361 4599 663 4651 adoratores
681 4596 966 4649 adorabunt
991 4593 1220 4648 Putrem.
1249 4594 1411 4647 Vobis
1435 4595 1831 4662 prtcstantiores

223 4705 454 4755 sinimus,
476 4702 512 4741 ο
541 4687 756 4752 mulier,
797 4688 989 4756 inquit,
1037 4688 1088 4741 in
1118 4686 1375 4740 adorandi
1407 4685 1567 4739 modo
1602 4703 1614 4739 :
1646 4701 1830 4739 verum

230 4783 326 4835 hic
366 4779 551 4835 cultus
587 4779 841 4845 deinceps
873 4777 1032 4831 linem
1083 4777 1315 4831 habebit.
1349 4775 1463 4830 Non
1513 4776 1656 4830 enim
1687 4777 1831 4830 locus

230 4887 474 4934 tantum.
508 4872 604 4925 sed
625 4871 789 4924 etiam
817 4870 1006 4921 incultis
1035 4868 1246 4923 colendi
1271 4867 1599 4921 mutabitur:
1635 4877 1688 4921 et
1721 4869 1832 4921 lucc

229 4973 304 5024 ad
329 4971 555 5040 ianuam
586 4974 728 5020 sunt.
771 4963 912 5016 Venit
934 4963 1076 5018 enim
1106 4962 1250 5027 hora,
1269 4972 1314 5014 et
1336 4978 1466 5014 nunc
1488 4972 1580 5015 est.

311 5062 370 5115 Ξ.
391 5060 568 5128 Quare
581 5056 813 5111 Christus
837 5054 1110 5115 addiderit,
1129 5063 1182 5107 et
1208 5068 1346 5106 nunc
1369 5062 1451 5106 est
1472 5051 1541 5115 ;V
1545 5053 1618 5105 eri
1643 5052 1829 5104 adora-

229 5167 376 5208 mus
393 5157 482 5224 qui
510 5153 552 5205 si
570 5162 629 5204 rt.
653 5149 788 5214 Quid
816 5148 908 5201 sibi
920 5147 1033 5201 velit
1051 5145 1272 5210 istud,iu
1299 5146 1485 5215 spiritu
1513 5155 1565 5199 ct
1585 5145 1828 5200 veritate.

231 5245 478 5300 Christus
499 5245 548 5295 iu
569 5244 713 5296 libris
732 5239 923 5309 Moysis
939 5253 1074 5306 sepe
1091 5237 1358 5306 pradictus
1381 5237 1833 5306 prm/iguratusque

229 5349 334 5392 at.
371 5336 592 5391 Praestat
621 5334 821 5387 Iudaeis
849 5332 1032 5384 mulier
1053 5329 1400 5385 Samaritana.
1428 5359 1498 5369 -—
1526 5329 1658 5396 Quia
1689 5329 1828 5381 enim

233 5433 524 5499 pen-pheta:
569 5426 738 5480 multo
763 5433 887 5478 ante
929 5432 1171 5491 tempore
1221 5419 1424 5489 quuuti
1467 5427 1611 5482 sunt,
1647 5417 1697 5472 id
1729 5417 1830 5471 hoc

227 5523 364 5574 unm
393 5520 592 5574 tollens
617 5516 764 5578 dicit,
794 5513 855 5567 Et
878 5529 1011 5567 nunc
1037 5524 1130 5566 est.
1156 5510 1231 5566 Ne
1254 5521 1428 5580 putes.
1461 5510 1650 5578 inquit,
1691 5509 1828 5563 hanc

228 5613 584 5683 prophetiam
636 5618 754 5676 post
778 5608 1001 5661 multum
1032 5614 1246 5672 tempus
1294 5603 1622 5672 implendam
1665 5617 1823 5657 esse:

231 5725 337 5760 res
362 5703 509 5759 enim
540 5703 723 5761 instat,
755 5706 806 5752 et
838 5698 887 5749 in
905 5695 1084 5766 januis
1105 5705 1204 5757 cst.
1241 5695 1458 5759 Quando
1496 5694 1598 5746 reri
1644 5694 1832 5747 adora-

563 5798 830 5854 PsTnUL.
863 5797 951 5854 Gtt
967 5841 979 5851 .
1026 5794 1094 5853 LI
1113 5797 1185 5852 Χ.

3421 310 3522 368 190

1937 398 2067 443 tores
2094 392 2378 447 adorabunt
2406 395 2615 453 Patrem
2641 401 2691 454 in
2721 405 2898 472 spiritu
2921 418 2966 463 et
2982 411 3355 471 veritatc.Cum
3387 423 3522 476 dixit

1936 494 2111 546 veros,
2145 498 2264 569 cum
2293 485 2640 545 Samaritanis
2660 491 2872 548 Iudaeos
2894 501 3118 568 repulit;
3147 503 3354 562 etiamsi
3380 513 3520 566 cultu

1935 571 2007 625 illi
2027 574 2134 628 sint
2163 575 2244 629 his
2285 579 2555 646 meliores,
2591 587 2827 640 venturis
2856 597 3032 646 tamen
3066 593 3220 666 longe
3240 608 3366 654 sunt
3391 601 3540 656 infe-

1934 665 2124 733 riores,
2158 677 2209 722 et
2233 681 2486 739 quantum
2516 677 2712 731 veritas
2741 678 2904 749 ﬁgura
2953 685 3143 740 melior
3171 698 3270 744 est.
3303 691 3377 746 De
3420 694 3492 749 Ec
3515 726 3529 735 ο

1935 757 2094 812 clcsia
2126 774 2253 814 vero
2298 761 2551 834 loquitur,
2579 769 2700 836 quia
2752 786 2872 825 vera
2905 774 3119 845 Deoque
3161 793 3515 840 consentanea

1933 845 2174 902 adoratio
2206 850 2289 903 illa
2323 853 2436 923 ipsa
2457 865 2554 910 est.
2595 856 2732 911 Nam
2760 859 2917 915 Pater
2947 866 3070 919 tales
3091 871 3270 936 quam't
3289 873 3522 933 adorato-

1931 952 2029 990 res.
2062 939 2200 1008 Ergo
2228 942 2271 995 si
2297 945 2429 998 tales
2459 951 2750 1018 qumrebat,
2777 969 2882 1008 non
2915 971 2981 1011 ex
3010 959 3286 1017 voluntate
3306 966 3517 1033 propria

1933 1029 2038 1084 illis
2066 1032 2192 1087 olim
2226 1035 2382 1090 talem
2411 1042 2675 1095 concessit
2699 1044 2938 1111 modum,
2967 1049 3059 1104 sed
3073 1065 3139 1105 ex
3173 1029 3519 1124 indulgentia,

1933 1128 1989 1174 ut
2034 1121 2132 1178 hos
2185 1124 2344 1180 etiam
2397 1128 2775 1188 introduceret.
2809 1135 3032 1203 Quinam
3085 1156 3212 1212 ergo
3253 1121 3377 1199 sunt
3403 1148 3516 1201 veri

1931 1212 2283 1271 adoratores?
2307 1221 2405 1285 Qui
2427 1222 2628 1278 cultum
2669 1241 2773 1280 non
2821 1228 2939 1284 loco
2971 1231 3430 1302 circumscribunt,
3458 1253 3522 1292 ac

1934 1303 2098 1358 Deum
2152 1309 2203 1360 in
2247 1311 2437 1378 spiritu
2483 1313 2700 1380 colunt;
2749 1317 2885 1372 sicut
2938 1329 2992 1373 et
3031 1320 3224 1377 Paulus
3267 1327 3380 1380 ait:
3427 1327 3520 1380 Cui

1932 1397 2088 1448 servio
2106 1397 2156 1449 in
2178 1399 2358 1467 spiritu
2383 1418 2510 1468 meo,
2533 1405 2587 1457 in
2610 1409 2865 1477 evangelio
2887 1407 3011 1463 Filii
3023 1413 3135 1475 eius
3157 1413 3333 1482 (Rom.
3360 1417 3409 1470 I.
3427 1417 3482 1484 9)
3503 1433 3518 1478 :

1932 1493 1985 1538 et
2034 1486 2220 1540 iterum
2243 1530 2256 1554 ,
2305 1489 2525 1546 Obsecro
2555 1509 2641 1548 vos
2688 1507 2744 1549 ut
2773 1499 3047 1554 exhibeatis
3091 1519 3304 1572 corpora
3358 1517 3523 1560 vestra

1932 1579 2147 1632 hostiam
2169 1581 2427 1645 viventem,
2446 1584 2552 1638 Deo
2575 1588 2872 1656 placentem,
2906 1591 3203 1647 rationabile
3231 1597 3520 1663 obsequium

1933 1678 2146 1721 vestrum
2176 1669 2335 1739 (Ibid.
2368 1672 2452 1727 I2.
2490 1676 2562 1743 I).
2596 1676 2732 1730 Cum
2761 1688 2936 1733 autem
2967 1681 3114 1748 dicit,
3156 1684 3246 1738 24.
3294 1685 3520 1756 Spiritus

1932 1769 2002 1811 est
2035 1758 2198 1822 Deus,
2240 1763 2369 1818 nihil
2419 1765 2559 1820 aliud
2599 1761 2758 1837 quam
2808 1770 3181 1840 incorporeum
3238 1777 3516 1846 signiticet.

1931 1847 2151 1918 Oportet
2183 1852 2342 1922 igitur
2365 1856 2664 1927 incorporei
2685 1861 2888 1915 cultum
2915 1863 3074 1917 etiam
3103 1866 3262 1920 talem
3293 1883 3432 1935 esse,
3465 1880 3520 1924 ct

1930 1955 2027 2010 per
2056 1942 2107 1997 id
2137 1944 2277 2011 quod
2309 1945 2680 2018 incorporeum
2711 1951 2761 2004 in
2791 1953 2945 2007 nobis
2972 1964 3054 2009 est
3079 1955 3291 2022 oll'erri;
3333 1957 3385 2012 id
3411 1970 3516 2024 est,

1933 2047 2029 2101 per
2056 2034 2286 2089 animam
2310 2046 2362 2090 et
2389 2053 2484 2108 per
2528 2041 2723 2096 mentis
2752 2043 3059 2111 puritatem.
3089 2045 3293 2109 Idcirco
3313 2049 3418 2102 ait:
3451 2048 3517 2102 Et

1931 2122 2226 2178 adoratorcs
2264 2127 2392 2195 ejus,
2420 2129 2471 2182 in
2501 2130 2689 2210 spiritu.
2725 2124 2772 2210 et
2797 2116 3238 2210 veritatesoportet
3279 2137 3516 2193 adorare.-

1931 2213 2064 2266 Cum
2093 2215 2233 2268 enim
2265 2224 2318 2271 et
2350 2215 2423 2272 illi
2453 2203 2701 2274 δι’]υάώὶ
2733 2203 2962 2278 animam
2993 2203 3344 2296 negligereut.
3379 2231 3518 2283 mul-

1935 2313 2147 2374 tamque
2187 2310 2430 2378 corporis
2478 2325 2659 2366 curam
2711 2325 2978 2384 gererent,
3022 2317 3300 2389 ipsumque
3344 2323 3520 2378 omni-

1936 2397 2091 2453 mode
2117 2411 2421 2471 purgarent,
2450 2403 2579 2458 dicit
2601 2420 2704 2459 non
2735 2409 2976 2476 corporis
3003 2410 3255 2479 puritate,
3304 2413 3396 2468 sed
3427 2415 3518 2470 illo

1933 2492 2072 2561 quod
2103 2494 2472 2564 incorporeum
2512 2500 2561 2552 in
2609 2499 2763 2556 nobis
2804 2511 2907 2566 est,
2956 2505 3160 2560 scilicet
3209 2517 3406 2573 mente,
3435 2509 3518 2564 iu-

1933 2597 2250 2650 corporeum
2281 2601 2401 2643 esse
2429 2588 2730 2644 colendum.
2754 2590 2832 2647 Ne
2862 2593 3040 2663 itaque
3059 2610 3185 2650 oves
3213 2607 3266 2651 et
3296 2599 3514 2667 vitulos,

1933 2673 2027 2726 sed
2052 2673 2274 2743 teipsum
2307 2675 2440 2732 oll‘er
2470 2679 2577 2732 Deo
2598 2680 2648 2733 in
2678 2681 3042 2738 holocausmm
3077 2704 3092 2740 :
3123 2685 3224 2743 hoc
3258 2699 3340 2744 est
3371 2691 3514 2744 enim

1936 2763 2162 2819 hostiam
2190 2770 2452 2823 viventem
2482 2770 2750 2826 exhibere.
2803 2774 2856 2828 In
2884 2777 3104 2832 veritate
3140 2793 3365 2850 namque
3389 2782 3518 2836 ado-

1933 2871 2052 2910 rare
2079 2867 2307 2926 oportet.
2344 2858 2412 2914 Ut
2462 2861 2635 2930 priora
2668 2873 2823 2934 typus
2849 2876 3020 2932 eraut,
3068 2885 3260 2940 nempe
3286 2873 3513 2927 circum-

1931 2947 2086 3013 cisio,
2125 2948 2456 3018 holocausta,
2509 2955 2792 3020 sacriﬁcia,
2836 2946 3147 3027 incensum;
3181 2978 3322 3020 nunc
3370 2975 3517 3021 certe

1937 3055 2040 3092 non
2071 3041 2226 3106 item;
2259 3041 2351 3096 sed
2378 3044 2556 3097 omnia
2578 3046 2795 3100 veritas.
2827 3048 2941 3103 Non
2964 3053 3104 3105 enim
3131 3068 3257 3107 caro
3280 3056 3511 3111 circum-

1935 3130 2180 3195 cidenda,
2223 3131 2315 3185 scd
2362 3133 2608 3202 malignae
2634 3137 3005 3205 cogitationes,
3033 3155 3095 3195 ac
3118 3142 3352 3211 seipsum
3383 3159 3514 3199 cru»

1933 3219 2150 3289 ciligere
2171 3229 2402 3288 oportet,
2436 3221 2798 3294 absurdasque
2823 3230 3280 3299 concupiscentias
3325 3234 3518 3292 tollere

1934 3319 1987 3364 et
2012 3310 2305 3366 immolare.
2341 3311 2466 3366 llzec
2499 3313 2709 3368 mulieri
2744 3316 2969 3372 obscura
2992 3319 3102 3374 visa
3143 3330 3305 3377 sunt:
3335 3323 3514 3380 dicto-

1935 3415 2050 3453 rum
2083 3399 2464 3455 sublimitatem
2485 3417 2588 3456 non
2619 3417 2904 3475 asscquuta
2935 3409 3044 3475 illa,
3065 3419 3119 3464 et
3141 3410 3368 3480 haerens,
3392 3415 3516 3469 audi

1934 3491 2058 3560 quid
2103 3492 2244 3547 dicat
2293 3511 2305 3548 :
2349 3493 2441 3550 25.
2476 3495 2596 3550 Scio
2647 3498 2766 3564 quia
2795 3501 2925 3553 venit
2971 3500 3183 3556 Messias
3207 3506 3294 3572 qui
3336 3507 3518 3560 dicitur

1934 3582 2162 3638 Christus
2185 3600 2203 3636 :
2224 3601 2333 3638 cum
2359 3587 2542 3641 venerit
2569 3587 2674 3655 ille,
2705 3592 3021 3647 annuntiabit
3045 3595 3187 3649 nobis
3212 3599 3404 3657 omnia.
3425 3599 3516 3653 26.

1937 3673 2071 3728 Dicit
2092 3677 2137 3728 ei
2155 3673 2307 3730 Iesus
2327 3693 2343 3730 :
2369 3676 2476 3749 Ego
2487 3695 2595 3732 sum
2613 3681 2698 3749 qui
2725 3681 2903 3751 loquor
2928 3693 3106 3739 tecum.
3125 3685 3189 3741 Et
3211 3688 3349 3744 unde
3366 3689 3520 3746 Chri-

1935 3768 1999 3821 sti
2042 3767 2327 3822 adventum
2378 3771 2763 3837 ex5pectabant
2814 3773 3153 3842 Samaritani,
3202 3777 3294 3846 qui
3340 3781 3513 3834 solum

1937 3857 2170 3928 Moysem
2209 3860 2570 3927 recipiebant?
2598 3861 2680 3916 Ex
2707 3863 2834 3931 ipsis
2877 3863 3073 3936 Moysis
3119 3868 3353 3938 scriptis.
3384 3869 3517 3924 Nam

1938 3952 1988 4004 in
2019 3951 2278 4022 principio
2309 3952 2497 4006 Filium
2529 3955 2802 4010 revelavit.
2836 3956 2970 4010 Illud
3020 3959 3201 4013 enim:
3248 3959 3522 4016 Faciamus

1939 4041 2188 4096 hominem
2231 4042 2300 4095 ad
2324 4043 2593 4111 imaginem
2623 4053 2668 4096 et
2706 4045 3082 4102 similitudinem
3114 4059 3338 4103 nostram
3368 4050 3518 4119 (Cen.

1942 4137 1992 4189 1.
2019 4134 2139 4206 26),
2174 4136 2238 4189 ad
2270 4135 2460 4188 Filium
2490 4135 2690 4190 dietum
2725 4136 2926 4203 fuerat;
2955 4149 3005 4194 et
3026 4139 3332 4196 Abrahamo
3358 4141 3408 4197 in
3439 4153 3520 4198 ta-

1938 4225 2227 4280 bernacqu
2254 4225 2420 4280 Filius
2450 4225 2718 4294 loquitur;
2766 4238 2821 4280 et
2868 4228 3034 4283 Jacob
3061 4229 3130 4284 de
3170 4230 3259 4286 illo
3289 4233 3520 4301 prophe-

1939 4319 2040 4372 tice
2058 4315 2298 4387 praedicit
2331 4334 2342 4369 :
2380 4316 2498 4371 Non
2526 4317 2724 4382 deﬁciet
2741 4318 2975 4388 princeps
3005 4321 3068 4373 de
3081 4320 3245 4385 Juda,
3292 4339 3383 4375 nec
3413 4324 3521 4376 dua:

1939 4411 1998 4464 de
2029 4409 2300 4480 feruoribus
2325 4410 2454 4479 ejus,
2488 4409 2645 4462 donec
2674 4411 2836 4464 veniat
2868 4412 2909 4464 is
2949 4413 3032 4465 cui
3062 4413 3332 4482 repositum
3355 4425 3448 4480 est,
3476 4423 3521 4469 et

1937 4503 2044 4570 ipse
2083 4502 2384 4570 exspectatio
2413 4501 2654 4571 gentium.
2689 4501 2842 4568 (Cen.
2873 4502 2962 4557 69.
3011 4504 3124 4572 10).
3171 4504 3287 4574 Ipse
3308 4520 3522 4576 quoque

1938 4593 2146 4662 Moyses
2166 4593 2240 4645 ait
2267 4609 2280 4644 :
2316 4591 2623 4660 Prophetum
2639 4595 2775 4647 vobis
2795 4595 3052 4648 suscitabit
3081 4595 3327 4650 Dominus
3344 4595 3486 4650 Deus
3500 4639 3515 4658 ,

1938 4685 2000 4738 de
2027 4683 2269 4751 fratribus
2299 4684 2473 4737 vestris
2497 4684 2625 4737 sicut
2652 4699 2762 4747 me;
2787 4686 2954 4754 ipsum
2979 4687 3193 4740 audietis
3220 4686 3395 4757 (Deut.
3431 4688 3520 4743 I8.

1939 4773 2050 4841 15).
2078 4773 2207 4828 Item
2234 4789 2351 4842 quae
2377 4773 2443 4827 de
2464 4783 2733 4841 serpente,
2763 4775 2830 4829 de
2851 4775 2994 4844 virga
3028 4775 3228 4847 Moysis
3247 4777 3344 4834 ,de
3375 4775 3522 4831 Isaac

1935 4865 2076 4919 etde
2101 4879 2221 4928 ove,
2271 4864 2540 4934 multaque
2581 4866 2705 4926 alia,
2746 4865 2865 4934 quis
2894 4865 3146 4934 colligere
3191 4867 3377 4934 possit,
3402 4883 3521 4937 qua:

1939 4957 2224 5010 adventura
2271 4955 2406 5009 illius
2463 4955 2844 5024 prardicebant.
2879 4956 2945 5009 Et
2996 4972 3132 5022 cur,
3163 4957 3387 5028 inquies,
3438 4957 3522 5013 his

1937 5047 2180 5102 Christus
2221 5061 2324 5099 non
2350 5059 2475 5099 usus
2500 5054 2583 5099 est
2614 5054 2670 5099 ut
2697 5046 2903 5099 mulieri
2935 5047 3203 5113 suaderet,
3230 5047 3324 5103 sed
3349 5047 3512 5102 Nico-

1939 5140 2096 5196 demo
2126 5147 2429 5208 serpentem
2462 5137 2697 5208 protulit,
2727 5137 3035 5194 Nathanaeli
3055 5139 3521 5208 prophetiascmn-

1939 5231 2284 5292 memoravit;
2310 5229 2432 5282 huic
2466 5243 2596 5282 vero
2619 5229 2747 5282 nihil
2778 5229 2954 5282 simile
2985 5229 3159 5284 dixit?
3185 5230 3294 5285 Cur
3322 5242 3377 5286 et
3414 5247 3518 5302 qua

1935 5321 2005 5376 de
2033 5321 2228 5376 causa?
2258 5319 2389 5386 Quia
2417 5318 2488 5372 illi
2508 5318 2601 5371 viri
2630 5326 2802 5383 erant,
2852 5318 2940 5388 qui
2973 5319 3024 5373 in
3056 5318 3138 5374 his
3167 5321 3519 5376 versabantur

1938 5414 2128 5475 rebus;
2177 5410 2290 5464 lucc
2327 5424 2452 5464 vero
2483 5409 2675 5462 mulier
2721 5409 2892 5479 inops,
2927 5411 3093 5474 rudis,
3123 5409 3516 5480 Scripturarum

1939 5520 2148 5575 expers.
2176 5502 2404 5571 Ideoque
2423 5517 2526 5555 non
2560 5501 2645 5556 illa
2670 5501 2947 5556 mulierem
2965 5502 3239 5571 alloquens
3259 5502 3473 5557 adhibet
3497 5519 3515 5568 ;

1939 5599 2030 5653 sed
2064 5614 2125 5652 ex
2156 5610 2288 5665 aqua
2321 5610 2494 5663 eatque
2541 5593 2817 5666 prophetia
2875 5595 3018 5648 illam
3047 5593 3292 5657 attrahit,
3323 5608 3386 5647 ac
3421 5607 3521 5666 per

1945 5692 2028 5745 illa
2065 5688 2328 5743 Christum
2370 5687 2419 5740 iu
2461 5685 2768 5740 memoriam
2804 5693 3037 5752 revocat,
3070 5698 3132 5736 ac
3159 5684 3394 5753 seipsum
3426 5682 3520 5735 de-

3100 5777 3173 5835 12
