3984 6196
592 254 691 311 191

593 460 832 525 dixisset,
858 458 1005 514 visus
1033 457 1221 513 fuisset
1247 458 1298 513 ei
1322 457 1548 513 delirare
1577 468 1630 513 et
1658 457 1824 512 futilia
1847 457 2009 527 loqui.
2029 455 2180 510 Nunc

593 558 771 605 autem
832 548 1087 619 paulatim
1118 547 1191 601 illi
1240 548 1553 602 memoriam
1607 560 1885 612 revocans,
1918 556 2178 615 oportune

593 656 714 697 sese
741 641 959 695 revelat.
988 639 1052 693 Et
1081 638 1292 709 quidem
1323 638 1521 693 Judzeis
1546 653 1689 706 saepe
1715 637 2036 702 dicentibus,
2075 634 2179 690 Us-

593 749 790 803 quequo
841 732 1065 785 animam
1120 741 1346 785 nostram
1404 730 1582 784 tollis?
1609 728 1706 783 Dic
1758 728 1899 782 nobis
1942 728 1986 781 si
2046 737 2181 828 lues

596 823 828 878 Christus
859 821 1035 894 (Joan.
1095 821 1179 877 10.
1218 820 1310 891 24)
1341 839 1355 873 :
1387 820 1471 874 his
1519 835 1623 873 non
1672 819 1818 873 clare
1865 816 2177 886 respondit;

596 915 876 970 huic'vcro
904 912 1187 969 manifeste
1201 913 1334 967 dixit
1354 927 1413 967 se
1437 911 1705 966 Christum
1737 924 1856 965 esse
1880 928 1893 964 :
1927 925 2048 963 nam
2072 924 2181 963 me-

593 1006 698 1059 lius
722 1005 913 1059 affecta
940 1005 1133 1059 mulier
1156 1013 1291 1070 erat,
1316 1017 1473 1073 quam
1504 1000 1788 1057 JudaeiJlli
1814 999 1955 1053 enim
1984 1012 2089 1052 non
2114 996 2179 1051 ad

593 1095 905 1151 discendum
934 1094 1242 1165 quazrebant
1260 1126 1274 1150 ,
1301 1092 1395 1147 sed
1416 1101 1473 1146 ut
1501 1091 1672 1161 ipsum
1700 1105 1912 1158 semper
1935 1088 2181 1143 traduce-

592 1196 733 1241 rent.
757 1186 887 1240 Nam
914 1187 960 1240 si
994 1188 1206 1243 discere
1227 1183 1544 1246 voluissent,
1575 1184 1702 1236 satis
1728 1181 1915 1237 fuisset
1944 1181 2179 1235 doctrina

585 1278 903 1341 verborum,
934 1275 1355 1345 Scripturarum,
1378 1273 1671 1341 signorum.
1693 1273 1782 1326 Illa
1804 1286 1930 1326 vero
1947 1271 2183 1340 simplici

594 1375 777 1422 mente
801 1377 856 1422 et
878 1366 1090 1421 sincero
1116 1364 1308 1419 affectu
1332 1364 1670 1434 loquebatur,
1709 1374 1765 1418 ut
1793 1365 1966 1432 palam
1993 1372 2077 1419 est
2117 1380 2183 1419 ex

586 1457 665 1511 iis
696 1471 816 1527 qua:
840 1464 1022 1526 postea
1049 1454 1196 1511 fecit.
1230 1453 1363 1509 Nam
1394 1454 1593 1508 audivit
1622 1464 1674 1509 et
1702 1454 1945 1518 credidit,
1972 1464 2029 1510 et
2050 1455 2184 1511 alios

594 1546 665 1601 ad
697 1546 1026 1602 credendum
1058 1546 1284 1611 induxit,
1315 1546 1366 1599 in
1392 1546 1744 1614 omnibusque
1770 1545 1952 1601 videre
1968 1557 2051 1600 est
2070 1562 2186 1601 mu.

588 1635 741 1690 lieris
768 1636 1101 1705 diligentiam
1129 1644 1184 1690 et
1210 1634 1393 1689 fidem.
1422 1635 1513 1688 27.
1562 1633 1630 1687 Et
1655 1641 1892 1690 continuo
1945 1647 2183 1691 venerunt

596 1727 831 1797 discipuli
856 1728 982 1796 ejus.
1008 1725 1052 1779 Τ
1055 1726 1353 1795 empestive
1382 1726 1750 1790 advenerunt,
1788 1741 1912 1781 cum
1941 1727 2183 1783 doctrina

595 1817 705 1884 jam
734 1815 971 1885 perfeCte
1001 1816 1190 1870 tradita
1244 1824 1409 1870 esset.
1460 1814 1534 1869 Et
1559 1816 1876 1870 mirabantur
1908 1820 2044 1887 quod
2071 1835 2186 1873 cum

596 1907 809 1960 muliere
846 1906 1149 1974 loqueretur.
1190 1904 1356 1959 Nemo
1406 1915 1573 1960 tamen
1611 1907 1758 1975 dixit,
1792 1906 1927 1972 Quid
1963 1909 2187 1978 ι]αωὶσῖ

596 2006 703 2059 aut,
740 1996 873 2062 Quid
899 1996 1122 2065 loqueris
1155 2012 1271 2050 cum
1295 2012 1354 2049 ea
1380 1997 1407 2050 ?

649 2084 720 2142 ’5.
751 2086 887 2154 Quid
913 2088 1280 2143 mirabantur?
1309 2087 2034 2155 Faeilitatem,humilitatem
2064 2102 2179 2147 tau-
2220 2106 2243 2125 ν

596 2187 741 2241 tam;
770 2176 911 2246 quod
935 2186 1039 2230 tam
1070 2178 1388 2246 conspicuus
1430 2193 1551 2232 cum
1591 2188 1755 2245 esset,
1809 2195 1876 2234 eo
1911 2195 1968 2235 se
1988 2180 2187 2237 demit-

598 2279 713 2321 tere
759 2267 1086 2337 dignaretur,
1120 2279 1177 2321 ut
1205 2268 1481 2323 mulierem
1526 2270 1761 2338 inopem,
1799 2268 2186 2326 Samaritanam

597 2357 977 2424 alloqueretur.
1035 2357 1288 2411 Altamen
1331 2358 1452 2412 licet
1496 2357 1807 2427 stupefacti,
1846 2374 2058 2415 causam
2083 2376 2185 2417 non

599 2446 959 2516 quarsierunt;
992 2446 1060 2500 ita
1091 2461 1284 2516 nempe
1310 2447 1537 2502 instituti
1581 2459 1733 2504 erant
1758 2491 1773 2515 ,
1802 2459 1858 2504 ut
1896 2452 2185 2522 discipulo-

600 2549 716 2590 rum
737 2550 950 2603 semper
970 2534 1212 2591 ordinem
1243 2545 1485 2591 tenerent
1511 2555 1523 2591 :
1552 2538 1623 2592 ita
1648 2540 1818 2607 ipsum
1847 2542 2103 2598 timebant
2124 2561 2188 2601 ac

599 2623 1004 2679 reverebantur.
1048 2625 1270 2681 Etiamsi
1318 2627 1462 2682 enim
1516 2628 1752 2683 nondum
1801 2630 2014 2700 dignam
2068 2636 2184 2705 ejus

600 2715 1049 2771 existimationem
1113 2716 1406 2783 haberent,
1477 2725 1532 2771 at
1593 2720 1743 2788 quasi
1815 2721 2184 2782 admirandum

601 2807 886 2876 quemdam
912 2807 1083 2861 virum
1107 2808 1279 2877 ipsum
1308 2808 1670 2879 suspiciebant
1699 2812 2183 2886 observabantque.

604 2899 860 2951 Attamen
887 2911 1030 2968 saepe
1059 2898 1400 2954 audentiores
1440 2900 1538 2955 visi
1565 2909 1710 2967 sunt,
1738 2912 1795 2956 ut
1816 2918 1933 2957 cum
1955 2904 2187 2964 Joannes

606 3000 765 3056 supra
794 2996 981 3055 pectus
1015 2987 1131 3056 ejus
1154 2990 1433 3056 recubuit;
1474 2999 1529 3044 et
1566 3005 1686 3045 cum
1734 3005 2075 3051 accesserunt
2121 2999 2187 3053 ad

592 3094 725 3133 eum
747 3079 1001 3144 dicentes,
1027 3080 1154 3147 Quis
1171 3085 1333 3150 maior
1350 3084 1496 3137 estin
1518 3102 1669 3155 regno
1686 3087 1927 3142 calorum
1954 3089 1975 3161 (
1999 3090 2185 3147 Matth.

605 3170 825 3240 18.1)?
869 3187 991 3225 cum
1028 3173 1118 3226 lilii
1145 3172 1387 3229 Zebedaﬁ
1432 3186 1622 3246 rogant
1653 3187 1710 3231 ut
1738 3179 1873 3234 alter
1907 3196 1936 3234 a
1966 3181 2186 3252 dextris,

606 3261 743 3317 alter
780 3276 811 3314 a
850 3263 1083 3316 sinistris
1107 3263 1291 3319 sedeat
1320 3264 1513 3335 (Marc.
1544 3267 1628 3323 10.
1664 3269 1748 3325 35.
1781 3272 1847 3324 37
1870 3271 1910 3343 ).
1937 3272 2044 3327 Cur
2063 3291 2190 3346 ergo

607 3353 693 3406 hic
734 3367 837 3406 non
899 3354 1332 3424 interrogarunt?
1383 3358 1515 3424 Quia
1566 3370 1690 3415 tunc
1751 3377 1871 3418 cum
1919 3366 1987 3421 de
2032 3369 2191 3425 rebus

605 3444 718 3496 suis
744 3454 1011 3511 ageretur,
1059 3448 1362 3504 necessario
1419 3451 1857 3518 sciscitabantur;
1903 3455 1989 3511 hic
2015 3470 2190 3516 autem

607 3547 694 3586 res
738 3533 867 3586 nihil
908 3534 972 3587 ad
1011 3549 1105 3588 eos
1152 3538 1471 3603 pertinebat.
1522 3540 1756 3599 Joannes
1795 3555 1972 3601 autem
2023 3554 2193 3610 multo

607 3632 730 3689 post
760 3631 998 3690 tempore
1029 3622 1130 3677 hoc
1159 3624 1333 3681 facere
1359 3629 1585 3697 solebat,
1618 3634 1830 3701 quando
1851 3637 2047 3694 Christi
2068 3658 2191 3713 erga

606 3726 668 3765 se
708 3711 994 3768 dilectione
1038 3712 1225 3780 fretus,
1257 3718 1426 3787 magis
1466 3719 1661 3776 ﬁdebat
1694 3741 1708 3777 ε
1741 3724 1841 3779 Hic
1868 3728 2001 3782 enim
2050 3711 2191 3799 erat,

607 3802 796 3869 inquit,
838 3818 983 3871 quem
1026 3803 1263 3875 diligebat
1311 3807 1462 3863 .Iesus
1513 3809 1707 3879 (Joan.
1769 3816 1857 3871 l9.
1892 3817 2024 3888 26).
2056 3822 2195 3889 Quid

608 3890 732 3944 huic
785 3890 1098 3947 beatitudini
1125 3896 1256 3964 par?
1309 3896 1502 3952 Verum
1549 3918 1652 3956 non
1680 3903 1768 3959 hic
1791 3906 2012 3975 gradum
2043 3912 2197 3967 sista-

606 3996 748 4047 mus,
778 3981 981 4050 dilecti,
1012 3993 1069 4038 ut
1111 3988 1410 4055 apostolum
1452 3992 1662 4049 beatum
1693 3999 2073 4069 przrdicemus;
2101 4006 2195 4061 sed

609 4071 743 4127 nihil
770 4088 876 4128 non
906 4089 1126 4146 agamus
1152 4087 1209 4132 ut
1232 4078 1284 4133 in
1331 4080 1608 4141 beatorum
1652 4103 1876 4145 numero
1909 4106 2194 4150 accensea-

607 4179 756 4231 mur;
779 4166 1049 4222 imitemur
1070 4172 1473 4241 evangelistam,
1498 4185 1547 4230 et
1575 4178 1849 4237 videamus
1876 4185 2000 4254 quid
2023 4201 2197 4243 causre

607 4253 783 4322 fuerit,
808 4255 947 4325 quod
984 4265 1182 4312 tantam
1208 4261 1306 4316 sibi
1338 4262 1534 4320 Christi
1585 4253 1927 4328 dilectionem
1958 4277 2198 4333 attrahe-

607 4354 716 4400 ret.
744 4344 998 4411 Qumnam
1044 4350 1370 4407 causa‘t‘uit?
1395 4354 1610 4411 Patrem
1658 4361 1867 4430 reliquit
1893 4376 1945 4418 et
1985 4368 2200 4423 navicu-

608 4434 713 4488 lam
744 4443 798 4488 et
823 4445 960 4503 rete,
991 4445 1047 4490 et
1081 4438 1264 4495 Jesum
1294 4454 1551 4512 sequutus
1602 4458 1706 4503 est.
1753 4449 1949 4507 Verum
1992 4454 2091 4511 hoc
2123 4459 2198 4512 illi

613 4537 899 4579 commune
928 4541 1049 4581 cum
1087 4529 1251 4586 fratre
1294 4548 1391 4587 suo
1418 4546 1569 4603 erat,
1604 4540 1838 4610 itemque
1877 4559 1995 4599 cum
2040 4547 2199 4605 Petro

607 4624 661 4666 et
691 4614 924 4683 Andrea,
961 4627 1015 4672 et
1045 4634 1164 4673 cum
1202 4624 1414 4676 caeteris
1442 4629 1724 4695 apostolis.
1757 4631 1891 4698 Quid
1942 4650 2069 4706 ergo
2090 4640 2199 4692 exi-

608 4707 774 4760 mium
804 4706 1007 4773 habuit,
1039 4711 1179 4779 quod
1209 4721 1406 4768 tantam
1439 4715 1539 4784 ipsi
1565 4718 1905 4777 dilectionem
1941 4730 2197 4782 concilia-

610 4800 843 4855 ret?ll|e
868 4802 934 4857 de
980 4805 1161 4874 seipse
1185 4805 1317 4861 nihil
1357 4808 1660 4877 hujusmodi
1702 4813 1852 4881 dixit,
1883 4819 1982 4873 nisi
2028 4823 2197 4877 solum

608 4893 752 4959 quod
774 4893 1111 4966 diligeretur;
1141 4917 1358 4958 causam
1390 4920 1516 4959 vero
1543 4921 1639 4960 cur
1668 4908 1978 4978 diligeretur
2009 4918 2197 4970 mode-

609 4995 693 5038 ste
735 4988 915 5042 tacuit.
948 4990 1098 5055 Quod
1129 4995 1271 5051 enim
1324 4997 1519 5052 eximie
1566 5013 1594 5051 a
1627 4999 1841 5055 Christo
1890 5002 2200 5075 diligeretur

607 5076 862 5132 omnibus
886 5081 1057 5148 palam
1081 5094 1196 5138 erat
1222 5103 1235 5139 :
1259 5096 1492 5142 attamen
1520 5104 1623 5144 non
1647 5091 1993 5151 observamus
2024 5098 2197 5166 ipsum

610 5165 993 5235 alloquentem,
1023 5188 1085 5228 ac
1123 5178 1345 5231 seorsim
1377 5180 1760 5250 sciscitantem,
1793 5194 1851 5239 ut
1904 5186 2028 5243 fecit
2058 5207 2199 5261 διξερε

612 5252 822 5320 Petrus,
854 5270 911 5315 ut
940 5261 1238 5335 Philippus,
1274 5278 1330 5323 ut
1356 5270 1542 5338 ludas,
1572 5282 1631 5327 ut
1657 5273 1924 5344 Thomas;
1951 5280 2049 5334 nisi
2084 5252 2199 5338 tan-

616 5356 729 5399 tum
752 5353 917 5406 semel
942 5355 992 5408 in
1015 5358 1237 5425 gratiam
1260 5365 1558 5431 coapostoli
1584 5366 1664 5419 sui
1687 5370 1925 5434 rogantis
1953 5385 2033 5425 se.
2068 5373 2199 5429 Nam

612 5436 870 5495 innuente
898 5447 1259 5512 apostolorum
1289 5454 1595 5524 coryphzeo,
1628 5466 1751 5511 tunc
1782 5464 2087 5518 necessario
2111 5468 2197 5519 in-

612 5533 931 5601 terrogavit;
974 5535 1025 5589 hi
1063 5539 1205 5592 enim
1230 5550 1413 5596 mutuo
1456 5558 1516 5598 se
1567 5560 1748 5602 amore
1776 5548 2081 5621 diligebant.
2113 5555 2200 5611 Sic

610 5620 665 5673 ia
696 5625 944 5697 templum
984 5629 1137 5686 simul
1166 5633 1490 5702 ascendisse,
1518 5638 1676 5694 simul
1706 5620 2047 5701 concionatos
2076 5662 2193 5703 esse

1260 251 1320 306 S.
1359 247 1633 306 JOANNIS
1668 244 2134 307 CHRYSOSTOMI
2174 243 2488 302 ARCIIIEP.
2528 247 3053 311 CONSTANTINOP.

595 382 741 425 mum
796 366 1017 423 revelat.
1073 364 1202 434 Qua:
1249 367 1295 421 si
1340 367 1491 423 initio
1538 381 1643 422 non
1663 365 1927 436 quaerenti
1962 361 2176 419 mulieri
2232 358 2233 363 “

3734 266 3829 326 ΐθέ

2288 375 2555 422 narratur.
2586 368 2745 439 Atqui
2771 370 2959 427 Petrus
2984 383 3158 431 tamen
3188 376 3461 434 ardentius
3491 394 3625 450 saepe
3654 392 3703 437 et
3726 400 3831 438 ino-

2284 465 2437 511 vetur
2473 467 2528 513 et
2564 459 2801 529 loquitur
2851 480 2863 516 :
2912 478 2973 517 ac
3017 464 3230 521 demum
3281 468 3548 525 Christum
3591 472 3832 529 dicentem

2282 545 2430 600 audit
2480 565 2492 601 :
2534 547 2714 613 Petre,
2772 568 2913 606 amas
2956 571 3035 608 me
3075 556 3189 623 plus
3236 558 3314 612 his
3366 560 3559 629 (Joan.
3594 561 3832 635 21.15)?

2283 636 2383 702 Qui
2424 653 2553 693 vero
2581 640 2697 708 plus
2722 645 2931 699 caeteris
2958 645 3242 717 diligebat,
3272 652 3456 719 procul
3488 654 3642 709 dubio
3668 659 3832 727 dilige-

2283 726 2459 782 batur.
2483 729 2676 785 Verum
2706 734 2931 789 alterum
2964 751 3030 791 ex
3055 753 3236 795 amore
3259 755 3381 810 erga
3405 742 3602 809 Jesum,
3631 752 3832 802 alterum

2283 833 2347 874 ex
2377 835 2559 878 amore
2586 824 2711 879 Jesu
2742 842 2864 896 erga
2895 828 3042 883 illum
3075 831 3246 899 palam
3276 844 3411 889 erat.
3449 836 3581 903 Quid
3611 855 3728 910 ergo
3771 843 3832 897 illi

2286 908 2425 966 hunc
2451 914 2703 969 eximium
2735 932 2970 973 amorem
2998 924 3344 980 conciliavit?
3387 927 3601 985 Videtur
3620 932 3739 987 mihi
3763 935 3832 989 ille

2284 1000 2599 1058 modestiam
2647 1014 2703 1061 et
2740 1011 3200 1067 mansuetudinem
3232 1030 3473 1087 magnam
3518 1021 3832 1080 exhibuisse:

2285 1103 2607 1162 quapropter
2642 1111 2783 1166 saepe
2816 1114 2921 1155 non
2952 1103 3022 1157 ita
3051 1103 3218 1161 libere
3256 1116 3311 1161 et
3337 1107 3560 1167 fidenter
3578 1129 3729 1185 agere
3754 1117 3832 1171 de.

2286 1184 2650 1250 prehenditur.
2675 1189 2803 1246 Hzec
2840 1204 3033 1262 quanta
3064 1197 3133 1250 sit
3169 1199 3355 1265 virtus,
3386 1219 3449 1257 ex
3482 1184 3655 1278 Moyse
3680 1213 3832 1280 argui.

2288 1284 2373 1327 tur
2400 1293 2414 1328 :
2439 1292 2559 1331 nam
2587 1279 2701 1335 hate
2728 1282 2873 1337 illum
2906 1285 3063 1340 talem
3095 1297 3149 1342 et
3176 1299 3378 1345 tantum
3411 1294 3603 1350 eii'ecit.

2360 1365 2636 1425 Humilitas
2652 1373 3032 1441 fundamentum
3050 1380 3303 1435 virtutum.
3330 1383 3626 1441 Diuitiarum
3642 1393 3824 1446 vanitas

2288 1453 2623 1529 Eleemosyna
2673 1466 3067 1521 commendatur.
3115 1498 3192 1510 —
3243 1471 3383 1527 Nihil
3436 1490 3529 1542 par
3582 1479 3826 1537 humilitat

2286 1556 2386 1602 est.
2415 1546 2538 1604 Ideo
2563 1551 2687 1607 hinc
2732 1555 3085 1613 beatitudiues
3115 1559 3361 1618 Christus
3405 1566 3599 1637 incepit
3626 1570 3643 1639 (
3668 1570 3826 1627 Matth

2287 1638 2340 1693 5.
2374 1640 2458 1711 5).
2498 1641 2629 1697 Nam
2653 1647 2803 1714 quasi
2834 1648 3040 1703 redilicii
3086 1653 3297 1708 maximi
3349 1638 3740 1716 fundamentum
3772 1665 3831 1734 ja-

2287 1743 2488 1797 σιω-υς,
2536 1732 2886 1792 humilitatem
2931 1740 3156 1809 primam
3212 1748 3387 1813 posuit
3460 1748 3623 1805 Nemo
3664 1732 3832 1825 quippl

2289 1831 2462 1892 potest
2488 1824 2690 1896 absque
2713 1829 2799 1883 illa
2827 1830 3051 1888 salutem
3081 1840 3369 1905 consequi;
3393 1842 3486 1897 sed
3512 1844 3713 1901 etiamsi
3738 1824 3832 1918 qui:

2285 1916 2635 1987 jejunaverit,
2684 1924 2890 1979 etiamsi
2940 1940 3188 1996 precatus
3235 1932 3306 1987 sit
3364 1934 3832 2012 eleemosynamqm

2289 2010 2541 2077 erogarit,
2569 2012 2612 2065 si
2642 2012 2691 2067 id
2720 2017 2949 2084 superbe
2976 2018 3149 2086 faciat,
3180 2021 3293 2077 haec
3313 2028 3488 2081 omnia
3510 2010 3832 2087 aboniinaud:

2290 2107 2450 2163 sunt;
2478 2109 2747 2157 utcontra
2780 2107 2823 2158 si
2869 2107 3007 2162 adsit
3053 2109 3340 2178 humilitas,
3390 2119 3566 2172 omnia
3615 2124 3832 2190 optabili:

2289 2191 2640 2265 amabiliaque
2669 2207 2793 2252 sunt
2819 2208 2874 2253 et
2906 2215 3025 2254 cum
3066 2205 3351 2262 securitate
3393 2223 3721 2268 exercentur.
3747 2216 3828 2269 Mo

2290 2281 2441 2337 deste
2471 2285 2629 2355 igitur
2652 2302 2891 2357 agamus,
2940 2292 3143 2362 dilecti,
3174 2298 3413 2353 modeste
3443 2315 3691 2370 agamus:
3717 2318 3831 2360 certi

2293 2373 2460 2429 facilis
2488 2377 2602 2433 haec
2624 2380 2795 2435 virtus
2819 2391 2920 2449 est,
2945 2385 2988 2438 si
3017 2386 3308 2456 vigilemus.
3334 2390 3469 2457 Quid
3493 2394 3697 2448 tandem
3730 2397 3832 2451 illm

2292 2476 2408 2531 est,
2442 2472 2511 2522 mi
2544 2469 2722 2535 homo,
2747 2473 2885 2542 quod
2916 2484 2966 2529 te
3004 2477 3056 2530 in
3086 2484 3447 2549 arrogantiam
3500 2488 3823 2543 extollit?an

2294 2572 2399 2612 non
2444 2560 2592 2615 vides
2636 2573 2838 2618 natura:
2878 2567 3180 2622 vilitatem?
3220 2572 3542 2630 voluntatem
3568 2577 3633 2631 ad
3661 2581 3832 2649 lapsum

2294 2654 2556 2720 pronam?
2586 2653 2767 2724 Cogita
2797 2667 3021 2713 mortem
3055 2668 3217 2728 tuam,
3254 2675 3591 2732 peccatorum
3627 2671 3831 2725 multitu

2293 2742 2492 2799 dinem.
2541 2746 2738 2802 Verum
2769 2750 3007 2806 fortassis
3029 2753 3097 2808 ob
3142 2756 3304 2810 multa
3332 2760 3587 2827 praeclare
3612 2774 3757 2832 gesta
3784 2769 3832 2819 al

2294 2842 2406 2888 tum
2436 2837 2613 2905 sapis?
2642 2838 2754 2895 Hoc
2782 2842 2898 2909 ipso
2922 2845 3099 2898 omnia
3130 2848 3364 2903 amittes.
3396 2851 3726 2923 Quapropter
3761 2875 3831 2912 no

2294 2935 2401 2980 tam
2426 2933 2693 2997 peccator,
2716 2946 2873 3000 quam
2903 2935 3111 2990 virtutis
3155 2947 3386 2995 sectator
3429 2943 3701 3001 modestia
3744 2964 3831 3017 om

2296 3033 2409 3073 ram
2437 3019 2563 3075 dare
2582 3020 2759 3077 debet.
2782 3022 2995 3090 Quare?
3019 3025 3148 3094 Quia
3184 3028 3274 3083 ille
3296 3046 3360 3085 ex
3383 3034 3704 3090 conscientia
3732 3037 3797 3092 ad
3821 3040 3831 3091 i

2300 3111 2541 3179 cogitur;
2592 3110 2678 3166 hic
2709 3128 2855 3180 vero,
2890 3116 2989 3169 nisi
3028 3118 3315 3174 admodum
3342 3123 3540 3192 vigilet,
3585 3127 3691 3180 cito
3721 3144 3818 3183 ceu

2299 3210 2459 3255 vento
2479 3202 2725 3270 quopiam
2749 3203 3008 3273 abripitur
3032 3215 3087 3261 et
3102 3210 3389 3278 evanescit,
3419 3213 3555 3268 sicut
3575 3214 3831 3271 Pharis-er

2296 3290 2406 3345 ille.
2436 3291 2541 3346 Sed
2570 3296 2890 3363 pauperibus
2915 3299 3144 3368 erogas?
3186 3301 3381 3357 Verum
3416 3321 3519 3360 non
3552 3318 3660 3375 tua,
3690 3311 3783 3364 sed
3814 3327 3832 3366 ε

2296 3400 2414 3453 quae
2462 3385 2668 3440 Domini
2724 3396 2882 3453 sunt,
2932 3406 3051 3459 quae
3081 3402 3206 3447 sunt
3250 3398 3522 3451 conservis
3546 3404 3832 3456 communi:

2298 3472 2527 3544 ideoque
2555 3474 2828 3532 humiliter
2862 3481 3219 3548 sentiendum,
3269 3484 3397 3540 dum
3422 3487 3473 3541 in
3500 3490 3822 3546 contribuliu

2298 3565 2706 3634 calamitatibus,
2754 3583 2873 3637 qua:
2910 3569 3005 3624 tibi
3061 3572 3263 3628 instent
3289 3576 3569 3645 prmvides,
3596 3590 3649 3633 et
3676 3591 3832 3636 natur

2301 3664 2403 3709 tua:
2429 3656 2789 3713 conditionem
2823 3659 2875 3714 in
2907 3661 3023 3716 aliis
3044 3662 3257 3718 ediscis.
3286 3664 3534 3724 Fortasse
3560 3685 3659 3725 nos
3686 3672 3832 3727 talibn

2299 3747 2401 3801 orti
2441 3762 2625 3803 sumus
2670 3752 3121 3820 progenitoribus.
3166 3756 3315 3822 Quod
3356 3759 3403 3813 si
3451 3760 3652 3817 divitia:
3690 3765 3756 3818 ad
3787 3783 3832 3819 nl

2301 3839 2583 3903 transiere,
2618 3841 2736 3895 illas
2776 3841 2919 3897 haud
2963 3844 3124 3902 dubie
3159 3849 3544 3920 relinquemus.
3586 3855 3727 3920 Quid
3758 3872 3831 3911 ve

2299 3939 2423 3984 sunt
2446 3930 2681 3986 divitiae?
2709 3933 2902 3989 Umbra
2944 3936 3116 3992 inanis
3139 3981 3153 4005 ,
3198 3939 3376 3997 fumus
3400 3958 3733 4003 evanescens
3789 3949 3831 4001 fl

2303 4019 2451 4087 freni,
2496 4023 2602 4077 imo
2631 4023 2762 4081 ﬂore
2787 4037 2911 4081 sunt
2935 4029 3170 4086 viliores.
3202 4032 3311 4088 Cur
3335 4034 3401 4090 de
3426 4035 3577 4092 foeno
3602 4040 3774 4094 altum
3803 4057 3831 4095 s

2224 4111 2423 4179 apis?
2446 4111 2633 4168 Nonne
2661 4124 2715 4169 et
2755 4114 2983 4181 furibus,
3010 4128 3068 4174 et
3112 4122 3384 4190 mollibus,
3413 4136 3467 4181 et
3508 4132 3829 4187 meretricib

2302 4208 2356 4254 et
2377 4203 2741 4271 sepulcrorum
2768 4206 3114 4266 ell‘ossoribus
3142 4212 3341 4269 divitia:
3360 4218 3659 4274 accedunt?
3691 4222 3823 4277 ldeo

2304 4289 2611 4347 intumescis
2637 4295 2778 4364 quod
2809 4298 2943 4353 tales
2972 4314 3130 4369 opum
3180 4316 3455 4363 consortes
3481 4308 3689 4366 habeas
3708 4314 3733 4365 ?
3789 4314 3831 4368 S

2304 4379 2520 4437 honoris
2542 4385 2764 4453 cupidus
2784 4388 2881 4442 es?
2913 4389 3108 4447 Verum
3137 4394 3265 4449 nihil
3308 4398 3374 4451 ad
3399 4399 3658 4457 honorem
3692 4418 3832 4474 oppc

2304 4472 2480 4526 tuuius
2496 4474 2853 4547 eleemosyna.
2885 4480 3014 4536 Nam
3046 4483 3278 4542 honores
3297 4504 3364 4545 ex
3390 4490 3591 4547 divitiis
3613 4506 3669 4548 et
3700 4472 3832 4565 pote

2305 4562 2375 4615 tia
2400 4565 2556 4631 parti,
2583 4570 2755 4622 coacti
2787 4581 2912 4625 sunt
2938 4583 2993 4629 et
3021 4576 3222 4643 odiosi;
3254 4578 3307 4635 hi
3333 4598 3459 4639 vero
3483 4601 3552 4640 ex
3585 4562 3825 4643 arbitrio

2300 4656 2626 4712 conscientia
2657 4658 3030 4720 honorantium
3065 4671 3359 4738 prodeunt,
3392 4692 3526 4745 quos
3572 4694 3641 4733 ne
3690 4682 3726 4735 ii
3778 4699 3832 4751 ql

2305 4744 2423 4800 dem
2474 4749 2561 4817 qui
2612 4750 2876 4809 honorant
2932 4757 2999 4812 de
3042 4762 3217 4816 medio
3251 4765 3438 4822 tollere
3466 4780 3713 4838 possunt.
3741 4744 3832 4839 Qu

2304 4836 2347 4890 si
2377 4837 2617 4896 homines
2643 4850 2842 4898 tantam
2875 4862 2999 4919 erga
3046 4852 3441 4928 eleemosynam
3467 4836 3785 4931 Verogantes
3818 4884 3832 4920 l

2306 4933 2599 4986 verentiam
2621 4932 2834 4999 habent,
2863 4949 2917 4993 et
2942 4944 3119 4998 omnia
3156 4946 3285 5015 ipsis
3315 4949 3449 5006 bona
3477 4967 3826 5023 apprecantu

2304 5020 2475 5088 cogita
2524 5034 2775 5091 quantam
2805 5042 2832 5080 a
2862 5028 3091 5099 benigno
3128 5034 3236 5089 Deo
3280 5020 3582 5097 mercedem
3613 5059 3832 5117 accept:

2304 5110 2430 5172 sint.
2462 5128 2618 5181 quam
2660 5118 3082 5177 retributionem.
3117 5125 3221 5181 Has
3265 5144 3393 5199 ergo
3413 5148 3728 5202 qumramus

2307 5198 2405 5254 tias
2455 5214 2665 5272 semper
2695 5219 2990 5276 manentes,
3020 5228 3304 5285 numquam
3334 5198 3645 5289 fugientes;
3674 5237 3736 5281 ut
3764 5240 3825 5283 et

2306 5290 2404 5345 hac
2450 5294 2553 5348 vita
2598 5299 2792 5366 magni,
2843 5309 2897 5354 et
2944 5302 2994 5356 in
3038 5306 3130 5361 illa
3174 5312 3448 5381 conSpicui
3492 5318 3693 5382 simas,
3738 5332 3832 5391 atq

2305 5392 2502 5437 aeterna
2532 5399 2920 5457 consequamur
2947 5392 3117 5456 bona:
3160 5402 3327 5468 gratia
3348 5413 3403 5458 et
3431 5408 3773 5479 benignitate
3805 5412 3832 5465 ῐ

2307 5473 2436 5527 ruiui
2456 5475 2624 5529 nostri
2652 5475 2778 5532 Jesu
2799 5477 3027 5551 Christi,
3059 5488 3271 5557 quicum
3294 5492 3436 5549 Patri
3463 5473 3661 5567 gloria,
3683 5519 3832 5573 uuaq

2304 5562 2519 5623 Spiritui
2548 5576 2752 5635 sancto,
2786 5585 2926 5627 nunc
2952 5582 3007 5630 et
3030 5590 3240 5649 semper
3270 5594 3323 5638 et
3353 5584 3401 5639 in
3436 5562 3634 5645 saecula
3667 5562 3831 5648 saeui

2310 5664 2446 5708 rum.
2478 5658 2666 5713 Amen.
