4036 6208
399 295 494 352 ενι

394 411 620 481 μνήμην
664 411 788 480 άγει
833 413 925 465 τοῦ
974 413 1230 482 Χριστοῦ,
1271 417 1362 469 καὶ
1409 419 1738 472 ἐκκαλύπτει
1785 415 1969 469 λοιπὸν

394 499 608 554 ἑαυτόν·
640 499 777 568 ὅπερ
809 497 876 552 ἂν
915 502 962 554 εἱ
988 501 1138 571 παρά
1161 502 1259 572 τὴν
1290 504 1462 576 ἀρχὴν
1490 506 1562 575 μὴ
1593 503 1872 574 ζητησάσῃ
1903 503 1968 571 τῇ

394 581 612 650 γυναικὶ
637 577 809 646 εἶπεν,
844 581 1018 647 ἔδοξεν
1049 582 1117 636 ἂν
1147 584 1282 656 αὐτῇ
1306 585 1509 656 ληρεῖν,
1532 587 1626 640 καὶ
1655 585 1776 654 εἰκῆ
1805 583 1968 652 φθέγ-

399 663 604 732 γεσθαι.
639 662 752 716 Νῦν
791 663 848 716 δέ
889 666 1029 718 κατά
1065 667 1259 738 μικρὸν
1289 669 1459 740 αὐτὴν
1493 670 1588 722 ἐπὶ
1623 669 1722 740 την
1751 668 1970 738 μνήμην

391 747 544 814 ἄγων
575 758 626 812 ι,
657 745 928 817 εὐκαίρως
957 749 1150 803 ἐαυτὸν
1195 751 1532 822 ἀπεκάλυψε.
1564 753 1671 806 Kal
1714 755 1828 814 τοῖς
1869 751 1966 820 μὲν

405 829 677 893 Ἰουδαίοις
703 831 937 899 συνεχῶς
965 831 1234 900 λέγουσιν,
1270 835 1424 899 Ἕως
1447 837 1591 888 πότε
1617 833 1732 902 τὴν
1758 829 1969 901 ψυχὴν

390 911 561 980 ἡμῶν
584 911 812 981 αῖρεις;
845 913 976 966 εἰπὲ
1004 915 1168 984 ἡμῖν,
1201 918 1255 970 εί
1286 917 1372 970 σὺ
1404 913 1462 970 εἴ
1484 920 1518 970 ό
1545 918 1818 986 Χριστός·
1847 913 1968 967 τού-

390 1010 505 1057 τοις
534 995 630 1063 μὲν
657 996 686 1034 δ
715 994 816 1048 ούκ
845 995 1178 1067 ἀπεκρίνατο
1207 997 1414 1066 σαφῶς,
1450 997 1620 1071 ταύτῃ
1646 999 1702 1052 δέ
1725 995 1842 1054 εἷπε
1864 1019 1966 1070 φα-

391 1076 563 1146 νερῶς
597 1077 758 1140 αὐτὸς
792 1073 949 1133 εἶναι.
986 1079 1480 1150 Εύγνωμονεστέρα
1514 1083 1622 1151 γάρ
1648 1077 1716 1152 ἦν
1754 1083 1787 1154 ἡ
1827 1085 1963 1156 γυνὴ

389 1159 499 1212 τῶν
530 1159 818 1213 Ἰουδαίων.
857 1161 1082 1214 Ἐκεῖνοι
1107 1161 1207 1231 μὲν
1237 1161 1344 1233 γάρ
1367 1163 1465 1231 οὐχ
1494 1163 1633 1233 ὑπὲρ
1660 1162 1752 1216 τοῦ
1778 1165 1965 1234 μαθεῖν

389 1241 634 1310 ἐζήτουν,
674 1241 789 1294 ἀλλ’
822 1242 962 1314 ὑπὲρ
994 1243 1088 1296 τοῦ
1120 1243 1398 1313 κωμῳδεῖν
1432 1244 1590 1297 αὐτὸν
1619 1246 1725 1298 ἀεί.
1764 1247 1825 1299 ΕΞ
1858 1249 1966 1318 γὰρ

390 1322 671 1376 ἐϐούλοντο
705 1323 917 1392 μαθεῖν,
949 1326 1106 1396 ἱκανὴ
1133 1327 1228 1380 καὶ
1250 1329 1284 1397 η
1309 1326 1396 1379 διά
1426 1327 1534 1380 τῶν
1563 1329 1840 1398 ῥημάτων,
1872 1331 1966 1382 καὶ

388 1407 421 1474 ἡ
453 1405 541 1458 διά
570 1406 677 1460 τῶν
712 1408 964 1477 Γραφῶν,
992 1409 1088 1461 καὶ
1125 1411 1158 1480 ή
1191 1409 1278 1462 διὰ
1305 1411 1413 1463 τῶν
1443 1411 1684 1482 σημείων
1709 1411 1962 1466 διδασκα-

388 1486 477 1541 λία
501 1483 588 1558 ἦν.
614 1489 762 1560 Αὕτη
788 1491 845 1543 δὲ
873 1491 932 1554 ἐξ
960 1492 1257 1546 ἀδεκάστου
1285 1494 1510 1564 γνώμης
1535 1495 1629 1547 καὶ
1653 1495 1826 1564 ἁπλῆς
1851 1495 1966 1548 δια-

387 1571 536 1634 νοίας
577 1572 874 1641 ἐφθέγγετο
901 1575 1044 1646 άπερ
1074 1575 1392 1644 ἐφθέγγετο·
1436 1577 1531 1629 καὶ
1571 1577 1730 1646 δῆλον
1761 1579 1826 1631 ἐκ
1855 1578 1964 1631 τῶν

389 1654 528 1723 μετά
569 1654 740 1708 ταῦτα
777 1656 868 1709 ὑπ’
895 1657 1064 1726 αὐτῆς
1097 1658 1426 1728 γενομένων.
1462 1659 1570 1712 Kal
1609 1658 1719 1728 γὰρ
1761 1661 1962 1730 ἢκουσε

387 1738 482 1788 καὶ
521 1739 842 1803 ἐπίστευσε,
886 1739 981 1792 καὶ
1018 1740 1211 1802 ἄλλους
1248 1741 1340 1793 ἐπὶ
1376 1740 1533 1794 τοῦτο
1566 1741 1956 1810 ἐσαγήνευσεν·

388 1821 482 1872 καὶ
507 1820 778 1891 πανταχοῦ
805 1820 904 1890 τῆς
931 1822 1183 1889 γυναικὸς
1212 1822 1356 1876 ἐστιν
1394 1823 1518 1877 ἰδεῖν
1555 1823 1617 1876 τὸ
1642 1823 1959 1894 ἠκριϐωμέ-

386 1919 475 1954 νον
507 1901 657 1974 [193]
691 1905 788 1956 καὶ
829 1902 890 1956 τὸ
928 1904 1138 1958 πιστόν.
1177 1903 1288 1958 Καὶ
1329 1904 1427 1958 ἐπὶ
1461 1905 1653 1971 τούτῳ
1690 1905 1881 1974 ἦλθον
1905 1907 1960 1959 ol

353 2003 356 2006 ~
378 1984 635 2064 μαθηταί
673 1983 880 2038 αὐτοῦ.
910 1984 1122 2064 Σφόδρα
1151 1987 1229 2048 εἰς
1265 1985 1452 2056 καιρὸν
1489 1987 1828 2056 ἀπήντησαν»
1859 1987 1960 2057 τῆς

382 2063 728 2130 διδασκαλίας
752 2066 1199 2138 ἀπαρτισθείσης.
1224 2067 1332 2121 Καί
1353 2067 1681 2137 ἐθαύμαζον
1703 2068 1790 2122 ὅτι
1807 2069 1958 2137 μετὰ

382 2153 668 2218 γυναικὸς
701 2153 929 2208 ἐλάλει.
977 2153 1187 2220 Οὐδείς
1225 2155 1430 2224 μέντοι
1457 2151 1608 2220 εἷπε,
1644 2155 1705 2209 Τί
1737 2153 1956 2223 (huic;

380 2237 443 2304 ἢ.
484 2237 551 2292 TI
578 2238 787 2305 λαλεῖς
808 2241 934 2308 μετ’
962 2239 1191 2307 αὐτῆςί

451 2323 520 2386 γ’.
557 2319 622 2372 Τί
655 2320 712 2373 δὲ
742 2321 1076 2390 ἐθαύμαζον;
1110 2323 1183 2374 Τὸ
1214 2323 1434 2392 ἄτυφον,
1467 2324 1527 2376 τὸ
1557 2323 1807 2377 ταπεινὸν
1839 2323 1956 2394 μεθ’

379 2400 710 2472 ὑπερϐολῆς,
743 2403 826 2455 ὅτι
863 2403 1002 2457 οὕτω
1034 2404 1390 2476 περίϐλεπτος
1414 2405 1513 2469 ὢν,
1544 2408 1788 2478 ἠνείχετο
1822 2409 1958 2480 μετά

375 2483 650 2554 τοσαύτης
679 2485 1174 2555 ταπεινοφροσύνης
1202 2487 1419 2553 γυναικὶ
1452 2488 1793 2556 διαλέγεσθαι
1817 2507 1957 2544 πενι-

377 2569 485 2637 χρᾷ
525 2569 618 2620 καὶ
664 2568 1033 2639 Σαμαρείτιδι.
1089 2569 1228 2622 Ἀλλ’
1269 2571 1418 2640 ὅμως
1459 2572 1551 2625 καὶ
1589 2573 1954 2644 ἐκπλαγέντες

377 2653 478 2703 ούκ
505 2649 794 2720 ἠρώτησαν
822 2650 920 2721 τὴν
948 2651 1146 2705 αἰτίαν·
1176 2651 1346 2716 οὕτως
1371 2649 1508 2723 ἦσαν
1535 2657 1954 2728 πεπαιδευμένοι

377 2733 474 2803 τὴν
505 2733 612 2786 τῶν
649 2731 906 2802 μαθητῶν
935 2733 1088 2799 τάξιν
1117 2734 1416 2806 διατηρεῖν,
1451 2735 1623 2801 οὕτως
1649 2740 1812 2792 αὑτὸν
1841 2740 1954 2792 ἐδε-

377 2816 646 2868 δοίκεισαν
673 2815 765 2868 καὶ
784 2814 1024 2893 ᾐδοῦντο.
1058 2817 1117 2870 El
1151 2817 1260 2888 γὰρ
1294 2819 1387 2871 καὶ
1419 2819 1642 2889 μηδέπω
1667 2822 1766 2893 τὴν
1796 2823 1954 2888 ἀξίαν

380 2898 505 2967 περὶ
526 2895 691 2950 αὑτοῦ
720 2895 876 2960 δόξαν
904 2892 1069 2968 εἶχον,
1103 2898 1216 2951 ἀλλ’
1237 2901 1384 2969 ὅμως
1417 2901 1492 2964 ὼς
1521 2892 1818 2973 θαυμαστῷ
1847 2921 1951 2956 τινι

380 2981 684 3048 προσεῖχον,
715 2979 807 3031 καὶ
828 2979 1024 3050 πολλὴν
1056 2979 1204 3050 αὑτῷ
1226 2981 1500 3052 ἀπένεμον
1523 2983 1621 3054 τὴν
1649 2983 1800 3037 αἰδῶ.
1826 2985 1954 3039 Καί-

377 3078 457 3114 τοι
494 3077 558 3129 γε
598 3061 864 3132 πολλαχοῦ
893 3063 1172 3131 φαίνονται
1211 3063 1380 3116 πολλά
1425 3066 1949 3137 παρρησιαζόμενοι·

375 3141 505 3210 οἷον,
545 3147 674 3199 ὅταν
721 3148 750 3199 ὁ
793 3145 1045 3217 Ἰωάννης
1093 3147 1364 3218 ἐπιπίπτῃ
1405 3147 1569 3201 αὑτοῦ
1623 3148 1700 3218 τῷ
1744 3149 1946 3219 στήθει·

377 3230 506 3283 ὅταν
539 3227 686 3300 αὑτῷ
714 3231 1034 3301 προσιόντες
1067 3230 1287 3299 λέγωσι,
1325 3231 1420 3296 Τίς
1443 3229 1655 3300 μείζων
1690 3231 1860 3284 ἐστὶν
1883 3232 1952 3284 ἐν

375 3310 449 3380 τῇ
471 3313 758 3380 βασιλείᾳ
789 3311 908 3367 τῶν
935 3313 1244 3382 οὐρανῶνς
1279 3313 1408 3367 ὅταν
1444 3316 1490 3366 οἱ
1532 3314 1638 3366 υἱοὶ
1665 3313 1948 3368 Ζεϐεδαίου

375 3397 785 3467 παρακαλῶσιν,
817 3400 906 3453 [va
933 3393 1014 3462 εἷς
1045 3400 1110 3452 ἐκ
1137 3396 1326 3464 δεξιῶν
1345 3398 1439 3450 καὶ
1463 3391 1543 3459 εἷς
1575 3397 1634 3464 ἐξ
1655 3397 1949 3468 εὐωνύμων

376 3481 593 3554 καθίσῃ.
615 3481 768 3544 Τίνος
793 3478 886 3535 οὖν
901 3481 1086 3534 ἐνεκεν
1110 3479 1340 3534 ἐνταῦθα
1360 3481 1460 3534 οὐκ
1481 3479 1770 3550 ἠρώτησαν
1789 3497 1804 3545 ;
1824 3481 1946 3535 Ὅτι

375 3566 556 3618 ἐκεῖνα
589 3565 687 3635 μὲν
725 3564 904 3618 πάντα
936 3565 1011 3628 ὡς
1049 3567 1127 3629 είς
1161 3564 1357 3627 αὐτοὺς
1399 3565 1670 3634 ἀνήκοντα
1701 3565 1946 3635 ἀνάγκην

375 3642 518 3716 εἶχον
547 3646 839 3712 ἐξετάζειν·
865 3648 1096 3702 ἐνταῦθα
1122 3647 1178 3701 δὲ
1203 3647 1355 3702 οὐδὲν
1375 3649 1560 3712 αύτοῖς
1583 3649 1836 3703 τοσοῦτον
1865 3650 1945 3703 δι-

374 3729 534 3802 έφερε
573 3731 634 3783 τὸ
664 3731 1000 3801 γιγνόμενον.
1041 3731 1152 3786 Kal
1200 3732 1454 3803 Ἰωάννης
1499 3732 1555 3785 δὲ
1610 3731 1748 3802 μετά
1779 3733 1944 3786 πολὺν

373 3811 561 3881 χρόνον
583 3812 736 3866 τοῦτο
763 3813 984 3884 ἐποίησε
1011 3815 1144 3885 πρὸς
1173 3812 1323 3884 αὐτῷ
1347 3813 1426 3884 τῷ
1453 3815 1614 3878 τέλει,
1648 3815 1738 3868 ὅτε
1767 3815 1944 3869 πλείου

372 3913 460 3960 νος
487 3895 766 3967 ἀπὴλαυσε
816 3897 1146 3969 παρρησίας,
1176 3898 1268 3950 καὶ
1293 3896 1512 3969 ἐθάρρει
1540 3901 1608 3969 τῇ
1637 3898 1827 3971 ἀγάπῃ
1849 3898 1942 3953 τοῦ

251 3995 260 4002 ’
371 3979 626 4050 Χριστοῦ·
667 3975 856 4047 Οὗτος
897 3980 1003 4050 γὰρ
1041 3975 1139 4050 ἦν,
1191 3980 1372 4050 φησὶν,
1408 3979 1482 4033 ὃν
1516 3980 1717 4050 ἠγάπα
1754 3985 1786 4034 ό
1838 3982 1944 4048 ’1η-

369 4061 541 4129 σοῦς.
583 4060 648 4116 Τί
698 4062 885 4116 τούτου
925 4062 1017 4115 τοῦ
1064 4063 1410 4133 μακαρισμοῦ
1458 4063 1652 4131 γένοιτ’
1691 4065 1758 4119 ἀν
1795 4066 1942 4128 ίσον;

382 4143 542 4197 Ἀλλά
588 4143 662 4214 μὴ
703 4145 865 4216 μέχρι
897 4144 1085 4198 τούτου
1133 4144 1366 4214 στῶμεν,
1397 4146 1691 4215 ἀγαπητοὶ,
1724 4145 1816 4198 τοῦ
1847 4164 1946 4216 μα-

370 4225 614 4296 καρίζειν
647 4226 740 4280 τὸν
781 4226 1119 4291 Ἀπόστολον,
1147 4227 1263 4281 ἀλλ’
1305 4227 1446 4281 ὥστε
1489 4227 1582 4282 καὶ
1622 4227 1731 4280 τῶν
1767 4245 1942 4298 μακα-

371 4307 666 4378 ριζομένων
692 4306 964 4376 γενέσθαι,
990 4310 1166 4364 πάντα
1193 4312 1540 4379 πράττωμεν,
1571 4310 1665 4363 καὶ
1693 4310 1944 4380 μιμησώ-

368 4391 510 4460 μεθα
551 4390 640 4443 τὸν
677 4390 1084 4463 εύαγγελιστὴν,
1128 4393 1223 4447 καὶ
1278 4392 1474 4462 ἴδωμεν
1505 4391 1625 4444 τίνα
1666 4387 1734 4461 ἦν
1779 4391 1816 4446 ἀ
1844 4393 1942 4462 τὴν

365 4473 587 4543 ἀγάπην
613 4474 830 4544 ἐποίησε
865 4475 964 4546 τὴν
993 4474 1259 4544 τοσαύτην
1286 4484 1330 4527 ο.
1362 4473 1492 4526 Τίνα
1523 4469 1616 4527 οὖν
1636 4469 1702 4544 ἦν
1731 4474 1897 4528 ταῦτα
1923 4493 1939 4541 ;

377 4555 582 4626 ’Δφῆκε
605 4556 838 4629 πατέρα,
871 4558 964 4610 καὶ
993 4557 1193 4622 πλοῖον,
1218 4557 1311 4611 xal
1335 4556 1568 4622 δίκτυον,
1601 4559 1692 4610 καὶ
1714 4557 1939 4628 ὴκολού-

365 4639 498 4710 θησε
532 4639 610 4710 τῷ
659 4640 855 4710 Ἰησοῦ.
893 4639 1052 4694 Ἀλλά
1088 4638 1244 4694 τοῦτο
1275 4640 1453 4694 κοινὸν
1484 4639 1632 4711 αὐτῷ
1678 4642 1772 4695 καὶ
1804 4643 1939 4714 πρὸς

361 4721 453 4773 τον
481 4721 706 4791 ἀδελφὸν
739 4718 829 4792 ἦν,
860 4724 954 4776 καὶ
986 4723 1123 4793 πρὸς
1168 4723 1370 4794 Πέτρον
1406 4724 1499 4776 καὶ
1547 4723 1816 4793 Ἀνδρέαν,
1847 4725 1938 4779 καὶ

363 4804 500 4874 πρδς
521 4805 646 4870 τοὺς
671 4807 863 4872 ἀλλους
890 4807 998 4860 τῶν
1028 4807 1358 4862 ἀποστόλων.
1390 4808 1455 4860 Τί
1483 4807 1546 4880 δὴ
1578 4804 1670 4862 οὖν
1704 4809 1764 4861 τὸ
1795 4809 1939 4876 ἐξαί-

364 4904 517 4957 ρετον
535 4883 623 4959 ἦν,
653 4889 682 4941 ὃ
705 4890 904 4959 πολλὴν
931 4890 1028 4962 τὴν
1061 4890 1282 4959 ἀγάπην
1315 4891 1600 4960 ἐποίησεν;
1635 4890 1802 4954 Λύτὸς
1837 4891 1936 4962 μὲν

361 4970 470 5040 γάρ
521 4973 648 5042 περὶ
695 4972 886 5026 ἑαυτοῦ
934 4973 1084 5026 οὐδὲν
1132 4971 1368 5026 τοιοῦτόν
1409 4989 1590 5043 φησιν,
1637 4972 1752 5027 ἀλλ’
1791 4973 1932 5042 ἢὸτι

358 5053 610 5122 ἠγαπᾶτο
635 5055 820 5126 μόνον·
844 5056 912 5109 τά
931 5057 987 5109 δέ
1013 5056 1410 5126 κατορθώματα
1436 5057 1622 5120 αὑτοῦ,
1655 5057 1722 5109 δι’
1746 5057 1780 5110 ἃ
1806 5060 1936 5128 ἠγα-

360 5138 520 5198 πᾶτο,
556 5136 910 5210 ἀπεσιώπησε
958 5139 1278 5210 μετριάζων.
1324 5139 1445 5193 Ὀτι
1491 5141 1598 5210 γὰρ
1643 5140 1804 5193 αὐτὸν
1847 5142 1936 5207 ἐξ-

357 5217 572 5287 αίρετόν
605 5237 725 5274 τινα
758 5220 980 5290 ἀγάπην
1019 5222 1292 5290 ἠγάπησε,
1329 5223 1490 5276 παντί
1526 5239 1624 5273 που
1653 5222 1811 5290 δῆλον
1842 5219 1929 5294 ἦν·

359 5301 474 5354 ἀλλ’
507 5301 655 5371 ὅμως
691 5304 810 5356 οὐδὲ
840 5304 1234 5373 διαλεγόμενος,
1265 5304 1385 5356 οὐδὲ
1432 5305 1650 5374 ἐρωτῶν
1683 5305 1930 5373 φαίνεται

359 5383 480 5438 κατ’
526 5385 661 5440 ἰδίαν
704 5387 884 5450 αὐτὸν,
946 5386 1128 5451 καθὼς
1174 5389 1380 5458 Πέτρος
1427 5387 1703 5452 πολλάκις,
1752 5389 1932 5454 καθὼς

356 5466 642 5531 Φίλιππος,
691 5470 872 5533 καθὼς
924 5470 1122 5534 Ἰούδας
1163 5472 1254 5524 καί
1307 5467 1526 5538 Θωμᾶς·
1571 5469 1686 5524 ἀλλ’
1721 5473 1810 5525 ὅτε
1854 5475 1929 5542 τῷ

360 5551 744 5622 συναποστό).ῳ
799 5553 1127 5622 χαρίσασθαι
1180 5552 1272 5606 καὶ
1325 5551 1630 5606 ὑπακοῦσαι
1675 5554 1926 5626 ἠθέλησε,

355 5632 477 5684 τότε
517 5635 678 5703 μόνον
706 5635 754 5687 ἀ.
789 5637 912 5690 Ὅτε
948 5637 1054 5707 γάρ
1081 5639 1109 5690 ὁ
1137 5638 1428 5708 κορυφαῖος
1462 5637 1622 5690 αὑτὸν
1649 5639 1924 5707 ἠνάγκασε

354 5715 465 5768 τῶν
502 5718 812 5772 ἀποστόλων
864 5722 1075 5783 νεύσας,
1106 5722 1221 5773 τότε
1253 5718 1552 5790 ἠρώτησεν·
1588 5722 1785 5792 πολλὴν
1817 5723 1924 5794 γάρ
1945 5741 1958 5753 ·

419 5819 642 5893 "Morel.
664 5823 872 5896 ἀγαγών.
925 5823 952 5862 δ
980 5823 1128 5896 λῖρῐᾮι
1154 5824 1296 5896 τοῦτο
1329 5827 1428 5896 μέν.

396 5827 642 5896 ,"Mm'el.
664 5827 872 5896 ἀγαγών.
926 5827 952 5862 b
980 5827 1128 5896 qurgl
1154 5827 1296 5896 τοῦτο
1329 5827 1431 5896 μέν.
1475 5827 1694 5896 {More}.
1717 5832 1926 5896 ﬁli-nep}

355 5885 497 5929 αὐτὸν
534 5885 784 5942 τοσαύτην.
823 5885 932 5937 Mox
970 5888 1050 5934 alii
1084 5885 1340 5946 ἠκοὶούίᾱειζ

1408 5888 1432 5926 ά
1457 5891 1555 5938 Alii
1589 5889 1728 5940 τοῦτο
1767 5888 1923 5946 μόνον.

1360 302 1428 356 lN
1467 299 1778 358 JOANNEM
1823 295 2049 352 IIOMIL.
2096 295 2329 351 XXXIII.
2374 297 2441 351 al.
2487 297 2701 354 XXX".

3534 300 3636 356 ιιι

2077 408 2219 468 οὗτοι
2263 416 2397 487 πρὸς
2429 416 2689 486 ἀλλήλους
2733 413 2874 487 εἶχον
2905 417 3144 486 ἀγάπην.
3175 415 3332 470 οὕτω
3375 415 3505 485 γοῦν
3558 425 3652 476 καὶ

2073 498 2166 550 ἐπὶ
2201 499 2260 550 τὸ
2290 499 2432 570 ἱερὸν
2465 499 2602 569 ὁμοῦ
2644 501 2919 567 φαίνονται
2961 499 3338 562 ἀναϐαίνοντες
3373 499 3466 552 καὶ
3497 501 3649 568 κοινῇ

2071 577 2522 648 δημηγοροῦντες.
2549 580 2741 632 Καίτοι
2770 595 2832 646 γε
2863 581 2890 632 ὁ
2925 580 3128 651 Πέτρος
3155 578 3484 649 θερμότερον
3516 577 3650 630 πολ-

2069 654 2233 726 λαχοῦ
2269 668 2291 694 ε
2327 658 2420 710 καί⁵
2453 661 2680 711 κινεῖται
2711 659 2805 711 καὶ
2834 658 3146 726 φθέγγεται·
3181 659 3275 712 καὶ
3305 656 3439 728 πρὸς
3465 657 3544 726 τῷ
3568 658 3652 710 τέ-

2069 735 2151 788 λει
2189 735 2246 788 δὲ
2282 737 2468 789 ἀκούει
2505 737 2600 789 τοῦ
2636 737 2870 807 Χριστοῦ
2903 736 3171 804 λέγοντος·
3207 735 3408 804 Πέτρε,
3451 737 3653 806 φιλεῖς

2065 830 2143 882 με
2171 813 2362 867 πλέον
2387 815 2644 878 Imittur;
2683 815 2742 867 Ὀ
2772 815 2828 868 δὲ
2849 814 3008 869 πλέον
3033 813 3238 868 τούτων
3272 814 3522 882 ἀγαπῶν,
3554 815 3649 868 εῦ-

2069 893 2228 962 δηλον
2256 894 2336 946 ὅτι
2369 896 2463 947 xal
2497 897 2768 963 ἠγαπᾶτο.
2810 895 2969 949 Ἀλλά
2992 895 3148 948 τοῦτο
3177 893 3276 964 μέν
3301 895 3366 946 ἐκ
3394 893 3488 946 τοῦ
3522 896 3660 963 ἀγα-

2069 971 2176 1038 πᾷν
2211 971 2300 1024 τὸν
2349 972 2578 1042 Ἰησοῦν,
2623 974 2798 1026 ἐκεῖνο
2829 973 2888 1026 δὲ
2927 975 2992 1026 ἐκ
3023 972 3120 1046 τοῦ
3147 973 3463 1041 ἀγαπᾶσθαι
3497 977 3648 1046 παρὰ

2065 1047 2160 1101 τοῦ
2194 1048 2370 1119 Ἰησοῦ
2396 1050 2551 1119 δῆλον
2595 1053 2830 1118 ἐγένετο.
2863 1051 2928 1104 Τί
2968 1045 3060 1104 οὖν
3097 1053 3264 1115 ἐστιν,
3309 1051 3337 1104 ὃ
3365 1053 3463 1120 τὴν
3496 1051 3646 1124 [1941

2066 1126 2339 1198 ἐξαίρετον
2368 1129 2588 1199 ἀγάπην
2618 1131 2902 1200 ἐποίησενς
2947 1130 3100 1200 Ἐμοὶ
3143 1131 3290 1183 δοκεῖ
3326 1131 3526 1200 πολλὴν
3554 1131 3646 1182 τὸν

2066 1207 2232 1277 ἄνδρα
2274 1207 2575 1260 ἐπιείκειαν
2616 1207 3016 1262 ἐπιδείκνυσθαι
3057 1207 3151 1260 καὶ
3183 1209 3486 1281 πραότητα·
3536 1211 3648 1264 διό-

2066 1303 2172 1355 περ
2192 1285 2312 1339 οὐδὲ
2340 1287 2851 1360 παρρησιαζόμενος
2884 1286 3149 1356 πολλαχοῦ
3183 1287 3447 1355 φαίνεται.
3473 1288 3646 1342 Τοῦτο

2064 1367 2119 1419 δὲ
2145 1367 2330 1437 ἡλίκον
2352 1369 2518 1430 ἐστὶν,
2543 1369 2637 1421 καὶ
2657 1368 2763 1432 ἀπὸ
2784 1367 2879 1421 τοῦ
2899 1367 3175 1429 Μωῦσέως
3195 1365 3374 1436 δῆλον.
3407 1367 3517 1421 Kal
3537 1367 3645 1438 γὰρ

2065 1445 2270 1497 ἐκεῖνον
2298 1445 2545 1498 τοσοῦτον
2578 1447 2671 1500 καὶ
2703 1446 3018 1517 τηλικοῦτον
3049 1443 3205 1498 τοῦτο
3225 1444 3536 1516 εῖργάσατο.

2135 1523 2296 1576 Ούδέν
2344 1525 2450 1596 γάρ
2492 1523 2988 1593 ταπεινοφροσύνης
3029 1524 3162 1577 ῐσον.
3204 1523 3303 1576 Διά
3332 1522 3492 1576 τοῦτο
3533 1523 3644 1576 τῶν

2067 1601 2432 1670 μακαρισμῶν
2457 1601 2701 1655 ἐντεῦθεν
2727 1599 2928 1672 ἤρξατο
2961 1603 2989 1654 ό
3021 1601 3274 1670 Χριστός.
3301 1600 3510 1667 Ὥσπερ
3533 1602 3643 1670 γάρ

2063 1695 2184 1731 τινα
2218 1678 2462 1748 θεμέλιον
2499 1681 2592 1733 καὶ
2621 1679 2858 1751 κρηπῖδα
2890 1677 3150 1747 μεγίστης
3170 1676 3453 1748 οἰκοδομῆς
3477 1695 3642 1732 κατα-

2063 1756 2349 1810 ϐάλλεσθαι
2373 1759 2391 1796 ί
2428 1758 2655 1828 μέλλων,
2689 1757 2829 1810 οὕτω
2852 1757 2950 1827 τὴν
2974 1757 3467 1828 ταπεινοφροσύνην
3499 1756 3642 1828 πρώ-

2060 1849 2158 1903 την
2187 1835 2402 1904 ἔθηκεν.
2435 1836 2509 1888 Οὐ
2535 1835 2642 1905 γάρ
2672 1835 2839 1899 ἐστιν,
2861 1835 2959 1887 οὐκ
2989 1835 3134 1887 ἐστιν
3170 1833 3374 1904 ταύτης
3402 1833 3638 1904 σωθῆναι

2060 1914 2247 1985 χωρίς·
2277 1913 2410 1968 ἀλλὰ
2440 1913 2541 1967 κᾶν
2561 1912 2792 1986 νηστεύῃ
2825 1930 2929 1978 τις,
2959 1911 3061 1966 κάν
3083 1911 3464 1982 εῦχηται,”κᾶν
3489 1913 3641 1983 ἐλεη-

2063 1991 2296 2061 μοσύνην
2323 1995 2447 2063 ποιῇ
2485 1992 2622 2062 μετὰ
2646 1991 2920 2054 ἀπονοίας.
2953 1991 3210 2060 βδελυκτά
3241 1991 3417 2045 πάντα
3443 1992 3492 2054 ⁸,
3516 1991 3640 2046 ταύ-

2059 2088 2159 2141 της
2195 2071 2268 2142 μὴ
2293 2071 2570 2144 παρούσης
2591 2089 2604 2104 ο
2638 2071 2826 2142 ῶσπερ
2858 2066 2950 2124 οὖν
2971 2071 3191 2124 ποθεινά
3218 2070 3311 2124 καὶ
3338 2071 3636 2142 ἐπέραστα.

2063 2149 2368 2220 παρούσης,
2399 2150 2494 2204 καὶ
2539 2149 2676 2220 μετά
2714 2149 3013 2218 ἀσφαλείας
3055 2149 3230 2202 πάντα
3255 2148 3483 2216 γίνεται.
3523 2151 3678 2203 Μεοο

2059 2227 2368 2299 τριάζωμεν
2397 2229 2596 2293 τοίνυν,
2631 2228 2922 2297 ἀγαπητοὶ,
2957 2227 3354 2298 μετριάζωμεν.
3388 2227 3497 2280 Kal
3527 2227 3636 2297 γὰρ

2061 2307 2264 2378 σφόδρα
2293 2309 2472 2380 ῥᾴδιον
2517 2307 2578 2360 τὸ
2615 2307 2966 2376 κατόρθωμα,
3003 2306 3098 2360 ἐὰν
3127 2306 3406 2375 νήφωμεν.
3434 2306 3498 2359 Τί
3527 2306 3636 2377 γάρ

2057 2385 2193 2447 ὅλως
2225 2385 2342 2437 ἐστὶ
2383 2384 2444 2438 τὸ
2490 2385 2625 2455 πρὸς
2657 2382 2912 2438 ἀπόνοιάν
2963 2399 3022 2434 σε
3069 2383 3316 2452 ἐπαῖρον,
3341 2381 3632 2453 ἀνθρωπε;

2057 2459 2171 2528 υύχ
2217 2459 2348 2531 ὁρᾷς
2384 2461 2443 2513 τὸ
2469 2461 2568 2528 τῆς
2602 2460 2816 2528 φύσεως
2846 2459 3096 2523 εὖτελές;
3130 2459 3232 2529 τῆς
3267 2458 3636 2530 προαιρέσεως

2055 2538 2115 2590 τὸ
2137 2535 2444 2604 εύόλισθονς
2482 2537 2762 2607 Ἐννόησον
2794 2535 2993 2590 σαυτοῦ
3025 2537 3121 2608 τὴν
3145 2536 3420 2607 τελευτήν·
3453 2536 3637 2606 ἐννόηο

2058 2631 2147 2668 σον
2179 2615 2286 2668 τῶν
2322 2616 2540 2687 ἀμαρτη
2551 2617 2735 2686 μάτων
2767 2615 2829 2668 τὸ
2858 2613 3080 2685 πλῆθος.
3136 2614 3273 2667 Ἀλλ’
3301 2615 3431 2679 ἴσως
3465 2613 3643 2667 πολλὰ

2055 2692 2333 2763 κατορθῶν
2366 2694 2508 2764 μέγα
2539 2696 2788 2765 φρονεῖς;
2819 2692 2978 2762 Αύτῷ
3017 2693 3116 2763 μὲν
3145 2690 3239 2746 οὖν
3275 2692 3448 2763 τούτῳ
3493 2691 3631 2745 πάν-

2053 2786 2119 2822 τα
2150 2771 2176 2810 h
2207 2772 2448 2834 ἀπολεῖς.
2492 2771 2692 2842 Διόπερ
2719 2774 2815 2842 οὐχ
2848 2771 2990 2825 οὕτω
3018 2771 3106 2824 τὸν
3131 2769 3534 2842 ἁμαρτάνοντα,
3555 2767 3632 2830 ὡς

2055 2849 2148 2903 τὸν
2179 2851 2546 2921 κατορθοῦντα
2577 2851 2896 2916 σπουδάζειν
2930 2852 3035 2924 χρὴ
3071 2851 3401 2922 μετριάζειν.
3441 2850 3484 2901 Τ
3491 2849 3508 2902 ί
3539 2848 3633 2918 δή·

2056 2945 2182 2981 ποτε
2207 2947 2222 2991 ;
2253 2929 2373 2982 Ὅτι
2405 2931 2432 2982 ὁ
2461 2932 2558 3000 μὲν
2587 2931 2696 3000 ἔχει
2723 2930 2821 3001 τὴν
2856 2931 3102 3002 ἀνάγκην
3130 2928 3222 2982 τοῦ
3255 2927 3573 2991 συνειδότος·
3606 2928 3634 2978 ὁ

2052 3005 2106 3058 δὲ
2151 3006 2214 3059 ἂν
2262 3007 2337 3077 μὴ
2385 3008 2587 3076 σφόδρα
2631 3009 2805 3078 νήφῃ,
2842 3010 3070 3078 ταχέως,
3113 3006 3300 3078 ὥσπερ
3348 3005 3451 3058 ὑπό
3487 3021 3631 3066 τινος

2053 3083 2360 3154 πνεύματος
2387 3085 2824 3154 ἀναῤῥιπισθεὶς,
2857 3085 3066 3154 αἴρεταί
3093 3101 3152 3138 τε
3181 3085 3274 3137 καὶ
3311 3083 3631 3152 ἀφανίζεται

2053 3158 2301 3230 καθάπερ
2332 3161 2360 3211 ὁ
2385 3160 2694 3228 Φαρισαῖος.
2739 3158 2901 3211 Ἀλλά
2932 3158 3128 3228 πένησι
3155 3157 3448 3227 παρέχεις;
3493 3156 3631 3210 Ἀλλ’

2049 3241 2112 3292 ού
2139 3237 2206 3291 τά
2243 3239 2332 3302 σά,
2369 3237 2502 3289 ἀλλά
2529 3236 2599 3290 τά
2635 3237 2727 3291 τοῦ
2763 3239 3054 3302 Δεσπὸτου,
3089 3237 3157 3290 τὰ
3185 3237 3340 3290 κοινά
3366 3235 3474 3289 τῶν
3502 3239 3634 3308 ὁμο-

2050 3315 2270 3370 δούλων.
2297 3316 2409 3368 Καὶ
2431 3315 2520 3368 διά
2546 3311 2704 3367 τοῦτο
2736 3315 2972 3384 μάλιστα
2999 3313 3384 3369 ταπεινοῦσθαι
3415 3312 3544 3385 χρὴ,
3572 3315 3632 3366 ἐν

2048 3398 2166 3458 ταῖς
2196 3396 2304 3448 τῶν
2327 3392 2604 3465 ὁμογενῶν
2628 3395 2935 3464 συμφοραῖς
2965 3393 3034 3446 τὰ
3063 3392 3256 3446 ἐαυτοῦ
3291 3392 3628 3464 προορῶντα.

2049 3476 2142 3529 καὶ
2172 3475 2271 3545 τὴν
2293 3475 2498 3527 οἰκείαν
2535 3471 2694 3542 φύσιν
2722 3474 2780 3525 ἐν
2806 3472 3034 3536 ἐκείνοις
3077 3472 3439 3542 μανθάνοντα.
3467 3471 3630 3534 Ἴσως

2047 3555 2142 3608 καὶ
2186 3555 2348 3624 ἡμεῖς
2386 3551 2642 3606 τοιούτων
2686 3547 2830 3623 ἦμεν
2869 3551 3166 3621 προγόνων.
3207 3549 3270 3604 El
3302 3550 3358 3603 δὲ
3393 3550 3629 3621 μετέπη

2047 3634 2179 3705 πρὸς
2213 3633 2357 3702 ἡμᾶς
2377 3634 2407 3685 ὁ
2438 3630 2687 3694 πλοῦτος,
2721 3631 2834 3683 ἀλλ’
2866 3631 3048 3694 είκὸςί
3087 3630 3248 3683 αὐτὸν
3275 3629 3368 3683 καὶ
3401 3629 3626 3684 καταλι-

2047 3715 2169 3767 πεῖν
2213 3710 2375 3766 πάλιν
2421 3711 2585 3781 ἡμᾶς.
2622 3710 2688 3762 Τί
2720 3709 2777 3763 δὲ
2805 3710 2940 3773 ὅλως
2983 3710 3073 3763 καὶ
3112 3711 3140 3762 ὁ
3181 3709 3406 3772 πλοῦτός
3437 3709 3623 3774 ἐστινς

2047 3792 2181 3846 Σκιά
2221 3789 2474 3861 ἀδρανὴς.
2535 3789 2739 3852 καπνὸς
2785 3788 3153 3859 διαλυόμενος,
3198 3788 3357 3851 ἀνθος
3408 3788 3625 3859 χόρτου,

2048 3871 2246 3942 μᾶλλον
2275 3869 2330 3921 δὲ
2356 3867 2451 3921 καὶ
2469 3865 2661 3930 ἄνθους
2683 3867 3075 3936 εὐτελέστερος.
3100 3867 3164 3919 Τί
3193 3862 3287 3920 οὖν
3321 3867 3413 3919 ἐπὶ
3446 3867 3626 3937 χόρτῳ

2049 3951 2193 4020 μέγα
2217 3948 2464 4018 φρονεῖς;
2502 3944 2638 4014 Οὐχὶ
2671 3947 2762 3998 καὶ
2795 3945 3019 4015 λῃσταῖς
3057 3945 3418 4015 παραγίνεται
3462 3943 3626 3998 πλοῦ-

2044 4046 2154 4092 τος,
2193 4029 2285 4080 καὶ
2339 4027 2621 4096 μαλακοῖς,
2653 4024 2745 4076 καὶ
2787 4025 3035 4094 πόρναις,
3067 4024 3162 4075 καὶ
3202 4021 3622 4093 τυμϐωρύχοιςς

2045 4104 2215 4159 Τοῦτο
2244 4099 2336 4159 οὖν
2383 4121 2441 4156 σε
2483 4102 2720 4172 ἐπαίρει,
2748 4101 2830 4154 ὅτι
2857 4101 3129 4163 τοιούτους
3159 4101 3301 4170 ἐχεις
3334 4101 3624 4162 κοινωνοὺς

2044 4183 2136 4236 τοῦ
2169 4185 2484 4254 κτήματος;
2518 4180 2678 4232 Ἀλλά
2698 4179 2860 4250 τιμῆς
2889 4181 3057 4250 ὲρᾷς;
3099 4179 3237 4231 Ἀλλ’
3253 4178 3402 4232 οὐδὲν
3435 4181 3511 4242 είς
3543 4197 3624 4231 τι-

2047 4261 2152 4331 μῆς
2179 4261 2336 4329 λόγον
2361 4259 2726 4329 ἐλεημοσύνης
2756 4259 3204 4329 ἐπιτηδειότερον.
3245 4259 3481 4311 Ἐκεῖναι
3521 4259 3622 4328 μὲν

2043 4340 2150 4410 γὰρ
2179 4337 2695 4409 κατηναγκασμέναι
2724 4336 2861 4389 εἰσὶν
2903 4335 2997 4388 καὶ
3040 4335 3177 4405 μετά
3212 4336 3420 4410 μίσους,
3459 4337 3515 4388 αἱ
3539 4353 3622 4388 τι-

2047 4407 2146 4486 μαὶ
2175 4419 2230 4470 αί
2263 4407 2358 4469 τοῦ
2395 4415 2625 4468 πλούτου
2662 4415 2754 4468 καὶ
2785 4414 2882 4485 τῆς
2913 4413 3250 4478 δυναστείας,
3287 4407 3445 4469 αὗται
3466 4415 3522 4468 δὲ
3558 4417 3622 4468 ἐκ

2045 4497 2416 4567 προαιρέσεως
2455 4494 2550 4547 καὶ
2578 4494 2685 4546 ἀπὸ
2715 4492 3010 4556 συνειδότος
3031 4493 3139 4546 τῶν
3171 4493 3472 4564 τιμώντων.
3502 4495 3621 4547 Διό-

2043 4591 2149 4645 περ
2177 4574 2296 4626 οὐδὲ
2325 4572 2605 4626 ἐκϐάλλειν
2635 4572 2804 4634 αὑτάς
2832 4571 3081 4626 δύνανταί
3105 4588 3233 4626 ποτε
3261 4575 3309 4624 οί
3331 4573 3618 4644 τιμῶντες.

2043 4654 2104 4706 EE
2127 4653 2182 4706 δὲ
2203 4651 2478 4723 ἄνθρωποι
2501 4649 2762 4720 τοσαύτην
2785 4651 2882 4721 τῆς
2902 4649 3267 4720 ἐλεημοσύνης
3288 4649 3622 4720 ἀπονέμουσι

2041 4732 2140 4802 τὴν
2179 4729 2332 4794 αἰδὼ,
2365 4731 2461 4783 καὶ¹
2489 4731 2662 4784 πάντα
2703 4729 2883 4793 αὐτοῖς
2925 4729 3270 4799 συνεύχονται
3315 4729 3384 4783 τὰ
3417 4728 3624 4798 ἀγαθὰ.

2041 4810 2292 4879 ἐννόησον
2319 4808 2556 4880 πηλίκην
2577 4807 2726 4878 παρά
2751 4809 2843 4860 τοῦ
2867 4806 3248 4878 φιλανθρώπου
3271 4807 3404 4862 Θεοῦ
3431 4807 3620 4878 λήψον-

2039 4905 2127 4942 ται
2157 4887 2254 4958 τὴν
2282 4886 2570 4946 ἀντίδοσιν,
2609 4887 2728 4939 οἵαν
2759 4885 2857 4955 τὴν
2895 4885 3146 4956 ἀμοιϐήν.
3192 4886 3390 4940 Τοῦτον
3435 4888 3614 4940 τοίνυν

2038 4968 2286 5038 ζητῶμεν
2311 4968 2400 5020 τὸν
2432 4967 2682 5030 πλοῦτον,
2709 4965 2801 5018 τδν
2825 4964 2912 5019 ἀεὶ
2944 4965 3188 5035 μένοντα,
3219 4967 3314 5019 καὶ
3348 4967 3627 5038 μηδέποτε.

2037 5048 2456 5116 δραπετεύοντα·
2490 5046 2577 5100 ἴνα
2603 5047 2697 5099 καὶ
2730 5043 2964 5098 ἐνταῦθα
3004 5045 3226 5114 μεγάλοι
3255 5046 3350 5100 καὶ
3381 5048 3496 5098 ἐκεῖ
3521 5059 3614 5111 γε-

2036 5127 2250 5196 νόμενοι
2281 5125 2544 5196 λαμπροὶ,
2586 5125 2696 5178 τῶν
2726 5124 2960 5178 αίωνίων
2998 5125 3339 5194 ἐπιτύχωμεν
3371 5122 3607 5189 ἀγαθῶν,

2035 5205 2215 5275 χάριτι
2269 5205 2362 5256 καὶ
2413 5203 2791 5275 φιλανθρωπίᾳ
2833 5201 2926 5255 τοῦ
2969 5204 3174 5272 Κυρίου
3225 5201 3381 5273 ἡμῶν
3437 5201 3608 5270 Ἰησοῦ

2033 5271 2288 5350 Χριστοῦ,
2340 5271 2458 5350 μεθ’
2508 5271 2570 5332 οὗ
2613 5271 2693 5347 τῷ
2734 5279 2907 5348 Πατρὶ
2952 5281 2987 5351 ἡ
3019 5271 3162 5344 δόξα,
3202 5271 3316 5350 ἅμα
3356 5277 3432 5349 τῷ
3470 5280 3608 5352 ἁγίῳ

2034 5357 2330 5428 Πνεύματι,
2358 5357 2452 5410 νῦν
2485 5360 2576 5410 καὶ
2606 5357 2692 5410 ἀεὶ
2729 5357 2823 5409 καὶ
2844 5358 2923 5419 είς
2948 5358 3071 5422 τοὺς
3111 5358 3308 5420 αἰῶνας
3339 5357 3443 5412 τῶν
3475 5358 3598 5413 aid).

2037 5455 2160 5490 νων.
2210 5437 2401 5505 Ἀμήν.

2109 5646 2133 5671 ⁸
2160 5642 2330 5692 Morel.
2356 5639 2614 5702 πανταχοῦ.
2687 5638 2704 5675 τ
2735 5638 2838 5702 Alii
2860 5641 3085 5702 μεγίστην
3119 5640 3370 5702 οἰκοδομῆς
3396 5637 3604 5702 καταϐα-

2044 5706 2224 5753 λέσθαι.
2290 5704 2316 5741 ε
2340 5701 2486 5764 Savll.
2508 5699 2940 5764 Bbelvxcajaﬁéaf
3001 5703 3024 5738 ll
3056 5699 3152 5764 .._\lii
3191 5702 3368 5762 φρονεῖς
3399 5700 3600 5764 σεαυτῷ.

2045 5766 2211 5826 Τούτῳ
2236 5763 2336 5824 μὲν,
2361 5760 2523 5826 τούτῳ⁷
2539 5763 2719 5826 πάντα.
2742 5761 2901 5826 Paulo
2930 5769 3040 5822 post
3065 5760 3236 5826 Μυιςθιξ
3263 5760 3604 5826 ἁμαρτάνοντα,

2049 5820 2194 5893 ἓεγὶξζ
2239 5820 2532 5893 ἀμαρτὸγτα.
2603 5824 2614 5858 ί
2650 5820 3308 5893 ἈλλἸείκᾴς“.ιιι.ρῑιιι·ἰηιι]ῐιι
3348 5820 3603 5884 signiﬁcat,

2045 5887 2130 5936 sed
2152 5882 2395 5948 fortassis,
2423 5885 2500 5934 hic
2521 5896 2641 5933 vero
2662 5885 2745 5933 sed
2767 5882 2898 5933 haud
2921 5882 3080 5936 dubii.
