3984 6196
587 297 684 351 195

1375 284 1432 339 S.
1471 281 1753 339 JOANNIS
1790 278 2278 337 CIIRYSUSTOMI
2323 279 2643 336 ABCIIIEP.
2685 276 3229 333 CONSTANTINOP.

3740 278 3754 330 l
3770 276 3822 330 Μ

642 412 3186 441 _______________________________._._____.._____________.

1939 494 2089 568 [ινδ]
2114 494 2360 548 0mm
2400 495 2520 547 ΛΔί

624 595 874 667 Ἁφῆκεν
893 592 1008 651 οὖν
1043 595 1156 667 τὴν
1188 594 1401 667 ὑδρίαν
1431 592 1623 667 αὐτῆς
1660 594 1700 661 ἠ
1731 589 2035 667 πυνῂηκιζί
2070 589 2187 643 ἀπ-

680 659 866 737 ῆλθεν
884 669 970 731 εις
999 659 1111 737 τὴν
1136 659 1332 737 πελᾶν,
1364 663 1462 716 και
1492 663 1657 737 λέπει
1682 659 1809 737 τρῖς
1831 659 2183 737 ἀνθρώαοις·

685 728 713 789 ἆ
751 728 960 797 Δεῦτε,
997 728 1151 787 ίδετε
1193 734 1526 800 ἄνθρωπον,
1576 728 1644 797 ὃς
1681 728 1811 786 εἶπέ
1846 747 1948 798 μοι
1993 728 2190 781 πάντα

682 808 799 861 ὅσα
828 806 1107 871 ἐποίησα·
1137 802 1278 872 μήτι
1302 798 1314 800 ⁷
1334 798 1512 867 οὗτός
1556 803 1728 855 ἐστιν
1767 804 1800 855 ό
1826 800 2117 867 Χριστός;
2164 815 2183 847 ι

679 896 748 944 α’.
784 888 992 957 Πολλῆς
1016 889 1147 956 ἡμῖν
1173 885 1504 956 θερμότητος
1531 885 1721 937 δεῖκαὶ
1745 883 1980 952 σπουδῆς
2007 881 2191 950 διεγη-

608 971 900 1043 γερμένηςσ
916 969 1119 1039 ταύτης
1140 968 1248 1039 7&9
1266 969 1396 1022 ἄνευ
1419 968 1518 1021 οὐκ
1547 967 1717 1020 ἔνεστι
1741 975 1760 997 ⁸
1776 968 1956 1034 τυχεῖν
1974 964 2081 1016 τῶν
2102 964 2191 1014 ἐπ-

608 1054 955 1125 ηγγελμένων
971 1054 1099 1123 ἡμῖν
1121 1051 1361 1119 ἀγαθῶν.
1380 1052 1491 1104 Καὶ
1510 1050 1667 1104 τοῦτο
1682 1049 1895 1111 δεικνὺς
1910 1049 1939 1100 ὁ
1957 1048 1998 1099 Χ
2010 1046 2191 1114 ριστός

612 1153 763 1204 φησι,
796 1137 892 1189 νῦν
935 1136 1057 1206 μέν·
1100 1135 1242 1188 Ἐὰν
1260 1135 1345 1203 μή
1380 1151 1470 1199 τις
1498 1133 1610 1201 ἄρῃ
1650 1132 1759 1185 τὸν
1790 1130 2057 1197 σταυρὸν
2084 1129 2190 1182 αὺ-

609 1214 717 1273 τοῦ
746 1218 844 1271 καὶ
876 1216 1271 1284 ἀκολουθήσῃ
1291 1234 1410 1286 μοι,
1442 1219 1552 1270 οὐκ
1573 1216 1705 1269 ἐστι
1727 1232 1846 1285 μου
1872 1214 2062 1278 ἄξιος·
2094 1212 2187 1265 νῦν

609 1300 686 1362 δέ,
712 1301 835 1368 Πῦρ
865 1296 1056 1369 ἦλθον
1071 1300 1292 1363 ,βαλεῖν
1328 1300 1427 1353 ἐπὶ
1462 1299 1576 1367 τὴν
1603 1298 1741 1369 γῆν,
1769 1298 1867 1351 καὶ
1890 1298 1946 1349 τί
1966 1296 2189 1364 ἤθελον

607 1387 663 1440 εἰ
700 1386 814 1454 ἤδη
854 1386 1094 1455 ἀνήφθη
1119 1403 1138 1451 ;
1164 1385 1231 1439 δι’
1261 1386 1585 1456 ἀμφοτέρων
1613 1385 1818 1439 τούτων
1860 1384 1952 1437 τὸν
1989 1382 2186 1453 διακαῆ

609 1469 705 1523 καὶ
742 1468 1135 1540 πεπυρωμένον
1167 1467 1415 1539 μαθητὴν
1442 1470 1534 1522 καὶ
1564 1468 1701 1539 πρὸς
1737 1468 1918 1520 πάντα
1946 1465 2188 1519 κίνδυνον

609 1552 1120 1621 παρεσκευασμένον
1160 1552 1288 1620 ἡμῖν
1318 1550 1663 1623 παραστῆσαι
1698 1549 2038 1620 βουλόμενος.
2064 1551 2185 1603 Τοι-

608 1632 744 1703 αύτη
783 1650 863 1697 τις
897 1628 964 1703 ἦν
1000 1633 1090 1686 καί
1126 1632 1261 1703 αῦτη
1296 1634 1329 1703 ἡ
1381 1634 1536 1703 γυνή.
1568 1631 1725 1686 Οῦτω
1775 1634 1882 1703 7&9
1929 1632 2033 1685 ὑπὸ
2078 1633 2187 1686 τῶν

607 1715 913 1786 εἰρημένων
947 1715 1183 1786 ἀνήφθη,
1224 1714 1299 1777 ὡς
1331 1715 1427 1767 καὶ
1472 1715 1571 1785 τὴν
1605 1714 1790 1785 ὑδρίαν
1829 1716 2066 1783 ἀφεῖναι,
2095 1716 2188 1770 καὶ

607 1796 703 1865 τὴν
736 1796 922 1866 χρείαν
951 1797 1018 1850 δι’
1048 1801 1114 1865 ἣν
1142 1797 1495 1868 παρεγένετο,
1529 1796 1625 1850 καί
1652 1796 1965 1868 δραμοῦσαν
1986 1799 2065 1861 εἰς
2087 1799 2184 1869 τὴν

607 1880 779 1942 πόλιν,
822 1881 997 1933 πάντα
1036 1880 1126 1933 τὸν
1162 1880 1334 1949 δῆμον
1372 1879 1595 1933 ἑλκύσαι
1649 1880 1785 1951 πρὸς
1817 1881 1909 1933 τὸν
1950 1880 2179 1947 Ἰησοῦν.

616 1962 781 2017 Δεῦτε
813 1962 940 2033 7&9,
977 1962 1132 2031 φησί,
1164 1962 1263 2016 καὶ
1283 1962 1439 2016 ἴδετε
1472 1963 1807 2032 ἄνθρωπον,
1830 1961 1899 2028 ὃς
1934 1959 2063 2017 εἷπέ
2082 1980 2185 2032 μοι

602 2046 802 2102 πάντα
833 2047 950 2102 ὅσα
991 2047 1270 2116 ἐποίησα.
1323 2048 1524 2101 Σκόπει
1572 2048 1805 2120 σπουδὴν
1830 2050 1925 2103 καὶ
1949 2049 2181 2102 σύνεσιν·

606 2125 805 2187 Ἦλθεν
838 2130 1216 2200 ὑδρεύσασθαιο
1258 2131 1353 2184 καί
1377 2130 1563 2201 ἐπειδὴ
1591 2131 1691 2200 τῆς
1718 2130 1979 2201 ἀληθινῆς
2004 2132 2185 2201 πηγῆς

606 2213 855 2283 ἐπέτυχε,
872 2215 1241 2285 κατεφρόνησε
1257 2213 1442 2267 λοιπὸν
1452 2214 1550 2285 τῆς
1566 2213 1848 2282 αἰσθητῆς,
1862 2213 2185 2268 διδάσκουσα

605 2296 773 2365 ἡμᾶς,
820 2298 871 2349 εἰ
906 2299 1000 2353 καὶ
1026 2298 1115 2351 διὰ
1157 2296 1353 2367 μικροῦ
1385 2297 1859 2366 παραδείγματος,
1891 2297 2006 2350 ἀλλ’
2038 2299 2186 2367 ὅμως

603 2378 662 2429 ἑν
687 2380 751 2448 τῇ
783 2378 891 2433 τῶν
935 2377 1322 2450 πνευματικῶν
1356 2379 1616 2448 ἀκροάσει
1657 2379 1874 2431 πάντων
1911 2380 2187 2451 ὑπερορᾷν

602 2460 711 2514 τῶν
746 2461 1035 2532 βιωτικῶν,
1072 2464 1167 2516 καί
1200 2462 1404 2534 μηδένα
1436 2461 1593 2529 λόγον
1624 2462 1803 2515 αὐτῶν
1839 2464 2108 2516 ποιεῖσθαι
2130 2464 2177 2517 ιι.

604 2544 761 2598 Κατά
790 2544 899 2617 γάρ
919 2547 1017 2617 τὴν
1041 2544 1176 2600 ἰδίαν
1192 2544 1442 2615 δύναμιν,
1465 2545 1603 2615 ὅπερ
1622 2546 1669 2597 οἰ
1692 2544 1977 2597 ἀπόστολοι
2000 2546 2184 2616 ἐποίη-

604 2642 724 2692 σαν,
765 2629 860 2682 καὶ
892 2628 1030 2699 αῦτη
1063 2628 1330 2697 πεποίηκε
1356 2626 1639 2697 μειζόνως.
1685 2628 1912 2681 Ἐκεῖνοι
1945 2629 2043 2698 μέν
2075 2630 2181 2701 γάρ

600 2712 650 2763 οἰ
690 2710 976 2782 κληθέντες
999 2711 1216 2781 ἀφῆκαν
1238 2709 1307 2762 τὰ
1336 2709 1549 2763 δίκτυα·
1586 2708 1721 2780 αὕτη
1752 2709 1807 2761 δὲ
1836 2710 2180 2779 αὐτομάτως,

600 2789 812 2856 οὐδενὸς
840 2793 1329 2864 παραγγείλαντος,
1348 2792 1542 2864 ἀφίησι
1580 2791 1677 2864 τὴν
1707 2792 1892 2862 ὑδρίαν
1908 2792 2000 2845 καὶ
2020 2794 2182 2862 εὐαγ-

599 2874 863 2943 γελιστῶν
880 2876 1038 2948 ἔργον
1056 2874 1201 2929 ποιεῖ
1229 2873 1335 2929 ύπῦ
1355 2877 1452 2947 τῆς
1474 2878 1647 2947 χαρᾶς
1664 2889 1687 2916 ε
1710 2876 2177 2949 ἀναπτερωθεῖσα.

600 2958 708 3011 Καὶ
738 2959 836 3029 οὐχ
866 2959 961 3012 ἕνα
999 2957 1155 3012 καλεῖ
1190 2960 1284 3012 καὶ
1313 2957 1585 3031 δεύτερον,
1626 2959 1876 3032 καθάπερ
1926 2960 2180 3032 Ἀνδρέας

600 3041 695 3094 καὶ
715 3041 1002 3104 Φίλιππος,
1039 3040 1176 3094 ἀλλὰ.
1207 3040 1360 3093 πόλιν
1388 3040 1679 3114 ὀλόκληρον
1715 3042 2179 3113 ἀναστήσασακαί

596 3123 768 3193 δῆμον
790 3122 1063 3187 τοσοῦτον,
1090 3122 1232 3176 οῦτω
1253 3123 1387 3193 πρὸς
1414 3123 1575 3177 αὑτὸν
1594 3124 1765 3195 ήγαγε
1781 3125 1832 3178 τι.
1862 3123 1965 3178 Καὶ
1989 3124 2178 3179 σκόπει

598 3205 717 3269 πῶς
768 3205 1005 3270 συνετῶς
1052 3206 1220 3275 λέγει.
1257 3204 1332 3261 Ού
1367 3207 1474 3277 γὰρ
1506 3201 1627 3261 εἷπε
1650 3245 1665 3268 ,
1702 3206 1887 3271 Δεῦτε,
1922 3208 2060 3262 ίδετε
2086 3209 2178 3262 τὸν

596 3289 852 3360 Χριστὸν,
880 3289 1019 3344 ἀλλά
1048 3291 1143 3342 καί
1179 3290 1319 3359 αὑτὴ
1355 3289 1493 3359 μετὰ
1536 3290 2022 3357 συγκαταϐάσεως,
2059 3291 2176 3362 μεθ’

594 3367 662 3440 ἧς
701 3373 795 3425 καὶ
816 3375 845 3426 ό
875 3372 1108 3441 Χριστὸς
1130 3371 1298 3440 αὐτὴν
1320 3372 1703 3441 ἐσαγήνευσεν,
1733 3373 2031 3427 ἐπισπᾶται
2051 3374 2176 3436 τοὺς

596 3452 811 3523 ἄνδρας.
834 3453 1015 3507 Δεῦτε
1036 3453 1164 3521 7&9,
1190 3452 1344 3505 ἴδετε
1373 3452 1708 3519 ἄνθρωπον,
1749 3457 1932 3523 φησὶν,
1958 3455 2026 3521 ὃς
2045 3454 2175 3511 εἶπέ

589 3556 693 3606 μοι
713 3537 911 3592 πάντα
946 3539 1064 3593 ὅσα
1090 3539 1370 3605 ἐποίησα.
1418 3539 1527 3591 Καὶ
1561 3539 1660 3591 οὐκ
1688 3539 1928 3612 ᾐσχύνθη
1963 3545 2136 3596 εἰπεῖν
2155 3584 2170 3608 ,

596 3622 675 3674 ὅτι
701 3617 849 3675 Εἷπέ
879 3638 981 3689 μοι
1007 3620 1204 3674 πάντα
1239 3620 1357 3674 ὅσα
1393 3620 1672 3687 ἐποίησα.
1716 3624 1907 3677 Καίτοι
1946 3641 2006 3693 γε
2046 3627 2172 3697 ἐνῆν

593 3703 767 3756 εἰπεῖν
804 3702 1025 3774 ἑτέρως·
1054 3701 1239 3762 Δεῦτε,
1275 3702 1412 3757 ίδετε
1440 3702 1870 3773 προφητεύοντα·
1903 3706 2017 3759 ἀλλ’
2044 3709 2171 3764 ὅταν

594 3786 821 3858 πυρωθῇ
850 3786 998 3857 ψυχὴ
1027 3785 1106 3857 τῷ
1136 3787 1268 3858 πυρί
1295 3785 1376 3856 τῷ
1413 3784 1561 3856 θείῳ,
1611 3788 1746 3858 πρὸς
1779 3789 1931 3844 οὐδὲν
1963 3790 2072 3844 τῶν
2112 3794 2171 3846 ἐν

590 3871 657 3940 τῇ
692 3871 762 3939 γῇ
792 3868 975 3923 λοιπὸν
1003 3869 1128 3939 ὁρᾷ,
1150 3869 1210 3922 ού
1252 3868 1389 3939 πρὸς
1418 3868 1598 3935 δόξαν.
1630 3872 1690 3923 ού
1722 3870 1859 3942 7:96;
1885 3873 2166 3944 αἰσχύνην,

588 3952 705 4006 ἀλλ’
735 3952 854 4016 ἑνός
882 3953 997 4005 ἐστι
1034 3952 1216 4023 μόνου,
1251 3952 1349 4021 τῆς
1383 3954 1720 4025 κατεχούσης
1753 3955 1922 4026 αὐτὴν
1951 3956 2164 4025 φλογός.

590 4035 746 4103 Μήτι
774 4030 954 4100 οὗτός
986 4035 1160 4088 ἐστιν
1190 4038 1224 4088 ό
1260 4036 1552 4102 Χριστός;
1596 4036 1738 4107 Ὅρα
1771 4036 1933 4091 πάλιν
1975 4040 2166 4109 σοφίαν

592 4118 789 4189 πολλὴν
838 4119 1114 4188 γυναικός.
1181 4117 1319 4170 Οῦτε
1390 4118 1709 4188 ἀπεφήνατο
1760 4122 1986 4189 σαφῶς,
2043 4124 2167 4177 οὕτε

588 4201 863 4269 ἐσίγησεν.
911 4201 1193 4254 Ἐϐούλετο
1236 4201 1345 4271 7&9
1382 4201 1481 4253 οὐκ
1528 4204 1592 4254 ἐκ
1633 4202 1731 4273 τῆς
1776 4205 1982 4269 οἰκείας
2031 4207 2166 4260 ἀπο-

589 4283 805 4350 φάσεως
842 4283 1081 4351 εἰσάγειν
1111 4282 1327 4346 αύτοὺς,
1363 4281 1478 4336 ἀλλ’
1509 4284 1573 4337 ἐκ
1593 4283 1690 4355 τῆς
1723 4286 2039 4357 ἀκροάσεως
2065 4289 2162 4359 τῆς

587 4366 794 4419 ἐκείνου
821 4366 919 4436 τῆς
945 4367 1124 4438 ψήφου
1154 4366 1354 4438 ταύτης
1384 4367 1606 4437 ποιῆσαι
1634 4371 1941 4434 κοινωνούς·
1975 4370 2002 4422 ὃ
2029 4372 2163 4441 μᾶλ-

585 4447 674 4501 λον
705 4447 1107 4519 εύπαράδεκτον
1131 4449 1302 4502 ἐποίει
1331 4450 1422 4502 τὸν
1450 4449 1624 4519 λόγον.
1664 4452 1854 4505 Καίτοι
1884 4455 1944 4506 ού
1988 4455 2161 4509 πάντα

584 4532 754 4604 αὐτῆς
781 4531 870 4584 τὸν
903 4531 1016 4601 βίον
1046 4532 1379 4602 ἐξήγγειλεν,
1399 4531 1554 4603 [I96]
1589 4532 1725 4586 ἀλλά
1746 4535 1854 4588 ἀπὸ
1884 4536 1992 4588 τῶν
2018 4540 2160 4609 εἰρη-

587 4615 765 4684 μένων
790 4616 884 4669 καὶ
912 4615 1040 4686 περί
1064 4614 1167 4667 τῶν
1188 4614 1360 4668 ἄλλων
1395 4615 1705 4669 ἐπέπειστο.
1749 4618 1859 4671 Kal
1888 4621 1986 4672 οὐκ
2014 4616 2157 4688 εἶπε,

580 4696 772 4763 Δεῦτε,
798 4697 1146 4759 πιστεύσατε,
1175 4695 1329 4757 ἀλλά,
1354 4698 1550 4762 Δεῦτε,
1581 4697 1753 4755 ἴδετε,
1778 4700 1805 4751 ὃ
1826 4701 2013 4754 τούτου
2036 4720 2159 4757 κου-

582 4786 855 4857 φότερονο
881 4782 982 4857 ῆν,
1033 4789 1127 4839 καὶ
1180 4784 1379 4856 μᾶλλον
1417 4785 1615 4849 αὐτοὺς
1650 4787 1950 4854 ἐφείλκετο.
2005 4788 2158 4856 Εἶδες

579 4868 682 4937 τῆς
708 4870 964 4936 γυναικὸς
1007 4868 1105 4939 τὴν
1136 4869 1328 4938 σοφίαν
1354 4886 1372 4936 ;
1403 4868 1556 4939 ’ᾘδει
1582 4868 1692 4938 7&9
1714 4910 1730 4933 ,
1770 4869 1885 4939 ᾔδει
1925 4873 2111 4941 σαφῶς
2137 4914 2153 4936 ,

577 4949 662 5002 ὅτι
688 4951 1013 5020 γευσάμενοι
1063 4952 1221 5021 μόνον
1260 4950 1360 5020 τῆς
1394 4949 1576 5019 πηγῆς
1623 4950 1869 5017 ἐκείνης,
1909 4955 1977 5008 τὰ
2016 4956 2155 5010 αὐτὰ

579 5034 858 5088 πείσονται
874 5035 1023 5105 άπερ
1045 5036 1139 5088 καὶ
1159 5035 1319 5104 αύτή.
1353 5032 1546 5087 Καίτοι
1570 5050 1632 5101 γε
1664 5032 1718 5087 εί
1742 5052 1825 5098 τις
1851 5035 1957 5091 τῶν
1979 5037 2155 5093 ἄλλων

575 5112 643 5187 ἦν
681 5116 790 5170 τῶν
817 5115 1157 5188 παχυτέρων,
1192 5118 1286 5171 καὶ
1311 5117 1663 5171 συνεσκίασεν
1688 5116 1754 5171 ἂν
1783 5118 1873 5173 τὸν
1896 5118 2116 5190 ἔλεγχον
2134 5139 2150 5152 ’

529 5186 545 5207 ³
577 5186 718 5272 αῦτη
748 5203 805 5257 δέ
854 5186 1195 5275 ἐκπομπεύει
1238 5205 1331 5257 τὸν
1372 5204 1568 5274 ἑαυτῆς
1605 5203 1715 5273 βίον
1745 5205 1838 5259 καί
1870 5208 1947 5269 εἰς
1988 5186 2152 5278 μέσον

577 5285 918 5355 προτίθησιν,
971 5284 1111 5339 ὥστε
1159 5286 1367 5351 πάντας
1399 5288 1804 5342 ἐπισπάσασθαι
1848 5289 1943 5342 καὶ
1987 5290 2147 5346 ἑλεῖν.

590 5372 686 5422 Ἐν
714 5369 782 5421 δὲ
806 5368 887 5435 τῷ
911 5370 1139 5440 μεταξὺ
1165 5369 1410 5439 ἠρώτων
1434 5372 1622 5425 αὐτὸν
1668 5376 1721 5426 οἰ
1759 5375 2017 5441 μαθηταί
2045 5377 2151 5429 αὺ-

574 5457 702 5520 τοῦ,
757 5458 1059 5529 λέγοντες’
1103 5460 1326 5525 Ῥαϐὅί,
1380 5460 1551 5530 φάγε.
1582 5462 1657 5514 Τὸ
1683 5502 1696 5523 ,
1744 5461 2029 5530 Ἠρώτων,
2059 5465 2148 5518 ἑν-

573 5539 746 5594 ταῦθα
781 5541 1129 5612 Παρεκάλουν
1160 5542 1311 5607 ἐστὶ,
1357 5545 1423 5612 τῇ
1464 5543 1712 5615 ἐγχωρίῳ
1751 5544 1928 5597 αὐτῶν
1972 5549 2145 5617 φωνῇ.

636 5688 662 5753 _‘
689 5686 856 5753 More}.
885 5690 1019 5738 οὐδέν
1045 5690 1163 5753 ἑστι.
1261 5688 1357 5753 Α]ἰί
1383 5689 1542 5753 αὐτῶν
1569 5691 1707 5753 ἔχειν.
1733 5691 1885 5741 Paulo
1910 5698 2017 5753 post
2042 5694 2147 5743 Μο-

571 5747 665 5816 pel.
688 5750 920 5816 πεπρίηκε
945 5750 1183 5816 μειζόνως..
1210 5750 1263 5816 lg
1283 5750 1432 5816 Sayil:
1450 5747 1671 5816 μειζόνως
1688 5753 1740 5800 in
1763 5747 1984 5816 margine
2000 5759 2147 5816 poni-

571 5812 669 5875 ἑιιῐξ.
738 5811 759 5837 ⁸⁵
784 5806 856 5856 lla
890 5806 1024 5875 re'gte
1046 5810 1205 5875 ξενὶιέ
1224 5810 1393 5875 MQI‘EI.
1415 5806 1531 5874 ὑπὲρ
1550 5818 1631 5869 τῆς
1652 5806 1896 5875 χάριτος.υ
1921 5813 1948 5853 (ί
1969 5806 2140 5868 Morel.

571 5866 787 5929 ἠγάγετο.
859 5882 882 5910 ο
923 5868 1089 5917 Morel.
1116 5871 1449 5933 φεϐερὼτερον.

2307 588 2571 658 Ὀρῶντες
2603 588 2710 657 7&9
2734 586 2893 640 αὐτὸν
2922 591 3237 656 κεκμηκόςα
3281 585 3387 640 ὑπὸ
3430 588 3532 658 τῆς
3560 590 3825 659 ὁδοιπορία,

2293 673 2386 725 καὶ
2423 673 2520 742 τῆς
2548 670 2900 741 ἐπικειμένης
2937 670 3152 738 φλογὸς,
3182 670 3530 740 παρεκάλουν
3571 672 3745 728 αὐτόν.
3778 678 3826 725 0:

2292 754 2401 824 7&9
2430 749 2496 824 ἦν
2528 755 2859 825 προπετείας
2893 754 2953 805 τὸ
2980 752 3184 805 δεῖσθαι
3216 754 3356 823 ὑπὲρ
3381 754 3587 815 σιτίων,
3609 755 3738 809 ἀλλά
3769 774 3825 824 φι

2290 839 2606 912 λοστοργίας
2631 839 2729 907 τῆς
2750 838 2877 908 περὶ
2903 836 2993 889 τὸν
3013 836 3349 891 διδάσκαλον.
3365 838 3430 890 Τί
3446 834 3539 892 οῦν
3553 842 3581 893 ό
3597 840 3817 908 Χριστός

2304 923 2444 992 Ἐγὼ
2468 923 2701 991 ,ϐρῶσιν
2731 922 2848 989 ἔχω
2890 920 3119 990 φαγεῖν,
3169 919 3249 988 ῆν
3277 921 3445 991 ὑμεῖς
3485 925 3596 978 οὐκ
3634 924 3823 977 οἴδατε

2294 1008 2544 1074 Ἔλεγον
2574 1000 2687 1059 οὖν
2719 1005 2867 1070 πρὸς
2913 1004 3257 1070 ἀλλήλους’
3301 1004 3399 1073 Μή
3456 1022 3549 1071 τις
3602 1004 3826 1074 ﬁrma:

2290 1089 2449 1155 αὐτῷ
2482 1088 2727 1157 pag-air;
2764 1086 2828 1139 Τί
2856 1089 3033 1140 τοίνυν
3067 1086 3365 1157 θαυμάζεις
3398 1090 3446 1141 εἰ
3469 1092 3502 1158 ἡ
3529 1090 3683 1160 γυνὴ,
3705 1089 3826 1160 ὔδωί

2290 1170 2588 1235 ἀκούσασα,
2623 1171 2702 1223 ἔτι
2733 1170 2874 1240 ’ύδωρ
2904 1171 3253 1238 ἐφαντάζετο,
3285 1172 3419 1224 ὅπου
3454 1188 3518 1241 γε
3541 1175 3632 1225 καί
3654 1174 3701 1224 οἱ
3739 1190 3825 1241 μα

2291 1253 2451 1324 θηταί
2484 1254 2562 1307 ἔτι
2585 1254 2754 1307 ταῦτα
2781 1254 3066 1322 πάσχουσι,
3093 1254 3187 1308 καὶ
3214 1255 3364 1308 οὐδὲν
3387 1255 3540 1308 οῦπω
3559 1273 3826 1327 πνευματι

2290 1337 2385 1390 κδν
2414 1336 2644 1401 νοοῦσιν,
2676 1335 2812 1388 ἀλλά
2856 1336 3119 1405 ἀποροῦσι
3166 1338 3283 1406 μὲν,
3316 1337 3475 1391 πάλιν
3503 1338 3557 1391 δέ
3585 1339 3681 1407 τὴν
3713 1337 3826 1392 αίδιὶ

2287 1418 2386 1489 τὴν
2412 1419 2616 1490 συνήθη
2660 1420 2753 1472 καὶ
2784 1417 2882 1489 τὴν
2912 1419 3076 1489 τιμὴν
3125 1417 3204 1489 τῷ
3250 1420 3556 1490 διδασκάλῳ
3595 1422 3811 1491 νέμουσι

2290 1500 2427 1571 πρὸς
2462 1501 2723 1572 ἀλλήλους
2755 1500 2854 1572 μὲν
2884 1501 3278 1572 διαλεγόμενοι,
3321 1502 3471 1573 αὐτῷ
3491 1503 3545 1555 δὲ
3579 1503 3764 1557 πεῦσιν
3790 1521 3826 1556 ον

2288 1583 2593 1654 τολμῶντες
2619 1586 2988 1654 προσαγαγεῖν
3007 1601 3022 1651 ;
3043 1583 3211 1637 Τοῦτο
3225 1585 3319 1637 καὶ
3339 1584 3571 1655 ἀλλαχοῦ
3593 1586 3826 1640 ποιοῦσιν

2288 1664 2681 1737 ἐπιθυμοῦντες
2716 1666 2814 1737 μὲν
2845 1668 3151 1737 ἐρωτῆσαι,
3187 1667 3287 1719 ούκ
3332 1668 3642 1739 ἐρωτῶντες
3676 1668 3749 1722 δέ.
3786 1669 3826 1720 Τ

2287 1745 2379 1804 οὖν
2397 1753 2426 1803 ό
2445 1750 2676 1819 Χριστός
2702 1767 2718 1813 ;
2754 1749 2932 1819 Ἐμὸν
2957 1750 3167 1820 ,βρῶμά
3193 1751 3343 1815 ἐστι,
3375 1752 3558 1822 φησὶν,
3594 1753 3689 1804 ἵνα
3707 1752 3826 1806 ποιά

2288 1832 2355 1887 τὸ
2374 1834 2601 1903 θέλημα
2618 1833 2725 1887 τοῦ
2750 1834 3098 1904 πέμψαντός
3112 1850 3207 1903 με,
3235 1832 3334 1887 καὶ
3364 1835 3651 1888 τελειώσω
3669 1838 3826 1888 αὐτοὶ

2288 1917 2352 1971 τὸ
2407 1918 2605 1987 ἔργον.
2656 1917 2769 1989 Τὴν
2808 1918 2915 1971 τῶν
2957 1918 3261 1989 ἀνθρώπων
3303 1917 3574 1990 σωτηρίαν
3624 1918 3826 1971 ἐνταῦθε

2288 1999 2490 2071 βρῶσιν
2519 2000 2767 2063 ἐκάλεσε,
2822 2000 3034 2063 δεικνὺς
3085 2001 3220 2072 ὅσην
3265 2000 3560 2071 ἐπιθυμίαν
3601 2000 3709 2069 ἔχει
3755 2002 3818 2070 τῆ

2288 2084 2564 2155 ἡμετέροις
2604 2084 2881 2155 προνοίας.
2916 2084 3128 2155 Ὠσπερ
3172 2084 3281 2155 7&9
3322 2088 3453 2155 ἡμῖν
3500 2083 3743 2137 ποθεινὸν
3792 2102 3825 2138 τι

2286 2169 2503 2228 ἐσθίειν,
2526 2168 2697 2231 οὕτως
2722 2168 2873 2237 αὐτῷ
2892 2167 2953 2221 τὸ
2978 2168 3217 2236 σωθῆναι
3244 2170 3410 2239 ἡμᾶς.
3436 2169 3631 2221 Ἀκουε
3651 2166 3707 2219 δὲ
3737 2168 3821 2220 πῶ

2286 2252 2560 2322 πανταχοῦ
2592 2254 2691 2305 οὐκ
2719 2255 2781 2305 ἐκ
2813 2252 2906 2305 τοῦ
2932 2252 3221 2323 προχείρου
3253 2253 3430 2306 πάντα
3456 2251 3825 2305 ἀποκαλύπτει

2285 2341 2419 2395 ἀλλά
2448 2342 2660 2413 πρῶτον
2686 2342 2767 2404 εἰς
2798 2342 3033 2412 ἀπορίαν
3066 2339 3321 2411 ἐμϐάλλει
3343 2339 3433 2392 τὸν
3456 2340 3746 2410 ἀκροατὴν,
3766 2341 3826 2392 ῖνς

2284 2429 2589 2500 ἀρξάμενος
2620 2431 2802 2500 ζητεῖν
2828 2429 2879 2481 τί
2900 2428 2960 2482 τὸ
2989 2427 3282 2497 λεγόμενον
3307 2425 3351 2491 ί,
3381 2423 3501 2481 εἶτα
3516 2428 3739 2497 ἀπορῶν
3759 2445 3825 2480 κα

2285 2515 2530 2583 κάμνων,
2568 2514 2702 2584 μετά
2725 2513 2966 2577 πλείονος
2999 2514 3323 2585 ὑποδέξηται
3355 2513 3657 2584 προθυμίας
3684 2516 3825 2583 φανέι

2282 2602 2343 2653 τὸ
2372 2599 2721 2671 ζητούμενον,
2746 2600 3057 2671 καὶμᾶλλον
3085 2601 3342 2671 διαναστῇ
3370 2601 3506 2672 πρὸς
3526 2601 3624 2670 τὴν
3651 2602 3825 2671 άκρόα

2284 2703 2389 2741 σιν.
2430 2690 2582 2741 Διατί
2603 2688 2711 2759 γάρ
2742 2689 2815 2759 μὴ
2848 2688 3050 2753 εὐθέως
3069 2685 3212 2753 εἷπε,
3244 2688 3416 2758 Ἐμὸν
3431 2687 3641 2757 ,βρώμὰ
3656 2689 3826 2742 ἐστιν

2281 2777 2381 2830 ἵνα
2410 2777 2643 2843 ποιήσω
2689 2778 2757 2832 τὸ
2793 2778 3021 2847 θέλημα
3062 2778 3170 2832 τοῦ
3207 2780 3434 2846 Πατρός
3466 2796 3627 2847 pou;
3673 2780 3826 2831 καίτο

2279 2864 2400 2917 οὐδὲ
2424 2863 2582 2917 τοῦτο
2616 2866 2784 2934 σαφὲς
2812 2861 2901 2936 ἦν,
2934 2866 3067 2919 ἀλλά
3094 2865 3187 2919 τοῦ
3206 2866 3471 2937 προτέρου
3495 2866 3826 2937 σαφέστερον

2279 2951 2414 3005 ἀλλά
2442 2952 2523 3018 τίς
2565 2951 2732 3021 Ἐγὼ,
2756 2953 2909 3023 φησί,
2927 2952 3162 3021 ,ϐρῶσιν
3182 2954 3299 3023 ἔχω
3320 2953 3548 3023 φαγεῖν,
3580 2951 3658 3019 ἢν
3683 2953 3826 3021 ὑμεῐ

2278 3043 2389 3095 οὐκ
2419 3040 2639 3096 οῑδατε.
2673 3041 2943 3112 Πρότερον
2988 3041 3097 3114 7&9
3126 3042 3322 3106 αὐτοὺς
3345 3082 3359 3107 ,
3406 3042 3541 3114 ὅπερ
3573 3042 3739 3112 ἔφην,
3781 3047 3826 3095 τῆ

2278 3127 2601 3200 διαπορήσει
2632 3129 3169 3201 προσεκτικωτέρους
3196 3128 3537 3200 ἐργάσασθαι
3577 3129 3824 3199 βούλεται

2277 3216 2373 3270 καὶ
2397 3215 2573 3270 ἐθίσαι
2603 3216 2696 3271 καὶ
2724 3216 2810 3271 διά
2839 3216 3096 3270 τοιούτων
3126 3218 3463 3287 αἰνιγμάτων
3508 3216 3728 3271 ἀκούειν
3780 3236 3822 3269 τ.

2277 3303 2565 3372 λεγόμενα.
2606 3304 2671 3356 Τί
2693 3304 2749 3357 δέ
2782 3304 2897 3357 ἐστι
2922 3305 2983 3358 τὸ
3014 3305 3224 3375 θέλημα
3269 3305 3364 3358 τοῦ
3400 3304 3646 3373 Πατρός;
3688 3305 3820 3371 Λέγε

2277 3390 2462 3444 λοιπὸν
2492 3391 2625 3445 αὐτὸ
2651 3391 2746 3444 καὶ
2783 3390 3075 3462 ἑρμηνεύει
3097 3406 3109 3420 ·
3140 3392 3259 3461 Οὐχ
3307 3391 3476 3460 ὑμεῖς
3520 3393 3727 3461 ,λέγετε
3761 3393 3818 3444 ὅτ

2273 3477 2359 3530 ἔτι
2390 3477 2755 3547 τετράμηνόν
2801 3478 2963 3543 ἐστι,
3025 3478 3125 3533 καί
3171 3481 3204 3532 ό
3254 3480 3532 3547 θερισμὸς
3576 3476 3815 3548 ἔρχεται

2286 3564 2441 3620 Ἰδοὺ
2461 3563 2617 3635 λέγω
2642 3564 2803 3634 ὑμῖν,
2831 3566 3087 3634 ἐπάρατε
3117 3566 3258 3633 τοὺς
3277 3565 3622 3636 ὀφθαλμοὺς
3655 3565 3813 3635 ὑμῶν

2274 3651 2371 3705 καί
2408 3650 2708 3707 θεάσασθε
2758 3653 2865 3720 τὰς
2920 3652 3134 3722 χώρας,
3175 3652 3264 3707 ὅτι
3291 3654 3505 3708 λευκαί
3547 3656 3667 3707 εἰσι
3699 3654 3812 3722 πρὸ

2275 3741 2581 3808 θερισμόν.

2345 3828 2387 3898 β’
2399 3869 2412 3883 .
2441 3828 2575 3882 Ἰδοὺ
2592 3829 2751 3883 πάλιν
2767 3832 2879 3893 τοῖς
2897 3831 3211 3902 συντρόφοις
3228 3831 3483 3901 ὀνόμασιν
3499 3832 3693 3899 ἀνάγει
3711 3832 3810 3903 πρί

2270 3910 2367 3983 τὴν
2391 3912 2499 3966 τῶν
2524 3913 2792 3983 μεγίστων
2822 3912 3056 3983 θεωρίαν
3085 3914 3301 3977 αὐτούς.
3324 3915 3434 3967 Καὶ
3460 3912 3589 3985 γὰρ,
3609 3913 3808 3984 Βρῶμι

2270 4001 2459 4065 εἰπὼν,
2482 4002 2632 4055 οὐδὲν
2656 4002 2841 4072 ἑτερου
2869 4002 3155 4073 ἐδήλωσεν,
3198 4004 3231 4072 ἢ
3270 4001 3369 4075 τὴν
3391 4003 3499 4057 τῶν
3536 4003 3806 4074 μελλόντο

2273 4091 2672 4163 παραγίνεσθαι
2716 4091 2989 4163 σωτηρίαν
3028 4090 3348 4162 ἀνθρώπων·
3387 4092 3480 4145 καί
3515 4094 3549 4163 ἠ
3590 4091 3748 4161 χώρα
3794 4091 3804 4145 ί

2269 4178 2362 4231 καί
2397 4179 2425 4230 ό
2453 4177 2709 4248 θερισμὸς
2746 4178 2806 4230 τὸ
2840 4178 2972 4231 αύτὸ
3001 4178 3168 4249 δηλοῖ,
3195 4179 3255 4233 τὸ
3279 4178 3486 4249 πλῆθος
3516 4178 3626 4232 τῶν
3655 4179 3802 4250 ψυχιῖ

2265 4263 2376 4315 τῶν
2431 4263 2661 4333 ἑτοίμων
2709 4263 2845 4334 πρὸς
2887 4264 2983 4335 τὴν
3030 4263 3293 4337 ὑποδοχὴν
3330 4264 3424 4318 τοῦ
3460 4265 3800 4337 κηρύγματα

2279 4348 2620 4420 Ὀφθαλμοὺς
2655 4349 2711 4402 δὲ
2746 4349 2974 4404 ἐνταῦθα
3004 4350 3171 4419 λέγει,
3203 4354 3297 4406 καὶ
3318 4354 3444 4416 τοὺς
3460 4353 3559 4423 τῆς
3577 4352 3798 4407 διανοία

2266 4436 2360 4490 καὶ
2390 4438 2517 4500 τοὺς
2539 4436 2632 4490 τοῦ
2658 4435 2925 4508 σώματος·
2947 4439 3164 4509 καὶγὰρ
3193 4439 3378 4512 ἐώρων
3406 4440 3594 4493 λοιπὸν
3616 4441 3681 4493 τὸ
3708 4440 3796 4494 πλὲ

2264 4523 2353 4586 θος
2382 4524 2673 4596 ἐρχόμενον
2704 4524 2814 4577 τῶν
2848 4525 3221 4596 Σαμαρειτῶν·
3252 4528 3349 4597 τὴν
3371 4527 3427 4579 δὲ
3447 4527 3546 4598 τῆς
3578 4544 3794 4598 προαιρ

2268 4627 2403 4673 σεως
2421 4610 2573 4683 [197]
2596 4611 2776 4665 αὐτῶν
2802 4613 3143 4684 ἑτοιμότητα,
3162 4614 3259 4676 τὰς
3286 4611 3469 4683 χώρας
3495 4614 3598 4676 τάς
3619 4610 3793 4671 λευκά

2261 4697 2492 4767 νομένας
2546 4697 2729 4768 φησίν.
2773 4697 2983 4767 ’Ὠσπερ
3028 4698 3137 4769 γὰρ
3169 4700 3217 4751 οἰ
3263 4698 3535 4769 ἀστάχυες
3561 4701 3587 4741 Β
3621 4701 3791 4755 ἑπειδί

2258 4783 2618 4849 λευκανθῶσι,
2666 4784 2798 4855 7:96;
2849 4784 3054 4856 ἀμητόν
3106 4787 3242 4838 εἰσιν
3286 4786 3693 4854 ἕτοιμοι-οὕτω
3755 4804 3790 4841 κ

2256 4865 2401 4926 οῦτοι
2428 4872 2541 4938 νῦν,
2572 4875 2725 4942 φησί,
2758 4873 2894 4943 πρὸς
2913 4873 3188 4943 σωτηρίαν
3212 4873 3348 4926 εἰσὶν
3374 4891 3787 4945 παρεσκευασμ

2256 4978 2335 5014 νοι
2382 4962 2477 5014 καὶ
2523 4962 2825 5031 εὐτρεπεῖς.
2876 4963 2983 5015 Καὶ
3031 4963 3172 5015 διατί
3217 4963 3293 5034 μὴ
3327 4958 3448 5015 εἷπε
3488 4963 3708 5031 σαφῶς,
3766 4964 3786 5019 ἰ

2257 5050 2503 5121 ἔρχονται
2527 5050 2812 5105 πιστεῦσαι
2855 5053 2905 5104 οἱ
2954 5052 3250 5121 ἄνθρωποι,
3312 5053 3405 5105 καί
3455 5054 3675 5123 ἕτοιμοί
3737 5054 3784 5115 εί

2254 5139 2389 5210 πρὸς
2431 5138 2692 5211 ὑποδοχὴν
2736 5138 2832 5193 τοῦ
2862 5139 3054 5207 λόγου,
3096 5141 3494 5211 κατηχηθέντες
3528 5140 3634 5210 μὲν
3687 5144 3781 5215 παῤ

2250 5227 2359 5282 τῶν
2392 5229 2703 5299 προφητῶν,
2735 5228 2829 5281 καί
2868 5227 2959 5282 τὸν
2990 5229 3202 5299 καρπὸν
3233 5228 3415 5283 λοιπὸν
3458 5229 3780 5289 ἀποδιδόντι

2251 5311 2384 5364 ἀλλά
2411 5310 2595 5383 χώραν
2618 5312 2713 5365 καί
2734 5310 2992 5381 θερισμὸν
3021 5311 3281 5377 ἐκάλεσες
3304 5312 3356 5364 τί
3377 5311 3670 5380 βούλονται
3689 5313 3778 5365 αὖ*

2251 5387 2408 5448 αὗται
2429 5395 2486 5448 αἱ
2511 5395 2740 5465 τροπαί;
2786 5394 2866 5447 Οὐ
2910 5394 3019 5465 γάρ
3051 5394 3281 5449 ἐνταῦθα
3323 5395 3513 5465 μόνον,
3555 5394 3705 5448 ἀλλὰ
3745 5412 3776 5451 τι

2249 5484 2307 5535 ἐν
2339 5483 2496 5535 παντὶ
2523 5479 2601 5550 τῷ
2624 5481 2941 5551 Εὑαγγελίῳ
2968 5480 3127 5535 τοῦτο
3149 5484 3311 5534 ποιεῖ’
3342 5483 3437 5537 καί
3460 5483 3514 5535 οἰ
3545 5483 3774 5553 προφῆτ

2246 5569 2303 5622 δὲ
2331 5567 2408 5637 τῷ
2453 5568 2601 5638 αὐτῷ
2634 5567 2927 5639 κέχρηνται
2973 5568 3180 5640 τρόπῳ,
3228 5568 3617 5640 μεταφορικῶς
3665 5554 3773 5625 πολ

2246 5654 2512 5722 λέγοντες.
2569 5653 2634 5706 Τί
2679 5654 2865 5722 δήποτ’
2912 5650 3004 5709 οῦν
3050 5656 3111 5708 τὸ
3163 5656 3369 5723 αἴτιον;
3395 5656 3453 5708 οὐ
3486 5656 3605 5727 7&9
3644 5650 3771 5711 ἀπκ

2244 5743 2415 5799 ταῦτα
2463 5742 2554 5796 τοῦ
2600 5743 2913 5814 Πνεύματος
2961 5744 2994 5815 ή
3034 5744 3191 5814 χάρις
3242 5743 3667 5815 ἐνομοθέτησεν·
3703 5745 3769 5799 ἀ]

2324 5875 2343 5915 ί
2374 5876 2518 5926 Sam.
2553 5873 2701 5933 ζητεῖν
2730 5874 2783 5923 τὸ
2806 5874 3068 5936 λεγόμενον.
3138 5875 3163 5914 ε
3193 5873 3342 5923 Savil.
3392 5877 3626 5940 στάχυες.
