4070 6214
382 336 483 398 (εὖ

1402 332 1468 388 ΙΝ
1505 332 1817 390 ΙΟΑΝΝΕΜ
1859 331 2086 390 "Ob/UL.
2131 334 2365 390 XXXIV.
2407 337 2476 390 al.
2519 339 2754 395 XXXIII.

3539 355 3643 413 595

384 442 2987 474 W—A

1685 511 2031 574 HOMILIA
2075 509 2375 573 XXXIV.

354 618 468 690 αξξ.
503 618 729 684 Reliquit
752 633 873 688 ergo
903 616 1138 686 hydriam
1173 629 1316 669 suam
1350 614 1548 679 mulier,
1590 623 1637 668 et
1663 614 1783 668 abiit
1809 614 1859 666 in
1882 612 1958 664 ci-

412 688 673 770 Jvitatem,
703 714 752 759 et
775 705 905 760 dixit
934 704 1213 758 hominibus
1242 702 1368 757 :29.
1401 700 1593 770 Venite,
1622 703 1780 757 videte
1801 702 1962 755 hami-

452 813 584 860 netn,
617 795 706 864 qui
732 794 864 849 dixit
903 795 1031 848 mihi
1067 808 1389 864 quacumque
1408 794 1506 865 feci
1532 808 1553 847 :
1577 792 1821 862 numquid
1848 792 1961 860 ipse

453 895 525 940 est
553 885 783 939 Christus
800 885 827 937 ?

455 979 506 1031 1.
535 976 805 1030 Fmrem
831 974 1142 1028 audientium
1182 975 1365 1028 excitat
1421 972 1805 1044 Chrysostomus
1846 987 1958 1025 cum

392 1068 552 1122 rerbis
576 1066 796 1128 Christi,
824 1074 928 1118 tum
955 1064 1182 1135 exemplo
1204 1065 1427 1118 mulieris
1456 1063 1795 1118 Samaritana:
1817 1063 1960 1131 cujus

397 1156 547 1210 etiam
571 1155 902 1208 humilitatem
922 1153 1117 1208 laudat.
1139 1153 1370 1208 Christus
1392 1170 1541 1223 quam
1568 1152 1632 1207 de
1663 1152 1828 1207 salute
1862 1151 1958 1206 ho-

387 1246 574 1299 minum
591 1244 859 1310 sollicitus,
877 1259 1028 1314 quam
1052 1243 1107 1296 in
1130 1243 1431 1296 inculcanda
1454 1242 1683 1296 doctrina
1705 1241 1961 1310 prudens!

387 1335 630 1389 -ι-Μιιιιο
664 1349 765 1388 nos
794 1331 1007 1388 fervore
1031 1340 1263 1402 oportet,
1295 1333 1463 1387 multo
1509 1330 1725 1387 excitari
1752 1329 1955 1394 studio;

358 1466 363 1470 .
386 1425 616 1495 alioquin
636 1424 897 1494 promissa
916 1422 1053 1478 bona
1074 1423 1325 1491 consequi
1353 1437 1456 1477 non
1478 1422 1789 1492 poterimus.
1807 1419 1959 1488 Quod

391 1515 695 1585 signiﬁcans
741 1514 984 1570 Christus
1029 1513 1189 1568 modo
1232 1512 1444 1582 quidem
1488 1514 1562 1567 ait
1591 1533 1605 1569 :
1633 1512 1694 1567 Si
1722 1514 1831 1581 quis
1856 1527 1958 1565 non

388 1607 570 1673 accipit
598 1619 793 1658 crucem
816 1620 984 1670 suam,
1010 1611 1060 1656 et
1094 1601 1318 1672 sequitur
1341 1618 1438 1666 me,
1465 1618 1568 1658 non
1584 1612 1657 1657 est
1678 1619 1756 1656 me
1777 1602 1958 1670 dignus

392 1695 619 1767 (Matth.
656 1695 733 1750 10.
764 1692 866 1766 58)
890 1710 906 1759 ;
927 1693 1084 1748 modo
1113 1702 1321 1759 autem,
1347 1692 1528 1764 Ignem
1555 1692 1666 1746 ueni
1685 1692 1877 1744 mittere
1903 1691 1957 1744 in

389 1795 602 1851 terram,
634 1794 680 1838 et
702 1784 821 1854 quid
847 1783 957 1838 volo
975 1784 1076 1837 nisi
1092 1794 1144 1837 ut
1163 1784 1465 1837 accendatur
1499 1781 1663 1853 (Luc.
1696 1780 1783 1836 12.
1811 1780 1955 1852 49)?

391 1875 627 1944 Utroque
667 1875 830 1940 dicto,
875 1873 1170 1929 ferventem
1219 1874 1598 1943 incensumque
1636 1871 1953 1941 discipulum

390 1969 561 2032 nobis,
584 1978 634 2023 el
658 1967 724 2021 ad
750 1966 928 2021 omnia
956 1965 1227 2021 subeunda
1258 1965 1487 2036 pericula
1529 1973 1766 2034 paratum
1793 1964 1957 2033 signi-

392 2060 530 2113 ficat.
588 2058 732 2112 Talis
785 2064 902 2111 erat
951 2066 1005 2111 et
1051 2056 1167 2111 lucc
1214 2055 1444 2110 mulier:
1476 2055 1546 2109 ita
1589 2055 1731 2109 enim
1777 2053 1956 2107 verbis

390 2149 583 2206 Christi
614 2149 826 2202 incensa
856 2156 966 2213 est,
995 2154 1052 2200 ut
1077 2146 1261 2201 relicta
1318 2145 1505 2217 hydria
1533 2153 1588 2199 et
1615 2158 1772 2213 aqua,
1803 2142 1956 2210 cujus

390 2240 552 2310 gratia
583 2253 648 2293 eo
664 2245 1016 2300 concesserat,
1047 2244 1102 2292 et
1132 2237 1184 2291 in
1211 2237 1391 2291 urbem
1415 2249 1718 2298 accurrens,
1744 2234 1956 2287 univer-

391 2347 510 2385 sum
542 2330 791 2400 populum
817 2329 882 2383 ad
919 2329 1099 2384 Jesum
1136 2328 1392 2383 traheret.
1444 2326 1637 2393 Venite,
1694 2326 1878 2394 inquit,
1911 2332 1957 2378 et

388 2423 553 2485 ridete
575 2423 844 2487 hominem,
871 2423 955 2491 qui
983 2421 1111 2495 dia-it
1147 2420 1271 2473 ntihi
1297 2420 1464 2473 omnia
1491 2433 1813 2489 quaecumque
1833 2417 1952 2489 feci.

394 2511 526 2568 Vide
555 2512 807 2574 studium,
837 2512 955 2566 vide
988 2510 1343 2581 prudentiam.
1390 2509 1623 2563 Venerat
1668 2517 1727 2562 ut
1765 2523 1954 2577 aquam

392 2602 648 2665 hauriret,
681 2612 881 2657 etcum
924 2616 1111 2655 verum
1142 2601 1337 2655 fontem
1392 2601 1702 2666 invenisset,
1755 2598 1955 2653 fontem

350 2694 489 2748 “sub
513 2707 731 2748 sensum
759 2693 1036 2747 cadentem
1083 2692 1347 2761 despexit,
1380 2700 1439 2745 ut
1465 2705 1563 2744 nos
1588 2689 1823 2754 doceret,
1854 2687 1955 2743 etsi

393 2785 579 2853 exiguo
604 2783 868 2852 exemplo,
907 2781 1167 2852 spirituali
1195 2782 1449 2837 doctrina:
1478 2780 1709 2836 intentos
1729 2778 1956 2834 saecula—

394 2877 469 2930 ria
490 2886 836 2931 contemnere
864 2887 1133 2944 oportere,
1165 2875 1465 2944 nullamque
1490 2883 1745 2943 quantum
1772 2871 1824 2925 in
1856 2885 1956 2924 uo-

394 2967 473 3021 bis
498 2976 598 3030 est.
633 2966 847 3021 illorum
873 2967 1129 3020 rationem
1175 2966 1390 3020 habere.
1422 2965 1575 3032 Quod
1630 2972 1686 3018 et
1730 2963 1956 3032 apostoli

396 3059 653 3124 fecerunt,
698 3061 809 3128 ipsa
836 3073 1065 3128 quoque,
1089 3059 1196 3113 imo
1230 3058 1522 3113 ferventius
1566 3055 1827 3125 praestitit.
1880 3053 1959 3108 Illi

396 3165 617 3218 namque
668 3150 858 3214 vocati,
905 3152 1037 3204 retia
1085 3149 1436 3214 dimiserunt;
1481 3148 1595 3202 Inec
1621 3162 1746 3201 vero
1771 3153 1962 3214 sponte

397 3255 511 3307 Sua,
541 3242 683 3295 nullo
711 3240 1070 3309 prmcipieute,
1100 3239 1349 3309 relinquit
1378 3237 1619 3309 hydriam
1656 3244 1711 3291 et
1734 3250 1962 3305 evange-

400 3332 635 3385 ii~tarum
681 3332 854 3386 officio
900 3331 1150 3402 fungitur,
1197 3331 1389 3400 gaudio
1419 3329 1518 3398 ipsi
1544 3328 1655 3381 alas
1700 3326 1959 3393 addente;

398 3438 563 3491 neque
608 3438 768 3475 unum
811 3431 902 3475 aut
942 3423 1191 3486 alterum,
1225 3429 1283 3474 ut
1315 3418 1556 3473 Andreas
1576 3427 1630 3473 et
1655 3417 1960 3486 Philippus,

398 3513 487 3566 Sed
511 3514 808 3567 universam
831 3520 1128 3567 commovet
1153 3513 1443 3576 civitatem,
1476 3519 1526 3565 et
1565 3516 1765 3563 tantum
1798 3522 1965 3577 popu-

401 3604 502 3655 lum
531 3601 888 3655 adChristum
913 3602 1144 3655 adducit.
1189 3601 1257 3655 Et
1295 3600 1415 3654 vide
1462 3615 1620 3669 quam
1673 3597 1964 3668 prudenter

402 3694 659 3762 loquatur.
689 3692 802 3745 Non
844 3692 992 3756 dixit,
1048 3691 1253 3757 Venite,
1304 3690 1480 3745 videte
1519 3690 1817 3753 Christum;
1868 3686 1964 3742 sed

401 3799 515 3838 cum
564 3782 746 3838 eadem
790 3784 1235 3852 attemperatione
1280 3797 1384 3851 qua
1415 3781 1654 3836 Christus
1683 3782 1850 3850 ipsam
1876 3792 1967 3833 ce-

403 3884 565 3943 perat,
599 3875 714 3927 illus
731 3874 913 3928 allicit.
956 3872 1145 3941 Venite,
1177 3874 1368 3942 inquit,
1391 3873 1551 3927 videte
1579 3872 1851 3934 hominem,
1879 3869 1966 3939 qui

403 3964 521 4016 dixit
551 3964 671 4016 mihi
694 3964 861 4017 omnia
884 3979 1202 4033 quwcnntque
1228 3963 1343 4033 feci.
1370 3961 1475 4017 Nec
1502 3962 1689 4032 puduit
1712 3962 1854 4015 illam
1885 3960 1966 4014 di-

403 4067 540 4119 cere,
574 4055 709 4108 Dixit
740 4054 861 4107 mihi
895 4055 1063 4108 omnia
1099 4068 1420 4125 quacumque
1472 4056 1604 4123 fect;
1643 4053 1743 4107 etsi
1788 4052 1967 4107 dicere

407 4146 686 4214 potuisset,
737 4144 962 4211 Venite,
1012 4144 1186 4199 videte
1232 4146 1540 4215 prophetam
1574 4159 1797 4198 :verum
1843 4158 1965 4196 cum

404 4239 574 4293 anima
597 4239 776 4292 divino
806 4237 927 4309 igne
971 4250 1227 4294 succensa
1257 4246 1359 4303 est,
1383 4236 1512 4291 nihil
1534 4237 1670 4290 ultra
1698 4243 1967 4291 terrenum

405 4331 635 4399 respicit,
673 4344 779 4383 non
822 4328 1038 4393 famam,
1086 4342 1194 4383 non
1249 4326 1557 4392 infamiam;
1603 4325 1696 4381 sed
1742 4324 1970 4379 flamma:

408 4429 601 4474 tantum
630 4420 819 4475 ardore
862 4429 1125 4474 movetur.
1160 4416 1422 4487 Numquid
1448 4416 1556 4485 ipse
1592 4424 1664 4470 est
1704 4414 1972 4469 Christus?

407 4511 775 4565 Animadverte
820 4510 1009 4564 iterum
1052 4523 1297 4579 magnam
1346 4506 1582 4560 mulieris
1632 4504 1967 4573 sapientiam.

406 4601 581 4672 Neque
610 4602 817 4671 penitus
835 4600 1086 4667 afﬁrmat,
1119 4613 1293 4668 neque
1339 4597 1546 4652 reticet.
1577 4594 1801 4649 Volebat
1828 4594 1969 4649 enim

408 4709 510 4746 non
533 4708 598 4747 ex
623 4692 871 4762 opinione
896 4705 990 4745 sua
1020 4691 1137 4745 illos
1167 4689 1455 4753 inducere;
1487 4686 1582 4742 sed
1619 4686 1710 4740 illo
1747 4685 1930 4740 audito
1952 4726 1968 4752 ,

408 4782 547 4849 ipsos
571 4795 680 4835 sua:
708 4782 984 4835 sententia:
1007 4789 1281 4834 consortes
1307 4779 1528 4840 habere,
1559 4775 1696 4830 unde
1726 4789 1811 4829 res
1854 4789 1971 4827 ma-

405 4872 483 4938 gis
512 4870 796 4941 probabilis
818 4885 1037 4924 evasura
1064 4878 1203 4923 erat.
1260 4868 1421 4938 Atqui
1463 4882 1568 4922 non
1601 4875 1764 4920 totam
1813 4864 1973 4917 vitam

408 4974 552 5013 suam
582 4960 681 5029 ipsi
711 4957 951 5013 Christus
979 4957 1375 5020 declaraverat;
1424 4956 1517 5010 sed
1545 4970 1611 5010 ex
1635 4954 1792 5007 dictis
1811 4960 1971 5006 cane-

409 5062 585 5102 rorum
607 5062 819 5118 quoque
861 5047 1102 5102 notitiam
1133 5045 1304 5115 ipsum
1353 5044 1551 5100 habere
1596 5043 1840 5099 credidit.
1869 5040 1975 5095 Nec

410 5138 557 5206 dixit,
582 5138 791 5201 Venite,
814 5137 1046 5202 credite;
1072 5136 1188 5199 sed,
1227 5134 1421 5199 Venite,
1450 5134 1630 5197 videte,
1681 5132 1821 5201 quod
1848 5146 1976 5186 sane

411 5227 575 5281 levius
604 5236 741 5291 erat,
798 5235 853 5279 et
898 5225 1063 5295 magis
1094 5225 1240 5293 ipsos
1264 5224 1482 5277 allicere
1523 5230 1748 5290 poterat.
1792 5219 1976 5273 Vidisti

410 5318 646 5372 mulieris
670 5316 1028 5386 sapientiam?
1068 5314 1284 5371 Sciebat
1310 5315 1452 5368 enim
1482 5325 1536 5366 et
1562 5313 1719 5380 plane
1758 5310 1976 5376 sciebat,

411 5407 500 5462 illo
539 5410 820 5478 degustato
862 5405 1028 5472 fonte,
1072 5405 1301 5472 idipsum
1356 5404 1464 5457 illis
1507 5410 1819 5455 eventurum
1862 5415 1980 5457 esse

412 5500 548 5567 quod
602 5499 704 5552 sibi
755 5505 1022 5551 evenerat.
1069 5496 1230 5565 Atqui
1274 5495 1412 5548 alius
1457 5490 1739 5546 crassioris
1765 5489 1979 5558 ingenii,

413 5588 839 5642 criminationem
886 5587 986 5640 sibi
1040 5586 1231 5641 factam
1287 5582 1569 5639 obscurius
1618 5579 1869 5643 dixisset;
1898 5581 1982 5638 illa

414 5693 543 5732 vero
565 5682 729 5731 vitam
759 5690 906 5729 suam
932 5676 1165 5730 declarat
1191 5684 1246 5728 et
1279 5676 1332 5727 in
1364 5672 1596 5726 medium
1621 5670 1829 5723 adducit
1857 5708 1873 5733 ,
1929 5681 1988 5727 ut

417 5783 602 5823 euntes
642 5765 932 5820 attraherct
988 5772 1324 5833 cuperetque.
1375 5762 1462 5815 3|.
1507 5758 1706 5812 Interea
1750 5759 1988 5827 rogabant

2062 626 2174 664 eum
2193 611 2433 682 discipuli
2487 616 2615 680 eius,
2666 616 2889 672 dicentes
2922 621 3143 691 :Rabbi,
3173 626 3443 681 manduca.
3473 628 3633 692 Illud.

2060 700 2349 771 Rogabartt,
2402 704 2653 761 idiomate
2692 724 2792 763 suo
2829 710 2914 765 hic
2941 710 3222 782 signiﬁcat,
3256 716 3634 777 Hortabantur.

2063 793 2317 851 Videutes
2358 797 2501 852 enim
2531 814 2651 852 eum
2681 815 2747 855 ex
2773 801 2963 858 itinere
3000 814 3055 859 et
3097 815 3227 859 aestu
3254 806 3591 879 defatigatum
3617 853 3632 877 ,

2062 884 2407 940 hortabantur
2434 903 2577 942 eum.
2617 889 2732 944 Non
2787 894 2928 947 enim
2959 909 3022 949 ex
3052 897 3340 964 petulantia
3365 938 3380 961 ,
3431 900 3525 955 sed
3565 917 3630 956 ex

2060 987 2243 1028 amore
2269 975 2503 1032 doctoris
2528 979 2593 1032 ad
2620 981 2797 1035 cibum
2822 985 3135 1039 sumendum
3174 988 3462 1055 pellebant.
3494 991 3628 1057 Quid

2061 1077 2189 1134 ergo
2211 1064 2494 1121 Christus?
2522 1069 2610 1125 32.
2643 1070 2750 1142 Ego
2774 1072 2936 1127 cibum
2961 1076 3115 1131 habeo
3136 1081 3459 1148 manducare,
3484 1099 3631 1154 quem

2061 1169 2146 1208 eos
2165 1157 2361 1210 nescitis
2389 1173 2408 1211 :
2427 1159 2515 1212 53.
2558 1159 2803 1218 Dicebant
2828 1180 2948 1233 ergo
2987 1166 3055 1220 ad
3092 1168 3300 1223 invicem
3326 1184 3347 1224 :
3370 1169 3630 1242 Numquid

2061 1242 2243 1314 aliquis
2262 1247 2429 1300 attulit
2454 1248 2500 1302 ei
2518 1250 2820 1306 manducare
2840 1253 2866 1307 ?
2885 1255 3019 1321 Quid
3045 1272 3171 1326 ergo
3200 1260 3409 1314 miraris
3436 1261 3483 1315 si
3511 1279 3629 1316 mue

2062 1330 2162 1386 lier
2211 1347 2402 1401 aquam
2428 1337 2673 1405 audiens,
2709 1355 2831 1395 vere
2856 1358 3047 1413 aquam
3095 1360 3215 1401 esse
3240 1347 3626 1417 arbitrabatur,

2062 1425 2272 1494 quando
2311 1427 2554 1497 discipuli
2608 1431 2721 1497 pari
2761 1442 2888 1487 sunt
2950 1440 3115 1495 modo
3170 1436 3365 1501 aﬂ'ecti,
3394 1440 3631 1510 nihilque

2061 1516 2339 1585 spirituale
2361 1517 2697 1588 intelligunt;
2742 1522 2836 1578 sed
2867 1522 3127 1589 dubitant,
3150 1525 3273 1580 dum
3300 1528 3507 1584 doctori
3541 1548 3628 1586 re-

2063 1608 2353 1661 verentiam
2375 1618 2429 1664 et
2460 1609 2717 1665 honorem
2742 1627 2841 1681 pro
2867 1628 3018 1669 more
3049 1616 3327 1682 exhibent,
3360 1633 3422 1673 ac
3448 1629 3630 1676 mutue

2006 1747 2010 1751 .
2062 1695 2460 1765 colloquuntur,
2486 1714 2584 1755 nec
2604 1701 2798 1756 audent
2814 1703 2884 1757 ab
2904 1703 2994 1756 illo
3019 1704 3316 1760 sciscitari?
3338 1707 3447 1762 lloc
3473 1710 3631 1764 etiam

2061 1784 2186 1837 alibi
2213 1786 2428 1851 faciunt,
2484 1788 2609 1843 dum
2650 1791 2980 1860 interrogare
3021 1794 3312 1863 cupientes,
3366 1796 3635 1855 abstinent

2062 1883 2257 1930 tamen.
2288 1876 2424 1945 Quid
2447 1894 2574 1949 ergo
2594 1880 2873 1936 Christus?
2903 1884 2993 1938 34.
3026 1883 3171 1939 Meus
3191 1886 3330 1941 cibus
3346 1896 3440 1955 est,
3470 1900 3524 1943 ut
3553 1895 3635 1962 fa-
3680 1912 3683 1913 ν

2059 1966 2190 2021 ciam
2229 1968 2530 2024 voluntatem
2570 1972 2678 2041 ejus
2700 1973 2789 2041 qui
2813 1974 2948 2026 misit
2991 1990 3070 2027 me
3092 2016 3106 2039 ,
3139 1985 3186 2029 et
3210 1979 3468 2047 perﬁciam
3507 1997 3634 2051 opus

2060 2056 2188 2128 ejus.
2222 2058 2502 2114 Hominum
2551 2063 2773 2117 salutem
2803 2063 2891 2118 hic
2915 2064 3091 2118 cibum
3124 2075 3296 2133 vocat,
3349 2070 3634 2126 Ostendens

2060 2161 2181 2200 cum
2199 2159 2396 2218 quanta
2417 2164 2544 2205 cura
2571 2153 2724 2206 nobis
2749 2153 3037 2222 provideat.
3063 2155 3129 2212 Ut
3149 2158 3288 2210 enim
3311 2173 3407 2213 nos
3432 2160 3629 2228 cibum,

2062 2238 2132 2293 ita
2161 2240 2247 2294 ille
2271 2249 2508 2297 nostram
2530 2244 2755 2299 salutem
2784 2246 3069 2302 desiderat.
3099 2249 3235 2303 Audi
3256 2266 3383 2305 vero
3414 2269 3520 2322 quo
3538 2270 3633 2323 pa-

2060 2336 2147 2382 cto
2178 2345 2283 2383 non
2311 2331 2507 2401 ubique
2526 2333 2701 2387 omnia
2728 2335 2835 2390 cito
2865 2337 3081 2404 revelet,
3113 2339 3205 2393 sed
3233 2341 3406 2409 primo
3426 2344 3636 2397 audito.

2061 2432 2173 2472 rem
2203 2420 2254 2472 in
2289 2421 2667 2480 dubitationem
2696 2424 2967 2496 conjiciat,
2992 2438 3048 2482 ut
3082 2439 3363 2500 postquam
3388 2448 3633 2502 quierere

2061 2508 2257 2578 incepit
2300 2512 2423 2580 quid
2453 2514 2519 2567 sit
2548 2512 2678 2571 illud
2725 2516 2867 2585 quod
2916 2518 3129 2585 dicitur,
3179 2534 3303 2575 cum
3341 2521 3631 2577 dubitando

2060 2597 2284 2665 laborat,
2316 2601 2568 2658 libentius
2597 2604 2648 2660 id
2675 2605 2816 2675 quod
2858 2608 3131 2676 quaarehat
3159 2611 3460 2677 expositum
3488 2613 3632 2668 acci-

2059 2692 2190 2758 piat,
2218 2698 2273 2744 et
2299 2690 2365 2746 ad
2393 2692 2712 2751 audiendum
2737 2697 2903 2767 magis
2922 2698 3205 2753 excitetur.
3235 2699 3339 2753 Cur
3366 2716 3493 2771 ergo
3522 2717 3628 2757 non

2060 2780 2236 2833 statim
2265 2781 2418 2849 dixit,
2440 2782 2584 2839 Meus
2600 2785 2738 2841 cibus
2761 2797 2833 2841 est
2852 2797 2905 2841 ut
2927 2790 3111 2861 faciam
3138 2792 3436 2846 uoluntatem
3460 2791 3635 2850 Patris

2061 2872 2203 2927 mei:
2230 2876 2369 2944 quod
2416 2878 2518 2931 etsi
2548 2892 2655 2932 non
2699 2880 2917 2933 omnino
2956 2880 3179 2944 clarum.
3220 2893 3395 2938 tamen
3440 2884 3635 2942 clarius

2063 2963 2155 3017 illo
2185 2976 2317 3031 erat,
2345 2968 2484 3036 quod
2502 2969 2611 3037 jam
2639 2968 2879 3036 dixerat;
2907 2973 3000 3026 sed
3029 2973 3196 3041 quid?
3220 2972 3328 3045 Ego
3351 2976 3515 3028 cibum
3537 2977 3634 3030 ha-

2063 3052 2154 3107 beo
2180 3056 2501 3122 manducare,
2545 3074 2688 3127 quem
2721 3076 2807 3113 vos
2852 3062 3069 3115 nescitis.
3117 3061 3299 3117 Primo
3347 3064 3522 3133 igitur,
3581 3075 3638 3121 ιιι

2065 3144 2195 3209 dixi,
2224 3161 2290 3199 ex
2330 3146 2658 3202 dubitatione
2702 3150 3022 3207 attentiores
3067 3150 3192 3206 illos
3241 3152 3436 3216 reddit,
3479 3163 3639 3224 atque

2065 3235 2370 3301 assuefacit,
2400 3239 2640 3311 utetiam
2687 3241 3102 3309 per'mnigmata,
3134 3240 3272 3295 dicta
3317 3243 3635 3312 intelligant.

2065 3325 2201 3394 Quid
2253 3335 2429 3381 autem
2485 3329 2555 3382 sit
2599 3329 2842 3383 voluntas
2878 3329 3066 3395 Patris,
3096 3331 3346 3401 deinceps
3388 3334 3635 3402 explicat.

2067 3416 2155 3472 55.
2213 3415 2400 3471 Nonne
2434 3433 2519 3471 ros
2566 3418 2730 3473 dicitis
2754 3459 2768 3483 ,
2814 3418 2950 3484 quod
2992 3419 3162 3474 adhuc
3207 3432 3423 3490 quatuor
3446 3438 3638 3479 menses

2067 3517 2213 3572 sunt,
2263 3518 2310 3561 et
2341 3507 2514 3562 messis
2549 3509 2723 3563 venit?
2770 3506 2902 3564 Ecce
2947 3509 3059 3563 dico
3098 3511 3262 3577 vobis,
3312 3509 3495 3565 Leonte
3518 3527 3639 3566 ocu-

2067 3599 2143 3653 los
2167 3609 2350 3654 vestros
2370 3641 2386 3665 ,
2419 3610 2466 3653 et
2511 3599 2670 3656 videte
2703 3602 2951 3673 regiones,
2987 3602 3104 3674 quia
3132 3602 3261 3657 aibat
3291 3612 3409 3658 sunt
3433 3605 3541 3674 jam
3567 3606 3637 3658 ad

2068 3706 2294 3744 messem.

2138 3779 2192 3834 2.
2213 3781 2288 3834 Eu
2315 3795 2522 3835 rursum
2544 3781 2884 3837 familiaribus
2902 3782 3080 3837 verbis
3100 3783 3219 3839 illos
3239 3782 3304 3838 ad
3326 3784 3627 3839 sublimium

2069 3885 2245 3925 rerum
2272 3872 2766 3941 contemplationem
2789 3873 2959 3943 erigit.
2988 3872 3118 3928 Nam
3142 3890 3262 3929 cum
3289 3875 3461 3930 Cibum
3480 3876 3639 3942 dixit,

2071 3961 2199 4015 nihil
2220 3962 2359 4015 aliud
2386 3977 2543 4031 quam
2571 3964 2796 4016 futuram
2825 3963 3095 4016 hominum
3135 3964 3361 4019 salutem
3401 3965 3637 4021 declara-

2070 4052 2181 4115 vit;
2226 4067 2352 4121 ager
2392 4066 2601 4105 rursum
2640 4061 2694 4104 et
2731 4052 2921 4105 messis
2961 4052 3061 4105 hoc
3102 4053 3275 4121 ipsum
3317 4053 3633 4121 signiﬁcant,

2071 4145 2365 4199 animarum
2394 4158 2583 4212 nempe
2610 4142 3000 4197 multitudinem
3026 4141 3089 4195 ad
3115 4119 3466 4212 praedicantes
3486 4119 3638 4199 eici-

2073 4232 2295 4302 piendos
2319 4242 2576 4302 paratam.
2602 4230 2795 4286 Oculos
2817 4238 2991 4284 autem
3028 4231 3112 4285 hic
3133 4231 3259 4286 dicit
3279 4242 3332 4286 et
3354 4232 3546 4286 mentis
3584 4244 3639 4288 ct

2074 4323 2313 4392 corporis
2344 4341 2358 4377 :
2387 4336 2509 4376 nam
2535 4321 2783 4375 videbant
2815 4318 3267 4375 Samaritanorum
3311 4321 3518 4376 turbam
3546 4336 3638 4377 ve-

2076 4416 2309 4470 nientem
2340 4431 2354 4468 :
2380 4413 2589 4467 illorum
2630 4426 2756 4467 vero
2793 4419 3088 4480 promptam
3116 4410 3434 4466 voluntatem
3462 4411 3640 4483 regio-

2078 4521 2174 4562 nes
2196 4506 2345 4561 albas
2372 4504 2622 4575 appellat.
2654 4500 3108 4571 Quemadmodum
3139 4502 3279 4556 enim
3308 4503 3489 4572 spicm,
3516 4517 3637 4558 cum

2076 4597 2211 4652 alba:
2240 4606 2392 4662 sunt,
2418 4595 2525 4665 jam
2563 4595 2629 4650 ad
2680 4610 2905 4650 messem
2944 4603 3067 4649 sunt
3101 4602 3298 4663 parata:
3327 4610 3340 4647 :
3370 4594 3448 4648 sic
3475 4601 3528 4647 et
3557 4594 3641 4648 isti

2077 4687 2142 4742 ad
2170 4686 2389 4742 salutem
2424 4687 2533 4757 jam
2578 4695 2701 4741 sunt
2743 4686 2906 4755 parati
2947 4693 3001 4740 et
3049 4683 3244 4738 idonei.
3289 4681 3357 4737 Et
3395 4697 3507 4736 cur
3537 4697 3640 4737 non

2076 4779 2220 4833 clare
2245 4776 2397 4845 dixit,
2446 4777 2565 4833 illos
2600 4776 2665 4830 ad
2697 4775 3017 4832 credendum
3052 4771 3326 4836 accedere,
3354 4782 3405 4828 et
3435 4780 3642 4842 paratos

2078 4870 2143 4924 ad
2173 4869 2392 4925 verbum
2420 4867 2813 4939 suscipiendum
2836 4881 2976 4930 esse,
3003 4880 3032 4918 a
3058 4864 3325 4935 prophetis
3349 4864 3457 4933 jam
3489 4864 3644 4917 insti-

2081 4972 2240 5025 tutos,
2263 4971 2317 5015 et
2343 4959 2568 5015 fructum
2616 4958 2953 5022 reddituros;
3002 4956 3096 5010 sed
3134 4957 3402 5027 regionem
3424 4966 3478 5011 et
3503 4969 3644 5009 mes-

2080 5067 2195 5107 sem
2238 5053 2383 5120 ipsos
2422 5049 2742 5120 appellavit?
2790 5049 2912 5118 quid
2956 5047 3057 5102 sibi
3097 5049 3279 5104 volunt
3313 5048 3398 5103 ha:
3425 5045 3648 5115 ﬁgurati

2080 5141 2263 5209 Neque
2288 5142 2429 5194 enim
2467 5142 2551 5194 hic
2594 5146 2818 5203 tantum,
2863 5136 2957 5191 scd
2982 5136 3139 5190 etiam
3164 5151 3259 5205 per
3282 5144 3450 5191 totum
3484 5148 3652 5188 evan~
3701 5153 3705 5157 ν

2082 5231 2275 5302 gelium
2303 5228 2354 5283 id
2383 5232 2490 5298 agit
2516 5246 2529 5280 :
2559 5235 2613 5280 et
2646 5225 2916 5294 prOpheta:
2940 5238 3151 5293 quoque
3178 5239 3245 5280 eo
3276 5225 3395 5292 ipso
3432 5230 3649 5275 utuntur

2082 5332 2270 5382 more,
2311 5328 2364 5372 et
2407 5315 2763 5383 metaphorice
2804 5315 2966 5368 multa
3015 5313 3213 5369 dicunt.
3245 5312 3486 5380 Quanam
3525 5326 3651 5381 ergo

2084 5410 2152 5464 de
2181 5419 2338 5459 causa
2359 5403 2384 5456 ‘i
2408 5403 2590 5472 Neque
2616 5402 2755 5454 enim
2789 5413 2990 5457 temere
3017 5402 3246 5469 Spiritus
3279 5402 3447 5473 gratia
3473 5401 3552 5453 sic
3577 5403 3654 5451 iu-

2087 5493 2280 5550 stituit.
2318 5489 2423 5543 Sed
2451 5504 2546 5541 cur
2574 5487 2828 5541 tandem?
2873 5488 3086 5542 Duabus
3124 5490 3191 5544 de
3217 5491 3393 5545 causis
3420 5506 3433 5541 :
3463 5485 3656 5552 primo.

2090 5594 2146 5638 ut
2175 5579 2346 5644 major
2371 5578 2632 5630 dictorum
2674 5577 2942 5645 emphasis
2966 5584 3129 5639 esset,
3150 5588 3204 5632 et
3221 5595 3283 5635 ea
3301 5582 3353 5633 in
3369 5582 3659 5639 conspecm

2092 5673 2434 5743 ponerentur.
2479 5665 2625 5719 Mens
2666 5667 2805 5720 enim
2853 5665 3134 5735 imaginem
3172 5668 3330 5720 rebus
3368 5671 3662 5715 consonam

2093 5765 2401 5825 assequuta,
2434 5756 2601 5827 magis
2625 5754 2904 5824 excitatur,
2933 5770 2998 5810 ac
3027 5768 3115 5809 res
3138 5757 3287 5825 quasi
3321 5751 3566 5822 depictas
3589 5746 3667 5800 vi-
