3984 6196
612 295 711 356 Ι9ἓὶ

595 430 748 492 deus,
781 425 848 481 ab
875 424 980 491 illls
1020 424 1188 494 magis
1215 422 1488 492 abripitur.
1523 423 1645 478 Haec
1675 423 1825 493 prior
1849 433 1933 479 est
1959 437 2160 482 causa:

593 514 850 581 secundo,
893 523 950 568 ut
974 512 1206 567 narratio
1233 511 1302 566 sit
1329 511 1563 580 suavior,
1591 521 1646 567 et
1673 511 1934 567 dictorum
1965 527 2166 568 memo-

595 610 670 658 ria
701 604 867 674 magis
892 609 1216 671 perseveret.
1245 601 1427 670 Neque
1456 601 1598 656 enim
1628 601 1697 654 ita
1739 601 1998 656 sententia
2021 603 2165 657 acci-

597 694 756 761 pitur,
788 707 962 762 neque
991 692 1061 745 ita
1090 691 1276 745 suadet
1301 690 1629 745 auditoribus
1655 690 1860 758 multis,
1889 701 1947 745 ut
1976 706 2164 746 narra-

595 786 668 837 tio
716 798 809 852 per
846 798 932 838 res
971 783 1136 851 ipsas,
1181 796 1404 852 quarum
1440 781 1861 849 experimentum
1891 781 2164 836 habemus.

595 869 745 936 Quod
776 871 829 925 in
860 871 1109 940 parabola
1135 869 1525 940 sapientissime
1553 877 1834 926 tractatum
1858 870 2040 924 videre
2062 880 2163 924 est.

593 961 680 1016 36.
715 960 778 1015 Et
806 961 894 1031 qui
921 962 1074 1026 metit,
1121 959 1393 1012 mercedem
1427 959 1628 1028 accipit,
1660 966 1706 1010 et
1733 960 1951 1028 fructum
1977 959 2167 1028 colligit

591 1057 645 1109 iu
672 1055 822 1108 vitam
849 1062 1108 1107 (sternam.
1135 1051 1265 1106 Nam
1298 1059 1523 1105 terrente
1551 1049 1706 1118 hujus
1727 1050 1919 1105 messis
1941 1049 2164 1112 fructus,

595 1158 700 1196 non
726 1142 792 1196 ad
813 1153 1090 1206 aeternam,
1120 1139 1214 1194 sed
1240 1139 1312 1194 ad.
1349 1149 1744 1208 tetnporaneam
1793 1138 1952 1192 vitam
1973 1139 2122 1207 juvat
2148 1155 2164 1205 ;

594 1231 881 1301 spiritualis
905 1245 1034 1284 vero
1060 1228 1250 1284 messis
1273 1227 1496 1292 fructus,
1517 1227 1584 1281 ad
1606 1227 1957 1282 immortalem
1980 1228 2162 1282 vitam.

596 1319 780 1374 Viden‘
800 1316 1066 1385 quomodo
1094 1317 1254 1371 verba
1279 1315 1492 1384 quidem
1521 1315 1794 1370 scnsibilia
1825 1315 1952 1380 sint,
1981 1329 2167 1370 sensus

593 1423 722 1464 vero
750 1407 1072 1477 spirituales,
1117 1415 1278 1474 atque
1316 1406 1434 1475 ipsa
1460 1407 1618 1461 verba
1659 1421 1689 1460 a
1727 1406 2029 1462 caelestibus
2057 1415 2166 1462 ter-

593 1515 721 1554 rena
747 1498 1113 1567 distinguant?
1140 1496 1292 1564 Quod
1315 1497 1456 1551 enim
1479 1496 1547 1551 de
1567 1511 1700 1566 aqua
1719 1497 1869 1560 dixit,
1890 1507 2164 1566 postquam

594 1591 709 1658 ejus
735 1588 1112 1658 proprietatem
1145 1586 1490 1652 indicaverat,
1536 1586 1634 1652 Qui
1669 1587 1784 1640 bibit
1810 1603 1872 1640 ea:
1896 1589 1990 1641 hac
2013 1603 2162 1656 aqua,

594 1698 693 1736 non
719 1681 883 1743 sitiet;
925 1679 976 1732 id
1018 1678 1187 1748 ipsum
1220 1678 1307 1733 hic
1334 1678 1478 1743 facit,
1509 1693 1628 1733 cum
1655 1679 1728 1732 ait
1763 1678 1908 1733 hunc
1937 1677 2164 1733 fructum

592 1769 769 1840 colligi
798 1770 852 1823 in
891 1768 1053 1822 vitam
1081 1777 1332 1822 aeternam
1363 1787 1376 1821 :
1421 1777 1478 1822 ut
1517 1777 1572 1824 et
1612 1769 1699 1837 qui
1740 1767 1966 1822 seminat
1993 1777 2047 1823 et
2073 1768 2163 1838 qui

596 1861 747 1915 metit
775 1859 930 1914 simul
957 1858 1241 1928 gaudeant.
1268 1859 1396 1926 Quis
1431 1867 1514 1913 est
1548 1860 1636 1928 qui
1665 1859 1911 1924 seminat,
1934 1859 2057 1928 quis
2082 1869 2165 1914 est

592 1949 682 2019 qui
704 1949 892 2003 metit?
918 1947 1196 2016 Pt'qpheta:
1214 1961 1396 2002 semen
1411 1947 1611 2016 jecerc,
1635 1962 1732 2003 nec
1749 1949 1845 2017 ipsi
1869 1963 2162 2016 messuere,

591 2037 687 2093 sed
715 2037 967 2107 apostoli.
1019 2036 1200 2107 Neque
1247 2046 1422 2092 tamen
1462 2037 1582 2093 ideo
1625 2037 1698 2091 illi
1741 2053 1772 2092 a
1809 2037 2078 2107 voluptate
2111 2047 2165 2093 et

591 2126 838 2183 mercede
864 2127 1104 2182 laborum
1136 2127 1322 2195 privati
1353 2138 1477 2182 sunt
1499 2143 1524 2206 ί
1545 2128 1637 2183 sed
1668 2128 1943 2183 nobiscum
1973 2129 2160 2183 laetan-

593 2230 678 2272 tur
702 2227 756 2273 et
777 2219 1032 2288 gaudent,
1059 2219 1265 2272 etiamsi
1294 2235 1399 2274 non
1426 2220 1698 2275 nobiscum
1725 2229 1928 2276 metant
1953 2239 1966 2274 :
1991 2235 2163 2290 neque

589 2311 734 2364 enim
781 2309 969 2364 messis
1004 2324 1139 2379 opus
1165 2310 1304 2365 idem
1339 2320 1422 2365 est
1447 2326 1510 2365 ac
1547 2313 1818 2366 sementis.
1860 2311 1957 2368 Ubi
2005 2313 2165 2384 igitur

592 2401 766 2454 minor
789 2409 871 2455 est
895 2400 1064 2464 labor,
1095 2410 1151 2455 et
1193 2400 1362 2470 major
1400 2402 1659 2471 voluptas,
1693 2404 1758 2458 ad
1791 2403 1892 2458 hoc
1919 2420 2014 2460 vos
2043 2420 2160 2461 ser-

591 2491 731 2554 vavi,
757 2505 865 2542 non
903 2488 968 2542 ad
1015 2498 1326 2554 sementem,
1376 2491 1464 2545 ubi
1502 2491 1724 2545 multum
1769 2492 2057 2547 laboratur.
2105 2494 2158 2548 In

592 2594 767 2635 messe
793 2593 1018 2648 namque
1040 2579 1246 2647 amplus
1275 2587 1356 2632 est
1393 2589 1702 2647 proventus,
1731 2579 1881 2634 labor
1905 2595 2030 2636 vero
2055 2597 2158 2635 non

593 2678 789 2731 tantus,
816 2668 910 2723 sed
940 2668 1099 2722 multa
1127 2667 1369 2723 facilitas.
1394 2667 1489 2724 llic
1509 2677 1686 2724 autem
1713 2669 2154 2741 vultsigniticare,

593 2759 968 2830 prophetarum
1017 2758 1342 2813 voluntatem
1375 2773 1490 2813 eam
1528 2772 1668 2821 esse,
1715 2767 1774 2813 ut
1814 2758 2055 2817 homines
2091 2762 2158 2816 ad

591 2865 675 2903 me
701 2848 986 2912 accedant;
1020 2848 1120 2902 hoc
1149 2857 1201 2901 ct
1221 2848 1304 2902 lex
1331 2847 1624 2916 apparavit.
1657 2846 1782 2903 Ideo
1806 2850 2154 2914 seminaruut,

590 2947 649 2993 ut
677 2937 816 2992 hunc
854 2937 1080 2990 fructum
1123 2945 1389 3005 parerent.
1437 2936 1681 2990 Ostendit
1720 2952 1929 3006 quoque
1973 2952 2031 2992 se
2061 2937 2158 2992 mi-

588 3029 721 3084 sisse
751 3028 888 3092 illos,
919 3043 982 3083 ac
1007 3028 1222 3081 multam
1257 3028 1394 3080 inter
1421 3035 1653 3082 veterem
1684 3037 1737 3082 et
1767 3043 1954 3082 novam
1985 3027 2154 3098 legem

587 3133 706 3174 esse
723 3117 1053 3181 afﬁnitatem,
1081 3117 1345 3190 simulque
1370 3117 1546 3170 omnia
1577 3131 1674 3186 per
1695 3117 1826 3171 hanc
1852 3118 2156 3186 parabolam

587 3211 772 3266 cflieit.
809 3209 1039 3265 Meminit
1082 3217 1257 3264 autem
1308 3209 1570 3277 proverbii
1601 3209 1899 3278 cujusdam,
1931 3210 2074 3278 quod
2102 3210 2154 3264 in

587 3305 873 3358 multorum
932 3316 1026 3356 ore
1070 3300 1356 3356 ferebatur.
1397 3301 1482 3354 37.
1518 3299 1584 3352 la
1623 3301 1718 3353 hoc
1765 3300 1917 3366 enim,
1964 3300 2149 3370 inquit,

586 3407 660 3450 est
687 3393 885 3448 verbum
914 3408 1084 3446 verum
1116 3408 1134 3445 :
1162 3392 1278 3462 quia
1311 3391 1443 3444 alius
1469 3399 1540 3444 est
1563 3391 1648 3458 qui
1672 3392 1902 3455 seminat,
1927 3391 2058 3445 alius
2085 3401 2155 3445 est

582 3485 672 3553 qui
696 3483 851 3537 metit.
883 3481 1008 3535 Haec
1035 3489 1214 3535 autem
1240 3478 1488 3534 dicebant
1515 3479 1686 3543 multi,
1716 3479 1850 3534 Num
1890 3480 1980 3534 alii
2010 3481 2154 3534 Iahn.

586 3589 672 3630 res
695 3574 911 3640 ferrent,
943 3571 1031 3625 alii
1075 3569 1278 3625 fructus
1320 3569 1710 3638 decerperent?
1753 3570 1982 3640 dicitque
2014 3592 2026 3626 :
2057 3571 2152 3626 llic

583 3673 759 3721 sermo
775 3663 885 3732 jam
915 3674 1071 3716 verus
1095 3669 1176 3716 est
1208 3678 1220 3713 :
1269 3660 1540 3729 prophetae
1569 3660 1782 3729 quidem
1815 3661 2143 3728 laborarunt,

582 3767 678 3807 vos
697 3761 874 3806 autem
903 3751 1142 3804 laborum
1180 3750 1415 3818 ipsorum
1447 3749 1672 3803 fructum
1699 3750 2004 3818 decerpitis.
2033 3751 2147 3806 Non

581 3843 734 3909 dixit,
763 3842 1062 3897 mercedem
1096 3858 1110 3894 :
1145 3855 1315 3910 neque
1338 3840 1479 3894 etaim
1521 3841 1591 3894 illi
1616 3842 1735 3896 sine
1762 3841 2006 3897 mercede
2030 3853 2147 3897 tan-

586 3944 696 3987 tum
722 3945 1004 4000 suscepere
1034 3929 1269 3984 laborem
1297 3945 1310 3995 ;
1335 3929 1448 3993 sed,
1482 3928 1726 3984 fructum.
1755 3929 1867 3984 Hoc
1891 3941 1945 3986 et
1967 3931 2147 3988 Daniel

580 4024 704 4078 fecit
731 4021 833 4094 (a);
863 4021 975 4091 ipse
1003 4034 1228 4088 namque
1252 4018 1582 4088 proverbium
1608 4018 1706 4073 hoc
1725 4029 2105 4074 commemorat
2129 4039 2142 4075 :

584 4095 718 4168 Exiit
745 4113 806 4167 ab
831 4112 1012 4182 iniquis
1036 4111 1194 4166 scelus
1221 4109 1295 4181 (l.
1329 4110 1454 4180 Reg.
1480 4109 1568 4165 24.
1614 4107 1721 4180 Η).
1749 4109 1911 4165 David
1937 4125 2145 4181 quoque

639 4287 712 4350 (a)
748 4285 802 4335 In
839 4286 1097 4350 sequentia
1137 4296 1296 4350 usque
1314 4283 1375 4350 ad
1395 4281 1506 4350 ideo
1518 4282 1630 4344 jam
1661 4282 2016 4350 prius_Sa_vilius
2039 4283 2145 4350 inter:

577 4342 712 4398 noiai.
727 4362 738 4396 :
753 4355 866 4398 11(εο
887 4342 1045 4410 verba,
1058 4342 1234 4410 inquit}
1250 4342 1374 4410 olent
1387 4342 1620 4407 glossema
1636 4342 1807 4406 (quod
1826 4342 1870 4393 si
1892 4343 2145 4410 retinenda

577 4415 703 4464 sunt,
723 4414 774 4458 ut
793 4420 852 4456 ea
867 4402 1040 4456 retinet
1055 4402 1249 4467 uterque
1271 4402 1435 4455 Code'a:
1469 4413 1643 4467 noster,
1662 4402 1757 4467 pro
1793 4404 1958 4467 Datne!
1990 4402 2146 4467 legen:

816 4468 980 4537 David,
1001 4473 1046 4517 et
1077 4456 1332 4537 profpavid
1354 4467 1473 4537 forte
1502 4456 1756 4537 legendum
1778 4464 1850 4537 uel
1872 4456 2057 4514 Daniel
2070 4463 2144 4514 uel

575 4532 838 4587 Jeremias;
860 4528 945 4578 sed
1166 4525 1406 4576 Hactenus
1425 4525 1641 4576 savil'ius.
1667 4525 1757 4575 Sed
1783 4526 1888 4574 haec
1908 4538 2005 4587 non
2029 4538 2143 4575 esse

575 4585 1040 4653 glossemaprobant
1057 4600 1228 4653 clunes
1250 4594 1354 4636 Mss.
1383 4591 1554 4653 nostri,
1579 4595 1682 4635 tum
1708 4589 1853 4653 etiam
1875 4585 2097 4653 saviliani
2125 4619 2140 4644 ,

574 4646 659 4713 qui
701 4647 805 4700 haec
827 4646 1047 4714 similiter
1061 4649 1277 4714 babent,
1307 4653 1359 4696 et
1380 4649 1581 4714 _omnino
1602 4647 1837 4714 quadram
1859 4646 2140 4714 adseriem,

575 4705 826 4772 t‘ostquam
871 4710 1004 4759 enim
1044 4705 1275 4772 dixerat,
1312 4707 1601 4772 Laborarunt
1620 4705 1770 4756 ‘em'm
1794 4705 2056 4772 prophetas,
2081 4707 2140 4756 ad

576 4767 803 4833 exempla
823 4783 935 4833 mox
960 4771 1109 4828 venit,
1132 4778 1184 4833 et
1206 4771 1358 4833 primo
1380 4767 1625 4833 Danielem
1649 4767 2022 4833 commemorat;
2044 4770 2142 4817 imo

574 4826 741 4892 potius"
766 4831 1018 4892 Davidem:
1040 4826 1148 4892 nam
1171 4826 1250 4878 hic
1280 4826 1523 4892 Danielem
1546 4835 1663 4889 puto
1686 4827 1916 4892 mendose
1939 4841 2028 4892 pro
2049 4835 2139 4892 Da-

574 4887 685 4953 iride
704 4890 1216 4953 positumalibrariis.
1241 4889 1479 4953 siquidem
1511 4887 1818 4953 proverbium
1853 4887 1986 4953 illud,
2020 4889 2141 4938 exiit

839 4949 1010 5018 scelus,
1033 4953 1095 5018 ab
1127 4965 1223 5018 uno
1253 4948 1429 4998 [uiride
1461 4948 1694 5018 prolatum
1727 4948 1985 5018 reperiml
2023 4956 2136 5012 neg.

570 5013 662 5070 Si,
697 5009 786 5069 l3,
825 5012 910 5060 ubi
941 5011 1128 5060 saulem
1161 5010 1439 5073 alloquens,
1462 5009 1527 5073 fet
1568 5010 1633 5058 de
1664 5009 2047 5073 insidiiscontra
2081 5009 2138 5073 s'_e

571 5067 766 5123 structis
777 5067 1106 5135 conquerens.
1133 5067 1313 5140 Deique
1327 5067 1828 5179 justitiameappellans
1847 5069 1980 5124 dicit,
2013 5077 2070 5118 Ut
2089 5070 2139 5119 in

573 5136 717 5179 ueteri
737 5136 897 5179 fertur
911 5133 1172 5179 proverbio.
1190 5140 1259 5179 Ea:
1279 5144 1453 5179 tutatus
1474 5143 1558 5179 ear
1624 5135 1746 5179 retur
1769 5127 1940 5178 scelus.
1967 5129 2139 5179 Itaque

573 5136 717 5184 ueteri
735 5127 1172 5195 {erturfproverbim
1190 5127 1453 5195 Eti;_iniqttis
1473 5127 1746 5195 egredietur
1769 5127 1940 5178 scelus.
1967 5129 2139 5195 Itaque

573 5195 664 5242 hoc
697 5189 888 5253 nonnisi
909 5189 988 5253 'de
1025 5189 1200 5242 Davide
1231 5189 1523 5253 dicipotuit.
1552 5191 1714 5253 Pergit
1736 5197 1898 5253 autem
1927 5203 1945 5253 _:
1983 5189 2136 5239 Dauid

569 5266 754 5316 quoque
777 5252 936 5316 ﬂendo
971 5252 1114 5314 hujus
1158 5249 1392 5316 proverbii
1426 5249 1673 5316 meminit:
1694 5257 1749 5299 Ut
1780 5249 2026 5316 Danielem
2049 5263 2138 5312 pro

570 5309 746 5376 invide
777 5309 920 5375 supra
945 5309 1306 5376 positum'puto,
1341 5314 1405 5362 ita
1426 5313 1502 5362 hic
1534 5311 1796 5376 Davidpro
1828 5309 2027 5376 tuniele
2051 5309 2136 5370 po-

567 5377 693 5440 situs
708 5371 888 5440 fuerit;
922 5371 1032 5422 nam
1065 5371 1317 5440 postquam
1339 5386 1429 5436 per
1451 5381 1553 5440 tres
1577 5371 2139 5440 liebdomadashﬂeverat

570 5442 622 5482 et
649 5431 959 5496 jejuuaverat
980 5431 1162 5496 Daniel,
1188 5431 1302 5496 haec
1326 5431 1449 5496 post
1465 5431 1556 5481 alia
1589 5431 1744 5496 multa
1761 5431 1956 5496 audivit,
1977 5437 2022 5479 et
2046 5431 2138 5496 ini-

568 5489 667 5554 que'
680 5489 819 5558 a'gem
841 5493 1010 5563 iniqui.
1035 5489 1253 5563 θερί-12,
1283 5489 1344 5563 ιθ
1361 5507 1379 5562 ,ε
1406 5494 1453 5562 id
1474 5492 1602 5563 quod
1626 5491 1814 5563 in_i_ll_ud
1847 5503 1993 5563 supra
2016 5489 2135 5563 alla-

571 5549 672 5605 tum
709 5549 1016 5619 proverbium
1038 5549 1227 5621 re'cidit,
1261 5562 1334 5603 Ex
1355 5549 1528 5621 iniquis
1549 5552 1827 5621 egredietur
1839 5549 2017 5621 scelus.
2039 5550 2135 5621 Yet

569 5628 674 5665 rum
711 5610 892 5665 contra
939 5610 1358 5677 ttanuscriptorum
1399 5610 1606 5663 omnium
1651 5615 1983 5663 auctoritatem
2018 5610 2134 5662 nihil

569 5685 755 5727 mutare
777 5679 879 5724 ausi
911 5687 1088 5725 sumus-

1319 289 1376 346 S.
1411 287 1685 345 JOANNIS
1720 286 2188 348 CHRYSOSTOMI
2225 290 2537 350 ARCHIEP.
2579 297 3099 357 (ZONSTANTINOP.
3693 314 3771 370 illi.

2277 405 2454 463 ﬂendo
2483 409 2638 481 hujus
2680 416 2936 481 proverbii
2983 417 3242 470 meminit.
3293 415 3413 472 Ideo
3447 418 3544 487 jam
3582 423 3703 488 prius
3723 426 3780 479 dio

2274 508 2422 552 χοι-ιιι
2454 518 2467 554 :
2493 499 2560 555 Ut
2589 511 2634 555 et
2655 505 2738 571 qui
2762 507 2970 558 seminat
2995 507 3146 560 simul
3187 507 3427 576 gaudeat,
3473 519 3513 561 et
3553 512 3626 578 qui
3650 515 3780 568 metit.

2272 586 2404 652 Quia
2430 590 2571 644 enim
2609 592 2846 648 dicturus
2888 604 3001 648 erat
3041 595 3202 649 alium
3239 597 3624 663 seminaturum,
3649 601 3784 656 alium

2278 691 2574 734 messorum
2607 696 2746 746 esse,
2791 698 2858 738 ne
2892 683 3032 754 quis,
3074 694 3131 739 ut
3157 685 3287 750 dixi,
3320 696 3520 755 putaret
3545 689 3788 760 prophetas

2273 768 2519 824 mercede
2548 772 2738 838 privari
2769 788 2884 838 sua,
2913 791 3104 830 novum
3125 778 3393 846 quidpiam
3423 789 3477 833 et
3506 781 3790 850 inexspecta-

2274 865 2383 910 tum
2409 858 2568 925 dicit;
2617 863 2758 931 quod
2807 865 2858 918 in
2913 867 3072 921 rebus
3122 869 3406 924 sensilibus
3457 885 3552 925 non
3596 873 3790 938 accidat,

2272 945 2367 1000 sed
2421 947 2474 1001 in
2541 950 2901 1018 spiritualibus
2971 955 3222 1008 eximium
3285 958 3371 1011 sit.
3439 959 3491 1012 In
3551 961 3796 1015 sensilibus

2272 1037 2412 1090 enim
2474 1041 2518 1093 si
2593 1043 2860 1112 contingat
2928 1045 3088 1098 alium
3155 1061 3380 1113 serere,
3447 1047 3593 1103 alium
3651 1060 3795 1105 mete-

2273 1139 2373 1189 re,
2428 1142 2534 1181 non
2587 1143 2689 1182 una
2746 1131 2995 1201 gaudent,
3038 1133 3131 1186 sed
3175 1135 3318 1189 dolet
3367 1137 3414 1190 is
3460 1139 3544 1204 qui
3589 1140 3798 1192 semina-

2272 1216 2383 1285 vit,
2430 1227 2610 1288 utpote
2649 1222 2738 1291 qui
2783 1223 2934 1278 alteri
2983 1223 3336 1289 laboraverit;
3391 1226 3605 1297 gaudent
3628 1245 3739 1282 vero
3767 1230 3797 1282 ii

2273 1313 2472 1362 tantum
2526 1312 2614 1379 qui
2659 1319 2883 1366 metunt.
2931 1314 3026 1370 Hic
3083 1325 3260 1370 autem
3307 1330 3410 1369 non
3460 1317 3554 1382 ita;
3597 1318 3678 1371 sed
3718 1321 3798 1384 qui

2272 1411 2377 1451 non
2409 1411 2610 1455 metunt
2638 1417 2697 1457 ea
2724 1418 2842 1473 qum
2867 1404 3213 1469 seminaruut,
3245 1421 3348 1460 una
3370 1421 3485 1460 eum
3513 1411 3799 1464 metentibus

2269 1487 2536 1556 gaudent;
2567 1491 2704 1546 unde
2732 1493 2901 1561 palam
2939 1504 3020 1548 est
3044 1509 3137 1549 eos
3179 1496 3436 1550 mercedis
3460 1512 3570 1551 esse
3592 1513 3796 1552 consur-

2271 1586 2370 1633 tes.
2405 1581 2493 1634 58.
2530 1581 2634 1652 Ego
2661 1584 2774 1636 misi
2803 1600 2888 1640 vos
2914 1596 3094 1640 metere
3121 1588 3254 1656 quod
3278 1603 3364 1642 vos
3398 1605 3495 1642 non
3519 1590 3755 1643 laborastis
3784 1609 3798 1644 :

2269 1668 2360 1722 alii
2387 1670 2696 1740 laborarunt,
2721 1685 2766 1727 et
2794 1691 2876 1728 vos
2910 1677 2963 1730 in
3007 1678 3223 1732 laborem
3251 1696 3420 1732 eorum
3445 1681 3667 1735 intrastis.
3700 1683 3802 1736 Hoc

2269 1769 2424 1828 pacto
2466 1761 2586 1816 illos
2623 1765 2813 1818 melius
2856 1766 3113 1821 hortatur.
3151 1752 3283 1834 Quia
3330 1769 3470 1823 enim
3507 1770 3800 1825 laboriosum

2268 1850 2542 1906 videbatur
2569 1869 2687 1909 esse
2718 1865 2885 1911 totum
2922 1860 3104 1913 orbem
3137 1875 3412 1930 peragrare
3440 1871 3493 1916 et
3520 1863 3800 1931 pradicarc,

2269 1954 2381 1994 rem
2405 1956 2522 1996 esse
2550 1942 2757 1998 facilem
2786 1947 3034 2001 ostendit.
3075 1947 3204 2002 Nam
3235 1950 3334 2003 hoc
3361 1950 3684 2014 laboriosum,
3712 1953 3804 2007 hoc

2268 2029 2420 2083 multi
2467 2032 2678 2087 sudoris
2717 2045 2852 2098 erat,
2888 2037 3087 2090 semina
3125 2037 3325 2106 jacere,
3373 2048 3428 2092 et
3465 2039 3676 2094 animam
3705 2057 3804 2094 non

2268 2118 2526 2173 initiatam
2551 2121 2617 2175 ad
2659 2122 2752 2176 Dei
2791 2126 3140 2194 cognitionem
3180 2126 3462 2182 deducere.
3509 2128 3605 2182 Cur
3638 2141 3806 2185 autem

2268 2209 2382 2264 haec
2406 2211 2668 2282 loquitur?
2689 2215 2758 2270 Ut
2784 2231 2903 2270 cum
2945 2219 3172 2272 mitteret
3198 2233 3291 2273 eos
3317 2219 3385 2273 ad
3411 2221 3805 2288 prtedicandum,

2267 2316 2371 2355 non
2418 2303 2792 2372 turbarentur,
2840 2309 2990 2377 quasi
3035 2309 3099 2362 ad
3147 2324 3258 2363 rem
3306 2310 3610 2365 laboriosam
3647 2315 3806 2368 missi.

2265 2390 2650 2462 Prophetarum
2676 2397 2868 2466 quippe
2897 2413 3088 2452 manus
3128 2399 3280 2468 longe
3309 2401 3472 2468 magis
3497 2401 3806 2458 laboriosum

2275 2491 2410 2548 erat,
2445 2493 2496 2537 ιιι
2523 2499 2609 2539 res
2635 2485 2746 2554 ipsa
2773 2487 3116 2550 testiﬁcatur;
3145 2504 3239 2542 vos
3277 2489 3342 2543 ad
3385 2491 3548 2544 facilia
3577 2494 3808 2547 venistis.

2264 2571 2413 2626 Sicut
2435 2572 2574 2627 enim
2603 2573 2655 2627 in
2685 2589 2856 2629 messe
2886 2575 3034 2631 facile
3065 2577 3263 2633 fructus
3291 2580 3569 2648 colligitur,
3594 2593 3645 2636 et
3673 2585 3813 2638 brevi

2266 2668 2504 2730 tempore
2531 2677 2656 2718 area
2683 2667 2967 2734 manipulis
3009 2668 3278 2738 impletur,
3329 2684 3426 2724 nec
3465 2679 3693 2740 tempora
3719 2690 3813 2727 cx-

2263 2759 2584 2820 speclantur,
2618 2769 2721 2807 non
2765 2754 2953 2820 hiems,
2986 2773 3088 2810 non
3134 2773 3244 2824 ver,
3280 2774 3382 2812 non
3416 2759 3614 2815 imber:
3659 2762 3726 2814 ita
3764 2773 3816 2816 et

2263 2856 2402 2897 nunc
2430 2843 2524 2908 fit;
2557 2855 2614 2898 ut
2641 2845 2751 2914 ipsa
2778 2860 2935 2914 opera
2959 2847 3207 2902 clamant.
3241 2848 3368 2901 Dum
3413 2849 3524 2903 haec
3553 2850 3636 2905 ille
3670 2851 3816 2906 dicc-

2261 2942 2361 2996 ret,
2387 2934 2628 2990 exierunt
2671 2937 3005 3004 Samaritani,
3040 2948 3093 2992 et
3123 2939 3409 2995 confertitn
3451 2942 3698 2997 collectus
3739 2955 3820 2998 est

2262 3022 2496 3088 fructus;
2525 3024 2643 3080 ideo
2671 3025 2876 3081 dicebat
2904 3045 2916 3080 :
2956 3025 3136 3081 Leuate
3164 3029 3332 3083 oculos
3360 3041 3565 3098 vestros,
3599 3042 3641 3085 et
3661 3035 3820 3086 uidete

2261 3113 2502 3183 regiones,
2535 3115 2651 3184 quia
2693 3116 2820 3170 alba:
2846 3128 2976 3170 sunt.
3011 3117 3134 3172 llwc
3162 3117 3310 3181 dixit,
3343 3131 3394 3174 et
3438 3136 3521 3173 res
3559 3122 3666 3190 ipsa
3709 3124 3817 3176 visi

2260 3213 2361 3266 est,
2383 3219 2682 3260 sermonem
2706 3221 2866 3274 opera
2897 3217 3116 3276 sequuta
3145 3219 3291 3264 sunt.
3317 3209 3445 3264 Nam
3473 3211 3555 3266 39.
3590 3211 3669 3264 Ex
3694 3215 3817 3266 ciri-

2261 3303 2359 3348 tate
2382 3295 2471 3348 illa
2505 3297 2650 3350 multi
2675 3298 2989 3352 crediderunt
3024 3300 3074 3352 in
3105 3317 3217 3354 eum
3248 3301 3676 3357 Samaritanorum
3702 3322 3823 3374 pro.

2260 3397 2370 3456 pter
2389 3388 2584 3443 verbum
2619 3390 2837 3445 mulieris
2862 3393 3194 3446 testimonium
3227 3395 3544 3461 perlribeutis,
3581 3395 3714 3461 Quia
3744 3400 3823 3450 di-

2254 3479 2331 3532 xit
2353 3479 2474 3532 mihi
2502 3480 2669 3534 omnia
2703 3496 3022 3551 quascumque
3059 3483 3174 3549 feci.
3225 3482 3482 3538 Videbam
3516 3490 3656 3539 enim
3703 3501 3824 3541 eaut

2257 3583 2362 3623 non
2389 3569 2454 3623 ad
2476 3572 2694 3640 gratiam
2724 3571 2964 3626 laudasse
2987 3573 3153 3637 illum,
3185 3574 3271 3642 qui
3309 3583 3520 3642 peccata
3547 3589 3644 3630 sua
3671 3591 3824 3631 coar-

2254 3662 2453 3730 guisset
2483 3678 2497 3727 ;
2528 3677 2698 3732 neque
2721 3672 2775 3716 ut
2801 3664 3019 3734 gratiam
3042 3666 3333 3736 cujuspiam
3362 3667 3460 3722 sibi
3485 3669 3824 3735 conciliaret,

2255 3754 2380 3808 vitia
2405 3769 2498 3808 sua
2527 3757 2772 3810 omnibus
2801 3755 3120 3825 patefacere.

2325 3847 2376 3901 5.
2407 3845 2551 3900 Hanc
2580 3861 2706 3916 ergo
2735 3847 3006 3902 mulierem
3031 3858 3083 3903 et
3111 3863 3204 3902 nos
3230 3849 3517 3916 imitemur,
3538 3858 3596 3905 et
3621 3851 3675 3904 in
3700 3867 3824 3920 pec<

2251 3935 2384 3991 catis
2430 3939 2626 3990 nostris
2663 3935 2936 4006 vulgandis
2983 3951 3050 3992 ne
3091 3953 3368 3993 vereamur
3407 3939 3696 4004 homines;
3731 3941 3824 3994 sed

2254 4028 2416 4082 Deum
2447 4037 2502 4082 ut
2530 4043 2625 4097 par
2652 4037 2734 4083 est
2760 4027 3053 4093 timeamus,
3087 4029 3250 4098 quiet
3287 4046 3428 4084 nunc
3453 4029 3695 4086 facinora
3730 4048 3824 4084 no.

2250 4127 2359 4174 stra
2385 4117 2543 4182 videt,
2577 4126 2631 4172 et
2653 4126 2776 4172 tunc
2801 4117 3080 4188 puniturus
3115 4127 3198 4173 est
3227 4135 3321 4178 eos
3343 4121 3430 4190 qui
3473 4137 3617 4177 nunc
3651 4125 3824 4191 ρωιιὶη

2251 4208 2467 4262 tentiam
2497 4222 2601 4262 non
2642 4218 2821 4278 agunt.
2854 4208 2923 4262 At
2963 4222 3057 4262 nos
3091 4218 3271 4264 contra
3300 4223 3443 4274 eum,
3472 4212 3565 4280 qui
3605 4227 3710 4266 nos
3741 4214 3824 4282 jus

2249 4299 2516 4354 dicaturus
2557 4309 2658 4365 est,
2708 4317 2810 4355 non
2864 4301 3134 4364 timemus;
3184 4315 3279 4356 eos
3314 4311 3510 4366 autem,
3545 4305 3644 4372 qui
3674 4305 3824 4359 nol-ia

2249 4405 2442 4446 nocere
2467 4399 2755 4460 nequeunt,
2789 4390 3147 4453 formidamus,
3179 4391 3562 4460 tremimusque
3590 4407 3664 4448 ne
3687 4409 3824 4462 ιιιιιιι

2250 4481 2371 4536 illos
2400 4479 2610 4535 infamia
2641 4481 2959 4536 laboremus.
2992 4482 3192 4536 Idcirco
3222 4482 3274 4536 in
3303 4497 3410 4551 quo
3453 4483 3743 4547 timemus,
3794 4489 3824 4536 ll

2248 4587 2314 4628 eo
2357 4587 2541 4642 pinnas
2580 4571 2842 4628 dabimus.
2889 4573 3019 4628 Nam
3059 4575 3146 4642 qui
3195 4573 3366 4628 solum
3396 4588 3464 4628 ne
3507 4573 3819 4629 hominibu

2249 4663 2414 4731 turpis
2442 4662 2678 4717 videatur
2717 4671 2886 4727 cavet,
2933 4678 3103 4733 neque
3140 4663 3405 4718 erubescit
3454 4663 3570 4718 Deo
3610 4664 3823 4718 vident

2247 4751 2502 4807 nefarium
2529 4751 2795 4823 quidpiam
2821 4762 3052 4824 patrare,
3076 4753 3119 4807 si
3147 4767 3249 4806 non
3279 4753 3664 4822 paenitentiam
3690 4764 3824 4821 agat

2247 4843 2299 4898 in
2341 4844 2426 4898 illa
2455 4844 2542 4900 die
2585 4860 2690 4898 non
2736 4855 2859 4900 ante
2896 4861 3056 4899 unum
3098 4855 3190 4899 aut
3227 4845 3382 4912 duos,
3421 4845 3517 4901 sed
3544 4846 3695 4902 orbe
3729 4855 3817 4899 tut

2245 4935 2455 4991 vidente
2477 4935 2796 4990 traducctur.
2824 4935 2954 4990 Nam
2979 4935 3116 5006 quod
3145 4935 3209 4988 ad
3238 4935 3371 4989 bona
3398 4945 3452 4989 et
3477 4937 3633 4989 mala
3665 4949 3824 5002 aper

2245 5025 2529 5094 spectanda
2569 5040 2788 5095 magnus
2817 5026 2888 5081 ibi
2925 5039 3208 5080 consessus
3233 5026 3319 5090 sit,
3357 5024 3623 5093 parabola
3653 5025 3823 5079 oviur

2244 5126 2298 5171 et
2325 5115 2599 5170 hmdorum
2629 5125 2680 5169 te
2700 5114 2905 5181 doceat,
2932 5129 3136 5170 necnon
3161 5113 3346 5170 beatus
3375 5114 3605 5179 Paulus,
3633 5115 3738 5182 qui
3775 5115 3817 5167 d

2244 5211 2354 5266 cit:
2387 5207 2569 5263 Omnes
2593 5210 2724 5263 enim
2749 5225 2838 5262 nos
2875 5209 3187 5278 manifestari
3223 5216 3416 5276 Oportet
3442 5216 3568 5260 ante
3601 5207 3824 5259 tribum

2244 5299 2448 5361 Christi,
2477 5307 2529 5350 ut
2557 5301 2740 5368 referat
2785 5297 3118 5366 unusquisque
3151 5296 3355 5365 propria
3393 5296 3644 5362 corporis
3697 5310 3824 5360 pro:

2243 5388 2466 5457 gesserit,
2511 5387 2612 5440 sive
2647 5387 2854 5450 bonum,
2889 5387 2989 5439 sive
3023 5387 3210 5439 malum
3253 5387 3326 5455 (ι.
3369 5383 3486 5439 Cor.
3525 5384 3588 5438 5.
3629 5384 3772 5449 {0):
3811 5401 3824 5436 ι

2244 5491 2444 5540 rursus,
2477 5476 2574 5541 Qui
2602 5476 2934 5545 manifestabit
2959 5475 3251 5529 abscondita
3288 5474 3621 5528 tenebrarum
3655 5474 3676 5541 (
3707 5471 3824 5525 Ibit

2241 5567 2292 5621 4.
2325 5567 2401 5633 5).
2436 5564 2757 5620 Commisiin
2787 5564 2997 5636 aliquod
3029 5574 3324 5636 peccatum,
3354 5571 3448 5617 aut
3469 5564 3762 5633 cogitasti
3801 5565 3815 5614 i

2242 5655 2350 5723 lud,
2382 5663 2434 5711 et
2465 5655 2763 5711 hominibus
2789 5657 3057 5711 occultas?
3101 5657 3168 5710 At
3197 5655 3302 5709 Deo
3333 5666 3439 5709 non
3465 5651 3776 5709 occultas.
3814 5651 3824 5704 I
