3984 6196
259 334 359 390 197

252 456 430 501 tamen
461 444 594 499 nihil
633 456 822 504 curas:
850 441 1035 498 oculos
1064 449 1241 495 autem
1270 439 1548 492 hominum
1578 433 1851 492 formidas.

250 535 435 604 Cogita
485 548 616 602 ergo
666 542 720 587 te
750 548 858 587 non
892 530 1137 585 homines
1173 531 1338 585 latere
1363 542 1521 598 posse
1547 525 1713 604 indie
1737 526 1848 581 illo.

249 627 445 680 Omnia
468 626 615 680 enim
645 624 798 694 quasi
828 624 880 677 in
926 622 1154 692 imagine
1187 632 1311 675 tunc
1337 619 1553 674 stabunt
1577 626 1702 672 ante
1727 630 1853 670 ocu-

251 721 332 772 los
365 728 605 782 nosnos,
650 726 710 770 ut
745 717 1108 785 unusquisque
1146 722 1331 768 contra
1376 726 1436 766 se
1465 709 1601 765 ferat
1635 716 1853 763 senten~

251 808 597 878 tiam;un
633 823 701 862 ex
727 807 893 862 divite
937 807 1110 876 palam
1158 814 1258 861 est.
1306 803 1513 858 Etenim
1560 814 1849 871 pauperem

250 902 404 953 illum
456 915 619 971 quem
669 900 1013 968 deSpexerat,
1064 898 1323 952 Lazarum
1368 897 1510 960 dico,
1553 893 1624 948 ob
1670 891 1852 946 oculos

246 1001 486 1045 stantem
516 990 665 1045 dives
690 990 843 1053 vidit,
877 1000 931 1044 et
977 1004 1133 1055 quem
1164 1002 1284 1042 cum
1316 986 1538 1041 horrore
1573 982 1848 1050 depulerat

246 1082 483 1151 digitum
508 1083 618 1152 jam
650 1094 798 1151 rogat
826 1081 928 1134 sibi
964 1080 1155 1134 solatio
1193 1093 1333 1134 esse.
1362 1076 1512 1145 Rogo
1542 1075 1721 1144 igitur,
1749 1070 1848 1126 etsi

249 1189 416 1229 nemo
461 1186 647 1228 nostra
697 1172 897 1237 videat,
939 1171 1133 1241 singuli
1184 1171 1236 1224 in
1277 1184 1429 1223 suam
1468 1164 1847 1221 conscientiam

247 1265 648 1334 ingrediantur,
690 1271 746 1317 et
782 1262 1020 1333 judicent
1059 1261 1161 1316 sibi
1200 1259 1461 1314 rationem
1500 1255 1847 1317 constituant,

247 1366 472 1427 peccata
504 1355 560 1409 in
587 1354 818 1409 medium
844 1362 1023 1424 agant.
1058 1352 1119 1406 Et
1149 1351 1249 1407 nisi
1285 1350 1452 1404 velint
1482 1362 1543 1404 ea
1575 1346 1735 1401 indie
1761 1345 1849 1399 illa

246 1445 479 1499 terribili
527 1444 873 1513 promulgari,
920 1442 1249 1513 paenitentia:
1292 1438 1527 1496 remedia
1556 1446 1846 1507 apponant,

242 1554 309 1591 ac
338 1539 574 1593 vulnera
619 1548 831 1592 sanent.
860 1537 1046 1591 Potest
1076 1536 1242 1599 enim,
1274 1542 1450 1605 potest
1476 1531 1721 1601 quisque,
1747 1530 1848 1585 etsi

243 1628 403 1682 mille
443 1628 611 1697 plagis
630 1636 879 1693 onustus,
904 1642 1067 1682 sanus
1096 1627 1263 1681 abire.
1287 1624 1419 1690 Nam
1447 1624 1506 1679 Si
1535 1623 1845 1688 dimiseritis,

243 1719 444 1789 inquit,
469 1728 676 1789 peccata
697 1720 1015 1772 dimittentur
1034 1716 1201 1782 vobis;
1224 1716 1269 1771 si
1292 1732 1393 1770 non
1413 1714 1722 1777 dimiseritis,
1747 1728 1848 1765 non

241 1810 571 1862 dimittenlur
597 1808 810 1879 (Matth.
840 1809 894 1862 6.
923 1808 1010 1863 H.
1037 1807 1153 1877 l5).

318 1900 639 1954 Paenitentia
667 1917 783 1954 vera
808 1916 941 1969 quia.
970 1897 1429 1966 Quemadmodum
1455 1897 1506 1951 in
1532 1895 1849 1965 baptismate

236 1991 428 2045 abluta
456 2002 675 2061 peccata
699 2007 805 2045 non
831 1990 1062 2059 amplius
1088 1997 1348 2060 apparent
1376 2006 1390 2043 :
1429 1988 1499 2041 ita
1527 1999 1578 2042 et
1608 1986 1721 2039 huic
1747 1985 1846 2039 de-

238 2084 526 2146 lebuntur,
555 2086 599 2137 si
630 2084 994 2154 ptenitentiam
1032 2097 1272 2151 agamus.
1318 2080 1373 2134 lu
1404 2079 1505 2133 hoc
1538 2087 1712 2132 autem
1737 2090 1849 2145 pa:-

240 2177 479 2231 nitentia
522 2177 621 2230 sita
646 2184 750 2239 est,
784 2190 852 2229 ne
878 2174 1066 2229 cadent
1107 2173 1219 2245 ipsa
1252 2181 1564 2241 patrentur:
1596 2169 1733 2223 Nam
1760 2169 1848 2238 qui

240 2267 313 2319 ad
334 2276 552 2335 peccata
578 2266 860 2329 revertitur,
887 2266 1070 2319 similis
1095 2274 1166 2318 est
1192 2264 1308 2318 cani
1336 2264 1403 2316 ad
1438 2261 1675 2317 vomitum
1702 2276 1848 2314 suum

239 2357 490 2411 redeunti
517 2356 594 2425 (εὶ.
617 2355 730 2413 Pet.
751 2357 806 2411 2.
824 2356 919 2411 21.
939 2356 1031 2426 22)
1054 2373 1068 2422 ;
1098 2355 1175 2428 (α)
1203 2353 1434 2429 [necnon
1461 2356 1511 2409 ei
1538 2353 1628 2423 qui
1653 2368 1847 2409 secun-

240 2449 381 2501 dum
416 2447 754 2516 proverbium
785 2449 961 2517 ignem
996 2448 1261 2514 verberat,
1295 2455 1350 2501 et
1377 2446 1431 2501 in
1460 2455 1679 2515 pertuso
1704 2446 1848 2501 dolio

244 2536 490 2611 haurit.]
520 2538 733 2608 Oportet
760 2554 890 2609 ergo
918 2546 971 2594 et
998 2555 1055 2593 re
1083 2555 1137 2594 et
1161 2538 1385 2592 animoa
1409 2536 1701 2593 sceleribus
1721 2537 1849 2593 abs—

245 2633 450 2696 tinere,
485 2641 649 2700 atque
675 2631 941 2685 contraria
972 2631 1205 2700 peccatis
1238 2630 1462 2700 singulis
1488 2628 1721 2684 remedia
1749 2644 1848 2697 ap-

246 2736 480 2793 ponere.
518 2722 757 2792 Exempli
803 2736 985 2787 causa,
1018 2721 1261 2791 rapuisti,
1290 2731 1343 2775 et
1375 2735 1568 2775 avarus
1591 2719 1775 2774 fuisti?
1804 2720 1848 2774 A

248 2813 440 2881 rapina
469 2813 701 2875 abstine,
730 2820 782 2867 et
810 2811 1167 2882 eleetnosynte
1196 2809 1489 2866 remedium
1520 2810 1730 2865 vulneri
1752 2809 1850 2864 ad-

251 2917 435 2957 move.
468 2900 786 2956 Fornicatus
820 2903 914 2957 es?
942 2903 982 2956 A
1016 2902 1371 2957 fornicatione
1398 2902 1615 2966 absiste,
1646 2910 1701 2955 et
1735 2900 1850 2953 vul-

251 2996 369 3049 neri
401 2995 705 3048 castitatem
736 3010 944 3063 appone
994 2994 1196 3049 Fratris
1236 2994 1309 3048 tui
1340 2993 1531 3048 famam
1557 2994 1721 3048 verbo
1753 2993 1849 3046 la:-

250 3085 397 3147 sisti,
428 3086 645 3155 ipsique
670 3086 940 3140 nocuisti?
966 3087 1005 3140 Α
1038 3085 1334 3140 maledictis
1363 3086 1592 3151 absune,
1626 3095 1678 3140 et
1708 3086 1850 3141 cari-

250 3178 384 3232 tatis
428 3177 722 3231 remedium
773 3192 1004 3247 appone.
1064 3177 1133 3229 ita
1183 3192 1278 3247 per
1321 3177 1526 3247 singula
1571 3175 1850 3248 faciamus,

251 3287 433 3339 neque
488 3280 699 3338 peccata
744 3280 1188 3325 :ranscurramus.
1233 3269 1359 3324 Nam
1410 3271 1570 3326 instat
1612 3270 1847 3338 demum,

247 3366 421 3419 instat
447 3375 595 3419 certe
636 3363 856 3418 rationis
905 3363 1185 3418 reddenda:
1231 3374 1463 3430 tempus.
1499 3363 1624 3417 ideo
1654 3363 1849 3419 Paulus

244 3456 471 3511 direbat
520 3473 534 3509 ε
592 3453 840 3508 Dominus
889 3471 1048 3524 prope
1093 3464 1224 3517 est;
1287 3454 1415 3507 nihil
1476 3452 1681 3508 solliciti
1739 3453 1850 3507 sitis

248 3549 519 3615 (Philipp.
552 3546 604 3601 4.
635 3546 687 3601 5.
713 3545 793 3616 6).
824 3544 930 3601 Sed
974 3545 1129 3599 nobis
1173 3545 1311 3600 forte
1350 3555 1532 3599 eontra
1564 3545 1849 3601 dicendum

247 3649 359 3702 est,
396 3638 654 3691 Dominus
683 3651 852 3706 prope
878 3646 982 3701 est,
1016 3636 1226 3690 solliciti
1261 3645 1453 3691 estote.
1502 3636 1581 3691 Illi
1620 3652 1850 3707 namque

246 3745 387 3788 tunc
428 3732 653 3803 pulchre
675 3733 984 3801 audiebant,
1035 3732 1185 3787 Nihil
1220 3735 1423 3789 solliciti
1474 3735 1607 3802 sitis,
1658 3736 1748 3805 qui
1795 3737 1847 3790 in

248 3826 540 3890 momnis,
572 3825 868 3892 laboribus,
895 3826 1277 3881 certaminibus
1305 3827 1589 3897 degebant.
1631 3827 1731 3894 Qui
1752 3844 1849 3883 au-

248 3930 361 3973 tem
397 3922 448 3973 in
498 3920 699 3989 rapinis
742 3927 1044 3984 versantur,
1092 3918 1145 3973 in
1187 3920 1479 3989 voluptate,
1528 3922 1616 3987 qui
1660 3934 1849 3989 graves

248 4011 519 4065 reddituri
561 4020 684 4065 sunt
739 4011 995 4075 rationes,
1040 4025 1145 4063 non
1190 4008 1313 4073 hoc,
1362 4009 1456 4063 sed
1498 4009 1627 4064 illud
1656 4011 1848 4065 merito

244 4102 546 4166 audierint,
579 4101 835 4155 Dominus
872 4114 1039 4170 prope
1068 4108 1186 4155 est:
1229 4098 1447 4155 solliciti
1484 4110 1678 4156 estote.
1728 4098 1845 4155 Non

244 4318 525 4427 maniam:
540 4315 733 4365 uncinis
746 4312 1052 4377 clauduntur,
1063 4315 1243 4366 desunt
1265 4317 1314 4366 in
1334 4314 1477 4367 Savil.
1491 4322 1543 4367 et
1558 4317 1846 4381 quibusdam

438 4392 517 4427 ns.

438 4392 517 4427 IIS.

1224 325 1287 381 ΙΝ
1327 322 1641 380 JOANNEM
1680 317 1911 379 HOMIL.
1953 318 2174 376 XXXV.
2214 321 2284 376 al.
2327 318 2569 379 XXXIV.

3445 328 3545 384 198

1963 435 2105 487 enim
2132 436 2289 501 longe
2318 446 2345 484 a
2376 425 2837 487 consununatiune
2876 431 3130 488 absumus
3158 434 3258 504 (a),
3285 437 3376 492 sed
3399 442 3465 494 aq
3496 444 3553 495 η.

1961 538 2082 577 nem
2114 521 2224 591 jam
2272 521 2505 576 mundus
2554 523 2745 592 vergit.
2804 522 2916 579 lloe
2963 528 3316 594 prtenunliant
3368 529 3548 598 bella,

1960 628 2234 676 aerumnae,
2283 622 2439 666 terra:
2466 624 2660 675 motus,
2703 612 2803 668 hoc
2841 615 3102 671 exstincta
3144 620 3357 673 caritas.
3402 620 3551 676 Sicut

1960 704 2103 757 enim
2131 717 2327 771 corpus
2366 704 2645 772 exspirans
2675 714 2728 759 et
2756 706 2913 759 morti
2946 707 3243 775 proximum
3277 710 3420 765 mille
3450 712 3551 766 do-

1958 795 2162 849 loribus
2205 794 2454 861 afﬁcitur,
2506 806 2558 849 et
2600 796 2803 850 ruitura
2845 797 3035 852 domus
3070 803 3232 856 multa
3274 806 3549 872 pra-mittit

1957 902 2077 956 quin
2106 902 2171 939 ex
2197 896 2335 940 tecto
2360 894 2416 940 et
2443 903 2507 941 ex
2548 888 2843 956 parietibus
2869 890 3121 946 decidunt
3147 914 3159 947 :
3189 895 3266 949 sic
3293 912 3546 951 consmn-

1956 979 2124 1033 matio
2151 980 2296 1033 orbis
2316 980 2425 1049 jam
2457 996 2619 1051 prope
2645 994 2691 1037 et
2731 998 2825 1051 pro
2863 983 3065 1040 foribus
3094 995 3178 1041 est
3205 1005 3217 1040 :
3258 989 3379 1043 ideo
3410 992 3546 1044 mala

1957 1071 2190 1138 undique
2216 1071 2387 1140 ipsum
2414 1072 2687 1127 invadunt.
2720 1074 2852 1129 Nam
2874 1076 2917 1129 si
2952 1088 3075 1131 tunc
3100 1079 3355 1135 Dominus
3382 1096 3548 1151 prope

1955 1172 2091 1226 erat,
2126 1164 2293 1216 multo
2319 1166 2487 1236 magis
2532 1181 2673 1220 nunc
2700 1183 2865 1236 prope
2897 1178 2998 1223 est.
3037 1169 3091 1225 Si
3138 1181 3263 1226 ante.
3291 1174 3549 1243 quadrin-

1954 1265 2144 1325 gentos
2175 1257 2190 1286 ί
2232 1270 2403 1311 annos
2455 1273 2574 1311 cum
2617 1258 2733 1313 lucc
2779 1259 3118 1327 dicerentur,
3167 1273 3374 1333 tempus
3416 1266 3545 1320 illud

1954 1347 2337 1417 plenitudinem
2384 1358 2683 1418 temporum
2716 1351 2912 1406 Paulus
2952 1354 3198 1419 vocabat,
3235 1356 3403 1410 multo
3431 1373 3548 1412 ma-

1955 1438 2036 1507 gis
2062 1452 2299 1506 praesens
2332 1448 2539 1509 tempus
2583 1441 2653 1495 ita
2688 1443 3007 1497 vocandum.
3046 1446 3115 1498 At
3146 1444 3385 1501 fortassis
3427 1447 3547 1504 ideo

1955 1531 2167 1598 quidam
2198 1548 2300 1585 non
2344 1533 2587 1587 credunt.
2628 1535 2787 1604 Atqui
2835 1534 2953 1589 ideo
2992 1536 3160 1605 magis
3186 1537 3538 1594 credendum.

1954 1621 2107 1677 Unde
2135 1623 2292 1685 nosti,
2323 1624 2392 1676 mi
2419 1626 2598 1689 homo,
2628 1623 2784 1678 liuent
2815 1634 2869 1678 et
2897 1641 3055 1694 supra
3083 1627 3221 1681 dicta
3250 1642 3354 1682 non
3379 1643 3546 1699 prope
3628 1677 3633 1681 .

1953 1715 2114 1769 esse?
2142 1715 2299 1769 Certe
2330 1725 2387 1769 ut
2414 1718 2537 1769 anni
2569 1718 2727 1771 linem
2759 1733 2864 1771 non
2887 1717 3025 1773 diem
3052 1720 3293 1774 ultimum
3320 1722 3546 1777 dicimus

1955 1820 2094 1869 esse,
2123 1806 2217 1861 sed
2249 1808 2407 1860 etiam
2438 1807 2681 1861 ultimum
2728 1823 2988 1870 mensem,
3031 1820 3085 1864 et
3114 1811 3157 1865 si
3192 1811 3400 1879 triginta
3432 1813 3547 1867 die-

1954 1912 2071 1950 runt
2105 1898 2174 1950 sit
2203 1917 2216 1952 :
2250 1897 2320 1951 ita
2349 1898 2393 1951 si
2428 1907 2501 1953 tot
2526 1915 2786 1954 annorum
2818 1900 3397 1969 quadringentesimum
3423 1919 3545 1961 esse

1954 1985 2112 2041 linem
2143 1987 2456 2054 dixerimus,
2488 2003 2594 2043 non
2624 1989 3014 2044 aberrabimus.
3060 1989 3242 2060 Itaque
3274 1993 3385 2062 jam
3418 2003 3545 2048 tunc

1952 2078 2043 2133 ille
2065 2079 2221 2134 linem
2249 2080 2647 2149 prmuuntiavit.
2672 2081 3031 2137 Coerceamus
3057 2083 3212 2152 igitur
3234 2100 3332 2138 nos
3357 2085 3501 2154 ipsos
3525 2104 3539 2139 :

1954 2168 2196 2223 laetemur
2222 2170 2274 2224 in
2318 2170 2506 2225 timore
2553 2170 2665 2225 Dei.
2720 2172 2926 2226 Etenim
2974 2172 3127 2228 nobis
3166 2189 3285 2227 cum
3330 2174 3543 2230 licentia

1953 2261 2311 2328 versnntibus,
2341 2277 2445 2316 nou
2476 2261 2631 2316 valde
2668 2262 2999 2328 curantibus,
3033 2279 3138 2321 non
3179 2270 3540 2334 exspectanti-

1954 2350 2073 2415 bus,
2108 2363 2329 2421 repente
2369 2353 2541 2408 aderit
2581 2354 2672 2408 Dei
2718 2354 2980 2409 advt'ntus
3008 2373 3021 2409 :
3052 2356 3193 2425 quod
3236 2357 3543 2426 signiﬁcans

1953 2442 2201 2500 Christus
2242 2445 2453 2500 diccbat
2489 2464 2503 2500 :
2551 2446 2697 2500 Sicut
2736 2448 2869 2500 enim
2914 2451 3104 2519 factum
3160 2460 3230 2503 est
3269 2451 3321 2503 in
3369 2452 3543 2505 diebus

1956 2532 2091 2598 Noe,
2121 2546 2165 2589 et
2191 2535 2242 2587 in
2271 2537 2444 2590 diebus
2470 2536 2583 2599 Lat,
2604 2538 2677 2590 sic
2702 2539 2794 2591 erit
2834 2539 2884 2592 in
2915 2542 3343 2595 consummatione
3371 2544 3544 2597 siccati

1954 2625 2106 2696 hujus
2134 2626 2340 2696 (Matth.
2367 2628 2464 2684 24.
2497 2630 2610 2701 57).
2663 2630 2775 2685 lloc
2823 2642 2878 2686 et
2920 2632 3115 2686 Paulus
3159 2635 3235 2687 sic
3261 2634 3493 2690 declarat
3525 2653 3542 2693 :

1954 2716 2081 2771 Cum
2110 2718 2347 2785 dixerint,
2381 2719 2496 2773 Pax
2520 2731 2565 2775 et
2588 2724 2851 2785 securitas,
2884 2733 3000 2776 tunc
3030 2727 3320 2795 repentinus
3355 2728 3424 2780 eis
3449 2743 3540 2778 su-

1955 2809 2204 2876 perveniet
2251 2810 2517 2874 interitus,
2564 2812 2694 2865 sicut
2727 2812 2873 2866 dolor
2921 2814 2972 2867 in
3020 2824 3161 2869 utero
3191 2816 3416 2870 habentis
3463 2819 3538 2888 (l.

1959 2897 2132 2954 Thess.
2164 2902 2216 2956 5.
2251 2901 2329 2975 5).
2361 2903 2497 2971 Quid
2535 2914 2618 2959 est
2645 2904 2811 2959 Dolor
2836 2908 2888 2959 in
2917 2919 3060 2961 utero
3087 2910 3313 2964 habentis
3337 2911 3361 2963 .9
3385 2910 3541 2980 Str-pe

1956 3001 2293 3061 praegnantes
2330 2994 2603 3058 mulieres,
2633 2996 2757 3049 dum
2790 2997 2996 3063 ludunt,
3040 3000 3323 3068 prandent,
3350 3002 3399 3054 in
3430 3001 3541 3057 hal-

1954 3068 2078 3149 neo,
2113 3084 2165 3137 in
2193 3083 2310 3138 foro
2330 3095 2473 3150 sunt,
2509 3088 2575 3141 de
2615 3088 2793 3142 futuro
2835 3092 2964 3145 nihil
2994 3095 3309 3161 cogitantes,
3342 3111 3538 3164 repen-

1956 3172 2081 3227 tinis
2107 3173 2426 3228 invaduntur
2455 3176 2751 3231 doloribus.
2784 3177 2917 3233 Cum
2944 3194 3072 3249 ergo
3094 3181 3331 3249 ejusdem
3361 3185 3543 3239 condi-

1956 3265 2115 3318 tionis
2140 3280 2227 3319 res
2253 3275 2446 3320 nostrae
2474 3268 2600 3334 sint,
2625 3269 2791 3323 simus
2809 3286 3022 3339 semper
3050 3273 3236 3341 parati.
3260 3273 3374 3328 Non
3396 3275 3536 3333 enim

1954 3371 2168 3425 semper
2195 3355 2308 3411 hazc
2335 3356 2635 3421 audienms,
2668 3375 2776 3413 non
2807 3376 3019 3430 semper
3055 3361 3193 3417 haue
3220 3374 3538 3430 potestatem

1956 3448 2286 3502 habebimus.
2335 3447 2403 3502 In
2447 3450 2674 3522 inferno,
2723 3451 2914 3521 inquit,
2956 3455 3067 3521 quis
3109 3456 3426 3519 conﬁtebitur
3452 3459 3541 3512 tibi

1955 3537 2124 3612 (l’sal.
2158 3538 2211 3594 6.
2259 3538 2360 3611 8)?
2409 3540 2505 3595 Hic
2548 3542 2725 3612 itaque
2775 3542 3143 3612 poenitentiam
3194 3561 3435 3617 agamus.
3483 3560 3543 3606 ut

1953 3629 2033 3685 sic
2085 3629 2249 3685 Deum
2294 3632 2578 3702 propitium
2626 3634 2938 3701 habeamus,
2971 3651 3034 3691 ac
3078 3637 3287 3705 plenam
3315 3640 3542 3695 delicto-

1955 3736 2072 3775 rum
2124 3723 2331 3777 veniam
2384 3739 2775 3794 consequamur
2827 3743 2841 3779 :
2894 3742 3050 3797 quam
3107 3730 3305 3784 utiuant
3355 3747 3540 3790 onnes

1954 3813 2319 3883 impetrenms,
2347 3817 2516 3886 gratia
2549 3826 2602 3872 et
2630 3816 2956 3888 benignitate
2987 3820 3195 3876 Domini
3220 3824 3386 3878 nostri
3414 3825 3543 3879 Jesu

1953 3904 2175 3974 Christi,
2214 3907 2301 3962 cui
2324 3907 2492 3979 gloria
2522 3918 2577 3963 et
2602 3908 2882 3978 imperium
2912 3911 2963 3965 in
2980 3913 3173 3967 smcula
3197 3916 3537 3971 smculorum.

1954 3999 2151 4055 Amen.

2016 4223 2031 4254 ι
2058 4218 2207 4291 savii.
2233 4221 2424 4291 habet,
2458 4228 2718 4280 trecentos.
2744 4228 2797 4275 et
2827 4226 2897 4275 sic
2916 4224 3014 4275 duo
3031 4232 3140 4277 Mss.
3167 4232 3223 4277 At
3255 4227 3423 4291 plures
3449 4230 3533 4279 ha-

1949 4282 2089 4340 bent,
2113 4282 2502 4344 quadringentos.

2013 4335 2086 4406 (ιι)
2121 4335 2704 4408 Putabat'ilbrysostomus
2734 4359 2831 4397 non
2852 4345 3003 4411 longe
3028 4360 3141 4399 esse
3163 4350 3312 4400 tinem
3347 4353 3535 4402 muniti.

245 4535 3528 4576 ———-——————.———.—___________.___________

1534 4627 1878 4693 HOMILIA
1930 4632 2201 4692 XXXV.

248 4768 343 4823 ιο.
376 4767 507 4821 Cum
542 4770 794 4823 venissent
832 4786 951 4840 ergo
975 4770 1043 4823 ad
1073 4770 1217 4825 illum
1255 4771 1571 4827 Samaritani
1593 4813 1608 4837 ,
1639 4789 1845 4846 rogare.

323 4872 444 4913 runt
469 4878 585 4914 eum
608 4873 661 4914 ut
688 4863 756 4916 ibi
776 4873 1020 4916 moneret.
1047 4863 1112 4917 Et
1138 4866 1319 4918 mansit
1344 4865 1414 4918 ibi
1439 4865 1566 4919 duos
1592 4866 1717 4921 dies.
1752 4868 1841 4925 41.

329 4952 394 5006 Et
422 4956 586 5008 mlta
617 4955 787 5023 plures
813 4955 1133 5010 crediderunt
1158 4955 1211 5010 in
1249 4972 1363 5009 eum
1407 4969 1610 5027 propter
1654 4975 1846 5013 sermo-

326 5064 437 5100 nem
464 5048 579 5116 ejus
603 5064 623 5110 :
650 5047 741 5103 42.
772 5058 822 5102 et
861 5049 1062 5101 mulieri
1095 5049 1325 5103 dicebant
1370 5065 1392 5104 .°
1422 5050 1561 5117 Quia
1591 5051 1707 5120 jam
1748 5069 1847 5106 non

326 5150 533 5209 popter
546 5150 687 5193 Mm
718 5140 968 5207 loquelam
987 5142 1237 5195 credimus
1262 5157 1281 5195 :
1298 5142 1398 5209 ipsi
1412 5143 1543 5195 enim
1565 5143 1847 5197 audivimus

325 5240 373 5281 et
396 5230 608 5293 sei-ins,
630 5232 749 5298 quia
776 5231 859 5284 hic
885 5241 957 5285 est
988 5246 1104 5286 vere
1129 5232 1372 5286 Salvator
1398 5234 1571 5312 minuti
1593 5234 1844 5291 Christus.

323 5323 413 5376 63.
450 5319 521 5374 Et
540 5333 651 5392 post
670 5323 779 5378 dies
799 5323 930 5379 duos
948 5324 1158 5378 excessit
1188 5324 1307 5378 inde
1328 5365 1343 5391 ,
1373 5333 1421 5379 et
1448 5324 1568 5379 abiit
1608 5326 1663 5379 in
1702 5324 1846 5380 Gali-

324 5416 493 5469 ωηο.

330 5508 375 5560 1.
397 5505 844 5561 Samaritanorum
862 5507 1261 5579 Iudicoritmque
1279 5526 1399 5583 erga
1414 5508 1669 5566 Christum
1690 5528 1846 5581 agm-

240 5599 309 5651 Js‘
332 5600 553 5651 rationes
575 5611 938 5666 comparantur
964 5616 984 5654 :
1006 5601 1279 5656 laudantur
1303 5603 1519 5672 priores,
1539 5602 1846 5672 redarguun-

238 5700 342 5738 ιιι
364 5683 568 5741 luci.
598 5685 740 5743 Nihil
768 5689 964 5745 invidia
990 5699 1044 5745 et
1074 5691 1241 5747 livore
1285 5694 1434 5763 pejus
1454 5733 1470 5758 ,
1520 5692 1650 5746 nihil
1701 5691 1843 5746 inani

238 5774 421 5849 gratia
451 5777 693 5835 deterius
720 5796 733 5832 :
761 5778 876 5837 huc
906 5780 1182 5839 innumera
1209 5798 1557 5857 corrumpere
1581 5783 1718 5840 solet
1746 5783 1839 5841 bo-

1958 4792 2046 4830 na.
2073 4775 2243 4832 Judaei
2274 4794 2405 4849 ergo
2431 4795 2551 4835 cum
2584 4784 2842 4851 majorem
2874 4800 3030 4855 quam
3076 4787 3397 4846 Samaritani
3442 4804 3536 4845 ce-

1952 4869 2243 4940 gnitionem
2290 4872 2579 4940 baberent,
2630 4885 2683 4931 et
2729 4893 2849 4933 cum
2896 4879 3174 4951 prophetis
3214 4884 3425 4939 educati
3455 4900 3539 4940 es-

1953 4970 2073 5015 sent
2094 5002 2108 5027 ,
2142 4961 2250 5017 illis
2281 4972 2458 5019 tamen
2491 4966 2615 5021 hinc
2642 4967 2920 5023 inferiores
2946 4969 3179 5027 fuerunt.
3212 4973 3538 5033 Samaritani

1953 5054 2261 5109 tcStimonio
2302 5056 2540 5112 mulieris
2595 5057 2754 5113 fidem
2804 5059 3074 5129 habuere,
3125 5064 3379 5135 nulloque
3422 5067 3540 5120 viso

1954 5143 2106 5212 signo
2134 5155 2335 5201 exeunt
2358 5148 2589 5216 rogaturi
2629 5148 2898 5205 Christum
2930 5162 2987 5207 ut
3034 5168 3215 5209 secum
3257 5171 3493 5211 maneret
3522 5173 3538 5222 ;

1951 5232 2122 5288 luda-i
2152 5249 2318 5303 vero,
2357 5237 2518 5291 etiam
2549 5238 2676 5293 visis
2723 5241 3034 5307 miraculis,
3084 5258 3189 5298 non
3231 5245 3391 5302 modo
3432 5263 3538 5302 non

1952 5322 2100 5379 illum
2124 5325 2262 5393 apud
2289 5340 2349 5380 se
2370 5327 2704 5382 retinuerunt
2726 5370 2741 5396 ,
2770 5331 2864 5385 sed
2890 5332 3051 5387 etiam
3097 5333 3269 5404 ipsum
3313 5338 3534 5408 expule-

1952 5428 2109 5481 runt,
2140 5416 2375 5487 nihilque
2406 5433 2511 5473 non
2543 5430 2768 5487 egerunt
2796 5431 2852 5476 ut
2897 5423 3075 5491 ipsum
3103 5441 3136 5480 e
3180 5428 3399 5497 regione
3440 5444 3535 5483 sua

1959 5508 2315 5564 eliminarent.
2347 5510 2564 5566 Etiamsi
2596 5512 2806 5568 illorum
2856 5516 3026 5587 gratia
3072 5520 3338 5586 venisset,
3387 5522 3534 5577 illum

1952 5600 2301 5657 nihilominus
2330 5602 2646 5673 eiecerunt;
2675 5604 2728 5661 hi
2756 5617 2942 5663 contra
2973 5619 3029 5664 ut
3056 5611 3194 5681 apud
3214 5627 3272 5668 se
3297 5597 3533 5669 maneret

1950 5699 2224 5761 rogarunt.
2257 5690 2394 5747 Num
2424 5708 2553 5765 ergo
2581 5697 2649 5751 ad
2696 5696 2793 5753 hos
2835 5708 3086 5771 rogantes
3127 5718 3233 5757 non
3272 5704 3538 5759 acceden-

1953 5781 2076 5839 dum
2106 5781 2236 5852 fuit,
2267 5784 2360 5842 sed
2391 5785 2531 5854 illis,
2560 5788 2650 5859 qui
2677 5789 2778 5846 sibi
2805 5789 2941 5849 bene
2987 5790 3168 5849 affecti
3212 5805 3397 5865 erant,
3443 5814 3531 5855 re-
