3984 6196
255 228 340 283 ιω
1209 214 1276 271 ΙΝ
1312 213 1623 273 JOANNEM
1662 209 1891 269 llOlllL.
1932 208 2147 265 XXXV.
2189 214 2259 268 al.
2303 212 2543 271 XXXl\'.

246 349 407 393 nuru
434 335 649 408 quidam
678 332 904 405 regulus,
927 330 1075 401 cujus
1097 329 1234 396 ﬁlius
1258 328 1614 398 iuﬁrmabatur
1649 325 1840 395 Caper-

246 446 420 484 σισιιηι.
460 426 559 483 47.
608 425 711 480 llic
753 440 869 478 cum
907 423 1130 476 audisset
1175 422 1294 491 quin
1331 419 1485 474 Iesus
1526 418 1780 473 adveniret
1808 433 1841 469 ιι

243 520 431 574 Ιιιιίεεα
460 519 518 572 in
558 515 828 572 Galilteam
852 554 866 577 ,
899 514 1031 568 venit
1070 514 1138 566 ad
1161 528 1273 566 eum
1293 552 1308 577 ,
1336 522 1386 565 et
1411 510 1621 580 rogabat
1643 525 1756 561 eum
1786 516 1838 560 ut

241 614 603 674 descenderet,
647 617 696 662 et
735 614 941 660 sanaret
985 605 1149 673 ﬁlium
1198 604 1312 673 ejus
1342 619 1358 665 ;
1384 602 1498 656 sive
1548 616 1612 655 ex
1642 613 1840 670 genere

241 705 391 774 regio
418 717 546 758 cum
595 709 741 756 eSSet
768 742 784 763 ,
820 697 901 753 vel
949 712 1016 752 ex
1047 694 1276 766 quadam
1324 694 1579 763 dignitate
1625 691 1840 762 regulus

238 795 629 865 appellaretur.
663 790 889 857 Quidam
938 797 1128 857 putant
1175 786 1316 839 hunc
1364 786 1538 853 ipsum
1583 798 1704 838 esse
1749 781 1837 850 qui

239 895 578 940 memoratur
622 898 651 934 ει
683 880 934 936 Martha-0
962 897 978 944 ;
1011 878 1104 931 sed
1149 877 1289 931 alius
1312 890 1432 930 esse
1457 874 1710 944 probatur
1732 887 1838 926 non

236 992 301 1031 ex
351 976 620 1044 dignitate
658 973 820 1028 modo
843 1012 858 1035 ,
890 970 985 1026 sed
1014 970 1175 1024 etiam
1215 984 1279 1023 ex
1311 968 1433 1022 fide.
1476 966 1571 1020 Ille
1612 979 1841 1035 namque

236 1068 518 1121 tibristum
561 1068 646 1122 ire
686 1065 992 1127 volentem,
1023 1078 1089 1116 ne
1133 1068 1219 1114 cat
1247 1070 1437 1129 rogat;
1467 1058 1553 1112 hic
1595 1073 1694 1113 nec
1720 1071 1840 1112 sese

234 1159 586 1220 oll'erentem,
618 1157 837 1211 domum
862 1154 1044 1208 trahit.
1065 1153 1161 1208 llle
1189 1150 1340 1215 dicit,
1374 1149 1494 1204 Non
1524 1166 1632 1203 sum
1655 1149 1840 1219 dignus

236 1260 291 1302 ut
319 1252 482 1303 intres
509 1248 602 1301 sub
631 1254 812 1299 tectum
841 1259 1006 1298 meum
1022 1259 1042 1307 ;
1067 1241 1152 1296 hic
1175 1249 1327 1311 urget
1347 1239 1554 1303 dicens,
1586 1237 1840 1293 Descende

237 1346 544 1412 priusquam
592 1340 839 1393 moriatur
886 1338 1025 1404 ﬁlius
1065 1351 1207 1390 meus
1248 1333 1477 1404 (Matth.
1508 1334 1562 1387 8.
1595 1332 1694 1401 8).
1749 1331 1842 1387 Ille

236 1452 307 1489 ne
360 1442 554 1489 monte
602 1429 940 1485 descendens
977 1425 1310 1493 Capcrnaum
1355 1424 1538 1489 venit;
1585 1424 1671 1478 hic
1714 1437 1843 1478 vero

234 1547 262 1581 a
294 1525 571 1588 Samaria,
605 1538 712 1577 non
760 1521 812 1575 in
843 1520 1203 1589 Capernanm,
1236 1515 1330 1572 sed
1364 1517 1415 1569 in
1444 1515 1589 1571 Cana
1621 1515 1841 1568 venien-

234 1629 346 1672 tem
378 1616 515 1668 adit.
552 1613 700 1666 Illius
742 1626 876 1681 puer
919 1608 1147 1680 paralysi
1180 1607 1485 1671 laborabat,
1518 1604 1675 1674 lmjus
1702 1606 1842 1659 ﬁlius

232 1707 400 1761 febri.
444 1705 517 1759 Et
548 1704 751 1759 veniens
780 1701 992 1772 rogabat
1021 1716 1133 1753 eum
1177 1709 1231 1751 ut
1266 1706 1467 1753 sanaret
1492 1696 1653 1767 ﬁlium
1680 1697 1790 1765 ejus
1823 1712 1842 1750 :

232 1797 519 1865 incipiebat
567 1796 700 1849 enim
740 1793 891 1847 mori.
937 1791 1073 1859 Quid
1122 1806 1250 1860 ergo
1276 1788 1560 1845 Christus?
1590 1791 1675 1844 l8.
1722 1788 1843 1843 Nisi

231 1893 390 1961 signa
436 1898 483 1942 et
529 1886 768 1956 prodigia
814 1884 1037 1939 uideritis
1062 1924 1077 1947 ,
1108 1899 1209 1937 non
1250 1882 1476 1936 creditis.
1510 1881 1669 1951 Atqui
1698 1881 1840 1951 quod

230 1979 456 2034 veniret
496 1986 552 2032 et
596 1985 851 2046 rogaret,
887 1975 938 2028 id
973 1973 1105 2029 ﬁdes
1140 1984 1249 2027 erat
1279 1990 1293 2038 ;
1328 1982 1383 2027 et
1413 1984 1594 2042 postea
1627 1975 1727 2028 hoc
1760 1975 1839 2043 ip-

234 2088 365 2127 sum
405 2070 723 2126 testiﬁcatur
766 2068 1093 2139 evangelista
1136 2069 1322 2123 dicens
1355 2086 1369 2121 :
1412 2067 1546 2122 Cum
1573 2066 1731 2123 Jesus
1759 2066 1841 2121 di-

238 2168 443 2229 xisset,
476 2161 639 2226 Vade,
666 2163 807 2230 ﬁlius
852 2172 968 2215 tuus
1004 2162 1155 2227 vivit,
1184 2162 1395 2215 credidit
1438 2164 1653 2215 sermoni
1694 2163 1837 2233 ejus,

233 2269 282 2311 ct
329 2258 463 2310 ibat.
494 2256 633 2324 Quid
672 2271 799 2325 ergo
835 2255 936 2310 sibi
978 2256 1089 2309 vult
1120 2254 1206 2309 hic
1232 2258 1257 2309 Ἰ
1290 2256 1384 2310 Vel
1415 2257 1515 2309 hoc
1542 2254 1840 2310 Samarita-

233 2364 371 2413 uos,
405 2348 501 2417 qui
540 2348 654 2401 sine
681 2348 845 2417 signis
872 2346 1236 2413 crediderunt,
1269 2345 1542 2400 admirans
1571 2346 1724 2408 dixit,
1759 2345 1841 2400 vel

234 2454 395 2500 una.
426 2454 552 2507 qua:
575 2453 665 2491 sua
694 2438 976 2492 videbatur
1001 2453 1141 2504 esse,
1172 2438 1470 2504 civitatein,
1500 2438 1839 2508 Capernanm

236 2545 469 2600 ursi-pe.
496 2532 821 2600 perstringit.
848 2530 1123 2600 Siquidem
1157 2546 1279 2586 cum
1321 2532 1455 2586 alius
1479 2532 1617 2601 apud
1641 2530 1845 2586 Lucani

239 2627 322 2693 (ιι)
367 2624 613 2690 diceret,
664 2622 853 2685 Credo,
904 2621 1151 2688 Domine,
1191 2624 1380 2696 adjuva
1439 2622 1842 2678 incredulitatem

242 2734 415 2770 meum
445 2715 657 2787 (Marc.
686 2714 740 2769 9.
783 2715 855 2771 23
874 2716 915 2785 ),
948 2715 1137 2771 iisdem
1166 2732 1292 2771 usus
1318 2726 1399 2771 est
1428 2715 1627 2776 verbis.
1658 2715 1843 2787 itaque

244 2811 375 2864 licet
415 2808 504 2861 hic
553 2806 840 2862 crediderit
868 2850 883 2873 ,
933 2822 1038 2862 non
1084 2814 1262 2863 tamen
1307 2808 1463 2878 plene
1491 2818 1544 2863 et
1588 2808 1840 2878 integre:

245 2901 393 2971 quod
418 2901 662 2957 declarat
686 2915 807 2955 cum
837 2900 1159 2965 sciscitatur,
1188 2914 1292 2964 qua
1317 2899 1447 2955 hora
1485 2899 1697 2969 reliquit
1719 2915 1841 2955 eum

248 2993 440 3047 tchris.
476 2990 705 3047 Volebat
732 2992 876 3045 enim
921 2992 1122 3057 dicere,
1165 3007 1290 3046 num
1335 3002 1526 3061 Sponte
1570 3006 1685 3056 sua,
1716 3006 1842 3045 num

244 3101 310 3138 σοι
339 3083 543 3139 Christi
572 3095 841 3153 praecepto
867 3082 1029 3139 febris
1049 3083 1414 3139 abscessisset.
1440 3082 1508 3137 Ut
1532 3099 1647 3136 vero
1668 3097 1847 3153 cogno-

245 3177 315 3226 rit
344 3176 469 3244 quia
498 3175 606 3227 lteri
652 3175 780 3227 liora
818 3174 1053 3245 septima,
1080 3174 1294 3228 credidit
1323 3175 1430 3243 ipse
1455 3184 1501 3228 et
1528 3173 1707 3229 domus
1736 3173 1845 3244 ejus

248 3275 383 3319 tota.
437 3265 625 3320 Video’
673 3265 823 3319 illum
870 3265 1185 3331 credidisse,
1239 3267 1408 3321 servis
1453 3265 1842 3328 nuntiantibus.

246 3373 359 3411 non
392 3356 610 3411 Christo
649 3356 944 3427 loquente?
968 3356 1194 3411 Mentem
1227 3371 1357 3428 ergo
1385 3357 1521 3426 ejus,
1550 3372 1654 3425 qua
1683 3372 1846 3411 vene-

248 3459 356 3512 rat,
391 3451 571 3520 arguit
600 3468 614 3503 :
657 3450 731 3504 ita
774 3449 914 3505 enim
946 3450 1114 3521 magis
1150 3449 1299 3503 illum
1330 3449 1395 3504 ad
1424 3449 1582 3504 ﬁdem
1627 3450 1845 3503 induce-

248 3543 343 3595 bat
386 3560 402 3595 :
447 3550 575 3595 ante
629 3542 838 3611 signum
894 3542 1036 3595 enim
1086 3557 1192 3617 non
1238 3541 1523 3613 admOdum
1569 3526 1842 3597 credebat.

248 3635 408 3700 Quod
436 3634 481 3689 si
519 3643 573 3688 et
604 3636 811 3689 "venerit
839 3643 892 3689 et
922 3635 1210 3705 rogaverit,
1247 3634 1379 3688 nihil
1410 3634 1627 3689 mirutn.
1660 3633 1847 3690 Solent

252 3725 402 3777 enim
446 3734 627 3795 patres
666 3724 873 3779 ardenti
917 3739 1101 3779 amore
1145 3724 1287 3778 ducti
1315 3765 1330 3787 ,
1378 3739 1482 3778 non
1512 3725 1682 3778 solum
1714 3738 1843 3789 eos,

252 3814 451 3882 quibus
479 3813 669 3879 fidunt,
702 3814 938 3869 medicos
976 3814 1145 3878 adire,
1177 3830 1361 3869 verum
1404 3814 1565 3869 etiam
1610 3830 1705 3869 eos
1732 3815 1849 3885 qui-

256 3908 358 3960 bus
400 3922 511 3960 non
541 3906 617 3959 ita
652 3905 858 3970 ﬁdunt,
888 3920 955 3959 ne
978 3905 1249 3976 quidpiam
1278 3906 1603 3977 prmteriisse
1632 3905 1849 3958 vidcan-

254 4008 363 4049 tur.
385 3997 665 4065 Siquidem
690 3996 869 4051 oblata
888 3997 1059 4050 solum
1083 3997 1366 4052 occasione
1387 3997 1613 4051 accessit
1635 3995 1849 4066 quando

256 4089 407 4142 venit
439 4088 533 4142 ille
578 4088 631 4141 in
673 4086 949 4142 Galilmam
986 4105 1000 4141 :
1032 4086 1122 4156 qui
1164 4087 1208 4141 si
1238 4086 1526 4142 admodum
1568 4087 1641 4141 illi
1673 4085 1849 4141 credi.

255 4178 427 4233 disset
450 4219 469 4241 ,
502 4176 614 4231 lilio
653 4179 705 4231 in
748 4178 1005 4233 extremis
1033 4179 1310 4234 laborante
1334 4220 1349 4245 ,
1393 4195 1498 4234 non
1526 4179 1851 4249 neglexisset

254 4271 313 4323 ir.
338 4269 587 4325 Judzeam
628 4270 832 4324 venire.
862 4269 1012 4337 Quod
1041 4270 1083 4323 si
1111 4271 1350 4337 timebat,
1383 4285 1558 4340 neque
1598 4270 1728 4325 illud
1752 4286 1852 4325 ex-

256 4360 560 4417 atsandum
613 4368 748 4415 erat.
798 4357 1120 4414 Consideres
1174 4360 1357 4426 velim,
1406 4363 1492 4417 vel
1531 4362 1642 4431 ipsa
1690 4362 1848 4417 verba

256 4466 516 4523 quantam
556 4453 931 4508 demonstrent
976 4453 1076 4506 viri
1108 4451 1492 4508 inﬁrmitatem.
1524 4452 1655 4508 Cum
1687 4469 1850 4522 opor-

255 4547 445 4600 tuisset
470 4543 618 4599 enim
638 4584 654 4606 ,
686 4544 731 4597 si
762 4559 865 4597 non
896 4543 1039 4612 prius
1059 4581 1081 4603 .
1106 4542 1294 4598 saltem
1323 4553 1443 4612 post
1470 4544 1851 4614 reprehensam

260 4637 420 4691 animi
463 4638 548 4691 sui
577 4637 928 4701 sententiam,
955 4652 1206 4706 magnum
1234 4636 1506 4706 quidpiam
1533 4635 1600 4690 de
1634 4636 1852 4690 Christo

260 4733 499 4802 cogitare
519 4772 536 4796 ,
562 4728 686 4784 audi
716 4729 984 4798 quomodo
1012 4729 1186 4784 adlmc
1218 4729 1362 4783 humi
1394 4739 1595 4798 serpat.
1623 4728 1711 4783 49.
1750 4726 1852 4781 De-

266 4825 461 4887 sraide,
507 4824 703 4892 inquit,
731 4824 1023 4891 priusquam
1055 4823 1303 4876 moriatur
1339 4820 1478 4890 [ilius
1515 4838 1676 4888 meus,
1704 4821 1854 4891 quasi

268 4930 367 4967 non
414 4921 609 4984 posset
632 4924 905 4968 mortuum
937 4914 1201 4969 suscitare
1223 4955 1237 4978 ,
1268 4922 1322 4967 et
1348 4914 1500 4984 quasi
1534 4930 1639 4967 non
1673 4920 1854 4967 nosset

267 5020 365 5073 quo
408 5014 555 5059 statu
604 5020 741 5074 puer
777 5013 939 5059 esset.
974 5005 1114 5069 ~Ideo
1144 5005 1293 5061 illum
1321 5006 1593 5076 coarguit,
1626 5012 1682 5060 et
1723 5020 1856 5060 con-

268 5101 547 5155 scientiam
591 5101 904 5171 perstringit
927 5142 943 5163 ,
975 5102 1269 5156 ostendens
1296 5102 1445 5171 signa
1473 5102 1666 5156 animae
1692 5115 1857 5155 causa

270 5196 505 5249 maxime
528 5192 639 5249 edi.
676 5193 774 5249 llic
811 5195 953 5248 enim
984 5209 1089 5248 non
1116 5195 1293 5249 minus
1325 5205 1527 5264 patrem
1569 5195 1750 5247 animo
1777 5193 1856 5246 la-

270 5286 551 5340 borantem
571 5294 750 5349 curat,
781 5301 939 5354 quam
974 5285 1139 5340 ﬁlium
1166 5303 1180 5351 ;
1211 5295 1269 5340 ut
1296 5285 1449 5341 nobis
1480 5284 1721 5350 suadeat,
1751 5300 1857 5338 non

271 5388 373 5434 tun
420 5380 598 5449 signis
618 5419 635 5446 ,
676 5394 835 5448 quam
867 5378 1122 5434 doctrina:
1151 5379 1267 5449 ejus
1292 5378 1673 5436 attendendum
1715 5391 1857 5432 esse.

336 5533 417 5591 (α)
451 5533 531 5580 διο
561 5531 727 5580 oumia
756 5530 1060 5595 exemplaria
1084 5531 1390 5584 habeohsed
1421 5531 1654 5582 memoris
1684 5528 1863 5581 labitur

268 5594 674 5659 (manus:
701 5605 810 5643 natu
844 5594 948 5645 hac
971 5608 1067 5645 non
1090 5596 1217 5657 apud
1250 5603 1418 5645 Lucam
1434 5633 1449 5658 ,
1480 5595 1569 5646 sed
1591 5595 1717 5657 apud
1740 5602 1859 5643 Mar-

274 5667 375 5700 rutu
398 5660 651 5717 leguntur.

3431 218 3535 275 202

1953 321 2114 392 Signa
2141 324 2340 394 quippe
2389 342 2494 381 non
2526 325 2773 383 ﬁdelibus
2800 368 2815 390 ,
2844 325 2938 383 sed
2968 327 3273 386 inﬁdelibus
3301 340 3355 386 et
3388 345 3538 387 cras.

1948 415 2179 470 sioribus
2207 428 2390 485 parata
2410 430 2555 475 sunt.

2027 507 2079 560 5.
2122 508 2271 565 Tunc
2312 510 2401 565 ille
2428 518 2652 567 mmstus
2680 525 2784 565 non
2816 512 3040 567 multum
3084 510 3242 567 dictis
3281 512 3527 568 attende»

1946 603 2061 672 bat,
2087 602 2190 656 nisi
2221 602 2286 656 iis
2330 617 2449 671 quae
2495 600 2562 657 ad
2594 602 2759 656 ﬁlium
2790 604 3125 672 speetabant.
3170 603 3359 660 Postea
3405 620 3534 660 vero

1946 695 2034 750 illa
2086 694 2139 748 in
2181 702 2416 747 mentem
2460 704 2811 749 revocaturus
2850 702 2999 761 erat,
3041 704 3201 766 atque
3249 695 3370 751 hinc
3418 713 3533 750 rua-

1948 800 2110 855 gnum
2156 795 2586 854 consequuturos
2634 786 2877 840 lucrum:
2911 788 3050 857 quod
3093 798 3147 842 et
3183 789 3382 842 evenit.
3430 787 3536 844 Cur

1946 885 2125 931 autem
2166 875 2413 931 Christus
2442 876 2740 932 centurioni
2784 892 2843 932 se
2873 878 3013 932 ultro
3050 877 3245 933 obtulit
3290 880 3484 935 iturum
3518 897 3533 935 :

1947 968 2035 1023 hic
2061 978 2238 1023 autem
2269 985 2336 1024 ne
2365 979 2579 1039 rogatus
2610 970 2823 1041 quidem
2858 970 2882 1023 ’ἱ
2922 971 3055 1038 Quia
3083 972 3155 1027 ibi
3186 973 3318 1028 ﬁdes
3350 975 3522 1043 perle-

1947 1071 2032 1114 cta
2058 1069 2195 1116 erat.
2228 1060 2353 1117 Ideo
2382 1076 2441 1117 se
2472 1063 2666 1117 iturum
2690 1063 2920 1128 obtulit,
2967 1075 3024 1120 ut
3063 1068 3161 1121 viri
3210 1068 3531 1137 probitatem

1947 1152 2310 1208 edisceremus
2360 1171 2372 1207 :
2417 1164 2472 1208 at
2522 1154 2736 1225 regulus
2778 1154 2954 1210 adhuc
3002 1156 3346 1227 imperfectus
3394 1170 3533 1215 erat.

1947 1244 2078 1309 Quia
2106 1259 2233 1314 ergo
2260 1244 2545 1298 admodum
2589 1245 2824 1301 instabat
2851 1246 3062 1311 dicens,
3100 1247 3384 1317 Descende,
3409 1267 3535 1308 ncc-

1946 1334 2074 1389 dum
2126 1336 2326 1390 sciebat
2375 1337 2548 1407 ipsum
2592 1338 2676 1391 vel
2708 1337 2984 1393 absentem
3015 1354 3174 1408 posse
3219 1356 3449 1407 sanare;
3481 1344 3531 1397 id

1946 1439 2006 1480 se
2037 1441 2195 1495 posse
2226 1428 2495 1493 ostendit;
2530 1437 2586 1483 ut
2624 1444 2781 1498 quam
2815 1445 2909 1498 per
2937 1444 2994 1483 se
3019 1433 3261 1485 centurio
3291 1435 3531 1488 notitiam

1948 1517 2195 1584 habebat,
2226 1533 2342 1572 eam
2370 1520 2584 1589 regulus
2610 1535 2714 1574 non
2743 1520 3032 1576 accedente
3055 1521 3184 1576 Jesu
3206 1524 3528 1593 acquireret.

1945 1606 2078 1661 Cum
2108 1609 2283 1677 itaque
2310 1610 2458 1675 dicit,
2489 1608 2610 1663 Nisi
2633 1611 2780 1681 signa
2810 1619 2855 1664 et
2893 1612 3127 1681 prodigia
3152 1614 3397 1680 videritis,
3422 1633 3523 1669 non

1945 1703 2147 1756 creditis
2171 1744 2186 1769 ,
2220 1702 2322 1757 hoc
2364 1703 2660 1772 signiﬁcat,
2692 1705 3005 1774 congruenti
3052 1704 3155 1760 ﬁde
3183 1707 3417 1762 nondum
3448 1709 3532 1762 in-

1953 1794 2142 1849 structi
2181 1795 2311 1849 estis
2343 1811 2357 1861 ;
2394 1796 2486 1850 sed
2518 1795 2693 1851 adhuc
2735 1812 2823 1851 me
2852 1806 2911 1851 ut
2942 1797 3252 1867 prophetam
3304 1799 3528 1855 habetis.

1951 1884 2082 1952 Quis
2110 1900 2239 1955 ergo
2266 1885 2381 1954 ipse
2404 1887 2472 1939 sit
2500 1886 2784 1954 rcvelans,
2812 1897 2867 1943 et
2904 1889 3194 1943 ostendens
3225 1892 3386 1943 etiam
3417 1891 3534 1947 sine

1947 1976 2222 2031 miraculis
2243 1976 2342 2031 sibi
2372 1977 2701 2031 credendum
2729 1992 2870 2044 esse,
2902 1979 3088 2033 eadem
3120 1972 3229 2047 ipsa
3261 1996 3379 2049 qum
3407 1981 3532 2035 Phi-

1948 2068 2095 2138 lippo
2122 2068 2257 2123 dixit
2292 2090 2305 2123 :
2338 2068 2460 2123 Non
2506 2070 2671 2124 credis
2713 2071 2832 2141 quia
2874 2088 2964 2142 ego
3001 2074 3052 2124 iu
3082 2070 3273 2138 Putre,
3301 2085 3349 2127 et
3380 2072 3533 2128 l’atrr

1945 2161 2000 2213 in
2030 2176 2109 2213 me
2137 2171 2210 2215 est
2239 2161 2266 2213 ?
2310 2160 2422 2214 Etsi
2451 2161 2574 2214 milii
2602 2178 2703 2214 non
2730 2161 2879 2216 ruitis
2908 2163 3127 2226 credere,
3159 2166 3393 2231 operibus
3421 2180 3532 2218 cre-

1947 2253 2050 2306 dite
2079 2251 2100 2325 (
2117 2251 2274 2306 Joan.
2308 2253 2390 2308 l4.
2427 2253 2490 2307 l0
2511 2253 2551 2323 ).
2583 2252 2707 2307 Jam
2733 2264 2901 2309 autem
2927 2271 2985 2308 eo
3030 2255 3377 2320 descendente,
3406 2258 3533 2311 scrri

1946 2354 2273 2399 occurrerunt
2318 2344 2366 2398 ei
2410 2346 2669 2412 dicentes,
2715 2346 2834 2415 quia
2874 2346 3015 2413 ﬁlius
3045 2346 3153 2415 ejus
3190 2348 3394 2403 viveret.
3440 2348 3531 2405 5‘2.

1947 2437 2303 2509 Interrogabat
2328 2454 2449 2507 ergo
2479 2438 2657 2492 harant
2682 2439 2746 2492 ab
2766 2438 2855 2497 eis.
2880 2439 2931 2493 in
2955 2455 3054 2510 qua
3080 2440 3258 2493 melius
3280 2440 3532 2493 habuerit.

1949 2529 2019 2585 Et
2064 2531 2299 2585 dixerunt
2337 2530 2406 2596 ei,
2453 2530 2589 2598 Quia
2615 2531 2724 2584 lteri
2767 2531 2894 2584 liora
2922 2534 3137 2599 septima
3176 2531 3376 2597 reliquit
3420 2548 3535 2585 eum

1948 2623 2123 2695 febris.
2158 2623 2245 2679 55.
2278 2621 2522 2694 Cognovit
2560 2639 2681 2694 ergo
2720 2633 2883 2695 pater,
2922 2623 3040 2693 quia
3061 2623 3153 2677 illa
3176 2623 3300 2676 liora
3326 2634 3457 2690 erat,
3481 2624 3534 2679 in

1947 2732 2048 2786 qua
2064 2716 2190 2770 dixit
2210 2717 2254 2769 ei
2273 2714 2310 2769 1
2313 2732 2447 2783 esus,
2468 2716 2601 2784 quod
2616 2715 2753 2784 ﬁlius
2768 2715 2878 2786 ejus
2889 2716 3087 2769 viveret.
3100 2714 3161 2767 Et
3176 2715 3385 2768 credidit
3406 2716 3422 2767 i
3426 2731 3535 2784 pse,

1947 2817 1997 2861 et
2026 2808 2205 2861 donms
2230 2807 2340 2877 ejus
2367 2816 2489 2861 tota.
2520 2806 2710 2862 Viden’
2731 2822 2837 2877 quo
2865 2816 3018 2875 pacto
3043 2805 3356 2862 miraculum
3386 2806 3537 2861 evul-

1947 2910 2129 2971 gatum
2156 2901 2272 2954 sit?
2299 2899 2479 2971 Neque
2510 2900 2717 2970 vulgari
2755 2899 2913 2953 modo
2951 2915 2979 2954 a
3010 2899 3251 2970 perieulo
3281 2899 3535 2955 liberatus

1948 3002 2064 3057 est,
2112 2992 2205 3047 sed
2245 2993 2526 3047 confestim
2549 3034 2564 3059 ,
2600 2993 2667 3045 ita
2701 3001 2758 3045 ut
2786 2992 2984 3061 liqueat
3014 3007 3125 3047 rem
3156 3007 3260 3047 n0n
3292 3008 3358 3046 ex
3391 3003 3539 3045 natu-

1949 3084 2047 3137 rali
2096 3084 2255 3148 serie,
2301 3083 2397 3138 sed
2448 3099 2512 3137 ex
2558 3083 2751 3137 Christi
2783 3083 3094 3152 operatione
3143 3082 3339 3138 factam
3389 3098 3532 3139 esse.

1949 3174 2079 3230 Nam
2109 3191 2229 3230 cum
2260 3174 2325 3228 ad
2356 3176 2466 3244 ipsa
2513 3174 2701 3229 mortis
2734 3173 2916 3228 limina
2948 3174 3303 3243 pervenisset,
3348 3184 3404 3228 ut
3442 3174 3540 3230 de-

1948 3268 2172 3323 claravit
2200 3276 2351 3337 pater
2376 3266 2460 3321 bis
2484 3266 2684 3330 verbis,
2721 3265 2998 3331 Descende,
3026 3266 3319 3336 priusquam
3347 3268 3536 3321 morin-

1952 3369 2036 3411 tur
2076 3359 2214 3425 ﬁlius
2261 3374 2431 3423 meus,
2462 3357 2642 3412 subito
2670 3372 2736 3412 ex
2782 3356 2972 3411 morbo
2999 3366 3215 3426 ereptus
3256 3366 3341 3412 est
3372 3375 3386 3413 :
3414 3372 3538 3428 qua:

1948 3463 2039 3504 res
2081 3454 2239 3523 etiam
2284 3458 2470 3505 servos
2500 3449 2769 3504 excitavit.
2804 3448 2957 3504 Servi
2984 3449 3127 3503 enim
3173 3448 3400 3505 fortasse
3428 3466 3539 3506 non

1952 3551 2010 3594 ut
2040 3540 2331 3595 nuntiaturi
2379 3551 2607 3607 tantum,
2638 3542 2732 3597 sed
2773 3550 2831 3596 nt
2855 3541 3182 3613 superﬂuum
3211 3542 3407 3599 Christi
3438 3545 3537 3600 ad-
3618 3559 3625 3565 '

1951 3643 2167 3688 ventum
2216 3644 2482 3702 putantes,
2516 3635 2725 3688 obviam
2768 3643 3050 3690 venerunt.
3097 3635 3349 3692 Sciebant
3392 3638 3535 3693 enim

1952 3723 2124 3794 ipsum
2146 3724 2255 3794 jam
2284 3724 2411 3777 illuc
2431 3724 2723 3785 adventare
2748 3748 2761 3784 :
2784 3726 2923 3782 unde
2952 3727 3138 3781 eodem
3170 3730 3358 3784 itinere
3385 3729 3536 3785 illum

1952 3824 2340 3870 convenerunt.
2386 3815 2622 3885 Regulus
2650 3826 2827 3871 autem
2848 3858 2861 3881 ,
2897 3819 3069 3887 posito
3102 3820 3295 3876 timore
3320 3864 3336 3887 ,
3369 3820 3434 3876 ad
3468 3821 3537 3876 ﬁ-

1952 3906 2075 3960 dem
2104 3907 2350 3971 accedit,
2387 3916 2442 3959 ut
2479 3906 2726 3961 ostendet
2757 3922 2822 3961 ex
2876 3907 3044 3974 ipsius
3071 3908 3401 3977 profectione
3425 3910 3532 3966 hoc

1952 4013 2089 4067 Opus
2127 4009 2406 4068 sequutum
2452 4013 2594 4064 esse,
2640 4013 2704 4051 ac
2751 3998 2968 4053 demum
3011 3998 3061 4053 id
3089 3999 3375 4070 diligenter
3403 4005 3531 4071 agit,

1954 4100 2013 4144 ut
2051 4105 2119 4145 ne
2148 4090 2389 4144 videatur
2414 4089 2587 4159 ipsum
2627 4088 2820 4144 frustra
2865 4089 3160 4158 profectum
3188 4107 3346 4160 esse;
3372 4108 3541 4163 quare

1955 4189 2203 4236 accurate
2242 4179 2418 4234 omnia
2451 4180 2767 4235 sciscitatur.
2802 4178 2871 4234 Et
2902 4182 3115 4235 credidit
3159 4184 3298 4250 ipse,
3346 4194 3394 4239 et
3442 4187 3539 4239 do-

1955 4289 2068 4327 mus
2111 4272 2223 4342 ejus
2268 4280 2389 4326 tota.
2443 4271 2577 4326 Nam
2622 4272 2748 4326 nulli
2801 4288 3023 4342 prorsus
3053 4274 3216 4329 dubio
3245 4275 3535 4332 obnoxium

1956 4373 2074 4419 erat
2117 4363 2499 4418 testimonium.
2529 4362 2628 4432 Qui
2659 4363 2801 4418 enim
2833 4379 3005 4433 neque
3035 4365 3336 4435 adfuerant,
3366 4383 3542 4439 neque

1956 4454 2227 4510 Christum
2256 4455 2554 4523 audierant,
2584 4470 2754 4526 neque
2786 4467 2993 4527 tempus
3022 4469 3303 4524 noverant,
3341 4459 3427 4515 ubi
3472 4463 3541 4517 ab

1960 4548 2092 4601 hero
2121 4562 2221 4602 suo
2246 4547 2567 4607 didicerunt.
2596 4548 2734 4602 idem
2781 4549 2952 4618 ipsum
2992 4564 3114 4604 esse
3158 4560 3390 4621 tempus,
3422 4566 3540 4607 cer-

1962 4640 2218 4693 tissimarn
2238 4638 2473 4693 habuere
2497 4638 2693 4694 Christi
2719 4640 2968 4710 potentia:
2988 4639 3500 4697 demonstrationem
3524 4658 3544 4709 ;

1962 4730 2083 4786 ideo
2108 4739 2164 4786 et
2196 4730 2293 4800 ipsi
2322 4729 2682 4788 crediderunt.

2036 4821 2174 4877 Deus
2192 4840 2305 4878 cum
2326 4824 2377 4877 in
2404 4827 2658 4896 prosperis
2682 4835 2790 4878 tum
2812 4827 2862 4879 in
2879 4825 3102 4880 adversis
3122 4826 3409 4899 diligendus
3429 4839 3502 4884 est
3525 4845 3546 4884 .·

1964 4916 2093 4970 nihil
2126 4933 2219 4971 nos
2256 4916 2319 4971 ab
2348 4917 2445 4971 ista
2480 4918 2746 4972 dilectione
2768 4928 2988 4972 auertere
3009 4919 3381 4987 debet—Quid
3415 4937 3547 4993 ergo

1967 5025 2063 5079 per
2103 5010 2219 5064 huic
2255 5010 2559 5066 docemur?
2584 5010 2658 5065 Ne
2689 5010 2940 5064 miracula
2984 5021 3377 5081 csSpectcinus,
3408 5027 3548 5068 neve

1966 5101 2162 5155 divina:
2221 5102 2472 5171 potentiae
2521 5103 2740 5171 pignora
2796 5116 3122 5171 qumramns.
3174 5101 3271 5156 llic
3318 5118 3550 5173 namque

1969 5193 2165 5248 mulos
2192 5193 2349 5247 video
2369 5232 2382 5255 ,
2406 5193 2494 5262 qui
2521 5207 2640 5246 cum
2670 5191 2753 5246 vel
2786 5191 2896 5247 ﬁlio
2927 5192 3011 5248 vel
3044 5209 3210 5248 uxore
3234 5205 3548 5264 :rgrotante,

1969 5283 2168 5355 aliquid
2213 5284 2387 5337 solatii
2415 5298 2670 5352 accepere
2690 5324 2705 5348 ,
2736 5283 2992 5353 majorem
3020 5300 3144 5355 erga
3176 5286 3342 5341 Deum
3375 5285 3549 5356 pieta-

1973 5383 2079 5429 tem
2106 5372 2488 5430 exbibuerunt.
2531 5372 2751 5427 Etiamsi
2783 5388 2909 5429 vero
2945 5388 3051 5429 non
3097 5376 3466 5438 exaudiamnr,
3495 5377 3551 5431 in

1970 5464 2256 5535 gratiarum
2299 5462 2510 5518 actione
2534 5473 2585 5518 et
2611 5463 2766 5519 laude
2799 5479 3141 5534 perseverare
3170 5484 3265 5535 par
3291 5476 3394 5523 est.
3438 5467 3554 5523 Hoc

1971 5555 2167 5624 quippe
2214 5551 2449 5607 ﬁdelium
2495 5568 2775 5609 servorum
2823 5566 2945 5623 est,
2989 5556 3090 5613 hoc
3127 5558 3458 5628 diligentiam
3497 5571 3553 5616 et

1977 5648 2254 5702 Dominum
2285 5656 2343 5699 ut
2375 5659 2468 5717 par
2503 5654 2586 5703 est
2608 5648 2916 5717 amantium,
2948 5663 2999 5707 ut
3030 5666 3131 5706 non
3155 5649 3311 5706 modo
3330 5650 3383 5705 in
3412 5659 3552 5706 uan-
