  <div class='ocr_page' id='page_1' title='image "/cluster/home/n/w/nwhite01/storage/ocr_20150623/59/hvd.32044052786589/205.png"; bbox 0 0 4070 6214; ppageno 0'>
   <div class='ocr_carea' id='block_1_1' title="bbox 442 232 547 290">
    <p class='ocr_par' dir='ltr' id='par_1_1' title="bbox 442 232 547 290">
     <span class='ocr_line' id='line_1_1' title="bbox 442 232 547 290; baseline 0.019 -2"><span class='ocrx_word' id='word_1_1' title='bbox 442 232 547 290; x_wconf 69' lang='grc'><strong>205</strong></span> 
     </span>
    </p>
   </div>
   <div class='ocr_carea' id='block_1_2' title="bbox 444 331 2028 415">
    <p class='ocr_par' dir='ltr' id='par_1_2' title="bbox 444 331 2028 415">
     <span class='ocr_line' id='line_1_2' title="bbox 444 331 2028 415; baseline -0.014 -14"><span class='ocrx_word' id='word_1_2' title='bbox 444 346 737 415; x_wconf 83' lang='lat' dir='ltr'><strong>quillitate,</strong></span> <span class='ocrx_word' id='word_1_3' title='bbox 768 340 861 398; x_wconf 85' lang='lat' dir='ltr'><strong>sed</strong></span> <span class='ocrx_word' id='word_1_4' title='bbox 892 339 1052 397; x_wconf 88' lang='lat' dir='ltr'><strong>etiam</strong></span> <span class='ocrx_word' id='word_1_5' title='bbox 1083 338 1135 393; x_wconf 87' lang='lat' dir='ltr'><strong>in</strong></span> <span class='ocrx_word' id='word_1_6' title='bbox 1179 335 1432 392; x_wconf 65' lang='lat' dir='ltr'><strong>aerumnis</strong></span> <span class='ocrx_word' id='word_1_7' title='bbox 1460 332 1525 387; x_wconf 89' lang='lat' dir='ltr'><strong>ad</strong></span> <span class='ocrx_word' id='word_1_8' title='bbox 1553 331 1698 386; x_wconf 90' lang='lat' dir='ltr'><strong>illum</strong></span> <span class='ocrx_word' id='word_1_9' title='bbox 1726 338 2028 384; x_wconf 73' lang='lat' dir='ltr'><strong>accurrunt.</strong></span> 
     </span>
    </p>
   </div>
   <div class='ocr_carea' id='block_1_3' title="bbox 1146 214 2934 282">
    <p class='ocr_par' dir='ltr' id='par_1_3' title="bbox 1146 214 2934 282">
     <span class='ocr_line' id='line_1_3' title="bbox 1146 214 2934 282; baseline -0.004 -2"><span class='ocrx_word' id='word_1_10' title='bbox 1146 224 1203 282; x_wconf 85' lang='lat' dir='ltr'><strong>S.</strong></span> <span class='ocrx_word' id='word_1_11' title='bbox 1242 219 1519 280; x_wconf 73' lang='lat' dir='ltr'><strong>JOANNIS</strong></span> <span class='ocrx_word' id='word_1_12' title='bbox 1541 216 2018 277; x_wconf 69' lang='lat' dir='ltr'><strong>CllRYSOSTOMI</strong></span> <span class='ocrx_word' id='word_1_13' title='bbox 2049 214 2369 273; x_wconf 78' lang='lat' dir='ltr'><strong>AliClilEP.</strong></span> <span class='ocrx_word' id='word_1_14' title='bbox 2401 216 2934 276; x_wconf 69' lang='lat' dir='ltr'><strong>CONSTANTINOP.</strong></span> 
     </span>
    </p>
   </div>
   <div class='ocr_carea' id='block_1_4' title="bbox 2128 230 3730 400">
    <p class='ocr_par' dir='ltr' id='par_1_4' title="bbox 2128 230 3730 400">
     <span class='ocr_line' id='line_1_4' title="bbox 2128 230 3729 285; baseline 0.001 -13"><span class='ocrx_word' id='word_1_15' title='bbox 2128 230 2369 273; x_wconf 69' lang='grc' dir='ltr'>ιυιιιιςιι.</span> <span class='ocrx_word' id='word_1_16' title='bbox 2401 230 2934 276; x_wconf 70' lang='lat' dir='ltr'><strong>UUNS&#39;I&#39;AM‘INUP.</strong></span> <span class='ocrx_word' id='word_1_17' title='bbox 3618 230 3729 285; x_wconf 56' lang='grc' dir='ltr'><strong>τοι</strong></span> 
     </span>
     <span class='ocr_line' id='line_1_5' title="bbox 2128 320 3730 400; baseline 0.008 -20"><span class='ocrx_word' id='word_1_18' title='bbox 2128 320 2500 397; x_wconf 77' lang='lat' dir='ltr'><strong>gravissimum</strong></span> <span class='ocrx_word' id='word_1_19' title='bbox 2525 325 2759 383; x_wconf 85' lang='lat' dir='ltr'><strong>audieris</strong></span> <span class='ocrx_word' id='word_1_20' title='bbox 2787 345 2801 393; x_wconf 87' lang='lat'><strong>;</strong></span> <span class='ocrx_word' id='word_1_21' title='bbox 2840 342 3015 400; x_wconf 83' lang='lat' dir='ltr'><strong>neque</strong></span> <span class='ocrx_word' id='word_1_22' title='bbox 3047 330 3125 386; x_wconf 87' lang='lat' dir='ltr'><strong>sic</strong></span> <span class='ocrx_word' id='word_1_23' title='bbox 3149 344 3178 384; x_wconf 91' lang='lat' dir='ltr'><strong>a</strong></span> <span class='ocrx_word' id='word_1_24' title='bbox 3208 330 3320 387; x_wconf 90' lang='lat' dir='ltr'><strong>Deo</strong></span> <span class='ocrx_word' id='word_1_25' title='bbox 3349 331 3595 391; x_wconf 74' lang='lat' dir='ltr'><strong>laudibus</strong></span> <span class='ocrx_word' id='word_1_26' title='bbox 3620 342 3730 393; x_wconf 61' lang='lat' dir='ltr'><strong>ce”-</strong></span> 
     </span>
    </p>
   </div>
   <div class='ocr_carea' id='block_1_5' title="bbox 445 419 3732 508">
    <p class='ocr_par' dir='ltr' id='par_1_5' title="bbox 445 419 3732 508">
     <span class='ocr_line' id='line_1_6' title="bbox 445 419 3732 508; baseline -0.002 -14"><span class='ocrx_word' id='word_1_27' title='bbox 445 439 570 494; x_wconf 69' lang='lat' dir='ltr'><strong>llme</strong></span> <span class='ocrx_word' id='word_1_28' title='bbox 609 435 808 508; x_wconf 81' lang='lat' dir='ltr'><strong>quippe</strong></span> <span class='ocrx_word' id='word_1_29' title='bbox 833 441 958 489; x_wconf 87' lang='lat' dir='ltr'><strong>sunt</strong></span> <span class='ocrx_word' id='word_1_30' title='bbox 986 430 1080 486; x_wconf 88' lang='lat' dir='ltr'><strong>Dei</strong></span> <span class='ocrx_word' id='word_1_31' title='bbox 1110 426 1459 501; x_wconf 73' lang='lat' dir='ltr'><strong>providentiae</strong></span> <span class='ocrx_word' id='word_1_32' title='bbox 1483 437 1683 494; x_wconf 82' lang='lat' dir='ltr'><strong>opera:</strong></span> <span class='ocrx_word' id='word_1_33' title='bbox 1718 421 1879 486; x_wconf 84' lang='lat' dir='ltr'><strong>Quem</strong></span> <span class='ocrx_word' id='word_1_34' title='bbox 1903 419 2034 473; x_wconf 84' lang='lat' dir='ltr'><strong>enim</strong></span> <span class='ocrx_word' id='word_1_35' title='bbox 2125 419 2385 475; x_wconf 86' lang='lat' dir='ltr'><strong>lebraudo</strong></span> <span class='ocrx_word' id='word_1_36' title='bbox 2405 420 2768 477; x_wconf 77' lang='lat' dir='ltr'><strong>absistendum</strong></span> <span class='ocrx_word' id='word_1_37' title='bbox 2790 438 2804 486; x_wconf 85' lang='lat'><strong>;</strong></span> <span class='ocrx_word' id='word_1_38' title='bbox 2828 421 2924 477; x_wconf 89' lang='lat' dir='ltr'><strong>sed</strong></span> <span class='ocrx_word' id='word_1_39' title='bbox 2953 423 3132 477; x_wconf 83' lang='lat' dir='ltr'><strong>omnia</strong></span> <span class='ocrx_word' id='word_1_40' title='bbox 3162 438 3260 492; x_wconf 89' lang='lat' dir='ltr'><strong>pro</strong></span> <span class='ocrx_word' id='word_1_41' title='bbox 3287 424 3404 496; x_wconf 79' lang='lat' dir='ltr'><strong>ejus</strong></span> <span class='ocrx_word' id='word_1_42' title='bbox 3430 425 3732 486; x_wconf 78' lang='lat' dir='ltr'><strong>dilectione</strong></span> 
     </span>
    </p>
   </div>
   <div class='ocr_carea' id='block_1_6' title="bbox 443 510 2038 601">
    <p class='ocr_par' dir='ltr' id='par_1_6' title="bbox 443 510 2038 601">
     <span class='ocr_line' id='line_1_7' title="bbox 443 510 2038 601; baseline -0.015 -16"><span class='ocrx_word' id='word_1_43' title='bbox 443 529 610 601; x_wconf 84' lang='lat' dir='ltr'><strong>diligit</strong></span> <span class='ocrx_word' id='word_1_44' title='bbox 650 526 934 591; x_wconf 85' lang='lat' dir='ltr'><strong>Dominus,</strong></span> <span class='ocrx_word' id='word_1_45' title='bbox 982 522 1238 592; x_wconf 85' lang='lat' dir='ltr'><strong>castigat:</strong></span> <span class='ocrx_word' id='word_1_46' title='bbox 1268 517 1496 590; x_wconf 81' lang='lat' dir='ltr'><strong>ﬂagellat</strong></span> <span class='ocrx_word' id='word_1_47' title='bbox 1533 523 1700 568; x_wconf 85' lang='lat' dir='ltr'><strong>autent</strong></span> <span class='ocrx_word' id='word_1_48' title='bbox 1745 527 1942 601; x_wconf 88' lang='lat' dir='ltr'><strong>omnem</strong></span> <span class='ocrx_word' id='word_1_49' title='bbox 1970 510 2038 579; x_wconf 78' lang='lat' dir='ltr'><strong>[i-</strong></span> 
     </span>
    </p>
   </div>
   <div class='ocr_carea' id='block_1_7' title="bbox 446 600 2033 687">
    <p class='ocr_par' dir='ltr' id='par_1_7' title="bbox 446 600 2033 687">
     <span class='ocr_line' id='line_1_8' title="bbox 446 600 2033 687; baseline -0.013 -13"><span class='ocrx_word' id='word_1_50' title='bbox 446 600 606 683; x_wconf 76' lang='lat' dir='ltr'><strong>tintn,</strong></span> <span class='ocrx_word' id='word_1_51' title='bbox 646 633 792 687; x_wconf 80' lang='lat' dir='ltr'><strong>quem</strong></span> <span class='ocrx_word' id='word_1_52' title='bbox 822 613 1034 684; x_wconf 83' lang='lat' dir='ltr'><strong>suscipit</strong></span> <span class='ocrx_word' id='word_1_53' title='bbox 1060 611 1257 685; x_wconf 80' lang='lat' dir='ltr'><strong>(Hebr.</strong></span> <span class='ocrx_word' id='word_1_54' title='bbox 1283 608 1370 664; x_wconf 71' lang='grc'><strong>12.</strong></span> <span class='ocrx_word' id='word_1_55' title='bbox 1402 605 1495 677; x_wconf 86' lang='grc' dir='ltr'><strong>ϐ).</strong></span> <span class='ocrx_word' id='word_1_56' title='bbox 1534 604 1634 671; x_wconf 86' lang='lat' dir='ltr'><strong>Qui</strong></span> <span class='ocrx_word' id='word_1_57' title='bbox 1673 613 1850 657; x_wconf 90' lang='lat' dir='ltr'><strong>autem</strong></span> <span class='ocrx_word' id='word_1_58' title='bbox 1882 600 2033 655; x_wconf 90' lang='lat' dir='ltr'><strong>illum</strong></span> 
     </span>
    </p>
   </div>
   <div class='ocr_carea' id='block_1_8' title="bbox 443 691 2035 778">
    <p class='ocr_par' dir='ltr' id='par_1_8' title="bbox 443 691 2035 778">
     <span class='ocr_line' id='line_1_9' title="bbox 443 691 2035 778; baseline -0.014 -11"><span class='ocrx_word' id='word_1_59' title='bbox 443 713 494 767; x_wconf 90' lang='lat' dir='ltr'><strong>in</strong></span> <span class='ocrx_word' id='word_1_60' title='bbox 532 707 914 778; x_wconf 85' lang='lat' dir='ltr'><strong>tranquillitate</strong></span> <span class='ocrx_word' id='word_1_61' title='bbox 956 704 1127 760; x_wconf 86' lang='lat' dir='ltr'><strong>solum</strong></span> <span class='ocrx_word' id='word_1_62' title='bbox 1168 701 1326 763; x_wconf 90' lang='lat' dir='ltr'><strong>colit,</strong></span> <span class='ocrx_word' id='word_1_63' title='bbox 1362 713 1465 752; x_wconf 91' lang='lat' dir='ltr'><strong>non</strong></span> <span class='ocrx_word' id='word_1_64' title='bbox 1494 694 1625 749; x_wconf 90' lang='lat' dir='ltr'><strong>tanti</strong></span> <span class='ocrx_word' id='word_1_65' title='bbox 1652 693 1851 747; x_wconf 88' lang='lat' dir='ltr'><strong>amoris</strong></span> <span class='ocrx_word' id='word_1_66' title='bbox 1886 691 2035 760; x_wconf 89' lang='lat' dir='ltr'><strong>signa</strong></span> 
     </span>
    </p>
   </div>
   <div class='ocr_carea' id='block_1_9' title="bbox 443 781 2034 868">
    <p class='ocr_par' dir='ltr' id='par_1_9' title="bbox 443 781 2034 868">
     <span class='ocr_line' id='line_1_10' title="bbox 443 781 2034 868; baseline -0.013 -11"><span class='ocrx_word' id='word_1_67' title='bbox 443 800 675 865; x_wconf 68' lang='lat' dir='ltr'><strong>exhibet,</strong></span> <span class='ocrx_word' id='word_1_68' title='bbox 708 812 888 868; x_wconf 85' lang='lat' dir='ltr'><strong>neque</strong></span> <span class='ocrx_word' id='word_1_69' title='bbox 918 810 1049 867; x_wconf 91' lang='lat' dir='ltr'><strong>pure</strong></span> <span class='ocrx_word' id='word_1_70' title='bbox 1075 794 1346 850; x_wconf 86' lang='lat' dir='ltr'><strong>Christum</strong></span> <span class='ocrx_word' id='word_1_71' title='bbox 1377 796 1539 843; x_wconf 90' lang='lat' dir='ltr'><strong>amat.</strong></span> <span class='ocrx_word' id='word_1_72' title='bbox 1575 783 1778 854; x_wconf 82' lang='lat' dir='ltr'><strong>Ecquid</strong></span> <span class='ocrx_word' id='word_1_73' title='bbox 1824 781 1894 837; x_wconf 91' lang='lat' dir='ltr'><strong>de</strong></span> <span class='ocrx_word' id='word_1_74' title='bbox 1938 797 2034 837; x_wconf 92' lang='lat' dir='ltr'><strong>va-</strong></span> 
     </span>
    </p>
   </div>
   <div class='ocr_carea' id='block_1_10' title="bbox 445 878 2040 961">
    <p class='ocr_par' dir='ltr' id='par_1_10' title="bbox 445 878 2040 961">
     <span class='ocr_line' id='line_1_11' title="bbox 445 878 2040 961; baseline -0.016 -10"><span class='ocrx_word' id='word_1_75' title='bbox 445 892 700 959; x_wconf 89' lang='lat' dir='ltr'><strong>letudine,</strong></span> <span class='ocrx_word' id='word_1_76' title='bbox 745 890 814 945; x_wconf 90' lang='lat' dir='ltr'><strong>de</strong></span> <span class='ocrx_word' id='word_1_77' title='bbox 851 889 1043 961; x_wconf 90' lang='lat' dir='ltr'><strong>opibus</strong></span> <span class='ocrx_word' id='word_1_78' title='bbox 1081 885 1290 955; x_wconf 90' lang='lat' dir='ltr'><strong>loquor,</strong></span> <span class='ocrx_word' id='word_1_79' title='bbox 1351 881 1477 953; x_wconf 88' lang='lat' dir='ltr'><strong>quid</strong></span> <span class='ocrx_word' id='word_1_80' title='bbox 1523 878 1591 933; x_wconf 91' lang='lat' dir='ltr'><strong>de</strong></span> <span class='ocrx_word' id='word_1_81' title='bbox 1630 883 1944 946; x_wconf 87' lang='lat' dir='ltr'><strong>paupertate</strong></span> <span class='ocrx_word' id='word_1_82' title='bbox 1984 880 2040 927; x_wconf 92' lang='lat' dir='ltr'><strong>et</strong></span> 
     </span>
    </p>
   </div>
   <div class='ocr_carea' id='block_1_11' title="bbox 445 965 2037 1057">
    <p class='ocr_par' dir='ltr' id='par_1_11' title="bbox 445 965 2037 1057">
     <span class='ocr_line' id='line_1_12' title="bbox 445 965 2037 1057; baseline -0.014 -15"><span class='ocrx_word' id='word_1_83' title='bbox 445 984 633 1041; x_wconf 64' lang='lat' dir='ltr'><strong>morbi</strong></span> <span class='ocrx_word' id='word_1_84' title='bbox 655 983 680 1038; x_wconf 71' lang='lat'><strong><em>2</em></strong></span> <span class='ocrx_word' id='word_1_85' title='bbox 706 982 857 1057; x_wconf 77' lang='lat' dir='ltr'><strong>Licet</strong></span> <span class='ocrx_word' id='word_1_86' title='bbox 883 980 1029 1037; x_wconf 88' lang='lat' dir='ltr'><strong>enim</strong></span> <span class='ocrx_word' id='word_1_87' title='bbox 1060 976 1382 1048; x_wconf 76' lang='lat' dir='ltr'><strong>gehennam,</strong></span> <span class='ocrx_word' id='word_1_88' title='bbox 1410 973 1538 1028; x_wconf 83' lang='lat' dir='ltr'><strong>licet</strong></span> <span class='ocrx_word' id='word_1_89' title='bbox 1577 969 1723 1023; x_wconf 82' lang='lat' dir='ltr'><strong>aliud</strong></span> <span class='ocrx_word' id='word_1_90' title='bbox 1761 965 2037 1037; x_wconf 81' lang='lat' dir='ltr'><strong>quidpiam</strong></span> 
     </span>
    </p>
   </div>
   <div class='ocr_carea' id='block_1_12' title="bbox 2130 508 3727 578">
    <p class='ocr_par' dir='ltr' id='par_1_12' title="bbox 2130 508 3727 578">
     <span class='ocr_line' id='line_1_13' title="bbox 2130 508 3727 578; baseline 0.008 -14"><span class='ocrx_word' id='word_1_91' title='bbox 2130 508 2373 567; x_wconf 77' lang='lat' dir='ltr'><strong>ferenda.</strong></span> <span class='ocrx_word' id='word_1_92' title='bbox 2403 510 2516 566; x_wconf 90' lang='lat' dir='ltr'><strong>lloc</strong></span> <span class='ocrx_word' id='word_1_93' title='bbox 2553 512 2727 567; x_wconf 89' lang='lat' dir='ltr'><strong>fidelis</strong></span> <span class='ocrx_word' id='word_1_94' title='bbox 2754 513 2926 578; x_wconf 89' lang='lat' dir='ltr'><strong>servi,</strong></span> <span class='ocrx_word' id='word_1_95' title='bbox 2970 512 3074 570; x_wconf 86' lang='lat' dir='ltr'><strong>hoc</strong></span> <span class='ocrx_word' id='word_1_96' title='bbox 3096 516 3396 571; x_wconf 90' lang='lat' dir='ltr'><strong>constantis</strong></span> <span class='ocrx_word' id='word_1_97' title='bbox 3416 517 3582 574; x_wconf 88' lang='lat' dir='ltr'><strong>animi</strong></span> <span class='ocrx_word' id='word_1_98' title='bbox 3608 527 3727 577; x_wconf 84' lang='lat' dir='ltr'><strong>est.</strong></span> 
     </span>
    </p>
   </div>
   <div class='ocr_carea' id='block_1_13' title="bbox 2127 603 3727 676">
    <p class='ocr_par' dir='ltr' id='par_1_13' title="bbox 2127 603 3727 676">
     <span class='ocr_line' id='line_1_14' title="bbox 2127 603 3727 676; baseline 0.004 -17"><span class='ocrx_word' id='word_1_99' title='bbox 2127 603 2228 672; x_wconf 88' lang='lat' dir='ltr'><strong>Qui</strong></span> <span class='ocrx_word' id='word_1_100' title='bbox 2259 603 2363 659; x_wconf 90' lang='lat' dir='ltr'><strong>hoc</strong></span> <span class='ocrx_word' id='word_1_101' title='bbox 2395 604 2616 659; x_wconf 78' lang='lat' dir='ltr'><strong>aﬂ‘ectus</strong></span> <span class='ocrx_word' id='word_1_102' title='bbox 2650 604 2809 661; x_wconf 92' lang='lat' dir='ltr'><strong>modo</strong></span> <span class='ocrx_word' id='word_1_103' title='bbox 2838 615 2941 668; x_wconf 86' lang='lat' dir='ltr'><strong>est.</strong></span> <span class='ocrx_word' id='word_1_104' title='bbox 2983 614 3039 661; x_wconf 89' lang='lat' dir='ltr'><strong>et</strong></span> <span class='ocrx_word' id='word_1_105' title='bbox 3065 608 3350 676; x_wconf 70' lang='lat' dir='ltr'><strong>prtesentia</strong></span> <span class='ocrx_word' id='word_1_106' title='bbox 3378 607 3537 665; x_wconf 82' lang='lat' dir='ltr'><strong>facile</strong></span> <span class='ocrx_word' id='word_1_107' title='bbox 3562 610 3727 667; x_wconf 82' lang='lat' dir='ltr'><strong>susti-</strong></span> 
     </span>
    </p>
   </div>
   <div class='ocr_carea' id='block_1_14' title="bbox 2129 693 3729 773">
    <p class='ocr_par' dir='ltr' id='par_1_14' title="bbox 2129 693 3729 773">
     <span class='ocr_line' id='line_1_15' title="bbox 2129 693 3729 773; baseline 0.006 -26"><span class='ocrx_word' id='word_1_108' title='bbox 2129 693 2311 759; x_wconf 80' lang='lat' dir='ltr'><strong>nebit,</strong></span> <span class='ocrx_word' id='word_1_109' title='bbox 2360 702 2416 749; x_wconf 87' lang='lat' dir='ltr'><strong>et</strong></span> <span class='ocrx_word' id='word_1_110' title='bbox 2463 696 2633 749; x_wconf 89' lang='lat' dir='ltr'><strong>futura</strong></span> <span class='ocrx_word' id='word_1_111' title='bbox 2676 704 3034 766; x_wconf 79' lang='lat' dir='ltr'><strong>consequetur</strong></span> <span class='ocrx_word' id='word_1_112' title='bbox 3078 697 3252 761; x_wconf 83' lang='lat' dir='ltr'><strong>bona,</strong></span> <span class='ocrx_word' id='word_1_113' title='bbox 3283 708 3339 753; x_wconf 91' lang='lat' dir='ltr'><strong>et</strong></span> <span class='ocrx_word' id='word_1_114' title='bbox 3381 699 3545 754; x_wconf 89' lang='lat' dir='ltr'><strong>multa</strong></span> <span class='ocrx_word' id='word_1_115' title='bbox 3586 701 3729 773; x_wconf 88' lang='lat' dir='ltr'><strong>apud</strong></span> 
     </span>
    </p>
   </div>
   <div class='ocr_carea' id='block_1_15' title="bbox 2129 784 3731 860">
    <p class='ocr_par' dir='ltr' id='par_1_15' title="bbox 2129 784 3731 860">
     <span class='ocr_line' id='line_1_16' title="bbox 2129 784 3731 860; baseline 0.006 -23"><span class='ocrx_word' id='word_1_116' title='bbox 2129 784 2292 838; x_wconf 85' lang='lat' dir='ltr'><strong>Deum</strong></span> <span class='ocrx_word' id='word_1_117' title='bbox 2323 784 2512 840; x_wconf 84' lang='lat' dir='ltr'><strong>tidueia</strong></span> <span class='ocrx_word' id='word_1_118' title='bbox 2551 786 2779 848; x_wconf 88' lang='lat' dir='ltr'><strong>fruetur,</strong></span> <span class='ocrx_word' id='word_1_119' title='bbox 2812 801 2971 857; x_wconf 90' lang='lat' dir='ltr'><strong>quam</strong></span> <span class='ocrx_word' id='word_1_120' title='bbox 2996 801 3095 842; x_wconf 85' lang='lat' dir='ltr'><strong>nos</strong></span> <span class='ocrx_word' id='word_1_121' title='bbox 3125 803 3316 844; x_wconf 87' lang='lat' dir='ltr'><strong>onmes</strong></span> <span class='ocrx_word' id='word_1_122' title='bbox 3349 791 3562 860; x_wconf 88' lang='lat' dir='ltr'><strong>assequi</strong></span> <span class='ocrx_word' id='word_1_123' title='bbox 3592 804 3731 847; x_wconf 65' lang='lat' dir='ltr'><strong>cono</strong></span> 
     </span>
    </p>
   </div>
   <div class='ocr_carea' id='block_1_16' title="bbox 2131 872 3728 945">
    <p class='ocr_par' dir='ltr' id='par_1_16' title="bbox 2131 872 3728 945">
     <span class='ocr_line' id='line_1_17' title="bbox 2131 872 3728 945; baseline 0.005 -17"><span class='ocrx_word' id='word_1_124' title='bbox 2131 872 2321 943; x_wconf 86' lang='lat' dir='ltr'><strong>tingat,</strong></span> <span class='ocrx_word' id='word_1_125' title='bbox 2346 874 2513 944; x_wconf 85' lang='lat' dir='ltr'><strong>gratia</strong></span> <span class='ocrx_word' id='word_1_126' title='bbox 2539 885 2596 930; x_wconf 90' lang='lat' dir='ltr'><strong>et</strong></span> <span class='ocrx_word' id='word_1_127' title='bbox 2615 875 2940 945; x_wconf 82' lang='lat' dir='ltr'><strong>benignitate</strong></span> <span class='ocrx_word' id='word_1_128' title='bbox 2972 877 3182 933; x_wconf 90' lang='lat' dir='ltr'><strong>Domini</strong></span> <span class='ocrx_word' id='word_1_129' title='bbox 3216 880 3383 934; x_wconf 86' lang='lat' dir='ltr'><strong>nostri</strong></span> <span class='ocrx_word' id='word_1_130' title='bbox 3408 880 3538 936; x_wconf 83' lang='lat' dir='ltr'><strong>Jesu</strong></span> <span class='ocrx_word' id='word_1_131' title='bbox 3566 879 3728 937; x_wconf 78' lang='lat' dir='ltr'><strong>Chri-</strong></span> 
     </span>
    </p>
   </div>
   <div class='ocr_carea' id='block_1_17' title="bbox 2131 964 3433 1037">
    <p class='ocr_par' dir='ltr' id='par_1_17' title="bbox 2131 964 3433 1037">
     <span class='ocr_line' id='line_1_18' title="bbox 2131 964 3433 1037; baseline 0.007 -19"><span class='ocrx_word' id='word_1_132' title='bbox 2131 964 2223 1031; x_wconf 91' lang='lat' dir='ltr'><strong>sti,</strong></span> <span class='ocrx_word' id='word_1_133' title='bbox 2252 966 2337 1020; x_wconf 89' lang='lat' dir='ltr'><strong>cui</strong></span> <span class='ocrx_word' id='word_1_134' title='bbox 2366 966 2534 1037; x_wconf 86' lang='lat' dir='ltr'><strong>gloria</strong></span> <span class='ocrx_word' id='word_1_135' title='bbox 2564 967 2617 1022; x_wconf 89' lang='lat' dir='ltr'><strong>in</strong></span> <span class='ocrx_word' id='word_1_136' title='bbox 2644 968 2841 1023; x_wconf 65' lang='lat' dir='ltr'><strong>saecula</strong></span> <span class='ocrx_word' id='word_1_137' title='bbox 2867 969 3205 1025; x_wconf 74' lang='lat' dir='ltr'><strong>saeculorum.</strong></span> <span class='ocrx_word' id='word_1_138' title='bbox 3239 971 3433 1027; x_wconf 77' lang='lat' dir='ltr'><strong>Amen.</strong></span> 
     </span>
    </p>
   </div>
   <div class='ocr_carea' id='block_1_18' title="bbox 453 1089 3718 1213">
    <p class='ocr_par' dir='ltr' id='par_1_18' title="bbox 453 1089 3718 1213">
     <span class='ocr_line' id='line_1_19' title="bbox 453 1089 3718 1213; baseline 0.005 -12"><span class='ocrx_word' id='word_1_139' title='bbox 453 1089 3718 1213; x_wconf 58' lang='grc' dir='ltr'><em>ᾜ</em></span> 
     </span>
    </p>
   </div>
   <div class='ocr_carea' id='block_1_19' title="bbox 445 1299 2026 1376">
    <p class='ocr_par' dir='ltr' id='par_1_19' title="bbox 445 1299 2026 1376">
     <span class='ocr_line' id='line_1_20' title="bbox 445 1299 2026 1376; baseline -0.016 -4"><span class='ocrx_word' id='word_1_140' title='bbox 445 1317 537 1373; x_wconf 69' lang='grc'><strong>54.</strong></span> <span class='ocrx_word' id='word_1_141' title='bbox 579 1313 690 1369; x_wconf 83' lang='lat' dir='ltr'><strong>Hoc</strong></span> <span class='ocrx_word' id='word_1_142' title='bbox 711 1313 892 1367; x_wconf 79' lang='lat' dir='ltr'><strong>iterum</strong></span> <span class='ocrx_word' id='word_1_143' title='bbox 916 1308 1197 1366; x_wconf 81' lang='lat' dir='ltr'><strong>secundum</strong></span> <span class='ocrx_word' id='word_1_144' title='bbox 1222 1306 1428 1376; x_wconf 86' lang='lat' dir='ltr'><strong>signum</strong></span> <span class='ocrx_word' id='word_1_145' title='bbox 1462 1300 1578 1374; x_wconf 80' lang='lat' dir='ltr'><strong>fecit</strong></span> <span class='ocrx_word' id='word_1_146' title='bbox 1597 1299 1769 1362; x_wconf 70' lang='lat' dir='ltr'><strong>Iesus,</strong></span> <span class='ocrx_word' id='word_1_147' title='bbox 1796 1312 1910 1350; x_wconf 87' lang='lat' dir='ltr'><strong>cum</strong></span> <span class='ocrx_word' id='word_1_148' title='bbox 1940 1309 2026 1349; x_wconf 82' lang='lat' dir='ltr'><strong>re-</strong></span> 
     </span>
    </p>
   </div>
   <div class='ocr_carea' id='block_1_20' title="bbox 518 1385 2029 1467">
    <p class='ocr_par' dir='ltr' id='par_1_20' title="bbox 518 1385 2029 1467">
     <span class='ocr_line' id='line_1_21' title="bbox 518 1385 2029 1467; baseline -0.015 -7"><span class='ocrx_word' id='word_1_149' title='bbox 518 1405 672 1460; x_wconf 83' lang='lat' dir='ltr'><strong>nisset</strong></span> <span class='ocrx_word' id='word_1_150' title='bbox 702 1422 732 1457; x_wconf 91' lang='lat' dir='ltr'><strong>a</strong></span> <span class='ocrx_word' id='word_1_151' title='bbox 769 1401 959 1457; x_wconf 65' lang='lat' dir='ltr'><strong>Iudaea</strong></span> <span class='ocrx_word' id='word_1_152' title='bbox 991 1402 1045 1455; x_wconf 89' lang='lat' dir='ltr'><strong>in</strong></span> <span class='ocrx_word' id='word_1_153' title='bbox 1073 1397 1361 1452; x_wconf 75' lang='lat' dir='ltr'><strong>Galilwam.</strong></span> <span class='ocrx_word' id='word_1_154' title='bbox 1396 1391 1555 1467; x_wconf 61' lang='lat' dir='ltr'><strong>,(Cap.</strong></span> <span class='ocrx_word' id='word_1_155' title='bbox 1586 1391 1641 1461; x_wconf 82' lang='lat'><strong>5)</strong></span> <span class='ocrx_word' id='word_1_156' title='bbox 1672 1391 1725 1447; x_wconf 77' lang='lat' dir='ltr'><strong>i.</strong></span> <span class='ocrx_word' id='word_1_157' title='bbox 1756 1386 1884 1442; x_wconf 89' lang='lat' dir='ltr'><strong>Post</strong></span> <span class='ocrx_word' id='word_1_158' title='bbox 1922 1385 2029 1439; x_wconf 70' lang='lat' dir='ltr'><strong>lucc</strong></span> 
     </span>
    </p>
   </div>
   <div class='ocr_carea' id='block_1_21' title="bbox 517 1477 2031 1567">
    <p class='ocr_par' dir='ltr' id='par_1_21' title="bbox 517 1477 2031 1567">
     <span class='ocr_line' id='line_1_22' title="bbox 517 1477 2031 1567; baseline -0.014 -15"><span class='ocrx_word' id='word_1_159' title='bbox 517 1506 623 1554; x_wconf 84' lang='lat' dir='ltr'><strong>erat</strong></span> <span class='ocrx_word' id='word_1_160' title='bbox 652 1496 760 1550; x_wconf 89' lang='lat' dir='ltr'><strong>dies</strong></span> <span class='ocrx_word' id='word_1_161' title='bbox 787 1497 943 1567; x_wconf 80' lang='lat' dir='ltr'><strong>festus</strong></span> <span class='ocrx_word' id='word_1_162' title='bbox 967 1490 1293 1556; x_wconf 73' lang='lat' dir='ltr'><strong>Judteorum,</strong></span> <span class='ocrx_word' id='word_1_163' title='bbox 1334 1496 1384 1541; x_wconf 86' lang='lat' dir='ltr'><strong>et</strong></span> <span class='ocrx_word' id='word_1_164' title='bbox 1429 1483 1653 1539; x_wconf 76' lang='lat' dir='ltr'><strong>ascendit</strong></span> <span class='ocrx_word' id='word_1_165' title='bbox 1686 1480 1837 1536; x_wconf 73' lang='lat' dir='ltr'><strong>Iesus</strong></span> <span class='ocrx_word' id='word_1_166' title='bbox 1878 1477 2031 1533; x_wconf 83' lang='lat' dir='ltr'><strong>Jero-</strong></span> 
     </span>
    </p>
   </div>
   <div class='ocr_carea' id='block_1_22' title="bbox 517 1591 2025 1739">
    <p class='ocr_par' dir='ltr' id='par_1_22' title="bbox 517 1591 2025 1739">
     <span class='ocr_line' id='line_1_23' title="bbox 683 1602 787 1640; baseline 0.01 -2"><span class='ocrx_word' id='word_1_167' title='bbox 683 1602 713 1638; x_wconf 85' lang='lat' dir='ltr'><strong>a</strong></span> <span class='ocrx_word' id='word_1_168' title='bbox 750 1602 787 1640; x_wconf 79' lang='grc' dir='ltr'>ι.</span> 
     </span>
     <span class='ocr_line' id='line_1_24' title="bbox 517 1591 2025 1739; baseline -0.012 -7"><span class='ocrx_word' id='word_1_169' title='bbox 517 1591 765 1734; x_wconf 38' lang='lat' dir='ltr'><strong>itaita?!</strong></span> <span class='ocrx_word' id='word_1_170' title='bbox 803 1675 856 1728; x_wconf 92' lang='lat' dir='ltr'><strong>in</strong></span> <span class='ocrx_word' id='word_1_171' title='bbox 893 1672 1053 1728; x_wconf 85' lang='lat' dir='ltr'><strong>sacris</strong></span> <span class='ocrx_word' id='word_1_172' title='bbox 1083 1669 1367 1739; x_wconf 83' lang='lat' dir='ltr'><strong>Scripturis</strong></span> <span class='ocrx_word' id='word_1_173' title='bbox 1394 1666 1565 1722; x_wconf 78' lang='lat' dir='ltr'><strong>leviter</strong></span> <span class='ocrx_word' id='word_1_174' title='bbox 1603 1661 2025 1736; x_wconf 56' lang='lat' dir='ltr'><strong>praetereundum.</strong></span> 
     </span>
    </p>
   </div>
   <div class='ocr_carea' id='block_1_23' title="bbox 452 1752 2032 1838">
    <p class='ocr_par' dir='ltr' id='par_1_23' title="bbox 452 1752 2032 1838">
     <span class='ocr_line' id='line_1_25' title="bbox 452 1752 2032 1838; baseline -0.013 -12"><span class='ocrx_word' id='word_1_175' title='bbox 452 1770 660 1826; x_wconf 82' lang='lat' dir='ltr'><strong>Piscina</strong></span> <span class='ocrx_word' id='word_1_176' title='bbox 688 1767 945 1838; x_wconf 78' lang='lat' dir='ltr'><strong>probation</strong></span> <span class='ocrx_word' id='word_1_177' title='bbox 987 1772 1312 1834; x_wconf 83' lang='lat' dir='ltr'><strong>comparatur</strong></span> <span class='ocrx_word' id='word_1_178' title='bbox 1353 1776 1467 1815; x_wconf 86' lang='lat' dir='ltr'><strong>cum</strong></span> <span class='ocrx_word' id='word_1_179' title='bbox 1493 1756 1756 1828; x_wconf 84' lang='lat' dir='ltr'><strong>Baptismo</strong></span> <span class='ocrx_word' id='word_1_180' title='bbox 1786 1754 1930 1826; x_wconf 87' lang='lat' dir='ltr'><strong>cujus</strong></span> <span class='ocrx_word' id='word_1_181' title='bbox 1966 1752 2032 1820; x_wconf 78' lang='lat' dir='ltr'><strong>ﬁ-</strong></span> 
     </span>
    </p>
   </div>
   <div class='ocr_carea' id='block_1_24' title="bbox 443 1850 2028 1937">
    <p class='ocr_par' dir='ltr' id='par_1_24' title="bbox 443 1850 2028 1937">
     <span class='ocr_line' id='line_1_26' title="bbox 443 1850 2028 1937; baseline -0.013 -18"><span class='ocrx_word' id='word_1_182' title='bbox 443 1881 575 1937; x_wconf 84' lang='lat' dir='ltr'><strong>gura</strong></span> <span class='ocrx_word' id='word_1_183' title='bbox 618 1872 741 1917; x_wconf 85' lang='lat' dir='ltr'><strong>erat.</strong></span> <span class='ocrx_word' id='word_1_184' title='bbox 776 1859 974 1914; x_wconf 80' lang='lat' dir='ltr'><strong>Monita</strong></span> <span class='ocrx_word' id='word_1_185' title='bbox 1001 1857 1217 1912; x_wconf 85' lang='lat' dir='ltr'><strong>moralia</strong></span> <span class='ocrx_word' id='word_1_186' title='bbox 1254 1852 1601 1909; x_wconf 80' lang='lat' dir='ltr'><strong>dissertationi</strong></span> <span class='ocrx_word' id='word_1_187' title='bbox 1639 1850 2028 1904; x_wconf 85' lang='lat' dir='ltr'><strong>interscruntur.</strong></span> 
     </span>
    </p>
   </div>
   <div class='ocr_carea' id='block_1_25' title="bbox 445 1937 2028 2023">
    <p class='ocr_par' dir='ltr' id='par_1_25' title="bbox 445 1937 2028 2023">
     <span class='ocr_line' id='line_1_27' title="bbox 445 1937 2028 2023; baseline -0.013 -12"><span class='ocrx_word' id='word_1_188' title='bbox 445 1950 989 2023; x_wconf 87' lang='lat' dir='ltr'><strong>—Quemadmodum</strong></span> <span class='ocrx_word' id='word_1_189' title='bbox 1032 1950 1083 2003; x_wconf 86' lang='lat' dir='ltr'><strong>in</strong></span> <span class='ocrx_word' id='word_1_190' title='bbox 1116 1946 1232 2001; x_wconf 88' lang='lat' dir='ltr'><strong>auri</strong></span> <span class='ocrx_word' id='word_1_191' title='bbox 1273 1943 1501 2000; x_wconf 88' lang='lat' dir='ltr'><strong>metallis</strong></span> <span class='ocrx_word' id='word_1_192' title='bbox 1538 1941 1714 2013; x_wconf 83' lang='lat' dir='ltr'><strong>quivis</strong></span> <span class='ocrx_word' id='word_1_193' title='bbox 1742 1937 1925 1994; x_wconf 88' lang='lat' dir='ltr'><strong>hacin</strong></span> <span class='ocrx_word' id='word_1_194' title='bbox 1966 1951 2028 1992; x_wconf 91' lang='lat' dir='ltr'><strong>re</strong></span> 
     </span>
    </p>
   </div>
   <div class='ocr_carea' id='block_1_26' title="bbox 449 2030 2029 2118">
    <p class='ocr_par' dir='ltr' id='par_1_26' title="bbox 449 2030 2029 2118">
     <span class='ocr_line' id='line_1_28' title="bbox 449 2030 2029 2118; baseline -0.011 -20"><span class='ocrx_word' id='word_1_195' title='bbox 449 2047 650 2118; x_wconf 86' lang='lat' dir='ltr'><strong>peritus</strong></span> <span class='ocrx_word' id='word_1_196' title='bbox 695 2059 763 2097; x_wconf 93' lang='lat' dir='ltr'><strong>ne</strong></span> <span class='ocrx_word' id='word_1_197' title='bbox 792 2041 1066 2095; x_wconf 87' lang='lat' dir='ltr'><strong>minimam</strong></span> <span class='ocrx_word' id='word_1_198' title='bbox 1108 2035 1322 2109; x_wconf 90' lang='lat' dir='ltr'><strong>quidem</strong></span> <span class='ocrx_word' id='word_1_199' title='bbox 1352 2048 1541 2089; x_wconf 84' lang='lat' dir='ltr'><strong>venam</strong></span> <span class='ocrx_word' id='word_1_200' title='bbox 1585 2030 1902 2101; x_wconf 82' lang='lat' dir='ltr'><strong>neglexerit,</strong></span> <span class='ocrx_word' id='word_1_201' title='bbox 1942 2035 2029 2082; x_wconf 89' lang='lat' dir='ltr'><strong>ut-</strong></span> 
     </span>
    </p>
   </div>
   <div class='ocr_carea' id='block_1_27' title="bbox 447 2120 2030 2208">
    <p class='ocr_par' dir='ltr' id='par_1_27' title="bbox 447 2120 2030 2208">
     <span class='ocr_line' id='line_1_29' title="bbox 447 2120 2030 2208; baseline -0.011 -16"><span class='ocrx_word' id='word_1_202' title='bbox 447 2148 572 2208; x_wconf 87' lang='lat' dir='ltr'><strong>pote</strong></span> <span class='ocrx_word' id='word_1_203' title='bbox 597 2150 717 2190; x_wconf 91' lang='lat' dir='ltr'><strong>cum</strong></span> <span class='ocrx_word' id='word_1_204' title='bbox 737 2133 861 2187; x_wconf 91' lang='lat' dir='ltr'><strong>hinc</strong></span> <span class='ocrx_word' id='word_1_205' title='bbox 887 2120 1093 2202; x_wconf 74' lang='lat' dir='ltr'><strong>magna:</strong></span> <span class='ocrx_word' id='word_1_206' title='bbox 1126 2128 1331 2199; x_wconf 82' lang='lat' dir='ltr'><strong>pessint</strong></span> <span class='ocrx_word' id='word_1_207' title='bbox 1358 2124 1556 2180; x_wconf 80' lang='lat' dir='ltr'><strong>hauriri</strong></span> <span class='ocrx_word' id='word_1_208' title='bbox 1586 2121 1783 2178; x_wconf 77' lang='lat' dir='ltr'><strong>divitia:</strong></span> <span class='ocrx_word' id='word_1_209' title='bbox 1821 2138 1835 2173; x_wconf 88' lang='lat'><strong>:</strong></span> <span class='ocrx_word' id='word_1_210' title='bbox 1872 2120 1950 2175; x_wconf 89' lang='lat' dir='ltr'><strong>sic</strong></span> <span class='ocrx_word' id='word_1_211' title='bbox 1974 2127 2030 2174; x_wconf 87' lang='lat' dir='ltr'><strong>et</strong></span> 
     </span>
    </p>
   </div>
   <div class='ocr_carea' id='block_1_28' title="bbox 450 2214 2026 2294">
    <p class='ocr_par' dir='ltr' id='par_1_28' title="bbox 450 2214 2026 2294">
     <span class='ocr_line' id='line_1_30' title="bbox 450 2214 2026 2294; baseline -0.011 -10"><span class='ocrx_word' id='word_1_212' title='bbox 450 2231 501 2284; x_wconf 92' lang='lat' dir='ltr'><strong>in</strong></span> <span class='ocrx_word' id='word_1_213' title='bbox 537 2227 731 2282; x_wconf 78' lang='lat' dir='ltr'><strong>divinis</strong></span> <span class='ocrx_word' id='word_1_214' title='bbox 755 2225 1045 2294; x_wconf 87' lang='lat' dir='ltr'><strong>Scripturis</strong></span> <span class='ocrx_word' id='word_1_215' title='bbox 1083 2237 1152 2277; x_wconf 90' lang='lat' dir='ltr'><strong>ne</strong></span> <span class='ocrx_word' id='word_1_216' title='bbox 1176 2220 1391 2292; x_wconf 87' lang='lat' dir='ltr'><strong>quidem</strong></span> <span class='ocrx_word' id='word_1_217' title='bbox 1423 2218 1532 2274; x_wconf 88' lang='lat' dir='ltr'><strong>iota</strong></span> <span class='ocrx_word' id='word_1_218' title='bbox 1563 2230 1725 2271; x_wconf 91' lang='lat' dir='ltr'><strong>unum</strong></span> <span class='ocrx_word' id='word_1_219' title='bbox 1754 2214 1836 2270; x_wconf 86' lang='lat' dir='ltr'><strong>vel</strong></span> <span class='ocrx_word' id='word_1_220' title='bbox 1864 2228 2026 2268; x_wconf 89' lang='lat' dir='ltr'><strong>unum</strong></span> 
     </span>
    </p>
   </div>
   <div class='ocr_carea' id='block_1_29' title="bbox 447 2306 2030 2393">
    <p class='ocr_par' dir='ltr' id='par_1_29' title="bbox 447 2306 2030 2393">
     <span class='ocr_line' id='line_1_31' title="bbox 447 2306 2030 2393; baseline -0.012 -16"><span class='ocrx_word' id='word_1_221' title='bbox 447 2322 653 2393; x_wconf 83' lang='lat' dir='ltr'><strong>apicem</strong></span> <span class='ocrx_word' id='word_1_222' title='bbox 689 2320 806 2373; x_wconf 87' lang='lat' dir='ltr'><strong>sine</strong></span> <span class='ocrx_word' id='word_1_223' title='bbox 845 2317 1042 2371; x_wconf 88' lang='lat' dir='ltr'><strong>damno</strong></span> <span class='ocrx_word' id='word_1_224' title='bbox 1086 2322 1506 2384; x_wconf 68' lang='lat' dir='ltr'><strong>prmterenrras;</strong></span> <span class='ocrx_word' id='word_1_225' title='bbox 1550 2307 1646 2364; x_wconf 85' lang='lat' dir='ltr'><strong>sed</strong></span> <span class='ocrx_word' id='word_1_226' title='bbox 1686 2306 1863 2363; x_wconf 90' lang='lat' dir='ltr'><strong>omnia</strong></span> <span class='ocrx_word' id='word_1_227' title='bbox 1906 2313 2030 2360; x_wconf 89' lang='lat' dir='ltr'><strong>sunt</strong></span> 
     </span>
    </p>
   </div>
   <div class='ocr_carea' id='block_1_30' title="bbox 446 2400 2027 2485">
    <p class='ocr_par' dir='ltr' id='par_1_30' title="bbox 446 2400 2027 2485">
     <span class='ocr_line' id='line_1_32' title="bbox 446 2400 2027 2485; baseline -0.011 -14"><span class='ocrx_word' id='word_1_228' title='bbox 446 2412 793 2485; x_wconf 81' lang='lat' dir='ltr'><strong>exploranda.</strong></span> <span class='ocrx_word' id='word_1_229' title='bbox 820 2410 952 2467; x_wconf 90' lang='lat' dir='ltr'><strong>Nam</strong></span> <span class='ocrx_word' id='word_1_230' title='bbox 988 2425 1018 2465; x_wconf 91' lang='lat' dir='ltr'><strong>a</strong></span> <span class='ocrx_word' id='word_1_231' title='bbox 1045 2409 1245 2479; x_wconf 88' lang='lat' dir='ltr'><strong>Spiritu</strong></span> <span class='ocrx_word' id='word_1_232' title='bbox 1269 2416 1456 2463; x_wconf 89' lang='lat' dir='ltr'><strong>saneto</strong></span> <span class='ocrx_word' id='word_1_233' title='bbox 1485 2407 1598 2459; x_wconf 82' lang='lat' dir='ltr'><strong>lucc</strong></span> <span class='ocrx_word' id='word_1_234' title='bbox 1622 2403 1799 2459; x_wconf 90' lang='lat' dir='ltr'><strong>omnia</strong></span> <span class='ocrx_word' id='word_1_235' title='bbox 1824 2400 2027 2471; x_wconf 89' lang='lat' dir='ltr'><strong>prolata</strong></span> 
     </span>
    </p>
   </div>
   <div class='ocr_carea' id='block_1_31' title="bbox 446 2490 2029 2571">
    <p class='ocr_par' dir='ltr' id='par_1_31' title="bbox 446 2490 2029 2571">
     <span class='ocr_line' id='line_1_33' title="bbox 446 2490 2029 2571; baseline -0.011 -11"><span class='ocrx_word' id='word_1_236' title='bbox 446 2514 609 2571; x_wconf 84' lang='lat' dir='ltr'><strong>sunt,</strong></span> <span class='ocrx_word' id='word_1_237' title='bbox 643 2502 882 2571; x_wconf 85' lang='lat' dir='ltr'><strong>nihilque</strong></span> <span class='ocrx_word' id='word_1_238' title='bbox 923 2500 994 2556; x_wconf 88' lang='lat' dir='ltr'><strong>ibi</strong></span> <span class='ocrx_word' id='word_1_239' title='bbox 1039 2511 1515 2570; x_wconf 86' lang='lat' dir='ltr'><strong>supervacaneum.</strong></span> <span class='ocrx_word' id='word_1_240' title='bbox 1558 2493 1657 2548; x_wconf 85' lang='lat' dir='ltr'><strong>Hic</strong></span> <span class='ocrx_word' id='word_1_241' title='bbox 1685 2505 1813 2547; x_wconf 87' lang='lat' dir='ltr'><strong>vero</strong></span> <span class='ocrx_word' id='word_1_242' title='bbox 1850 2490 2029 2545; x_wconf 86' lang='lat' dir='ltr'><strong>consi-</strong></span> 
     </span>
    </p>
   </div>
   <div class='ocr_carea' id='block_1_32' title="bbox 422 2582 2023 2666">
    <p class='ocr_par' dir='ltr' id='par_1_32' title="bbox 422 2582 2023 2666">
     <span class='ocr_line' id='line_1_34' title="bbox 422 2582 2023 2666; baseline -0.011 -14"><span class='ocrx_word' id='word_1_243' title='bbox 422 2598 575 2653; x_wconf 78' lang='lat' dir='ltr'><strong>dera</strong></span> <span class='ocrx_word' id='word_1_244' title='bbox 624 2594 751 2666; x_wconf 90' lang='lat' dir='ltr'><strong>quid</strong></span> <span class='ocrx_word' id='word_1_245' title='bbox 787 2594 930 2649; x_wconf 87' lang='lat' dir='ltr'><strong>dicat</strong></span> <span class='ocrx_word' id='word_1_246' title='bbox 975 2591 1298 2663; x_wconf 74' lang='lat' dir='ltr'><strong>evangelista</strong></span> <span class='ocrx_word' id='word_1_247' title='bbox 1330 2608 1344 2644; x_wconf 92' lang='lat'><strong>:</strong></span> <span class='ocrx_word' id='word_1_248' title='bbox 1381 2587 1496 2642; x_wconf 84' lang='lat' dir='ltr'><strong>Hoc</strong></span> <span class='ocrx_word' id='word_1_249' title='bbox 1534 2587 1716 2640; x_wconf 84' lang='lat' dir='ltr'><strong>iterant</strong></span> <span class='ocrx_word' id='word_1_250' title='bbox 1745 2582 2023 2638; x_wconf 86' lang='lat' dir='ltr'><strong>secundum</strong></span> 
     </span>
    </p>
   </div>
   <div class='ocr_carea' id='block_1_33' title="bbox 443 2672 2025 2758">
    <p class='ocr_par' dir='ltr' id='par_1_33' title="bbox 443 2672 2025 2758">
     <span class='ocr_line' id='line_1_35' title="bbox 443 2672 2025 2758; baseline -0.008 -18"><span class='ocrx_word' id='word_1_251' title='bbox 443 2690 639 2758; x_wconf 80' lang='lat' dir='ltr'><strong>signum</strong></span> <span class='ocrx_word' id='word_1_252' title='bbox 662 2686 780 2757; x_wconf 80' lang='lat' dir='ltr'><strong>fecit</strong></span> <span class='ocrx_word' id='word_1_253' title='bbox 808 2684 979 2747; x_wconf 82' lang='lat' dir='ltr'><strong>Jesus,</strong></span> <span class='ocrx_word' id='word_1_254' title='bbox 1013 2698 1128 2736; x_wconf 88' lang='lat' dir='ltr'><strong>cum</strong></span> <span class='ocrx_word' id='word_1_255' title='bbox 1152 2680 1362 2735; x_wconf 81' lang='lat' dir='ltr'><strong>uenisset</strong></span> <span class='ocrx_word' id='word_1_256' title='bbox 1389 2695 1421 2732; x_wconf 92' lang='lat' dir='ltr'><strong>a</strong></span> <span class='ocrx_word' id='word_1_257' title='bbox 1445 2675 1634 2731; x_wconf 69' lang='lat' dir='ltr'><strong>ludam</strong></span> <span class='ocrx_word' id='word_1_258' title='bbox 1663 2676 1714 2728; x_wconf 90' lang='lat' dir='ltr'><strong>in</strong></span> <span class='ocrx_word' id='word_1_259' title='bbox 1739 2672 2025 2728; x_wconf 66' lang='lat' dir='ltr'><strong>Galileam.</strong></span> 
     </span>
    </p>
   </div>
   <div class='ocr_carea' id='block_1_34' title="bbox 445 2761 2030 2847">
    <p class='ocr_par' dir='ltr' id='par_1_34' title="bbox 445 2761 2030 2847">
     <span class='ocr_line' id='line_1_36' title="bbox 445 2761 2030 2847; baseline -0.01 -15"><span class='ocrx_word' id='word_1_260' title='bbox 445 2776 630 2847; x_wconf 83' lang='lat' dir='ltr'><strong>Neque</strong></span> <span class='ocrx_word' id='word_1_261' title='bbox 660 2776 802 2831; x_wconf 89' lang='lat' dir='ltr'><strong>enim</strong></span> <span class='ocrx_word' id='word_1_262' title='bbox 829 2772 1123 2830; x_wconf 85' lang='lat' dir='ltr'><strong>Secundum</strong></span> <span class='ocrx_word' id='word_1_263' title='bbox 1146 2771 1261 2826; x_wconf 89' lang='lat' dir='ltr'><strong>sine</strong></span> <span class='ocrx_word' id='word_1_264' title='bbox 1287 2783 1446 2824; x_wconf 86' lang='lat' dir='ltr'><strong>causa</strong></span> <span class='ocrx_word' id='word_1_265' title='bbox 1475 2765 1715 2830; x_wconf 88' lang='lat' dir='ltr'><strong>addidit;</strong></span> <span class='ocrx_word' id='word_1_266' title='bbox 1743 2763 1835 2819; x_wconf 88' lang='lat' dir='ltr'><strong>sed</strong></span> <span class='ocrx_word' id='word_1_267' title='bbox 1857 2761 2030 2817; x_wconf 89' lang='lat' dir='ltr'><strong>adhuc</strong></span> 
     </span>
    </p>
   </div>
   <div class='ocr_carea' id='block_1_35' title="bbox 447 2853 2029 2925">
    <p class='ocr_par' dir='ltr' id='par_1_35' title="bbox 447 2853 2029 2925">
     <span class='ocr_line' id='line_1_37' title="bbox 447 2853 2029 2925; baseline -0.009 -1"><span class='ocrx_word' id='word_1_268' title='bbox 447 2866 904 2924; x_wconf 88' lang='lat' dir='ltr'><strong>Samaritanorum</strong></span> <span class='ocrx_word' id='word_1_269' title='bbox 928 2862 1240 2919; x_wconf 88' lang='lat' dir='ltr'><strong>miraculum</strong></span> <span class='ocrx_word' id='word_1_270' title='bbox 1258 2859 1517 2925; x_wconf 87' lang='lat' dir='ltr'><strong>celebrat,</strong></span> <span class='ocrx_word' id='word_1_271' title='bbox 1534 2854 1822 2912; x_wconf 88' lang='lat' dir='ltr'><strong>ostendens</strong></span> <span class='ocrx_word' id='word_1_272' title='bbox 1846 2853 1944 2908; x_wconf 90' lang='lat' dir='ltr'><strong>bos</strong></span> <span class='ocrx_word' id='word_1_273' title='bbox 1961 2869 2029 2910; x_wconf 90' lang='lat' dir='ltr'><strong>ne</strong></span> 
     </span>
    </p>
   </div>
   <div class='ocr_carea' id='block_1_36' title="bbox 444 2945 2026 3030">
    <p class='ocr_par' dir='ltr' id='par_1_36' title="bbox 444 2945 2026 3030">
     <span class='ocr_line' id='line_1_38' title="bbox 444 2945 2026 3030; baseline -0.011 -14"><span class='ocrx_word' id='word_1_274' title='bbox 444 2969 564 3030; x_wconf 90' lang='lat' dir='ltr'><strong>post</strong></span> <span class='ocrx_word' id='word_1_275' title='bbox 605 2958 831 3014; x_wconf 90' lang='lat' dir='ltr'><strong>alterum</strong></span> <span class='ocrx_word' id='word_1_276' title='bbox 861 2955 1072 3026; x_wconf 85' lang='lat' dir='ltr'><strong>quidem</strong></span> <span class='ocrx_word' id='word_1_277' title='bbox 1120 2953 1331 3024; x_wconf 87' lang='lat' dir='ltr'><strong>signum</strong></span> <span class='ocrx_word' id='word_1_278' title='bbox 1372 2949 1441 3005; x_wconf 91' lang='lat' dir='ltr'><strong>ad</strong></span> <span class='ocrx_word' id='word_1_279' title='bbox 1486 2964 1603 3005; x_wconf 88' lang='lat' dir='ltr'><strong>eam</strong></span> <span class='ocrx_word' id='word_1_280' title='bbox 1648 2945 2026 3002; x_wconf 87' lang='lat' dir='ltr'><strong>sublimitatem</strong></span> 
     </span>
    </p>
   </div>
   <div class='ocr_carea' id='block_1_37' title="bbox 440 3037 2025 3118">
    <p class='ocr_par' dir='ltr' id='par_1_37' title="bbox 440 3037 2025 3118">
     <span class='ocr_line' id='line_1_39' title="bbox 440 3037 2025 3118; baseline -0.01 -10"><span class='ocrx_word' id='word_1_281' title='bbox 440 3051 741 3117; x_wconf 89' lang='lat' dir='ltr'><strong>devenisse,</strong></span> <span class='ocrx_word' id='word_1_282' title='bbox 772 3049 838 3103; x_wconf 89' lang='lat' dir='ltr'><strong>ad</strong></span> <span class='ocrx_word' id='word_1_283' title='bbox 864 3062 1021 3118; x_wconf 77' lang='lat' dir='ltr'><strong>quam</strong></span> <span class='ocrx_word' id='word_1_284' title='bbox 1056 3046 1385 3101; x_wconf 88' lang='lat' dir='ltr'><strong>devenerant</strong></span> <span class='ocrx_word' id='word_1_285' title='bbox 1410 3042 1444 3096; x_wconf 91' lang='lat' dir='ltr'><strong>ii</strong></span> <span class='ocrx_word' id='word_1_286' title='bbox 1483 3040 1574 3112; x_wconf 92' lang='lat' dir='ltr'><strong>qui</strong></span> <span class='ocrx_word' id='word_1_287' title='bbox 1605 3038 1734 3094; x_wconf 85' lang='lat' dir='ltr'><strong>nihil</strong></span> <span class='ocrx_word' id='word_1_288' title='bbox 1763 3037 2025 3092; x_wconf 83' lang='lat' dir='ltr'><strong>viderant.</strong></span> 
     </span>
    </p>
   </div>
   <div class='ocr_carea' id='block_1_38' title="bbox 440 3128 2027 3211">
    <p class='ocr_par' dir='ltr' id='par_1_38' title="bbox 440 3128 2027 3211">
     <span class='ocr_line' id='line_1_40' title="bbox 440 3128 2027 3211; baseline -0.01 -13"><span class='ocrx_word' id='word_1_289' title='bbox 440 3142 568 3203; x_wconf 74' lang='lat' dir='ltr'><strong>Post</strong></span> <span class='ocrx_word' id='word_1_290' title='bbox 607 3141 713 3196; x_wconf 70' lang='lat' dir='ltr'><strong>hac</strong></span> <span class='ocrx_word' id='word_1_291' title='bbox 743 3147 850 3195; x_wconf 86' lang='lat' dir='ltr'><strong>erat</strong></span> <span class='ocrx_word' id='word_1_292' title='bbox 875 3140 1056 3211; x_wconf 78' lang='lat' dir='ltr'><strong>festum</strong></span> <span class='ocrx_word' id='word_1_293' title='bbox 1084 3133 1407 3190; x_wconf 60' lang='lat' dir='ltr'><strong>Iudaeorum.</strong></span> <span class='ocrx_word' id='word_1_294' title='bbox 1436 3131 1590 3201; x_wconf 85' lang='lat' dir='ltr'><strong>Quod</strong></span> <span class='ocrx_word' id='word_1_295' title='bbox 1621 3130 1814 3185; x_wconf 87' lang='lat' dir='ltr'><strong>festum</strong></span> <span class='ocrx_word' id='word_1_296' title='bbox 1836 3128 1859 3183; x_wconf 66' lang='grc' dir='ltr'><strong>ἲ</strong></span> <span class='ocrx_word' id='word_1_297' title='bbox 1885 3128 2027 3183; x_wconf 85' lang='lat' dir='ltr'><strong>Pen-</strong></span> 
     </span>
    </p>
   </div>
   <div class='ocr_carea' id='block_1_39' title="bbox 441 3220 2026 3298">
    <p class='ocr_par' dir='ltr' id='par_1_39' title="bbox 441 3220 2026 3298">
     <span class='ocr_line' id='line_1_41' title="bbox 441 3220 2026 3298; baseline -0.011 -6"><span class='ocrx_word' id='word_1_298' title='bbox 441 3244 691 3298; x_wconf 88' lang='lat' dir='ltr'><strong>tecostes,</strong></span> <span class='ocrx_word' id='word_1_299' title='bbox 722 3241 781 3287; x_wconf 89' lang='lat' dir='ltr'><strong>ut</strong></span> <span class='ocrx_word' id='word_1_300' title='bbox 807 3231 937 3287; x_wconf 88' lang='lat' dir='ltr'><strong>mihi</strong></span> <span class='ocrx_word' id='word_1_301' title='bbox 966 3229 1193 3286; x_wconf 90' lang='lat' dir='ltr'><strong>videtur.</strong></span> <span class='ocrx_word' id='word_1_302' title='bbox 1228 3227 1294 3281; x_wconf 87' lang='lat' dir='ltr'><strong>Et</strong></span> <span class='ocrx_word' id='word_1_303' title='bbox 1317 3224 1544 3281; x_wconf 78' lang='lat' dir='ltr'><strong>ascendit</strong></span> <span class='ocrx_word' id='word_1_304' title='bbox 1573 3221 1725 3278; x_wconf 85' lang='lat' dir='ltr'><strong>Jesus</strong></span> <span class='ocrx_word' id='word_1_305' title='bbox 1760 3220 2026 3291; x_wconf 79' lang='lat' dir='ltr'><strong>Jerosoly-</strong></span> 
     </span>
    </p>
   </div>
   <div class='ocr_carea' id='block_1_40' title="bbox 441 3313 2022 3397">
    <p class='ocr_par' dir='ltr' id='par_1_40' title="bbox 441 3313 2022 3397">
     <span class='ocr_line' id='line_1_42' title="bbox 441 3313 2022 3397; baseline -0.011 -12"><span class='ocrx_word' id='word_1_306' title='bbox 441 3347 598 3385; x_wconf 87' lang='lat' dir='ltr'><strong>mam.</strong></span> <span class='ocrx_word' id='word_1_307' title='bbox 645 3327 976 3397; x_wconf 87' lang='lat' dir='ltr'><strong>Frequenter</strong></span> <span class='ocrx_word' id='word_1_308' title='bbox 1029 3325 1082 3378; x_wconf 91' lang='lat' dir='ltr'><strong>in</strong></span> <span class='ocrx_word' id='word_1_309' title='bbox 1125 3319 1554 3377; x_wconf 88' lang='lat' dir='ltr'><strong>solemnitatibus</strong></span> <span class='ocrx_word' id='word_1_310' title='bbox 1597 3315 1915 3371; x_wconf 84' lang='lat' dir='ltr'><strong>versabatur</strong></span> <span class='ocrx_word' id='word_1_311' title='bbox 1968 3313 2022 3368; x_wconf 92' lang='lat' dir='ltr'><strong>in</strong></span> 
     </span>
    </p>
   </div>
   <div class='ocr_carea' id='block_1_41' title="bbox 439 3408 2019 3488">
    <p class='ocr_par' dir='ltr' id='par_1_41' title="bbox 439 3408 2019 3488">
     <span class='ocr_line' id='line_1_43' title="bbox 439 3408 2019 3488; baseline -0.01 -9"><span class='ocrx_word' id='word_1_312' title='bbox 439 3424 692 3488; x_wconf 85' lang='lat' dir='ltr'><strong>civitate,</strong></span> <span class='ocrx_word' id='word_1_313' title='bbox 737 3428 848 3473; x_wconf 89' lang='lat' dir='ltr'><strong>tum</strong></span> <span class='ocrx_word' id='word_1_314' title='bbox 873 3425 932 3471; x_wconf 91' lang='lat' dir='ltr'><strong>ut</strong></span> <span class='ocrx_word' id='word_1_315' title='bbox 976 3414 1248 3470; x_wconf 87' lang='lat' dir='ltr'><strong>videretur</strong></span> <span class='ocrx_word' id='word_1_316' title='bbox 1275 3427 1396 3468; x_wconf 91' lang='lat' dir='ltr'><strong>cum</strong></span> <span class='ocrx_word' id='word_1_317' title='bbox 1443 3410 1546 3465; x_wconf 91' lang='lat' dir='ltr'><strong>illis</strong></span> <span class='ocrx_word' id='word_1_318' title='bbox 1586 3408 1780 3464; x_wconf 75' lang='lat' dir='ltr'><strong>festum</strong></span> <span class='ocrx_word' id='word_1_319' title='bbox 1829 3421 2019 3478; x_wconf 88' lang='lat' dir='ltr'><strong>agere,</strong></span> 
     </span>
    </p>
   </div>
   <div class='ocr_carea' id='block_1_42' title="bbox 441 3497 2024 3577">
    <p class='ocr_par' dir='ltr' id='par_1_42' title="bbox 441 3497 2024 3577">
     <span class='ocr_line' id='line_1_44' title="bbox 441 3497 2024 3577; baseline -0.008 -11"><span class='ocrx_word' id='word_1_320' title='bbox 441 3524 552 3567; x_wconf 90' lang='lat' dir='ltr'><strong>tmn</strong></span> <span class='ocrx_word' id='word_1_321' title='bbox 584 3518 643 3564; x_wconf 91' lang='lat' dir='ltr'><strong>ut</strong></span> <span class='ocrx_word' id='word_1_322' title='bbox 685 3507 981 3577; x_wconf 90' lang='lat' dir='ltr'><strong>simplicem</strong></span> <span class='ocrx_word' id='word_1_323' title='bbox 1032 3503 1423 3559; x_wconf 87' lang='lat' dir='ltr'><strong>multitudinem</strong></span> <span class='ocrx_word' id='word_1_324' title='bbox 1467 3497 1777 3555; x_wconf 89' lang='lat' dir='ltr'><strong>attraheret.</strong></span> <span class='ocrx_word' id='word_1_325' title='bbox 1822 3498 1879 3553; x_wconf 86' lang='lat' dir='ltr'><strong>in</strong></span> <span class='ocrx_word' id='word_1_326' title='bbox 1920 3497 2024 3554; x_wconf 85' lang='lat' dir='ltr'><strong>illis</strong></span> 
     </span>
    </p>
   </div>
   <div class='ocr_carea' id='block_1_43' title="bbox 440 3589 2024 3665">
    <p class='ocr_par' dir='ltr' id='par_1_43' title="bbox 440 3589 2024 3665">
     <span class='ocr_line' id='line_1_45' title="bbox 440 3589 2024 3665; baseline -0.008 -7"><span class='ocrx_word' id='word_1_327' title='bbox 440 3605 583 3657; x_wconf 87' lang='lat' dir='ltr'><strong>enim</strong></span> <span class='ocrx_word' id='word_1_328' title='bbox 614 3600 844 3655; x_wconf 80' lang='lat' dir='ltr'><strong>maxime</strong></span> <span class='ocrx_word' id='word_1_329' title='bbox 871 3598 1060 3653; x_wconf 89' lang='lat' dir='ltr'><strong>diebus</strong></span> <span class='ocrx_word' id='word_1_330' title='bbox 1089 3597 1103 3627; x_wconf 92' lang='grc'>¹</span> <span class='ocrx_word' id='word_1_331' title='bbox 1133 3595 1168 3650; x_wconf 90' lang='lat' dir='ltr'><strong>ii</strong></span> <span class='ocrx_word' id='word_1_332' title='bbox 1195 3594 1287 3665; x_wconf 90' lang='lat' dir='ltr'><strong>qui</strong></span> <span class='ocrx_word' id='word_1_333' title='bbox 1314 3592 1638 3663; x_wconf 88' lang='lat' dir='ltr'><strong>simpliciore</strong></span> <span class='ocrx_word' id='word_1_334' title='bbox 1666 3599 1820 3645; x_wconf 90' lang='lat' dir='ltr'><strong>erant</strong></span> <span class='ocrx_word' id='word_1_335' title='bbox 1843 3589 2024 3645; x_wconf 90' lang='lat' dir='ltr'><strong>animo</strong></span> 
     </span>
    </p>
   </div>
   <div class='ocr_carea' id='block_1_44' title="bbox 439 3680 2025 3754">
    <p class='ocr_par' dir='ltr' id='par_1_44' title="bbox 439 3680 2025 3754">
     <span class='ocr_line' id='line_1_46' title="bbox 439 3680 2025 3754; baseline -0.008 -5"><span class='ocrx_word' id='word_1_336' title='bbox 439 3692 851 3750; x_wconf 83' lang='lat' dir='ltr'><strong>concurrebant.</strong></span> <span class='ocrx_word' id='word_1_337' title='bbox 890 3689 944 3743; x_wconf 76' lang='lat'><strong>2.</strong></span> <span class='ocrx_word' id='word_1_338' title='bbox 996 3686 1087 3743; x_wconf 83' lang='lat' dir='ltr'><strong>Est</strong></span> <span class='ocrx_word' id='word_1_339' title='bbox 1143 3695 1312 3741; x_wconf 88' lang='lat' dir='ltr'><strong>autem</strong></span> <span class='ocrx_word' id='word_1_340' title='bbox 1361 3682 1693 3754; x_wconf 77' lang='lat' dir='ltr'><strong>Jerosolymis</strong></span> <span class='ocrx_word' id='word_1_341' title='bbox 1749 3680 2025 3736; x_wconf 78' lang='lat' dir='ltr'><strong>Probatica</strong></span> 
     </span>
    </p>
   </div>
   <div class='ocr_carea' id='block_1_45' title="bbox 442 3771 2026 3857">
    <p class='ocr_par' dir='ltr' id='par_1_45' title="bbox 442 3771 2026 3857">
     <span class='ocr_line' id='line_1_47' title="bbox 442 3771 2026 3857; baseline -0.01 -17"><span class='ocrx_word' id='word_1_342' title='bbox 442 3786 658 3857; x_wconf 81' lang='lat' dir='ltr'><strong>piscina,</strong></span> <span class='ocrx_word' id='word_1_343' title='bbox 700 3798 814 3853; x_wconf 67' lang='lat' dir='ltr'><strong>qua</strong></span> <span class='ocrx_word' id='word_1_344' title='bbox 851 3779 1234 3852; x_wconf 84' lang='lat' dir='ltr'><strong>cognominatur</strong></span> <span class='ocrx_word' id='word_1_345' title='bbox 1275 3775 1523 3830; x_wconf 76' lang='lat' dir='ltr'><strong>Hebraice</strong></span> <span class='ocrx_word' id='word_1_346' title='bbox 1548 3771 1846 3838; x_wconf 79' lang='lat' dir='ltr'><strong>Bethsaida,</strong></span> <span class='ocrx_word' id='word_1_347' title='bbox 1877 3772 2026 3842; x_wconf 83' lang='lat' dir='ltr'><strong>quin-</strong></span> 
     </span>
    </p>
   </div>
   <div class='ocr_carea' id='block_1_46' title="bbox 440 3864 2024 3946">
    <p class='ocr_par' dir='ltr' id='par_1_46' title="bbox 440 3864 2024 3946">
     <span class='ocr_line' id='line_1_48' title="bbox 440 3864 2024 3946; baseline -0.009 -14"><span class='ocrx_word' id='word_1_348' title='bbox 440 3893 539 3944; x_wconf 86' lang='lat' dir='ltr'><strong>que</strong></span> <span class='ocrx_word' id='word_1_349' title='bbox 576 3869 797 3946; x_wconf 80' lang='lat' dir='ltr'><strong>porticus</strong></span> <span class='ocrx_word' id='word_1_350' title='bbox 824 3872 1030 3928; x_wconf 78' lang='lat' dir='ltr'><strong>habens.</strong></span> <span class='ocrx_word' id='word_1_351' title='bbox 1060 3869 1128 3925; x_wconf 82' lang='lat' dir='ltr'><strong>In</strong></span> <span class='ocrx_word' id='word_1_352' title='bbox 1169 3869 1247 3924; x_wconf 80' lang='lat' dir='ltr'><strong>his</strong></span> <span class='ocrx_word' id='word_1_353' title='bbox 1278 3868 1486 3938; x_wconf 84' lang='lat' dir='ltr'><strong>jacebat</strong></span> <span class='ocrx_word' id='word_1_354' title='bbox 1523 3864 1797 3920; x_wconf 86' lang='lat' dir='ltr'><strong>multitudo</strong></span> <span class='ocrx_word' id='word_1_355' title='bbox 1838 3880 2024 3936; x_wconf 84' lang='lat' dir='ltr'><strong>magna</strong></span> 
     </span>
    </p>
   </div>
   <div class='ocr_carea' id='block_1_47' title="bbox 440 3957 2022 4041">
    <p class='ocr_par' dir='ltr' id='par_1_47' title="bbox 440 3957 2022 4041">
     <span class='ocr_line' id='line_1_49' title="bbox 440 3957 2022 4041; baseline -0.01 -16"><span class='ocrx_word' id='word_1_356' title='bbox 440 3967 808 4041; x_wconf 83' lang='lat' dir='ltr'><strong>languentium,</strong></span> <span class='ocrx_word' id='word_1_357' title='bbox 854 3979 1121 4029; x_wconf 65' lang='lat' dir='ltr'><strong>caecorum,</strong></span> <span class='ocrx_word' id='word_1_358' title='bbox 1163 3960 1485 4024; x_wconf 73' lang='lat' dir='ltr'><strong>dandorum,</strong></span> <span class='ocrx_word' id='word_1_359' title='bbox 1529 3957 1811 4024; x_wconf 85' lang='lat' dir='ltr'><strong>aridorum,</strong></span> <span class='ocrx_word' id='word_1_360' title='bbox 1842 3971 2022 4027; x_wconf 78' lang='lat' dir='ltr'><strong>exspe-</strong></span> 
     </span>
    </p>
   </div>
   <div class='ocr_carea' id='block_1_48' title="bbox 437 4047 2022 4128">
    <p class='ocr_par' dir='ltr' id='par_1_48' title="bbox 437 4047 2022 4128">
     <span class='ocr_line' id='line_1_50' title="bbox 437 4047 2022 4128; baseline -0.007 -12"><span class='ocrx_word' id='word_1_361' title='bbox 437 4060 682 4117; x_wconf 89' lang='lat' dir='ltr'><strong>ctantium</strong></span> <span class='ocrx_word' id='word_1_362' title='bbox 722 4072 867 4128; x_wconf 72' lang='lat' dir='ltr'><strong>aquae</strong></span> <span class='ocrx_word' id='word_1_363' title='bbox 903 4065 1113 4110; x_wconf 85' lang='lat' dir='ltr'><strong>motam.</strong></span> <span class='ocrx_word' id='word_1_364' title='bbox 1158 4052 1289 4121; x_wconf 88' lang='lat' dir='ltr'><strong>Quis</strong></span> <span class='ocrx_word' id='word_1_365' title='bbox 1332 4051 1417 4107; x_wconf 93' lang='lat' dir='ltr'><strong>hic</strong></span> <span class='ocrx_word' id='word_1_366' title='bbox 1456 4050 1747 4106; x_wconf 91' lang='lat' dir='ltr'><strong>curationis</strong></span> <span class='ocrx_word' id='word_1_367' title='bbox 1782 4047 2022 4105; x_wconf 82' lang='lat' dir='ltr'><strong>modus?</strong></span> 
     </span>
    </p>
   </div>
   <div class='ocr_carea' id='block_1_49' title="bbox 438 4140 2023 4224">
    <p class='ocr_par' dir='ltr' id='par_1_49' title="bbox 438 4140 2023 4224">
     <span class='ocr_line' id='line_1_51' title="bbox 438 4140 2023 4224; baseline -0.008 -16"><span class='ocrx_word' id='word_1_368' title='bbox 438 4151 599 4224; x_wconf 86' lang='lat' dir='ltr'><strong>quale</strong></span> <span class='ocrx_word' id='word_1_369' title='bbox 644 4147 954 4220; x_wconf 80' lang='lat' dir='ltr'><strong>mysterium</strong></span> <span class='ocrx_word' id='word_1_370' title='bbox 997 4144 1365 4200; x_wconf 89' lang='lat' dir='ltr'><strong>subindicatur</strong></span> <span class='ocrx_word' id='word_1_371' title='bbox 1403 4142 1429 4197; x_wconf 84' lang='lat'><strong>?</strong></span> <span class='ocrx_word' id='word_1_372' title='bbox 1471 4140 1654 4212; x_wconf 88' lang='lat' dir='ltr'><strong>Neque</strong></span> <span class='ocrx_word' id='word_1_373' title='bbox 1709 4141 1851 4196; x_wconf 92' lang='lat' dir='ltr'><strong>enim</strong></span> <span class='ocrx_word' id='word_1_374' title='bbox 1906 4140 2023 4196; x_wconf 87' lang='lat' dir='ltr'><strong>sine</strong></span> 
     </span>
    </p>
   </div>
   <div class='ocr_carea' id='block_1_50' title="bbox 437 4233 2019 4307">
    <p class='ocr_par' dir='ltr' id='par_1_50' title="bbox 437 4233 2019 4307">
     <span class='ocr_line' id='line_1_52' title="bbox 437 4233 2019 4307; baseline -0.006 -8"><span class='ocrx_word' id='word_1_375' title='bbox 437 4257 600 4300; x_wconf 88' lang='lat' dir='ltr'><strong>causa</strong></span> <span class='ocrx_word' id='word_1_376' title='bbox 626 4240 763 4303; x_wconf 54' lang='lat' dir='ltr'><strong>,btec</strong></span> <span class='ocrx_word' id='word_1_377' title='bbox 782 4238 977 4307; x_wconf 90' lang='lat' dir='ltr'><strong>scripta</strong></span> <span class='ocrx_word' id='word_1_378' title='bbox 1016 4244 1183 4303; x_wconf 86' lang='lat' dir='ltr'><strong>sunt;</strong></span> <span class='ocrx_word' id='word_1_379' title='bbox 1220 4234 1316 4290; x_wconf 92' lang='lat' dir='ltr'><strong>sed</strong></span> <span class='ocrx_word' id='word_1_380' title='bbox 1356 4233 1531 4289; x_wconf 81' lang='lat' dir='ltr'><strong>futura</strong></span> <span class='ocrx_word' id='word_1_381' title='bbox 1574 4233 1728 4289; x_wconf 92' lang='lat' dir='ltr'><strong>nobis</strong></span> <span class='ocrx_word' id='word_1_382' title='bbox 1770 4233 1920 4303; x_wconf 90' lang='lat' dir='ltr'><strong>quasi</strong></span> <span class='ocrx_word' id='word_1_383' title='bbox 1965 4233 2019 4289; x_wconf 92' lang='lat' dir='ltr'><strong>in</strong></span> 
     </span>
    </p>
   </div>
   <div class='ocr_carea' id='block_1_51' title="bbox 439 4324 2021 4408">
    <p class='ocr_par' dir='ltr' id='par_1_51' title="bbox 439 4324 2021 4408">
     <span class='ocr_line' id='line_1_53' title="bbox 439 4324 2021 4408; baseline -0.008 -16"><span class='ocrx_word' id='word_1_384' title='bbox 439 4338 607 4408; x_wconf 84' lang='lat' dir='ltr'><strong>tignra</strong></span> <span class='ocrx_word' id='word_1_385' title='bbox 632 4342 687 4390; x_wconf 93' lang='lat' dir='ltr'><strong>et</strong></span> <span class='ocrx_word' id='word_1_386' title='bbox 715 4330 943 4402; x_wconf 83' lang='lat' dir='ltr'><strong>imagine</strong></span> <span class='ocrx_word' id='word_1_387' title='bbox 961 4327 1251 4393; x_wconf 87' lang='lat' dir='ltr'><strong>describit;</strong></span> <span class='ocrx_word' id='word_1_388' title='bbox 1276 4339 1343 4384; x_wconf 90' lang='lat' dir='ltr'><strong>ne</strong></span> <span class='ocrx_word' id='word_1_389' title='bbox 1369 4327 1415 4382; x_wconf 91' lang='lat' dir='ltr'><strong>si</strong></span> <span class='ocrx_word' id='word_1_390' title='bbox 1447 4343 1532 4383; x_wconf 91' lang='lat' dir='ltr'><strong>res</strong></span> <span class='ocrx_word' id='word_1_391' title='bbox 1551 4324 1832 4397; x_wconf 85' lang='lat' dir='ltr'><strong>stupenda,</strong></span> <span class='ocrx_word' id='word_1_392' title='bbox 1865 4326 2021 4380; x_wconf 78' lang='lat' dir='ltr'><strong>inex-</strong></span> 
     </span>
    </p>
   </div>
   <div class='ocr_carea' id='block_1_52' title="bbox 437 4415 2020 4498">
    <p class='ocr_par' dir='ltr' id='par_1_52' title="bbox 437 4415 2020 4498">
     <span class='ocr_line' id='line_1_54' title="bbox 437 4415 2020 4498; baseline -0.008 -16"><span class='ocrx_word' id='word_1_393' title='bbox 437 4435 675 4498; x_wconf 84' lang='lat' dir='ltr'><strong>spectata</strong></span> <span class='ocrx_word' id='word_1_394' title='bbox 718 4421 1006 4488; x_wconf 88' lang='lat' dir='ltr'><strong>accideret,</strong></span> <span class='ocrx_word' id='word_1_395' title='bbox 1032 4419 1335 4474; x_wconf 91' lang='lat' dir='ltr'><strong>auditorum</strong></span> <span class='ocrx_word' id='word_1_396' title='bbox 1379 4418 1666 4472; x_wconf 90' lang='lat' dir='ltr'><strong>multorum</strong></span> <span class='ocrx_word' id='word_1_397' title='bbox 1712 4415 1870 4472; x_wconf 87' lang='lat' dir='ltr'><strong>fidem</strong></span> <span class='ocrx_word' id='word_1_398' title='bbox 1917 4416 2020 4470; x_wconf 87' lang='lat' dir='ltr'><strong>ali-</strong></span> 
     </span>
    </p>
   </div>
   <div class='ocr_carea' id='block_1_53' title="bbox 436 4505 2020 4589">
    <p class='ocr_par' dir='ltr' id='par_1_53' title="bbox 436 4505 2020 4589">
     <span class='ocr_line' id='line_1_55' title="bbox 436 4505 2020 4589; baseline -0.009 -16"><span class='ocrx_word' id='word_1_399' title='bbox 436 4526 704 4589; x_wconf 90' lang='lat' dir='ltr'><strong>quatenus</strong></span> <span class='ocrx_word' id='word_1_400' title='bbox 748 4512 1113 4568; x_wconf 83' lang='lat' dir='ltr'><strong>labefactaret.</strong></span> <span class='ocrx_word' id='word_1_401' title='bbox 1153 4508 1407 4576; x_wconf 84' lang='lat' dir='ltr'><strong>Quaenam</strong></span> <span class='ocrx_word' id='word_1_402' title='bbox 1454 4509 1613 4577; x_wconf 85' lang='lat' dir='ltr'><strong>igitur</strong></span> <span class='ocrx_word' id='word_1_403' title='bbox 1656 4506 1771 4562; x_wconf 73' lang='lat' dir='ltr'><strong>haec</strong></span> <span class='ocrx_word' id='word_1_404' title='bbox 1811 4505 2020 4562; x_wconf 86' lang='lat' dir='ltr'><strong>descri-</strong></span> 
     </span>
    </p>
   </div>
   <div class='ocr_carea' id='block_1_54' title="bbox 439 4598 2017 4681">
    <p class='ocr_par' dir='ltr' id='par_1_54' title="bbox 439 4598 2017 4681">
     <span class='ocr_line' id='line_1_56' title="bbox 439 4598 2017 4681; baseline -0.008 -16"><span class='ocrx_word' id='word_1_405' title='bbox 439 4610 551 4681; x_wconf 89' lang='lat' dir='ltr'><strong>ptio</strong></span> <span class='ocrx_word' id='word_1_406' title='bbox 576 4609 602 4662; x_wconf 69' lang='grc' dir='ltr'>τ</span> <span class='ocrx_word' id='word_1_407' title='bbox 660 4605 920 4662; x_wconf 81' lang='lat' dir='ltr'><strong>Futurum</strong></span> <span class='ocrx_word' id='word_1_408' title='bbox 976 4598 1238 4671; x_wconf 87' lang='lat' dir='ltr'><strong>baptisma</strong></span> <span class='ocrx_word' id='word_1_409' title='bbox 1301 4598 1533 4653; x_wconf 91' lang='lat' dir='ltr'><strong>dandum</strong></span> <span class='ocrx_word' id='word_1_410' title='bbox 1590 4608 1745 4666; x_wconf 88' lang='lat' dir='ltr'><strong>erat,</strong></span> <span class='ocrx_word' id='word_1_411' title='bbox 1798 4598 2017 4668; x_wconf 90' lang='lat' dir='ltr'><strong>plenum</strong></span> 
     </span>
    </p>
   </div>
   <div class='ocr_carea' id='block_1_55' title="bbox 438 4691 2018 4771">
    <p class='ocr_par' dir='ltr' id='par_1_55' title="bbox 438 4691 2018 4771">
     <span class='ocr_line' id='line_1_57' title="bbox 438 4691 2018 4771; baseline -0.008 -12"><span class='ocrx_word' id='word_1_412' title='bbox 438 4705 632 4759; x_wconf 86' lang='lat' dir='ltr'><strong>virtute</strong></span> <span class='ocrx_word' id='word_1_413' title='bbox 655 4708 710 4756; x_wconf 90' lang='lat' dir='ltr'><strong>et</strong></span> <span class='ocrx_word' id='word_1_414' title='bbox 728 4699 898 4771; x_wconf 85' lang='lat' dir='ltr'><strong>gratia</strong></span> <span class='ocrx_word' id='word_1_415' title='bbox 929 4694 1179 4758; x_wconf 82' lang='lat' dir='ltr'><strong>maxima.</strong></span> <span class='ocrx_word' id='word_1_416' title='bbox 1208 4692 1469 4761; x_wconf 89' lang='lat' dir='ltr'><strong>baptisma</strong></span> <span class='ocrx_word' id='word_1_417' title='bbox 1489 4691 1631 4764; x_wconf 88' lang='lat' dir='ltr'><strong>quod</strong></span> <span class='ocrx_word' id='word_1_418' title='bbox 1659 4701 1872 4762; x_wconf 85' lang='lat' dir='ltr'><strong>peccata</strong></span> <span class='ocrx_word' id='word_1_419' title='bbox 1899 4706 2018 4748; x_wconf 85' lang='lat' dir='ltr'><strong>om-</strong></span> 
     </span>
    </p>
   </div>
   <div class='ocr_carea' id='block_1_56' title="bbox 438 4782 2019 4859">
    <p class='ocr_par' dir='ltr' id='par_1_56' title="bbox 438 4782 2019 4859">
     <span class='ocr_line' id='line_1_58' title="bbox 438 4782 2019 4859; baseline -0.006 -10"><span class='ocrx_word' id='word_1_420' title='bbox 438 4794 527 4849; x_wconf 89' lang='lat' dir='ltr'><strong>nia</strong></span> <span class='ocrx_word' id='word_1_421' title='bbox 570 4791 846 4854; x_wconf 85' lang='lat' dir='ltr'><strong>ablueret,</strong></span> <span class='ocrx_word' id='word_1_422' title='bbox 877 4786 1018 4859; x_wconf 90' lang='lat' dir='ltr'><strong>quod</strong></span> <span class='ocrx_word' id='word_1_423' title='bbox 1054 4802 1119 4843; x_wconf 79' lang='lat' dir='ltr'><strong>ex</strong></span> <span class='ocrx_word' id='word_1_424' title='bbox 1164 4782 1392 4840; x_wconf 90' lang='lat' dir='ltr'><strong>mortuis</strong></span> <span class='ocrx_word' id='word_1_425' title='bbox 1422 4783 1569 4837; x_wconf 86' lang='lat' dir='ltr'><strong>vivos</strong></span> <span class='ocrx_word' id='word_1_426' title='bbox 1597 4783 1865 4838; x_wconf 88' lang='lat' dir='ltr'><strong>redderet.</strong></span> <span class='ocrx_word' id='word_1_427' title='bbox 1891 4783 2019 4840; x_wconf 63' lang='lat' dir='ltr'><strong>ﬂare</strong></span> 
     </span>
    </p>
   </div>
   <div class='ocr_carea' id='block_1_57' title="bbox 435 4873 2018 4956">
    <p class='ocr_par' dir='ltr' id='par_1_57' title="bbox 435 4873 2018 4956">
     <span class='ocr_line' id='line_1_59' title="bbox 435 4873 2018 4956; baseline -0.008 -14"><span class='ocrx_word' id='word_1_428' title='bbox 435 4899 566 4956; x_wconf 87' lang='lat' dir='ltr'><strong>ergo</strong></span> <span class='ocrx_word' id='word_1_429' title='bbox 597 4892 657 4938; x_wconf 90' lang='lat' dir='ltr'><strong>ut</strong></span> <span class='ocrx_word' id='word_1_430' title='bbox 694 4882 746 4936; x_wconf 90' lang='lat' dir='ltr'><strong>in</strong></span> <span class='ocrx_word' id='word_1_431' title='bbox 776 4880 1007 4949; x_wconf 86' lang='lat' dir='ltr'><strong>imagine</strong></span> <span class='ocrx_word' id='word_1_432' title='bbox 1035 4878 1391 4947; x_wconf 90' lang='lat' dir='ltr'><strong>depinguntnr</strong></span> <span class='ocrx_word' id='word_1_433' title='bbox 1417 4873 1468 4928; x_wconf 91' lang='lat' dir='ltr'><strong>in</strong></span> <span class='ocrx_word' id='word_1_434' title='bbox 1505 4873 1704 4943; x_wconf 86' lang='lat' dir='ltr'><strong>piscina</strong></span> <span class='ocrx_word' id='word_1_435' title='bbox 1739 4884 1794 4929; x_wconf 89' lang='lat' dir='ltr'><strong>et</strong></span> <span class='ocrx_word' id='word_1_436' title='bbox 1817 4874 1869 4928; x_wconf 90' lang='lat' dir='ltr'><strong>in</strong></span> <span class='ocrx_word' id='word_1_437' title='bbox 1899 4874 2018 4930; x_wconf 88' lang='lat' dir='ltr'><strong>aliis</strong></span> 
     </span>
    </p>
   </div>
   <div class='ocr_carea' id='block_1_58' title="bbox 436 4963 2017 5041">
    <p class='ocr_par' dir='ltr' id='par_1_58' title="bbox 436 4963 2017 5041">
     <span class='ocr_line' id='line_1_60' title="bbox 436 4963 2017 5041; baseline -0.009 -9"><span class='ocrx_word' id='word_1_438' title='bbox 436 4975 637 5032; x_wconf 89' lang='lat' dir='ltr'><strong>multis.</strong></span> <span class='ocrx_word' id='word_1_439' title='bbox 670 4973 738 5028; x_wconf 78' lang='lat' dir='ltr'><strong>Et</strong></span> <span class='ocrx_word' id='word_1_440' title='bbox 775 4972 947 5041; x_wconf 89' lang='lat' dir='ltr'><strong>primo</strong></span> <span class='ocrx_word' id='word_1_441' title='bbox 983 4968 1196 5040; x_wconf 88' lang='lat' dir='ltr'><strong>quidem</strong></span> <span class='ocrx_word' id='word_1_442' title='bbox 1236 4979 1427 5034; x_wconf 89' lang='lat' dir='ltr'><strong>aquam</strong></span> <span class='ocrx_word' id='word_1_443' title='bbox 1453 4963 1630 5029; x_wconf 87' lang='lat' dir='ltr'><strong>dedit,</strong></span> <span class='ocrx_word' id='word_1_444' title='bbox 1663 4979 1783 5034; x_wconf 80' lang='lat' dir='ltr'><strong>quae</strong></span> <span class='ocrx_word' id='word_1_445' title='bbox 1822 4978 2017 5034; x_wconf 84' lang='lat' dir='ltr'><strong>corpo-</strong></span> 
     </span>
    </p>
   </div>
   <div class='ocr_carea' id='block_1_59' title="bbox 434 5053 2018 5127">
    <p class='ocr_par' dir='ltr' id='par_1_59' title="bbox 434 5053 2018 5127">
     <span class='ocr_line' id='line_1_61' title="bbox 434 5053 2018 5127; baseline -0.011 0"><span class='ocrx_word' id='word_1_446' title='bbox 434 5084 554 5127; x_wconf 83' lang='lat' dir='ltr'><strong>rum</strong></span> <span class='ocrx_word' id='word_1_447' title='bbox 575 5064 812 5123; x_wconf 85' lang='lat' dir='ltr'><strong>maculas</strong></span> <span class='ocrx_word' id='word_1_448' title='bbox 835 5061 1094 5126; x_wconf 89' lang='lat' dir='ltr'><strong>ablueret,</strong></span> <span class='ocrx_word' id='word_1_449' title='bbox 1123 5056 1413 5127; x_wconf 84' lang='lat' dir='ltr'><strong>sordesque</strong></span> <span class='ocrx_word' id='word_1_450' title='bbox 1438 5070 1545 5109; x_wconf 89' lang='lat' dir='ltr'><strong>non</strong></span> <span class='ocrx_word' id='word_1_451' title='bbox 1567 5068 1741 5119; x_wconf 86' lang='lat' dir='ltr'><strong>veras,</strong></span> <span class='ocrx_word' id='word_1_452' title='bbox 1764 5053 1858 5109; x_wconf 90' lang='lat' dir='ltr'><strong>sed</strong></span> <span class='ocrx_word' id='word_1_453' title='bbox 1883 5053 2018 5110; x_wconf 86' lang='lat' dir='ltr'><strong>tales</strong></span> 
     </span>
    </p>
   </div>
   <div class='ocr_carea' id='block_1_60' title="bbox 440 5147 2013 5223">
    <p class='ocr_par' dir='ltr' id='par_1_60' title="bbox 440 5147 2013 5223">
     <span class='ocr_line' id='line_1_62' title="bbox 440 5147 2013 5223; baseline -0.009 -7"><span class='ocrx_word' id='word_1_454' title='bbox 440 5160 776 5217; x_wconf 76' lang='lat' dir='ltr'><strong>existimatas</strong></span> <span class='ocrx_word' id='word_1_455' title='bbox 803 5172 818 5223; x_wconf 90' lang='lat'><strong>;</strong></span> <span class='ocrx_word' id='word_1_456' title='bbox 846 5170 910 5211; x_wconf 79' lang='lat' dir='ltr'><strong>ex</strong></span> <span class='ocrx_word' id='word_1_457' title='bbox 940 5152 1128 5209; x_wconf 89' lang='lat' dir='ltr'><strong>funere</strong></span> <span class='ocrx_word' id='word_1_458' title='bbox 1156 5164 1371 5221; x_wconf 87' lang='lat' dir='ltr'><strong>nempe,</strong></span> <span class='ocrx_word' id='word_1_459' title='bbox 1400 5163 1465 5206; x_wconf 77' lang='lat' dir='ltr'><strong>es</strong></span> <span class='ocrx_word' id='word_1_460' title='bbox 1489 5149 1659 5219; x_wconf 84' lang='lat' dir='ltr'><strong>lepra.</strong></span> <span class='ocrx_word' id='word_1_461' title='bbox 1685 5157 1736 5203; x_wconf 88' lang='lat' dir='ltr'><strong>ct</strong></span> <span class='ocrx_word' id='word_1_462' title='bbox 1765 5147 1968 5201; x_wconf 83' lang='lat' dir='ltr'><strong>similes</strong></span> <span class='ocrx_word' id='word_1_463' title='bbox 1998 5164 2013 5202; x_wconf 89' lang='lat'><strong>:</strong></span> 
     </span>
    </p>
   </div>
   <div class='ocr_carea' id='block_1_61' title="bbox 438 5240 2017 5320">
    <p class='ocr_par' dir='ltr' id='par_1_61' title="bbox 438 5240 2017 5320">
     <span class='ocr_line' id='line_1_63' title="bbox 438 5240 2017 5320; baseline -0.01 -11"><span class='ocrx_word' id='word_1_464' title='bbox 438 5252 711 5320; x_wconf 85' lang='lat' dir='ltr'><strong>multaque</strong></span> <span class='ocrx_word' id='word_1_465' title='bbox 745 5249 927 5304; x_wconf 89' lang='lat' dir='ltr'><strong>videre</strong></span> <span class='ocrx_word' id='word_1_466' title='bbox 966 5255 1051 5301; x_wconf 88' lang='lat' dir='ltr'><strong>est</strong></span> <span class='ocrx_word' id='word_1_467' title='bbox 1082 5245 1269 5300; x_wconf 89' lang='lat' dir='ltr'><strong>eadem</strong></span> <span class='ocrx_word' id='word_1_468' title='bbox 1311 5244 1378 5298; x_wconf 86' lang='lat' dir='ltr'><strong>de</strong></span> <span class='ocrx_word' id='word_1_469' title='bbox 1418 5256 1577 5297; x_wconf 87' lang='lat' dir='ltr'><strong>causa</strong></span> <span class='ocrx_word' id='word_1_470' title='bbox 1626 5244 1677 5296; x_wconf 90' lang='lat' dir='ltr'><strong>in</strong></span> <span class='ocrx_word' id='word_1_471' title='bbox 1709 5240 1873 5296; x_wconf 88' lang='lat' dir='ltr'><strong>veteri</strong></span> <span class='ocrx_word' id='word_1_472' title='bbox 1902 5240 2017 5309; x_wconf 88' lang='lat' dir='ltr'><strong>lege</strong></span> 
     </span>
    </p>
   </div>
   <div class='ocr_carea' id='block_1_62' title="bbox 442 5330 2017 5415">
    <p class='ocr_par' dir='ltr' id='par_1_62' title="bbox 442 5330 2017 5415">
     <span class='ocr_line' id='line_1_64' title="bbox 442 5330 2017 5415; baseline -0.009 -18"><span class='ocrx_word' id='word_1_473' title='bbox 442 5357 540 5415; x_wconf 88' lang='lat' dir='ltr'><strong>per</strong></span> <span class='ocrx_word' id='word_1_474' title='bbox 564 5354 756 5415; x_wconf 73' lang='lat' dir='ltr'><strong>aquam</strong></span> <span class='ocrx_word' id='word_1_475' title='bbox 791 5336 1063 5394; x_wconf 87' lang='lat' dir='ltr'><strong>mundata.</strong></span> <span class='ocrx_word' id='word_1_476' title='bbox 1090 5334 1197 5393; x_wconf 86' lang='lat' dir='ltr'><strong>Sed</strong></span> <span class='ocrx_word' id='word_1_477' title='bbox 1236 5334 1302 5389; x_wconf 88' lang='lat' dir='ltr'><strong>ad</strong></span> <span class='ocrx_word' id='word_1_478' title='bbox 1336 5335 1663 5404; x_wconf 88' lang='lat' dir='ltr'><strong>propositum</strong></span> <span class='ocrx_word' id='word_1_479' title='bbox 1690 5333 1798 5402; x_wconf 85' lang='lat' dir='ltr'><strong>jam</strong></span> <span class='ocrx_word' id='word_1_480' title='bbox 1828 5330 2017 5385; x_wconf 76' lang='lat' dir='ltr'><strong>redea-</strong></span> 
     </span>
    </p>
   </div>
   <div class='ocr_carea' id='block_1_63' title="bbox 447 5412 2014 5499">
    <p class='ocr_par' dir='ltr' id='par_1_63' title="bbox 447 5412 2014 5499">
     <span class='ocr_line' id='line_1_65' title="bbox 447 5412 2014 5499; baseline -0.01 -10"><span class='ocrx_word' id='word_1_481' title='bbox 447 5412 597 5489; x_wconf 62' lang='lat' dir='ltr'><strong>mus:</strong></span> <span class='ocrx_word' id='word_1_482' title='bbox 624 5431 806 5487; x_wconf 82' lang='lat' dir='ltr'><strong>Primo</strong></span> <span class='ocrx_word' id='word_1_483' title='bbox 838 5430 1038 5499; x_wconf 84' lang='lat' dir='ltr'><strong>itaque,</strong></span> <span class='ocrx_word' id='word_1_484' title='bbox 1070 5435 1125 5482; x_wconf 89' lang='lat' dir='ltr'><strong>ut</strong></span> <span class='ocrx_word' id='word_1_485' title='bbox 1164 5425 1418 5491; x_wconf 77' lang='lat' dir='ltr'><strong>diximus,</strong></span> <span class='ocrx_word' id='word_1_486' title='bbox 1444 5439 1727 5495; x_wconf 89' lang='lat' dir='ltr'><strong>corporum</strong></span> <span class='ocrx_word' id='word_1_487' title='bbox 1756 5422 2014 5487; x_wconf 90' lang='lat' dir='ltr'><strong>maculas,</strong></span> 
     </span>
    </p>
   </div>
   <div class='ocr_carea' id='block_1_64' title="bbox 442 5512 2015 5589">
    <p class='ocr_par' dir='ltr' id='par_1_64' title="bbox 442 5512 2015 5589">
     <span class='ocr_line' id='line_1_66' title="bbox 442 5512 2015 5589; baseline -0.006 -13"><span class='ocrx_word' id='word_1_488' title='bbox 442 5523 634 5583; x_wconf 66' lang='lat' dir='ltr'><strong>deinde</strong></span> <span class='ocrx_word' id='word_1_489' title='bbox 657 5516 1188 5575; x_wconf 84' lang='lat' dir='ltr'><strong>variasiniirmitates</strong></span> <span class='ocrx_word' id='word_1_490' title='bbox 1224 5533 1320 5589; x_wconf 89' lang='lat' dir='ltr'><strong>per</strong></span> <span class='ocrx_word' id='word_1_491' title='bbox 1343 5533 1534 5588; x_wconf 90' lang='lat' dir='ltr'><strong>aquam</strong></span> <span class='ocrx_word' id='word_1_492' title='bbox 1574 5517 1707 5572; x_wconf 88' lang='lat' dir='ltr'><strong>solvi</strong></span> <span class='ocrx_word' id='word_1_493' title='bbox 1740 5522 1910 5572; x_wconf 86' lang='lat' dir='ltr'><strong>curat.</strong></span> <span class='ocrx_word' id='word_1_494' title='bbox 1947 5512 2015 5569; x_wconf 86' lang='lat' dir='ltr'><strong>Ut</strong></span> 
     </span>
    </p>
   </div>
   <div class='ocr_carea' id='block_1_65' title="bbox 497 5643 1730 5718">
    <p class='ocr_par' dir='ltr' id='par_1_65' title="bbox 497 5643 1730 5718">
     <span class='ocr_line' id='line_1_67' title="bbox 497 5643 1730 5718; baseline 0 -12"><span class='ocrx_word' id='word_1_495' title='bbox 497 5657 521 5695; x_wconf 71' lang='grc'><strong>1</strong></span> <span class='ocrx_word' id='word_1_496' title='bbox 548 5655 719 5709; x_wconf 71' lang='grc' dir='ltr'>Μαι-ει.</span> <span class='ocrx_word' id='word_1_497' title='bbox 742 5654 868 5718; x_wconf 75' lang='lat' dir='ltr'><strong>legit</strong></span> <span class='ocrx_word' id='word_1_498' title='bbox 891 5691 907 5714; x_wconf 88' lang='lat'><strong>,</strong></span> <span class='ocrx_word' id='word_1_499' title='bbox 942 5650 1151 5704; x_wconf 64' lang='lat' dir='ltr'><strong>statim</strong></span> <span class='ocrx_word' id='word_1_500' title='bbox 1173 5649 1297 5703; x_wconf 80' lang='lat' dir='ltr'><strong>enim</strong></span> <span class='ocrx_word' id='word_1_501' title='bbox 1317 5643 1367 5696; x_wconf 64' lang='lat' dir='ltr'><strong>in</strong></span> <span class='ocrx_word' id='word_1_502' title='bbox 1386 5654 1730 5717; x_wconf 73' lang='lat' dir='ltr'><strong>festititatit-us.</strong></span> 
     </span>
    </p>
   </div>
   <div class='ocr_carea' id='block_1_66' title="bbox 2136 1295 3721 1373">
    <p class='ocr_par' dir='ltr' id='par_1_66' title="bbox 2136 1295 3721 1373">
     <span class='ocr_line' id='line_1_68' title="bbox 2136 1295 3721 1373; baseline 0.008 -24"><span class='ocrx_word' id='word_1_503' title='bbox 2136 1295 2278 1351; x_wconf 91' lang='lat' dir='ltr'><strong>enim</strong></span> <span class='ocrx_word' id='word_1_504' title='bbox 2304 1312 2403 1353; x_wconf 91' lang='lat' dir='ltr'><strong>nos</strong></span> <span class='ocrx_word' id='word_1_505' title='bbox 2430 1298 2571 1355; x_wconf 88' lang='lat' dir='ltr'><strong>Deus</strong></span> <span class='ocrx_word' id='word_1_506' title='bbox 2597 1299 2664 1355; x_wconf 92' lang='lat' dir='ltr'><strong>ad</strong></span> <span class='ocrx_word' id='word_1_507' title='bbox 2712 1298 2959 1370; x_wconf 88' lang='lat' dir='ltr'><strong>baptismi</strong></span> <span class='ocrx_word' id='word_1_508' title='bbox 2987 1300 3210 1372; x_wconf 85' lang='lat' dir='ltr'><strong>gratiam</strong></span> <span class='ocrx_word' id='word_1_509' title='bbox 3241 1301 3258 1335; x_wconf 79' lang='grc' dir='ltr'>ί</span> <span class='ocrx_word' id='word_1_510' title='bbox 3290 1303 3509 1373; x_wconf 90' lang='lat' dir='ltr'><strong>propius</strong></span> <span class='ocrx_word' id='word_1_511' title='bbox 3557 1305 3721 1361; x_wconf 61' lang='lat' dir='ltr'><strong>reduc</strong></span> 
     </span>
    </p>
   </div>
   <div class='ocr_carea' id='block_1_67' title="bbox 2135 1388 3718 1459">
    <p class='ocr_par' dir='ltr' id='par_1_67' title="bbox 2135 1388 3718 1459">
     <span class='ocr_line' id='line_1_69' title="bbox 2135 1388 3718 1459; baseline 0.005 -17"><span class='ocrx_word' id='word_1_512' title='bbox 2135 1397 2305 1454; x_wconf 89' lang='lat' dir='ltr'><strong>ceret,</strong></span> <span class='ocrx_word' id='word_1_513' title='bbox 2336 1403 2443 1442; x_wconf 90' lang='lat' dir='ltr'><strong>non</strong></span> <span class='ocrx_word' id='word_1_514' title='bbox 2465 1388 2576 1459; x_wconf 88' lang='lat' dir='ltr'><strong>jam</strong></span> <span class='ocrx_word' id='word_1_515' title='bbox 2606 1390 2841 1445; x_wconf 90' lang='lat' dir='ltr'><strong>maculas</strong></span> <span class='ocrx_word' id='word_1_516' title='bbox 2874 1391 3072 1458; x_wconf 92' lang='lat' dir='ltr'><strong>solum,</strong></span> <span class='ocrx_word' id='word_1_517' title='bbox 3100 1390 3195 1447; x_wconf 84' lang='lat' dir='ltr'><strong>sed</strong></span> <span class='ocrx_word' id='word_1_518' title='bbox 3221 1401 3276 1448; x_wconf 91' lang='lat' dir='ltr'><strong>et</strong></span> <span class='ocrx_word' id='word_1_519' title='bbox 3305 1394 3520 1449; x_wconf 87' lang='lat' dir='ltr'><strong>morbos</strong></span> <span class='ocrx_word' id='word_1_520' title='bbox 3544 1407 3718 1452; x_wconf 87' lang='lat' dir='ltr'><strong>sanat.</strong></span> 
     </span>
    </p>
   </div>
   <div class='ocr_carea' id='block_1_68' title="bbox 2135 1476 3715 1551">
    <p class='ocr_par' dir='ltr' id='par_1_68' title="bbox 2135 1476 3715 1551">
     <span class='ocr_line' id='line_1_70' title="bbox 2135 1476 3715 1551; baseline 0.006 -20"><span class='ocrx_word' id='word_1_521' title='bbox 2135 1476 2397 1548; x_wconf 88' lang='lat' dir='ltr'><strong>imagines</strong></span> <span class='ocrx_word' id='word_1_522' title='bbox 2424 1479 2567 1534; x_wconf 91' lang='lat' dir='ltr'><strong>enim</strong></span> <span class='ocrx_word' id='word_1_523' title='bbox 2604 1494 2723 1549; x_wconf 85' lang='lat' dir='ltr'><strong>quae</strong></span> <span class='ocrx_word' id='word_1_524' title='bbox 2767 1480 2987 1550; x_wconf 86' lang='lat' dir='ltr'><strong>prepius</strong></span> <span class='ocrx_word' id='word_1_525' title='bbox 3031 1479 3098 1535; x_wconf 91' lang='lat' dir='ltr'><strong>ad</strong></span> <span class='ocrx_word' id='word_1_526' title='bbox 3135 1481 3412 1537; x_wconf 88' lang='lat' dir='ltr'><strong>veritatem</strong></span> <span class='ocrx_word' id='word_1_527' title='bbox 3436 1484 3715 1551; x_wconf 85' lang='lat' dir='ltr'><strong>accedunt,</strong></span> 
     </span>
    </p>
   </div>
   <div class='ocr_carea' id='block_1_69' title="bbox 2134 1567 3717 1643">
    <p class='ocr_par' dir='ltr' id='par_1_69' title="bbox 2134 1567 3717 1643">
     <span class='ocr_line' id='line_1_71' title="bbox 2134 1567 3717 1643; baseline 0.005 -20"><span class='ocrx_word' id='word_1_528' title='bbox 2134 1576 2191 1623; x_wconf 89' lang='lat' dir='ltr'><strong>et</strong></span> <span class='ocrx_word' id='word_1_529' title='bbox 2218 1567 2270 1621; x_wconf 92' lang='lat' dir='ltr'><strong>in</strong></span> <span class='ocrx_word' id='word_1_530' title='bbox 2298 1567 2616 1638; x_wconf 85' lang='lat' dir='ltr'><strong>baptismate</strong></span> <span class='ocrx_word' id='word_1_531' title='bbox 2640 1579 2695 1625; x_wconf 92' lang='lat' dir='ltr'><strong>et</strong></span> <span class='ocrx_word' id='word_1_532' title='bbox 2718 1569 2772 1624; x_wconf 93' lang='lat' dir='ltr'><strong>in</strong></span> <span class='ocrx_word' id='word_1_533' title='bbox 2801 1571 3052 1640; x_wconf 82' lang='lat' dir='ltr'><strong>passione</strong></span> <span class='ocrx_word' id='word_1_534' title='bbox 3080 1578 3137 1626; x_wconf 90' lang='lat' dir='ltr'><strong>et</strong></span> <span class='ocrx_word' id='word_1_535' title='bbox 3157 1570 3211 1625; x_wconf 85' lang='lat' dir='ltr'><strong>in</strong></span> <span class='ocrx_word' id='word_1_536' title='bbox 3241 1572 3360 1627; x_wconf 90' lang='lat' dir='ltr'><strong>aliis</strong></span> <span class='ocrx_word' id='word_1_537' title='bbox 3391 1575 3558 1643; x_wconf 88' lang='lat' dir='ltr'><strong>magis</strong></span> <span class='ocrx_word' id='word_1_538' title='bbox 3586 1590 3717 1630; x_wconf 89' lang='lat' dir='ltr'><strong>cou-</strong></span> 
     </span>
    </p>
   </div>
   <div class='ocr_carea' id='block_1_70' title="bbox 2133 1657 3712 1731">
    <p class='ocr_par' dir='ltr' id='par_1_70' title="bbox 2133 1657 3712 1731">
     <span class='ocr_line' id='line_1_72' title="bbox 2133 1657 3712 1731; baseline 0.006 -19"><span class='ocrx_word' id='word_1_539' title='bbox 2133 1657 2330 1726; x_wconf 72' lang='lat' dir='ltr'><strong>spieute</strong></span> <span class='ocrx_word' id='word_1_540' title='bbox 2355 1667 2501 1726; x_wconf 90' lang='lat' dir='ltr'><strong>sunt,</strong></span> <span class='ocrx_word' id='word_1_541' title='bbox 2532 1674 2693 1729; x_wconf 87' lang='lat' dir='ltr'><strong>quam</strong></span> <span class='ocrx_word' id='word_1_542' title='bbox 2720 1661 3062 1715; x_wconf 85' lang='lat' dir='ltr'><strong>vetustiores.</strong></span> <span class='ocrx_word' id='word_1_543' title='bbox 3085 1660 3541 1731; x_wconf 88' lang='lat' dir='ltr'><strong>Quemadmodum</strong></span> <span class='ocrx_word' id='word_1_544' title='bbox 3569 1666 3712 1722; x_wconf 87' lang='lat' dir='ltr'><strong>enim</strong></span> 
     </span>
    </p>
   </div>
   <div class='ocr_carea' id='block_1_71' title="bbox 2136 1747 3716 1820">
    <p class='ocr_par' dir='ltr' id='par_1_71' title="bbox 2136 1747 3716 1820">
     <span class='ocr_line' id='line_1_73' title="bbox 2136 1747 3716 1820; baseline 0.008 -20"><span class='ocrx_word' id='word_1_545' title='bbox 2136 1747 2226 1818; x_wconf 92' lang='lat' dir='ltr'><strong>qui</strong></span> <span class='ocrx_word' id='word_1_546' title='bbox 2258 1763 2426 1819; x_wconf 88' lang='lat' dir='ltr'><strong>prope</strong></span> <span class='ocrx_word' id='word_1_547' title='bbox 2471 1764 2652 1820; x_wconf 83' lang='lat' dir='ltr'><strong>regem</strong></span> <span class='ocrx_word' id='word_1_548' title='bbox 2682 1759 2804 1805; x_wconf 90' lang='lat' dir='ltr'><strong>sunt</strong></span> <span class='ocrx_word' id='word_1_549' title='bbox 2832 1751 3093 1807; x_wconf 82' lang='lat' dir='ltr'><strong>satellites</strong></span> <span class='ocrx_word' id='word_1_550' title='bbox 3116 1790 3132 1817; x_wconf 96' lang='lat'><strong>,</strong></span> <span class='ocrx_word' id='word_1_551' title='bbox 3180 1753 3557 1812; x_wconf 91' lang='lat' dir='ltr'><strong>remotioribus</strong></span> <span class='ocrx_word' id='word_1_552' title='bbox 3593 1767 3716 1813; x_wconf 88' lang='lat' dir='ltr'><strong>sunt</strong></span> 
     </span>
    </p>
   </div>
   <div class='ocr_carea' id='block_1_72' title="bbox 2137 1835 3719 1919">
    <p class='ocr_par' dir='ltr' id='par_1_72' title="bbox 2137 1835 3719 1919">
     <span class='ocr_line' id='line_1_74' title="bbox 2137 1835 3719 1919; baseline 0.01 -28"><span class='ocrx_word' id='word_1_553' title='bbox 2137 1835 2508 1895; x_wconf 87' lang='lat' dir='ltr'><strong>honoratiores</strong></span> <span class='ocrx_word' id='word_1_554' title='bbox 2540 1857 2553 1892; x_wconf 92' lang='lat'><strong>:</strong></span> <span class='ocrx_word' id='word_1_555' title='bbox 2578 1840 2647 1897; x_wconf 89' lang='lat' dir='ltr'><strong>ita</strong></span> <span class='ocrx_word' id='word_1_556' title='bbox 2674 1850 2723 1907; x_wconf 85' lang='lat' dir='ltr'><strong>et</strong></span> <span class='ocrx_word' id='word_1_557' title='bbox 2755 1839 2807 1895; x_wconf 93' lang='lat' dir='ltr'><strong>in</strong></span> <span class='ocrx_word' id='word_1_558' title='bbox 2836 1839 3019 1911; x_wconf 89' lang='lat' dir='ltr'><strong>figuris</strong></span> <span class='ocrx_word' id='word_1_559' title='bbox 3043 1840 3237 1897; x_wconf 80' lang='lat' dir='ltr'><strong>factum</strong></span> <span class='ocrx_word' id='word_1_560' title='bbox 3267 1853 3366 1897; x_wconf 88' lang='lat' dir='ltr'><strong>est.</strong></span> <span class='ocrx_word' id='word_1_561' title='bbox 3400 1845 3467 1901; x_wconf 86' lang='lat' dir='ltr'><strong>Et</strong></span> <span class='ocrx_word' id='word_1_562' title='bbox 3495 1849 3719 1919; x_wconf 86' lang='lat' dir='ltr'><strong>angelus</strong></span> 
     </span>
    </p>
   </div>
   <div class='ocr_carea' id='block_1_73' title="bbox 2132 1928 3719 2001">
    <p class='ocr_par' dir='ltr' id='par_1_73' title="bbox 2132 1928 3719 2001">
     <span class='ocr_line' id='line_1_75' title="bbox 2132 1928 3719 2001; baseline 0.006 -17"><span class='ocrx_word' id='word_1_563' title='bbox 2132 1928 2461 1985; x_wconf 85' lang='lat' dir='ltr'><strong>descendens</strong></span> <span class='ocrx_word' id='word_1_564' title='bbox 2489 1929 2731 1985; x_wconf 86' lang='lat' dir='ltr'><strong>turbabat</strong></span> <span class='ocrx_word' id='word_1_565' title='bbox 2757 1946 2948 2001; x_wconf 90' lang='lat' dir='ltr'><strong>aquam</strong></span> <span class='ocrx_word' id='word_1_566' title='bbox 2969 1973 2984 1998; x_wconf 94' lang='lat'><strong>,</strong></span> <span class='ocrx_word' id='word_1_567' title='bbox 3009 1940 3064 1985; x_wconf 89' lang='lat' dir='ltr'><strong>et</strong></span> <span class='ocrx_word' id='word_1_568' title='bbox 3099 1932 3322 1989; x_wconf 91' lang='lat' dir='ltr'><strong>sanandi</strong></span> <span class='ocrx_word' id='word_1_569' title='bbox 3351 1935 3462 1989; x_wconf 85' lang='lat' dir='ltr'><strong>vim</strong></span> <span class='ocrx_word' id='word_1_570' title='bbox 3496 1937 3719 1995; x_wconf 88' lang='lat' dir='ltr'><strong>indebat</strong></span> 
     </span>
    </p>
   </div>
   <div class='ocr_carea' id='block_1_74' title="bbox 2134 2016 3719 2092">
    <p class='ocr_par' dir='ltr' id='par_1_74' title="bbox 2134 2016 3719 2092">
     <span class='ocr_line' id='line_1_76' title="bbox 2134 2016 3719 2092; baseline 0.008 -20"><span class='ocrx_word' id='word_1_571' title='bbox 2134 2016 2255 2087; x_wconf 89' lang='lat' dir='ltr'><strong>ipsi,</strong></span> <span class='ocrx_word' id='word_1_572' title='bbox 2281 2029 2338 2074; x_wconf 89' lang='lat' dir='ltr'><strong>ut</strong></span> <span class='ocrx_word' id='word_1_573' title='bbox 2365 2019 2631 2074; x_wconf 86' lang='lat' dir='ltr'><strong>discerent</strong></span> <span class='ocrx_word' id='word_1_574' title='bbox 2675 2019 2865 2086; x_wconf 74' lang='lat' dir='ltr'><strong>Judaei,</strong></span> <span class='ocrx_word' id='word_1_575' title='bbox 2907 2021 3214 2092; x_wconf 86' lang='lat' dir='ltr'><strong>angelorum</strong></span> <span class='ocrx_word' id='word_1_576' title='bbox 3252 2024 3530 2080; x_wconf 90' lang='lat' dir='ltr'><strong>Dominum</strong></span> <span class='ocrx_word' id='word_1_577' title='bbox 3549 2028 3719 2085; x_wconf 88' lang='lat' dir='ltr'><strong>multo</strong></span> 
     </span>
    </p>
   </div>
   <div class='ocr_carea' id='block_1_75' title="bbox 2133 2112 3718 2191">
    <p class='ocr_par' dir='ltr' id='par_1_75' title="bbox 2133 2112 3718 2191">
     <span class='ocr_line' id='line_1_77' title="bbox 2133 2112 3718 2191; baseline 0.008 -27"><span class='ocrx_word' id='word_1_578' title='bbox 2133 2112 2302 2181; x_wconf 88' lang='lat' dir='ltr'><strong>magis</strong></span> <span class='ocrx_word' id='word_1_579' title='bbox 2328 2126 2485 2180; x_wconf 85' lang='lat' dir='ltr'><strong>posse</strong></span> <span class='ocrx_word' id='word_1_580' title='bbox 2508 2113 2700 2169; x_wconf 77' lang='lat' dir='ltr'><strong>anima:</strong></span> <span class='ocrx_word' id='word_1_581' title='bbox 2724 2115 2939 2169; x_wconf 85' lang='lat' dir='ltr'><strong>morbos</strong></span> <span class='ocrx_word' id='word_1_582' title='bbox 2957 2130 3146 2172; x_wconf 87' lang='lat' dir='ltr'><strong>omnes</strong></span> <span class='ocrx_word' id='word_1_583' title='bbox 3169 2131 3375 2172; x_wconf 90' lang='lat' dir='ltr'><strong>curare.</strong></span> <span class='ocrx_word' id='word_1_584' title='bbox 3403 2117 3509 2175; x_wconf 91' lang='lat' dir='ltr'><strong>Sed</strong></span> <span class='ocrx_word' id='word_1_585' title='bbox 3530 2136 3718 2191; x_wconf 87' lang='lat' dir='ltr'><strong>quem-</strong></span> 
     </span>
    </p>
   </div>
   <div class='ocr_carea' id='block_1_76' title="bbox 2132 2201 3716 2280">
    <p class='ocr_par' dir='ltr' id='par_1_76' title="bbox 2132 2201 3716 2280">
     <span class='ocr_line' id='line_1_78' title="bbox 2132 2201 3716 2280; baseline 0.01 -26"><span class='ocrx_word' id='word_1_586' title='bbox 2132 2201 2415 2257; x_wconf 86' lang='lat' dir='ltr'><strong>admodum</strong></span> <span class='ocrx_word' id='word_1_587' title='bbox 2439 2203 2523 2259; x_wconf 91' lang='lat' dir='ltr'><strong>bic</strong></span> <span class='ocrx_word' id='word_1_588' title='bbox 2537 2220 2795 2276; x_wconf 92' lang='lat' dir='ltr'><strong>aquarum</strong></span> <span class='ocrx_word' id='word_1_589' title='bbox 2821 2216 3008 2261; x_wconf 89' lang='lat' dir='ltr'><strong>natura</strong></span> <span class='ocrx_word' id='word_1_590' title='bbox 3031 2221 3135 2261; x_wconf 92' lang='lat' dir='ltr'><strong>non</strong></span> <span class='ocrx_word' id='word_1_591' title='bbox 3151 2209 3459 2278; x_wconf 90' lang='lat' dir='ltr'><strong>simpliciter</strong></span> <span class='ocrx_word' id='word_1_592' title='bbox 3471 2213 3716 2280; x_wconf 85' lang='lat' dir='ltr'><strong>curabat;</strong></span> 
     </span>
    </p>
   </div>
   <div class='ocr_carea' id='block_1_77' title="bbox 2129 2292 3720 2373">
    <p class='ocr_par' dir='ltr' id='par_1_77' title="bbox 2129 2292 3720 2373">
     <span class='ocr_line' id='line_1_79' title="bbox 2129 2292 3720 2373; baseline 0.008 -26"><span class='ocrx_word' id='word_1_593' title='bbox 2129 2292 2363 2364; x_wconf 88' lang='lat' dir='ltr'><strong>alioquin</strong></span> <span class='ocrx_word' id='word_1_594' title='bbox 2394 2294 2537 2351; x_wconf 90' lang='lat' dir='ltr'><strong>enim</strong></span> <span class='ocrx_word' id='word_1_595' title='bbox 2581 2311 2796 2367; x_wconf 79' lang='lat' dir='ltr'><strong>seraper</strong></span> <span class='ocrx_word' id='word_1_596' title='bbox 2835 2296 2885 2351; x_wconf 91' lang='lat' dir='ltr'><strong>id</strong></span> <span class='ocrx_word' id='word_1_597' title='bbox 2914 2295 3117 2353; x_wconf 82' lang='lat' dir='ltr'><strong>faceret</strong></span> <span class='ocrx_word' id='word_1_598' title='bbox 3143 2313 3160 2363; x_wconf 86' lang='lat'><strong>;</strong></span> <span class='ocrx_word' id='word_1_599' title='bbox 3187 2299 3279 2354; x_wconf 89' lang='lat' dir='ltr'><strong>sed</strong></span> <span class='ocrx_word' id='word_1_600' title='bbox 3311 2301 3488 2371; x_wconf 81' lang='lat' dir='ltr'><strong>angeli</strong></span> <span class='ocrx_word' id='word_1_601' title='bbox 3527 2319 3720 2373; x_wconf 82' lang='lat' dir='ltr'><strong>opera-</strong></span> 
     </span>
    </p>
   </div>
   <div class='ocr_carea' id='block_1_78' title="bbox 2134 2384 3719 2465">
    <p class='ocr_par' dir='ltr' id='par_1_78' title="bbox 2134 2384 3719 2465">
     <span class='ocr_line' id='line_1_80' title="bbox 2134 2384 3719 2465; baseline 0.009 -28"><span class='ocrx_word' id='word_1_602' title='bbox 2134 2384 2277 2442; x_wconf 92' lang='lat' dir='ltr'><strong>tione</strong></span> <span class='ocrx_word' id='word_1_603' title='bbox 2306 2388 2326 2418; x_wconf 85' lang='grc'>²</span> <span class='ocrx_word' id='word_1_604' title='bbox 2367 2386 2419 2442; x_wconf 92' lang='lat' dir='ltr'><strong>id</strong></span> <span class='ocrx_word' id='word_1_605' title='bbox 2466 2386 2663 2444; x_wconf 91' lang='lat' dir='ltr'><strong>fiebat:</strong></span> <span class='ocrx_word' id='word_1_606' title='bbox 2704 2388 2862 2444; x_wconf 92' lang='lat' dir='ltr'><strong>sicin</strong></span> <span class='ocrx_word' id='word_1_607' title='bbox 2902 2389 3059 2444; x_wconf 88' lang='lat' dir='ltr'><strong>nobis</strong></span> <span class='ocrx_word' id='word_1_608' title='bbox 3085 2406 3195 2445; x_wconf 93' lang='lat' dir='ltr'><strong>non</strong></span> <span class='ocrx_word' id='word_1_609' title='bbox 3237 2406 3373 2462; x_wconf 87' lang='lat' dir='ltr'><strong>aqua</strong></span> <span class='ocrx_word' id='word_1_610' title='bbox 3401 2394 3719 2465; x_wconf 71' lang='lat' dir='ltr'><strong>simplicitrr</strong></span> 
     </span>
    </p>
   </div>
   <div class='ocr_carea' id='block_1_79' title="bbox 2133 2478 3709 2556">
    <p class='ocr_par' dir='ltr' id='par_1_79' title="bbox 2133 2478 3709 2556">
     <span class='ocr_line' id='line_1_81' title="bbox 2133 2478 3709 2556; baseline 0.008 -27"><span class='ocrx_word' id='word_1_611' title='bbox 2133 2486 2405 2546; x_wconf 90' lang='lat' dir='ltr'><strong>operatur,</strong></span> <span class='ocrx_word' id='word_1_612' title='bbox 2445 2478 2540 2535; x_wconf 90' lang='lat' dir='ltr'><strong>sed</strong></span> <span class='ocrx_word' id='word_1_613' title='bbox 2582 2487 2861 2549; x_wconf 83' lang='lat' dir='ltr'><strong>postquam</strong></span> <span class='ocrx_word' id='word_1_614' title='bbox 2889 2479 3121 2551; x_wconf 90' lang='lat' dir='ltr'><strong>Spiritus</strong></span> <span class='ocrx_word' id='word_1_615' title='bbox 3145 2485 3370 2553; x_wconf 92' lang='lat' dir='ltr'><strong>gratiam</strong></span> <span class='ocrx_word' id='word_1_616' title='bbox 3402 2494 3666 2556; x_wconf 70' lang='lat' dir='ltr'><strong>acceperit</strong></span> <span class='ocrx_word' id='word_1_617' title='bbox 3692 2528 3709 2553; x_wconf 88' lang='lat'><strong>,</strong></span> 
     </span>
    </p>
   </div>
   <div class='ocr_carea' id='block_1_80' title="bbox 2137 2569 3712 2645">
    <p class='ocr_par' dir='ltr' id='par_1_80' title="bbox 2137 2569 3712 2645">
     <span class='ocr_line' id='line_1_82' title="bbox 2137 2569 3712 2645; baseline 0.009 -24"><span class='ocrx_word' id='word_1_618' title='bbox 2137 2575 2265 2622; x_wconf 86' lang='lat' dir='ltr'><strong>tunc</strong></span> <span class='ocrx_word' id='word_1_619' title='bbox 2300 2569 2476 2623; x_wconf 92' lang='lat' dir='ltr'><strong>omnia</strong></span> <span class='ocrx_word' id='word_1_620' title='bbox 2521 2570 2682 2625; x_wconf 90' lang='lat' dir='ltr'><strong>solvit</strong></span> <span class='ocrx_word' id='word_1_621' title='bbox 2708 2581 2945 2640; x_wconf 85' lang='lat' dir='ltr'><strong>peccata.</strong></span> <span class='ocrx_word' id='word_1_622' title='bbox 2972 2571 3125 2629; x_wconf 88' lang='lat' dir='ltr'><strong>Circa</strong></span> <span class='ocrx_word' id='word_1_623' title='bbox 3156 2573 3291 2629; x_wconf 89' lang='lat' dir='ltr'><strong>hanc</strong></span> <span class='ocrx_word' id='word_1_624' title='bbox 3319 2576 3576 2645; x_wconf 86' lang='lat' dir='ltr'><strong>piscinam</strong></span> <span class='ocrx_word' id='word_1_625' title='bbox 3612 2578 3712 2634; x_wconf 78' lang='lat' dir='ltr'><strong>Ja-</strong></span> 
     </span>
    </p>
   </div>
   <div class='ocr_carea' id='block_1_81' title="bbox 2130 2658 3708 2735">
    <p class='ocr_par' dir='ltr' id='par_1_81' title="bbox 2130 2658 3708 2735">
     <span class='ocr_line' id='line_1_83' title="bbox 2130 2658 3708 2735; baseline 0.007 -23"><span class='ocrx_word' id='word_1_626' title='bbox 2130 2658 2269 2712; x_wconf 85' lang='lat' dir='ltr'><strong>cebat</strong></span> <span class='ocrx_word' id='word_1_627' title='bbox 2315 2661 2586 2715; x_wconf 87' lang='lat' dir='ltr'><strong>multitudo</strong></span> <span class='ocrx_word' id='word_1_628' title='bbox 2632 2678 2819 2733; x_wconf 83' lang='lat' dir='ltr'><strong>magna</strong></span> <span class='ocrx_word' id='word_1_629' title='bbox 2862 2662 3207 2732; x_wconf 74' lang='lat' dir='ltr'><strong>inﬁrmorum,</strong></span> <span class='ocrx_word' id='word_1_630' title='bbox 3248 2680 3514 2735; x_wconf 64' lang='lat' dir='ltr'><strong>ca’corum,</strong></span> <span class='ocrx_word' id='word_1_631' title='bbox 3560 2668 3708 2722; x_wconf 85' lang='lat' dir='ltr'><strong>clau-</strong></span> 
     </span>
    </p>
   </div>
   <div class='ocr_carea' id='block_1_82' title="bbox 2131 2750 3709 2830">
    <p class='ocr_par' dir='ltr' id='par_1_82' title="bbox 2131 2750 3709 2830">
     <span class='ocr_line' id='line_1_84' title="bbox 2131 2750 3709 2830; baseline 0.01 -27"><span class='ocrx_word' id='word_1_632' title='bbox 2131 2750 2348 2817; x_wconf 85' lang='lat' dir='ltr'><strong>dorum,</strong></span> <span class='ocrx_word' id='word_1_633' title='bbox 2395 2753 2692 2821; x_wconf 89' lang='lat' dir='ltr'><strong>aridorum,</strong></span> <span class='ocrx_word' id='word_1_634' title='bbox 2740 2771 2890 2827; x_wconf 80' lang='lat' dir='ltr'><strong>aqua:</strong></span> <span class='ocrx_word' id='word_1_635' title='bbox 2927 2765 3116 2810; x_wconf 89' lang='lat' dir='ltr'><strong>motum</strong></span> <span class='ocrx_word' id='word_1_636' title='bbox 3143 2760 3557 2830; x_wconf 70' lang='lat' dir='ltr'><strong>exspectantium.</strong></span> <span class='ocrx_word' id='word_1_637' title='bbox 3601 2760 3709 2818; x_wconf 89' lang='lat' dir='ltr'><strong>Sed</strong></span> 
     </span>
    </p>
   </div>
   <div class='ocr_carea' id='block_1_83' title="bbox 2134 2845 3708 2926">
    <p class='ocr_par' dir='ltr' id='par_1_83' title="bbox 2134 2845 3708 2926">
     <span class='ocr_line' id='line_1_85' title="bbox 2134 2845 3708 2926; baseline 0.008 -28"><span class='ocrx_word' id='word_1_638' title='bbox 2134 2852 2259 2900; x_wconf 90' lang='lat' dir='ltr'><strong>tunc</strong></span> <span class='ocrx_word' id='word_1_639' title='bbox 2298 2845 2580 2902; x_wconf 87' lang='lat' dir='ltr'><strong>infirmitas</strong></span> <span class='ocrx_word' id='word_1_640' title='bbox 2625 2846 3007 2919; x_wconf 88' lang='lat' dir='ltr'><strong>impedimento</strong></span> <span class='ocrx_word' id='word_1_641' title='bbox 3035 2858 3184 2918; x_wconf 92' lang='lat' dir='ltr'><strong>erat,</strong></span> <span class='ocrx_word' id='word_1_642' title='bbox 3222 2853 3504 2921; x_wconf 89' lang='lat' dir='ltr'><strong>quominus</strong></span> <span class='ocrx_word' id='word_1_643' title='bbox 3547 2855 3590 2910; x_wconf 91' lang='lat' dir='ltr'><strong>is</strong></span> <span class='ocrx_word' id='word_1_644' title='bbox 3618 2857 3708 2926; x_wconf 93' lang='lat' dir='ltr'><strong>qui</strong></span> 
     </span>
    </p>
   </div>
   <div class='ocr_carea' id='block_1_84' title="bbox 2130 2937 3705 3015">
    <p class='ocr_par' dir='ltr' id='par_1_84' title="bbox 2130 2937 3705 3015">
     <span class='ocr_line' id='line_1_86' title="bbox 2130 2937 3705 3015; baseline 0.008 -25"><span class='ocrx_word' id='word_1_645' title='bbox 2130 2937 2292 2991; x_wconf 89' lang='lat' dir='ltr'><strong>vellet</strong></span> <span class='ocrx_word' id='word_1_646' title='bbox 2310 2946 2588 2993; x_wconf 91' lang='lat' dir='ltr'><strong>sanaretnr</strong></span> <span class='ocrx_word' id='word_1_647' title='bbox 2609 2956 2625 2995; x_wconf 86' lang='lat'><strong>:</strong></span> <span class='ocrx_word' id='word_1_648' title='bbox 2650 2956 2790 2997; x_wconf 88' lang='lat' dir='ltr'><strong>nunc</strong></span> <span class='ocrx_word' id='word_1_649' title='bbox 2804 2950 2981 2997; x_wconf 89' lang='lat' dir='ltr'><strong>autem</strong></span> <span class='ocrx_word' id='word_1_650' title='bbox 3006 2942 3365 3015; x_wconf 86' lang='lat' dir='ltr'><strong>unusquisque</strong></span> <span class='ocrx_word' id='word_1_651' title='bbox 3387 2955 3705 3015; x_wconf 89' lang='lat' dir='ltr'><strong>potestatem</strong></span> 
     </span>
    </p>
   </div>
   <div class='ocr_carea' id='block_1_85' title="bbox 2130 3028 3706 3111">
    <p class='ocr_par' dir='ltr' id='par_1_85' title="bbox 2130 3028 3706 3111">
     <span class='ocr_line' id='line_1_87' title="bbox 2130 3028 3706 3111; baseline 0.008 -28"><span class='ocrx_word' id='word_1_652' title='bbox 2130 3028 2419 3085; x_wconf 90' lang='lat' dir='ltr'><strong>accedendi</strong></span> <span class='ocrx_word' id='word_1_653' title='bbox 2467 3029 2646 3088; x_wconf 89' lang='lat' dir='ltr'><strong>habet.</strong></span> <span class='ocrx_word' id='word_1_654' title='bbox 2683 3032 2801 3089; x_wconf 89' lang='lat' dir='ltr'><strong>Non</strong></span> <span class='ocrx_word' id='word_1_655' title='bbox 2848 3037 2994 3090; x_wconf 89' lang='lat' dir='ltr'><strong>enim</strong></span> <span class='ocrx_word' id='word_1_656' title='bbox 3022 3036 3242 3107; x_wconf 87' lang='lat' dir='ltr'><strong>angelus</strong></span> <span class='ocrx_word' id='word_1_657' title='bbox 3271 3048 3351 3092; x_wconf 88' lang='lat' dir='ltr'><strong>est</strong></span> <span class='ocrx_word' id='word_1_658' title='bbox 3380 3039 3471 3108; x_wconf 89' lang='lat' dir='ltr'><strong>qui</strong></span> <span class='ocrx_word' id='word_1_659' title='bbox 3516 3055 3706 3111; x_wconf 88' lang='lat' dir='ltr'><strong>aquam</strong></span> 
     </span>
    </p>
   </div>
   <div class='ocr_carea' id='block_1_86' title="bbox 2132 3122 3709 3195">
    <p class='ocr_par' dir='ltr' id='par_1_86' title="bbox 2132 3122 3709 3195">
     <span class='ocr_line' id='line_1_88' title="bbox 2132 3122 3709 3195; baseline 0.009 -20"><span class='ocrx_word' id='word_1_660' title='bbox 2132 3122 2347 3188; x_wconf 72' lang='lat' dir='ltr'><strong>movet}</strong></span> <span class='ocrx_word' id='word_1_661' title='bbox 2375 3122 2471 3177; x_wconf 89' lang='lat' dir='ltr'><strong>sed</strong></span> <span class='ocrx_word' id='word_1_662' title='bbox 2499 3122 2810 3195; x_wconf 86' lang='lat' dir='ltr'><strong>angelorum</strong></span> <span class='ocrx_word' id='word_1_663' title='bbox 2851 3125 3108 3181; x_wconf 88' lang='lat' dir='ltr'><strong>Dominus</strong></span> <span class='ocrx_word' id='word_1_664' title='bbox 3151 3128 3329 3184; x_wconf 91' lang='lat' dir='ltr'><strong>omnia</strong></span> <span class='ocrx_word' id='word_1_665' title='bbox 3370 3128 3553 3186; x_wconf 78' lang='lat' dir='ltr'><strong>efficit.</strong></span> <span class='ocrx_word' id='word_1_666' title='bbox 3596 3131 3709 3189; x_wconf 89' lang='lat' dir='ltr'><strong>Nec</strong></span> 
     </span>
    </p>
   </div>
   <div class='ocr_carea' id='block_1_87' title="bbox 2129 3209 3711 3288">
    <p class='ocr_par' dir='ltr' id='par_1_87' title="bbox 2129 3209 3711 3288">
     <span class='ocr_line' id='line_1_89' title="bbox 2129 3209 3711 3288; baseline 0.008 -23"><span class='ocrx_word' id='word_1_667' title='bbox 2129 3209 2308 3266; x_wconf 87' lang='lat' dir='ltr'><strong>dicere</strong></span> <span class='ocrx_word' id='word_1_668' title='bbox 2334 3226 2639 3283; x_wconf 89' lang='lat' dir='ltr'><strong>possumus,</strong></span> <span class='ocrx_word' id='word_1_669' title='bbox 2689 3214 2820 3270; x_wconf 92' lang='lat' dir='ltr'><strong>Dum</strong></span> <span class='ocrx_word' id='word_1_670' title='bbox 2850 3231 2952 3288; x_wconf 89' lang='lat' dir='ltr'><strong>ego</strong></span> <span class='ocrx_word' id='word_1_671' title='bbox 2991 3217 3194 3273; x_wconf 88' lang='lat' dir='ltr'><strong>accedo</strong></span> <span class='ocrx_word' id='word_1_672' title='bbox 3216 3260 3233 3287; x_wconf 96' lang='lat'><strong>,</strong></span> <span class='ocrx_word' id='word_1_673' title='bbox 3284 3219 3419 3275; x_wconf 87' lang='lat' dir='ltr'><strong>alius</strong></span> <span class='ocrx_word' id='word_1_674' title='bbox 3457 3231 3579 3277; x_wconf 89' lang='lat' dir='ltr'><strong>ante</strong></span> <span class='ocrx_word' id='word_1_675' title='bbox 3623 3237 3711 3279; x_wconf 88' lang='lat' dir='ltr'><strong>me</strong></span> 
     </span>
    </p>
   </div>
   <div class='ocr_carea' id='block_1_88' title="bbox 2130 3300 3708 3380">
    <p class='ocr_par' dir='ltr' id='par_1_88' title="bbox 2130 3300 3708 3380">
     <span class='ocr_line' id='line_1_90' title="bbox 2130 3300 3708 3380; baseline 0.007 -23"><span class='ocrx_word' id='word_1_676' title='bbox 2130 3300 2426 3357; x_wconf 90' lang='lat' dir='ltr'><strong>descendit.</strong></span> <span class='ocrx_word' id='word_1_677' title='bbox 2477 3301 2583 3358; x_wconf 90' lang='lat' dir='ltr'><strong>Sed</strong></span> <span class='ocrx_word' id='word_1_678' title='bbox 2626 3302 2671 3359; x_wconf 90' lang='lat' dir='ltr'><strong>si</strong></span> <span class='ocrx_word' id='word_1_679' title='bbox 2717 3312 2860 3360; x_wconf 90' lang='lat' dir='ltr'><strong>totus</strong></span> <span class='ocrx_word' id='word_1_680' title='bbox 2899 3306 3046 3361; x_wconf 91' lang='lat' dir='ltr'><strong>orbis</strong></span> <span class='ocrx_word' id='word_1_681' title='bbox 3092 3309 3338 3376; x_wconf 88' lang='lat' dir='ltr'><strong>venerit,</strong></span> <span class='ocrx_word' id='word_1_682' title='bbox 3379 3311 3549 3380; x_wconf 87' lang='lat' dir='ltr'><strong>gratia</strong></span> <span class='ocrx_word' id='word_1_683' title='bbox 3602 3327 3708 3368; x_wconf 87' lang='lat' dir='ltr'><strong>non</strong></span> 
     </span>
    </p>
   </div>
   <div class='ocr_carea' id='block_1_89' title="bbox 2129 3394 3711 3469">
    <p class='ocr_par' dir='ltr' id='par_1_89' title="bbox 2129 3394 3711 3469">
     <span class='ocr_line' id='line_1_91' title="bbox 2129 3394 3711 3469; baseline 0.006 -21"><span class='ocrx_word' id='word_1_684' title='bbox 2129 3394 2479 3460; x_wconf 89' lang='lat' dir='ltr'><strong>consumitur,</strong></span> <span class='ocrx_word' id='word_1_685' title='bbox 2514 3410 2688 3468; x_wconf 89' lang='lat' dir='ltr'><strong>neque</strong></span> <span class='ocrx_word' id='word_1_686' title='bbox 2716 3398 2797 3453; x_wconf 90' lang='lat' dir='ltr'><strong>vis</strong></span> <span class='ocrx_word' id='word_1_687' title='bbox 2822 3399 2908 3453; x_wconf 88' lang='lat' dir='ltr'><strong>vel</strong></span> <span class='ocrx_word' id='word_1_688' title='bbox 2937 3401 3184 3469; x_wconf 88' lang='lat' dir='ltr'><strong>operatio</strong></span> <span class='ocrx_word' id='word_1_689' title='bbox 3208 3400 3407 3469; x_wconf 87' lang='lat' dir='ltr'><strong>deiicit,</strong></span> <span class='ocrx_word' id='word_1_690' title='bbox 3447 3402 3542 3459; x_wconf 86' lang='lat' dir='ltr'><strong>sed</strong></span> <span class='ocrx_word' id='word_1_691' title='bbox 3579 3419 3711 3460; x_wconf 86' lang='lat' dir='ltr'><strong>sem-</strong></span> 
     </span>
    </p>
   </div>
   <div class='ocr_carea' id='block_1_90' title="bbox 2130 3484 3709 3560">
    <p class='ocr_par' dir='ltr' id='par_1_90' title="bbox 2130 3484 3709 3560">
     <span class='ocr_line' id='line_1_92' title="bbox 2130 3484 3709 3560; baseline 0.009 -22"><span class='ocrx_word' id='word_1_692' title='bbox 2130 3499 2226 3554; x_wconf 84' lang='lat' dir='ltr'><strong>per</strong></span> <span class='ocrx_word' id='word_1_693' title='bbox 2269 3484 2456 3541; x_wconf 84' lang='lat' dir='ltr'><strong>eadem</strong></span> <span class='ocrx_word' id='word_1_694' title='bbox 2498 3496 2695 3543; x_wconf 89' lang='lat' dir='ltr'><strong>manet.</strong></span> <span class='ocrx_word' id='word_1_695' title='bbox 2733 3490 2811 3544; x_wconf 83' lang='lat' dir='ltr'><strong>Ac</strong></span> <span class='ocrx_word' id='word_1_696' title='bbox 2849 3490 3297 3560; x_wconf 88' lang='lat' dir='ltr'><strong>quemadmodum</strong></span> <span class='ocrx_word' id='word_1_697' title='bbox 3341 3495 3546 3551; x_wconf 90' lang='lat' dir='ltr'><strong>solares</strong></span> <span class='ocrx_word' id='word_1_698' title='bbox 3575 3496 3709 3552; x_wconf 91' lang='lat' dir='ltr'><strong>radii</strong></span> 
     </span>
    </p>
   </div>
   <div class='ocr_carea' id='block_1_91' title="bbox 2128 3575 3708 3654">
    <p class='ocr_par' dir='ltr' id='par_1_91' title="bbox 2128 3575 3708 3654">
     <span class='ocr_line' id='line_1_93' title="bbox 2128 3575 3708 3654; baseline 0.007 -24"><span class='ocrx_word' id='word_1_699' title='bbox 2128 3575 2368 3647; x_wconf 89' lang='lat' dir='ltr'><strong>quotidie</strong></span> <span class='ocrx_word' id='word_1_700' title='bbox 2412 3577 2743 3645; x_wconf 89' lang='lat' dir='ltr'><strong>illuminant,</strong></span> <span class='ocrx_word' id='word_1_701' title='bbox 2791 3594 2892 3634; x_wconf 91' lang='lat' dir='ltr'><strong>nec</strong></span> <span class='ocrx_word' id='word_1_702' title='bbox 2921 3579 3307 3648; x_wconf 91' lang='lat' dir='ltr'><strong>absumuntur,</strong></span> <span class='ocrx_word' id='word_1_703' title='bbox 3354 3599 3527 3654; x_wconf 89' lang='lat' dir='ltr'><strong>neque</strong></span> <span class='ocrx_word' id='word_1_704' title='bbox 3565 3585 3708 3654; x_wconf 86' lang='lat' dir='ltr'><strong>quod</strong></span> 
     </span>
    </p>
   </div>
   <div class='ocr_carea' id='block_1_92' title="bbox 2130 3668 3710 3742">
    <p class='ocr_par' dir='ltr' id='par_1_92' title="bbox 2130 3668 3710 3742">
     <span class='ocr_line' id='line_1_94' title="bbox 2130 3668 3710 3742; baseline 0.005 -19"><span class='ocrx_word' id='word_1_705' title='bbox 2130 3668 2312 3724; x_wconf 89' lang='lat' dir='ltr'><strong>multis</strong></span> <span class='ocrx_word' id='word_1_706' title='bbox 2335 3668 2824 3736; x_wconf 89' lang='lat' dir='ltr'><strong>subministrentur,</strong></span> <span class='ocrx_word' id='word_1_707' title='bbox 2854 3671 2985 3726; x_wconf 86' lang='lat' dir='ltr'><strong>lucis</strong></span> <span class='ocrx_word' id='word_1_708' title='bbox 3009 3671 3277 3742; x_wconf 86' lang='lat' dir='ltr'><strong>quidpiam</strong></span> <span class='ocrx_word' id='word_1_709' title='bbox 3298 3674 3550 3730; x_wconf 90' lang='lat' dir='ltr'><strong>amittunt</strong></span> <span class='ocrx_word' id='word_1_710' title='bbox 3572 3693 3584 3728; x_wconf 90' lang='lat'><strong>:</strong></span> <span class='ocrx_word' id='word_1_711' title='bbox 3608 3678 3710 3739; x_wconf 87' lang='lat' dir='ltr'><strong>sic,</strong></span> 
     </span>
    </p>
   </div>
   <div class='ocr_carea' id='block_1_93' title="bbox 2129 3757 3710 3833">
    <p class='ocr_par' dir='ltr' id='par_1_93' title="bbox 2129 3757 3710 3833">
     <span class='ocr_line' id='line_1_95' title="bbox 2129 3757 3710 3833; baseline 0.003 -17"><span class='ocrx_word' id='word_1_712' title='bbox 2129 3757 2238 3817; x_wconf 92' lang='lat' dir='ltr'><strong>imo</strong></span> <span class='ocrx_word' id='word_1_713' title='bbox 2267 3761 2435 3817; x_wconf 90' lang='lat' dir='ltr'><strong>multo</strong></span> <span class='ocrx_word' id='word_1_714' title='bbox 2462 3763 2636 3817; x_wconf 90' lang='lat' dir='ltr'><strong>minus</strong></span> <span class='ocrx_word' id='word_1_715' title='bbox 2674 3761 2903 3832; x_wconf 88' lang='lat' dir='ltr'><strong>Spiritus</strong></span> <span class='ocrx_word' id='word_1_716' title='bbox 2924 3762 3167 3833; x_wconf 82' lang='lat' dir='ltr'><strong>operatio</strong></span> <span class='ocrx_word' id='word_1_717' title='bbox 3207 3764 3464 3819; x_wconf 89' lang='lat' dir='ltr'><strong>minuitur</strong></span> <span class='ocrx_word' id='word_1_718' title='bbox 3498 3779 3527 3818; x_wconf 91' lang='lat' dir='ltr'><strong>a</strong></span> <span class='ocrx_word' id='word_1_719' title='bbox 3565 3766 3710 3820; x_wconf 65' lang='lat' dir='ltr'><strong>mulo</strong></span> 
     </span>
    </p>
   </div>
   <div class='ocr_carea' id='block_1_94' title="bbox 2130 3851 3705 3927">
    <p class='ocr_par' dir='ltr' id='par_1_94' title="bbox 2130 3851 3705 3927">
     <span class='ocr_line' id='line_1_96' title="bbox 2130 3851 3705 3927; baseline 0.003 -20"><span class='ocrx_word' id='word_1_720' title='bbox 2130 3851 2357 3908; x_wconf 89' lang='lat' dir='ltr'><strong>titudine</strong></span> <span class='ocrx_word' id='word_1_721' title='bbox 2383 3853 2775 3924; x_wconf 86' lang='lat' dir='ltr'><strong>accipientium.</strong></span> <span class='ocrx_word' id='word_1_722' title='bbox 2807 3852 2920 3909; x_wconf 81' lang='lat' dir='ltr'><strong>Hoc</strong></span> <span class='ocrx_word' id='word_1_723' title='bbox 2948 3863 3124 3908; x_wconf 91' lang='lat' dir='ltr'><strong>autem</strong></span> <span class='ocrx_word' id='word_1_724' title='bbox 3151 3854 3347 3909; x_wconf 77' lang='lat' dir='ltr'><strong>factum</strong></span> <span class='ocrx_word' id='word_1_725' title='bbox 3370 3865 3473 3921; x_wconf 88' lang='lat' dir='ltr'><strong>est,</strong></span> <span class='ocrx_word' id='word_1_726' title='bbox 3520 3865 3577 3911; x_wconf 92' lang='lat' dir='ltr'><strong>ut</strong></span> <span class='ocrx_word' id='word_1_727' title='bbox 3614 3858 3705 3927; x_wconf 91' lang='lat' dir='ltr'><strong>qni</strong></span> 
     </span>
    </p>
   </div>
   <div class='ocr_carea' id='block_1_95' title="bbox 2127 3943 3708 4017">
    <p class='ocr_par' dir='ltr' id='par_1_95' title="bbox 2127 3943 3708 4017">
     <span class='ocr_line' id='line_1_97' title="bbox 2127 3943 3708 4017; baseline 0.003 -17"><span class='ocrx_word' id='word_1_728' title='bbox 2127 3943 2399 4001; x_wconf 89' lang='lat' dir='ltr'><strong>discerent</strong></span> <span class='ocrx_word' id='word_1_729' title='bbox 2428 3946 2479 4000; x_wconf 93' lang='lat' dir='ltr'><strong>in</strong></span> <span class='ocrx_word' id='word_1_730' title='bbox 2520 3959 2656 4016; x_wconf 87' lang='lat' dir='ltr'><strong>aqua</strong></span> <span class='ocrx_word' id='word_1_731' title='bbox 2682 3944 2947 4001; x_wconf 89' lang='lat' dir='ltr'><strong>curandos</strong></span> <span class='ocrx_word' id='word_1_732' title='bbox 2967 3960 3087 4001; x_wconf 91' lang='lat' dir='ltr'><strong>esse</strong></span> <span class='ocrx_word' id='word_1_733' title='bbox 3119 3946 3361 4017; x_wconf 88' lang='lat' dir='ltr'><strong>corporis</strong></span> <span class='ocrx_word' id='word_1_734' title='bbox 3390 3947 3624 4012; x_wconf 91' lang='lat' dir='ltr'><strong>morbos,</strong></span> <span class='ocrx_word' id='word_1_735' title='bbox 3650 3958 3708 4004; x_wconf 91' lang='lat' dir='ltr'><strong>et</strong></span> 
     </span>
    </p>
   </div>
   <div class='ocr_carea' id='block_1_96' title="bbox 2130 4036 3708 4103">
    <p class='ocr_par' dir='ltr' id='par_1_96' title="bbox 2130 4036 3708 4103">
     <span class='ocr_line' id='line_1_98' title="bbox 2130 4036 3708 4103; baseline 0.002 -12"><span class='ocrx_word' id='word_1_736' title='bbox 2130 4037 2230 4094; x_wconf 88' lang='lat' dir='ltr'><strong>hac</strong></span> <span class='ocrx_word' id='word_1_737' title='bbox 2278 4038 2331 4093; x_wconf 90' lang='lat' dir='ltr'><strong>in</strong></span> <span class='ocrx_word' id='word_1_738' title='bbox 2372 4051 2431 4093; x_wconf 88' lang='lat' dir='ltr'><strong>re</strong></span> <span class='ocrx_word' id='word_1_739' title='bbox 2467 4036 2560 4092; x_wconf 91' lang='lat' dir='ltr'><strong>diu</strong></span> <span class='ocrx_word' id='word_1_740' title='bbox 2609 4037 2887 4092; x_wconf 80' lang='lat' dir='ltr'><strong>exercitati</strong></span> <span class='ocrx_word' id='word_1_741' title='bbox 2926 4046 3133 4103; x_wconf 91' lang='lat' dir='ltr'><strong>essent,</strong></span> <span class='ocrx_word' id='word_1_742' title='bbox 3180 4037 3387 4093; x_wconf 87' lang='lat' dir='ltr'><strong>facilius</strong></span> <span class='ocrx_word' id='word_1_743' title='bbox 3423 4037 3708 4095; x_wconf 80' lang='lat' dir='ltr'><strong>crederent</strong></span> 
     </span>
    </p>
   </div>
   <div class='ocr_carea' id='block_1_97' title="bbox 2129 4128 3707 4200">
    <p class='ocr_par' dir='ltr' id='par_1_97' title="bbox 2129 4128 3707 4200">
     <span class='ocr_line' id='line_1_99' title="bbox 2129 4128 3707 4200; baseline 0 -15"><span class='ocrx_word' id='word_1_744' title='bbox 2129 4132 2289 4186; x_wconf 88' lang='lat' dir='ltr'><strong>etiam</strong></span> <span class='ocrx_word' id='word_1_745' title='bbox 2335 4128 2554 4185; x_wconf 89' lang='lat' dir='ltr'><strong>morbos</strong></span> <span class='ocrx_word' id='word_1_746' title='bbox 2585 4129 2747 4183; x_wconf 90' lang='lat' dir='ltr'><strong>animi</strong></span> <span class='ocrx_word' id='word_1_747' title='bbox 2792 4143 2949 4200; x_wconf 87' lang='lat' dir='ltr'><strong>posse</strong></span> <span class='ocrx_word' id='word_1_748' title='bbox 2976 4130 3172 4185; x_wconf 89' lang='lat' dir='ltr'><strong>curari.</strong></span> <span class='ocrx_word' id='word_1_749' title='bbox 3207 4130 3315 4184; x_wconf 89' lang='lat' dir='ltr'><strong>Cur</strong></span> <span class='ocrx_word' id='word_1_750' title='bbox 3339 4144 3501 4199; x_wconf 90' lang='lat' dir='ltr'><strong>porro</strong></span> <span class='ocrx_word' id='word_1_751' title='bbox 3526 4129 3707 4185; x_wconf 90' lang='lat' dir='ltr'><strong>missis</strong></span> 
     </span>
    </p>
   </div>
   <div class='ocr_carea' id='block_1_98' title="bbox 2127 4220 3710 4293">
    <p class='ocr_par' dir='ltr' id='par_1_98' title="bbox 2127 4220 3710 4293">
     <span class='ocr_line' id='line_1_100' title="bbox 2127 4220 3710 4293; baseline -0.003 -13"><span class='ocrx_word' id='word_1_752' title='bbox 2127 4226 2336 4281; x_wconf 67' lang='lat' dir='ltr'><strong>caeteris</strong></span> <span class='ocrx_word' id='word_1_753' title='bbox 2361 4223 2611 4280; x_wconf 89' lang='lat' dir='ltr'><strong>omnibus</strong></span> <span class='ocrx_word' id='word_1_754' title='bbox 2634 4222 2791 4279; x_wconf 84' lang='lat' dir='ltr'><strong>.lcsus</strong></span> <span class='ocrx_word' id='word_1_755' title='bbox 2831 4222 2897 4278; x_wconf 90' lang='lat' dir='ltr'><strong>ad</strong></span> <span class='ocrx_word' id='word_1_756' title='bbox 2927 4238 3072 4290; x_wconf 92' lang='lat' dir='ltr'><strong>eum,</strong></span> <span class='ocrx_word' id='word_1_757' title='bbox 3098 4220 3191 4293; x_wconf 91' lang='lat' dir='ltr'><strong>qui</strong></span> <span class='ocrx_word' id='word_1_758' title='bbox 3222 4222 3435 4292; x_wconf 86' lang='lat' dir='ltr'><strong>triginta</strong></span> <span class='ocrx_word' id='word_1_759' title='bbox 3468 4231 3589 4277; x_wconf 90' lang='lat' dir='ltr'><strong>octo</strong></span> <span class='ocrx_word' id='word_1_760' title='bbox 3612 4237 3710 4276; x_wconf 88' lang='lat' dir='ltr'><strong>an-</strong></span> 
     </span>
    </p>
   </div>
   <div class='ocr_carea' id='block_1_99' title="bbox 2128 4312 3710 4387">
    <p class='ocr_par' dir='ltr' id='par_1_99' title="bbox 2128 4312 3710 4387">
     <span class='ocr_line' id='line_1_101' title="bbox 2128 4312 3710 4387; baseline -0.001 -16"><span class='ocrx_word' id='word_1_761' title='bbox 2128 4331 2226 4371; x_wconf 91' lang='lat' dir='ltr'><strong>nos</strong></span> <span class='ocrx_word' id='word_1_762' title='bbox 2248 4316 2561 4387; x_wconf 77' lang='lat' dir='ltr'><strong>argrotabat,</strong></span> <span class='ocrx_word' id='word_1_763' title='bbox 2584 4313 2773 4371; x_wconf 86' lang='lat' dir='ltr'><strong>venit?</strong></span> <span class='ocrx_word' id='word_1_764' title='bbox 2795 4329 2892 4370; x_wconf 94' lang='lat' dir='ltr'><strong>cur</strong></span> <span class='ocrx_word' id='word_1_765' title='bbox 2920 4315 3230 4385; x_wconf 86' lang='lat' dir='ltr'><strong>interrogat,</strong></span> <span class='ocrx_word' id='word_1_766' title='bbox 3274 4312 3357 4368; x_wconf 85' lang='lat' dir='ltr'><strong>Vis</strong></span> <span class='ocrx_word' id='word_1_767' title='bbox 3375 4329 3530 4368; x_wconf 87' lang='lat' dir='ltr'><strong>sanus</strong></span> <span class='ocrx_word' id='word_1_768' title='bbox 3553 4314 3665 4382; x_wconf 79' lang='lat' dir='ltr'><strong>ﬁeri</strong></span> <span class='ocrx_word' id='word_1_769' title='bbox 3685 4315 3710 4370; x_wconf 78' lang='lat'><strong>.’</strong></span> 
     </span>
    </p>
   </div>
   <div class='ocr_carea' id='block_1_100' title="bbox 2125 4404 3713 4477">
    <p class='ocr_par' dir='ltr' id='par_1_100' title="bbox 2125 4404 3713 4477">
     <span class='ocr_line' id='line_1_102' title="bbox 2125 4404 3713 4477; baseline -0.001 -15"><span class='ocrx_word' id='word_1_770' title='bbox 2125 4406 2241 4462; x_wconf 78' lang='lat' dir='ltr'><strong>Non</strong></span> <span class='ocrx_word' id='word_1_771' title='bbox 2271 4419 2325 4463; x_wconf 92' lang='lat' dir='ltr'><strong>ut</strong></span> <span class='ocrx_word' id='word_1_772' title='bbox 2366 4408 2417 4463; x_wconf 91' lang='lat' dir='ltr'><strong>id</strong></span> <span class='ocrx_word' id='word_1_773' title='bbox 2452 4409 2683 4465; x_wconf 82' lang='lat' dir='ltr'><strong>disceret</strong></span> <span class='ocrx_word' id='word_1_774' title='bbox 2713 4424 2729 4475; x_wconf 87' lang='lat'><strong>;</strong></span> <span class='ocrx_word' id='word_1_775' title='bbox 2762 4405 2891 4463; x_wconf 91' lang='lat' dir='ltr'><strong>illud</strong></span> <span class='ocrx_word' id='word_1_776' title='bbox 2914 4406 3058 4463; x_wconf 90' lang='lat' dir='ltr'><strong>enim</strong></span> <span class='ocrx_word' id='word_1_777' title='bbox 3086 4421 3539 4477; x_wconf 87' lang='lat' dir='ltr'><strong>supervacaneum</strong></span> <span class='ocrx_word' id='word_1_778' title='bbox 3576 4404 3713 4460; x_wconf 80' lang='lat' dir='ltr'><strong>fuis-</strong></span> 
     </span>
    </p>
   </div>
   <div class='ocr_carea' id='block_1_101' title="bbox 2125 4497 3715 4569">
    <p class='ocr_par' dir='ltr' id='par_1_101' title="bbox 2125 4497 3715 4569">
     <span class='ocr_line' id='line_1_103' title="bbox 2125 4497 3715 4569; baseline -0.001 -16"><span class='ocrx_word' id='word_1_779' title='bbox 2125 4507 2208 4553; x_wconf 88' lang='lat' dir='ltr'><strong>set</strong></span> <span class='ocrx_word' id='word_1_780' title='bbox 2236 4516 2249 4563; x_wconf 94' lang='lat'><strong>;</strong></span> <span class='ocrx_word' id='word_1_781' title='bbox 2291 4498 2386 4554; x_wconf 90' lang='lat' dir='ltr'><strong>sed</strong></span> <span class='ocrx_word' id='word_1_782' title='bbox 2418 4508 2476 4553; x_wconf 92' lang='lat' dir='ltr'><strong>ut</strong></span> <span class='ocrx_word' id='word_1_783' title='bbox 2515 4497 2674 4569; x_wconf 81' lang='lat' dir='ltr'><strong>hujus</strong></span> <span class='ocrx_word' id='word_1_784' title='bbox 2703 4501 3153 4568; x_wconf 87' lang='lat' dir='ltr'><strong>perseverantiam</strong></span> <span class='ocrx_word' id='word_1_785' title='bbox 3186 4497 3536 4565; x_wconf 89' lang='lat' dir='ltr'><strong>ostenderet,</strong></span> <span class='ocrx_word' id='word_1_786' title='bbox 3569 4506 3623 4551; x_wconf 93' lang='lat' dir='ltr'><strong>et</strong></span> <span class='ocrx_word' id='word_1_787' title='bbox 3656 4506 3715 4551; x_wconf 89' lang='lat' dir='ltr'><strong>ut</strong></span> 
     </span>
    </p>
   </div>
   <div class='ocr_carea' id='block_1_102' title="bbox 2124 4585 3710 4658">
    <p class='ocr_par' dir='ltr' id='par_1_102' title="bbox 2124 4585 3710 4658">
     <span class='ocr_line' id='line_1_104' title="bbox 2124 4585 3710 4658; baseline -0.002 -15"><span class='ocrx_word' id='word_1_788' title='bbox 2124 4588 2387 4643; x_wconf 89' lang='lat' dir='ltr'><strong>sciremus</strong></span> <span class='ocrx_word' id='word_1_789' title='bbox 2425 4588 2548 4643; x_wconf 89' lang='lat' dir='ltr'><strong>ideo</strong></span> <span class='ocrx_word' id='word_1_790' title='bbox 2573 4589 2770 4658; x_wconf 90' lang='lat' dir='ltr'><strong>ipsum,</strong></span> <span class='ocrx_word' id='word_1_791' title='bbox 2797 4590 3010 4643; x_wconf 70' lang='lat' dir='ltr'><strong>ueteris</strong></span> <span class='ocrx_word' id='word_1_792' title='bbox 3033 4588 3247 4643; x_wconf 74' lang='lat' dir='ltr'><strong>omissis</strong></span> <span class='ocrx_word' id='word_1_793' title='bbox 3267 4630 3282 4655; x_wconf 93' lang='lat'><strong>,</strong></span> <span class='ocrx_word' id='word_1_794' title='bbox 3310 4587 3451 4642; x_wconf 88' lang='lat' dir='ltr'><strong>hunc</strong></span> <span class='ocrx_word' id='word_1_795' title='bbox 3489 4585 3710 4641; x_wconf 91' lang='lat' dir='ltr'><strong>adiisse.</strong></span> 
     </span>
    </p>
   </div>
   <div class='ocr_carea' id='block_1_103' title="bbox 2124 4677 3713 4750">
    <p class='ocr_par' dir='ltr' id='par_1_103' title="bbox 2124 4677 3713 4750">
     <span class='ocr_line' id='line_1_105' title="bbox 2124 4677 3713 4750; baseline -0.003 -15"><span class='ocrx_word' id='word_1_796' title='bbox 2124 4679 2260 4747; x_wconf 85' lang='lat' dir='ltr'><strong>Quid</strong></span> <span class='ocrx_word' id='word_1_797' title='bbox 2307 4692 2438 4750; x_wconf 90' lang='lat' dir='ltr'><strong>ergo</strong></span> <span class='ocrx_word' id='word_1_798' title='bbox 2479 4678 2723 4733; x_wconf 90' lang='lat' dir='ltr'><strong>infirmus</strong></span> <span class='ocrx_word' id='word_1_799' title='bbox 2748 4678 2773 4730; x_wconf 76' lang='lat' dir='ltr'><strong>il</strong></span> <span class='ocrx_word' id='word_1_800' title='bbox 2802 4678 3081 4746; x_wconf 83' lang='lat' dir='ltr'><strong>Respondit</strong></span> <span class='ocrx_word' id='word_1_801' title='bbox 3122 4680 3167 4732; x_wconf 84' lang='lat' dir='ltr'><strong>et</strong></span> <span class='ocrx_word' id='word_1_802' title='bbox 3212 4717 3226 4732; x_wconf 94' lang='lat'><strong>.</strong></span> <span class='ocrx_word' id='word_1_803' title='bbox 3275 4677 3509 4745; x_wconf 83' lang='lat' dir='ltr'><strong>Domine,</strong></span> <span class='ocrx_word' id='word_1_804' title='bbox 3542 4678 3713 4731; x_wconf 73' lang='lat' dir='ltr'><strong>Itami-</strong></span> 
     </span>
    </p>
   </div>
   <div class='ocr_carea' id='block_1_104' title="bbox 2125 4769 3712 4840">
    <p class='ocr_par' dir='ltr' id='par_1_104' title="bbox 2125 4769 3712 4840">
     <span class='ocr_line' id='line_1_106' title="bbox 2125 4769 3712 4840; baseline -0.003 -13"><span class='ocrx_word' id='word_1_805' title='bbox 2125 4788 2240 4827; x_wconf 89' lang='lat' dir='ltr'><strong>nem</strong></span> <span class='ocrx_word' id='word_1_806' title='bbox 2273 4787 2374 4826; x_wconf 89' lang='lat' dir='ltr'><strong>non</strong></span> <span class='ocrx_word' id='word_1_807' title='bbox 2402 4770 2561 4824; x_wconf 80' lang='lat' dir='ltr'><strong>habeo</strong></span> <span class='ocrx_word' id='word_1_808' title='bbox 2591 4769 2644 4834; x_wconf 88' lang='grc'><strong>³,</strong></span> <span class='ocrx_word' id='word_1_809' title='bbox 2687 4776 2741 4821; x_wconf 88' lang='lat' dir='ltr'><strong>ut</strong></span> <span class='ocrx_word' id='word_1_810' title='bbox 2765 4785 2881 4823; x_wconf 87' lang='lat' dir='ltr'><strong>cum</strong></span> <span class='ocrx_word' id='word_1_811' title='bbox 2911 4770 3114 4823; x_wconf 83' lang='lat' dir='ltr'><strong>turbata</strong></span> <span class='ocrx_word' id='word_1_812' title='bbox 3158 4769 3311 4839; x_wconf 80' lang='lat' dir='ltr'><strong>fuerit</strong></span> <span class='ocrx_word' id='word_1_813' title='bbox 3348 4784 3502 4840; x_wconf 80' lang='lat' dir='ltr'><strong>aqua,</strong></span> <span class='ocrx_word' id='word_1_814' title='bbox 3544 4769 3712 4823; x_wconf 87' lang='lat' dir='ltr'><strong>mittat</strong></span> 
     </span>
    </p>
   </div>
   <div class='ocr_carea' id='block_1_105' title="bbox 2124 4859 3714 4934">
    <p class='ocr_par' dir='ltr' id='par_1_105' title="bbox 2124 4859 3714 4934">
     <span class='ocr_line' id='line_1_107' title="bbox 2124 4859 3714 4934; baseline -0.002 -15"><span class='ocrx_word' id='word_1_815' title='bbox 2124 4881 2206 4919; x_wconf 81' lang='lat' dir='ltr'><strong>me</strong></span> <span class='ocrx_word' id='word_1_816' title='bbox 2228 4862 2278 4917; x_wconf 89' lang='lat' dir='ltr'><strong>in</strong></span> <span class='ocrx_word' id='word_1_817' title='bbox 2318 4863 2563 4934; x_wconf 80' lang='lat' dir='ltr'><strong>piscinam</strong></span> <span class='ocrx_word' id='word_1_818' title='bbox 2597 4877 2617 4917; x_wconf 89' lang='lat'><strong><em>:</em></strong></span> <span class='ocrx_word' id='word_1_819' title='bbox 2654 4860 2778 4914; x_wconf 87' lang='lat' dir='ltr'><strong>dum</strong></span> <span class='ocrx_word' id='word_1_820' title='bbox 2803 4862 2948 4915; x_wconf 81' lang='lat' dir='ltr'><strong>venio</strong></span> <span class='ocrx_word' id='word_1_821' title='bbox 2987 4861 3120 4914; x_wconf 89' lang='lat' dir='ltr'><strong>enim</strong></span> <span class='ocrx_word' id='word_1_822' title='bbox 3144 4876 3235 4929; x_wconf 87' lang='lat' dir='ltr'><strong>ego</strong></span> <span class='ocrx_word' id='word_1_823' title='bbox 3257 4901 3272 4923; x_wconf 88' lang='lat'><strong>,</strong></span> <span class='ocrx_word' id='word_1_824' title='bbox 3315 4859 3447 4914; x_wconf 90' lang='lat' dir='ltr'><strong>alius</strong></span> <span class='ocrx_word' id='word_1_825' title='bbox 3487 4869 3605 4915; x_wconf 87' lang='lat' dir='ltr'><strong>ante</strong></span> <span class='ocrx_word' id='word_1_826' title='bbox 3633 4877 3714 4917; x_wconf 80' lang='lat' dir='ltr'><strong>me</strong></span> 
     </span>
    </p>
   </div>
   <div class='ocr_carea' id='block_1_106' title="bbox 2124 4950 3711 5023">
    <p class='ocr_par' dir='ltr' id='par_1_106' title="bbox 2124 4950 3711 5023">
     <span class='ocr_line' id='line_1_108' title="bbox 2124 4950 3711 5023; baseline -0.003 -10"><span class='ocrx_word' id='word_1_827' title='bbox 2124 4957 2400 5013; x_wconf 85' lang='lat' dir='ltr'><strong>descendit.</strong></span> <span class='ocrx_word' id='word_1_828' title='bbox 2449 4953 2572 5010; x_wconf 82' lang='lat' dir='ltr'><strong>ideo</strong></span> <span class='ocrx_word' id='word_1_829' title='bbox 2598 4953 2961 5023; x_wconf 88' lang='lat' dir='ltr'><strong>interrogavit,</strong></span> <span class='ocrx_word' id='word_1_830' title='bbox 3002 4950 3090 5005; x_wconf 78' lang='lat' dir='ltr'><strong>l’is</strong></span> <span class='ocrx_word' id='word_1_831' title='bbox 3129 4966 3284 5006; x_wconf 88' lang='lat' dir='ltr'><strong>sanas</strong></span> <span class='ocrx_word' id='word_1_832' title='bbox 3318 4951 3430 5020; x_wconf 80' lang='lat' dir='ltr'><strong>fieri</strong></span> <span class='ocrx_word' id='word_1_833' title='bbox 3451 4951 3477 5006; x_wconf 82' lang='lat'><strong><em>?</em></strong></span> <span class='ocrx_word' id='word_1_834' title='bbox 3514 4962 3570 5006; x_wconf 93' lang='lat' dir='ltr'><strong>nt</strong></span> <span class='ocrx_word' id='word_1_835' title='bbox 3594 4951 3711 5008; x_wconf 75' lang='lat' dir='ltr'><strong>lucc</strong></span> 
     </span>
    </p>
   </div>
   <div class='ocr_carea' id='block_1_107' title="bbox 2130 5043 3710 5118">
    <p class='ocr_par' dir='ltr' id='par_1_107' title="bbox 2130 5043 3710 5118">
     <span class='ocr_line' id='line_1_109' title="bbox 2130 5043 3710 5118; baseline -0.004 -12"><span class='ocrx_word' id='word_1_836' title='bbox 2130 5050 2452 5106; x_wconf 89' lang='lat' dir='ltr'><strong>ediscamus.</strong></span> <span class='ocrx_word' id='word_1_837' title='bbox 2478 5046 2661 5118; x_wconf 83' lang='lat' dir='ltr'><strong>Neque</strong></span> <span class='ocrx_word' id='word_1_838' title='bbox 2689 5045 2858 5112; x_wconf 78' lang='lat' dir='ltr'><strong>dixit,</strong></span> <span class='ocrx_word' id='word_1_839' title='bbox 2890 5043 2985 5099; x_wconf 80' lang='lat' dir='ltr'><strong>Vis</strong></span> <span class='ocrx_word' id='word_1_840' title='bbox 3023 5053 3081 5098; x_wconf 94' lang='lat' dir='ltr'><strong>nt</strong></span> <span class='ocrx_word' id='word_1_841' title='bbox 3126 5051 3177 5098; x_wconf 94' lang='lat' dir='ltr'><strong>te</strong></span> <span class='ocrx_word' id='word_1_842' title='bbox 3204 5056 3387 5098; x_wconf 86' lang='lat' dir='ltr'><strong>sanem</strong></span> <span class='ocrx_word' id='word_1_843' title='bbox 3416 5044 3439 5097; x_wconf 75' lang='lat'><strong><em>2</em></strong></span> <span class='ocrx_word' id='word_1_844' title='bbox 3470 5044 3710 5100; x_wconf 88' lang='lat' dir='ltr'><strong>nondum</strong></span> 
     </span>
    </p>
   </div>
   <div class='ocr_carea' id='block_1_108' title="bbox 2124 5132 3707 5208">
    <p class='ocr_par' dir='ltr' id='par_1_108' title="bbox 2124 5132 3707 5208">
     <span class='ocr_line' id='line_1_110' title="bbox 2124 5132 3707 5208; baseline -0.004 -11"><span class='ocrx_word' id='word_1_845' title='bbox 2124 5143 2267 5197; x_wconf 89' lang='lat' dir='ltr'><strong>enim</strong></span> <span class='ocrx_word' id='word_1_846' title='bbox 2297 5148 2440 5196; x_wconf 82' lang='lat' dir='ltr'><strong>tanta</strong></span> <span class='ocrx_word' id='word_1_847' title='bbox 2472 5138 2540 5194; x_wconf 87' lang='lat' dir='ltr'><strong>de</strong></span> <span class='ocrx_word' id='word_1_848' title='bbox 2569 5138 2686 5208; x_wconf 89' lang='lat' dir='ltr'><strong>ipso</strong></span> <span class='ocrx_word' id='word_1_849' title='bbox 2715 5135 3011 5202; x_wconf 88' lang='lat' dir='ltr'><strong>habebatur</strong></span> <span class='ocrx_word' id='word_1_850' title='bbox 3038 5134 3219 5204; x_wconf 90' lang='lat' dir='ltr'><strong>opinio</strong></span> <span class='ocrx_word' id='word_1_851' title='bbox 3247 5150 3264 5199; x_wconf 90' lang='lat'><strong>;</strong></span> <span class='ocrx_word' id='word_1_852' title='bbox 3289 5134 3406 5201; x_wconf 90' lang='lat' dir='ltr'><strong>sed,</strong></span> <span class='ocrx_word' id='word_1_853' title='bbox 3445 5132 3533 5190; x_wconf 77' lang='lat' dir='ltr'><strong>Vis</strong></span> <span class='ocrx_word' id='word_1_854' title='bbox 3549 5150 3707 5191; x_wconf 85' lang='lat' dir='ltr'><strong>sanus</strong></span> 
     </span>
    </p>
   </div>
   <div class='ocr_carea' id='block_1_109' title="bbox 2125 5226 3704 5302">
    <p class='ocr_par' dir='ltr' id='par_1_109' title="bbox 2125 5226 3704 5302">
     <span class='ocr_line' id='line_1_111' title="bbox 2125 5226 3704 5302; baseline -0.003 -14"><span class='ocrx_word' id='word_1_855' title='bbox 2125 5234 2236 5302; x_wconf 73' lang='lat' dir='ltr'><strong>ﬁeri</strong></span> <span class='ocrx_word' id='word_1_856' title='bbox 2260 5232 2288 5287; x_wconf 71' lang='lat'><strong><em>2</em></strong></span> <span class='ocrx_word' id='word_1_857' title='bbox 2311 5229 2582 5302; x_wconf 85' lang='lat' dir='ltr'><strong>Stupenda</strong></span> <span class='ocrx_word' id='word_1_858' title='bbox 2606 5242 2826 5300; x_wconf 90' lang='lat' dir='ltr'><strong>prorsus</strong></span> <span class='ocrx_word' id='word_1_859' title='bbox 2855 5237 2938 5283; x_wconf 83' lang='lat' dir='ltr'><strong>est</strong></span> <span class='ocrx_word' id='word_1_860' title='bbox 2963 5226 3236 5298; x_wconf 87' lang='lat' dir='ltr'><strong>paralytici</strong></span> <span class='ocrx_word' id='word_1_861' title='bbox 3270 5228 3664 5296; x_wconf 88' lang='lat' dir='ltr'><strong>perseverantia</strong></span> <span class='ocrx_word' id='word_1_862' title='bbox 3690 5246 3704 5284; x_wconf 88' lang='lat'><strong>:</strong></span> 
     </span>
    </p>
   </div>
   <div class='ocr_carea' id='block_1_110' title="bbox 2126 5318 3706 5394">
    <p class='ocr_par' dir='ltr' id='par_1_110' title="bbox 2126 5318 3706 5394">
     <span class='ocr_line' id='line_1_112' title="bbox 2126 5318 3706 5394; baseline -0.003 -15"><span class='ocrx_word' id='word_1_863' title='bbox 2126 5338 2223 5394; x_wconf 85' lang='lat' dir='ltr'><strong>per</strong></span> <span class='ocrx_word' id='word_1_864' title='bbox 2249 5324 2461 5394; x_wconf 90' lang='lat' dir='ltr'><strong>triginta</strong></span> <span class='ocrx_word' id='word_1_865' title='bbox 2491 5332 2545 5379; x_wconf 91' lang='lat' dir='ltr'><strong>et</strong></span> <span class='ocrx_word' id='word_1_866' title='bbox 2568 5331 2690 5377; x_wconf 90' lang='lat' dir='ltr'><strong>octo</strong></span> <span class='ocrx_word' id='word_1_867' title='bbox 2714 5336 2909 5388; x_wconf 90' lang='lat' dir='ltr'><strong>annos,</strong></span> <span class='ocrx_word' id='word_1_868' title='bbox 2937 5319 3063 5376; x_wconf 89' lang='lat' dir='ltr'><strong>dum</strong></span> <span class='ocrx_word' id='word_1_869' title='bbox 3090 5326 3333 5389; x_wconf 83' lang='lat' dir='ltr'><strong>speraret</strong></span> <span class='ocrx_word' id='word_1_870' title='bbox 3357 5318 3583 5390; x_wconf 83' lang='lat' dir='ltr'><strong>singulis</strong></span> <span class='ocrx_word' id='word_1_871' title='bbox 3614 5334 3706 5375; x_wconf 69' lang='lat' dir='ltr'><strong>au~</strong></span> 
     </span>
    </p>
   </div>
   <div class='ocr_carea' id='block_1_111' title="bbox 2189 5455 3147 5521">
    <p class='ocr_par' dir='ltr' id='par_1_111' title="bbox 2189 5455 3147 5521">
     <span class='ocr_line' id='line_1_113' title="bbox 2189 5455 3147 5521; baseline -0.008 -9"><span class='ocrx_word' id='word_1_872' title='bbox 2189 5466 2204 5497; x_wconf 85' lang='grc'>¹</span> <span class='ocrx_word' id='word_1_873' title='bbox 2241 5461 2383 5512; x_wconf 84' lang='lat' dir='ltr'><strong>Savil.</strong></span> <span class='ocrx_word' id='word_1_874' title='bbox 2408 5461 2573 5519; x_wconf 88' lang='lat' dir='ltr'><strong>habet,</strong></span> <span class='ocrx_word' id='word_1_875' title='bbox 2598 5457 2767 5521; x_wconf 76' lang='lat' dir='ltr'><strong>fidem,</strong></span> <span class='ocrx_word' id='word_1_876' title='bbox 2790 5469 2898 5521; x_wconf 82' lang='lat' dir='ltr'><strong>pro,</strong></span> <span class='ocrx_word' id='word_1_877' title='bbox 2918 5455 3147 5521; x_wconf 75' lang='lat' dir='ltr'><strong>gratiam.</strong></span> 
     </span>
    </p>
   </div>
   <div class='ocr_carea' id='block_1_112' title="bbox 2187 5517 3281 5579">
    <p class='ocr_par' dir='ltr' id='par_1_112' title="bbox 2187 5517 3281 5579">
     <span class='ocr_line' id='line_1_114' title="bbox 2187 5517 3281 5579; baseline -0.007 -5"><span class='ocrx_word' id='word_1_878' title='bbox 2187 5528 2209 5558; x_wconf 80' lang='grc'><strong><em>²</em></strong></span> <span class='ocrx_word' id='word_1_879' title='bbox 2244 5524 2295 5574; x_wconf 91' lang='lat' dir='ltr'><strong>In</strong></span> <span class='ocrx_word' id='word_1_880' title='bbox 2320 5522 2483 5573; x_wconf 75' lang='lat' dir='ltr'><strong>Morel.</strong></span> <span class='ocrx_word' id='word_1_881' title='bbox 2507 5517 2708 5579; x_wconf 82' lang='lat' dir='ltr'><strong>legitur,</strong></span> <span class='ocrx_word' id='word_1_882' title='bbox 2731 5517 2817 5570; x_wconf 82' lang='lat' dir='ltr'><strong>sed</strong></span> <span class='ocrx_word' id='word_1_883' title='bbox 2848 5517 3009 5579; x_wconf 64' lang='lat' dir='ltr'><strong>amicti</strong></span> <span class='ocrx_word' id='word_1_884' title='bbox 3031 5518 3281 5567; x_wconf 81' lang='lat' dir='ltr'><strong>descensu.</strong></span> 
     </span>
    </p>
   </div>
   <div class='ocr_carea' id='block_1_113' title="bbox 2190 5574 3721 5645">
    <p class='ocr_par' dir='ltr' id='par_1_113' title="bbox 2190 5574 3721 5645">
     <span class='ocr_line' id='line_1_115' title="bbox 2190 5574 3721 5645; baseline -0.005 -9"><span class='ocrx_word' id='word_1_885' title='bbox 2190 5589 2211 5620; x_wconf 79' lang='grc'>³</span> <span class='ocrx_word' id='word_1_886' title='bbox 2243 5584 2385 5636; x_wconf 88' lang='lat' dir='ltr'><strong>Savil.</strong></span> <span class='ocrx_word' id='word_1_887' title='bbox 2411 5587 2485 5633; x_wconf 88' lang='lat' dir='ltr'><strong>sie</strong></span> <span class='ocrx_word' id='word_1_888' title='bbox 2505 5574 2654 5633; x_wconf 72' lang='lat' dir='ltr'><strong>habet</strong></span> <span class='ocrx_word' id='word_1_889' title='bbox 2862 5574 2978 5645; x_wconf 66' lang='lat' dir='ltr'><strong>ergo</strong></span> <span class='ocrx_word' id='word_1_890' title='bbox 2998 5579 3121 5632; x_wconf 77' lang='lat' dir='ltr'><strong>ille?</strong></span> <span class='ocrx_word' id='word_1_891' title='bbox 3146 5579 3318 5635; x_wconf 76' lang='lat' dir='ltr'><strong>Etiam,</strong></span> <span class='ocrx_word' id='word_1_892' title='bbox 3343 5574 3515 5640; x_wconf 82' lang='lat' dir='ltr'><strong>inquit,</strong></span> <span class='ocrx_word' id='word_1_893' title='bbox 3557 5578 3721 5630; x_wconf 79' lang='lat' dir='ltr'><strong>Domi-</strong></span> 
     </span>
    </p>
   </div>
   <div class='ocr_carea' id='block_1_114' title="bbox 2129 5643 2895 5713">
    <p class='ocr_par' dir='ltr' id='par_1_114' title="bbox 2129 5643 2895 5713">
     <span class='ocr_line' id='line_1_116' title="bbox 2129 5643 2895 5713; baseline -0.01 -11"><span class='ocrx_word' id='word_1_894' title='bbox 2129 5660 2216 5713; x_wconf 62' lang='lat' dir='ltr'><strong>at;</strong></span> <span class='ocrx_word' id='word_1_895' title='bbox 2240 5650 2326 5700; x_wconf 84' lang='lat' dir='ltr'><strong>sed</strong></span> <span class='ocrx_word' id='word_1_896' title='bbox 2350 5647 2583 5699; x_wconf 81' lang='lat' dir='ltr'><strong>hominem</strong></span> <span class='ocrx_word' id='word_1_897' title='bbox 2608 5655 2701 5695; x_wconf 87' lang='lat' dir='ltr'><strong>non</strong></span> <span class='ocrx_word' id='word_1_898' title='bbox 2724 5643 2895 5697; x_wconf 75' lang='lat' dir='ltr'><strong>nam.</strong></span> 
     </span>
    </p>
   </div>
  </div>
