3984 6196
207 367 285 423 nis
338 367 412 421 ab
457 362 777 436 egritudine
823 361 1064 431 liberari,
1109 362 1340 429 mansit,
1387 375 1486 417 nec
1527 360 1793 418 discessit.

209 457 432 513 Etiamsi
462 457 608 513 enim
635 469 742 511 non
788 454 1063 525 prasterita
1083 495 1101 522 ,
1129 465 1308 508 annon
1334 452 1510 509 futura
1553 462 1801 524 poterant

207 551 353 605 illum
382 563 414 602 a
459 549 579 603 loco
615 545 883 602 abducere
902 588 916 610 ,
944 545 1045 600 nisi
1074 545 1492 615 patientissimus
1519 544 1745 601 fuisset'
1775 544 1800 600 ?

205 640 389 711 Cogita
421 639 568 696 enim
595 653 717 694 cum
739 647 935 709 quanta
954 651 1079 692 cura
1117 636 1298 692 caeteri
1333 636 1462 708 aegri
1495 635 1798 707 vigilarent.

208 733 390 801 Ναιιιο
434 747 580 786 enim
611 739 823 800 tempus
848 743 954 799 quo
991 727 1238 798 agitanda
1267 733 1385 784 erat
1408 743 1542 798 aqua
1569 769 1584 793 ,
1615 735 1798 783 notum

206 833 374 887 erat;
431 822 529 878 sed
581 822 798 888 claudi,
851 831 907 876 et
952 821 1118 874 mutili
1164 820 1451 876 observare
1509 829 1796 890 poterant;

205 915 332 968 arci
367 929 498 968 vero
525 911 798 984 quomodo
825 911 1108 979 vidissent,
1135 912 1236 967 nisi
1277 910 1506 967 fortasse
1546 927 1614 968 ex
1651 919 1799 967 motu

206 1004 550 1060 didicissent.

273 1095 332 1150 2.
379 1096 770 1149 Erubescamus
817 1108 987 1164 ergo,
1033 1092 1446 1159 erubescamus,
1490 1093 1704 1162 dilecti,
1747 1104 1802 1150 et

207 1190 489 1258 lugeamus
520 1185 591 1242 de
629 1195 806 1240 nostra
845 1195 986 1240 tanta
1017 1185 1264 1256 segnitie.
1307 1185 1398 1241 Ille
1437 1187 1650 1257 triginta
1679 1195 1802 1242 octo

206 1281 366 1333 annis
387 1279 772 1350 perseveravit,
797 1293 895 1333 nec
914 1277 1058 1348 quod
1081 1278 1290 1334 volebat
1309 1289 1608 1350 acceperat,
1631 1295 1804 1351 neque

208 1379 388 1424 tamen
413 1370 696 1424 discessit:
721 1384 897 1439 neque
920 1384 992 1425 ex
1015 1369 1338 1440 negligentia
1365 1385 1458 1425 sua
1486 1385 1590 1426 non
1614 1385 1804 1427 conse-

208 1472 408 1531 quutus
445 1471 563 1526 est;
603 1462 697 1517 sed
737 1462 856 1516 aliis
885 1461 1296 1532 impedientibus
1322 1463 1536 1533 vimque
1577 1478 1802 1534 passus;

209 1567 387 1621 neque
417 1561 597 1607 tamen
630 1560 910 1622 propterea
938 1551 1173 1606 animum
1202 1551 1488 1622 despondit
1514 1571 1527 1607 :
1553 1569 1653 1608 nos
1676 1569 1804 1609 vero

209 1645 255 1697 si
283 1644 474 1698 decem
505 1642 692 1698 diebus
728 1657 1131 1713 perseveremus
1161 1658 1257 1714 pro
1283 1659 1340 1700 re
1368 1645 1541 1716 aliqua
1576 1660 1804 1716 precan-

209 1745 326 1800 tes,
361 1751 462 1790 nec
495 1736 876 1804 impetremus,
904 1733 1097 1791 deinde
1124 1744 1398 1806 torpemus
1421 1737 1472 1790 in
1497 1737 1684 1793 eodem
1713 1737 1808 1792 ad-

210 1830 448 1884 hibendo
474 1829 674 1884 studio.
717 1828 784 1884 Et
811 1828 902 1899 qui
932 1827 1237 1884 hominibus
1266 1838 1372 1884 tam
1403 1831 1650 1885 diuturno
1675 1841 1810 1886 tem-

209 1937 346 1991 pore
389 1922 689 1984 haeremus,
734 1919 1066 1988 militantes,
1108 1921 1162 1975 in
1203 1921 1456 1976 aerumnis
1493 1933 1804 1988 versantes,

209 2012 430 2067 servilia
459 2013 751 2067 ministeria
779 2021 1124 2078 exercentes,
1154 2021 1210 2068 et
1235 2013 1286 2068 in
1317 2013 1422 2068 fine
1448 2030 1590 2085 stupe
1618 2016 1686 2070 ab
1721 2015 1806 2070 illa

210 2120 311 2172 spe
341 2104 706 2169 concidimus;
738 2105 877 2174 apud
907 2105 1188 2160 Dominum
1211 2116 1450 2161 nostrum
1471 2109 1516 2174 ',
1542 2108 1628 2163 ubi
1653 2109 1809 2179 longe

212 2199 393 2266 major
419 2213 628 2252 merces
656 2198 929 2268 sequitur,
957 2213 1114 2268 quam
1145 2198 1253 2255 sint
1278 2201 1377 2269 ipsi
1407 2201 1616 2256 labores
1645 2219 1656 2254 :
1686 2218 1807 2256 nam

213 2290 374 2358 Spes,
403 2292 568 2360 inquit
587 2331 602 2353 ,
631 2307 730 2344 non
753 2290 1024 2361 confundit
1045 2289 1220 2360 (Rom.
1244 2292 1294 2348 5.
1327 2292 1421 2362 5);
1451 2308 1572 2346 cum
1597 2307 1680 2356 eo,
1704 2308 1811 2363 quo

212 2397 311 2450 par
332 2391 489 2435 esset
509 2381 680 2434 studio
702 2396 1043 2451 perseverare
1067 2398 1170 2437 non
1195 2383 1540 2440 sustinemus.
1567 2384 1630 2439 Et
1652 2400 1812 2454 quan-

211 2485 270 2528 to
299 2489 416 2528 non
445 2473 702 2542 supplicio
727 2475 838 2528 haec
857 2474 1016 2544 d'gua
1043 2473 1278 2530 fuerint?
1297 2473 1429 2529 Nam
1452 2475 1657 2540 etiamsi
1683 2476 1814 2531 nihil

208 2566 502 2635 accepturi
534 2579 807 2630 essemus,
839 2566 925 2620 vel
965 2565 1067 2620 hoc
1110 2566 1283 2636 ipsum
1327 2567 1468 2637 quod
1506 2566 1814 2638 frequenter

206 2657 622 2725 alloqucremur
653 2671 773 2710 eum
799 2698 814 2720 ,
844 2671 1022 2710 annon
1062 2655 1214 2712 bonis
1252 2657 1545 2712 innumeris
1579 2659 1815 2729 aequipa-

211 2749 448 2803 randum
475 2749 658 2804 esset?
675 2747 784 2804 Sed
816 2749 1051 2820 precatio
1079 2747 1344 2804 laboriosa
1371 2758 1426 2804 et
1450 2748 1663 2805 assidua
1694 2765 1814 2806 esse

210 2841 424 2896 debet?
469 2841 669 2912 Ecquid
717 2842 769 2896 in
799 2843 995 2897 virtute
1036 2858 1140 2896 non
1186 2841 1510 2897 laboriosum
1554 2844 1675 2898 est?
1721 2842 1814 2898 Vel

215 2934 323 2988 hoc
355 2933 555 3003 ipsum,
579 2933 807 3004 inquies,
831 2931 984 2988 valde
1008 2933 1224 2988 anxium
1247 2931 1440 3000 reddit,
1461 2933 1603 3005 quod
1629 2933 1817 3004 nequi-

215 3027 351 3078 tiam
379 3024 625 3093 voluptas
649 3065 664 3088 ,
695 3025 939 3080 virtutem
976 3023 1126 3079 labor
1159 3024 1445 3079 comitetur
1470 3041 1486 3083 ;
1513 3025 1816 3095 multosque

213 3117 458 3169 arbitror
493 3115 719 3182 idipsum
751 3131 1012 3184 qumrere.
1044 3115 1300 3184 Quaanam
1342 3116 1504 3186 igitur
1543 3113 1704 3184 hujus
1738 3115 1815 3171 rei

212 3223 388 3262 causa
413 3217 499 3263 est
520 3207 574 3262 ’?
603 3206 758 3262 Initio
786 3209 934 3264 dedit
960 3208 1114 3264 nobis
1143 3209 1283 3264 Deus
1311 3209 1472 3263 vitam
1502 3209 1817 3264 sollicitudi-

213 3315 285 3353 ne
329 3297 714 3368 Iaboribusqne
753 3313 971 3352 vacuam
999 3317 1013 3352 :
1041 3297 1184 3352 dono
1210 3298 1362 3353 abusi
1402 3313 1621 3364 sumus;
1654 3308 1816 3370 atque

209 3407 282 3445 cx
331 3389 529 3444 inertia
571 3399 716 3445 tanto
754 3389 927 3445 eversi
967 3390 1107 3444 bono
1129 3432 1145 3454 ,
1173 3390 1480 3462 paradisum
1518 3391 1815 3448 amisimus.

213 3479 349 3534 Ideo
397 3480 720 3534 laboriosam
763 3478 1064 3533 hominibus
1094 3481 1254 3534 vitam
1284 3480 1552 3546 reddidit,
1582 3491 1637 3536 et
1675 3481 1816 3552 apud

213 3575 521 3625 tinnianum
546 3585 714 3640 genus
739 3561 840 3624 hoc
867 3568 980 3626 fere
1006 3570 1166 3627 modo
1190 3586 1312 3628 sese
1339 3581 1566 3642 purgat:
1593 3573 1819 3628 Delicias

213 3679 244 3714 a
273 3661 550 3730 principio
571 3660 694 3715 dtuli
717 3661 901 3726 vobis;
927 3661 1020 3716 sed
1048 3677 1112 3717 ex
1140 3662 1356 3718 lenitate
1377 3679 1494 3717 mea
1521 3661 1820 3720 deteriores

212 3753 475 3807 evasistis
504 3770 519 3806 :
546 3752 667 3806 ideo
709 3753 980 3807 laboribus
1019 3768 1113 3807 vos
1151 3753 1540 3824 sudoribusque
1565 3753 1744 3808 addixi
1773 3753 1817 3810 ⁵.

212 3844 358 3896 Cum
385 3853 565 3896 autem
595 3858 662 3896 ne
691 3843 777 3896 ille
797 3842 1010 3911 quidem
1037 3842 1186 3898 labor
1206 3858 1304 3897 vos
1323 3843 1620 3909 cohiberet,
1649 3845 1818 3914 legem

209 3949 413 3988 rursus
436 3934 584 3989 dedit
613 3944 874 4004 praecepta
900 3935 1062 3990 multa
1087 3936 1530 4005 complectentem
1552 3952 1567 4002 ;
1589 3950 1687 3991 ceu
1708 3937 1822 3991 cui-

206 4028 344 4079 dam
377 4025 644 4079 indomito
667 4040 806 4095 equo
830 4025 1035 4079 frenum
1065 4035 1120 4081 ct
1146 4027 1454 4096 compedes,
1487 4035 1543 4080 ut
1568 4026 1684 4096 ejus
1716 4027 1819 4081 im-

206 4136 405 4183 pnum
436 4126 721 4178 (mtrcenl;
747 4115 824 4170 sic
849 4117 1045 4169 faciunt
1070 4131 1328 4186 equorum
1355 4117 1666 4172 domitores.
1698 4116 1822 4173 Ideo

205 4221 322 4260 vita
353 4207 629 4259 laboriosa
653 4206 884 4259 instituta
907 4215 1009 4266 est.
1028 4209 1148 4278 quia
1171 4208 1337 4262 otium
1359 4223 1456 4262 nos
1475 4224 1822 4278 corrumpere

202 4307 385 4353 suit-1.
430 4300 633 4354 Natum
662 4300 857 4368 quippe
887 4308 1068 4354 nostra
1111 4299 1370 4355 desidiam
1415 4315 1520 4354 non
1558 4301 1696 4367 fert,
1726 4301 1821 4356 sed

203 4397 386 4447 ἐπιθῇς
413 4394 484 4446 ad
523 4393 648 4445 vitia
684 4392 940 4446 deﬂectit.
983 4392 1247 4446 I’onamus
1275 4392 1417 4446 enim
1467 4393 1820 4461 temperanti,

202 4499 264 4540 ut
302 4504 417 4541 nec
443 4489 579 4540 alias
609 4487 832 4540 virtutes
855 4485 1147 4547 exercenti.
1178 4486 1380 4540 nullum
1407 4501 1528 4540 esse
1551 4487 1820 4546 laborem;

199 4580 310 4632 sed
364 4577 766 4631 donnientibus
807 4577 985 4631 omnia
1016 4575 1217 4646 optime
1255 4577 1448 4630 cedere
1482 4594 1495 4629 :
1535 4593 1640 4646 quo
1669 4589 1824 4646 pacto

202 4673 320 4723 hac
375 4683 594 4724 utemur
639 4669 1003 4739 indulgentia?
1044 4685 1220 4724 nonne
1259 4669 1325 4724 ad
1369 4671 1723 4740 arrogantiam
1769 4681 1825 4724 et

199 4763 542 4831 sxipcrbiatu
562 4762 587 4813 ’ἒ

291 4857 482 4920 Quare
515 4852 786 4921 nequitiam
817 4852 1066 4919 uoluptas,
1095 4851 1323 4903 virtutem
1354 4849 1495 4903 labor
1521 4852 1823 4915 comitetur;

203 4951 377 4999 labor
402 4957 478 5000 ru
506 4945 802 4996 attrtbutum
829 4943 1020 4996 virtutis
1045 4941 1438 4995 constitutivum.
1476 4939 1698 4995 Desidiw
1717 4959 1824 4994 ma-

201 5043 352 5090 Ιν--
395 5037 660 5104 Nequitia
689 5037 921 5105 voluptas
949 5035 1136 5094 brevis;
1166 5031 1363 5085 uirtutis
1390 5031 1674 5086 immortale
1701 5049 1825 5100 gau-

279 5159 300 5185 ι
346 5159 466 5199 rost
487 5150 594 5195 haec
618 5143 894 5203 ναι-ιωἱὰ
916 5141 1285 5205 patientissunus
1299 5141 1479 5205 fuisset,
1495 5142 1544 5190 in
1565 5156 1652 5205 sua
1677 5144 1828 5194 inter-

201 5215 520 5277 ρωιῂσιηε
543 5207 708 5267 adjicit
730 5207 810 5277 Fr.
835 5203 1066 5277 Aretinus
1089 5203 1382 5277 uocantum.
1405 5203 1685 5274 incredibile
1720 5221 1765 5277 ς·
1779 5213 1824 5257 ιιι

201 5265 449 5326 ἱρέα-..ε
473 5265 680 5332 agrariis
707 5269 922 5332 priorem
943 5267 1081 5332 illum
1115 5266 1306 5332 ingredi
1329 5265 1628 5316 dunissuros.
1659 5269 1751 5316 sed
1775 5281 1822 5316 in

203 5341 388 5388 multa:
413 5329 607 5384 timetis
639 5329 1009 5392 exemplaribus
1030 5330 1134 5378 haec
1157 5329 1514 5389 exprimuntur.

275 5402 304 5431 ³
344 5395 526 5446 κοῖφι.
554 5396 720 5446 habet.
745 5392 1124 5445 misericordem,
1150 5403 1253 5452 pro,
1277 5397 1506 5438 nostrum.

279 5464 304 5492 ³
345 5458 524 5508 ιιι-τοι.
564 5457 691 5504 hunc
717 5455 873 5503 locum
895 5455 966 5501 sic
988 5451 1210 5499 etl‘ertL”
1236 5458 1455 5500 virtutem
1474 5451 1607 5500 labor
1631 5451 1824 5500 comitc-

199 5534 314 5572 ιιι.
362 5533 380 5564 ι
409 5532 555 5568 erunt
576 5516 857 5566 κιιιιιξσηειη
890 5514 1092 5574 accipe:
1122 5513 1258 5563 illum
1289 5513 1434 5567 enim.
1461 5513 1818 5574 restrtcgcart'tu-

197 5571 268 5634 τί.
293 5582 504 5640 grauia,
530 5593 656 5643 nrzrrr
681 5577 795 5628 (labi
811 5592 913 5627 nus.
940 5571 1166 5643 ("actutm
1190 5574 1336 5636 igitur
1360 5588 1505 5643 rerum
1526 5584 1594 5643 est
1621 5571 1643 5620 ?
1697 5641 1702 5643 Α
1769 5635 1775 5643 Ι

277 5635 317 5675 έν
345 5653 410 5692 »ο
437 5644 528 5689 ηοΙ.
559 5642 805 5687 Ιιλιιρι.....
834 5641 1060 5688 (resistis.
1102 5645 1264 5694 Itaque
1287 5639 1410 5696 qumt
1446 5635 1652 5685 prstabat
1686 5635 1775 5695 [crt'
1806 5647 1822 5686 .'

197 5723 280 5758 (ετ
327 5705 551 5754 urrdrdt
580 5717 658 5748 ru.
683 5701 843 5750 l..bnit.
865 5717 919 5748 us
941 5711 982 5748 ct
1003 5697 1276 5748 sudoribus.

572 5798 845 5871 l‘ungt.
880 5797 996 5856 (in.
1046 5795 1203 5856 LIX.

1200 246 1266 304 IN
1302 244 1616 305 JOANNEM
1656 243 1884 302 IIOMIL.
1928 243 2167 302 XXXVI.
2209 248 2281 302 al.
2318 245 2534 305 XXXV.

3379 253 3486 309 9.06

1906 361 2068 416 dium.
2095 391 2167 403 --
2189 360 2292 418 Sed
2318 377 2434 431 cur,
2466 362 2696 434 inquies,
2721 369 2870 419 tanta
2895 362 3138 435 voluptas
3166 365 3452 435 nequitiam
3469 407 3487 438 ,

1907 462 2086 508 tantus
2130 453 2282 509 labor
2327 462 2382 509 et
2424 453 2588 510 sudor
2628 455 2878 512 virtutem
2929 455 3254 513 comitatur?
3307 457 3489 528 Ecqua

1909 543 2000 599 tibi
2026 545 2193 615 gratia
2223 543 2465 600 habenda
2493 553 2635 601 esset
2659 585 2675 611 ,
2705 554 2760 602 et
2785 545 2940 616 cujus
2966 546 3045 603 rei
3069 546 3370 604 mercedem
3397 562 3489 603 ac-

1905 636 2149 706 ciperes,
2197 638 2297 692 nisi
2348 638 2610 694 laboriosa
2658 639 2830 694 virtus
2881 639 3062 695 esset?
3105 639 3298 695 Multos
3344 639 3488 695 enim

1908 728 2141 784 indicare
2183 729 2411 797 possim,
2449 729 2540 800 qui
2581 739 2767 785 natura
2806 744 2902 785 sua
2944 730 3228 786 mulierum
3269 729 3491 786 horrent

1907 820 2377 884 consuetudinem,
2413 821 2752 892 ipsarumque
2773 822 3035 895 colloquia
3062 837 3162 879 ceu
3190 837 3304 880 rem
3331 837 3490 878 exse-

1907 911 2160 966 crandam
2199 911 2473 967 devitant:
2500 912 2700 979 hosne,
2737 928 2952 985 qinrso,
2989 923 3167 969 castos
3202 913 3493 984 appellabi-

1908 1015 2065 1068 mus,
2113 1009 2206 1056 aut
2244 1002 2620 1058 coronabimns
2670 1003 3202 1076 celebrabimusque?
3251 1004 3491 1060 Minime.

1907 1092 2134 1147 Castitas
2160 1093 2302 1149 enim
2333 1102 2415 1149 est
2444 1095 2791 1164 temperantia
2820 1105 2874 1151 et
2904 1111 3073 1168 pugna
3099 1096 3167 1152 ad
3191 1095 3492 1166 voluptates

1907 1185 2255 1254 superandus.
2296 1186 2353 1242 In
2400 1187 2552 1242 bellis
2590 1203 2748 1258 porro
2770 1228 2787 1255 ,
2821 1189 2907 1242 ubi
2940 1188 3338 1244 vehementiora
3369 1197 3494 1242 sunt

1909 1279 2200 1334 certamina
2227 1321 2243 1346 ,
2291 1280 2360 1334 ibi
2409 1288 2606 1350 tropaea
2651 1281 3010 1351 splendidiora
3063 1300 3076 1336 :
3119 1297 3274 1338 secus
3317 1297 3488 1346 vero,

1909 1368 2122 1439 quando
2157 1385 2317 1424 nemo
2352 1371 2570 1426 resistit.
2603 1372 2740 1427 Sunt
2776 1373 2928 1427 multi
2969 1383 3154 1428 natura
3191 1373 3488 1429 socordes:

1910 1458 2080 1514 hosne
2110 1469 2414 1517 mansuetos
2439 1460 2719 1518 dicemus?
2747 1462 2982 1518 Minime.
3014 1462 3216 1519 Idcirco
3244 1462 3493 1520 Christus

1913 1549 2079 1604 tribus
2109 1550 2395 1620 propositis
2432 1551 2796 1607 cunuchorum
2839 1553 3158 1623 generibus,
3187 1553 3322 1608 duos
3349 1553 3494 1608 iucu-

1911 1649 2128 1695 ronatos
2168 1641 2453 1712 relinquit,
2485 1658 2645 1696 unum
2687 1643 2738 1696 in
2780 1657 3003 1713 regnum
3047 1643 3250 1699 inducit
3273 1643 3491 1714 (Matth.

1911 1734 2000 1789 19.
2031 1733 2142 1802 12).
2173 1733 2309 1801 Sed,
2338 1734 2579 1804 inquies,
2607 1733 2733 1804 quid
2761 1749 2894 1804 opus
2922 1743 3001 1790 est
3029 1734 3268 1790 malitia?
3299 1734 3408 1790 Iloc
3437 1746 3494 1789 et

1911 1840 2011 1896 ego
2048 1825 2189 1881 dico.
2231 1826 2425 1897 Ecquis
2463 1841 2592 1897 ergo
2632 1827 2882 1898 nequitia:
2919 1825 3136 1896 opifex?
3173 1827 3311 1896 Quid
3349 1827 3496 1882 aliud

1913 1931 2070 1986 quam
2101 1917 2306 1988 ignavia
2334 1933 2451 1988 quae
2474 1933 2538 1971 ex
2570 1919 2840 1972 voluntate
2866 1916 3257 1987 proficiscitur?
3281 1920 3384 1982 At,
3415 1918 3496 1972 iii-

1912 2010 2103 2079 quies,
2149 2009 2320 2065 bonos
2365 2019 2570 2064 tantum
2611 2025 2729 2066 esse
2773 2018 3064 2080 oporteret.
3110 2010 3313 2082 Ecquid
3357 2010 3498 2065 bono

1916 2102 2186 2173 proprium
2210 2142 2228 2169 ,
2257 2119 2324 2157 an
2355 2104 2715 2158 continentem
2746 2117 2866 2160 esse
2892 2115 2945 2159 et
2974 2104 3193 2175 vigilare
3213 2146 3228 2170 ,
3259 2119 3326 2158 an
3367 2103 3496 2158 dor-

1917 2179 2051 2248 mire
2080 2203 2134 2248 et
2171 2195 2436 2249 stertere?
2466 2195 2529 2249 Et
2558 2211 2654 2250 cur
2676 2237 2692 2263 ,
2727 2197 2934 2266 inquies
2958 2237 2972 2261 ,
3006 2211 3111 2251 non
3144 2196 3212 2250 ita
3243 2204 3499 2251 statutum

1915 2295 2035 2349 est,
2065 2294 2122 2340 ut
2161 2285 2279 2341 sine
2322 2285 2504 2342 labore
2544 2297 2689 2342 recte
2727 2286 3116 2356 Operaremur?
3144 2287 3307 2355 Digna
3337 2287 3499 2341 verba

1918 2377 2198 2448 pecoribus
2241 2388 2400 2449 atque
2442 2380 2506 2434 iis
2547 2379 2634 2447 qui
2675 2390 2917 2435 ventrem
2960 2379 3120 2434 deum
3149 2378 3498 2434 arbitrantur.

1921 2470 1987 2527 Ut
2026 2471 2202 2526 discas
2243 2471 2384 2526 enim
2434 2471 2546 2526 haec
2574 2471 2732 2526 verba
2765 2471 3013 2527 inertium
3041 2486 3163 2528 esse
3186 2513 3202 2540 ,
3234 2473 3498 2542 responde

1921 2566 2068 2621 mihi.
2105 2565 2370 2622 Ponamus
2398 2581 2518 2621 esse
2548 2581 2723 2636 regem
2755 2575 2807 2620 et
2831 2565 3040 2631 ducem,
3069 2579 3195 2634 rege
3223 2579 3351 2620 vero
3377 2564 3501 2619 dor-

1881 2661 2117 2735 pmicnte
2154 2668 2210 2714 et
2235 2657 2479 2715 ebrietati
2512 2673 2732 2730 operam
2760 2657 2954 2725 dante,
2985 2657 3175 2714 ducem
3201 2673 3392 2728 magno
3425 2658 3502 2710 la-

1921 2751 2051 2806 bore
2080 2761 2276 2822 tropaza
2307 2751 2544 2808 erexisse
2575 2771 2590 2806 :
2618 2750 2702 2806 cui
2729 2751 3003 2805 victoriam
3031 2747 3358 2820 imputares?
3385 2761 3504 2804 uter

1922 2859 2022 2914 pro
2048 2860 2104 2898 re
2127 2854 2276 2914 gesta
2301 2842 2584 2913 voluptatis
2609 2842 2836 2898 fructum
2862 2838 3153 2912 decerpat?
3182 2839 3364 2895 Viden‘
3388 2841 3504 2893 ani-

1922 2951 2066 2990 muni
2096 2936 2236 2989 circa
2271 2934 2355 2989 illa
2386 2935 2552 3004 magis
2580 2932 2827 2988 affectum
2857 2947 2999 2997 esse,
3025 2945 3145 3002 qua:
3172 2946 3294 2985 cum
3324 2929 3505 2984 labore

1923 3025 2166 3097 peperit?
2207 3025 2330 3080 Ideo
2367 3024 2663 3080 ille'virtuti
2704 3023 2915 3077 labores
2943 3020 3267 3084 admiscuit,
3298 3029 3352 3074 ut
3383 3020 3499 3074 ani-

1922 3135 2061 3174 mam
2093 3118 2270 3172 virtuti
2297 3115 2674 3172 assuefaceret.
2705 3115 2907 3170 Idcirco
2932 3114 3181 3168 virtutem
3210 3112 3499 3174 miramur,

1923 3211 2047 3266 licet
2070 3209 2212 3264 illam
2236 3224 2340 3263 non
2364 3217 2657 3272 sectemur;
2688 3206 2972 3276 nequitiam
2999 3219 3146 3270 vero,
3169 3203 3266 3258 etsi
3295 3203 3496 3257 suavis-

1922 3301 2111 3358 simam
2133 3343 2149 3367 ,
2177 3300 2511 3368 damnamus.
2537 3295 2688 3365 Quod
2717 3297 2761 3350 si
2791 3294 2990 3352 dixeris
3018 3312 3031 3347 :
3060 3291 3166 3348 Cur
3194 3307 3299 3348 non
3333 3293 3506 3362 potius

1923 3410 2016 3451 eos
2045 3395 2302 3448 miramur
2326 3393 2413 3463 qui
2446 3401 2636 3446 natura
2666 3390 2789 3446 boni
2817 3399 2960 3454 sunt,
2988 3404 3145 3459 quam
3173 3402 3266 3444 eos
3294 3386 3380 3456 qui
3411 3403 3506 3438 vo-

1925 3485 2167 3540 luntate?
2192 3485 2315 3555 quia
2354 3483 2557 3554 justum
2595 3491 2678 3537 est
2722 3481 3050 3537 laborantem
3098 3495 3205 3534 non
3247 3478 3508 3534 laboranti

1922 3575 2211 3633 anteferre.
2255 3573 2322 3628 Et
2349 3589 2514 3644 quare
2537 3614 2554 3639 ,
2582 3573 2757 3643 inquis
2779 3612 2796 3639 ,
2829 3586 2972 3626 nunc
3001 3569 3339 3626 laboramus?
3375 3566 3507 3636 Quia

1925 3684 2030 3724 non
2073 3668 2411 3733 laborantes,
2448 3664 2724 3721 moderate
2762 3680 2866 3718 non
2905 3663 3127 3733 egimus.
3173 3659 3284 3714 lmo
3311 3675 3437 3714 vero
3464 3661 3508 3714 si

1924 3760 2043 3831 quis
2081 3774 2193 3814 rem
2220 3757 2521 3813 accuratius
2547 3757 2790 3827 exploret
2814 3797 2828 3820 ,
2861 3755 2968 3809 alio
2994 3753 3152 3808 modo
3182 3767 3278 3807 nos
3306 3751 3508 3807 desidia

1927 3852 2148 3922 perdere
2168 3853 2324 3916 solet,
2347 3850 2680 3919 multumque
2703 3847 2898 3904 laboris
2919 3846 3134 3902 inferre.
3159 3846 3224 3900 Et
3242 3845 3289 3900 si
3311 3845 3503 3914 placet,

1927 3944 2261 3999 includamns
2287 3941 2555 3996 hominem
2577 3981 2592 4007 ,
2619 3940 2789 3994 solum
2816 3939 3020 3993 alamus
3040 3980 3053 4000 ,
3082 3937 3390 4006 ventrisque
3412 3952 3505 3989 vu-

1928 4036 2128 4106 luptate
2167 4035 2454 4089 obruamus
2477 4072 2492 4098 ,
2521 4047 2619 4086 nec
2647 4030 2918 4084 ambulare
2940 4071 2955 4094 ,
2989 4044 3088 4084 nec
3122 4027 3337 4097 aliquod
3375 4042 3508 4096 opus

1925 4142 2178 4182 exercere
2204 4125 2475 4188 sinamus;
2508 4122 2600 4177 sed
2633 4136 2814 4175 mensa
2846 4119 3082 4184 fruatur,
3112 4120 3283 4182 lecto,
3316 4133 3508 4188 perpe-

1930 4219 2136 4288 tuisque
2173 4215 2378 4271 deliciis
2409 4234 2423 4271 :
2454 4214 2580 4284 quid
2621 4211 2720 4266 hac
2757 4212 2862 4266 vita
2907 4210 3264 4266 miserabilius
3309 4208 3511 4263 fuerit?

1930 4313 1998 4365 At
2026 4307 2168 4365 aliud
2195 4316 2276 4362 est
2301 4306 2510 4377 operari
2537 4346 2554 4372 ,
2585 4304 2789 4374 inquies
2811 4344 2826 4368 ,
2858 4301 3004 4356 aliud
3032 4301 3279 4356 laborare
3311 4319 3324 4353 :
3357 4308 3508 4368 pote-

1930 4413 2119 4472 ratque
2153 4401 2303 4455 iuitio
2335 4399 2494 4452 homo
2517 4398 2724 4466 operari
2753 4397 2869 4450 sine
2897 4395 3096 4449 labore.
3135 4395 3326 4448 Annon
3357 4401 3509 4462 pote-

1930 4495 2047 4548 rat?
2091 4494 2200 4546 Imo
2229 4499 2467 4562 poterat;
2509 4497 2561 4542 ct
2607 4488 2676 4541 ita
2715 4487 2855 4540 Deus
2893 4485 3143 4550 volebat,
3174 4483 3268 4538 sed
3309 4492 3365 4538 tu
3404 4497 3509 4538 non

1931 4599 2119 4655 passus
2144 4599 2223 4638 es.
2250 4581 2447 4637 Statuit
2472 4580 2612 4634 enim
2643 4590 2693 4633 te
2721 4589 2771 4631 nt
2799 4577 3100 4648 paradisqu
3125 4575 3352 4642 coleres,
3375 4589 3511 4642 opus

1930 4677 2022 4730 tibi
2053 4675 2300 4744 iujnnvit,
2322 4673 2414 4727 sed
2443 4671 2680 4726 laborem
2705 4685 2808 4723 non
2837 4668 3137 4725 admiscuit.
3162 4665 3344 4735 Neque
3365 4666 3507 4718 enim

1931 4769 1974 4822 si
2013 4767 2162 4821 initio
2194 4764 2485 4819 laborasset
2527 4761 2689 4816 homo
2712 4801 2726 4823 ,
2757 4760 2860 4816 hoc
2895 4759 2970 4814 illi
3001 4760 3054 4813 in
3084 4773 3294 4828 pmnam
3325 4767 3510 4826 postea

1930 4861 2224 4915 statuisset.-
2268 4858 2452 4913 POIest
2487 4857 2629 4911 enim
2660 4855 2779 4924 quis
2807 4852 2961 4908 simul
2991 4861 3046 4906 et
3079 4849 3291 4921 operari
3319 4858 3374 4903 ct
3403 4863 3510 4902 non

1934 4955 2196 5015 laborare,
2229 4947 2676 5020 quemadmodum
2707 4944 2900 5014 angeli.
2926 4941 3079 5010 Quod
3104 4943 3247 4998 enim
3277 4955 3510 5011 operen-

1934 5057 2016 5098 tur
2032 5046 2151 5098 andi
2174 5061 2187 5096 :
2214 5042 2446 5095 Potentes
2466 5040 2662 5103 virtute,
2687 5037 2922 5108 facientes
2947 5033 3150 5088 uerbum
3173 5034 3311 5087 illius
3331 5031 3508 5100 (Paul.

1935 5137 2056 5191 102.
2082 5135 2154 5191 ιο
2175 5135 2217 5206 ).
2246 5135 2395 5189 Nunc
2421 5142 2567 5187 certe
2596 5131 2831 5184 minores
2861 5127 3000 5181 vires
3029 5140 3246 5196 gravem
3274 5123 3514 5178 efficiunt

1935 5233 2205 5293 Ittlmrelll;
2237 5238 2361 5282 tunc
2399 5241 2526 5280 vero
2554 5237 2710 5280 secus
2748 5236 2835 5276 res
2874 5234 2934 5275 se
2972 5218 3221 5274 habebat.
3261 5215 3392 5271 Nam
3423 5216 3510 5285 qui

1934 5324 2205 5388 ingressus
2235 5331 2317 5373 est
2350 5320 2398 5372 in
2432 5317 2669 5384 requiem
2701 5328 2874 5377 suam,
2907 5309 3183 5379 Requievit,
3214 5305 3383 5377 inquit
3403 5346 3416 5369 ,
3448 5307 3512 5359 ab

1932 5414 2163 5483 aperibus
2190 5412 2293 5465 suis
2323 5408 2342 5482 (
2370 5407 2524 5461 Hebr.
2556 5408 2607 5460 ι.
2637 5407 2672 5460 4
2692 5403 2734 5477 ),
2764 5404 2900 5458 sicut
2925 5412 2980 5458 et
3005 5417 3034 5454 ει
3063 5401 3172 5456 suis
3201 5399 3360 5453 Deus.
3395 5394 3510 5450 Non

1932 5505 2188 5561 desidiam
2219 5502 2305 5554 hic
2331 5500 2613 5569 signiﬁcat,
2641 5495 2734 5551 scd
2763 5496 2998 5550 laborem
3030 5507 3134 5546 non
3165 5489 3348 5544 fuisse.
3378 5485 3509 5540 Nam

1936 5598 2073 5650 Deus
2099 5594 2256 5648 etiam
2300 5606 2439 5644 nunc
2466 5596 2713 5659 operatur
2734 5630 2748 5653 ,
2793 5597 2847 5640 ut
2883 5585 3127 5639 Christus
3154 5580 3280 5635 dicit
3311 5597 3323 5631 :
3356 5576 3512 5630 Pater

1936 5703 2072 5742 uicus
2101 5699 2251 5753 usque
2279 5681 2425 5737 modo
2452 5693 2705 5750 operatur.
2728 5691 2773 5733 et
2797 5696 2892 5752 rgo
2914 5693 3087 5747 uprmr
3109 5673 3286 5734 (1mm.
3396 5669 3504 5736 Π).

3112 5770 3185 5830 13
