3984 6196
637 218 743 273 ἳοῒ

635 340 969 405 Quapropter
992 348 1146 407 rogo,
1177 334 1395 404 depulsa
1423 335 1564 388 omni
1596 333 1822 396 desidia,
1854 336 2099 386 virtutem
2132 347 2217 385 sc-

635 444 862 487 ctemur.
909 429 1170 501 Nequitia:
1206 430 1354 484 enim
1402 429 1647 498 voluptas
1693 427 1869 482 brevis
1912 436 2031 490 est,
2063 425 2219 479 dolor

635 538 763 576 vero
795 530 1083 591 perpetuus
1115 538 1127 572 :
1156 520 1367 573 virtutis
1394 530 1577 573 contra
1606 516 1902 571 immortale
1931 516 2179 585 gaudium
2204 555 2217 576 ,
2254 529 2278 536 ··

635 623 1016 680 temporaneus
1064 610 1231 665 labor.
1284 609 1408 664 llaec
1457 616 1580 663 ante
1621 620 1851 661 coronas
1898 614 2218 660 sectatorem

635 716 789 755 sumn
820 701 1009 770 erigit,
1037 715 1239 769 speque
1267 700 1396 763 alit;
1430 700 1515 753 illa
1541 706 1722 752 c0ntra
1750 706 1873 750 ante
1900 695 2219 765 supplicium

635 793 861 858 cruciat,
890 792 1269 847 conscientiam
1295 799 1504 860 torquet
1530 805 1593 843 ex
1621 796 1890 858 gestorum
1920 786 2175 841 memoria
2203 827 2218 849 ,

635 889 921 954 omniaque
948 894 1191 952 suspecta
1220 882 1413 937 reddit.
1444 882 1601 951 Atqui
1630 881 1743 934 hmc
1769 888 1898 949 quot
1924 878 2218 939 laboribus,

636 986 766 1043 quot
809 974 1091 1029 sudoribus
1126 973 1392 1027 deteriora
1430 970 1593 1027 sunt?
1622 970 1771 1039 Quod
1803 970 1848 1025 si
1880 970 1961 1023 his
1986 968 2221 1038 depulsis

636 1067 880 1134 voluptas
912 1075 1114 1118 tantum
1156 1063 1366 1117 adesset
1391 1102 1405 1127 ,
1436 1062 1561 1132 quid
1591 1063 1677 1117 illa
1706 1062 1898 1114 vilius?
1925 1059 2115 1115 Statim
2143 1068 2221 1112 at-

638 1172 742 1224 que
770 1163 1009 1225 apparet,
1036 1153 1232 1216 avolat,
1266 1153 1573 1218 marcescit,
1610 1153 1738 1221 fugit
1766 1162 2047 1219 antequam
2077 1164 2221 1205 com-

1368 218 1422 272 S.
1462 217 1739 274 JUANNIS
1777 213 2249 274 CHRYSOSTOMI
2290 213 2600 268 ARCHIEP.
2630 214 3157 273 CONST.\NTINOP.
3787 221 3834 275 Si

2330 330 2691 402 prehendatur
2718 349 2732 385 :
2758 332 2860 386 etsi
2890 333 3130 402 corporis
3146 368 3165 399 ,
3189 330 3290 388 etsi
3319 344 3518 388 mensae
3534 374 3549 396 ,
3574 332 3668 387 etsi
3693 333 3838 386 diviti:

2328 439 2447 478 rum
2497 421 2823 494 voluptatem
2871 426 3112 490 dixeris,
3161 440 3266 478 non
3314 434 3491 479 cessat
3543 424 3625 479 illa
3669 426 3832 493 quotid

2328 527 2628 569 senescere.
2660 512 2792 568 Cum
2834 524 3010 569 autem
3043 514 3125 569 his
3154 515 3314 569 etiam
3345 514 3569 569 addatur
3592 516 3830 584 supplicia

2328 615 2382 658 et
2430 605 2728 669 cruciatus,
2757 604 2882 675 quid
2942 605 3048 659 illis
3105 606 3460 661 miserabilius
3499 606 3588 676 qui
3624 607 3775 676 ipsam
3801 624 3837 660 St

2328 698 2575 751 ctantur?
2606 697 2732 751 ΙΙωο
2762 712 2881 752 cum
2913 698 3164 763 sciamus,
3195 698 3372 751 omnia
3401 714 3500 769 pro
3527 700 3712 753 virtute
3739 711 3837 753 sust

2331 802 2581 848 neamus;
2612 788 2688 841 sic
2717 788 2859 842 enim
2898 802 3023 840 vera
3055 788 3325 857 voluptate
3356 788 3591 844 fruemur
3613 830 3627 855 ,
3656 792 3807 859 gratia
3835 816 3837 833 ι

2332 878 2654 948 benignitate
2681 879 2886 933 Domini
2921 880 3084 933 nostri
3115 879 3241 934 Jesn
3264 880 3461 934 Christi
3483 923 3495 944 ,
3524 883 3724 951 quicum
3755 882 3837 935 l’at

2329 969 2517 1037 gloria,
2547 984 2757 1040 unaque
2786 979 2971 1026 sancto
2991 964 3205 1037 Spiritui
3225 1015 3238 1037 ,
3268 972 3322 1027 iu
3347 974 3540 1028 secula
3567 974 3838 1029 Stl'cultit'tttl

2333 1064 2525 1117 Atnen.

1881 1358 2219 1420 HOMILIA
2262 1355 2600 1418 XXXVII.

637 1504 690 1558 6.
737 1503 871 1558 Dicit
901 1507 943 1559 ei
967 1504 1116 1559 Jcsus
1140 1521 1157 1558 :
1190 1504 1274 1559 Vis
1300 1521 1452 1559 sanus
1480 1504 1591 1573 ﬁeri
1610 1503 1636 1557 .9
1656 1504 1707 1556 7.
1734 1501 2013 1571 Respondit
2038 1501 2083 1553 ei
2108 1501 2220 1553 Ian-

707 1597 891 1664 guidus
916 1612 935 1649 .'
961 1595 1163 1661 Etiam,
1193 1594 1446 1661 Domine;
1476 1594 1565 1648 sed
1604 1594 1853 1647 hominem
1894 1609 1993 1645 non
2025 1591 2181 1645 habeo
2199 1633 2215 1659 ,

710 1699 759 1739 ut
789 1704 901 1739 cum
930 1687 1125 1740 turbata
1150 1688 1299 1755 fuerit
1326 1702 1478 1757 aqua,
1511 1685 1673 1739 mittat
1698 1700 1776 1738 me
1802 1684 1854 1737 in
1882 1684 2145 1753 piscinam.

711 1863 759 1917 l.
791 1864 1058 1933 Scriptura
1090 1880 1235 1917 sacra
1269 1864 1493 1916 omnium
1531 1862 1893 1915 medicinarum
1930 1860 2214 1915 thesaurus.

643 1955 921 2026 l’aralytici
949 1956 1016 2008 ad
1044 1955 1287 2025 piscinam
1312 1955 1522 2017 iacentis
1550 1954 1810 2022 patientia,
1838 1951 2097 2017 modestia,
2132 1969 2217 2007 sa-

637 2047 775 2099 natio
806 2046 1067 2100 mirabilis.
1105 2047 1249 2100 Alius
1279 2045 1586 2116 paralyticus
1620 2044 1700 2097 hic
1719 2082 1734 2109 ,
1761 2044 1894 2099 alius
1921 2042 2009 2097 ille
2031 2043 2094 2097 de
2120 2059 2218 2114 quo

637 2138 806 2207 agitur
832 2139 971 2207 apud
1002 2135 1319 2189 Matt/unum.
1345 2134 1571 2190 Christus
1598 2144 1835 2203 quantum
1863 2144 2093 2188 accurate
2119 2136 2217 2188 nti-

636 2228 926 2282 raculorum
950 2244 1161 2282 suorum
1192 2228 1343 2297 [idem
1375 2228 1675 2282 adstrueret.
1702 2258 1773 2268 —
1802 2227 2044 2298 Magnum
2075 2227 2218 2283 Scri-

642 2329 912 2389 pturarum
942 2335 1212 2376 sacrarum
1242 2321 1470 2386 lucrum,
1501 2322 1698 2376 utilitas
1728 2320 2006 2383 immensa,
2036 2328 2091 2375 ut
2121 2321 2215 2375 de-

636 2410 803 2463 clarat
829 2410 1023 2464 Paulus
1049 2410 1131 2465 his
1156 2411 1333 2465 verbis
1358 2428 1371 2464 :
1403 2410 1736 2482 Qutecumque
1768 2413 1955 2482 scripta
1983 2422 2119 2475 sunt,
2150 2412 2219 2465 ad

638 2510 860 2554 nostram
888 2499 1168 2554 doctrinam
1201 2501 1388 2571 scripta
1416 2511 1533 2554 sunt
1551 2540 1566 2565 ,
1595 2500 1663 2553 ad
1700 2517 1823 2569 quos
1851 2502 1976 2569 ﬁnes
2001 2501 2215 2556 seculo-

637 2607 751 2643 rum
789 2592 1089 2646 devenerunt
1124 2608 1143 2646 :
1168 2603 1224 2645 ut
1268 2609 1358 2661 per
1399 2593 1692 2663 patientiam
1735 2604 1781 2647 et
1824 2595 2217 2649 consolationem

640 2682 1023 2753 Scripturarum
1057 2701 1198 2752 spem
1236 2683 1505 2739 habeamus
1537 2683 1709 2755 (Rom.
1745 2686 1829 2741 15.
1860 2685 1937 2757 4).
1968 2684 2216 2741 Omnium

636 2773 777 2827 enim
805 2774 1187 2829 medicinarum
1218 2776 1499 2831 thesaurus
1526 2777 1720 2831 divinae
1746 2776 2034 2847 Scriptura:
2060 2788 2212 2844 sunt;

638 2865 705 2918 ita
735 2874 791 2919 ut
814 2864 859 2920 si
884 2867 1240 2935 arrogantiam
1270 2867 1608 2937 exstinguere
1627 2882 1761 2937 opus
1777 2869 1864 2932 sit,
1893 2868 1937 2923 si
1964 2869 2217 2939 concupi-

635 2957 891 3011 scentiam
922 2957 1111 3013 sedare
1132 2999 1148 3024 ,
1180 2959 1223 3014 si
1252 2960 1594 3028 pecuniarum
1633 2975 1868 3016 amorem
1897 2960 2103 3016 calcare
2123 3002 2138 3026 ,
2170 2961 2215 3016 si

635 3045 876 3102 dolorem
908 3047 1206 3116 deSpicere,
1236 3048 1281 3103 si
1316 3049 1550 3103 animum
1581 3059 1857 3105 strenuum
1886 3060 2139 3117 statuere,
2169 3053 2215 3107 si

635 3140 939 3209 patientiam
979 3138 1234 3196 firmare:
1267 3140 1389 3196 hinc
1428 3156 1614 3197 ansam
1656 3158 1896 3213 magnam
1927 3144 2047 3214 quis
2080 3158 2212 3199 nan-

631 3231 885 3289 ciscatur.
916 3231 1210 3297 Quis-enim
1244 3233 1323 3287 vel
1353 3248 1419 3288 ex
1449 3232 1512 3288 iis
1532 3234 1619 3304 qui
1645 3249 1765 3288 cum
1793 3245 2102 3304 paupertate
2123 3235 2212 3290 diu

630 3330 1025 3389 concertarunt,
1056 3322 1135 3376 vel
1165 3322 1312 3392 gravi
1342 3323 1529 3378 morbo
1558 3324 1755 3379 detenti
1781 3334 1925 3391 sunt,
1957 3325 2055 3381 hac
2077 3326 2210 3383 lecta

629 3409 865 3465 clausula
891 3426 996 3465 non
1020 3427 1206 3482 magna
1227 3412 1487 3468 afficiatur
1509 3416 1913 3472 consolatione?
1940 3417 2035 3474 llic
2058 3419 2212 3489 quip-

632 3516 698 3567 pe
728 3501 938 3569 triginta
966 3512 1087 3555 octo
1129 3504 1283 3557 annis
1319 3506 1643 3575 paralyticus
1662 3546 1675 3568 ,
1704 3507 2030 3578 singulisque
2057 3512 2211 3564 annis

629 3589 763 3644 alios
803 3588 989 3644 videns
1027 3590 1384 3646 valetudinem
1426 3594 1679 3663 adeptos,
1712 3610 1771 3650 se
1808 3607 1984 3651 autem
2024 3598 2211 3652 morbo

629 3679 905 3733 detentum
930 3721 946 3747 ,
975 3697 1078 3735 non
1107 3685 1374 3747 concidit,
1407 3701 1574 3756 neque
1614 3688 1846 3742 animum
1874 3690 2158 3760 despondit
2192 3709 2205 3744 :

629 3772 727 3825 etsi
770 3772 1155 3841 pnetcritorum
1198 3789 1426 3842 maeror,
1458 3787 1512 3832 et
1543 3777 1840 3835 futurorum
1883 3782 2206 3850 exspectatio

627 3864 771 3918 omni
795 3862 1039 3930 adempta
1064 3880 1179 3935 spe,
1209 3877 1426 3937 possent
1453 3868 1597 3922 illum
1627 3879 1894 3940 torquere.
1923 3872 2059 3926 Audi
2080 3888 2206 3941 ergo

627 3959 751 4027 quid
782 3959 946 4027 dicat,
974 3971 1026 4016 et
1052 3977 1166 4015 rem
1195 3962 1445 4030 tragicam
1482 3964 1677 4017 ediscc.
1710 3963 1841 4017 Cum
1870 3966 2009 4018 enim
2037 3964 2203 4019 dixis-

626 4058 709 4102 set
738 4049 983 4104 Christus
1014 4068 1028 4103 :
1062 4050 1149 4105 Vis
1176 4068 1330 4105 sanus
1356 4053 1504 4120 ﬁeri?
1528 4052 1799 4121 respondit
1828 4072 1841 4106 :
1875 4054 2062 4121 Etiam,
2094 4053 2204 4109 Do-

623 4138 795 4200 mine;
832 4139 921 4192 sed
951 4139 1203 4193 hominem
1247 4157 1343 4194 non
1374 4141 1530 4195 habeo
1549 4184 1563 4207 ,
1592 4152 1645 4194 ut
1670 4158 1783 4195 cum
1822 4143 2019 4196 turbata
2053 4146 2202 4213 fuerit

621 4245 774 4299 aqua,
803 4230 966 4282 mittat
995 4246 1072 4283 me
1096 4231 1147 4283 in
1174 4230 1437 4299 piscinam.
1461 4232 1595 4298 Quid
1620 4232 1701 4286 his
1721 4233 1897 4287 verbis
1919 4234 2202 4288 miserius?

619 4319 746 4388 quid
788 4320 917 4389 ipsis
952 4322 1110 4376 rebus
1138 4322 1537 4378 Calamitosius?
1567 4323 1752 4379 Viden'
1776 4324 2011 4380 animum
2041 4325 2199 4395 longo

621 4420 863 4481 tempore
903 4412 1243 4468 confectum?
1274 4413 1446 4468 viden’
1472 4429 1832 4484 compressam
1873 4425 1926 4470 et
1959 4416 2197 4472 sedatam

620 4502 982 4557 iracundiam?
1022 4503 1201 4573 Neque
1237 4504 1376 4557 enim
1419 4504 1786 4574 blaspltemum
1816 4506 2084 4576 quidpiam
2115 4509 2196 4562 lo-

615 4606 814 4664 quutus
842 4604 942 4655 est,
975 4594 1147 4664 qualia
1182 4592 1232 4647 in
1257 4594 1508 4647 arumnis
1529 4609 1557 4648 a
1588 4595 1768 4650 multis
1792 4595 1892 4651 dici
1916 4597 2192 4665 audimus;

617 4704 725 4743 non
754 4688 1024 4743 maledixit
1049 4686 1152 4743 diei
1183 4702 1291 4741 sua:
1317 4704 1330 4751 ;
1362 4702 1464 4739 non
1496 4686 1710 4758 indigne
1741 4689 1859 4744 tulit
1897 4692 2193 4762 interroga-

613 4778 850 4843 tionem,
890 4797 1061 4851 neque
1089 4781 1223 4835 dixit
1249 4797 1260 4830 :
1290 4781 1360 4837 Ut
1398 4794 1494 4835 nos
1521 4780 1825 4836 traduceres
1859 4791 1913 4836 et
1942 4783 2194 4838 irrideres

616 4870 841 4934 venisti,
873 4870 996 4926 dum
1029 4872 1326 4942 interrogas
1345 4913 1359 4936 ,
1392 4887 1516 4925 num
1541 4872 1695 4925 velim
1722 4887 1884 4926 sanus
1914 4872 2024 4927 ﬁeri
2049 4887 2064 4937 ;
2097 4872 2190 4927 sed

613 4972 891 5018 mansuete
911 4974 962 5019 et
986 4966 1222 5019 modeste
1243 4964 1527 5018 admodum
1552 4964 1843 5033 respondit,
1870 4964 2058 5028 Etiam,
2088 4964 2191 5018 Do-

610 5056 761 5109 mine.
806 5054 1023 5109 Etiamsi
1070 5071 1173 5110 non
1213 5064 1394 5111 nosset
1432 5056 1550 5127 quis
1592 5056 1679 5110 ille
1716 5066 1856 5111 esset
1893 5057 1980 5125 qui
2018 5056 2186 5126 ipsum

611 5147 988 5218 interrogabat,
1020 5148 1393 5219 ignoraretque
1418 5162 1477 5203 se
1502 5148 1568 5203 ab
1597 5148 1686 5202 illo
1716 5150 2009 5202 sanandum
2040 5147 2183 5215 fore;

607 5247 842 5293 attamen
871 5239 1059 5293 leniter
1079 5240 1257 5293 omnia
1284 5248 1481 5301 narrat,
1512 5254 1610 5294 nec
1633 5238 1901 5309 quidpiam
1935 5240 2183 5309 postulat,

606 5335 664 5380 ut
690 5326 723 5380 ii
752 5327 842 5396 qni
872 5329 1136 5384 medicum
1166 5330 1524 5398 alloquuntur,
1556 5330 1649 5385 sed
1676 5328 1846 5384 morbi
1875 5330 1954 5385 sui
1985 5339 2184 5385 tantum

612 5416 871 5471 rationem
908 5418 1155 5488 explicat.
1208 5418 1561 5487 Exspectabat
1605 5419 1829 5476 fortasse
1873 5418 1923 5474 id
1965 5419 2183 5475 subsidii

606 5508 888 5562 allaturum
920 5510 1017 5579 ipsi
1046 5509 1313 5565 Christum
1334 5527 1471 5574 esse,
1498 5524 1553 5566 ut
1584 5512 1633 5566 in
1663 5528 1852 5582 aquam
1874 5512 2178 5581 conjiceret,

608 5609 657 5652 ct
692 5600 835 5654 hisce
871 5601 1044 5654 verbis
1073 5600 1281 5655 volebat
1322 5604 1488 5671 ipsum
1530 5603 1595 5657 ad
1634 5619 1749 5658 eam
1791 5621 1902 5660 rem
1947 5604 2173 5658 allicere.

2328 1498 2461 1566 Quid
2510 1515 2636 1569 ergo
2681 1498 2967 1554 Christus?
3006 1499 3060 1572 [ι
3097 1499 3394 1556 Ostendens
3432 1516 3489 1557 se
3530 1500 3680 1557 verbo
3715 1518 3829 1555 omn

2328 1588 2527 1662 posse,]
2559 1591 2611 1646 8.
2645 1590 2827 1662 Surge,
2860 1592 3045 1663 inquit,
3076 1594 3195 1647 tolle
3220 1594 3512 1664 grabbatum
3540 1606 3694 1662 tuum,
3718 1607 3760 1649 et
3780 1614 3838 1649 an

2326 1681 2465 1734 bula.
2499 1681 2723 1747 Quidam
2769 1692 2955 1752 putant
3000 1683 3141 1738 hunc
3177 1684 3422 1740 eumdem
3464 1687 3629 1753 ipsum
3665 1702 3775 1742 esse
3802 1705 3837 1756 qi

2326 1772 2464 1843 apud
2492 1768 2795 1829 Mattltzeum
2822 1774 2986 1844 jacet.
3020 1778 3086 1829 At
3112 1792 3217 1830 non
3247 1786 3328 1831 est
3348 1819 3362 1843 ,
3397 1786 3453 1831 ut
3481 1777 3706 1847 pluribus
3733 1795 3835 1848 argi

2327 1866 2519 1918 mentis
2548 1862 2962 1920 demonstratur.
2994 1866 3172 1921 Primo
3206 1868 3345 1937 quod
3387 1867 3471 1923 hic
3513 1871 3767 1924 nemiuem
3795 1872 3837 1923 Ιι;

2327 1953 2479 2008 berel
2504 1969 2563 2009 se
2591 1966 2864 2010 curantem
2892 1998 2905 2018 ,
2946 1957 3035 2011 ille
3070 1972 3198 2011 vero
3236 1960 3431 2014 multos
3459 1960 3544 2029 qui
3572 1976 3629 2016 se
3652 1976 3838 2015 curaret

2324 2054 2483 2113 atque
2517 2054 2788 2114 gestarent
2818 2063 2830 2098 :
2864 2047 3088 2117 ideoque
3121 2048 3205 2101 ltic
3233 2047 3441 2103 dicebat
3462 2090 3477 2114 ,
3509 2048 3763 2104 Hominem
3792 2068 3838 2103 nt

2324 2135 2502 2190 habeo.
2535 2136 2735 2191 Deinde
2761 2153 2825 2191 ex
2863 2139 3210 2207 reSponsione
3237 2140 3416 2209 liquet.
3446 2137 3539 2193 ille
3570 2156 3787 2209 namque
3812 2158 3838 2193 n

2324 2225 2397 2281 hil
2448 2227 2710 2297 loquitur,
2749 2228 2834 2283 hic
2881 2230 3055 2283 omnia
3100 2230 3165 2284 ad
3210 2244 3268 2285 se
3307 2231 3594 2300 spectantia
3633 2246 3838 2285 recense

2324 2317 2505 2373 Tertio
2529 2334 2592 2374 ex
2626 2328 2882 2390 tempore.
2918 2320 3013 2375 llic
3041 2322 3181 2376 enim
3225 2322 3275 2375 in
3316 2321 3452 2377 festo
3479 2332 3532 2377 et
3559 2323 3771 2379 sabbato
3804 2338 3838 2375 st

2326 2418 2479 2463 natus
2504 2418 2606 2474 est,
2632 2410 2720 2465 ille
2751 2411 2802 2464 in
2829 2410 2915 2465 die
2944 2412 3066 2465 alia.
3097 2411 3268 2467 Locus
3292 2427 3499 2482 quoque
3527 2412 3763 2467 diversas
3789 2432 3835 2467 υτ

2323 2500 2454 2555 Nam
2482 2502 2572 2555 ille
2601 2502 2765 2567 domi,
2800 2502 2886 2557 hic
2913 2502 2978 2556 ad
3012 2502 3265 2573 piscinam
3294 2514 3529 2557 curatur.
3557 2504 3734 2558 Modus
3762 2521 3838 2573 qm

2321 2607 2423 2662 que
2452 2592 2744 2647 curationis
2771 2592 3013 2648 diversus
3041 2604 3140 2649 est.
3179 2593 3289 2649 Illic
3317 2597 3457 2650 enim
3487 2595 3630 2659 dicit,
3662 2596 3787 2664 Fili,
3815 2615 3837 2649 r

2321 2683 2586 2737 mittuntur
2615 2684 2704 2737 tibi
2741 2694 2945 2753 peccata
2974 2682 3185 2756 (.llatth.
3215 2686 3267 2740 9.
3297 2686 3352 2755 2)
3377 2703 3391 2751 ;
3422 2685 3509 2741 hic
3544 2702 3667 2741 vero
3699 2704 3838 2757 curpt

2321 2774 2494 2843 primo
2522 2784 2695 2841 sanat,
2724 2785 3011 2847 posteaque
3036 2778 3266 2831 animam
3296 2788 3463 2832 curat.
3487 2777 3593 2833 Illic
3617 2780 3837 2834 [Cilli53it

2321 2880 2443 2918 nam
2484 2865 2593 2931 ait,
2642 2864 2985 2920 Remittuntur
3031 2868 3119 2921 tibi
3162 2878 3406 2937 peccata;
3445 2868 3528 2923 hic
3562 2871 3814 2924 monitum

2319 2956 2681 3022 comminatio,
2708 2968 2764 3012 ut
2793 2959 2892 3013 sibi
2921 2959 2970 3011 in
3000 2971 3270 3030 posterum
3297 2971 3499 3017 caveat.
3533 2961 3654 3014 Noli
3673 2964 3837 3032 ampli

2320 3062 2559 3116 peccare,
2592 3047 2759 3118 inquit
2780 3090 2794 3113 ,
2826 3065 2888 3102 ne
2915 3050 3002 3102 tibi
3026 3049 3221 3119 aliquid
3250 3051 3467 3105 deterius
3492 3053 3769 3122 contingat.
3797 3053 3838 3106 .lt

2319 3134 2555 3191 d:eornm
2590 3154 2801 3208 quoque
2839 3142 3203 3196 accusationes
3233 3140 3458 3196 diversa:
3488 3153 3628 3199 sunt.
3658 3144 3756 3197 llic
3782 3162 3835 3197 re

2320 3227 2371 3280 in
2399 3227 2620 3281 sabbato
2651 3229 2836 3282 factam
2865 3239 3089 3297 arguunt
3109 3272 3125 3296 ,
3156 3230 3261 3285 illic
3287 3246 3409 3285 eum
3437 3232 3777 3300 blaSphemiaa
3801 3249 3828 3285 a

2317 3328 2524 3373 cusant.
2548 3318 2627 3372 Tu
2650 3333 2777 3373 vero
2801 3319 2928 3373 mihi
2950 3322 3254 3375 consideres
3278 3322 3542 3390 ingentem
3566 3323 3655 3376 Dei
3685 3326 3829 3393 sapic

2319 3409 2467 3464 tiam.
2489 3408 2603 3464 Non
2636 3410 2776 3465 enim
2806 3411 2984 3465 statim
3017 3413 3185 3482 ipsum
3212 3414 3519 3479 suscitavit;
3545 3414 3634 3468 sed
3664 3418 3827 3484 primi

2316 3498 2639 3555 sciscitando
2657 3499 2756 3554 sibi
2782 3499 3090 3557 familiarem
3112 3502 3301 3567 reddit,
3327 3512 3383 3557 ut
3404 3504 3522 3557 tidei
3550 3505 3688 3559 viam
3717 3522 3825 3574 part

2317 3602 2490 3659 neque
2516 3588 2674 3643 modo
2704 3591 2925 3645 suscitat
2948 3602 2999 3646 et
3028 3601 3213 3657 sanat;
3248 3592 3338 3646 sed
3368 3594 3525 3647 etiam
3552 3594 3709 3663 jubet
3734 3596 3824 3649 lect

2314 3678 2421 3733 lum
2464 3678 2681 3745 tollere,
2716 3691 2774 3735 ut
2807 3681 3066 3737 miraculo
3095 3681 3251 3737 fidem
3288 3684 3542 3749 adderet,
3577 3702 3680 3740 nec
3723 3704 3822 3755 pos:

2312 3770 2575 3839 quiSpiam
2614 3770 2726 3826 haec
2768 3773 3000 3842 speciem
3027 3783 3080 3828 et
3106 3772 3366 3829 fallaciam
3408 3785 3611 3830 tantum
3647 3793 3774 3833 esse
3801 3796 3820 3832 ε

2312 3860 2528 3930 spicari.
2556 3860 2670 3917 Nisi
2713 3864 2856 3917 enim
2896 3864 3132 3920 membra
3170 3865 3320 3919 firma
3362 3867 3692 3935 robustaque
3721 3884 3818 3923 CSSt

2311 3951 2448 4006 facta
2473 3994 2488 4019 ,
2525 3968 2629 4009 non
2659 3964 2864 4023 poterat
2893 3955 3089 4010 lectum
3118 3957 3323 4011 tollere.
3356 3956 3468 4012 Hoc
3496 3975 3625 4013 vero
3655 3960 3815 4014 Clu-is

2309 4058 2451 4112 smpe
2472 4044 2614 4110 facit,
2645 4055 2701 4099 ut
2725 4046 2892 4116 magis
2919 4047 3300 4118 impudentium
3328 4050 3778 4105 calumniatorum
3803 4067 3814 4100 t

2308 4135 2566 4191 obstruat.
2596 4134 2727 4189 Nam
2761 4136 2811 4190 in
2844 4152 3038 4206 panum
3068 4139 3371 4206 miraculis,
3401 4155 3470 4194 ne
3494 4154 3620 4210 quis
3656 4141 3812 4195 dicer

2309 4225 2516 4280 turbam
2563 4236 2761 4282 tantam
2805 4229 3048 4283 satiatam
3091 4228 3292 4294 fuisse,
3326 4246 3547 4300 remque
3586 4231 3738 4286 illam
3780 4247 3809 4286 e

2305 4315 2661 4385 phantasiam,
2691 4320 2894 4373 curavit
2922 4320 3011 4375 ille
3040 4328 3095 4374 ut
3126 4321 3304 4375 multae
3344 4320 3777 4392 fragmentorum
3804 4339 3808 4347 '

2305 4407 2481 4476 liquis:
2518 4420 2862 4478 superessent
2895 4428 2908 4462 :
2940 4410 3154 4481 leproso
3190 4421 3366 4467 autem
3411 4412 3681 4468 mandato
3718 4415 3803 4468 die

2312 4498 2471 4566 Vade,
2496 4500 2701 4555 ostende
2728 4512 2777 4556 te
2800 4503 3049 4557 sacerdoti
3075 4503 3284 4574 (Matth.
3308 4504 3361 4559 8.
3392 4506 3449 4572 4)
3472 4522 3487 4569 ;
3526 4517 3589 4560 ut
3621 4506 3787 4561 simul

2302 4591 2524 4645 rationis
2567 4591 2770 4645 firmam
2816 4592 2973 4647 fidem
3017 4591 3251 4659 faceret,
3291 4602 3345 4648 et
3384 4609 3576 4648 eorum
3619 4597 3714 4665 qui
3750 4593 3800 4649 di

2300 4680 2460 4744 baut,
2493 4681 2663 4750 ipsum
2706 4682 2795 4736 Dei
2839 4682 3119 4752 pneceptis
3156 4683 3466 4749 adversari,
3500 4685 3797 4754 impudent

2298 4775 2691 4844 comprimeret.
2726 4774 2954 4844 ldipsum
2997 4776 3119 4831 fecit
3146 4776 3357 4846 quando
3387 4777 3575 4832 vinum
3612 4780 3668 4831 in
3701 4793 3796 4847 aqv

2296 4865 2577 4920 convertit.
2608 4866 2723 4920 Non
2756 4866 2913 4922 modo
2941 4866 3082 4922 enim
3109 4868 3284 4921 vinum
3313 4868 3568 4932 ostendit,
3602 4869 3704 4923 sed
3732 4884 3794 4923 ar

2298 4955 2506 5010 triclino
2532 4956 2667 5010 mitti
2688 4958 2911 5024 curavit,
2937 4968 2994 5012 ut
3014 4959 3057 5012 is
3076 4957 3165 5027 qui
3190 4957 3316 5011 nihil
3342 4967 3628 5028 gestorum
3652 4976 3716 5015 se
3740 4973 3792 5013 nt

2294 5045 2670 5110 confiteretur,
2726 5048 2941 5102 minime
2988 5060 3291 5118 suspectum
3336 5050 3594 5106 redderet
3643 5051 3790 5106 testit

2296 5134 2461 5189 nium.
2497 5136 2620 5191 Ideo
2650 5138 2788 5192 dixit
2824 5140 3151 5209 evangelista
3186 5157 3197 5192 :
3230 5140 3512 5196 Nesciebat
3559 5142 3787 5196 architr

2294 5244 2393 5283 ntts
2434 5229 2572 5285 unde
2601 5240 2781 5297 esset,
2814 5231 2999 5301 sicque
3028 5234 3248 5287 omnino
3275 5242 3476 5288 certum
3511 5236 3783 5289 testimon

2250 5321 2253 5325 ’
2292 5318 2601 5373 declaravit.
2630 5319 2698 5375 Et
2728 5329 3007 5391 postquam
3035 5334 3304 5377 mortuum
3342 5326 3731 5387 sttscitaverat,
3766 5338 3783 5376 ε

2291 5409 2417 5465 dicit
2447 5427 2461 5463 :
2490 5411 2617 5466 Date
2656 5410 2727 5466 illi
2759 5412 3080 5467 manducare
3106 5412 3258 5483 (Luc.
3290 5414 3342 5469 8.
3371 5416 3484 5485 55),
3517 5425 3581 5468 ut
3613 5414 3779 5468 induit

2292 5510 2400 5556 ttnn
2448 5502 2852 5557 resurrectionis
2900 5515 3268 5573 argumentum
3322 5506 3632 5561 exhiberet.
3690 5504 3777 5571 Qu

2356 5617 2371 5647 ⁸
2409 5614 2462 5663 ln
2485 5613 2623 5664 savii.
2647 5616 2825 5665 desunt
2847 5629 2956 5679 quas
2979 5618 3169 5666 uncinis
3190 5616 3488 5666 clauduntur.
