4070 6214
418 335 516 391 ὶο9

409 447 658 503 omnibus
687 449 770 504 vel
803 451 1252 522 insipientioribus
1279 463 1496 530 suadet,
1527 483 1586 524 se
1613 485 1717 525 non
1750 473 1986 532 fallacem

411 539 490 592 vel
516 541 954 612 praestigiatorem
980 562 1121 614 esse,
1145 550 1239 606 sed
1259 553 1326 608 ad
1348 570 1689 616 communem
1716 564 1990 622 hominum

405 631 634 688 salutem
663 637 898 692 venisse.

472 723 526 777 2.
553 723 786 782 Christus
820 745 920 784 non
957 731 1109 798 ﬁdem
1147 738 1424 808 requirebat
1450 741 1516 794 ab
1540 744 1601 798 iis
1629 749 1717 815 qui
1739 750 1988 805 miracula

399 814 511 882 eius
534 830 639 870 non
661 818 910 874 viderant.
939 821 1220 896 I’aralytiei
1247 829 1374 895 ﬁdes
1397 842 1444 884 et
1469 837 1615 902 fortis
1638 814 1854 892 animus.
1882 839 1981 893 Ju-

396 904 622 960 ἀωοηιηι
631 909 947 978 improbitas.
968 913 1074 968 Cur
1094 918 1342 988 Christus,
1361 933 1538 978 sanato
1559 929 1856 999 paralytico,
1875 943 1982 986 sta-

393 998 484 1049 tim
522 1003 796 1056 recesserit.
823 1033 898 1045 -—
915 1005 1024 1062 Sed
1050 1024 1147 1064 cur
1175 1013 1242 1065 ab
1266 1027 1335 1067 eo
1376 1014 1532 1070 fidem
1578 1033 1682 1073 non
1709 998 1936 1092 Muirit
1955 1066 1975 1092 ,

389 1098 449 1140 ll
485 1103 514 1141 a
547 1092 709 1147 caecis
731 1095 750 1126 ¹
789 1095 980 1165 quibus
1015 1098 1155 1156 dixit
1183 1119 1198 1156 :
1227 1102 1444 1160 Creditis
1483 1110 1620 1178 quod
1657 1112 1752 1166 hoc
1788 1117 1975 1184 possint

389 1180 558 1244 facere
586 1181 797 1252 (Matth.
827 1186 880 1242 9.
909 1189 1045 1260 28)?
1070 1193 1202 1258 Quia
1233 1195 1322 1251 ille
1350 1199 1586 1255 nondum
1622 1180 1824 1260 sciebat
1852 1207 1972 1277 quis

389 1271 502 1338 ipse
525 1285 690 1330 esset.
716 1276 899 1349 Neque
927 1283 1068 1338 enim
1097 1295 1222 1342 ante
1243 1328 1258 1353 ,
1291 1291 1385 1344 sed
1430 1303 1547 1360 post
1585 1296 1835 1352 miracula
1869 1299 1970 1355 hoc

383 1361 560 1419 facere
601 1367 757 1423 solet.
800 1369 932 1426 Nam
971 1374 1004 1428 ii
1034 1376 1124 1445 qui
1167 1378 1218 1432 in
1258 1381 1468 1436 caeteris
1508 1395 1820 1452 potestatem
1851 1393 1967 1459 ejus

383 1452 646 1522 viderant,
673 1458 797 1528 jure
825 1461 925 1517 hoc
950 1466 1271 1536 audiebant;
1298 1473 1386 1540 qui
1417 1487 1545 1528 vero
1573 1477 1806 1532 nondum
1832 1480 1967 1536 didi-

377 1557 563 1601 cerant
588 1551 707 1618 quis
735 1563 911 1621 esset,
943 1557 1037 1612 sed
1077 1575 1143 1616 ex
1181 1561 1345 1633 signis
1371 1565 1598 1623 docendi
1627 1581 1815 1639 erant,
1846 1586 1965 1643 post

374 1635 464 1688 illa
495 1637 636 1693 edita
665 1643 730 1696 ad
765 1645 923 1700 lidem
959 1660 1231 1706 vocantur.
1262 1653 1385 1709 ldco
1413 1657 1694 1716 Matthtcus
1724 1635 1827 1718 non
1846 1635 1962 1721 ini—

371 1729 452 1781 tiu
493 1731 765 1800 signorum
814 1739 1015 1795 inducit
1055 1743 1323 1801 Christum
1371 1749 1471 1804 hoc
1511 1750 1816 1821 dicentem;
1860 1758 1954 1812 sed

373 1829 654 1891 postquam
701 1828 895 1884 multos
938 1843 1252 1902 curaverat,
1292 1838 1343 1892 id
1387 1838 1518 1897 solis
1555 1842 1763 1900 duobus
1795 1849 1954 1904 caecis

363 1911 624 1970 dicitrl‘u
655 1933 782 1973 vero
812 1920 895 1978 hic
923 1926 1194 1998 paralytici
1223 1929 1379 1986 {idem
1407 1935 1790 1994 animadverte.
1817 1940 1948 1996 Cum

365 2004 592 2071 audiret,
628 2006 770 2064 Tolle
787 2013 808 2044 ³
833 2015 1126 2083 grabbatum
1152 2028 1314 2086 tuum,
1344 2031 1392 2076 et
1415 2026 1660 2092 ambula;
1690 2045 1794 2084 non
1824 2032 1947 2086 irri-

361 2105 454 2156 ειι,
479 2108 578 2151 nec
604 2096 757 2166 dixit,
783 2101 918 2168 Quid
949 2105 1050 2161 hoc
1075 2119 1151 2164 est
1173 2110 1197 2163 7
1219 2114 1440 2183 angelus
1463 2118 1737 2175 descendit
1758 2132 1812 2176 ct
1837 2133 1946 2177 tur-

361 2187 453 2240 bat
479 2204 703 2258 aquam,
733 2210 1002 2267 unumque
1031 2209 1235 2258 tantum
1272 2217 1426 2262 sanat
1461 2226 1475 2262 :
1505 2220 1559 2264 tu
1591 2227 1716 2267 vero
1735 2255 1750 2280 ,
1783 2215 1946 2272 homo

358 2292 480 2329 cum
511 2278 586 2333 sis
606 2321 620 2343 ,
653 2297 760 2337 uno
792 2298 1058 2358 praecepto
1085 2293 1202 2362 plus
1228 2313 1385 2365 quam
1425 2302 1670 2370 angelum
1704 2315 1754 2359 te
1785 2321 1944 2374 posse

353 2371 578 2432 speras?
597 2370 697 2426 hoc
721 2378 996 2446 superbia,
1018 2379 1118 2438 hoc
1144 2383 1310 2441 fastus
1331 2397 1432 2457 est,
1457 2392 1673 2463 risuque
1694 2396 1936 2466 dignmu.

358 2457 550 2515 Verum
582 2463 711 2518 nihil
749 2466 942 2523 horum
974 2472 1106 2528 dixit
1145 2478 1225 2531 vel
1261 2481 1547 2549 cogitavit;
1581 2487 1673 2540 sed
1706 2489 1790 2542 ubi
1825 2491 1935 2558 pri-

351 2565 494 2604 mum
514 2553 738 2622 audivit,
760 2563 1014 2629 surrexit,
1037 2575 1089 2620 et
1115 2581 1274 2624 sanus
1301 2571 1489 2642 lactus,
1514 2575 1736 2647 impigre
1762 2582 1935 2649 paruit

343 2640 547 2708 jubenti
574 2662 586 2698 :
617 2646 802 2718 Surge,
833 2652 954 2708 tolle
975 2657 1271 2726 grabbatum
1295 2673 1456 2730 tuum,
1475 2640 1528 2720 et
1547 2640 1774 2726 ambula:
1798 2673 1930 2729 illud

343 2743 488 2789 certe
513 2737 810 2795 mirandum
837 2755 918 2798 est
943 2762 956 2811 ;
986 2749 1080 2804 sed
1111 2767 1230 2821 qute
1256 2766 1550 2825 sequuntur
1582 2762 1736 2833 longe
1764 2764 1926 2820 mira-

345 2822 561 2891 biliora;
588 2828 695 2884 imo
721 2846 849 2888 vero
872 2839 1012 2906 quod
1037 2837 1189 2898 initio
1215 2851 1426 2903 uctninc
1447 2849 1790 2920 obstrepente
1809 2872 1900 2911 ere

339 2915 552 2984 diderit,
575 2936 679 2976 non
709 2924 777 2979 ita
802 2929 1046 2987 utiialdle
1065 2943 1167 3001 est,
1191 2928 1248 2991 ut
1269 2953 1389 2993 cum
1416 2953 1596 3010 postea
1625 2945 1923 3005 furentibus

336 3007 555 3080 ludatis,
589 3015 820 3085 undique
859 3022 1194 3098 instantibus,
1233 3035 1628 3098 accusantibus,
1659 3037 1918 3092 obsiden-

336 3099 478 3156 tibus
506 3115 570 3158 ac
594 3095 930 3176 dicentibus,
963 3111 1085 3167 Non
1127 3117 1242 3170 licet
1280 3120 1367 3173 tibi
1407 3122 1585 3204 tollere
1618 3095 1919 3196 grabbatum

330 3202 497 3257 tuum,
525 3209 633 3249 non
665 3197 826 3254 modo
851 3201 1063 3258 illorum
1092 3205 1348 3263 insaniam
1377 3197 1640 3282 despcitit,
1672 3217 1766 3272 sed
1797 3233 1916 3274 cum

325 3300 520 3355 magna
545 3287 732 3343 liducia
761 3293 813 3346 in
836 3293 1012 3348 medio
1034 3296 1242 3354 theatro
1266 3301 1561 3358 hem-ficum
1586 3308 1912 3376 praedicavit,

324 3376 648 3450 illorumque
692 3383 1078 3454 impudentiam
1127 3396 1418 3462 repressit;
1469 3396 1519 3450 id
1564 3408 1712 3455 certe
1760 3401 1913 3457 fortis

321 3469 486 3524 animi
519 3485 640 3528 esse
677 3474 818 3532 dico.
862 3474 1183 3537 Instantibus
1225 3486 1366 3540 enim
1407 3485 1640 3557 Iudaeis,
1684 3508 1748 3548 ac
1783 3510 1906 3550 cum

317 3561 560 3616 convicio
585 3572 642 3619 et
667 3570 966 3636 arrogantia
998 3571 1295 3631 dicentibus
1321 3593 1335 3630 :
1367 3576 1645 3636 Sabbatum
1673 3594 1777 3648 est;
1803 3603 1904 3642 non

317 3650 433 3703 licet
452 3653 539 3706 tibi
561 3655 735 3711 tollere
751 3659 1048 3728 grabliatnm
1070 3673 1210 3718 tuum
1227 3683 1248 3732 ;
1266 3669 1390 3722 audi
1406 3672 1530 3739 quid
1549 3677 1897 3744 respondeat:

317 3743 403 3797 ll.
432 3744 534 3813 Qui
555 3763 633 3802 me
651 3763 829 3806 sanum
851 3756 987 3823 fecit,
1013 3757 1101 3810 ille
1124 3758 1250 3812 mihi
1267 3763 1412 3826 dixit,
1439 3763 1585 3821 Tolle
1601 3743 1898 3838 grabbatum

315 3843 473 3897 tuum.
502 3847 550 3892 et
577 3841 780 3896 ambulo
797 3861 817 3905 ;
845 3852 1050 3902 tantum
1077 3863 1182 3904 non
1213 3851 1418 3918 d'ceus,
1451 3855 1610 3912 Deliri
1641 3869 1694 3914 et
1722 3861 1892 3918 insani

311 3926 458 3988 estis,
490 3927 613 3982 dum
637 3932 837 4001 jubetis
866 3945 950 3992 me
984 3939 1130 3995 illum
1160 3944 1248 4012 qui
1280 3961 1366 4001 me
1392 3963 1420 4001 a
1452 3955 1556 4004 tam
1588 3954 1755 4022 gravi,
1783 3964 1888 4011 tam

308 4013 558 4070 diuturno
597 4021 782 4074 morbo
822 4024 1101 4092 liberavit,
1133 4047 1238 4087 non
1271 4049 1518 4103 reputare
1544 4043 1886 4113 magistrum,

307 4122 405 4161 nec
425 4107 572 4178 jussa
604 4113 718 4180 ejus
742 4118 917 4171 omnia
944 4123 1184 4190 exsequi.
1212 4126 1369 4198 Atqui
1399 4131 1442 4183 si
1474 4133 1701 4204 maligne
1729 4153 1886 4206 agere

305 4197 574 4264 voluisset,
611 4213 814 4270 poterat
849 4207 955 4262 alio
982 4211 1142 4266 modo
1166 4197 1348 4272 dicere
1379 4237 1392 4272 :
1420 4219 1535 4277 Non
1567 4224 1754 4281 lubens
1783 4227 1886 4284 hoc

303 4289 469 4355 facio,
500 4293 594 4347 scd
623 4295 730 4350 alio
764 4296 989 4367 jubente
1029 4318 1044 4356 :
1081 4305 1126 4358 si
1162 4318 1436 4376 peccatum
1466 4322 1578 4379 est,
1604 4315 1880 4384 jubentem

297 4392 564 4448 accusate,
591 4393 646 4438 et
673 4384 866 4443 lectum
897 4390 1161 4461 deponam
1189 4413 1204 4462 ;
1232 4399 1316 4452 vel
1347 4399 1483 4458 forte
1517 4406 1760 4463 sanitatis
1784 4409 1878 4465 be-

296 4471 542 4527 neficium
570 4478 911 4536 occultasset.
934 4482 1066 4538 Nam
1097 4487 1262 4554 probe
1289 4491 1492 4548 sciebat
1515 4495 1658 4566 ipsos
1680 4515 1784 4554 non
1809 4502 1876 4557 ita

290 4561 358 4616 de
386 4563 584 4620 violato
610 4569 832 4626 sabbato
871 4575 1102 4630 morderi
1129 4619 1143 4643 ,
1173 4587 1230 4635 ut
1256 4581 1324 4637 de
1353 4599 1497 4656 a‘gro
1533 4561 1740 4644 curato.
1769 4591 1906 4649 Sed-

257 4639 466 4722 'ueque
508 4656 610 4713 hoc
653 4662 975 4732 occultavit,
1007 4682 1105 4723 nec
1143 4669 1271 4726 illud
1314 4673 1480 4739 dixit.
1521 4695 1618 4735 nec
1664 4685 1871 4739 veniam

293 4747 474 4812 petiit;
499 4749 592 4804 sed
619 4751 894 4820 splendida
922 4773 1050 4813 voce
1078 4760 1390 4819 beneficium
1416 4770 1695 4827 confessus
1717 4783 1872 4831 estet

291 4840 611 4905 pr:rdicavit.
642 4841 715 4898 lla
746 4848 1086 4920 paralyticos.
1117 4854 1189 4908 Illi
1217 4871 1343 4912 vero
1369 4876 1524 4930 quam
1552 4865 1792 4935 improbe
1813 4885 1870 4924 se

287 4941 566 5000 gesserint,
590 4940 900 4997 consideres
924 4945 1104 5002 velim.
1133 4946 1247 5002 Non
1277 4953 1418 5006 enim
1446 4955 1714 5024 dixerunt,
1739 4960 1869 5026 Quis

288 5032 338 5077 te
363 5039 547 5081 sanum
581 5026 742 5085 fecit?
769 5032 860 5086 sed
891 5035 991 5089 hoc
1015 5036 1231 5104 emisso,
1266 5057 1387 5096 cum
1420 5049 1646 5114 strepitu
1674 5066 1866 5120 magno

287 5118 757 5186 transgressionem
804 5120 945 5177 illam
997 5126 1047 5180 in
1093 5129 1324 5185 medium
1368 5134 1722 5192 adducebant.
1775 5142 1858 5194 1‘2.

286 5207 408 5272 Quis
435 5217 508 5259 est
546 5210 632 5262 ille
657 5212 745 5265 alti
774 5213 901 5266 diri!
930 5217 1053 5284 tibi,
1095 5217 1236 5275 Tolle
1271 5224 1566 5294 grabbatum
1605 5240 1744 5283 tuum
1764 5272 1780 5294 ,
1817 5244 1862 5285 ct

285 5297 480 5350 ambula
499 5297 526 5349 .’
545 5299 630 5354 15.
666 5299 718 5356 Is
744 5314 911 5359 autem
935 5309 1022 5377 qui
1045 5325 1200 5365 sanus
1222 5317 1386 5382 fuerat
1415 5316 1642 5382 e/I'eetus.
1675 5323 1862 5376 nescie-

281 5385 357 5436 bat
384 5387 495 5456 quis
522 5398 671 5444 esset.
697 5389 849 5448 Jesus
876 5409 1044 5452 autem
1071 5400 1337 5459 declinavit
1360 5423 1393 5460 a
1422 5408 1566 5463 turba
1591 5414 1860 5468 constituta

341 5519 368 5607 τι
391 5520 532 5568 Savil.
559 5531 610 5571 et
621 5522 834 5607 quidam.
841 5535 977 5607 ‘Mssa
1000 5536 1050 5602 ut
1067 5531 1130 5607 ab
1150 5533 1276 5585 aliis.
1301 5539 1466 5607 Lectio
1489 5543 1688 5607 Morem,
1712 5558 1854 5607 quam

279 5585 564 5655 retinentius,
590 5582 777 5655 alithot
799 5591 1044 5655 manuscrij
1065 5582 1532 5650 torum—auctoritate
1556 5582 1788 5654 firmatur.

337 5641 359 5707 ξ
392 5643 553 5690 Morel.
579 5645 651 5692 sic
675 5641 1576 5716 ἐπει-11111116106111ἶῖὶῖιῖἦηξιῆιᾶἰῖιἦ
1614 5664 1855 5716 t'hrtstnm

277 5699 359 5747 sibi
380 5714 491 5751 rum
511 5711 740 5766 potestate
759 5715 803 5757 rt
826 5708 875 5758 in
898 5699 1377 5778 merent-imperantis
1399 5722 1652 5785 dice-mem,
1677 5728 1851 5789 nolle,

277 5769 351 5789 Ωιι-ν

275 5769 368 5812 CIC.

1363 351 1428 406 ΙΝ
1464 355 1772 416 ,ΙΟᾹΝΝΕΜ
1815 363 2043 423 1101111..
2087 370 2348 430 XXXV".
2393 379 2464 434 al.
2506 381 2748 442 XXXVI.

3582 419 3684 476 ΞΝ

2101 480 2153 535 in
2180 483 2308 540 loco.
2340 487 2405 543 Et
2430 505 2527 546 cur
2550 495 2829 556 abscondit
2861 519 2923 561 se
2945 506 3232 572 Christus?
3259 517 3439 579 Primo
3475 537 3530 582 ut
3569 530 3682 600 ipso

2101 572 2309 600 ’,Μ-,λ
2355 584 2475 600 ,μη
2612 588 2622 599 .
2898 596 2908 600 -
2951 599 2959 600 κ

2091 572 2311 632 absente
2355 584 2718 644 testimonium
2763 596 3070 665 suspicione
3108 619 3333 666 vacuum
3373 627 3549 684 esset;
3588 572 3676 690 ipsi

2088 669 2232 723 enim
2259 687 2475 730 sensum
2499 682 2760 740 restituta:
2779 690 3021 748 sanitatis
3047 695 3298 770 habebat,
3328 703 3569 766 beneficii
3595 669 3676 768 ie.-

2087 759 2183 813 stis
2207 773 2321 817 erat
2341 764 2444 823 fide
2466 769 2679 842 dignus.
2709 779 2790 833 Ad
2821 780 2953 851 lucc,
2984 800 3051 843 ne
3075 759 3332 861 majorem

2085 851 2277 907 animis
2301 857 2567 917 tlunmam
2590 871 2909 929 accenderet
2933 893 2948 942 ;
2976 893 3199 938 noverat
3223 889 3364 943 enim
3393 893 3474 948 vel
3501 895 3668 950 solam

2081 1035 2364 1096 scintillam
2393 1046 2647 1105 etcitare.
2680 1053 2803 1110 Ideo
2845 1062 3119 1132 secedens,
3156 1070 3365 1141 reliquit
3398 1075 3524 1145 ipsis
3551 1093 3662 1134 rem

2078 1128 2218 1195 apud
2261 1146 2322 1186 se
2363 1139 2725 1210 tractandam;
2756 1147 2826 1202 ita
2856 1159 2913 1204 ut
2939 1151 3070 1209 nihil
3105 1128 3224 1228 ipse
3247 1128 3316 1219 de
3343 1128 3626 1226 seldiceret
3646 1213 3662 1236 ,

2075 1217 2171 1270 sed
2202 1219 2236 1273 ii
2267 1232 2466 1280 tantum
2495 1230 2584 1299 qui
2608 1237 2779 1292 curati
2806 1239 3015 1300 fuerant
3040 1217 3162 1304 cum
3189 1260 3563 1315 accusantibus
3585 1263 3662 1317 lo-

2073 1320 2387 1378 querentur.
2411 1315 2543 1375 Nam
2572 1332 2623 1377 et
2654 1323 2706 1380 hi
2735 1344 2945 1402 quoque
2971 1337 3228 1398 miraculo
3249 1346 3486 1414 prmbent
3513 1355 3660 1408 testi—

2073 1402 2330 1457 monium.
2361 1405 2475 1464 Non
2515 1414 2660 1470 enim
2689 1418 2900 1490 dicunt,
2928 1423 3038 1485 Cur
3075 1431 3191 1489 hmc
3225 1402 3430 1504 jitssisti
3460 1441 3572 1498 ﬁeri
3605 1447 3665 1502 ius

2070 1490 2293 1549 sabbato
2313 1496 2337 1550 l
2359 1501 2454 1556 sed
2478 1545 2491 1566 ,
2523 1504 2632 1560 Cur
2657 1507 2770 1566 haec
2800 1514 2930 1572 lacis
2958 1519 3008 1573 in
3038 1490 3262 1582 sabbati;
3281 1490 3653 1591 in].

2067 1589 2394 1653 gressionem
2417 1592 2631 1668 indigne
2658 1602 2910 1676 ferentes,
2937 1613 3031 1668 sed
3055 1618 3333 1691 paralytici
3361 1626 3652 1686 valetudini

2066 1675 2384 1738 invidentes.
2412 1687 2569 1758 Atqui
2597 1692 2640 1745 si
2671 1693 2958 1755 humanum
2988 1675 3123 1774 opus
3150 1675 3651 1788 spectes,

2063 1768 2186 1835 tius,
2213 1774 2354 1842 quod
2385 1781 2704 1851 paralyticos
2731 1786 2876 1855 fecit,
2907 1768 3374 1872 erat-vereIOpus;
3403 1768 3659 1867 Chrisins

2057 1859 2198 1914 enim
2228 1866 2448 1922 verbum
2479 1877 2683 1929 tantum
2714 1880 2988 1938 emiserat.
3021 1886 3117 1943 Hic
3141 1891 3302 1948 aliter
3328 1896 3479 1962 jubet
3510 1903 3644 1958 solvi

2054 1950 2370 2023 sabbatum;
2398 1959 2524 2018 alibi
2555 1981 2687 2021 vero
2727 1985 2824 2039 per
2849 1976 3082 2045 seipsum
3125 1983 3287 2039 solvit
3323 1950 3487 2054 illud
3519 2009 3654 2047 cum-

2055 2041 2221 2099 lulum
2253 2049 2461 2118 miscet,
2491 2063 2546 2108 et
2573 2058 2760 2114 oeulos
2785 2041 2959 2124 illinit.
2993 2070 3130 2125 lilud-
3151 2085 3327 2131 au'em
3356 2077 3500 2145 facit;
3532 2099 3638 2140 nun

2051 2139 2486 2210 transgrediens,
2506 2148 2599 2201 sed
2631 2157 3042 2224 supergrediens
3073 2162 3264 2234 legem.
3298 2168 3370 2224 De
3400 2169 3481 2227 bis
3510 2190 3639 2230 vero

2050 2235 2255 2292 postea.
2301 2229 2485 2302 Neque
2521 2239 2663 2294 enim
2711 2244 2906 2314 ubique
2947 2250 3105 2307 simili
3127 2229 3308 2312 vmodo
3347 2259 3415 2314 de
3457 2265 3636 2320 soluto

2047 2319 2270 2376 sabbato
2295 2339 2575 2386 accusatus
2606 2349 2726 2390 sese
2756 2353 2945 2412 purgat
2973 2361 2986 2398 :
3020 2345 3070 2399 id
3099 2349 3240 2418 quod
3269 2367 3516 2412 accurate
3543 2360 3633 2412 ob-

2042 2415 2361 2471 servandum
2388 2431 2489 2476 est.

2112 2503 2166 2557 3.
2218 2503 2422 2564 Invidia
2463 2526 2705 2582 quantum
2749 2524 2958 2580 malum.
2993 2527 3191 2588 Caritas
3219 2541 3622 2597 commendation.

2035 2619 2107 2630 —
2129 2592 2346 2653 Interim
2368 2611 2546 2659 autem
2576 2608 2852 2668 videamus
2877 2628 3134 2685 quantum
3162 2626 3366 2683 malum
3388 2632 3458 2685 sit
3489 2634 3627 2688 iuvi-

2034 2681 2119 2735 dia
2145 2701 2161 2739 :
2191 2701 2298 2755 quo
2326 2701 2482 2760 pacto
2511 2701 2708 2756 mentis
2726 2681 2913 2762 oculos
2933 2710 2998 2764 ad
3023 2716 3314 2781 perniciem
3334 2721 3499 2778 invidi
3522 2741 3620 2782 ex-

2031 2786 2214 2832 cmcet.
2247 2779 2704 2849 Quemadmodum
2753 2799 2895 2854 enim
2935 2802 3118 2860 furiosi
3171 2809 3406 2878 gladium
3443 2817 3495 2872 in
3525 2833 3614 2875 sc-

2031 2866 2176 2934 ipsos
2196 2886 2339 2942 saepe
2358 2890 2696 2950 convertunt,
2723 2887 2791 2941 ita
2813 2906 3025 2963 quoque
3048 2897 3239 2966 invidi,
3255 2918 3414 2960 unam
3436 2909 3628 2966 solum

2027 2967 2329 3023 spectantes
2358 2964 2499 3021 illius
2520 2972 2604 3025 cui
2631 2973 2888 3044 invident,
2916 2985 3224 3052 perniciem,
3247 3004 3432 3050 contra
3457 3013 3623 3056 suam.

2027 3045 2250 3102 salutem
2275 3050 2432 3109 bruto
2462 3055 2663 3129 impetu
2695 3045 2960 3124 feruntur.
2993 3071 3058 3129 lli
3083 3077 3167 3132 vel
3195 3077 3326 3136 feris
3357 3097 3482 3141 sunt
3513 3089 3606 3145 de.

2027 3135 2271 3194 teriores.
2294 3141 2429 3198 Nam
2454 3147 2556 3203 ilhc
2574 3189 2592 3215 ,
2615 3153 2696 3207 vel
2723 3157 2863 3224 quod
2885 3160 3007 3216 cibo
3029 3175 3254 3234 egeant,
3284 3173 3366 3227 vel
3392 3190 3421 3228 a
3450 3179 3621 3236 nobis

2024 3225 2245 3285 irritattc
2265 3275 2281 3299 ,
2313 3245 2500 3293 contra
2531 3256 2631 3296 nos
2663 3260 2975 3319 armantur;
3010 3253 3062 3309 hi
3091 3268 3268 3316 autem
3297 3267 3457 3322 etiam
3483 3281 3608 3339 post

2021 3331 2236 3390 accepta
2259 3324 2536 3397 beneﬁcia,
2559 3332 2830 3394 beneficos
2851 3357 2994 3413 sazpc
3017 3362 3115 3416 pro
3135 3349 3362 3410 inimicis
3381 3324 3610 3418 hamati;

2019 3407 2168 3466 Feris
2186 3426 2316 3472 sane
2335 3415 2388 3471 hi
2413 3419 2710 3481 deteriores
2733 3439 2885 3496 sunt,
2911 3433 3244 3499 dat-monibus
3264 3461 3454 3516 pares;
3485 3453 3620 3509 imo.

2014 3499 2152 3557 forte
2179 3507 2387 3576 pejores
2417 3511 2538 3568 illis.
2569 3514 2647 3571 Illi
2690 3535 2922 3592 namque
2949 3529 3239 3590 adversum
3264 3499 3368 3594 bos
3397 3499 3590 3613 impla-

2009 3595 2211 3652 eahiles
2227 3611 2483 3659 exercent
2511 3607 2838 3680 inimicitias,
2868 3618 2961 3673 sed
2984 3621 3066 3676 sui
3095 3624 3362 3686 similibus
3388 3631 3591 3696 daamo-

2008 3686 2162 3743 nibus
2189 3706 2294 3746 non
2321 3694 2672 3770 insidiantur;
2706 3704 2934 3780 ideoque
2958 3713 3080 3771 hinc
3103 3686 3606 3786 Christus

2002 3778 2329 3848 confutavit,
2360 3801 2481 3843 cum
2508 3791 2750 3851 dicerent
2777 3778 2950 3869 ipsum
2985 3805 3038 3860 in
3067 3807 3364 3870 Beelzebub
3386 3817 3584 3886 ejicere

1999 3869 2280 3929 dzemonia.
2309 3875 2370 3932 Hi
2394 3895 2521 3935 vero
2546 3900 2613 3939 ne
2641 3898 2846 3945 natura:
2869 3894 3086 3963 quidem
3113 3915 3224 3956 stuc
3249 3909 3592 3967 consortium-

1999 3976 2344 4031 reverentur,
2377 3986 2552 4042 neque
2577 3976 2678 4032 sibi
2709 3979 2840 4049 ipsis
2871 3997 3112 4052 parcunt.
3146 3991 3277 4047 Nam
3303 4007 3430 4052 ante
3456 4005 3574 4056 ani.-

1996 4067 2136 4107 tuam
2161 4071 2310 4110 suam
2331 4098 2344 4121 ,
2369 4075 2527 4129 quam
2548 4079 2643 4119 eos
2663 4069 2856 4137 quibus
2889 4072 3154 4145 invident,
3187 4081 3416 4151 lmdunt,
3445 4087 3590 4148 dum

1994 4142 2133 4197 illam
2158 4146 2350 4203 frustra
2381 4155 2607 4209 tumultu
2632 4173 2696 4213 ac
2719 4175 2952 4220 maerore
2972 4169 3200 4240 replent.
3227 4173 3354 4242 Cur,
3376 4180 3445 4232 tui
3475 4181 3575 4236 ho-

1991 4249 2082 4289 mo
2102 4277 2116 4299 ,
2144 4235 2213 4292 de
2237 4240 2462 4308 proximi
2486 4243 2642 4301 bonis
2661 4252 2961 4311 cruciaris?
2989 4259 3180 4319 Dolere
3205 4277 3479 4335 Oporteret
3503 4275 3582 4331 de

1989 4327 2145 4383 malis
2177 4332 2409 4400 nostris,
2438 4351 2546 4391 non
2577 4340 2643 4395 de
2674 4345 2902 4411 proximi
2935 4347 3204 4410 felicitate.
3235 4360 3570 4434 Quapmpter

1989 4415 2092 4472 hoc
2119 4432 2392 4488 peccatum
2424 4428 2578 4482 venia
2607 4445 2827 4500 prorsus
2857 4439 3116 4506 privatur.
3144 4445 3277 4504 Nam
3300 4465 3569 4514 scortator

1984 4518 2163 4578 potest
2186 4515 2675 4582 concupiscentiam
2702 4523 2994 4589 obtendere
3015 4574 3032 4600 ,
3063 4533 3148 4592 fur
3172 4555 3564 4616 paupertatem,

1985 4601 2246 4659 homicida
2272 4607 2404 4662 iram
2426 4625 2440 4675 ;
2470 4616 2844 4677 excusationes
2865 4625 3076 4694 quidem
3102 4629 3318 4703 frigidas
3337 4645 3386 4689 ct
3412 4638 3557 4694 insa-

1977 4800 2138 4854 quam
2159 4801 2373 4844 causam
2401 4793 2698 4855 obtendes?
2727 4799 2933 4860 Nullam
2955 4813 3177 4868 omnino
3195 4856 3210 4880 ,
3241 4817 3343 4873 nisi
3374 4819 3558 4893 ingen-

1978 4884 2084 4929 tem
2117 4879 2429 4950 nequitiam.
2465 4885 2594 4943 Nam
2637 4891 2683 4947 si
2729 4893 2973 4953 inimicos
3001 4899 3224 4975 diligere
3263 4907 3513 4979 jubcmur
3537 4958 3559 4982 ,

1974 4965 2018 5018 si
2048 4969 2250 5024 amicos
2276 4972 2401 5027 odio
2429 4974 2723 5037 habeamus
2743 5025 2758 5049 ,
2788 5002 2895 5055 quo
2925 5005 3030 5044 non
3076 4997 3337 5067 supplicio
3366 5003 3558 5072 punie-

1974 5056 2131 5109 mur?
2162 5059 2227 5114 Et
2257 5061 2300 5115 si
2335 5063 2379 5117 is
2407 5067 2496 5134 qui
2543 5074 2746 5127 amicos
2789 5091 2915 5132 suos
2955 5056 3314 5153 diligitrnon
3362 5056 3563 5149 melius

1970 5161 2131 5214 quam
2159 5160 2343 5219 gentes
2373 5156 2594 5215 allectus
2613 5171 2730 5229 est;
2755 5167 2842 5235 qui
2865 5183 2924 5224 se
2951 5171 3081 5229 nihil
3107 5175 3424 5238 laedentibus
3447 5199 3548 5240 no-

1967 5251 2073 5305 cet,
2092 5257 2250 5310 quam
2269 5257 2350 5301 est
2368 5247 2644 5308 habiturus
2663 5257 2894 5324 veniam,
2910 5279 3066 5332 quam
3089 5270 3550 5333 consolationem?

1968 5329 2102 5384 Audi
2131 5332 2354 5390 Paulum
2377 5338 2642 5398 dicentem
2668 5363 2682 5398 :
2716 5344 2779 5402 Si
2801 5329 3057 5411 tradidero
3082 5375 3268 5430 corpus
3289 5381 3453 5421 meum
3476 5371 3554 5423 ita

1965 5431 2020 5475 ut
2048 5425 2254 5480 ardeant
2279 5470 2294 5495 ,
2325 5431 2588 5488 caritatem
2626 5447 2795 5493 autent
2835 5460 2937 5500 non
2965 5448 3186 5509 habuero
3207 5495 3222 5521 ,
3251 5459 3381 5514 nihil
3419 5463 3545 5516 milii

1963 5515 2164 5579 prodest
2187 5516 2280 5585 (1.
2311 5517 2429 5573 Cor.
2460 5523 2548 5580 15.
2575 5525 2609 5580 3
2629 5526 2672 5598 ).
2703 5528 2853 5597 Quod
2881 5547 3056 5595 autem
3090 5543 3176 5599 ubi
3209 5515 3346 5604 livor
3371 5559 3427 5605 et

1963 5602 2100 5658 vidia
2149 5615 2265 5674 est,
2312 5610 2510 5668 caritas
2539 5630 2760 5684 prorsus
2807 5625 3012 5684 sublata
3045 5633 3145 5704 sit,
3200 5638 3400 5694 nemini
3434 5655 3538 5698 non

1960 5705 2143 5751 notum
2174 5706 2277 5753 est.
2307 5700 2418 5757 lloc
2450 5706 2637 5764 vitium
2685 5722 2767 5769 est
2812 5700 3164 5784 fornicatione
3194 5740 3248 5786 et
3275 5731 3541 5790 adulterio

1967 5788 2136 5858 pejus.
2160 5790 2291 5849 Nam
2314 5795 2442 5852 illud
2474 5799 2526 5855 in
2550 5815 2807 5875 operante
2830 5818 3100 5882 consistit.
3126 5821 3338 5881 invidiae
3361 5835 3547 5884 autem
