4070 6214
427 253 488 310 ιιι
503 253 535 306 5

428 375 657 428 tantum,
680 375 852 431 neque
872 369 930 414 ut
951 359 1089 414 Deus
1117 366 1320 412 tantum
1351 373 1471 412 sese
1496 365 1715 426 purgat;
1738 355 1830 410 sed
1854 351 2012 408 modo

430 458 551 521 hac,
574 455 733 511 modo
753 454 840 509 illa
864 453 1092 507 ratione.
1123 449 1354 506 Volebat
1371 450 1514 505 enim
1536 459 1821 518 utrumque
1844 447 2010 512 credi,

425 559 482 604 et
509 547 890 604 incarnationis
918 545 1306 608 humilitatem,
1340 553 1394 597 et
1432 542 1652 596 Deitatis
1678 540 2010 611 dignitatem.

429 641 554 696 ldco
580 655 720 696 nunc
743 647 802 694 ut
829 639 971 694 Deus
999 652 1120 692 sese
1147 645 1350 706 purgat.
1375 634 1503 689 Nam
1532 635 1576 688 si
1606 633 1841 687 humano
1869 647 2002 686 sem~

429 748 525 801 per
546 747 694 786 more
726 732 869 800 ipsos
895 729 1198 798 alloquutus
1228 727 1430 788 fuisset,
1462 725 1514 778 in
1541 723 1724 780 eadem
1750 723 2012 792 perstitis-

426 833 549 878 sent
570 822 886 877 humilitate.
916 819 1273 886 Quamobrem
1301 832 1370 872 ne
1410 816 1459 870 id
1503 816 1672 879 ﬁeret,
1711 814 1922 868 Patrem
1960 813 2011 866 in

429 914 662 969 medium
684 913 920 967 adducit.
946 911 1103 980 Atqui
1133 910 1259 977 ipsa:
1279 915 1539 962 creatura:
1563 906 1614 958 in
1641 903 1864 958 sabbato
1882 918 2012 970 ope-

430 1015 635 1060 rantur.
679 1004 770 1059 Sol
797 1017 1011 1058 cursum
1040 998 1282 1070 perlicit,
1310 997 1525 1050 lluntina
1554 1001 1810 1058 manant,
1841 992 2014 1047 fontes

429 1097 756 1160 seaturiunt,
781 1093 1030 1147 mulieres
1055 1090 1287 1159 pariunt.
1326 1087 1519 1142 Verum
1544 1094 1599 1138 ut
1624 1085 1802 1138 discas
1841 1083 2012 1151 ipsum

431 1203 536 1241 non
564 1203 627 1240 ex
657 1199 879 1240 numero
907 1192 1271 1237 creaturarum
1297 1194 1418 1234 esse
1438 1221 1452 1243 ,
1477 1193 1582 1232 non
1607 1176 1774 1240 dixit,
1801 1175 1973 1230 Etiam
1993 1216 2010 1242 ,

427 1293 624 1345 operor
651 1293 664 1330 :
695 1291 815 1330 nam
855 1283 1114 1330 creatura:
1140 1287 1353 1342 quoque
1381 1280 1697 1340 operantur;
1727 1268 1820 1324 sed
1848 1267 1972 1338 quid
1990 1266 2014 1308 9

431 1366 601 1420 Etiam
629 1407 644 1429 ,
676 1379 872 1434 OpCI‘Ol'
901 1380 914 1417 :
950 1378 1069 1416 nam
1101 1363 1259 1416 Pater
1285 1375 1438 1415 meus
1463 1368 1733 1428 operatur.
1762 1358 1850 1412 IS.
1887 1357 2016 1410 Pro-

430 1468 601 1526 pterea
627 1470 745 1524 ergo
766 1455 926 1525 magis
954 1454 1242 1522 qum-ebant
1271 1468 1384 1504 eum
1403 1450 1579 1504 ,ιιιύωὶ
1603 1450 1904 1517 interﬁcere.
1929 1448 2010 1502 in-

431 1549 577 1615 quit,
604 1547 723 1616 quia
771 1562 871 1598 non
908 1544 1073 1598 solum
1120 1541 1340 1596 solvebat
1387 1541 1670 1604 sabbatum,
1699 1539 1787 1592 sed
1823 1539 1941 1609 quia
1967 1547 2018 1590 et

437 1643 640 1697 Patrem
683 1657 828 1694 suum
870 1639 1064 1693 dicebat
1109 1636 1302 1701 Deum,
1331 1636 1572 1705 aequalem
1592 1652 1646 1688 se
1663 1635 1853 1706 faciens
1888 1631 2010 1685 Deo.

433 1733 612 1802 Neque
632 1732 808 1787 verbis
825 1739 1027 1784 tantum
1047 1728 1096 1782 id
1115 1727 1519 1790 demonstravit,
1542 1725 1636 1781 sed
1665 1726 1819 1795 longe
1849 1723 2016 1793 magis

430 1825 702 1895 operibus.
730 1823 836 1878 Cur
865 1823 930 1876 ita
955 1822 978 1874 ?
1003 1821 1135 1889 Quia
1165 1821 1217 1874 in
1245 1819 1422 1874 verbis
1451 1819 1684 1873 cavillari
1731 1827 1973 1888 poterant
1997 1857 2014 1882 ,

431 1936 494 1973 ac
522 1919 588 1972 de
613 1916 751 1971 fastu
779 1929 1061 1978 accusare;
1103 1928 1222 1968 cum
1266 1922 1444 1966 autem
1488 1927 1666 1966 rerum
1707 1919 1760 1964 et
1795 1924 2014 1979 operum

433 2009 732 2072 veritatem,
752 2021 870 2076 qua:
893 2004 1181 2074 potentiam
1207 2002 1541 2072 praedicaret,
1560 2001 1869 2066 cernebant,
1893 2009 2017 2054 tunc

433 2117 501 2155 ne
531 2101 736 2154 hiscere
765 2097 976 2168 quidem
1022 2105 1207 2151 contra
1268 2094 1554 2150 audebant.

505 2191 756 2245 Christum
789 2189 1030 2258 a'qualem
1074 2204 1181 2241 esse
1228 2186 1375 2240 Patri
1432 2186 1713 2256 probatur;
1753 2185 2020 2254 objectioui

434 2281 782 2352 respondetur.
808 2309 872 2319 --
907 2279 1103 2333 Verum
1134 2279 1284 2332 aiunt
1305 2278 1379 2332 illi
1401 2319 1414 2341 ,
1459 2280 1548 2347 qui
1580 2277 1766 2331 nolunt
1798 2277 1910 2330 haec
1936 2276 2017 2343 pia

437 2385 614 2428 tuente
641 2373 903 2438 accipere,
934 2370 1046 2424 Non
1078 2368 1324 2424 Christus
1353 2384 1411 2423 se
1434 2368 1693 2437 mqualem
1724 2368 1832 2422 Deo
1861 2366 2015 2430 fecit;

437 2469 528 2521 sed
553 2469 653 2521 hoc
672 2465 839 2520 .ludzei
868 2465 1295 2532 suspicabantur.
1337 2461 1694 2529 Quamobrem
1727 2459 1840 2513 haec
1870 2459 2013 2513 dicta

437 2562 596 2614 altius
638 2572 991 2613 resumamns.
1032 2555 1125 2610 Die
1175 2553 1304 2609 mihi
1332 2596 1348 2619 ,
1379 2553 1645 2607 Christum
1697 2551 1864 2606 Juda-i
1897 2566 2019 2619 per-

436 2650 816 2719 sequebantur,
841 2646 1054 2701 necne?
1083 2644 1547 2714 Persequehantur
1579 2643 1761 2712 utique
1787 2657 1802 2706 ;
1843 2641 1893 2694 id
1925 2655 2018 2695 nc-

442 2741 569 2794 mini
620 2755 724 2792 non
757 2747 958 2790 notum.
991 2737 1154 2790 lllane
1180 2751 1245 2788 an
1279 2734 1378 2788 alia
1423 2733 1490 2788 de
1514 2748 1670 2788 causa
1704 2733 1872 2800 ipsum
1905 2747 2020 2800 pcr-

440 2830 842 2902 sequebantur?
874 2831 960 2884 Illa
993 2838 1140 2884 certe
1165 2828 1234 2882 de
1259 2842 1441 2892 causa,
1468 2835 1524 2880 ιιι
1551 2825 1785 2879 fatentur
1811 2839 2018 2878 omnes.

438 2923 728 2977 Sabbatum
754 2921 1026 2984 solvebat,
1061 2919 1269 2973 necne?
1293 2917 1564 2981 Solvebat,
1599 2916 1647 2968 id
1676 2931 1832 2970 nemo
1864 2929 2020 2984 nega-

445 3017 600 3070 vrrit.
655 3015 817 3067 Deum
865 3012 1074 3065 Patrem
1119 3024 1271 3064 suum
1319 3007 1562 3070 dicebat,
1619 3006 1827 3060 necne?
1862 3005 2013 3058 Dice-

442 3107 531 3160 bat
563 3105 761 3173 utique.
797 3104 934 3170 Ergo
959 3101 1144 3155 eadem
1191 3099 1330 3153 serie
1375 3105 1568 3152 caetera
1605 3096 2019 3165 subsequuntur.

441 3199 590 3250 Sicut
616 3195 760 3250 enim
812 3194 1021 3248 Patrem
1063 3191 1242 3245 dicere
1267 3189 1455 3254 Deum,
1487 3188 1693 3241 solvere
1722 3185 2021 3252 sabbatum,

439 3305 505 3344 ac
565 3297 779 3359 praptcr
837 3288 936 3340 hoc
982 3285 1254 3354 magisque
1307 3290 1522 3351 propter
1568 3279 1696 3334 illud
1743 3294 1774 3333 a
1827 3279 2026 3333 Iuda-is

442 3381 912 3451 persequutionom
952 3377 1086 3444 pati,
1120 3390 1224 3428 non
1258 3373 1386 3426 falsa
1413 3372 1618 3441 opinio,
1642 3370 1733 3425 sed
1780 3371 1978 3424 veritas
2009 3390 2021 3424 ε

448 3477 519 3528 ita
548 3475 784 3543 seipsum
831 3468 1089 3537 tequalcm
1120 3467 1228 3520 Deo
1255 3466 1451 3525 facere,
1501 3463 1687 3518 eadem
1729 3471 1907 3516 mente
1933 3461 2027 3514 de-

441 3563 745 3616 elarabatur
767 3578 778 3612 :
804 3557 944 3626 quod
969 3573 1032 3611 ex
1066 3554 1387 3625 supradictis
1413 3551 1747 3607 manifestius
1772 3560 1872 3606 est.
1895 3549 2024 3604 Illud

441 3654 584 3708 enim
622 3651 773 3704 Pater
802 3665 940 3702 meus
967 3657 1226 3716 operatur,
1256 3654 1302 3698 et
1322 3661 1415 3714 ego
1450 3660 1653 3714 operor,
1679 3643 1906 3712 idipsum
1941 3649 2022 3694 est

443 3763 509 3802 ae
533 3746 576 3800 si
606 3760 666 3798 se
691 3745 803 3797 Deo
832 3741 1086 3808 aequalem
1115 3738 1329 3793 faceret.
1356 3737 1565 3792 Nullam
1615 3737 1756 3791 enim
1787 3734 2029 3804 perbibet

446 3838 500 3890 in
533 3835 616 3889 his
663 3833 840 3888 verbis
876 3830 1250 3886 ditiorentiatn.
1283 3829 1465 3899 Neque
1511 3829 1654 3882 enim
1695 3826 1872 3880 dixit:
1929 3823 2023 3878 Ille

447 3935 720 3998 operatur,
749 3934 804 3980 et
830 3937 930 3994 ego
974 3923 1359 3987 subministro;
1390 3921 1506 3988 scd,
1535 3921 1684 3976 Sicut
1720 3918 1811 3972 ille
1836 3931 2030 3986 opera-

448 4031 568 4081 tur,
603 4019 672 4072 ita
705 4025 759 4070 et
789 4031 922 4085 ego;
962 4029 1313 4083 magnamque
1368 4012 1602 4067 ostendit
1649 4009 2025 4079 :equalitatem.

451 4109 606 4180 Quod
634 4109 676 4163 si
705 4107 754 4162 id
778 4122 883 4162 non
908 4105 1000 4160 ille
1027 4105 1396 4160 demonstrare
1417 4103 1673 4158 voluisset
1692 4142 1707 4166 ,
1737 4098 1831 4154 sed
1861 4097 1910 4151 id
1938 4097 2031 4151 Ju-

448 4201 553 4256 dzei
584 4199 776 4255 frustra
819 4195 1071 4268 suSpicati
1101 4205 1284 4250 essent
1317 4213 1330 4249 :
1375 4210 1481 4248 non
1512 4192 1725 4247 sivisset
1767 4189 1888 4242 illos
1915 4187 2029 4241 base

452 4293 586 4348 falso
612 4291 938 4355 existimare,
984 4287 1076 4342 sed
1113 4285 1524 4342 emendavisset.
1544 4283 1723 4350 Neque
1744 4279 1844 4334 hoc
1864 4294 2029 4333 evan-

455 4384 643 4453 gelista
695 4381 928 4434 siluisset
953 4420 968 4445 ,
992 4393 1178 4433 verum
1208 4377 1384 4447 palam
1416 4374 1672 4436 dixisset,
1705 4371 1782 4424 sic
1811 4369 2030 4424 Judams

452 4474 750 4544 auspicatos
793 4470 996 4534 fuisse,
1041 4467 1134 4523 sed
1167 4469 1338 4536 ipsum
1381 4479 1485 4519 non
1530 4478 1590 4517 se
1637 4463 1745 4516 Deo
1773 4461 2029 4531 :equalem

453 4566 645 4622 fecisse
678 4583 690 4617 :
726 4573 782 4618 ut
813 4562 939 4616 alibi
968 4560 1127 4624 facit,
1155 4573 1275 4613 cum
1305 4556 1450 4610 videt
1475 4571 1587 4610 rem
1611 4554 1710 4608 alia
1743 4564 1921 4609 mente
1950 4555 2032 4607 di-

454 4667 617 4716 ctam.
648 4654 753 4708 alio
792 4667 955 4708 sensu
979 4649 1145 4719 accipi
1172 4665 1187 4712 ;
1220 4656 1280 4702 ut
1303 4661 1424 4700 cum
1461 4645 1709 4701 Christus
1732 4645 1878 4711 dicit,
1908 4645 2032 4700 Sol-

455 4747 553 4798 uite
579 4744 820 4812 templum
841 4747 956 4810 hoc,
987 4749 1032 4795 et
1063 4741 1116 4793 in
1139 4738 1296 4794 tribus
1326 4738 1500 4792 diebus
1529 4737 1754 4792 excitabo
1781 4737 1931 4803 illud,
1965 4737 2033 4792 de

455 4850 617 4903 rarae
633 4850 729 4890 sua
755 4835 1000 4904 loquens.
1024 4832 1222 4888 Verum
1250 4831 1419 4888 Judaei
1440 4830 1494 4886 id
1514 4847 1619 4885 non
1649 4831 2026 4901 intelligentes,

456 4927 549 4982 sed
574 4925 978 4996 putantesillum
1000 4925 1068 4980 de
1087 4925 1306 4981 Iudaico
1328 4924 1528 4994 templo
1557 4923 1722 4994 loqui,
1745 4923 1989 4978 dicebant
2018 4943 2030 4977 :

459 5015 810 5086 Quadraginta
828 5030 917 5067 sex
945 5015 1092 5069 annis
1118 5015 1424 5082 aediﬁcatum
1450 5022 1522 5067 est
1566 5013 1808 5082 templum
1831 5013 1924 5066 hoc
1949 5055 1962 5074 ,
1991 5023 2038 5067 et

460 5118 512 5160 tu
528 5109 579 5162 in
598 5107 758 5161 tribus
774 5105 948 5158 diebus
971 5105 1212 5160 eacitabis
1233 5105 1402 5159 illud?
1427 5104 1559 5171 Quia
1585 5105 1746 5175 igitur
1769 5104 1908 5158 aliud
1927 5109 2037 5174 ipse

461 5201 688 5259 dixerat,
721 5195 864 5250 aliud
885 5195 958 5249 illi
980 5195 1231 5265 suspicati
1266 5195 1508 5261 fuerant,
1540 5195 1734 5264 illeque
1775 5194 1842 5249 de
1867 5210 2029 5250 carne

460 5304 578 5352 sua,
633 5287 684 5341 hi
738 5287 807 5342 de
851 5287 1049 5356 templo
1097 5302 1196 5341 suo
1249 5287 1648 5357 intclligebaut;
1705 5287 1755 5340 id
1801 5285 2041 5341 indicans

461 5383 812 5454 evangelista,
844 5383 952 5436 imo
980 5381 1189 5442 illorum
1221 5383 1496 5453 corrigens
1540 5379 1846 5452 opinionem
1871 5423 1885 5446 ,
1918 5382 2042 5435 sub-

465 5476 639 5542 junxit
669 5493 682 5529 :
703 5474 730 5529 Ι
736 5474 802 5530 lle
817 5486 983 5528 autem
1003 5474 1196 5528 dicebat
1217 5474 1280 5529 de
1297 5475 1480 5545 templo
1497 5475 1721 5544 corporis
1747 5475 1845 5527 sui.
1864 5475 2044 5542 Itaque

463 5567 508 5620 si
541 5566 640 5622 hoc
689 5569 806 5623 IOCtl
851 5564 1094 5621 Christus
1138 5583 1242 5622 non
1273 5585 1331 5623 se
1352 5568 1611 5639 mqualcm
1647 5568 1785 5623 Patri
1811 5567 2040 5631 fecisset,

467 5658 773 5714 ludarorum
811 5671 955 5716 certe
987 5659 1034 5715 id
1066 5660 1395 5731 Opinantium
1441 5663 1759 5717 sententiam
1791 5658 2046 5715 emenda-

1208 246 1266 300 S.
1305 242 1580 299 JtMNN’lS
1615 239 2082 297 CIIRYSOSTOMI
2124 239 2441 296 ARCIIIEP.
2482 239 3009 295 CONSTANTINOP.

3590 245 3702 301 216

2123 353 2291 408 vissct
2313 395 2330 419 ,
2361 353 2690 425 dixissetque
2721 371 2734 408 :
2774 355 2942 409 Jndzei
2991 355 3246 425 putabant
3276 356 3446 426 ipsum
3477 371 3536 412 se
3590 360 3700 414 Deo

2119 445 2377 516 :equalem
2421 445 2630 512 facere,
2672 447 2784 517 ipse
2826 462 2954 502 vero
3002 462 3106 501 non
3151 446 3221 503 de
3259 449 3563 518 aequalitate
3609 452 3698 505 illa

2120 536 2456 605 loquebatur.
2489 537 2671 608 Neque
2700 538 2840 592 enim
2871 537 2959 594 hic
2979 539 3150 592 solum
3174 540 3502 610 evangelista
3526 541 3576 594 id
3599 542 3701 597 hoc

2119 629 2240 683 loco
2269 630 2428 693 facit,
2470 631 2564 685 sed
2619 632 2777 686 etiam
2827 632 2965 686 alios
3004 632 3327 702 evangelista
3368 633 3512 688 alibi.
3567 632 3698 688 Cum

2118 722 2258 776 cnim
2293 722 2635 790 prateepisset
2666 723 2940 791 diSripulis
2963 723 3120 778 Iesus
3145 742 3158 775 :
3185 723 3365 778 Cavete
3391 741 3424 778 a
3456 729 3701 795 feruieuto

2125 813 2502 866 Pharisazorum
2551 823 2598 866 et
2629 814 3030 868 Sadducatorum
3079 813 3308 887 (Matth.
3343 815 3435 871 16.
3466 816 3542 888 6)
3577 835 3592 871 :
3626 819 3698 872 illi

2117 919 2246 958 vero
2274 904 2590 968 cogitarent,
2622 904 2994 975 dicerentquc,
3026 907 3198 962 Panes
3223 923 3328 960 non
3351 908 3696 976 accepimus;

2117 1011 2236 1051 cum
2265 997 2410 1051 aliud
2439 999 2525 1052 ille
2567 998 2792 1064 diceret,
2819 999 3138 1055 fermentum
3162 1000 3465 1055 doctrinam
3511 1002 3697 1072 appel-

2117 1088 2256 1152 lans,
2288 1089 2429 1142 aliud
2480 1089 2556 1143 illi
2589 1090 2944 1160 intelligerent
2966 1131 2982 1155 ,
3010 1092 3076 1145 de
3113 1091 3334 1160 panibus
3359 1091 3558 1147 dictum
3604 1109 3702 1164 pu-

2121 1188 2313 1245 tantes,
2357 1180 2486 1234 illud
2511 1181 2754 1251 corrigit,
2789 1197 2894 1236 non
2917 1181 3027 1252 jam
3076 1183 3428 1252 evangelista,
3462 1185 3555 1238 sed
3587 1187 3699 1250 ipse

2117 1271 2360 1326 Christus
2379 1271 2456 1327 sic
2487 1272 2711 1342 loquens
2736 1290 2748 1325 :
2778 1273 3044 1340 Quomodo
3069 1289 3167 1326 nou
3195 1273 3474 1344 intelligitis
3500 1291 3576 1326 me
3599 1292 3701 1329 uo»

2117 1364 2306 1418 dixisse
2333 1363 2467 1419 vobis
2495 1381 2526 1416 a
2552 1364 2765 1434 panibus
2793 1381 2968 1418 cavere
2997 1363 3158 1435 (Ibid.
3191 1380 3239 1417 υ.
3266 1366 3322 1420 Η
3348 1364 3365 1432 )
3389 1367 3412 1418 ?
3441 1365 3536 1420 llic
3569 1381 3699 1419 vero

2120 1453 2250 1508 nihil
2270 1455 2466 1510 simile.
2498 1455 2655 1524 Atqui
2683 1454 2824 1510 dicet
2851 1455 3061 1525 aliquis,
3098 1455 3198 1508 hoc
3229 1455 3400 1525 ipsum
3429 1455 3498 1510 de
3522 1457 3698 1512 medio

2125 1543 2267 1597 tollit
2299 1543 2551 1606 Christus
2578 1545 2702 1599 dum
2729 1543 2875 1598 addit
2901 1563 2914 1597 :
2949 1543 3069 1599 Non
3107 1554 3262 1614 potest
3291 1546 3340 1598 F
3343 1546 3458 1600 ilius
3483 1564 3514 1600 a
3539 1548 3700 1616 seipse

2117 1633 2391 1705 quidquam
2437 1637 2620 1704 timere.
2677 1635 2788 1688 Imo
2815 1647 3000 1690 contra
3027 1677 3041 1703 ,
3075 1637 3144 1690 mi
3175 1635 3366 1699 homo;
3404 1653 3509 1691 non
3557 1639 3698 1692 enim

2121 1726 2255 1779 tollit
2281 1729 2658 1794 aequalitatem,
2696 1728 2790 1782 sed
2835 1728 3004 1781 ﬁrmat
3054 1744 3170 1782 eam
3229 1727 3355 1781 dum
3389 1728 3502 1783 haec
3549 1730 3699 1786 dicit.

2121 1816 2317 1871 Verum
2345 1819 2630 1889 diligenter
2672 1819 2974 1874 attendite:
3028 1835 3200 1887 neque
3229 1821 3369 1874 enim
3412 1821 3477 1873 de
3505 1820 3604 1875 lcvi
3643 1840 3700 1875 re

2120 1911 2343 1978 quaestio
2359 1918 2462 1964 est.
2487 1910 2614 1964 Nam
2636 1911 2786 1970 illud.
2810 1911 2852 1964 A
2879 1912 3165 1980 semetipso.
3190 1925 3332 1980 smpc
3351 1912 3400 1964 in
3425 1911 3700 1980 Scriptura

2121 2001 2381 2069 habetur,
2412 2011 2465 2057 et
2495 2002 2563 2057 de
2592 2002 2807 2058 Christo
2841 2011 2896 2057 et
2923 2003 2992 2057 de
3021 1990 3221 2071 Spiritu
3268 2011 3454 2056 sancto
3496 2002 3698 2057 dictum

2120 2103 2238 2160 est;
2265 2095 2451 2164 visque
2477 2094 2726 2150 dictionis
2747 2105 2833 2149 est
2850 2093 3160 2158 ediscenda,
3185 2109 3252 2148 ne
3283 2094 3333 2147 in
3355 2095 3702 2164 gravissimos

2122 2201 2336 2242 errores
2382 2187 2695 2242 incidamus.
2742 2187 2874 2241 Nam
2909 2188 2952 2242 si
2986 2187 3130 2240 illam
3163 2187 3394 2256 excipias
3421 2196 3476 2239 ut
3517 2188 3700 2241 statim

2121 2279 2358 2342 offertur,
2409 2278 2532 2333 vide
2567 2287 2761 2347 quanta
2809 2278 2931 2333 hinc
2983 2278 3282 2333 absurditas
3325 2287 3702 2348 consequatur.

2122 2369 2305 2438 Neque
2350 2372 2493 2424 enim
2538 2369 2694 2437 dixit,
2737 2385 2797 2424 se
2845 2370 2944 2423 alia
3005 2385 3160 2438 posse
3211 2385 3305 2439 per
3359 2370 3701 2438 semetipsum

2122 2462 2373 2529 operari;
2420 2461 2520 2514 alia
2564 2475 2759 2526 secus;
2801 2460 2896 2516 sed
2939 2461 3230 2530 generatim
3277 2460 3441 2514 dicit:
3471 2460 3538 2516 I9
3581 2458 3702 2514 Non

2125 2561 2317 2620 potest,
2346 2550 2391 2603 F
2392 2553 2514 2604 ilius
2557 2569 2588 2603 ιι
2618 2552 2887 2620 semetipso
2924 2551 3201 2622 quidquam
3232 2555 3418 2622 facere.

2194 2646 2246 2697 ιι.
2293 2644 2738 2714 lnterrogabimus
2786 2659 2912 2713 ergo
2960 2644 3436 2710 contradicentem,
3491 2643 3704 2698 Nihilne

2125 2743 2299 2804 potest
2321 2750 2350 2788 a
2376 2735 2664 2804 semetipso
2697 2737 2870 2790 facere
2911 2735 3113 2788 Filius?
3141 2735 3194 2789 Si
3227 2735 3578 2804 reSponderit,
3609 2735 3702 2788 Ni-

2125 2825 2248 2891 hil;
2299 2840 2622 2892 reponemus
2669 2842 2682 2877 :
2726 2826 2882 2895 Atqui
2945 2826 3234 2879 maximum
3291 2826 3547 2879 booorum
3612 2841 3707 2894 per

2124 2917 2468 2984 smnetipsum
2511 2914 2654 2978 fecit,
2687 2916 2735 2971 id
2763 2918 2902 2986 quod
2931 2917 3124 2971 Paulus
3150 2918 3363 2981 clamat,
3394 2916 3492 2982 Qui
3516 2933 3628 2971 cum
3654 2919 3705 2970 in

2126 3011 2292 3076 forma
2338 3006 2432 3060 Dei
2473 3017 2618 3074 esset,
2657 3025 2757 3062 non
2797 3009 3029 3078 rapinam
3073 3011 3344 3063 arbitratus
3387 3020 3458 3064 est
3505 3026 3610 3063 esse
3653 3027 3709 3065 se

2124 3098 2368 3165 wqualem
2391 3097 2518 3164 Deo,
2547 3099 2635 3153 sed
2660 3101 2980 3170 semetipsum
3011 3102 3304 3164 exinauioit,
3333 3101 3547 3172 formam
3581 3104 3708 3154 servi

2125 3190 2374 3260 accipiens
2397 3189 2652 3261 (Philipp.
2677 3191 2731 3245 2.
2763 3192 2838 3262 6).
2864 3193 2929 3247 Et
2951 3209 3133 3248 rursus
3155 3194 3266 3263 ipse
3281 3193 3524 3248 Christus
3545 3195 3669 3248 alibi
3692 3213 3706 3248 :

2130 3278 2434 3335 Potestatem
2468 3283 2625 3336 habeo
2669 3284 2890 3351 ponendi
2919 3287 3141 3338 animam
3186 3302 3368 3351 meam,
3409 3296 3454 3341 et
3485 3295 3709 3356 potesta-

2128 3379 2226 3424 tem
2250 3372 2406 3425 habeo
2433 3374 2663 3426 sumendi
2687 3391 2818 3440 eant,
2859 3385 2907 3429 et
2936 3393 3078 3428 nemo
3109 3377 3238 3430 tollit
3263 3394 3372 3430 eam
3407 3393 3440 3430 ιι
3475 3394 3553 3431 me
3579 3393 3598 3430 :
3621 3394 3712 3448 ego

2128 3477 2260 3530 pono
2285 3479 2395 3516 eam
2423 3479 2455 3514 a
2495 3465 2683 3534 meipso
2721 3465 2896 3534 (loan.
2930 3466 3017 3519 IO.
3067 3466 3174 3535 I8).
3224 3468 3404 3522 Vidcn‘
3434 3477 3489 3522 et
3526 3472 3714 3522 mortis

2128 3563 2180 3607 et
2202 3553 2321 3606 vita:
2344 3562 2656 3620 potestatem
2686 3555 2993 3623 habentem,
3015 3559 3103 3626 qui
3128 3568 3326 3612 tantam
3355 3561 3711 3614 oeconomiam

2129 3659 2158 3696 a
2203 3645 2494 3714 semetipso
2538 3644 2682 3700 fecit.
2731 3647 2934 3717 Ecquid
2988 3649 3158 3702 dicam
3205 3649 3281 3704 de-
3313 3649 3566 3704 Christo?
3604 3653 3714 3708 Nos

2130 3736 2292 3799 enim,
2319 3736 2511 3805 quibus
2533 3736 2662 3790 nihil
2689 3737 2861 3801 vilius,
2887 3737 3048 3791 inulta
3071 3753 3098 3790 a
3131 3739 3284 3792 nobis
3307 3740 3434 3807 ipsis
3462 3740 3710 3802 facimus,

2129 3841 2157 3878 a
2190 3827 2341 3880 nobis
2387 3826 2517 3894 ipsis
2552 3827 2860 3894 nequitiam,
2902 3842 2931 3879 a
2964 3828 3118 3881 nobis
3149 3828 3276 3896 ipsis
3304 3830 3550 3882 virtutem
3580 3830 3713 3882 ιιι·ιί-

2129 3919 2320 3987 gimus.
2349 3916 2498 3983 Quod
2535 3917 2580 3970 si
2610 3933 2714 3970 non
2750 3933 2779 3970 a
2825 3917 2979 3971 nobis
3015 3918 3162 3984 ipsis,
3197 3933 3368 3988 neque
3400 3927 3710 3988 potestatem

2134 4007 2421 4061 habeamus
2451 4022 2465 4058 :
2501 4023 2694 4076 neque,
2747 4008 2790 4061 si
2843 4010 3257 4077 peccaverimus,
3307 4011 3358 4064 in
3410 4009 3712 4080 gehennam

2133 4098 2441 4163 incidemus,
2475 4113 2668 4166 neque,
2699 4099 2744 4154 si
2772 4099 2908 4154 bona
2945 4115 3106 4169 opera
3155 4100 3457 4168 fecerimus,
3493 4118 3712 4172 regnum

2132 4189 2380 4243 t-mloruut
2403 4203 2818 4258 consequemur.
2863 4189 3001 4245 Nihil
3045 4190 3190 4244 aliud
3216 4207 3345 4260 ergo
3383 4201 3464 4246 est
3491 4192 3641 4250 illud.
3674 4192 3714 4244 Α

2132 4281 2396 4350 semetipso
2424 4298 2522 4335 non
2551 4293 2712 4352 potest
2736 4287 2904 4353 facere
2935 4282 3225 4354 quidquam,
3245 4300 3402 4353 quam
3419 4285 3557 4353 quod
3585 4283 3716 4338 nihil

2136 4377 2302 4446 possit
2347 4377 2486 4432 Patri
2517 4381 2841 4433 contrarium
2886 4378 3080 4443 facere,
3115 4380 3245 4434 nihil
3285 4381 3538 4444 alienum,
3588 4379 3716 4434 nihil

2135 4469 2494 4540 peregrinum,
2525 4471 2574 4525 id
2603 4473 2745 4541 quod
2784 4475 3014 4526 maxime
3038 4473 3396 4542 aequalitatem
3419 4481 3474 4528 et
3497 4487 3721 4528 concor-

2133 4561 2275 4615 diam
2305 4577 2549 4630 magnam
2591 4563 2845 4618 ostendit.
2897 4564 2963 4616 Et
2987 4579 3083 4617 cur
3107 4579 3214 4618 non
3243 4564 3396 4630 dixit,
3427 4564 3567 4620 Nihil
3593 4580 3723 4618 con-

2139 4655 2357 4708 Irarium
2382 4653 2525 4717 facit,
2549 4655 2664 4719 sed,
2694 4654 2812 4708 Non
2843 4657 3047 4724 potest?
3073 4655 3140 4711 Ut
3161 4655 3285 4710 hinc
3312 4672 3520 4711 rursum
3548 4666 3724 4712 osten-

2135 4744 2229 4799 dat
2253 4744 2615 4798 omnimodam
2645 4747 3024 4814 aequalitatem.
3055 4745 3170 4800 Non
3209 4747 3351 4800 enim
3382 4747 3722 4801 imbecillita-

2142 4847 2266 4902 tem,
2297 4836 2388 4891 sed
2431 4851 2674 4904 magnam
2715 4837 2832 4907 ejus
2863 4839 3149 4906 potentiam
3183 4838 3398 4892 iudicat.
3427 4839 3556 4893 Nam
3596 4840 3720 4893 alibi

2142 4943 2354 4996 quoque
2380 4928 2447 4982 de
2471 4927 2626 4983 Patre
2649 4928 2780 4983 dicit
2808 4929 3002 4983 Paulus
3033 4946 3044 4982 :
3074 4927 3140 4983 Ut
3173 4947 3259 4997 per
3284 4931 3410 4984 duas
3441 4949 3519 4985 res
3547 4931 3726 4984 inuno-

2141 5018 2283 5083 biles,
2307 5019 2357 5072 in
2382 5017 2562 5080 quibus
2587 5020 2894 5088 impossibile
2922 5029 2993 5074 est
3022 5021 3216 5073 mentiri
3253 5019 3412 5074 Deum
3455 5021 3638 5092 (Hebr.
3669 5026 3723 5077 6.

2144 5106 2270 5179 i8);
2303 5116 2358 5162 et
2382 5124 2595 5162 rursum
2631 5126 2644 5163 :
2679 5109 2740 5163 Si
2785 5110 3148 5178 negaverimus,
3190 5111 3275 5164 ille
3311 5111 3476 5178 ﬁdelis
3520 5122 3729 5174 tttauel;

2145 5216 2328 5270 negare
2351 5200 2569 5268 seipsum
2600 5217 2699 5253 non
2729 5210 2889 5270 potest
2929 5198 3004 5270 (εὶ.
3038 5197 3167 5252 Tim.
3196 5199 3248 5252 2.
3289 5200 3398 5267 1:2).
3433 5201 3584 5264 Illud,
3613 5200 3726 5252 lm-

2147 5291 2383 5359 possibile
2419 5300 2513 5355 est,
2547 5307 2804 5360 nusquam
2852 5291 3265 5344 imbecillitatem
3311 5293 3592 5361 signiticat,
3634 5293 3726 5346 sed

2150 5383 2460 5452 potentiam,
2508 5391 2563 5436 et
2602 5383 2890 5451 potentiam
2923 5382 3263 5438 ineffabilem.
3297 5383 3407 5438 lloc
3435 5393 3614 5438 autem
3657 5385 3724 5438 si-

2147 5475 2362 5544 gniﬁcat
2392 5491 2406 5529 :
2439 5475 2525 5529 illa
2555 5475 2846 5529 substantia
2878 5489 2963 5530 res
2994 5475 3292 5542 huiusmodi
3332 5474 3504 5530 nullas
3533 5475 3726 5529 admit-

2151 5569 2228 5621 tit.
2274 5566 2734 5628 Ouemadmodum
2774 5569 2915 5623 enim
2947 5583 3067 5621 cum
3113 5568 3358 5630 dicimus,
3403 5568 3733 5636 impossibile

2152 5670 2234 5719 est
2261 5663 2425 5714 Deum
2455 5674 2697 5729 peciare,
2726 5674 2831 5714 non
2863 5659 3276 5714 imbecillitatem
3300 5661 3396 5728 ipsi
3423 5659 3728 5716 tribuimus.
