3984 6196
211 377 292 432 sed
336 369 656 427 inett‘abilem
703 365 986 438 quamdam
1041 364 1329 435 potentiam
1379 361 1768 416 testiﬁcantur:

208 473 275 522 sie
299 466 457 520 etiam
481 477 604 517 cum
629 460 760 516 dicit
791 462 927 531 ipse,
959 457 1079 514 Non
1111 473 1315 529 possunt
1340 473 1373 509 tt
1397 456 1586 525 meipso
1612 454 1780 524 [ncne

204 558 491 628 “aqua,
531 553 633 607 ltoc
660 551 764 608 sibi
791 551 904 606 vult
935 567 950 604 :
986 550 1213 605 Prorsus
1251 547 1579 617 impossibile
1619 555 1702 602 est
1727 556 1786 602 ttt

210 651 338 706 Patri
361 647 694 704 contrarium
742 644 1016 713 quidpiam
1067 641 1279 697 faciant.
1329 640 1397 696 Ut
1439 653 1569 695 vero
1608 638 1784 694 discas

208 741 320 795 illud
358 741 439 795 sic
485 735 887 807 intelligendum
917 748 1057 794 esse.
1090 731 1370 802 sequentia
1418 730 1779 798 explorantes,

205 834 469 886 videamus
508 845 579 885 an
608 827 918 893 nobiscum,
949 841 1016 878 an
1062 823 1338 878 vobiscmn
1385 820 1628 876 Christus
1656 835 1786 875 eon-

201 925 405 976 sentiat.
457 921 538 976 Tu
580 919 735 980 dicis,
783 916 983 972 dictqu
1025 913 1152 970 illud
1205 915 1495 984 potentiam
1541 912 1779 972 auferre.

202 1030 401 1067 necnon
453 1011 829 1065 auctoritatem
883 1007 982 1076 ipsi
1033 1014 1449 1075 competentcm,
1499 1005 1784 1074 ipsumque

201 1106 521 1159 imbecillum
560 1101 960 1170 comprobare:
992 1113 1092 1167 ego
1133 1107 1317 1152 contra
1365 1095 1504 1157 dico,
1559 1095 1642 1148 his
1687 1093 1786 1146 de-

199 1196 484 1252 monstrari
531 1194 913 1264 :equalitatem,
959 1189 1321 1246 omnimodam
1371 1187 1686 1256 paritatem,
1733 1193 1787 1238 et

197 1289 369 1342 ontnia
397 1303 468 1342 ea
513 1285 700 1340 eadem
730 1284 1005 1338 voluntate
1045 1289 1101 1335 et
1147 1279 1383 1350 potentia
1429 1277 1562 1331 ﬁeri.
1611 1275 1784 1345 Ipsum

199 1390 576 1447 pemtemur
594 1375 891 1437 Christum,
913 1382 968 1427 et
991 1359 1088 1442 per
1105 1385 1169 1426 ea
1198 1385 1317 1440 quae
1337 1379 1517 1440 postea
1543 1368 1788 1422 dicturus

197 1479 274 1523 est
302 1468 603 1530 videamus,
625 1482 694 1520 an
731 1463 1024 1520 secundum
1053 1470 1217 1526 tuam,
1255 1477 1322 1514 an
1362 1457 1652 1514 sectmdmn
1695 1473 1791 1510 no-

197 1572 355 1614 stram
375 1557 691 1628 opinionem
713 1554 852 1609 dicta
885 1554 1285 1620 interpretetur.
1313 1549 1451 1617 Quid
1472 1563 1602 1617 ergo
1625 1546 1789 1602 dicit?

199 1653 544 1718 vocemnque
572 1647 731 1701 Pater
759 1646 957 1715 fecerit,
986 1644 1094 1698 lucc
1122 1652 1167 1696 et
1195 1641 1242 1695 F
1245 1642 1362 1695 ilius
1386 1641 1620 1695 similiter
1645 1639 1790 1709 facit.

203 1744 385 1798 Viden'
425 1740 704 1807 quotnodo
727 1737 1047 1793 sententiam
1091 1746 1322 1789 ve5tram
1354 1732 1610 1787 radicitus
1636 1729 1789 1786 evel-

197 1836 288 1898 lat,
333 1844 692 1899 nostramque
739 1827 1066 1884 continuet?
1093 1825 1224 1880 Nam
1254 1826 1298 1880 si
1348 1840 1380 1878 a
1428 1823 1610 1893 seipse
1660 1822 1791 1877 nihil

198 1926 339 1987 facit.
376 1938 560 1993 neque
589 1922 748 1976 Pater
776 1935 807 1974 a
852 1920 1032 1988 seipse
1075 1916 1273 1986 aliquid
1323 1917 1504 1979 faciet,
1552 1915 1597 1969 si
1639 1929 1790 1984 quae-

194 2031 426 2085 cumque
449 2013 578 2068 facit
603 2012 765 2067 Pater
789 2019 841 2066 et
875 2011 986 2079 ipse
1032 2008 1208 2064 faciat.
1242 2007 1372 2062 Nam
1405 2025 1447 2062 st
1475 2021 1561 2062 res
1589 2023 1694 2061 non
1723 2007 1791 2059 ita

195 2117 358 2171 esset,
389 2105 538 2160 aliud
563 2103 855 2160 absurdum
881 2111 1214 2173 sequeretur.
1244 2100 1426 2169 Neque
1456 2101 1597 2156 enim
1637 2098 1790 2161 dixit,

195 2200 323 2264 Qua:
348 2199 489 2252 vidit
522 2196 730 2251 Patrem
763 2193 1066 2257 facientem,
1097 2193 1210 2246 hzec
1239 2191 1360 2246 tacut
1382 2207 1398 2256 ;
1424 2191 1544 2257 sed,
1572 2191 1688 2246 Nisi
1717 2190 1792 2244 ri-

197 2289 325 2340 ἐπὶ(
355 2285 572 2341 Patrem
599 2285 885 2355 facientem,
910 2298 1012 2337 non
1037 2282 1182 2349 facit,
1207 2297 1513 2336 sermonem
1539 2281 1604 2336 ad
1633 2295 1794 2334 omne

199 2392 420 2449 tempus
448 2378 739 2432 extendens
768 2393 782 2428 :
810 2375 1100 2430 secundum
1127 2389 1222 2428 vos
1241 2383 1418 2427 autem
1442 2371 1630 2428 eadem
1651 2386 1794 2426 sem-

200 2489 289 2541 per
336 2471 545 2524 discet.
578 2468 756 2522 Yiden'
785 2467 1064 2521 sententia:
1104 2465 1513 2528 sublimitatem,
1551 2473 1606 2517 et
1647 2461 1793 2516 verbi

200 2563 572 2616 bmuilitatem
603 2559 682 2613 vel
714 2558 1136 2628 iunpodeutiores
1155 2555 1222 2610 ad
1255 2555 1385 2610 illud
1413 2555 1609 2608 invitos
1634 2554 1794 2608 etiam

202 2655 561 2726 compellere,
604 2662 661 2706 nt
709 2671 739 2706 a
785 2651 880 2706 vili
929 2666 1113 2715 sensu,
1160 2650 1308 2720 quia
1354 2656 1496 2703 tanta
1539 2647 1798 2717 dignitate

204 2746 484 2808 alibnrret,
531 2743 772 2813 fugiant?
807 2741 940 2810 Quis
982 2741 1122 2795 enim
1149 2739 1286 2794 adeo
1322 2738 1487 2793 miser
1522 2746 1577 2793 et
1616 2737 1796 2792 infelix

209 2836 382 2900 fuerit,
419 2845 481 2888 nt
502 2835 647 2888 dicat
669 2833 862 2887 Filium
892 2831 1131 2900 quotidie
1154 2831 1240 2884 illa
1270 2816 1530 2892 ediscere,
1560 2843 1680 2898 qute
1719 2828 1797 2880 iac

206 2944 326 2981 rere
353 2927 612 2996 oportet?
650 2925 929 2991 Quomodo
972 2939 1160 2978 verum
1185 2923 1289 2978 erit
1333 2921 1462 2975 illud
1487 2938 1500 2972 :
1529 2920 1611 2974 Tn
1634 2929 1799 2972 autent

208 3021 332 3069 idem
358 3020 477 3085 ipse
498 3034 572 3080 es,
600 3027 648 3068 et
668 3016 793 3068 antri
819 3015 893 3068 tui
922 3031 1024 3068 tto»
1043 3015 1279 3080 deﬁcient
1307 3013 1478 3084 (Psal.
1509 3012 1632 3067 im.
1662 3010 1802 3080 28)?

207 3109 504 3177 qimstaodo,
543 3107 730 3160 Omtu'u
762 3124 850 3176 per
889 3107 1052 3173 ipsum
1093 3109 1229 3176 facta
1270 3116 1404 3168 sunt,
1448 3113 1496 3158 et
1536 3106 1646 3157 sine
1690 3105 1804 3175 ipso

208 3206 401 3269 factum
428 3210 506 3253 est
533 3201 683 3261 nihil,
714 3201 762 3252 si
793 3199 880 3252 illa
907 3215 1025 3266 qua-
1058 3199 1214 3253 l’atcr
1249 3197 1394 3262 facit,
1426 3198 1538 3250 hate
1579 3197 1691 3267 ipse
1721 3198 1801 3251 vi-

206 3293 339 3346 dens
383 3291 665 3345 imitatur?
707 3289 872 3345 Vides
895 3288 1165 3359 quomodo
1192 3297 1248 3344 et
1275 3303 1342 3343 ex
1388 3289 1453 3342 iis
1481 3304 1601 3357 qua:
1641 3303 1802 3357 supra

204 3384 342 3436 dit-ta
373 3391 528 3445 simi,
561 3391 614 3436 et
642 3397 711 3436 ex
740 3383 804 3435 iis
829 3396 949 3450 qua:
976 3391 1156 3450 postea
1175 3380 1437 3444 dicentur,
1469 3381 1586 3448 ejus
1614 3390 1801 3434 aucto-

207 3479 334 3532 n'tas
370 3475 816 3531 demonstretur?
854 3473 1005 3541 Quod
1047 3474 1091 3528 si
1122 3474 1372 3529 humilius
1407 3473 1647 3544 quadam
1675 3489 1803 3543 pro-

207 3570 363 3632 terat,
390 3583 464 3621 ne
485 3567 719 3621 mireris.
744 3567 875 3634 Quia
896 3567 1038 3620 enim
1069 3565 1466 3620 sublimioribus
1485 3565 1800 3636 quihusdam

209 3658 432 3719 auditis,
480 3657 938 3726 persequebantur
982 3673 1127 3720 eum,
1174 3665 1230 3711 et
1285 3656 1393 3711 Deo
1436 3656 1802 3710 adversarium

209 3766 330 3803 sse
359 3748 644 3817 putabant,
671 3749 828 3815 paulo
858 3749 1140 3803 demissius
1174 3747 1456 3802 verborum
1481 3757 1684 3800 tantum
1719 3757 1801 3802 te-

211 3857 303 3892 nus
338 3841 622 3909 loquutus,
663 3839 730 3892 ad
760 3839 1067 3892 sublimiora
1105 3853 1290 3892 rurss
1315 3837 1577 3901 evehitur,
1608 3837 1803 3892 deinde

207 3936 269 3985 ad
300 3933 530 3986 humilia
557 3932 795 3986 deﬂectit
827 3948 841 3984 :
873 3932 948 3986 sic
973 3931 1268 3986 doctrinam
1305 3931 1540 3992 varians,
1579 3941 1636 3984 ut
1669 3929 1801 3985 faci-

209 4026 309 4077 lius
327 4026 416 4078 vel
433 4023 506 4078 ab
531 4023 786 4091 improbis
805 4023 1130 4076 admittatur.
1155 4021 1554 4084 Animadverte,
1577 4035 1794 4090 quaeso:

207 4127 498 4184 [saeptam
525 4114 756 4177 dixerat,
787 4113 939 4168 Pater
964 4131 1102 4168 mens
1125 4125 1384 4182 operatur,
1408 4124 1459 4168 et
1482 4131 1573 4186 ego
1599 4131 1802 4184 operor,

206 4217 258 4259 et
286 4222 349 4260 se
395 4205 515 4259 Deo
558 4206 814 4273 aqualem
863 4203 1193 4266 ostenderat,
1247 4220 1430 4258 rursus
1470 4205 1646 4259 dicit:
1682 4202 1807 4258 Non

207 4308 370 4366 potat
405 4295 581 4350 Filius
608 4314 638 4346 a
667 4297 832 4363 seipse
863 4299 1028 4366 facere
1055 4297 1346 4364 quidquam.
1380 4297 1478 4350 nisi
1503 4296 1644 4366 quod
1668 4297 1808 4350 vitle-

205 4392 270 4442 rit
303 4388 522 4442 Putrem
552 4388 836 4457 facientem.
873 4386 1069 4440 Deinde
1099 4386 1256 4440 altius
1295 4404 1311 4440 :
1350 4385 1688 4457 Quacumque
1726 4389 1803 4456 fe-

203 4481 329 4533 cerit
370 4481 489 4543 ille,
541 4480 650 4532 hac
698 4488 744 4532 et
799 4475 844 4530 Ρ
843 4479 960 4531 ilius
1005 4478 1235 4530 similiter
1277 4477 1435 4548 facit;
1486 4491 1804 4546 rursumque

205 4573 477 4627 humilius
502 4588 517 4625 :
548 4570 641 4626 ΞΟ.
689 4568 845 4622 Pater
870 4568 1037 4639 diligit
1077 4566 1292 4632 Filiam,
1325 4578 1371 4621 et
1400 4568 1568 4621 omnia
1597 4567 1808 4621 demon-

203 4673 334 4717 δῖνα
359 4663 414 4716 εἰ
462 4676 579 4727 φα
604 4661 712 4729 ipse
737 4659 858 4724 facit
891 4674 910 4712 .'
937 4669 984 4711 et
1015 4659 1212 4721 maiora
1251 4657 1334 4710 Iris
1363 4655 1725 4710 demonstrabit
1760 4657 1805 4710 ei

204 4771 387 4820 opera.
445 4745 690 4803 Vidistin'
731 4758 937 4803 bonum
979 4747 1521 4803 bumilitatem?1ure
1561 4748 1801 4817 quidem.

206 4842 338 4894 Nam
369 4840 522 4911 quod
547 4840 657 4908 jam
681 4839 811 4899 disi,
840 4837 1112 4892 necﬁuem
1129 4837 1341 4892 dicendi
1365 4838 1571 4895 faciant.
1597 4837 1648 4889 id
1665 4851 1805 4890 nunc

205 4947 480 4998 tricena.
514 4930 739 4998 Quando
767 4929 962 4997 aliquid
992 4928 1282 4983 demissum
1312 4927 1440 4982 dicit
1489 4936 1544 4981 et
1583 4926 1802 4991 humile,

206 5025 256 5074 id
283 5039 420 5077 cn.
455 5021 750 5093 hyperbole
781 5019 1003 5089 proiert,
1036 5028 1094 5073 ut
1123 5018 1206 5074 vel
1235 5019 1493 5088 improbis
1519 5018 1801 5072 verborum

203 5119 390 5168 urnas
420 5113 662 5176 suadeat,
695 5121 752 5164 ut
792 5112 877 5180 pia
916 5121 1098 5166 ruente
1137 5124 1294 5164 sensa
1333 5107 1647 5178 percipiant.
1691 5106 1800 5162 Nisi

199 5213 352 5260 enim
375 5207 486 5261 hoc
511 5214 676 5271 esset,
701 5205 877 5274 cogita
906 5220 1064 5272 quam
1085 5202 1372 5257 absurdum
1405 5213 1548 5258 esset
1575 5203 1629 5255 id
1661 5201 1801 5270 quod

197 5302 433 5360 dicitur.
474 5296 613 5366 quod
670 5296 834 5350 verba
877 5295 1204 5365 explorando
1252 5295 1536 5365 percipies.
1580 5293 1802 5362 Quando

199 5394 358 5446 anim
383 5391 541 5455 dicit,
573 5389 778 5462 lojora
821 5390 903 5443 Itis
945 5390 1172 5444 ostendet
1208 5391 1256 5442 ei
1297 5405 1469 5458 opera,
1503 5387 1803 5442 invenietur

197 5482 380 5536 multa
411 5481 650 5535 nondum
677 5479 931 5535 didicisse
970 5498 982 5533 :
1014 5478 1156 5549 quod
1187 5492 1258 5534 ne
1283 5477 1352 5534 de
1388 5478 1648 5548 apostolis
1676 5477 1801 5546 qui-

194 5571 332 5623 dem
360 5572 670 5627 dicendum.
711 5570 844 5625 Nam
884 5586 1002 5625 cum
1034 5570 1261 5641 Spiritus
1304 5569 1525 5639 gratiam
1554 5567 1797 5636 accepis-

195 5674 357 5726 sent.
385 5663 667 5717 cmitettim
707 5664 884 5715 omnia
939 5672 1222 5727 noverunt,
1263 5661 1442 5714 omnia
1487 5667 1792 5728 potuerunt,

1087 251 1152 308 IN
1189 249 1500 308 JOANNEM
1544 248 1773 306 IIOilll..
1821 247 2106 305 XXXVIII.
2147 253 2218 305 al.
2262 250 2524 308 XXXV".

3367 260 3478 316 218

1895 376 2012 430 qua:
2051 362 2196 431 ipsos
2238 372 2293 416 et
2343 364 2482 418 scire
2524 373 2578 419 et
2627 378 2783 434 posse
2810 365 3124 435 oportebat;
3166 367 3250 422 Itic
3296 381 3477 426 autem

1890 451 2053 505 tnulta
2081 453 2216 507 scitu
2262 455 2563 508 necessaria
2604 454 2842 509 nondum
2879 455 3132 512 didicisse
3171 458 3476 528 deprehen-

1887 544 2046 599 detur
2078 561 2092 599 :
2124 559 2231 614 quo
2267 545 2393 614 quid
2437 545 2721 601 absurdius
2763 562 2884 602 esse
2925 548 3124 616 queat?
3168 549 3305 616 Quid
3347 567 3481 621 ergo

1887 634 1987 688 sibi
2037 635 2148 688 vult
2183 636 2382 690 dictum
2435 636 2600 690 illud?
2642 636 2776 702 Quia
2820 639 3114 710 paralytico
3150 643 3229 696 sic
3261 653 3473 709 curato,

1888 737 2156 780 mortuum
2185 729 2536 782 suscitaturus
2565 737 2714 790 erat;
2747 728 2869 783 ideo
2891 729 2969 783 sic
3000 729 3251 800 loquutus
3276 741 3379 797 est,
3411 747 3478 786 ac

1889 819 1931 873 si
1974 819 2221 873 diceret:
2254 819 2517 874 Miramini
2563 835 2650 874 me
2695 820 3041 891 paralyticum
3094 824 3352 877 sanasse?
3390 825 3481 878 bis

1889 911 2088 978 majora
2119 909 2381 965 videbitis.
2415 911 2597 981 Neque
2641 921 2820 968 tamen
2852 913 2921 966 ita
2955 913 3206 983 loquutus
3234 924 3334 978 est,
3379 915 3478 970 sed
3516 950 3530 965 .

1887 1001 2174 1056 humiliore
2202 1018 2332 1057 usus
2352 1012 2436 1058 est
2459 1018 2730 1067 sermone,
2755 1013 2810 1057 ut
2832 1004 3042 1058 illorum
3071 1005 3302 1059 lumrem
3325 1021 3475 1060 cout-

1890 1094 2188 1163 pesceret'.
2227 1091 2297 1149 Ut
2342 1109 2470 1148 vero
2518 1094 2694 1149 discas
2747 1095 2897 1156 illud,
2935 1094 3332 1162 Demonstrabit,
3369 1113 3475 1151 non

1954 1185 2104 1254 oprie
2144 1184 2347 1238 dictum
2399 1199 2539 1249 esse,
2577 1185 2702 1240 audi
2745 1200 2806 1240 ea
2854 1201 2973 1256 qua:
3019 1199 3334 1257 sequuntur.
3381 1189 3474 1243 ει.

1893 1272 2038 1328 Sicut
2063 1276 2196 1328 enim
2223 1272 2376 1327 Pater
2403 1276 2609 1329 suscitat
2632 1286 2856 1329 mortuos
2879 1285 2925 1329 et
2953 1277 3188 1344 rioiﬁcat,
3210 1279 3283 1332 sic
3311 1289 3358 1332 et
3387 1278 3478 1332 Fi-

1893 1365 1991 1418 lius
2037 1383 2161 1433 quos
2203 1365 2304 1419 vult
2347 1367 2588 1434 tiuiﬁmt.
2634 1369 2793 1437 Atqui
2841 1367 2993 1432 illud,
3049 1368 3196 1424 Nihil
3244 1379 3403 1439 potest
3446 1389 3477 1422 ιι

1891 1457 2157 1524 semetipso
2187 1456 2372 1525 facere,
2402 1458 2729 1512 contrarium
2757 1468 2841 1514 est
2871 1459 2944 1511 illi
2973 1457 3136 1522 dicto,
3174 1459 3312 1526 Quos
3350 1462 3479 1515 vult.

1893 1546 1946 1601 Si
1975 1548 2116 1600 enim
2147 1563 2278 1614 quos
2299 1550 2412 1601 vult
2435 1547 2685 1611 viviticat,
2713 1563 2742 1601 a
2764 1548 3056 1617 semetipso
3077 1549 3276 1617 aliquid
3302 1549 3483 1604 facere

1897 1650 2070 1708 potest
2101 1641 2259 1709 (velle
2283 1640 2425 1694 enim
2461 1642 2736 1708 potestatis
2774 1640 2888 1708 cst)
2925 1659 2938 1695 :
2985 1639 3124 1706 quod
3155 1639 3201 1697 si
3245 1657 3349 1694 non
3383 1657 3480 1709 po-

1897 1739 1999 1784 test
2027 1746 2054 1782 a
2087 1732 2285 1798 seipse.
2313 1729 2424 1798 jam
2455 1745 2558 1782 non
2587 1743 2722 1798 quos
2744 1729 2853 1781 vult
2883 1727 3131 1782 viviﬁcat.
3156 1728 3286 1784 Illud
3313 1732 3481 1798 etaim,

1896 1822 2044 1876 Sicut
2079 1820 2232 1874 Pater
2251 1823 2480 1881 suscitat.
2513 1822 2771 1891 aequalem
2801 1822 2990 1890 probat
3016 1823 3300 1888 virtutem;
3327 1825 3480 1877 illud-

1895 1929 2019 1983 que.
2066 1915 2204 1980 Quos
2246 1915 2370 1980 vult,
2421 1918 2696 1985 potestatis
2739 1917 3042 1984 paritatem.
3099 1917 3281 1972 Viden‘
3329 1919 3478 1982 illml,

1899 2005 2021 2061 Non
2055 2019 2212 2075 potest
2240 2025 2272 2060 α
2309 2009 2473 2078 seipse
2511 2009 2697 2078 facere,
2747 2019 3062 2078 potestatem
3113 2026 3218 2066 non
3269 2013 3477 2076 tollere,

1897 2101 1988 2154 ενι]
2022 2117 2202 2170 parum
2233 2103 2519 2170 potentiam
2558 2112 2613 2157 et
2653 2103 2976 2158 voluntatem
3014 2104 3355 2173 signiﬁcare?
3391 2105 3485 2158 Sic

1899 2196 2160 2265 intelligas
2193 2194 2342 2262 illud,
2392 2193 2766 2249 Demonstrabit
2795 2196 2860 2249 ei.
2907 2195 3119 2250 Etenim
3161 2196 3286 2250 alibi
3327 2195 3482 2259 dicit,

1898 2287 2011 2358 Ego
2038 2289 2344 2341 resuscitabo
2387 2304 2500 2341 eum
2542 2289 2593 2340 in
2625 2288 2893 2342 novissimo
2922 2287 3004 2340 die
3033 2287 3214 2355 (Joan.
3263 2288 3318 2342 li.
3359 2289 3475 2355 59).

1899 2381 1976 2434 Ac
2003 2393 2235 2442 t’ttt’Sllltl,
2262 2379 2551 2432 ostendens
2576 2393 2634 2432 se
2659 2378 2761 2431 vim
2783 2377 3036 2446 operandi
3059 2393 3162 2431 non
3185 2380 3478 2446 accepisse,

1901 2468 2014 2539 Ego
2037 2486 2168 2532 sum,
2226 2469 2415 2538 inquit,
2461 2469 2760 2522 resurrectio
2804 2479 2853 2522 et
2883 2471 2982 2522 rita
3016 2468 3196 2540 (Joan.
3250 2471 3334 2523 ll.
3363 2469 3485 2537 25).

1903 2559 2104 2614 Deinde
2139 2575 2205 2614 ne
2229 2561 2379 2615 dicas
2409 2561 2579 2628 ipsum
2611 2575 2746 2629 quos
2786 2560 2894 2612 vult
2938 2570 3176 2614 mortuos
3223 2561 3489 2614 sust-itare

1899 2664 1954 2710 ct
1987 2653 2273 2715 viviticare,
2317 2653 2411 2707 sed
2458 2654 2560 2708 alia
2605 2669 2710 2706 nou
2757 2652 2975 2721 perinde
3023 2653 3220 2714 facere,
3263 2664 3313 2707 et
3348 2653 3484 2708 hanc

1901 2746 2256 2814 objectionem
2286 2743 2559 2815 depellere
2588 2753 2815 2814 occupat
2845 2743 2927 2798 bis
2956 2744 3132 2800 verbis
3167 2763 3181 2799 :
3217 2744 3487 2812 Quacum-

1901 2852 1997 2905 que
2024 2837 2113 2889 ille
2137 2835 2331 2904 fecerit,
2360 2835 2467 2888 Ita'e
2495 2844 2542 2888 et
2571 2833 2736 2888 Filius
2760 2835 2992 2888 similiter
3019 2836 3180 2906 facit;
3205 2835 3486 2890 declarans

1903 2941 1960 2980 Se
2005 2926 2180 2979 omnia
2229 2941 2350 2993 qua:
2398 2925 2485 2979 ille
2530 2924 2655 2979 facit
2697 2925 2946 2979 similiter
2987 2925 3198 2988 facere;
3246 2935 3494 2980 mortu-s

1904 3032 2096 3085 nempe
2139 3017 2422 3080 suscicire,
2463 3030 2687 3084 corpora
2737 3015 2992 3080 loriuare,
3047 3025 3264 3085 peccata
3297 3018 3490 3072 remi:-

1907 3117 2040 3172 ιντο,
2071 3117 2123 3160 et
2155 3105 2363 3176 quidvis
2391 3105 2554 3168 aliud,
2587 3105 2806 3176 perinde
2831 3115 2992 3176 atque
3020 3107 3178 3162 Pater
3208 3118 3485 3177 operatur,

1906 3199 2102 3253 facere.

1976 3290 2027 3344 5.
2063 3288 2254 3342 Verum
2299 3287 2383 3342 his
2429 3288 2664 3342 animum
2694 3303 2800 3342 non
2827 3287 3082 3342 adhibent
3127 3289 3160 3343 ii
3205 3288 3295 3358 qui
3335 3304 3492 3342 suam

1906 3382 2178 3451 negliguut
2208 3381 2432 3435 salutem
2468 3400 2480 3434 :
2517 3391 2719 3434 tantum
2761 3382 2956 3434 malum
2987 3390 3091 3446 est,
3116 3381 3488 3450 przecellentia:

1905 3491 2072 3530 amor.
2107 3475 2217 3530 Hoc
2247 3473 2479 3528 haereses
2507 3475 2732 3544 peperit,
2776 3473 2875 3527 hoc
2917 3475 3192 3544 gentilium
3231 3473 3491 3543 impieta-

1908 3577 2013 3622 tem
2043 3568 2293 3622 lirmavit.
2323 3566 2462 3621 Deus
2488 3565 2702 3634 quidem
2725 3565 2938 3618 volebat
2960 3564 3243 3618 invisibilia
3271 3579 3365 3617 sua
3391 3580 3492 3633 per

1907 3659 2086 3712 mundi
2127 3658 2452 3714 creationem
2496 3656 2717 3726 intelligi
2749 3675 2763 3712 :
2796 3655 2872 3709 illi
2899 3669 3027 3710 vero
3058 3655 3142 3708 bis
3169 3656 3402 3716 omissis,
3435 3665 3489 3706 et

1908 3755 2044 3808 Itauc
2081 3754 2432 3823 dedignantes
2474 3740 2793 3812 doctrinam,
2823 3748 3043 3801 alteram
3089 3747 3190 3800 sibi
3233 3762 3490 3816 paravere

1907 3847 2044 3900 tiam
2072 3861 2085 3904 :
2117 3853 2440 3914 quapropter
2468 3857 2500 3896 a
2531 3856 2655 3895 vera
2683 3841 2766 3894 via
2796 3840 3130 3893 aberrarunt.
3158 3837 3282 3891 Ideo
3319 3837 3487 3891 Jutlzui

1909 3955 2012 3992 non
2045 3937 2403 3993 crediderunt.
2437 3934 2621 4003 gloria:
2651 3933 2894 3984 bumana‘
2923 3931 3096 3999 cupidi
3122 3947 3136 3995 ;
3166 3931 3309 3984 illam
3338 3947 3490 3992 vero,

1906 4045 2024 4099 qua).
2053 4045 2080 4081 a
2112 4028 2222 4082 Deo
2250 4035 2351 4088 est,
2382 4026 2603 4094 gloriam
2637 4039 2742 4076 non
2772 4033 3095 4090 quzrrentes.

1979 4121 2159 4175 Inanis
2182 4119 2346 4190 gloria
2375 4115 2637 4188 fugienda.
2661 4144 2732 4154 —
2759 4114 2947 4166 Verum
2977 4127 3094 4175 nos,
3117 4109 3318 4175 dilecti,
3347 4109 3490 4163 hunc

1908 4214 2151 4267 morbum
2183 4210 2328 4264 omni
2373 4207 2552 4261 studio
2591 4215 2642 4261 ct
2696 4204 2968 4274 diligentia
3013 4203 3294 4273 fugiamus.
3343 4202 3489 4257 Licet

1908 4306 2049 4358 enim
2090 4305 2370 4357 innumera
2395 4299 2561 4368 probe
2601 4297 2945 4367 gesserimus,
2975 4297 3090 4349 ha'c
3130 4295 3308 4348 omnia
3341 4309 3490 4347 vanze

1907 4399 2091 4469 gloria:
2113 4395 2375 4467 pernicies
2399 4389 2756 4447 labefactabit.
2783 4389 2838 4443 Si
2868 4404 2996 4458 ergo
3021 4389 3085 4440 ad
3108 4387 3294 4442 laudes
3323 4387 3492 4456 resp?-

1909 4491 2130 4549 ciamus,
2157 4488 2274 4542 illas
2312 4497 2616 4556 quaeramus
2653 4497 2774 4552 qua:
2798 4496 2827 4534 a
2861 4482 2969 4536 Deo
2996 4490 3141 4534 sunt.
3173 4480 3315 4535 Laus
3343 4479 3490 4534 enim

1910 4582 2208 4642 hominum,
2237 4577 2640 4648 qualiscumque
2669 4572 2854 4639 fuerit,
2880 4573 3058 4626 statim
3084 4581 3244 4640 atque
3268 4581 3492 4640 apparet

1909 4673 2197 4730 evanescit.
2231 4671 2338 4725 Etsi
2365 4679 2542 4724 autem
2586 4683 2689 4722 non
2739 4668 2956 4736 periret,
3006 4664 3136 4719 nihil
3162 4673 3311 4718 certe
3357 4663 3496 4716 lucri

1911 4761 2064 4820 nobis
2093 4764 2328 4826 am-rret,
2355 4771 2408 4817 et
2431 4776 2495 4815 cx
2522 4769 2780 4829 corrupto
2823 4774 2965 4828 sepe
2989 4757 3192 4826 judicio
3221 4757 3487 4825 provenit.

1908 4855 2043 4923 Quid
2087 4853 2230 4909 enim
2282 4863 2386 4906 tam
2424 4849 2740 4904 admirabile
2786 4849 3012 4902 lnnnana
3061 4846 3227 4914 gloria
3274 4845 3492 4910 halietn,

1910 4961 2010 5016 qua
2044 4945 2290 4999 fruuntur
2330 4952 2384 4998 et
2408 4943 2664 4996 saltantes
2687 4941 2934 5008 juvenes,
2962 4949 3016 4993 et
3044 4939 3329 5009 impudica:
3359 4954 3485 4992 mu—

1910 5037 2090 5100 lieres,
2134 5043 2188 5089 et
2216 5035 2358 5088 avari
2407 5047 2570 5102 atque
2616 5031 2894 5100 raptores?
2938 5030 3037 5096 Qui
3083 5040 3267 5085 autem
3309 5046 3338 5083 a
3383 5030 3497 5083 Deo

1911 5127 2182 5193 laudatur,
2205 5142 2311 5180 non
2349 5140 2470 5180 cum
2501 5124 2604 5186 bis,
2631 5122 2724 5176 sed
2749 5138 2871 5175 cum
2901 5122 3100 5175 sanctis
3129 5121 3233 5175 illis
3254 5120 3488 5174 admira-

1911 5219 2039 5272 tioni
2065 5217 2311 5277 habetur,
2343 5230 2464 5270 eum
2490 5213 2762 5282 prophetis
2792 5226 2984 5282 nempe
3013 5221 3067 5266 et
3092 5210 3367 5280 apostolis,
3399 5211 3496 5280 qui

1907 5311 2200 5380 angelicam
2242 5309 2442 5363 duvere
2494 5309 2675 5361 vitam.
2717 5306 2870 5372 Quod
2920 5309 2963 5360 si
3011 5305 3219 5360 turbam
3256 5306 3490 5360 circum-

1908 5400 2104 5456 ducere
2132 5409 2186 5454 et
2211 5399 2408 5468 suspici
2438 5407 2705 5467 eruamus,
2729 5397 2858 5450 illud
2881 5396 3006 5466 quid
3029 5398 3096 5451 sit
3121 5395 3490 5467 exploremus,

1907 5505 1972 5546 ac
1999 5491 2194 5548 nullius
2223 5491 2374 5559 pretii
2403 5504 2524 5544 esse
2547 5487 3034 5556 deprehendemus.
3073 5486 3189 5541 Uno
3218 5485 3406 5554 verba,
3439 5486 3492 5542 si

1972 5669 1988 5700 ³
2024 5666 2114 5716 Alli
2137 5664 2325 5728 legum,
2367 5673 2578 5719 curaret.
2602 5680 2703 5728 pro.
2727 5673 3056 5724 (enimsales.
