4070 6214
488 249 593 305 ‘2l9

493 361 698 416 turbam
727 379 894 428 antas,
937 365 1249 434 angelorum
1298 361 1689 416 multitudinem
1721 359 1812 412 tibi
1838 357 2069 420 attrahe,

490 461 546 506 et
575 453 911 508 dzrmonibus
935 454 1186 508 terribilis
1212 462 1350 515 esto,
1383 463 1434 505 et
1455 453 1532 506 sic
1564 450 1837 505 hominum
1877 449 2075 503 nullam

494 541 713 597 habebis
747 542 1044 606 rationem;
1093 542 1186 596 sed
1233 542 1410 597 omnia
1454 542 1613 600 etiam
1643 556 1762 610 qua:
1801 536 2075 605 splendida

493 634 764 701 videntur,
814 636 884 689 ita
933 635 1166 689 calcabis
1208 645 1266 688 ttt
1315 649 1528 689 omnum
1575 641 1734 701 atque
1779 631 1945 684 lutum
1980 648 1994 683 :
2024 638 2079 682 et

494 737 618 780 tunc
647 727 794 782 clare
840 727 1050 782 videbis
1099 726 1230 780 nihil
1277 726 1508 778 animam
1543 725 1611 776 ita
1663 723 1971 789 deturpare,
2019 729 2079 773 ut

489 819 673 886 gloria:
702 834 963 873 amorem.
996 817 1111 872 Non
1161 826 1333 886 potest
1356 817 1518 878 enim,
1556 829 1658 866 non
1691 822 1864 882 potest
1897 813 2078 880 utique

468 926 643 965 .vanze
671 912 854 978 gloria:
883 921 1091 965 amator
1119 911 1279 963 vitam
1323 909 1560 963 cruciatu
1597 907 1802 975 plenam
1832 919 1938 959 non
1968 904 2077 957 du-

491 1017 616 1055 cere
636 1003 652 1032 ί
679 1020 693 1065 ;
723 1004 854 1055 sicut
885 1004 1044 1057 etiam
1072 1001 1159 1069 qui
1191 1000 1333 1052 illam
1361 999 1552 1061 calcat,
1587 1013 1691 1049 non
1738 1003 1913 1064 potest
1955 995 2077 1047 vitia

492 1091 656 1144 tnnlta
687 1107 790 1146 non
835 1091 1166 1146 conculcare.
1203 1088 1333 1142 Nam
1362 1087 1451 1157 qui
1493 1101 1682 1138 vanam
1716 1085 1940 1154 gloriam
1981 1098 2079 1136 su-

493 1184 716 1251 peravit,
749 1183 1018 1246 invidiam,
1071 1180 1411 1250 pecuniarum
1451 1192 1710 1241 amorem,
1750 1184 2079 1243 canorosque

492 1275 834 1341 gravissimos
862 1273 1077 1326 morbos
1115 1271 1424 1324 devicturus
1450 1279 1550 1322 est.
1577 1268 1643 1321 Et
1679 1269 1965 1336 quomodo,
1997 1265 2080 1317 in-

491 1364 663 1432 quies,
711 1364 853 1418 illam
887 1362 1295 1432 superabimns?
1329 1360 1383 1416 Si
1427 1360 1583 1413 aliam
1631 1367 1932 1426 spectemus
1961 1357 2078 1426 glo-

494 1455 653 1519 riam;
679 1453 778 1508 hoc
806 1463 887 1507 est
912 1455 1201 1517 caelestem,
1235 1469 1262 1505 a
1293 1468 1393 1522 qua
1423 1466 1520 1504 nos
1553 1450 1666 1504 haec
1695 1449 1890 1511 ejicere
1918 1463 2079 1501 cona-

495 1556 598 1599 tur.
627 1545 719 1599 llla
757 1546 899 1600 enim
940 1561 1038 1600 nos
1079 1554 1133 1599 et
1166 1545 1215 1597 in
1253 1543 1351 1597 hac
1393 1542 1498 1595 vita
1536 1539 1854 1608 con5picuos
1893 1537 2074 1600 efficit,

493 1650 544 1692 et
571 1639 635 1692 ad
659 1639 888 1692 futuram
915 1638 1073 1691 vitam
1105 1637 1381 1691 nobiseum
1411 1634 1599 1702 pergit,
1639 1641 1798 1700 atque
1838 1629 1904 1684 ab
1931 1629 2077 1682 Omni

492 1731 746 1782 Servitute
775 1728 972 1782 carnali
1007 1743 1104 1781 nos
1139 1726 1346 1780 liberat.
1382 1723 1540 1778 Carni
1572 1723 1764 1776 misere
1791 1735 1933 1774 nunc
1960 1735 2077 1772 ser-

496 1821 686 1879 viums,
719 1827 873 1873 terra:
907 1819 1235 1886 terrenisque
1257 1816 1416 1870 rebus
1442 1813 1659 1867 addicti.
1683 1811 1805 1866 Sive
1833 1812 1882 1864 in
1906 1810 2076 1862 forum

495 1921 546 1966 te
575 1909 838 1974 conferas,
875 1910 986 1964 sive
1020 1909 1234 1963 donnun
1267 1909 1448 1970 intres,
1485 1905 1597 1960 sive
1638 1905 1769 1967 vias,
1799 1902 2074 1964 stationes,

556 2086 571 2116 ί
609 2092 749 2133 Juxta
775 2083 918 2132 Savil.
945 2082 1211 2144 legendum
1236 2086 1315 2128 est
1342 2086 1478 2144 :_.\'on
1516 2082 1666 2137 potest
1686 2073 1913 2144 _ei_t_iut....
1941 2083 2077 2140 value

488 2131 663 2210 glorias
671 2131 855 2210 uitiator
871 2131 1318 2204 vitani’crm'iiia'am
1341 2131 1538 2198 ducere,
1562 2139 1696 2200 quasi
1721 2136 1986 2193 diceretur,
2013 2131 2080 2181 ri-

493 2206 591 2258 tum
615 2206 940 2257 christianum.

963 2332 1218 2341 ——

1163 248 1218 304 S.
1258 249 1534 305 JOANMS
1560 244 2034 302 CIlll\'SOSTO.\l|
2075 246 2388 301 AllCHlEP.
2430 246 2962 306 CONSTANTINOP.

1226 2312 2636 2337 Μ

3659 254 3764 306 920

2182 357 2479 413 diversoria
2517 360 2844 431 frequentes,
2875 362 2919 416 si
2954 359 3129 415 navim
3152 362 3501 427 conscendas,
3532 365 3758 418 insulam

2183 447 2348 503 adeas
2377 450 2458 504 vel
2485 451 2659 518 regias
2676 451 2838 516 aedes,
2861 452 2906 506 si
2931 451 3183 521 judiciale
3208 450 3382 506 forum
3413 452 3494 505 vel
3519 463 3760 507 senatum

2181 538 2364 604 adeas,
2397 541 2732 596 smenlarium
2777 541 2971 612 ubique
3008 558 3187 597 rerum
3221 541 3626 597 sollicitudinem
3664 553 3764 597 ob-

2181 631 2445 695 servabis,
2471 631 2814 702 singulosque
2845 633 2928 686 his
2955 633 3010 687 in
3035 633 3197 688 rebus
3224 633 3546 695 laborantes,
3573 632 3763 687 abeun-

2184 731 2286 786 tes,
2315 731 2615 786 manentes,
2643 724 2967 790 navigantes,
2999 723 3278 794 agricolas,
3310 737 3404 777 eos
3430 722 3519 790 qui
3539 723 3589 775 in
3610 738 3759 789 agro,

2183 825 2276 865 eos
2299 813 2388 880 qui
2433 812 2485 866 in
2521 813 2654 866 urbe
2697 813 2957 878 habitant,
3000 828 3106 866 uno
3149 812 3336 877 verbo,
3378 825 3586 865 omnes.
3633 811 3762 879 Quae

2185 901 2337 955 nobis
2361 917 2486 970 spes
2508 902 2693 956 salutis
2714 904 2836 965 erit,
2864 903 3076 972 quando
3105 904 3197 958 Dei
3224 913 3418 956 terram
3447 903 3760 967 incolentes,

2186 993 2314 1046 nihil
2355 1008 2417 1045 ea
2448 1008 2566 1061 qua:
2601 993 2690 1046 Dei
2734 1002 2860 1046 sunt
2883 1007 3152 1051 curamus.
3202 992 3296 1045 sed
3328 1007 3448 1046 cum
3483 992 3764 1060 jubeanmr

2186 1083 2271 1135 uie
2301 1083 2561 1152 peregrini
2583 1097 2726 1147 esse,
2751 1083 3016 1152 peregrini
3049 1087 3099 1136 in
3124 1083 3257 1136 eat-lo
3277 1097 3479 1144 sumus,
3510 1092 3563 1135 et
3585 1085 3763 1137 mundi

2184 1175 2366 1228 cives?
2407 1174 2540 1240 Quid
2584 1174 2681 1228 hac
2708 1174 3011 1240 Stupiditate
3035 1173 3310 1228 deterius?
3342 1172 3592 1237 Quotidie
3617 1171 3762 1242 judi-

2185 1265 2324 1318 cium
2354 1273 2409 1320 et
2439 1281 2656 1334 regnum
2685 1265 2952 1330 audimus,
2982 1274 3034 1318 et
3070 1280 3164 1318 eos
3193 1264 3281 1333 qui
3320 1264 3370 1317 in
3423 1264 3612 1318 diebus
3651 1264 3708 1318 Ν·
3731 1281 3764 1319 e

2185 1367 2337 1411 erant
2384 1371 2593 1411 necnon
2631 1356 2934 1411 Sodomitas
2982 1356 3268 1416 imitamur,
3317 1363 3371 1409 et
3398 1356 3764 1424 experimento

2184 1449 2362 1503 omnia
2400 1447 2642 1503 ediscere
2666 1447 2930 1500 Volumus.
2963 1447 3116 1516 Atqui
3147 1444 3265 1498 ideo
3304 1440 3593 1498 illa’omnia
3635 1445 3766 1499 scri-

2185 1552 2272 1610 pla
2304 1547 2450 1606 sunt,
2478 1547 2537 1591 ut
2561 1537 2606 1592 si
2632 1537 2751 1607 quis
2781 1537 2952 1590 futura
2997 1549 3100 1588 non
3145 1533 3344 1597 credat,
3379 1548 3442 1588 es
3482 1534 3765 1604 prmtrrilis

2184 1633 2386 1686 claram
2413 1630 2638 1699 accipiat
2679 1629 2973 1682 futurorum
3021 1625 3282 1679 notitiam.
3328 1624 3451 1678 Haec
3480 1625 3654 1692 itaque
3675 1639 3764 1675 co-

2183 1726 2433 1794 gitantes,
2485 1732 2588 1775 tam
2635 1721 2926 1790 praeterita,
2979 1733 3138 1787 quam
3188 1715 3383 1779 futura,
3441 1715 3650 1784 paulum
3697 1731 3760 1768 ex

2185 1817 2284 1871 hac
2309 1816 2566 1870 servitute
2589 1813 2932 1882 respiramus,
2955 1809 3255 1878 etaliqnatn
3283 1806 3476 1860 animm
3504 1806 3760 1860 rationem

2186 1907 2502 1970 habeamus,
2535 1917 2591 1959 ut
2620 1912 2675 1958 et
2725 1901 3005 1972 prtescntia
3052 1908 3108 1953 et
3161 1899 3330 1951 futura
3376 1911 3765 1966 consequamur

2185 1999 2344 2061 bona,
2374 1997 2542 2065 gratia
2574 2005 2627 2050 et
2662 1993 2987 2061 benignitate
3031 1991 3235 2046 Domini
3270 1991 3434 2044 nostri
3459 1989 3584 2044 .lesn
3609 1990 3764 2043 Chri.

2185 2091 2270 2155 sti,
2301 2090 2385 2143 cui
2431 2089 2599 2159 gloria
2647 2094 2703 2142 et
2745 2084 3026 2154 imperium
3081 2083 3131 2136 in
3181 2081 3375 2137 stecula
3419 2079 3761 2134 smCttlurttm.

2185 2184 2379 2236 Amen.
2413 2251 2420 2258 .

2653 2309 2790 2315 _..———.
2821 2308 2995 2316 κάν--..-
3015 2307 3152 2314 —.————-—~
3169 2304 3674 2312 Μ...
3707 2303 3755 2310 -.ο

1782 2389 2128 2454 HOMILIA
2169 2385 2478 2447 XXXIX.

487 2553 576 2608 29..
631 2551 784 2605 Pater
804 2567 942 2604 meus
966 2565 1065 2602 non
1087 2547 1286 2616 judicat
1313 2559 1628 2615 quemquam,
1658 2539 1745 2594 sed
1771 2555 1916 2592 omne
1934 2536 2080 2606 judi-

558 2647 693 2698 cium
723 2643 859 2696 dedit
907 2640 1066 2705 Filio,
1093 2639 1183 2692 25.
1212 2649 1266 2690 ut
1292 2652 1463 2690 oumes
1493 2633 1824 2700 honori/irent
1856 2627 2070 2692 Filium,

561 2745 614 2788 ut
641 2733 972 2800 honoriﬁcam
993 2730 1223 2784 Patrem.

559 2827 610 2878 l.
653 2823 915 2876 Iudicium
943 2825 1172 2891 futurum
1207 2816 1505 2870 timendum.
1539 2811 1702 2866 Filius
1739 2827 1839 2864 nou
1885 2813 2071 2878 factus,

486 2918 575 2970 sed
601 2916 662 2970 ab
683 2924 870 2970 interno
902 2914 1119 2984 genitus.
1147 2911 1293 2965 Cirris
1318 2925 1378 2962 us
1418 2905 1668 2978 quomodo
1693 2915 1736 2957 et
1763 2920 1876 2973 qua
1913 2913 2074 2954 mente

487 3011 549 3062 de
572 3026 626 3062 se
650 3009 856 3077 loquens
882 3004 1094 3058 humilia
1124 3003 1419 3072 permisceat
1461 2997 1776 3051 sublimibus.
1812 3025 1883 3035 —
1912 2995 2073 3048 Multa

489 3101 642 3154 nobis
662 3114 796 3168 opus
819 3106 901 3153 est
928 3098 979 3150 in
999 3095 1248 3150 omnibus
1278 3091 1576 3160 diligentia,
1609 3087 1816 3150 dilecti;
1849 3101 2072 3140 accura-

488 3201 594 3244 tam
616 3190 811 3260 quippe
837 3186 1095 3241 rationetn
1116 3181 1358 3238 dabimus
1379 3189 1432 3234 et
1453 3179 1734 3233 verborum
1753 3186 1807 3230 et
1827 3191 2068 3244 operum.

487 3282 597 3336 Res
623 3280 764 3335 enim
807 3287 1005 3333 nostra:
1046 3291 1150 3329 non
1191 3281 1316 3327 sunt
1361 3272 1639 3340 praesentis
1669 3267 1790 3321 vita:
1821 3266 2075 3320 limitibus

488 3373 926 3438 circumscripta,
959 3368 1053 3424 sed
1085 3368 1186 3421 alia
1236 3379 1334 3419 nos
1372 3371 1660 3430 exceptura
1690 3369 1772 3415 est
1798 3360 1918 3412 vitae
1947 3373 2076 3413 con-

488 3467 640 3526 ditio,
674 3458 1270 3530 tremendoquejudicio
1297 3455 1567 3509 sistemur.
1595 3451 1782 3504 Omnes
1808 3451 1937 3504 enim
1959 3464 2070 3511 nos,

490 3556 661 3625 inquit
685 3554 901 3616 Paulus,
929 3549 1240 3618 utauifestari
1271 3554 1464 3615 oportet
1486 3552 1601 3596 ante
1623 3541 1845 3595 tribunal
1863 3539 2070 3602 Christi,

488 3657 546 3700 ut
575 3650 760 3717 referat
790 3643 1146 3712 unusquisque,
1176 3655 1290 3710 qua:
1319 3655 1406 3708 per
1433 3652 1615 3704 corpus
1641 3635 1760 3704 egit,
1797 3641 1944 3701 prout
1964 3647 2075 3700 ges-

489 3741 574 3804 sit,
597 3740 698 3791 sive
727 3737 931 3799 bonum,
955 3735 1056 3786 sive
1081 3731 1269 3785 malum
1295 3729 1372 3800 (9..
1405 3729 1522 3783 Cor.
1553 3729 1604 3782 5.
1636 3726 1746 3795 10).
1777 3725 1885 3779 Hoc
1909 3724 2075 3778 tribu-

493 3830 578 3883 nal
619 3842 834 3896 semper
862 3825 1176 3894 cogitemus,
1208 3829 1259 3875 et
1304 3819 1382 3873 sic
1406 3832 1619 3885 semper
1647 3815 1827 3869 virtuti
1869 3814 2073 3867 incum-

493 3923 619 3975 bere
643 3919 952 3990 poterimus.
981 3915 1110 3970 Nam
1135 3914 1272 3969 sicut
1293 3913 1337 3967 is
1361 3911 1450 3981 qui
1478 3911 1618 3964 illam
1641 3909 1782 3964 diem
1806 3906 1875 3961 ab
1895 3906 2072 3959 animo

492 4014 656 4079 ejicit,
685 4011 831 4081 quasi
863 4024 1031 4080 equus
1063 4019 1296 4062 excusso
1336 4002 1489 4058 freno
1533 4003 1585 4056 in
1633 3998 1920 4069 praecipitia
1969 3996 2073 4050 ruit

492 4101 867 4172 (Profunautur
892 4099 1056 4166 enim,
1090 4097 1278 4168 inquit,
1310 4095 1402 4149 via:
1437 4095 1546 4164 ejus
1571 4092 1622 4144 iu
1649 4091 1784 4144 omni
1819 4098 2072 4155 tempore;

493 4207 546 4249 et
573 4211 788 4250 causam
819 4193 1051 4248 all'erens
1080 4193 1175 4256 ait,
1211 4191 1521 4262 Auferuntur
1540 4184 1742 4256 judicia
1771 4192 1856 4234 tua
1884 4197 1914 4232 α
1944 4179 2074 4249 facie

493 4292 601 4360 ejus
623 4289 792 4362 [PsaL
823 4288 877 4343 9.
902 4285 1016 4358 27])
1043 4303 1058 4338 :
1093 4285 1162 4338 ita
1191 4283 1280 4353 qui
1319 4294 1532 4347 semper
1563 4275 1676 4343 hoc
1704 4274 1893 4326 timore
1922 4279 2072 4323 tene-

494 4393 600 4445 tnr,
628 4360 1016 4451 temperanter
1062 4375 1291 4432 incedet.
1342 4372 1494 4431 Nam,
1543 4365 1852 4426 Recordare,
1882 4360 2071 4428 inquit,

495 4475 764 4529 novissima
807 4484 913 4536 tua,
957 4479 1001 4524 et
1047 4470 1098 4522 in
1135 4477 1380 4522 internum
1409 4478 1509 4516 non
1538 4456 1764 4525 peccabis
1804 4453 1992 4525 (Eccli.
2019 4454 2073 4508 7.

494 4567 606 4634 ιθ).
631 4565 732 4633 Qui
761 4565 903 4620 enim
933 4575 1074 4615 nunc
1092 4558 1309 4612 dimittit
1337 4552 1489 4608 nobis
1511 4558 1744 4617 peccata,
1775 4547 1821 4598 is
1854 4544 2080 4611 tttncju-

493 4661 595 4715 dett
629 4657 867 4718 sedebit:
899 4655 989 4724 qni
1017 4659 1259 4705 mortuus
1293 4655 1374 4700 est
1409 4659 1505 4712 pro
1549 4639 1724 4705 nobis,
1754 4639 1840 4694 hic
1866 4638 2081 4691 univer-

493 4765 606 4804 sam
634 4757 877 4802 naturam
893 4744 1139 4814 judicans
1159 4734 1456 4808 apparebit.
1483 4730 1675 4784 Iterum
1695 4730 1861 4794 enim,
1885 4729 2077 4797 inquit,

494 4842 604 4891 sine
629 4848 833 4906 peccato
861 4834 1112 4889 videbitur
1152 4824 1535 4898 suscipientibus
1573 4823 1737 4891 ipsum
1773 4823 1840 4874 ad
1865 4821 2078 4874 salutem

495 4930 514 4991 (
531 4929 684 4981 Hebr.
712 4927 764 4980 9.
791 4927 903 4993 28).
932 4922 1288 4992 Quamobrem
1318 4917 1419 4972 hoc
1437 4917 1556 4969 loco
1583 4912 1741 4966 dicit:
1769 4911 1924 4966 Pater
1941 4927 2080 4964 meus

494 5036 594 5072 non
603 5019 806 5090 judicat
829 5030 1150 5086 quamquam,
1169 5013 1264 5066 sed
1283 5025 1431 5064 omne
1446 5005 1703 5078 judicium
1749 5004 1887 5058 dedit
1921 5001 2078 5065 Filio,

496 5122 554 5166 ut
581 5127 750 5165 omnes
781 5107 1114 5174 honoriﬁcent
1144 5103 1357 5165 Filium,
1387 5111 1442 5155 ut
1470 5097 1808 5163 honoriﬁcam
1851 5095 2078 5149 Patrem.

499 5201 710 5270 Ergone
740 5201 971 5258 Patrem,
1017 5195 1245 5266 inquies,
1277 5193 1422 5248 illum
1454 5187 1724 5245 dicemus?
1753 5186 1925 5241 Absit.
1957 5183 2082 5239 Ideo

497 5308 728 5361 namque
769 5291 900 5346 dicit
949 5286 1167 5353 Filium,
1212 5293 1272 5339 ut
1294 5283 1490 5340 Filium
1523 5287 1824 5334 manentem
1855 5277 2082 5331 honore-

495 5402 616 5440 mus
641 5386 778 5440 sicut
808 5385 1041 5439 Patrem.
1073 5377 1173 5449 Qui
1200 5394 1330 5433 vero
1351 5377 1522 5446 ipsum
1547 5380 1701 5425 vocat
1719 5371 1956 5433 Patrem,
1975 5382 2080 5420 nott

497 5479 636 5532 ultra
681 5475 876 5531 Filium
922 5484 979 5528 ut
1007 5473 1217 5527 Patrem
1261 5469 1509 5530 honorat,
1543 5463 1637 5519 sed
1665 5462 1842 5518 omnia
1872 5460 2079 5516 miscet.

495 5571 628 5639 Quia
657 5584 790 5640 ergo
819 5565 1079 5621 beneﬁcio
1109 5563 1284 5618 affecti
1312 5559 1559 5615 homines
1600 5573 1704 5611 non
1749 5557 1818 5612 ita
1864 5555 1928 5609 ad
1969 5551 2086 5607 oﬁi-

497 5664 639 5717 cium
665 5661 912 5721 redeunt,
958 5667 1011 5710 ut
1065 5652 1339 5722 castigati;
1375 5650 1495 5704 ideo
1528 5649 1783 5704 terribilia
1828 5647 1982 5712 dixit,
2031 5655 2086 5696 ιιι

2189 2541 2362 2586 metus
2392 2533 2578 2585 saltem
2611 2529 2674 2583 ad
2709 2529 2964 2582 honorem
2991 2527 3089 2580 sibi
3135 2523 3412 2578 ferendum
3460 2522 3692 2576 traheret
3721 2523 3789 2573 '..

2183 2622 2315 2676 Cum
2339 2621 2484 2685 dicit,
2527 2621 2708 2683 Onme,
2738 2620 2788 2672 id
2817 2627 2918 2683 est,
2967 2615 3216 2686 puniendi
3255 2622 3312 2669 et
3342 2613 3632 2667 honorandi
3666 2628 3760 2680 po-

2185 2720 2429 2767 testatcm
2459 2710 2638 2773 habet,
2671 2719 2830 2778 atque
2861 2718 3143 2776 utrumque
3175 2720 3270 2774 pro
3307 2704 3473 2758 lubito
3514 2701 3758 2756 faciendi.

2184 2805 2316 2860 Illud
2345 2819 2492 2867 vero,
2521 2801 2697 2868 Dedit,
2746 2801 2943 2855 dictmn
2971 2808 3076 2862 est,
3108 2815 3176 2852 ne
3199 2798 3371 2867 ipsum
3398 2811 3501 2850 non
3528 2796 3760 2865 genitmn

2182 2910 2304 2952 esse
2329 2895 2639 2963 suspiceris,
2671 2908 2844 2961 neque
2885 2901 3034 2961 putes
3063 2889 3197 2943 duos
3241 2903 3361 2942 esse
3394 2887 3609 2940 Patres:
3641 2901 3760 2937 natu

2183 2985 2438 3058 quidquid
2469 2996 2552 3039 est
2581 2985 2759 3048 Pater,
2785 2991 2866 3036 est
2895 2991 2948 3036 et
2976 2981 3144 3034 Filius
3164 2981 3206 3044 ³,
3239 2980 3450 3048 genitus
3497 2988 3550 3031 et
3602 2975 3763 3028 Filius

2184 3093 2427 3134 manens.
2457 3078 2525 3134 Ut
2547 3091 2676 3132 vero
2696 3075 2872 3130 discas
2895 3073 3045 3140 illud,
3079 3071 3252 3136 Dedit,
3301 3071 3530 3140 idipsum
3557 3069 3762 3138 signiti-

2181 3187 2306 3227 care
2348 3170 2511 3240 quod.
2542 3170 2745 3239 genuit,
2787 3166 2907 3220 andi
2937 3164 3062 3220 illud
3089 3164 3195 3218 alio
3236 3162 3353 3217 loco
3395 3161 3760 3217 declaratum:

2184 3265 2330 3320 Sicut
2355 3262 2513 3316 Pater
2543 3261 2687 3315 habet
2711 3261 2861 3314 vitam
2899 3260 2953 3312 in
2977 3257 3264 3325 semetipso,
3295 3256 3366 3307 ita
3387 3254 3521 3307 dedit
3546 3262 3595 3307 et
3629 3251 3764 3304 Filio

2181 3357 2334 3410 vitam
2363 3355 2545 3408 habere
2570 3354 2620 3406 in
2649 3353 2915 3420 semetipso
2961 3350 3032 3419 (υ.
3066 3349 3142 3417 7).
3170 3346 3304 3412 Quid
3344 3347 3507 3415 ergo?
3553 3344 3764 3412 priusne

2182 3445 2353 3513 ipsum
2381 3443 2580 3512 genuit,
2625 3457 2686 3495 ac
2715 3440 2909 3496 deinde
2953 3440 3111 3492 vitam
3135 3436 3314 3491 dedit?
3353 3434 3450 3501 Qui
3480 3433 3572 3488 dat
3595 3449 3760 3495 enim,

2179 3534 2388 3588 cuidam
2411 3531 2688 3587 exsistenti
2717 3531 2825 3582 dat.
2856 3529 3069 3597 Ergone
3098 3527 3308 3596 genitus
3327 3536 3442 3579 erat
3475 3524 3591 3578 sine
3618 3525 3721 3576 vita
3740 3524 3765 3574 ’ἔ

2184 3623 2376 3678 Verum
2411 3622 2512 3674 hoc
2556 3635 2622 3674 ne
2671 3620 2942 3672 daanones
2972 3617 3185 3686 quidem
3214 3615 3550 3683 suspicentur
3577 3632 3589 3666 :
3621 3613 3763 3666 inul-

2182 3727 2288 3772 tam
2319 3715 2515 3784 quippe
2558 3712 2717 3766 habet
2769 3710 3025 3763 insaniam
3077 3723 3196 3761 cum
3241 3707 3511 3774 impietate
3538 3705 3765 3773 conjun-

2180 3817 2342 3862 ctatn.
2371 3801 2830 3870 Quemadmodum
2863 3814 2990 3866 ergo
3021 3795 3172 3861 illud,
3225 3794 3374 3848 Dedit
3414 3795 3588 3857 vitam,
3619 3794 3760 3848 idem

2179 3906 2263 3952 est
2281 3892 2443 3964 quod,
2472 3890 2666 3947 Genuit
2692 3891 2864 3956 ipsum
2892 3887 3085 3940 vitam:
3108 3885 3206 3947 sic,
3238 3882 3391 3937 Dedit
3403 3881 3680 3952 judicium,
3703 3883 3754 3936 id

2177 3996 2280 4052 est,
2327 3985 2500 4055 Ipsum
2526 3980 2762 4051 judicem
2790 3978 2990 4049 genuit.
3024 3977 3234 4032 Etenim
3277 3989 3344 4028 ne
3367 3973 3590 4028 audiens
3618 3974 3760 4041 quod

2180 4080 2292 4148 ipse
2313 4077 2524 4132 Patrem
2546 4087 2761 4127 causam
2781 4069 3048 4135 habuerit,
3071 4066 3432 4122 diversitatem
3449 4063 3760 4118 substantias

2177 4182 2353 4244 putes,
2377 4170 2741 4236 honoremque
2763 4164 3047 4229 minorem,
3076 4161 3188 4230 ipse
3207 4160 3350 4214 venit
3371 4166 3423 4212 te
3443 4156 3758 4227 judicatum,

2181 4264 2306 4317 hinc
2330 4259 2688 4331 aequalitatem
2708 4255 2729 4286 ³
2755 4251 3062 4308 ostendens.
3087 4250 3186 4318 Qui
3208 4249 3349 4303 enim
3377 4261 3511 4317 quos
3530 4247 3642 4300 vult
3667 4260 3758 4314 pu-

2181 4355 2361 4412 niendi
2391 4364 2446 4408 et
2475 4347 2772 4405 honorandi
2819 4352 3137 4414 potestatem
3183 4339 3361 4401 habet,
3411 4337 3599 4394 eadem
3643 4351 3763 4404 qua:

2183 4448 2342 4502 Pater
2367 4451 2562 4514 petest.
2596 4439 2705 4494 Nisi
2753 4437 2895 4493 enim
2944 4434 3046 4488 hoc
3072 4441 3233 4498 esset,
3268 4430 3362 4486 sed
3391 4439 3573 4500 postea
3603 4442 3764 4497 quam

2181 4542 2392 4608 genitus
2421 4535 2593 4589 fuerat
2622 4532 2877 4586 honorem
2907 4526 3219 4594 accepisset,
3248 4537 3367 4592 qua:
3391 4534 3550 4576 causa
3584 4517 3678 4571 fuit
3709 4524 3767 4570 ut

2183 4632 2295 4700 ipse
2321 4627 2585 4698 posterior
2613 4618 3001 4677 houoraretur?
3026 4632 3132 4686 quo
3161 4623 3314 4684 pacto
3341 4613 3411 4667 ita
3442 4608 3684 4681 profecit,
3709 4615 3767 4659 nt

2185 4697 2652 4788 liancidiguitatem
2681 4708 2981 4778 acciperet?
3005 4706 3118 4760 Non
3158 4702 3470 4759 erubescitis
3512 4699 3639 4753 dum
3668 4697 3767 4750 itu-

2185 4810 2397 4868 mortali
2426 4809 2737 4873 nullumque
2763 4809 3104 4872 augmentum
3133 4795 3412 4866 accipienti
3438 4802 3641 4848 natura:
3667 4790 3768 4842 hu-

2186 4919 2341 4960 mana
2370 4908 2425 4956 et
2451 4910 2556 4954 tam
2589 4895 2710 4950 vilia
2744 4890 3085 4949 adscribitis?
3114 4889 3220 4943 Cur
3249 4901 3396 4956 ergo,
3436 4884 3664 4953 inquies,
3693 4882 3764 4935 ita

2187 4991 2453 5064 loquitur?
2479 4989 2548 5044 Ut
2572 4987 2712 5042 dicta
2737 4984 2940 5039 facilius
2961 4980 3268 5043 credantur,
3291 4985 3344 5031 et
3368 4975 3433 5029 ad
3455 4972 3765 5028 sublimiora

2187 5085 2327 5141 viam
2354 5090 2534 5152 paret;
2563 5078 2683 5134 ideo
2709 5084 2936 5143 utraque
2951 5069 3277 5125 commiscet.
3300 5065 3769 5132 Videautetnquo-

2188 5176 2384 5235 modo:
2416 5188 2536 5227 nam
2566 5186 2596 5225 e
2625 5184 2684 5224 re
2727 5165 2887 5220 fuerit
2931 5161 3047 5216 lucc
3073 5176 3104 5214 a
3149 5157 3406 5230 principio
3452 5155 3763 5210 observare.

2252 5337 2266 5368 ¹
2303 5334 2392 5397 Alii
2415 5331 2628 5393 legunt:
2651 5324 2772 5397 Quia
2787 5320 2913 5386 enim
2935 5312 3344 5397 beneﬁc-ig'anccti
3361 5312 3630 5397 llOllli'tcs;..
3653 5317 3769 5397 ...θυι

2188 5375 2499 5457 castigat:
2509 5375 2644 5442 omne
2657 5375 2901 5457 iudicitgu
2937 5375 3072 5457 dedit
3098 5375 3239 5457 If‘ilip,
3261 5395 3283 5421 η
3303 5376 3473 5457 linquit
3495 5407 3511 5430 .
3533 5378 3584 5420 ut
3617 5379 3770 5421 metm:

2189 5439 2446 5511 ἔξιῖᾶἦῖᾙᾶ
2471 5439 2698 5502 honorem
2721 5444 2812 5498 sibi
2833 5443 3085 5511 fermdum
3101 5439 3336 5511 traheret.

2255 5493 2882 5579 Téhid‘atii'iE'gi'attwu
2914 5501 3146 5566 quidquid
3179 5507 3249 5550 est
3274 5497 3429 5548 Patris
3446 5534 3459 5552 .
3485 5495 3570 5545 hoc
3592 5499 3636 5544 et
3665 5493 3781 5546 Filii

2191 5590 2276 5676 es".
2307 5641 2384 5691 alii
2421 5639 2614 5702 legunt,
2636 5631 2946 5686 nobilitatem
2966 5639 3070 5688 pro,
3092 5621 3430 5684 a’qualitatcm.
