3984 6196
279 303 368 364 921

282 417 452 472 Dixit:
473 411 636 467 Pater
659 424 802 464 meus
819 415 1076 480 operatur,
1099 414 1146 461 et
1167 419 1258 477 ego
1281 421 1494 476 opemr;
1509 411 1564 460 et
1583 402 1670 459 bis
1695 403 1871 459 verbis

280 507 643 579 :equalitatem
687 511 743 558 et
789 515 973 573 parem
1003 498 1262 554 honorem
1291 495 1556 554 ostendit:
1587 493 1653 550 Et
1678 510 1874 566 quaere-

275 599 398 652 boat
417 613 534 651 eum
560 594 864 662 interﬁcere
881 589 1018 658 Quid
1036 588 1293 660 deinceps
1319 588 1462 659 agit?
1493 586 1663 642 Verba
1681 595 1876 640 attem-

282 697 453 759 perat,
481 687 734 742 eumdem
765 698 983 740 sensum
1012 683 1270 747 retinens,
1288 680 1415 736 dum
1434 679 1513 736 ait
1536 699 1549 736 :
1571 677 1691 733 Non
1711 686 1873 750 potest

282 778 450 833 Pilius
477 795 512 832 a
536 779 702 847 seipse
727 780 896 848 facere
919 774 1212 846 quidquam.
1243 771 1446 828 Deinde
1469 785 1681 827 rursnm
1703 771 1768 826 ad
1785 783 1876 825 su-

281 870 468 926 biimia
499 869 671 925 redit:
699 870 830 934 Qua
852 868 984 921 enim
1002 867 1090 920 ille
1114 866 1307 936 fecerit,
1341 868 1449 919 licet:
1472 874 1518 918 et
1546 862 1714 918 Filius
1733 863 1874 916 simi-

276 964 392 1017 liter
421 962 569 1033 facit.
601 961 730 1016 Post
756 959 872 1014 hate
893 972 1077 1013 rursus
1098 956 1165 1012 ad
1191 954 1412 1011 humilia
1431 953 1739 1010 descendit:
1762 953 1870 1009 Pa-

277 1067 352 1110 ter
375 1055 515 1109 enim
540 1053 710 1123 diligit
744 1050 958 1117 Filium,
1009 1059 1056 1104 et
1091 1048 1265 1103 otnnia
1292 1048 1604 1102 demonstrat
1637 1047 1684 1101 ei
1727 1063 1870 1118 qum-

275 1161 492 1216 cumque
514 1145 676 1216 facit;
703 1153 750 1198 et
776 1144 976 1214 majora
1005 1142 1084 1195 Itis
1107 1141 1468 1195 demonstrabit
1494 1139 1560 1194 ei.
1592 1138 1728 1194 Hinc
1753 1149 1871 1194 rur-

276 1252 393 1292 sum
424 1235 739 1291 sublimiora
759 1235 924 1289 dicit:
955 1232 1102 1288 Sicut
1139 1231 1272 1286 enim
1301 1229 1459 1285 Pater
1480 1231 1690 1285 suscitat
1728 1247 1868 1286 mor-

273 1340 389 1384 tuas
439 1339 490 1383 et
534 1329 773 1397 oiriﬁcat,
807 1328 882 1381 sic
908 1335 956 1380 et
993 1323 1163 1380 Filius
1192 1341 1316 1393 quos
1344 1324 1449 1378 vult
1485 1323 1721 1392 uiui/ictu.
1755 1323 1866 1379 Sub

274 1418 389 1474 hac
416 1420 616 1474 iterum
642 1417 863 1472 humilia
890 1415 1056 1473 simul
1075 1425 1130 1470 et
1148 1413 1394 1471 sublimia
1409 1414 1657 1484 attingit:
1687 1413 1866 1486 Neque

272 1511 405 1565 sitim
434 1508 596 1564 Pater
607 1509 816 1580 judicat
835 1523 1157 1577 quemquam,
1181 1507 1272 1562 sed
1293 1523 1439 1562 omne
1445 1507 1701 1577 judicium
1723 1507 1862 1562 dedit

275 1601 432 1657 Filio.
464 1601 608 1657 Hinc
632 1601 699 1656 ad
725 1600 1036 1656 sublimiora
1065 1600 1272 1670 pergit:
1304 1598 1373 1655 Ut
1402 1609 1577 1654 omnes
1615 1600 1866 1671 honoriﬁ-

268 1705 380 1750 cent
409 1693 631 1762 Filium,
663 1703 719 1748 ut
753 1692 1090 1764 honorificam
1113 1690 1344 1748 Patrem.
1377 1691 1566 1747 Viden‘
1591 1692 1860 1762 quomodo

266 1801 580 1843 sermonem
602 1787 794 1854 variet,
820 1786 950 1842 dum
974 1785 1220 1841 sublimia
1245 1784 1406 1841 verba
1435 1794 1490 1840 et
1518 1786 1734 1841 nomina
1761 1785 1861 1840 hu-

266 1879 482 1934 milibus
511 1877 800 1942 admiscet,
830 1885 887 1932 ut
905 1885 1008 1932 eta
1039 1876 1395 1947 praesentibus
1424 1874 1634 1931 facilius
1657 1875 1857 1931 admit-

263 1978 529 2034 terentur,
557 1978 616 2025 et
639 1984 673 2022 a
698 1968 892 2024 futuris
923 1967 1056 2022 nihil
1084 1967 1264 2022 damni
1293 1967 1650 2038 acciperetur,
1682 1967 1776 2024 sed
1805 1968 1856 2024 hi

261 2077 292 2115 a
328 2061 680 2127 sublimibus,
707 2061 779 2116 de
813 2061 935 2116 aliis
960 2074 1174 2130 quoque
1201 2067 1617 2115 consentaneam
1643 2060 1856 2130 opinio-

263 2169 384 2210 nem
410 2153 715 2210 baberent?
739 2151 873 2208 Nam
897 2152 944 2208 si
973 2167 1062 2210 res
1091 2164 1198 2207 non
1249 2151 1320 2207 ita
1368 2166 1428 2206 se
1475 2150 1690 2219 habeat,
1721 2160 1776 2207 et
1809 2153 1854 2206 si

261 2249 426 2302 verba
448 2261 560 2300 non
587 2259 688 2316 per
709 2243 1211 2315 attemperationem
1237 2242 1522 2314 quamdam
1549 2243 1691 2298 dicta
1708 2251 1851 2310 sunt,

255 2353 352 2392 cur
378 2337 636 2392 sublimia
662 2335 982 2392 admiscuit?
1019 2335 1151 2391 Nam
1178 2335 1269 2406 qui
1313 2350 1504 2406 magna
1529 2334 1599 2391 de
1623 2349 1683 2390 se
1710 2335 1854 2402 loqui

253 2431 446 2495 debet,
496 2430 548 2484 si
590 2427 837 2484 humilius
865 2427 1136 2498 quidpiam
1176 2426 1481 2498 protulerit,
1512 2426 1852 2482 occasionem

252 2523 346 2578 dat
374 2519 606 2592 ptitandi
628 2533 685 2574 se
703 2531 798 2589 per
820 2518 1276 2589 dispensationem
1299 2516 1583 2588 quamdam
1611 2517 1714 2572 hoc
1731 2533 1853 2588 age-

254 2629 349 2670 re:
378 2612 478 2683 qui
515 2622 697 2667 autem
737 2611 862 2665 vilia
907 2611 976 2666 de
1022 2625 1083 2666 se
1136 2610 1282 2680 loqui
1312 2609 1494 2676 debet,
1524 2609 1571 2664 si
1597 2623 1849 2679 magnum

252 2707 531 2778 quidpiam
562 2707 781 2774 dixerit,
809 2720 908 2761 cur
932 2721 994 2762 ca
1026 2703 1260 2774 loquitur
1279 2717 1400 2774 qua:
1428 2717 1578 2758 suam
1601 2713 1848 2758 naturam

255 2799 548 2870 superant?
575 2797 691 2853 lioc
717 2797 863 2853 enirn
901 2812 1007 2852 non
1037 2812 1108 2852 ex
1135 2795 1436 2852 oeconomia
1473 2795 1724 2866 quadam,
1752 2795 1850 2853 sed

254 2909 316 2950 ex
343 2907 560 2948 armata
589 2891 866 2961 impietate
894 2890 974 2959 (a)
1006 2889 1202 2960 prodit.

331 2982 389 3037 ἰ.
431 2981 543 3037 Cur
592 2980 826 3036 Christus
881 2979 1042 3034 verbis
1090 2987 1266 3033 utatur
1305 2978 1600 3033 humilibus.
1649 2976 1846 3033 Eadem

253 3075 347 3144 ipsi
380 3073 631 3144 Patrique
669 3080 911 3145 potestas.
942 3100 1012 3113 --
1035 3070 1217 3142 Itaque
1251 3084 1352 3126 nos
1389 3070 1588 3140 justam
1629 3069 1847 3140 Deoque

249 3177 639 3239 consulentem
669 3181 907 3233 causam,
934 3179 1032 3220 cur
1050 3179 1244 3235 nempe
1258 3162 1434 3220 verbis
1463 3171 1643 3218 utatur
1671 3160 1846 3217 humi-

250 3258 411 3326 libus,
458 3260 649 3316 dicere
679 3272 984 3330 possumus,
1029 3272 1224 3329 nempe
1250 3256 1397 3329 quod
1423 3271 1544 3313 sese
1572 3255 1841 3324 demittat,

247 3366 458 3422 nosque
481 3351 682 3406 doceat
707 3359 765 3406 ut
787 3349 1030 3406 modeste
1051 3362 1292 3420 agamus,
1323 3350 1507 3418 sicque
1534 3357 1731 3404 nostra:
1751 3361 1842 3401 sa-

246 3445 341 3501 luti
367 3444 657 3516 provideat
676 3461 693 3501 :
711 3442 852 3516 quod
873 3452 928 3500 et
956 3443 1070 3514 ipse
1095 3442 1220 3499 alibi
1247 3441 1484 3498 declarat
1511 3440 1596 3496 bis
1621 3441 1836 3498 verbis:

250 3538 378 3594 Hec
405 3552 583 3592 autem
611 3538 727 3592 dico
752 3547 808 3591 ut
846 3552 934 3592 eos
975 3535 1106 3591 salvi
1149 3537 1256 3591 sitis
1283 3534 1357 3606 (υ.
1389 3535 1504 3606 Si).
1536 3534 1670 3604 Quia
1699 3535 1843 3590 enim

245 3632 314 3688 ad
341 3631 577 3688 Joannis
606 3631 972 3686 testimonium
1015 3629 1275 3700 confugit,
1307 3628 1669 3689 suo,omisso:
1699 3627 1843 3699 quod

249 3722 622 3794 auguitndine
649 3736 746 3776 sua
793 3719 1070 3790 indignum
1117 3728 1263 3786 erat;
1309 3733 1528 3774 causam
1572 3733 1670 3773 cur
1719 3718 1843 3773 vilia

249 3813 412 3870 verba
461 3810 764 3882 pmtuierit,
796 3809 1005 3880 adjicit;
1041 3824 1254 3880 nempe,
1286 3807 1413 3864 Herc
1441 3817 1608 3864 autem
1629 3809 1764 3876 dico,
1786 3817 1844 3863 ut

247 3923 336 3959 ιω
353 3905 490 3960 aulai
501 3904 635 3959 sitis.
663 3903 769 3958 Vos
792 3912 969 3958 autem
988 3902 1080 3973 qui
1106 3901 1288 3958 dicitis
1315 3902 1488 3971 ipsum
1516 3915 1622 3956 non
1644 3899 1843 3955 habere

245 3995 500 4050 ηωειεω
526 4008 688 4066 quam
709 3993 867 4049 Pater
884 4000 1224 4064 potestatem,
1249 3992 1376 4064 quid
1398 3991 1589 4047 dicetis
1610 4005 1732 4046 cum
1749 4005 1845 4045 au-

248 4087 465 4143 dieritis
496 4086 648 4141 illum
692 4084 982 4152 dicentem,
1030 4098 1092 4140 se
1132 4097 1310 4153 parem
1356 4081 1558 4138 habere
1609 4091 1844 4154 paterna:

246 4178 536 4244 virtutem,
580 4179 916 4246 potestatem,
955 4174 1212 4245 gloriam?
1257 4172 1365 4229 Cur
1401 4172 1650 4229 eumdem
1681 4173 1844 4242 exigit

249 4270 542 4333 honorati,
585 4269 651 4335 si,
682 4277 740 4322 ut
767 4282 862 4322 vos
888 4266 1086 4332 dicitis,
1120 4265 1277 4336 longe
1303 4265 1523 4320 inferior
1557 4263 1676 4318 est?
1718 4261 1845 4318 Hmc

245 4364 395 4419 enim
419 4363 626 4417 dixisse
664 4377 771 4416 non
799 4368 1105 4425 contentus,
1134 4358 1350 4428 adjicit:
1376 4356 1475 4424 Qui
1503 4372 1605 4411 non
1635 4356 1844 4411 honori-

247 4457 373 4522 ῥισὶ
406 4450 625 4518 Filium,
654 4468 758 4506 non
787 4451 1088 4520 honori/ictu
1119 4448 1347 4516 Patrem,
1395 4448 1481 4518 qui
1513 4447 1646 4502 misit
1673 4447 1838 4502 illum.

251 4543 449 4600 νεύων
469 4541 741 4614 quomodo
757 4543 928 4598 honor
950 4540 1072 4597 Filii
1096 4555 1220 4596 cum
1244 4540 1449 4594 honore
1477 4538 1650 4594 Patris
1675 4553 1842 4609 copu-

247 4634 432 4690 lem?
473 4631 542 4689 Et
571 4633 698 4704 quid
729 4633 865 4688 hoc?
910 4632 1052 4687 dicet
1090 4630 1304 4702 aliquis.
1336 4629 1393 4685 Id
1422 4637 1478 4684 et
1507 4630 1558 4684 in
1588 4629 1846 4700 apostolis

249 4726 542 4783 τῆεωιιιε
577 4726 675 4794 Qui
704 4740 795 4780 eos
817 4725 1051 4794 suscipit,
1080 4723 1268 4794 inquit,
1300 4736 1380 4776 me
1403 4721 1632 4792 suscipit.
1662 4719 1766 4777 Sed
1791 4721 1847 4775 il-

248 4821 324 4875 lic
343 4832 628 4875 servorum
659 4830 746 4872 res
775 4826 832 4871 ut
857 4815 959 4871 sibi
997 4815 1240 4886 proprias
1269 4818 1480 4879 tractat,
1524 4821 1578 4868 et
1620 4811 1739 4868 ideo
1767 4811 1846 4868 sic

248 4909 524 4978 Meiter;
558 4905 645 4960 hic
674 4920 803 4962 vero
825 4906 905 4961 sic
926 4904 1077 4970 dicit,
1108 4904 1235 4975 quia
1259 4911 1344 4960 est
1376 4917 1481 4957 una
1525 4902 1842 4969 substantia,

247 5014 352 5053 una
377 4997 582 5068 gloria.
612 4995 862 5067 Alioquin
894 5011 1022 5053 vero
1046 4995 1310 5065 apostolis
1338 5009 1446 5050 non
1472 4993 1626 5061 dixit,
1659 5003 1718 5050 ut
1745 4993 1845 5048 hoe

247 5092 563 5147 militent.
616 5089 657 5144 ε
684 5104 742 5144 re
771 5099 949 5143 autem
976 5087 1128 5153 dixit,
1165 5087 1264 5154 Qui
1290 5102 1392 5142 non
1418 5087 1723 5156 honorificat
1752 5084 1848 5140 Fi-

245 5190 399 5255 lium,
427 5203 534 5241 ποτε
562 5183 864 5253 honoriﬁca
890 5179 1120 5238 Patrem.
1146 5180 1282 5236 Nam
1309 5179 1355 5236 si
1385 5195 1451 5236 ex
1471 5179 1679 5236 duobus
1709 5178 1847 5249 regi-

245 5279 351 5333 bus
381 5279 528 5332 alter
549 5275 875 5331 contumelia
895 5272 1180 5341 afﬁciatur,
1205 5272 1257 5327 in
1280 5272 1504 5327 alterum
1525 5269 1686 5326 etiam
1705 5267 1850 5323 cadit

244 5368 608 5436 mantelia,
639 5365 979 5436 maximeque
1015 5364 1063 5419 si
1095 5363 1143 5419 is
1181 5363 1271 5434 qui
1316 5360 1529 5417 iaditur
1570 5359 1708 5414 illius
1736 5359 1843 5413 sit:

316 5547 394 5620 (ρ)
419 5545 594 5620 edi?
629 5536 1690 5620 Immatg_€£_m3:'2w§ez.ﬁ§
1714 5537 1849 5620 E931"

241 5601 354 5680 ac;
569 5601 842 5680 arearum
866 5601 1391 5680 mensionem-ns
1424 5601 1846 5680 incusares:

243 5675 296 5719 aa
319 5657 466 5740 Βῆοί
487 5657 687 5719 humilia
706 5667 771 5741 de
791 5678 849 5740 se
883 5657 1017 5728 loqui
1037 5664 1222 5736 debet,-
1233 5675 1406 5726 magna
1427 5657 1572 5710 de'se
1597 5657 1851 5724 proferat?

243 5730 356 5782 sed
377 5744 488 5780 suae
511 5734 818 5792 Iamnam“
839 5727 1100 5778 autaltate
1121 5725 1244 5774 nihil
1267 5731 1524 5774 mutamus.

604 5819 875 5881 Ρλτιιοι.
921 5817 1040 5880 Gn.
1091 5816 1250 5878 LIX.

3042 259 3139 289 ra

1203 292 1272 349 IN
1309 290 1620 350 JOANNEM
1658 289 1890 366 IIOMIL.
1930 288 2152 349 XXXIX
2219 295 2292 352 ai.
2332 295 2622 360 XXXVIII.
3133 288 3137 289 ί
3467 309 3568 366 επὶ-ξ

3471 350 3562 366 δα.

1984 397 2093 459 imo
2115 404 2277 462 etiam
2304 409 2472 465 milite
2499 412 2648 479 laeso,
2693 415 3014 472 contumelia
3055 412 3285 476 afﬁcitur
3311 437 3438 491 rex;
3475 443 3569 486 rc-

1980 509 2101 587 rum
2119 511 2224 552 non
2251 499 2439 554 eodem
2465 502 2644 569 modo,
2674 503 2768 560 sed
2795 520 2892 576 per
2911 507 3284 568 intermedium
3312 514 3569 587 aliquem.

1983 586 2080 643 ilic
2111 603 2242 645 vero
2270 603 2377 647 non
2406 593 2675 662 similiter,
2704 599 2802 654 sed
2831 615 2926 670 per
2955 603 3210 674 seipsum.
3235 606 3362 666 Ideo
3387 586 3570 671 dicere

1979 684 2280 752 occupavit,
2315 683 2384 738 Ut
2410 686 2746 756 honoriﬁcent
2770 689 2984 757 Filium,
3015 705 3071 749 ut
3098 698 3438 770 honorificam
3461 703 3570 758 Pa-

1980 778 2137 836 trem;
2160 782 2354 829 utcum
2383 776 2600 845 dixerit,
2636 779 2738 846 Qui
2765 799 2865 838 non
2892 785 3194 856 honori/icat
3224 790 3439 861 Filium,
3463 813 3565 853 non

1979 862 2281 934 honori/ient
2312 867 2540 938 Patrem,
2575 873 2823 930 cbmdem
2857 877 3122 950 intelligas
3149 882 3429 942 honorem.
3459 888 3570 943 Ne-

1977 970 2083 1024 que
2111 958 2254 1048 enim
2281 961 2616 1030 simpliciter,
2654 965 2757 1033 Qui
2790 983 2894 1022 non
2940 970 3276 1042 honoriﬁcat,
3309 977 3426 1045 sed,
3459 979 3561 1048 Qui

1977 1061 2084 1100 non
2114 1047 2433 1108 honor-ineat
2479 1063 2537 1109 ut
2576 1055 2708 1124 dixi,
2741 1072 2847 1114 non
2880 1061 3200 1121 lionoriticat
3225 1066 3457 1126 Patrem.
3487 1047 3562 1129 Et

1974 1138 2266 1236 quomodo,
2301 1141 2529 1236 inquies,
2557 1145 2796 1216 ejusdem
2826 1151 3141 1212 substantia:
3159 1169 3286 1214 sunt
3310 1161 3399 1232 qui
3428 1164 3558 1219 mit-

1976 1231 2038 1281 tit
2067 1239 2120 1284 et
2145 1231 2233 1299 qui
2265 1233 2527 1290 mittitur?
2557 1237 2762 1295 Rursus
2787 1243 2856 1297 ad
2881 1244 3108 1301 humana
3139 1231 3443 1310 sermonem
3469 1259 3559 1313 dc-

1974 1319 2161 1386 mitzis,
2188 1337 2287 1377 nec
2310 1326 2512 1395 cogitas
2537 1327 2652 1384 lucc
2679 1334 2859 1388 omnia
2885 1349 2991 1390 non
3016 1337 3120 1394 alia
3146 1339 3214 1396 de
3233 1357 3392 1398 causa
3412 1346 3556 1404 dieta

1971 1410 2152 1478 fuisse,
2182 1415 2283 1470 nisi
2311 1425 2598 1476 utcausam
2625 1437 3032 1495 cognoscamus,
3057 1445 3120 1486 ac
3141 1448 3208 1489 ne
3236 1433 3292 1490 in
3335 1436 3553 1498 Sabcliii

1968 1504 2212 1560 morbum
2227 1507 2520 1567 incidamus
2532 1513 2631 1588 (a),
2646 1525 2698 1571 et
2712 1515 3016 1577 Judazorum
3033 1524 3314 1585 inﬁrmitas
3328 1529 3427 1586 hoc
3439 1547 3556 1590 mo-

1966 1595 2036 1651 do
2066 1609 2302 1668 curetur,
2355 1613 2413 1658 ut
2460 1620 2566 1660 non
2614 1609 2724 1663 Deo
2765 1611 3104 1672 adversarius
3135 1616 3274 1689 apud
3304 1637 3396 1678 eos
3431 1640 3552 1682 esse

1963 1690 2301 1784 existimetur
2328 1695 2366 1746 ¹.
2395 1695 2525 1750 Nam
2555 1699 2826 1768 dicebant,
2863 1703 2962 1760 Hic
2988 1724 3089 1762 non
3115 1720 3188 1764 est
3216 1727 3281 1766 ea:
3311 1713 3415 1769 Deo
3432 1734 3452 1784 ;
3470 1718 3552 1772 hic

1963 1796 1996 1834 α
2026 1779 2132 1837 Deo
2159 1799 2260 1839 non
2291 1787 2446 1841 venit.
2473 1787 2544 1845 Ut
2571 1805 2702 1848 vero
2727 1789 2866 1851 hanc
2908 1800 3268 1870 suspicionem
3289 1779 3546 1878 auferret,

1963 1887 2069 1929 non
2103 1882 2208 1930 tam
2239 1877 2487 1934 sublimia
2526 1893 2686 1952 quam
2729 1885 2948 1943 humilia
2993 1889 3301 1949 adhibebat.
3349 1877 3551 1955 Idcirco

1962 1964 2392 2036 frequentissime
2414 1971 2627 2029 dicebat
2652 1989 2712 2031 sc
2738 1979 2960 2034 missum
2992 1981 3177 2051 fuisse,
3211 1998 3314 2042 non
3346 2000 3403 2044 ut
3426 1991 3549 2049 hinc

1963 2066 2179 2126 putares
2199 2059 2502 2118 inferiorem
2521 2063 2649 2132 dici,
2674 2066 2769 2121 sed
2790 2077 2847 2124 ut
2872 2069 3083 2127 illorum
3101 2089 3197 2130 ora
3218 2077 3548 2143 Obstrueret.

1962 2147 2088 2204 ideo
2113 2164 2258 2222 saepe
2284 2152 2350 2208 ad
2374 2153 2585 2212 Patrem
2623 2160 2881 2231 confugit,
2916 2177 3067 2220 suam
3106 2173 3282 2226 tamen
3311 2177 3548 2231 aucturi-

1963 2247 2123 2294 tatem
2151 2241 2500 2334 interserens.
2523 2246 2657 2302 Nam
2702 2249 2747 2305 si
2775 2254 2955 2309 omnia
2985 2259 3279 2320 secundum
3311 2263 3512 2334 dignita
3533 2299 3546 2310 -

1961 2337 2066 2427 tem
2095 2343 2245 2427 suam
2275 2333 2518 2404 dixisset,
2549 2337 2687 2393 dicta
2719 2355 2824 2396 non
2854 2343 3199 2405 admisissent
3221 2352 3296 2408 illi
3329 2373 3343 2410 :
3372 2333 3543 2427 quan-

1957 2421 2244 2517 doquidem
2271 2428 2356 2482 vel
2387 2444 2455 2483 ex
2487 2432 2671 2500 paucis
2702 2433 2850 2491 hisce
2884 2438 3064 2495 verbis
3092 2421 3545 2517 persequebantur

1955 2512 2103 2569 illum
2132 2529 2294 2586 saepe,
2322 2529 2375 2574 et
2403 2521 2725 2590 lapidabant.
2760 2526 2914 2593 Quod
2940 2531 2983 2585 si
3009 2531 3076 2587 ad
3109 2533 3230 2590 illos
3253 2512 3543 2609 respiciens

1957 2620 2172 2678 semper
2200 2610 2418 2667 humilia
2439 2613 2682 2679 dixisset,
2718 2619 2870 2674 multi
2899 2633 3082 2691 postea
3117 2624 3240 2682 hinc
3275 2628 3383 2685 lmsi
3411 2633 3540 2688 inis-

1953 2708 2093 2789 sent.
2125 2699 2460 2773 Quapropter
2501 2704 2800 2764 doctrinam
2847 2712 3054 2779 miscet,
3088 2733 3186 2788 per
3211 2717 3455 2789 humilia,
3486 2737 3541 2778 ttt

1951 2786 2084 2854 dixi,
2119 2791 2224 2846 illis
2249 2792 2522 2849 silentium
2553 2797 2852 2867 imponens,
2878 2815 2929 2857 et
2952 2819 3049 2875 per
3074 2786 3134 2862 ea
3164 2824 3283 2880 qua:
3309 2786 3537 2884 dignita~

1955 2889 2060 2936 tem
2109 2884 2506 2952 exprimebant,
2554 2888 2714 2944 vilem
2758 2891 3035 2962 depellens
3081 2899 3538 2961 existimationem

1950 2969 2093 3039 apud
2121 2987 2218 3028 eos
2247 2974 2336 3044 qui
2362 2986 2543 3032 mente
2573 2979 2835 3047 Valerent,
2881 2991 2942 3038 ut
2987 2987 3298 3046 ostenderet
3341 2993 3390 3046 id
3431 3007 3537 3050 non

1950 3062 2050 3116 sibi
2081 3077 2301 3132 prorsus
2337 3076 2662 3135 competere.
2709 3069 2843 3125 Nam
2890 3074 3110 3128 missum
3140 3092 3278 3145 esse,
3314 3085 3538 3139 transla-

1953 3153 2152 3207 tionem
2186 3153 2419 3210 indicat:
2449 3156 2586 3212 Deus
2613 3168 2790 3214 autem
2817 3160 3009 3234 ubique
3033 3175 3137 3220 est.
3162 3166 3272 3224 Cur
3299 3185 3428 3243 ergo
3458 3175 3538 3230 di-

1949 3245 2022 3300 cit
2049 3246 2269 3301 missum
2295 3246 2497 3304 fuisse?
2526 3247 2789 3307 Crassiori
2819 3253 2984 3308 verbo
3012 3257 3200 3329 utitur,
3225 3260 3352 3318 dum
3381 3277 3534 3321 suum

1949 3350 2070 3392 cum
2101 3335 2261 3394 Patre
2287 3353 2612 3395 consensum
2639 3341 2911 3400 declarat:
2942 3355 2998 3402 et
3024 3349 3102 3404 sic
3130 3356 3409 3423 sequentia
3446 3374 3537 3413 ca-

1949 3426 2073 3484 dem
2103 3428 2172 3484 de
2200 3443 2360 3485 causa
2388 3438 2674 3503 temperat.
2716 3434 2808 3493 24.
2850 3437 3029 3504 Amen,
3062 3456 3208 3497 auten
3235 3446 3348 3501 dico
3376 3450 3532 3514 vobis,

1946 3519 2065 3586 quia
2089 3521 2179 3590 qui
2201 3521 2347 3575 audit
2371 3537 2625 3579 sermones
2652 3541 2810 3593 meos,
2839 3537 2884 3582 et
2909 3531 3068 3584 credit
3092 3533 3137 3586 ei
3164 3536 3251 3605 qui
3278 3539 3411 3593 misit
3435 3557 3532 3608 me,

1948 3610 2094 3664 liabet
2122 3612 2276 3666 vitam
2301 3619 2561 3670 toleratam.
2596 3615 2952 3690 Viden‘qnam
2971 3619 3281 3694 frequenter
3307 3629 3533 3701 idipsutn

1948 3711 2176 3774 repetat,
2210 3705 2432 3761 utiilam
2459 3709 2820 3778 suspicionem
2855 3713 3026 3783 tollat,
3069 3726 3121 3772 et
3151 3717 3238 3775 hic
3273 3730 3328 3776 et
3359 3722 3411 3778 in
3441 3740 3523 3780 se-

1945 3797 2256 3868 quentibus,
2291 3806 2440 3854 metu
2467 3809 2524 3856 et
2569 3800 2850 3870 promissis
2896 3818 2927 3859 a
2966 3810 3312 3868 contentione
3354 3829 3532 3870 remo-

1947 3902 2099 3955 vens,
2128 3899 2290 3960 atque
2317 3888 2404 3946 hic
2433 3901 2619 3947 rursus
2644 3893 2711 3948 ad
2739 3893 2960 3950 immitia
2991 3897 3282 3957 admodum
3310 3903 3534 3963 descen-

1947 3977 2079 4034 dat?
2105 3978 2291 4050 Neque
2321 3981 2463 4036 enim
2489 3980 2647 4048 dixit,
2672 3981 2775 4050 Qui
2802 3984 2953 4040 audit
2977 4000 3258 4046 sermones
3283 4008 3452 4061 meos,
3478 4009 3534 4052 et

1949 4071 2122 4126 credit
2143 4072 2195 4127 in
2219 4085 2338 4136 me;
2370 4084 2494 4126 nam
2517 4071 2568 4126 id
2595 4073 2827 4143 superbe
2847 4074 3048 4131 dictum
3070 4087 3126 4134 et
3150 4082 3435 4140 verborum
3462 4086 3533 4140 fa-

1948 4171 2087 4218 stum
2127 4171 2422 4232 putassent.
2468 4162 2682 4218 Etenim
2727 4164 2773 4220 si
2813 4174 2932 4235 post
2963 4175 3168 4224 tantum
3198 4175 3454 4243 temporis
3477 4188 3534 4232 et

1949 4263 2027 4309 tot
2051 4254 2274 4324 patratis
2302 4254 2599 4322 miraculis,
2634 4270 2754 4311 cum
2796 4257 2874 4313 sic
2915 4258 3008 4316 ille
3055 4262 3381 4333 loqueretur,
3430 4267 3531 4324 hoc

1948 4345 2201 4417 suSpicati
2225 4357 2380 4412 sunt;
2415 4347 2585 4403 multo
2611 4349 2780 4418 magis
2817 4358 2944 4406 tunc
2985 4351 3037 4407 id
3081 4357 3311 4425 putaturi
3356 4373 3528 4417 erant.

1950 4439 2177 4510 ideoque
2205 4438 2451 4494 dicebant
2474 4440 2548 4495 illi
2575 4456 2589 4492 :
2616 4440 2874 4495 Abraham
2895 4453 3120 4500 mortuus
3141 4453 3232 4513 est,
3255 4458 3302 4503 et
3323 4452 3534 4523 prophe-

1949 4542 2014 4588 ta:
2038 4532 2224 4586 mortui
2243 4541 2380 4597 sunt,
2399 4540 2444 4585 et
2465 4533 2716 4601 quomodo
2736 4540 2790 4586 tu
2818 4533 2943 4588 dicis
2970 4551 2990 4589 :
3020 4533 3081 4591 Si
3113 4538 3227 4607 quis
3251 4556 3532 4597 sermonem

1948 4641 2113 4679 meum
2155 4624 2454 4690 servaverit,
2511 4625 2564 4680 in
2615 4635 2861 4680 internum
2905 4644 3007 4683 non
3047 4631 3265 4700 gustabit
3322 4644 3531 4688 mortem

1949 4715 2130 4786 (Joan.
2160 4715 2213 4771 8.
2245 4715 2374 4786 52)?
2402 4713 2479 4770 Ne
2509 4716 2669 4786 igitur
2693 4716 2782 4772 hic
2817 4734 3030 4791 quoque
3055 4719 3427 4793 eiicrarentur,
3453 4721 3534 4776 vi-

1948 4809 2017 4866 de
2044 4809 2171 4881 qnid
2201 4809 2377 4866 dicat:
2410 4808 2510 4876 Qui
2555 4812 2760 4864 uerbum
2803 4828 2969 4866 nteant
3014 4813 3181 4881 audit,
3219 4823 3265 4868 et
3302 4817 3460 4875 credit
3487 4819 3537 4872 ei

1947 4903 2036 4974 qui
2061 4918 2142 4957 me
2170 4903 2321 4964 misit,
2351 4901 2497 4957 habet
2522 4903 2675 4956 vitam
2703 4911 2962 4956 wternam.
2995 4903 3143 4958 lianc
3168 4903 3414 4976 loquendi
3447 4920 3534 4961 ra-

1949 4998 2149 5054 tionem
2188 4996 2346 5053 facile
2393 4996 2676 5052 admittere
2701 5004 2964 5068 poterant,
3005 5011 3126 5053 cum
3156 4997 3423 5056 discerent
3441 5015 3538 5057 eos

1950 5091 2040 5161 qui
2069 5091 2252 5146 iesum
2300 5088 2547 5145 audirent
2586 5087 2730 5144 Patri
2779 5087 3022 5144 credere.
3069 5087 3202 5145 Cum
3242 5092 3383 5147 cnim
3433 5088 3538 5147 hoc

1951 5181 2177 5238 libenter
2203 5181 2566 5246 admitterent,
2607 5188 2798 5235 caetera
2826 5178 3030 5234 facilius
3059 5182 3326 5252 accepturi
3357 5194 3532 5238 crant.

1955 5276 2135 5346 itaque
2163 5290 2283 5330 cum
2316 5273 2517 5329 humile
2553 5271 2823 5343 quidpiam
2867 5271 3088 5339 diceret,
3138 5273 3536 5330 sublimioribus

1957 5371 2096 5425 viam
2139 5367 2378 5440 parabat.
2421 5365 2706 5435 Postquam
2744 5373 2922 5420 autem
2965 5365 3123 5432 dicit,
3173 5363 3340 5420 Habet
3383 5367 3538 5421 vitam

2019 5531 2036 5563 ι
2070 5527 2214 5579 Hune
2233 5525 2393 5576 locum
2413 5524 2488 5574 sic
2509 5521 2653 5572 cii‘ert
2676 5519 2950 5580 Morel.....,
2965 5519 3250 5572 Judtwrum
3279 5515 3531 5580 infirmitas

1954 5591 2041 5642 hoc
2063 5591 2206 5640 modo
2225 5593 2423 5638 curetur
2444 5598 2461 5636 :
2480 5585 2618 5648 apud
2641 5581 2747 5648 illos
2782 5579 2939 5648 enim,
2958 5587 3180 5633 extrema
3199 5580 3388 5632 inscitia
3404 5579 3534 5629 latr)-

1954 5649 2298 5764 ranteséatgtasi
2317 5648 2404 5701 Dei
2423 5643 2729 5698 adversarius
2753 5644 3080 5716 remittebatur.

2021 5715 2092 5764 (a)
2209 5710 2352 5763 cilius
2375 5709 2573 5764 nutabat
2604 5719 2748 5758 unam
2773 5718 2885 5757 esse
2910 5720 2958 5759 in
2979 5705 3080 5757 Dec

2021 5715 2092 5777 (a)
2117 5705 2352 5764 Sabellius
2375 5709 2573 5775 putabat
2604 5719 2748 5758 unam
2773 5705 2885 5757 esse
2910 5707 2958 5759 in
2979 5705 3087 5757 Deo
3106 5715 3382 5768 personam.

2175 5836 2181 5842 ι
3136 5803 3161 5860 1
3176 5803 3208 5858 ιί
