3984 6196
579 314 684 371 ωδ

579 445 838 494 a-ternam,
877 421 1190 496 subiungit:
1227 419 1290 474 Et
1335 423 1384 473 in
1429 417 1683 490 judicium
1733 430 1834 467 non
1871 409 2021 474 venit,
2073 407 2161 461 sed

580 519 780 574 transiit
807 535 836 572 a
859 527 1018 571 morte
1039 516 1094 568 in
1120 513 1288 568 vitam.
1321 510 1412 566 llis
1439 507 1644 563 duobus
1665 505 1763 560 sibi
1793 503 1949 558 tidem
1979 499 2162 554 conci-

579 615 695 677 liat,
726 621 778 666 et
809 607 950 677 quod
980 605 1125 662 Patri
1149 601 1471 660 credendum
1502 600 1725 664 diceret,
1757 605 1811 651 et
1836 594 1976 666 quod
2007 595 2161 647 obses

577 702 761 773 quenti
791 700 954 755 multa
980 698 1116 753 bona
1158 695 1513 765 polliceretur.
1547 689 1677 744 lllud
1708 696 1906 752 autem,
1935 685 2000 738 In
2018 684 2164 754 judi-

579 796 714 847 cium
752 808 854 845 non
882 790 1032 856 venit,
1073 787 1125 843 id
1169 792 1273 851 est,
1313 799 1419 840 non
1451 782 1684 853 punitur.
1724 780 1946 835 Mortem
1986 786 2161 830 autem

580 899 686 939 non
718 882 874 947 hanc,
906 880 1001 935 sed
1037 889 1293 935 aeternam
1323 875 1484 939 dicit;
1513 881 1571 928 ut
1613 881 1668 927 et
1703 873 1866 925 vitam
1905 869 2032 922 dicit
2060 867 2161 920 im-

579 974 881 1028 mortalem.
911 970 1000 1026 25.
1035 971 1216 1033 Amen,
1248 983 1394 1019 auten
1432 965 1546 1018 dico
1571 961 1893 1025 vobis,.venit
1939 959 2084 1018 hora,
2117 967 2163 1010 et

579 1081 713 1118 mute
740 1075 832 1127 est,
867 1077 979 1114 cum
1023 1057 1211 1112 mortui
1257 1055 1462 1109 audient
1492 1069 1660 1106 vocem
1693 1051 1816 1104 Filii
1847 1049 2083 1110 hominis,
2117 1056 2164 1100 et

577 1157 663 1225 qui
692 1152 962 1217 audierint,
991 1150 1171 1203 vivent.
1198 1147 1460 1216 Operihus
1486 1145 1613 1214 ipsis
1642 1143 1802 1197 verba
1828 1137 2160 1208 comprobat.

578 1246 710 1300 Nam
738 1259 856 1299 cum
885 1242 1126 1305 dixisset,
1147 1238 1290 1294 Sicut
1313 1236 1465 1290 Pater
1489 1235 1696 1289 suscitat
1725 1242 1947 1286 mortuos
1976 1240 2022 1285 et
2044 1230 2167 1284 vivi-

579 1338 716 1404 ficat,
759 1335 832 1389 sic
863 1341 910 1386 et
953 1330 1001 1384 F
1004 1332 1121 1384 ilius
1161 1345 1286 1400 quos
1326 1327 1428 1381 vult
1464 1326 1703 1396 uiviﬁcat,
1747 1339 1814 1379 ne
1857 1323 2165 1377 viderentur

581 1427 696 1482 luce
720 1443 784 1482 ex
828 1425 1080 1496 jactantia
1119 1431 1174 1480 et
1212 1420 1351 1476 fastu
1400 1420 1541 1475 dicta
1586 1419 1767 1482 fuisse,
1811 1433 1874 1472 ex
1915 1415 2166 1486 operibus

581 1536 694 1577 rem
723 1520 1070 1583 demonstrat,
1112 1531 1232 1571 cum
1269 1514 1419 1580 dicit,
1472 1512 1618 1567 Venit
1652 1513 1798 1565 hora.
1854 1508 2056 1564 Deinde
2097 1522 2166 1562 ne

582 1622 734 1682 putes
764 1612 853 1666 diu
897 1607 1312 1679 exspectandum
1357 1620 1497 1669 esse,
1538 1604 1739 1673 adjicit,
1792 1601 1859 1655 Et
1907 1617 2042 1654 nunc
2067 1609 2162 1665 est,

578 1719 696 1756 cum
723 1702 912 1756 mortui
949 1700 1156 1752 audient
1195 1712 1363 1751 vocem
1392 1694 1519 1749 Filii
1552 1693 1668 1760 Dei,
1697 1703 1744 1746 et
1767 1694 1853 1763 qui
1889 1692 2164 1758 audierint,

579 1799 760 1847 civem.
805 1791 989 1846 Viden’
1025 1789 1113 1843 hic
1154 1787 1524 1842 auctoritatem
1561 1793 1616 1840 et
1644 1782 1934 1854 potentiam
1981 1781 2167 1836 inell'a-

580 1883 780 1941 liilem?
807 1879 1262 1952 Quemadmodum
1293 1879 1436 1934 enim
1472 1877 1524 1931 in
1554 1875 1972 1938 resurrectione,
2001 1873 2078 1927 sic
2112 1880 2168 1928 et

581 1989 723 2030 nunc
743 1975 866 2040 erit,
895 1971 1084 2043 inquit.
1130 1969 1263 2024 Nam
1304 1977 1429 2024 tunc
1457 1965 1634 2022 audita
1666 1965 1978 2035 imperantis
2014 1975 2163 2028 voce,

580 2079 953 2137 resurgemus;
986 2062 1051 2116 In
1077 2064 1226 2133 jussu
1250 2059 1348 2114 Dei
1375 2061 1392 2091 ί
1413 2099 1428 2125 ,
1459 2058 1650 2129 inquit,
1681 2056 1869 2110 mortui
1909 2062 2167 2124 resurgent

581 2162 658 2227 (l.
681 2155 861 2211 Thess.
884 2156 939 2210 4.
971 2153 1081 2227 16).
1110 2154 1178 2209 Et
1213 2151 1373 2218 unde,
1404 2149 1633 2220 inquies,
1661 2155 1871 2202 Constat
1899 2143 2028 2200 illud
2060 2159 2165 2198 non

580 2265 646 2304 ex
690 2248 828 2303 fastu
871 2247 1070 2303 dictum
1121 2244 1278 2299 esse?
1305 2243 1384 2297 Ex
1408 2256 1474 2297 eo
1500 2238 1642 2310 quod
1668 2237 1899 2302 additur,
1933 2235 2000 2289 Et
2036 2251 2168 2288 nunc

579 2351 672 2396 est.
695 2339 825 2395 Nam
847 2338 892 2394 si
914 2339 1087 2393 futura
1111 2344 1312 2413 tantum
1336 2334 1624 2400 nuntiaret,
1644 2329 1769 2385 hinc
1789 2329 1918 2399 ipsis
1933 2327 2166 2397 suspicio

578 2440 702 2487 orta
740 2420 904 2486 esset.
942 2428 1058 2484 lant
1099 2442 1228 2482 vero
1263 2426 1342 2481 rei
1379 2422 1893 2480 demonstrationem
1939 2417 2163 2488 praebet.

580 2524 685 2589 Me,
716 2523 906 2593 inquit,
959 2521 1232 2577 vobiscum
1284 2526 1530 2574 versante
1575 2515 1678 2570 hoc
1718 2513 1950 2570 eveniet.
1985 2511 2168 2580 Neque

578 2617 745 2682 enim,
801 2616 899 2670 nisi
945 2621 1262 2685 potestatem
1308 2610 1602 2674 habuisset,
1654 2607 1758 2661 hoc
1810 2605 2167 2675 promissurus

579 2718 714 2772 erat,
769 2723 836 2762 ne
879 2706 1136 2761 ridiculus
1164 2703 1414 2759 omnibus
1440 2707 1604 2756 esset.
1651 2697 1854 2753 Deinde
1889 2697 2026 2750 dicta
2071 2707 2165 2747 sua

578 2799 812 2868 explicat
829 2797 912 2852 his
936 2795 1245 2852 verbiszﬁti.
1276 2795 1422 2848 Sicut
1443 2793 1575 2846 enim
1599 2788 1755 2844 Pater
1780 2789 1926 2842 habet
1947 2790 2097 2840 vitam
2113 2787 2165 2839 in

581 2889 868 2957 semetipso,
893 2888 964 2941 sic
994 2887 1130 2940 dedit
1165 2894 1211 2939 et
1239 2883 1374 2938 Filio
1404 2884 1554 2936 vitam
1586 2882 1767 2935 habere
1795 2881 1847 2933 in
1875 2880 2160 2948 semetipso.

653 2984 706 3038 3.
728 2981 897 3035 Patris
924 2991 970 3034 et
1003 2979 1128 3033 Filii
1151 2977 1432 3048 wqualitas.
1447 2973 1482 3028 Ι
1487 2974 1729 3039 udicium,
1748 2974 1918 3037 vitam,
1939 2987 2162 3024 resurre-

579 3076 795 3129 ctionem
811 3091 901 3128 cur
915 3072 1144 3128 Christus
1162 3086 1293 3140 swpe
1314 3075 1570 3122 memoret.
1594 3065 1787 3118 Paulus
1805 3063 2166 3118 Samosatenus

576 3167 829 3237 quomodo
851 3167 1005 3236 legat.
1037 3163 1165 3231 Quis
1192 3163 1255 3218 sit
1276 3177 1420 3216 verus
1445 3158 1644 3230 legendi
1672 3157 1871 3210 modus.
1888 3167 1961 3195 -'—-
1979 3154 2163 3209 Viden’

578 3258 848 3330 quomodo
876 3255 1238 3327 aequalitatem
1272 3253 1539 3314 stabiliat.
1565 3259 1618 3306 et
1642 3249 1783 3304 hanc
1810 3249 1978 3302 solam
2006 3245 2163 3300 dill‘e-

580 3354 809 3407 rentiatu
851 3359 1086 3413 statuat,
1112 3345 1253 3416 quod
1283 3359 1420 3399 unus
1462 3344 1529 3396 sit
1578 3342 1735 3395 Pater
1755 3383 1770 3405 ,
1799 3340 1934 3393 alter
1959 3337 2166 3392 Filius?

580 3446 710 3498 Nam
741 3458 840 3498 vox
867 3441 975 3506 illa,
1009 3439 1184 3503 Dedit,
1215 3437 1352 3490 hanc
1380 3434 1550 3489 solum
1581 3433 1981 3486 distinctionem
2008 3429 2162 3483 indu-

582 3535 652 3591 cit
674 3552 688 3589 :
713 3544 905 3588 caetera
937 3544 1064 3585 vero
1103 3527 1282 3582 ouiuia
1325 3524 1548 3595 aequalia
1577 3532 1631 3580 et
1658 3522 1804 3593 paria
1832 3536 1951 3576 esse
1978 3531 2158 3576 ostenv

587 3625 674 3686 lit.
708 3620 859 3677 Unde
887 3620 1050 3690 liquet
1079 3631 1199 3671 eum
1231 3630 1354 3671 eum
1380 3613 1568 3670 eadem
1597 3621 1858 3682 potestate
1883 3621 1936 3665 et
1967 3611 2162 3666 virtute

578 3713 756 3767 oumia
785 3710 975 3774 facere,
1005 3724 1106 3779 qua
1136 3708 1309 3770 Pater,
1343 3719 1442 3760 nec
1469 3702 1682 3758 aliunde
1711 3704 1815 3757 vim
1846 3702 1987 3756 illam
2045 3718 2162 3756 mu-

579 3813 776 3859 tuatus.
805 3801 880 3856 lta
906 3801 1045 3855 enim
1072 3799 1230 3853 vitam
1262 3797 1440 3863 habet,
1470 3805 1529 3850 ut
1573 3795 1748 3850 Pater.
1783 3793 2013 3864 Ideoque
2040 3809 2163 3847 rur-

577 3911 670 3952 sus
699 3893 882 3964 adjicit
911 3891 961 3946 id
989 3890 1129 3960 quod
1159 3889 1398 3960 sequitur
1423 3929 1438 3953 ,
1470 3895 1528 3942 ut
1566 3902 1632 3942 ex
1673 3885 1774 3940 hoc
1805 3884 1931 3939 illud
1963 3883 2162 3938 intelli-

577 4002 785 4056 gamus.
811 3984 948 4052 Quid
971 3981 1100 4038 illud
1123 3981 1236 4038 est?
1270 3979 1335 4034 Et
1365 3987 1658 4050 potestatem
1679 3977 1815 4031 dedit
1838 3977 1884 4032 ei
1902 3975 2160 4047 judicium

579 4083 763 4149 facere.
794 4077 862 4132 Et
889 4092 985 4131 cur
1025 4073 1472 4128 resurrectionem
1512 4079 1566 4124 et
1601 4069 1861 4139 judicium
1904 4076 2009 4120 tam
2053 4066 2161 4120 fre-

579 4178 803 4240 quenter
830 4165 1123 4222 memorat?
1151 4161 1298 4217 Sicut
1337 4163 1469 4216 enim
1505 4160 1665 4215 Pater
1701 4159 1909 4214 suscitat
1939 4168 2163 4211 mortuos

583 4275 626 4314 et
651 4260 891 4329 vivi/icui,
919 4259 992 4313 sic
1021 4267 1068 4311 et
1097 4254 1264 4310 Filius
1283 4265 1410 4325 quos
1436 4253 1536 4307 vult
1566 4253 1806 4320 vivi/icui;
1835 4259 1891 4305 et
1915 4265 2123 4304 rursum
2147 4289 2160 4311 ,

583 4351 761 4424 Neque
781 4350 938 4406 Pater
953 4349 1155 4421 judicat
1175 4362 1496 4419 quamquam,
1518 4344 1606 4399 sed
1635 4360 1782 4399 omne
1798 4343 2056 4414 judicium
2085 4341 2166 4394 de.

580 4447 656 4498 dit
688 4444 860 4508 Filio;
889 4443 1213 4511 iterumque,
1245 4439 1388 4494 Sicut
1425 4437 1582 4492 Pater
1619 4437 1763 4491 habet
1814 4435 1966 4489 vitam
2004 4435 2057 4488 in
2088 4451 2166 4487 se-

581 4537 813 4608 metipso,
837 4535 908 4589 ita
927 4534 1063 4588 dedit
1088 4542 1132 4587 et
1159 4530 1292 4585 Filio
1312 4531 1465 4584 vitam
1492 4529 1672 4583 habere
1697 4530 1750 4581 in
1774 4527 2061 4597 semetipso;
2088 4533 2161 4591 et,

584 4629 686 4698 Qui
714 4627 920 4681 audient
950 4640 1117 4678 vocem
1150 4620 1274 4676 Filii
1304 4619 1418 4687 Dei,
1448 4621 1643 4682 vivent;
1671 4630 1724 4672 et
1753 4619 1852 4674 hoc
1883 4618 2028 4681 loco,
2063 4615 2166 4670 Po-

581 4731 807 4776 tcstatem
829 4719 875 4774 ei
907 4717 1043 4772 dedit
1069 4724 1113 4771 et
1132 4713 1386 4784 judicium
1415 4717 1600 4782 facere.
1629 4709 1738 4765 Cur
1757 4725 1885 4779 ergo
1918 4708 2032 4762 lucc
2053 4708 2166 4762 fre-

581 4812 832 4882 quentius
858 4816 1058 4874 versat,
1088 4820 1280 4875 nempe
1301 4803 1578 4874 judicium,
1608 4802 1792 4866 vitam,
1823 4801 2165 4855 resurrectio-

583 4902 745 4959 nem?
773 4900 1034 4967 Quoniam
1064 4899 1178 4953 hinc
1199 4896 1428 4950 maxime
1447 4903 1571 4948 sunt
1591 4907 1709 4962 quae
1733 4892 1811 4944 vel
1839 4891 2165 4945 obstinatum

580 4992 880 5048 auditorem
907 4988 1122 5045 ﬂectere
1154 4987 1375 5057 possint.
1405 4985 1506 5050 Qui
1535 4983 1673 5037 enim
1703 4981 1873 5037 credit
1901 4995 1960 5034 se
1987 4995 2167 5035 resur-

581 5095 852 5140 recturum
878 5096 1019 5145 esse,
1041 5089 1097 5136 et
1121 5078 1384 5134 scelerum
1415 5090 1599 5146 pinnas
1614 5074 1858 5128 daturum
1886 5089 1900 5138 ;
1925 5073 2024 5126 etsi
2061 5087 2165 5126 non

574 5174 725 5230 aliud
748 5173 941 5229 viderit
965 5171 1200 5242 signum,
1233 5168 1334 5222 hoc
1365 5176 1586 5235 accepto
1616 5172 1859 5219 accurret
1885 5162 2023 5217 haud
2070 5162 2170 5216 du-

583 5267 694 5333 bie,
725 5273 782 5319 ut
809 5263 1098 5334 prepitium
1127 5261 1226 5317 sibi
1253 5259 1489 5330 judiecm
1523 5258 1730 5313 reddat.
1772 5256 1860 5309 27.
1893 5254 2027 5320 Quia
2069 5254 2168 5308 Fi-

584 5357 683 5411 lius
709 5356 925 5410 hominis
951 5365 1043 5412 est.
1068 5352 1158 5408 28.
1182 5352 1336 5406 nolite
1360 5351 1453 5404 hoc
1477 5349 1741 5403 admirari.
1774 5349 1963 5402 l‘aulus
1983 5345 2170 5401 Samo-

584 5457 802 5501 sateuus
822 5460 927 5500 non
945 5445 1021 5499 sic
1040 5442 1194 5513 legit;
1220 5442 1312 5497 sed
1330 5439 1794 5513 quomodoiDedit
1813 5439 1856 5492 ei
1877 5447 2168 5510 potestatem

586 5540 836 5613 judicium
879 5537 1043 5608 facere
1062 5579 1077 5604 ,
1107 5537 1227 5607 quia
1255 5534 1426 5589 Filius
1455 5534 1672 5588 hominis
1699 5541 1790 5587 est.
1830 5531 2026 5587 Verum
2069 5529 2172 5584 hoc

588 5633 658 5688 ita
701 5633 895 5688 lectum
925 5631 1123 5684 nullam
1163 5627 1321 5683 habet
1345 5627 1845 5697 consequutionem.
1874 5626 1991 5682 Non
2027 5625 2170 5681 enim

653 5745 670 5776 ι
709 5742 791 5795 ΑΙίί
816 5741 988 5807 legunt
1014 5755 1026 5790 :
1056 5749 1107 5791 In
1120 5738 1265 5802 jussu
1282 5737 1389 5803 Dei,
1431 5738 1483 5790 in
1506 5736 1756 5791 norissima
1781 5737 1908 5790 tuba.

1304 304 1359 362 S.
1399 302 1677 363 JOANNIS
1699 293 2168 355 CHRYSOSTOMI
2209 288 2523 346 ARCI‘llEP.
2564 283 3094 343 CONSTANTIM’P.

3734 281 3835 336 925

2270 423 2389 478 ideo
2402 419 2658 490 judicium
2673 418 2899 488 accepit,
2917 415 3038 486 quia
3054 413 3216 470 homo
3230 422 3309 469 est
3331 411 3592 482 :altoquin
3613 411 3730 482 quid
3747 415 3837 465 im-

2271 513 2474 583 pediret
2501 511 2784 580 quominus
2803 523 2992 563 omnes
3016 505 3260 562 homines
3276 503 3483 573 judices
3504 505 3720 557 essent?
3745 505 3836 555 sed

2269 604 2391 674 quia
2422 601 2700 656 ineffabilis
2726 601 2868 655 illius
2890 599 3200 653 substantiae
3227 596 3391 652 Filius
3413 605 3517 658 est,
3543 595 3662 650 ideo
3683 596 3836 665 judex

2269 702 2371 749 est.
2403 692 2474 746 Ita
2505 693 2662 762 igitur
2691 690 2991 760 legendum,
3023 689 3155 757 Quia
3187 688 3353 743 Filius
3383 689 3600 743 hominis
3625 698 3715 752 est,
3745 706 3846 741 no-

2271 784 2355 839 lite
2375 785 2467 838 hoc
2487 783 2746 836 admirari.
2783 781 2912 837 Cum
2949 782 3220 836 videretur
3247 780 3578 835 auditoribus
3607 796 3842 850 pugnan-

2271 878 2341 929 tia
2385 874 2566 944 loqui,
2600 882 2651 928 et
2681 872 2810 927 nihil
2841 872 2982 927 aliud
3022 887 3179 942 quam
3213 887 3402 941 purum
3427 871 3697 925 hominem
3727 886 3844 925 esse

2270 967 2414 1020 illum
2443 973 2709 1035 putarent,
2738 963 2896 1019 verba
2920 972 3095 1018 autem
3122 978 3278 1032 supra
3301 963 3594 1028 hominem,
3625 963 3732 1017 imo
3757 978 3847 1016 su-

2271 1074 2360 1128 pra
2386 1057 2606 1127 angelos
2629 1063 2830 1123 essent,
2857 1065 2912 1110 et
2939 1055 3106 1109 solius
3137 1056 3265 1117 Dei;
3291 1055 3427 1109 haue
3465 1055 3677 1108 θυινθυε
3701 1055 3847 1120 01)]οο

2269 1149 2500 1202 ctiOnem
2549 1146 2872 1216 subjunxit:
2916 1145 3089 1200 Nolite
3127 1146 3301 1199 mirari
3347 1147 3441 1200 hoc
3467 1187 3484 1212 ,
3523 1146 3644 1211 quia
3682 1143 3849 1198 Filius

2269 1239 2487 1291 hominis
2515 1246 2586 1292 est
2615 1255 2634 1291 :
2659 1236 2777 1306 quia
2799 1239 2930 1292 venit
2956 1238 3100 1303 hora,
3129 1238 3181 1291 in
3206 1253 3306 1307 qua
3331 1254 3520 1302 omnes,
3548 1238 3636 1307 qui
3663 1238 3714 1290 in
3742 1255 3848 1288 mo-

2269 1331 2516 1384 numentis
2540 1339 2676 1394 sunt,
2708 1329 2912 1384 audient
2935 1346 3102 1384 vocem
3133 1332 3265 1400 ejus;
3292 1330 3381 1386 29.
3407 1339 3452 1384 et
3478 1330 3744 1398 precedent
3766 1333 3850 1399 qui

2271 1422 2400 1475 bona
2427 1425 2651 1492 fecerunt
2672 1463 2686 1489 ,
2713 1424 2768 1476 in
2797 1424 3208 1477 resurrectionem
3250 1424 3363 1477 uitta
3388 1439 3407 1477 :
3434 1424 3521 1493 qui
3560 1440 3676 1477 vero
3715 1428 3851 1476 ninia

2269 1523 2476 1583 egerunt
2498 1555 2513 1579 ,
2543 1515 2596 1567 in
2619 1516 3034 1569 resurrectionem
3048 1513 3256 1582 judicii.
3292 1515 3360 1569 Et
3412 1531 3509 1569 cur
3536 1530 3640 1568 non
3669 1515 3803 1570 dixit
3831 1559 3845 1580 ,

2270 1604 2442 1658 Nolite
2464 1605 2665 1670 mirari,
2695 1605 2815 1674 quia
2844 1603 3010 1659 Filius
3038 1604 3271 1660 hominis
3296 1605 3550 1660 est‘lnam
3577 1606 3732 1659 etiam
3766 1605 3851 1658 Fi-

2271 1697 2374 1752 lius
2414 1699 2506 1754 Dei
2548 1708 2667 1764 est;
2713 1698 2808 1753 sed
2850 1700 3297 1754 resurrectionem
3335 1700 3690 1753 memoravit?
3728 1698 3846 1754 lam

2270 1789 2399 1845 illud
2443 1805 2601 1860 supra
2643 1801 2930 1860 posuerat,
2963 1789 3145 1845 dicens
3197 1808 3210 1844 :
3253 1789 3472 1844 Audierit
3513 1805 3679 1843 vocem
3724 1787 3850 1843 Filii

2272 1881 2388 1936 Dei.
2424 1881 2577 1948 Quod
2607 1883 2652 1936 si
2685 1881 2770 1937 hic
2807 1881 2936 1936 illud
2966 1881 3164 1947 tacuit,
3209 1895 3275 1935 ne
3314 1881 3543 1935 mireris.
3569 1879 3700 1934 Nam
3729 1895 3849 1933 eum

2271 1988 2405 2043 Opus
2435 1972 2628 2027 dixerit
2668 1971 2810 2042 quod
2837 1972 2946 2026 Deo
2968 1971 3240 2042 proprium
3265 1979 3413 2037 erat,
3445 1969 3572 2024 hinc
3611 1968 3848 2024 inferen-

2270 2063 2397 2118 dum
2439 2062 2769 2118 auditoribus
2806 2062 3096 2132 relinquit,
3127 2062 3298 2130 ipsum
3337 2075 3460 2115 esse
3508 2068 3562 2114 et
3596 2058 3762 2113 Deum
3790 2069 3852 2113 et

2273 2157 2366 2213 Dei
2395 2157 2606 2212 Filium.
2639 2155 2768 2210 Nam
2794 2155 2838 2209 si
2866 2154 2919 2210 id
2941 2153 3244 2224 frequenter
3263 2153 3500 2218 dixisset,
3532 2152 3646 2206 illos
3672 2151 3738 2205 ad
3763 2167 3855 2205 re-

2272 2247 2611 2318 pugnandum
2636 2247 2978 2311 concitasset;
3001 2259 3065 2299 ex
3088 2244 3356 2299 miraculis
3385 2257 3512 2298 vero
3535 2241 3856 2310 comproba.

2273 2351 2381 2396 tum
2429 2342 2604 2395 minus
2646 2340 2884 2394 odiosam
2924 2339 3218 2392 doctrinam
3257 2334 3534 2390 reddebat.
3583 2333 3712 2388 Nam
3754 2336 3854 2402 qui

2272 2433 2611 2504 syIIOgismos
2632 2437 2882 2495 nectunt,
2906 2429 3090 2498 positis
3121 2425 3567 2497 propositionibus
3593 2439 3710 2493 qua:
3731 2438 3851 2476 rem

2271 2523 2515 2593 probent,
2547 2537 2688 2591 smpe
2716 2519 3112 2576 conclusionem
3142 2533 3248 2572 non
3276 2515 3525 2578 aderunt;
3561 2513 3653 2568 sed
3681 2514 3853 2567 henc-

2271 2613 2620 2668 volentiorem
2666 2611 2789 2664 hinc
2817 2610 2918 2664 sibi
2947 2610 3245 2662 auditorem
3281 2605 3544 2668 reddunt,
3576 2613 3631 2658 et
3669 2603 3855 2673 splen-

2268 2703 2530 2758 didiorem
2553 2701 2790 2758 referunt
2815 2701 3110 2765 victoriam,
3136 2700 3260 2753 dum
3285 2697 3645 2752 adversarium
3674 2697 3855 2764 ipsum

2269 2804 2467 2864 cogunt
2507 2793 2824 2848 sententiam
2865 2793 3006 2848 terre
3051 2806 3207 2860 quam
3261 2788 3448 2844 volunt
3483 2807 3496 2842 :
3532 2788 3603 2841 ita
3652 2797 3706 2841 ut
3752 2788 3856 2854 qui

2270 2898 2562 2956 prmsentes
2588 2895 2712 2941 sunt
2737 2887 2904 2956 ipsam
2935 2885 3056 2939 ideo
3080 2885 3260 2938 statim
3283 2881 3692 2952 amplectantur.
3713 2878 3855 2932 Cum

2269 2993 2428 3049 porro
2473 2977 2657 3030 Lazari
2702 2976 3148 3032 resurrectionem
3195 2971 3551 3037 memoravit,
3591 2969 3857 3039 judicium

2271 3071 2451 3135 tacuit;
2483 3084 2588 3123 non
2610 3068 2750 3122 enim
2778 3066 2878 3122 hac
2896 3065 2964 3121 de
2983 3079 3143 3120 causa
3173 3063 3457 3119 suscitatus
3473 3075 3552 3116 εει
3577 3059 3818 3116 Lazarus
3842 3078 3855 3110 :

2268 3177 2390 3217 eum
2406 3169 2583 3215 autem
2599 3159 2668 3214 de
2692 3156 2977 3213 universali
3003 3156 3416 3218 resurrectione,
3441 3153 3492 3207 id
3513 3151 3724 3222 adjecit,
3747 3165 3862 3204 eos

2267 3255 2357 3325 qui
2379 3255 2516 3309 bona
2543 3261 2764 3323 egerunt
2791 3252 2956 3306 ituros
2985 3251 3037 3305 in
3067 3247 3518 3304 resurrectionem
3559 3246 3681 3298 vita:
3707 3261 3722 3308 ;
3751 3247 3860 3314 qui

2269 3361 2396 3400 vero
2421 3345 2555 3399 mala
2579 3384 2594 3410 ,
2624 3345 2676 3398 in
2707 3339 3379 3409 resurrectionemjudicii.
3412 3337 3502 3394 Sic
3525 3347 3580 3391 et
3606 3335 3862 3391 Jo.:nncs

2267 3438 2562 3492 auditorem
2590 3435 2836 3492 excitavit
2858 3475 2872 3500 ,
2901 3434 3154 3502 judicium
3187 3445 3525 3496 memorans,
3568 3440 3621 3484 et
3661 3428 3862 3483 dicens

2267 3545 2389 3586 eum
2414 3529 2503 3600 qui
2533 3545 2640 3583 non
2666 3527 2837 3583 credit
2864 3528 2916 3582 in
2943 3526 3134 3580 Filium
3156 3565 3170 3590 ,
3204 3539 3311 3578 non
3341 3525 3574 3577 visurum
3618 3535 3736 3576 esse
3773 3522 3862 3575 vi-

2269 3633 2374 3678 tam
2396 3663 2411 3685 ,
2436 3622 2529 3677 sed
2561 3623 2692 3676 iram
2717 3621 2806 3676 Dei
2835 3634 3141 3674 mansuram
3167 3633 3290 3673 esse
3317 3633 3479 3686 super
3503 3632 3623 3671 eum
3650 3616 3669 3686 (
3684 3614 3862 3668 Joan.

2267 3715 2320 3770 ὅ.
2351 3714 2463 3784 56).
2488 3714 2577 3768 Sic
2613 3723 2666 3768 et
2698 3711 2987 3768 Nicodemo
3013 3709 3144 3764 dixit
3176 3729 3190 3764 :
3219 3708 3319 3776 Qui
3347 3710 3504 3762 credit
3530 3709 3584 3761 iu
3611 3706 3816 3760 Filium
3847 3749 3862 3773 ,

2267 3823 2366 3860 non
2401 3805 2670 3875 judicatur
2697 3820 2716 3858 :
2743 3805 2828 3874 qui
2857 3815 3026 3857 autent
3065 3818 3168 3856 non
3212 3801 3371 3854 credit
3399 3841 3414 3866 ,
3436 3801 3548 3870 jam
3583 3799 3862 3869 judicatus

2269 3908 2342 3951 est
2367 3895 2530 3965 (Ibid.
2565 3897 2619 3951 5.
2645 3894 2764 3967 18).
2792 3895 2883 3950 Sic
2901 3902 2956 3950 et
2979 3894 3081 3950 hoc
3103 3893 3222 3948 loco
3249 3902 3304 3947 et
3319 3891 3504 3962 judicii
3529 3901 3584 3945 et
3605 3890 3861 3958 Stlpplit‘li

2269 3987 2545 4050 meminit,
2585 3986 2741 4041 malis
2776 3986 2984 4040 actibus
3022 3984 3284 4054 deputati.
3327 3983 3460 4049 Quia
3501 3983 3644 4036 enim
3687 3996 3862 4048 supra

2268 4077 2496 4139 dixerat,
2526 4076 2626 4143 Qui
2651 4076 2794 4130 audit
2820 4075 2968 4129 verba
2989 4091 3116 4140 mea,
3141 4084 3188 4128 et
3206 4074 3363 4128 credit
3392 4075 3437 4127 ei
3460 4073 3548 4143 qui
3569 4089 3646 4125 me
3673 4072 3827 4125 misit
3858 4113 3862 4125 .

2269 4187 2368 4224 non
2383 4169 2644 4239 judicatur
2667 4186 2684 4222 :
2707 4184 2774 4223 ne
2794 4170 2913 4238 quis
2939 4177 3086 4238 putet
3105 4168 3205 4222 hoc
3223 4167 3288 4222 ad
3311 4167 3534 4222 salutem
3556 4167 3687 4220 satis
3707 4182 3861 4220 esse,

2269 4263 2392 4316 vit-.e
2417 4261 2678 4316 rationem
2703 4260 2870 4324 addit,
2905 4259 3004 4325 Qui
3030 4259 3161 4313 bona
3189 4268 3412 4329 egerunt,
3444 4259 3497 4310 in
3521 4261 3861 4312 resurrectio

2270 4369 2382 4406 nem
2409 4351 2557 4415 vitta;
2577 4351 2661 4419 qui
2680 4349 2837 4418 mala,
2859 4351 2911 4404 in
2940 4350 3354 4404 resurrectionem
3365 4350 3569 4420 judicii.
3589 4350 3862 4416 Quonian

2271 4447 2432 4518 igitur
2459 4445 2669 4500 dixerat
2690 4453 2860 4500 totum
2889 4445 3073 4499 orbem
3102 4444 3202 4514 ipsi
3227 4446 3489 4498 rationem
3516 4443 3862 4498 redditur-un

2271 4551 2392 4592 esse
2411 4578 2427 4604 ,
2465 4545 2520 4592 et
2545 4551 2733 4592 omnes
2752 4551 2782 4590 a
2811 4549 2942 4591 voce
2963 4536 3081 4605 ejus
3107 4550 3225 4591 esse
3264 4544 3662 4591 resurrecturus
3684 4577 3698 4600 ,
3743 4553 3862 4591 rei:

2271 4638 2416 4684 certe
2458 4643 2648 4682 novam
2676 4667 2692 4693 ,
2736 4628 3188 4697 inexspectatam,
3233 4636 3289 4698 et
3330 4641 3360 4680 a
3407 4627 3591 4682 multis
3618 4627 3862 4683 nondun

2271 4719 2530 4774 creditam
2556 4761 2572 4786 ,
2607 4721 2674 4775 ab
2708 4720 2772 4775 iis
2807 4719 2969 4774 etiam
3005 4720 3097 4789 qui
3137 4718 3427 4774 credidisse
3451 4719 3735 4785 videntur,
3779 4737 3862 4776 ne

2273 4811 2398 4866 dum
2426 4825 2458 4865 a
2481 4810 2682 4866 Judazis
2709 4829 2724 4877 ;
2751 4810 2872 4865 audi
2902 4825 3008 4880 quo
3034 4819 3188 4880 pacto
3231 4810 3347 4864 h:ec
3379 4809 3616 4877 proterat
3643 4811 3862 4864 audito

2274 4917 2392 4955 rum
2423 4901 2715 4956 inﬁrmitati
2739 4915 2799 4956 se
2827 4909 3212 4970 attemperans.
3236 4900 3325 4955 50.
3361 4900 3482 4953 Non
3525 4917 3737 4968 possunt
3788 4922 3862 4974 «ηρ

2274 5009 2305 5046 a
2345 4994 2532 5063 meipso
2558 4996 2722 5063 facere
2749 4992 3040 5063 quidquam.
3071 4992 3215 5047 Sicut
3237 4995 3410 5059 audio,
3436 4993 3639 5063 judico,
3694 5006 3743 5048 et
3793 5000 3862 5065 jr

2276 5085 2463 5138 diciuut
2495 5100 2658 5137 meum
2689 5085 2890 5152 justum
2917 5093 2992 5137 est
3015 5125 3029 5149 ,
3067 5083 3186 5152 quia
3213 5101 3314 5136 non
3336 5099 3505 5154 quer
3549 5084 3862 5140 voluntate.

2276 5193 2459 5242 meam,
2479 5176 2568 5230 sed
2583 5175 2887 5229 voluntatem
2907 5176 3016 5246 ejus
3036 5176 3122 5246 qui
3144 5176 3277 5230 misit
3298 5192 3396 5229 me.
3418 5176 3580 5244 Atqui
3609 5193 3722 5231 non
3754 5195 3862 5248 pa!

2278 5284 2399 5322 vum
2429 5268 2537 5336 jam
2583 5267 2804 5322 dederat
2849 5267 3262 5322 resurrectionis
3292 5276 3712 5337 argumentum,
3746 5286 3862 5325 Cll!

2279 5360 2625 5430 paralyticum
2675 5358 2902 5413 sanavit.
2960 5357 3192 5427 Ideoque
3229 5374 3336 5426 non
3378 5369 3501 5413 ante
3529 5359 3598 5414 de
3625 5374 3862 5416 resurrt

2279 5451 2459 5505 ctione
2485 5451 2733 5520 loquutus
2762 5459 2865 5513 est,
2892 5465 3051 5519 quam
3073 5447 3184 5504 hoc
3206 5448 3444 5514 fecisset,
3469 5450 3613 5520 quod
3636 5466 3666 5504 a
3691 5465 3857 5508 resu

2281 5544 2521 5597 rectione
2551 5557 2656 5595 non
2685 5543 2912 5595 multum
2935 5541 3118 5595 aberat
3141 5560 3156 5597 :
3182 5540 3441 5611 judicium
3468 5557 3599 5596 vero
3632 5553 3762 5611 post
3801 5564 3862 5599 Cl

2283 5643 2457 5688 ratum
2480 5646 2674 5703 corpus
2705 5631 3063 5686 subiudieavit
3090 5632 3170 5687 his
3203 5632 3382 5686 verbis
3409 5649 3423 5687 :
3457 5631 3592 5686 Ecce
3611 5649 3788 5687 ςαηιιε
3819 5643 3862 5706 ιη

2282 5739 2388 5782 ctus
2417 5743 2498 5794 es;
2516 5726 2632 5797 jam
2669 5726 2773 5781 noli
2797 5741 3005 5797 peccare
3025 5766 3041 5792 ,
3067 5741 3130 5780 ne
3150 5725 3370 5781 deterius
3404 5725 3491 5779 tibi
3515 5725 3710 5793 aliquid
3747 5745 3862 5783 to:
