4070 6214
431 339 536 396 2'25

411 905 535 958 hora
554 916 600 958 et
622 923 755 960 nunc
775 918 846 963 est
867 927 886 976 ,-
914 911 1267 969 universalem
1297 924 1475 971 autem
1495 933 1559 973 ex
1590 920 1772 976 Lazari
1802 940 1980 980 resur-

410 1000 669 1064 rectione,
691 1016 785 1068 per
800 1017 863 1057 ea
889 1019 1005 1073 qua:
1031 1003 1170 1060 facta
1197 1006 1426 1074 fuerant,
1443 1012 1677 1066 nondum
1707 1026 1853 1086 gesta
1878 1018 1976 1072 sub

402 1091 586 1159 oculos
611 1093 899 1150 adducens.
916 1097 1067 1164 Quod
1091 1098 1263 1168 ipsum
1290 1101 1480 1173 ubique
1505 1103 1680 1162 facere
1700 1107 1971 1166 videmus:

396 1179 526 1236 dum
566 1183 698 1238 duas
725 1186 808 1240 vel
841 1194 951 1242 tres
975 1189 1349 1256 praedictiones
1389 1195 1667 1264 proponit,
1697 1207 1752 1252 et
1796 1198 1970 1256 futura

394 1286 458 1325 ex
487 1273 647 1340 gestis
673 1273 946 1330 credibilia
978 1276 1174 1332 reddit.

461 1382 515 1438 ι.
547 1383 793 1441 Attamen
824 1384 908 1442 his
933 1387 1088 1445 dictis
1112 1399 1272 1461 atque
1307 1394 1472 1463 gestis
1490 1436 1506 1462 ,
1535 1397 1658 1466 quia
1683 1399 1761 1455 illi
1791 1400 1965 1460 imbe-

386 1473 660 1532 cilliores‘
725 1487 910 1544 erant,
971 1479 1087 1536 haec
1128 1497 1233 1536 non
1275 1484 1404 1540 satis
1449 1485 1665 1554 habuit,
1706 1490 1798 1546 sed
1844 1493 1965 1549 aliis

383 1579 596 1634 quoque
617 1566 793 1622 allatis
815 1568 1026 1625 illorum
1046 1573 1388 1640 pertinaciam
1410 1577 1430 1608 ³
1448 1579 1709 1646 reprimit,
1737 1581 1955 1638 dicens:

385 1652 506 1707 Non
535 1670 739 1725 possunt
768 1673 800 1710 a
827 1659 1014 1727 meipso
1050 1664 1216 1732 facere
1250 1665 1545 1734 quidquam.
1591 1668 1736 1724 Sicut
1768 1673 1950 1740 audio,

1347 350 1410 405 IN
1446 352 1759 414 JOANNEM
1795 361 2021 420 IIOMIL.
2065 365 2302 425 XXXIX.
2344 377 2413 430 aI.
2458 379 2741 441 XXXVIII.

428 449 607 519 tingat.
641 452 891 509 Attamen
919 465 972 510 et
1009 454 1194 511 Lazari
1232 467 1287 513 et
1328 461 1472 517 orbis
1516 472 1773 523 terrarum
1805 487 1986 528 resur-

423 540 713 595 rectionem
746 544 1003 611 prtcdicit.
1033 545 1099 600 Et
1125 548 1247 618 quia
1280 549 1439 606 hasce
1467 553 1602 612 duas
1643 564 1990 618 resurrectio-

2102 496 2202 536 una
2232 493 2312 539 est
2343 503 2459 544 mea
2487 502 2541 547 et
2570 492 2761 564 Patris,
2801 511 2859 556 ut
2899 507 3052 563 unius
3084 512 3244 571 animi
3285 521 3527 582 voluntas
3567 547 3668 589 una

2096 579 2196 679 est.
2223 571 2329 629 Nec
2355 578 2566 636 mireris
2593 583 2640 638 si
2667 595 2863 644 tantam
2897 591 3036 650 dicat
3061 603 3504 672 conjunctionem.
3535 571 3667 679 Nat:

2093 656 2160 714 de
2187 662 2374 732 spiritu
2411 684 2620 741 quoque
2654 677 2842 734 eodem
2883 682 3074 744 Paulus
3111 656 3354 767 exemplo
3393 656 3665 766 ullIUP‘d:

2090 763 2218 806 cens
2247 770 2260 806 :
2297 755 2424 823 Quis
2447 761 2540 815 scit
2567 763 2822 823 hominum
2852 788 2964 841 qua:
2989 790 3108 834 sunt
3143 755 3391 860 hominis,
3432 798 3530 852 nisi
3552 803 3634 860 soi

2087 840 2211 894 ritus
2238 843 2452 902 hominis
2476 853 2560 920 qui
2585 855 2634 908 in
2661 857 2771 927 ipso
2796 840 2909 918 est?
2932 865 3018 920 Ita
3041 880 3089 924 et
3114 889 3228 941 quae
3253 877 3346 934 Dei
3371 840 3488 939 sunt
3514 840 3661 948 nemo

2085 932 2238 994 nouit,
2266 935 2362 1045 nisi
2384 938 2720 1045 ﬁpi'ritus‘lki
2744 950 2818 1020 (I.
2845 952 2960 1009 Cor.
2987 958 3040 1012 2.
3071 932 3181 1030 η).
3204 932 3344 1025 Nihil

2081 1034 2237 1088 quam
2267 1023 2365 1078 hoc
2391 1028 2518 1084 dicit
2549 1051 2562 1086 :
2596 1033 2708 1090 Non
2748 1051 2828 1094 est
2867 1045 2993 1100 mihi
3035 1051 3277 1111 voluntas
3314 1023 3496 1122 aliaoet
3523 1084 3650 1139 pro-

2078 1108 2190 1175 pria
2220 1127 2378 1221 quam
2406 1133 2523 1187 qua:
2545 1122 2721 1221 Patris
2743 1137 2826 1185 est
2853 1148 2868 1186 :
2895 1135 2987 1189 scd
3017 1138 3060 1191 si
3090 1143 3212 1210 quid
3251 1108 3650 1221 ius-Rh,

2075 1207 2129 1251 et
2151 1214 2251 1269 ego
2273 1204 2419 1270 volo;
2442 1217 2495 1262 et
2513 1211 2557 1264 si
2582 1213 2704 1282 quid
2729 1231 2848 1288 ego,
2872 1221 2971 1278 hoc
2993 1235 3048 1279 et
3067 1204 3170 1284 ille.
3194 1204 3646 1305 Quemadmodum

2072 1302 2200 1359 ergo
2225 1292 2437 1352 Patrem
2468 1316 2624 1358 nemo
2652 1308 3004 1376 reprehendet
3037 1315 3358 1386 judicantem
3379 1371 3394 1396 ,
3433 1331 3506 1388 ita
3545 1353 3645 1394 nec

2072 1391 2158 1433 me
2185 1397 2200 1433 :
2232 1397 2298 1437 ex
2329 1386 2512 1445 eadem
2537 1392 2733 1463 quippe
2757 1404 3016 1457 sententia
3043 1416 3263 1481 uterque
3287 1386 3520 1479 calculus
3539 1426 3643 1482 fer-

2069 1473 2172 1522 tur.
2205 1471 2356 1540 Quod
2383 1477 2426 1529 si
2455 1478 2570 1535 haec
2595 1482 2681 1538 ille
2708 1485 2940 1547 humano
2977 1509 3126 1552 more
3152 1471 3415 1574 loquatur,
3443 1527 3512 1568 ne
3537 1518 3637 1571 mi-

2065 1559 2200 1614 reris
2245 1579 2260 1618 :
2308 1579 2427 1619 nam
2472 1568 2617 1624 illum
2661 1571 2930 1634 hominem
2970 1597 3159 1652 purum
3205 1559 3324 1648 esse
3360 1559 3632 1665 phtabant.

2060 1645 2411 1714 Quamobrem
2434 1657 2485 1711 in
2507 1659 2769 1718 similibus
2789 1645 2998 1736 oportet
3023 1688 3128 1729 non
3153 1645 3633 1755 dicta

376 1743 572 1814 judico,
604 1755 650 1800 et
681 1748 934 1818 judicium
970 1767 1132 1807 meum
1146 1754 1343 1822 justum
1379 1767 1473 1820 est,
1501 1761 1619 1826 quia
1646 1777 1746 1816 non
1782 1780 1908 1834 quan

2056 1744 2111 1790 ct
2139 1741 2740 1833 tiominumlopinionem
2766 1761 3118 1832 perpendere,
3149 1776 3200 1822 et
3229 1778 3630 1843 responsionem

376 1834 680 1891 voluntatem
722 1855 884 1894 meum
901 1882 916 1908 ,
955 1845 1046 1898 sed
1071 1844 1376 1902 uoluntatem
1405 1850 1515 1922 ejus
1551 1852 1638 1923 qui
1672 1853 1805 1908 misit
1850 1873 1946 1911 me.

371 1923 504 1989 Quia
532 1927 672 1981 enim
700 1930 874 1986 aliena
897 1934 1139 2002 quadam
1162 1947 1216 1990 et
1256 1952 1288 1992 a
1330 1940 1602 2010 prOphetis
1629 1943 1834 2000 diversa
1860 1946 1946 2002 di-

368 2027 493 2069 cere
521 2015 797 2075 videbatur
835 2022 951 2092 (illi
990 2025 1184 2096 quippe
1211 2027 1458 2086 dicebant
1497 2033 1663 2090 Deum
1699 2052 1818 2094 esse
1854 2037 1941 2109 qui

361 2105 560 2172 judicat
588 2118 781 2166 terram
807 2127 1042 2181 omnem,
1069 2116 1172 2178 hoc
1196 2129 1298 2185 est,
1325 2137 1491 2192 genus
1529 2125 1835 2184 humanum.
1872 2105 1941 2187 Iit

363 2195 466 2252 hoc
491 2198 652 2256 David
683 2203 876 2274 ubique
903 2207 1174 2277 praedicat,
1202 2210 1459 2268 Judicabit
1481 2224 1693 2287 populos
1711 2222 1764 2275 in
1781 2226 1938 2294 aequi.

361 2295 461 2342 tate
486 2287 664 2360 [PsaL
695 2294 789 2350 95.
817 2296 944 2369 10];
974 2308 1029 2354 et
1050 2341 1067 2366 ,
1096 2300 1231 2357 Deus
1265 2305 1428 2374 judea:
1456 2309 1662 2380 justus‘,
1701 2287 1849 2382 fortis
1887 2327 1936 2373 et

357 2379 551 2443 patiens
580 2379 757 2454 [PsaL
793 2387 844 2439 7.
881 2387 1016 2460 12];
1063 2390 1413 2464 similiterque
1445 2411 1632 2456 omnes
1658 2379 1932 2472 prophetae

351 2479 407 2522 et
433 2469 640 2540 Moyses
673 2492 686 2528 :
717 2475 958 2534 Christus
987 2497 1110 2536 vero
1138 2483 1366 2551 dicebat,
1400 2486 1556 2542 Pater
1578 2469 1822 2548 neminem
1836 2498 1929 2566 ju-

350 2561 519 2628 dicat,
544 2564 634 2618 sed
648 2567 900 2636 judicium
927 2571 1064 2626 dedit
1095 2573 1268 2642 Filio;
1305 2579 1436 2634 illud
1477 2595 1602 2638 vero
1628 2561 1922 2643 auditorem

347 2651 586 2712 Judaeum
641 2659 854 2716 turbare
901 2673 1146 2732 poterat,
1211 2668 1567 2742 inducercque
1629 2684 1683 2728 ut
1738 2675 1920 2734 Jesum

349 2745 458 2800 Deo
480 2746 840 2806 adversarium
879 2756 1276 2829 suspicaretur)
1308 2775 1326 2815 :
1367 2761 1452 2817 hic
1475 2763 1760 2820 admodum
1796 2782 1919 2826 sese

337 2835 576 2903 dimittit,
599 2849 854 2908 quantum
876 2845 1080 2901 scilicet
1106 2846 1438 2906 imbecillitas
1477 2867 1661 2908 eorum
1685 2858 1916 2925 postula-

342 2925 450 2992 bat,
484 2937 540 2982 ut
565 2931 915 2998 perniciosam
949 2934 1085 2991 hanc
1111 2940 1464 3008 suiSpicionem
1493 2944 1742 3001 radicitus
1765 2950 1912 3004 avel-

338 3015 492 3082 lcrct,
519 3019 730 3090 aitque,
772 3022 882 3094 Ego
909 3041 1010 3079 non
1041 3043 1246 3095 possunt
1283 3047 1318 3083 α
1345 3033 1534 3100 meipso
1574 3036 1740 3104 facere
1767 3040 1914 3108 quid-

330 3121 520 3173 quam;
547 3107 598 3163 id
628 3119 712 3164 est
733 3150 750 3175 ,
782 3111 923 3167 Nihil
950 3115 1180 3171 alienum
1200 3156 1216 3184 ,
1243 3118 1545 3189 diversum,
1585 3123 1726 3194 quod
1755 3107 1912 3182 Pater

331 3195 491 3261 nolit,
528 3211 560 3250 a
589 3213 673 3254 me
697 3198 892 3256 factum
917 3204 1166 3260 videbitis
1185 3248 1202 3273 ,
1232 3209 1315 3263 vel
1343 3209 1542 3266 dictum
1566 3214 1812 3270 audietis.
1844 3218 1910 3272 Et

323 3301 450 3339 cuin
477 3285 624 3354 prius
648 3286 860 3355 dixerit,
887 3291 1056 3346 Filius
1080 3293 1313 3352 hominis
1339 3310 1420 3355 est
1443 3341 1458 3366 ,
1502 3304 1623 3373 quia
1665 3304 1738 3360 illi
1783 3321 1905 3364 eum

323 3389 518 3443 purum
545 3375 814 3433 hominem
840 3394 960 3436 esse
986 3383 1396 3455 arbitrabantur,
1427 3391 1548 3446 ideo
1573 3393 1662 3448 illa
1687 3395 1899 3464 adjecit.

324 3465 391 3522 Ut
418 3481 548 3536 ergo
577 3483 740 3538 supra
765 3486 884 3526 cum
920 3472 1155 3545 diceret,
1199 3478 1349 3540 Quod
1384 3484 1696 3550 audivimus,
1740 3487 1900 3558 loqui-

317 3573 454 3622 mur,
485 3569 532 3612 (ι
556 3561 692 3630 quod
719 3562 954 3628 vidimus,
987 3575 1262 3634 testamur;
1289 3580 1343 3626 et
1373 3572 1624 3642 Joannes,
1657 3578 1805 3644 Quod
1826 3581 1898 3634 vi-

315 3650 389 3702 dit
406 3688 423 3715 ,
454 3659 676 3720 testatur,
704 3663 750 3708 et
777 3656 1111 3712 testimonium
1133 3662 1244 3730 ejus
1264 3679 1406 3718 nemo
1426 3668 1640 3738 accipit;
1661 3669 1727 3726 de
1748 3682 1890 3726 certa

316 3741 544 3812 loquitur
569 3746 871 3816 cognitione
898 3748 966 3803 ad
998 3760 1278 3822 utrumque
1296 3795 1312 3822 ,
1346 3772 1451 3810 non
1482 3773 1607 3813 vero
1635 3761 1890 3829 simpliciv

315 3843 396 3888 ter
419 3834 484 3890 de
508 3838 689 3893 auditu
719 3847 773 3894 et
797 3839 865 3896 de
891 3842 1007 3896 visu
1035 3859 1049 3895 :
1081 3843 1147 3898 ita
1177 3854 1232 3900 et
1254 3845 1340 3901 hic
1368 3863 1464 3918 per
1493 3850 1727 3906 auditum
1756 3853 1886 3909 nihil

308 3925 448 3981 aliud
473 3928 750 3998 significat,
778 3947 934 4002 quam
965 3949 1069 3990 non
1099 3951 1255 4006 posse
1282 3954 1341 3994 se
1369 3941 1510 3997 aliud
1541 3944 1696 4012 velle,
1725 3961 1883 4014 quam

305 4016 446 4086 quod
473 4020 585 4072 vult
623 4019 800 4076 Pater.
841 4021 947 4078 Sed
977 4024 1028 4078 id
1071 4040 1174 4080 non
1217 4027 1287 4082 ita
1328 4029 1470 4085 clare
1509 4031 1640 4088 dixit
1679 4033 1884 4106 (neque

303 4106 445 4161 enim
477 4107 614 4164 ferre
644 4111 935 4178 potuissent
961 4114 1006 4168 si
1033 4125 1217 4185 aperte
1239 4118 1534 4191 dixisset);
1565 4139 1749 4180 verum
1777 4127 1882 4195 quo

303 4198 494 4266 pacto?
525 4200 821 4258 Admodum
856 4205 1088 4264 demisso
1130 4217 1184 4265 et
1223 4209 1457 4268 humano
1498 4230 1647 4270 more
1685 4235 1697 4270 :
1738 4217 1880 4273 Sicut

299 4289 472 4351 audio,
493 4289 692 4358 judico.
725 4292 839 4349 Non
865 4295 933 4352 de
953 4297 1192 4353 doctrina
1214 4299 1300 4356 hic
1319 4303 1524 4369 agitur;
1548 4321 1716 4376 neque
1736 4311 1877 4364 enim

295 4379 459 4446 dicit,
505 4380 653 4437 Sicut
675 4383 898 4454 doceor,
928 4387 1021 4443 sed
1041 4428 1058 4454 ,
1087 4389 1235 4443 Sicut
1261 4392 1415 4446 audio
1444 4409 1464 4447 :
1494 4409 1598 4450 non
1624 4397 1763 4466 quod
1789 4413 1878 4454 au-

294 4469 408 4525 ditu
440 4481 594 4542 egeat
621 4492 634 4528 :
666 4491 770 4531 non
799 4479 959 4534 modo
987 4495 1094 4534 non
1135 4481 1380 4538 doctrina
1403 4525 1417 4550 ,
1447 4485 1538 4542 sed
1584 4504 1652 4544 ne
1693 4491 1874 4548 auditu

291 4564 504 4632 quidem
535 4567 837 4638 indigebat;
865 4572 959 4626 sed
987 4575 1327 4631 concordiam
1367 4577 1598 4647 indicat,
1640 4590 1700 4664 et
1733 4583 1870 4639 idem

290 4654 461 4722 ipsum
487 4655 746 4724 judicium
764 4700 780 4725 ,
809 4675 874 4715 ac
901 4661 946 4716 si
975 4662 1176 4718 diceret
1205 4680 1218 4716 :
1251 4663 1322 4719 Ita
1348 4665 1530 4736 judico
1555 4684 1617 4725 ac
1643 4654 1700 4725 si.
1715 4671 1873 4728 Pater

290 4745 400 4814 ipse
424 4746 708 4816 judicaret.
738 4752 928 4807 Postea
957 4753 1140 4824 adjicit
1171 4773 1185 4810 :
1218 4755 1284 4810 Et
1313 4760 1428 4813 novi
1453 4761 1589 4830 quod
1611 4763 1869 4833 judicium

288 4852 450 4890 meum
465 4840 666 4909 justum
692 4851 792 4908 est,
834 4845 954 4913 quia
996 4861 1097 4899 non
1134 4863 1302 4916 quwro
1331 4851 1632 4908 voluntatem
1666 4871 1864 4926 nteant,

285 4928 374 4980 sed
396 4928 702 4984 voluntatem
729 4933 838 5001 ejus
865 4934 950 5003 qui
984 4936 1116 4989 misit
1145 4952 1241 4991 me.
1274 4937 1409 5007 Quid
1435 4941 1602 4997 dicis?
1632 4943 1866 5003 habesne

284 5017 506 5073 alteram
535 5035 692 5090 quam
719 5021 879 5078 Pater
906 5025 1271 5083 voluntatem?
1302 5031 1460 5099 Atqui
1487 5032 1608 5088 alibi
1637 5035 1813 5090 dixisti
1847 5055 1862 5093 :

284 5107 428 5161 Sicut
464 5126 555 5180 ego
581 5121 628 5164 et
657 5122 709 5164 tu
737 5129 893 5167 unum
920 5132 1129 5183 sumus;
1156 5127 1210 5174 et
1235 5136 1465 5188 rursum,
1497 5123 1566 5179 de
1590 5126 1862 5184 voluntate

279 5205 333 5251 et
359 5199 644 5254 concordia
664 5188 892 5271 loquens
923 5221 936 5256 :
967 5204 1046 5259 Da
1071 5207 1142 5260 eis
1171 5217 1224 5261 ut
1252 5218 1299 5262 et
1324 5210 1426 5279 ipsi
1448 5212 1500 5264 in
1538 5213 1679 5267 nobis
1706 5231 1861 5268 unum

275 5286 405 5349 sint,
454 5287 712 5356 hoc-est,
758 5291 809 5346 in
857 5293 962 5348 fide
998 5306 1200 5350 nostra.
1234 5297 1415 5353 Viden'
1454 5314 1514 5354 ea
1544 5317 1662 5368 qua:
1692 5305 1858 5372 magis

277 5375 491 5431 humilia
514 5378 780 5448 videntur,
805 5383 1088 5440 sublimem
1112 5401 1327 5443 sensum
1348 5391 1613 5445 occultum
1637 5391 1855 5448 habere?

274 5466 423 5532 Quod
454 5483 585 5539 ergo
611 5469 942 5542 subindicat,
974 5474 1075 5532 hoc
1103 5486 1186 5532 est
1229 5496 1242 5533 :
1283 5479 1519 5534 ostendit
1555 5497 1660 5536 non
1697 5482 1854 5539 aliam

271 5571 392 5612 esse
419 5557 596 5614 Patris
622 5562 946 5620 voluntatem
966 5606 981 5630 ,
1007 5582 1165 5637 quam
1192 5583 1378 5637 suam;
1408 5570 1501 5626 sed
1534 5570 1629 5640 Ita,
1662 5573 1851 5643 inquit,

336 5667 352 5731 ξ
389 5666 560 5731 alorci.
582 5667 718 5731 legit,
743 5675 1022 5730 crassiores.

333 5727 353 5757 ι
387 5722 523 5778 idem
551 5722 717 5792 Itali»,
740 5722 1080 5796 unpiidemiam
1098 5777 1110 5801 ,
1139 5753 1241 5804 pro,
1268 5742 1596 5805 pertinaciam.

2051 1831 2200 1898 quasi
2242 1830 2531 1894 secundum
2577 1842 2720 1900 illam
2757 1849 3060 1916 Opinionem
3103 1830 3280 1918 datam

2048 1919 2280 1992 alioquin
2310 1929 2472 1984 multa
2499 1948 2851 2003 sequerentur
2873 1942 3123 2003 absurda.

2117 2008 2184 2064 In
2232 2012 2430 2072 Christo
2468 2022 2585 2075 duae
2610 2024 2891 2084 voluntates
2909 2073 2924 2097 ,
2976 2039 3248 2104 quomodo.
3271 2072 3343 2086 --
3363 2047 3620 2110 Animad-

2043 2111 2193 2156 verte
2216 2145 2230 2170 ,
2263 2121 2481 2176 quaeso;
2510 2111 2682 2180 dixit,
2717 2115 2839 2172 Non
2884 2137 3055 2193 quaero
3091 2127 3398 2190 uoluntatem
3427 2156 3614 2198 meam.

2041 2192 2182 2264 Ergo
2211 2195 2310 2251 alia
2342 2208 2424 2252 est
2465 2200 2580 2269 ejus
2607 2205 2853 2262 voluntas
2875 2192 2904 2274 ,7
2942 2221 2996 2267 et
3025 2213 3181 2286 longe
3219 2192 3618 2294 inferior;

2038 2285 2197 2340 modo
2226 2287 2464 2360 inferior,
2496 2293 2591 2350 sed
2622 2296 2782 2352 etiam
2813 2314 2920 2356 non
2952 2311 3057 2360 tam
3085 2285 3248 2364 utilis.
3276 2312 3408 2370 Nam
3449 2285 3495 2374 si
3521 2335 3613 2376 sa-

2033 2373 2218 2433 lutaris
2249 2392 2423 2452 esset,
2446 2395 2498 2440 et
2524 2389 2567 2442 si
2593 2401 2912 2446 consonaret
2936 2409 3057 2452 cum
3089 2402 3364 2462 voluntate
3400 2408 3606 2479 Patris,

2030 2480 2127 2522 cur
2143 2469 2285 2526 illam
2309 2489 2412 2529 non
2431 2480 2624 2546 quieris
2641 2483 2664 2534 ἲ
2684 2483 2938 2544 llomincs
2953 2487 3148 2563 quippe
3169 2494 3287 2561 jure
3308 2496 3410 2555 hoc
3434 2469 3608 2572 ipsum

2027 2559 2277 2658 dixerint,
2306 2576 2362 2620 ut
2387 2569 2475 2639 qui
2497 2573 2694 2629 multas
2721 2576 2950 2636 habeant
2970 2559 3270 2645 voluntates
3295 2559 3488 2658 praeter

2025 2649 2292 2759 placitum:
2323 2655 2402 2759 Tu
2428 2673 2556 2759 vero
2584 2677 2687 2734 qua
2713 2665 2782 2722 de
2803 2684 2963 2727 causa
2997 2674 3076 2730 sic
3103 2649 3354 2750 loqueris,
3385 2684 3476 2757 qui

2021 2743 2199 2797 omnia
2245 2745 2387 2802 Patri
2429 2749 2620 2808 similis
2668 2757 2772 2811 es?
2824 2759 2937 2818 Iloc
2982 2766 3124 2822 enim
3173 2743 3600 2834 verbummeino

2018 2830 2213 2890 dixerit
2240 2850 2360 2892 esse
2411 2841 2510 2895 viri
2544 2847 2810 2914 accurati,
2838 2859 2894 2905 et
2929 2855 3019 2922 qui
3062 2859 3348 2920 cruciﬁxus
3397 2830 3594 2928 δεῖ-.ὃί

2015 2935 2246 2995 namque
2271 2928 2466 2986 Paulus
2492 2933 2563 2988 ita
2602 2950 2661 2992 se
2681 2940 2936 2998 voluntati
2966 2945 3061 3002 Dei
3085 2952 3314 3020 copulat,
3345 2967 3401 3012 ut
3427 2939 3591 3030 dicat,

2023 3010 2145 3068 Vivo
2171 3026 2338 3072 autem
2375 3023 2490 3090 jam
2527 3040 2626 3079 non
2649 3043 2761 3097 ego,
2812 3033 2928 3086 visit
2970 3049 3084 3091 vero
3135 3010 3189 3094 εῖτ
3240 3010 3319 3098 me
3364 3010 3591 3106 Christu;

2013 3099 2156 3205 (fol.
2194 3103 2252 3158 2.
2297 3106 2412 3178 20).
2439 3114 2714 3179 quomodo
2753 3121 2990 3176 omnium
3049 3125 3305 3185 Dominus
3356 3099 3586 3205 audiit“:

2013 3188 2134 3244 Non
2171 3209 2343 3261 quwro
2386 3199 2691 3257 voluntatem
2725 3222 2906 3276 meam,
2933 3212 3024 3266 sed
3060 3215 3170 3284 ejus
3196 3219 3285 3287 qui
3311 3223 3445 3277 misit
3486 3188 3586 3295 me:

2007 3293 2071 3336 ac
2089 3282 2135 3337 si
2155 3285 2255 3340 alia
2280 3287 2369 3342 sit.
2387 3288 2524 3357 Quid
2547 3307 2676 3363 ergo
2693 3296 2794 3352 sibi
2816 3300 2924 3355 vult
2939 3301 2962 3354 τ
2977 3282 3135 3370 Quasi
3152 3282 3314 3365 is...
3330 3282 3584 3386 loquitur,

2006 3380 2060 3424 ct
2083 3375 2370 3431 secundum
2400 3379 2704 3439 auditorum
2730 3387 3058 3456 opinionem.
3081 3395 3212 3451 Cum
3242 3375 3584 3476 enim'supe:

2003 3461 2113 3515 rius
2140 3464 2242 3518 alia
2272 3476 2327 3520 ut
2354 3467 2512 3534 Deus,
2542 3472 2645 3528 alia
2674 3485 2730 3529 ut
2756 3476 2918 3534 homo
2935 3480 3134 3540 dixisse
3159 3461 3580 3563 demonSIrethr,

1999 3564 2182 3609 rorsus
2229 3563 2287 3609 ut
2336 3557 2498 3614 homo
2537 3561 2650 3618 hinc
2676 3565 2877 3634 profert
2916 3578 2970 3624 et
2993 3572 3087 3638 ait,
3115 3575 3376 3635 Judicium
3413 3557 3580 3643 meum

1987 3645 2186 3714 justum
2229 3658 2317 3702 est.
2348 3651 2415 3706 Et
2441 3653 2582 3709 unde
2611 3655 2710 3712 hoc
2737 3658 2946 3730 liquet?
2974 3663 3108 3730 Quia
3141 3683 3240 3723 non
3286 3687 3456 3742 quam
3483 3693 3575 3732 vo-

1995 3735 2238 3791 luntatem
2261 3756 2424 3795 meum
2442 3783 2456 3809 ,
2484 3745 2574 3798 sed
2597 3747 2904 3804 voluntatem
2942 3753 3052 3822 ejus
3078 3757 3164 3827 qui
3192 3735 3327 3818 misit
3355 3779 3451 3818 me.
3481 3766 3574 3822 Si-

1993 3836 2083 3880 cut
2106 3830 2250 3884 enim
2283 3833 2462 3898 homo,
2493 3835 2583 3904 qui
2609 3839 2675 3892 ab
2710 3839 2900 3896 an‘ectu
2930 3843 3065 3899 liber
3091 3856 3208 3914 est,
3247 3866 3355 3907 non
3385 3866 3566 3924 potest

1983 3916 2128 3986 juste
2155 3924 2392 3978 accusari
2433 3926 2576 3994 quod
2623 3940 2819 3996 praeter
2844 3931 2923 3986 fas
2953 3934 3270 4002 jndicaverit
3302 3959 3317 3996 :
3347 3916 3428 3999 sic
3471 3963 3574 4006 nee

1986 4024 2072 4066 me
2091 4011 2202 4079 jam
2231 4015 2472 4082 poteritis
2494 4019 2912 4085 reprehendere.
2933 4023 3066 4079 Nam
3088 4028 3178 4096 qui
3202 4033 3315 4086 vult
3338 4047 3431 4088 sua
3459 4046 3566 4092 sta-

1985 4097 2169 4167 bilire,
2195 4101 2316 4170 jure
2340 4103 2587 4160 fortassis
2614 4107 2667 4162 in
2692 4111 3050 4178 suspicionem
3077 4119 3271 4184 veniat,
3298 4123 3437 4193 quod
3469 4127 3567 4186 liae

1984 4187 2050 4243 de
2077 4204 2233 4244 causa
2261 4193 2521 4261 justitiam
2575 4199 3022 4266 pessumdederit.
3055 4208 3155 4276 Qui
3177 4187 3424 4269 vero-sua
3457 4233 3562 4274 non

3331 1869 3573 1948 accipere
3609 1892 3624 1929 :

1983 4281 2212 4350 respicit,
2247 4297 2349 4353 qua
2371 4284 2438 4339 de
2465 4300 2625 4341 causa
2658 4304 2764 4344 non
2789 4290 2936 4360 juste
2961 4297 3222 4355 calculum
3246 4303 3421 4359 ferat?
3451 4306 3563 4366 Iloe

1979 4370 2158 4439 itaque
2181 4372 2460 4428 ratiocinio
2484 4391 2604 4445 quae
2628 4377 2695 4432 ad
2724 4394 2812 4434 me
2835 4392 3079 4451 spectant
3101 4391 3400 4460 explorate.
3424 4394 3558 4454 Nam

1978 4460 2023 4515 si
2049 4461 2282 4518 dicerem
2308 4479 2395 4519 me
2423 4479 2529 4519 non
2557 4481 2588 4520 a
2613 4467 2772 4524 Patre
2798 4471 3020 4530 missum
3045 4491 3170 4536 esse
3187 4520 3203 4545 ,
3248 4496 3351 4538 nec
3377 4495 3558 4554 gesto-

1976 4566 2094 4607 rum
2135 4555 2356 4624 gloriam
2401 4555 2469 4610 ad
2497 4556 2644 4613 illum
2693 4559 2985 4630 referrem,
3047 4577 3282 4627 vestrum
3328 4573 3557 4635 fortasse

1974 4649 2236 4718 quispiam
2263 4654 2640 4724 suspicaretur,
2670 4673 2759 4714 me
2778 4659 3163 4729 iactabundum
3191 4681 3320 4723 vera
3341 4683 3450 4725 non
3467 4671 3552 4727 di-

1972 4751 2096 4793 cere
2127 4757 2141 4792 :
2168 4741 2214 4795 si
2259 4751 2436 4799 autem
2485 4746 2640 4802 alteri
2669 4758 2726 4805 et
2754 4765 2871 4821 qua:
2898 4752 3035 4810 facta
3064 4765 3186 4812 sunt
3216 4757 3412 4826 refero,
3455 4777 3553 4818 cur

1971 4829 2109 4885 dicta
2140 4831 2225 4887 illa
2271 4847 2517 4905 suspecta
2565 4837 2848 4898 habeatis?
2873 4843 3060 4902 Viden‘
3093 4863 3200 4918 quo
3241 4864 3547 4910 sermonem

1969 4920 2279 4991 deduxerit,
2321 4935 2376 4983 et
2401 4929 2540 4986 unde
2559 4931 2817 5001 judicium
2848 4951 3004 4993 suum
3025 4939 3225 5010 justum
3251 4961 3373 5004 esse
3400 4962 3550 5003 asse-

1969 5013 2092 5066 rat?
2121 5013 2270 5071 Unde
2299 5017 2545 5076 videlicet
2569 5025 2742 5092 quivis
2766 5040 2798 5080 e
2818 5027 2976 5098 vulgo
2999 5029 3358 5091 defensionem
3385 5052 3544 5107 para-

1967 5113 2070 5159 ret.
2093 5105 2279 5161 Viden‘
2305 5111 2446 5180 quod
2473 5127 2621 5183 stupe
2645 5115 2788 5182 dixi,
2817 5120 3087 5188 quomodo
3125 5124 3269 5181 clare
3297 5105 3541 5197 resplen-

1966 5192 2129 5250 deat?
2182 5197 2320 5265 Quid
2398 5202 2529 5257 illud
2582 5214 2666 5260 est
2729 5207 2874 5277 quod
2925 5209 3077 5267 dixit
3136 5213 3284 5271 Illam
3337 5192 3540 5277 tantam

1964 5285 2247 5342 verborum
2293 5290 2646 5350 humilitatem
2687 5310 2833 5352 sanae
2861 5302 3057 5358 mentis
3083 5302 3386 5364 hominibus
3410 5324 3539 5366 sua-

1963 5373 2113 5441 dere,
2145 5393 2213 5433 ne
2229 5379 2368 5460 dicta
2392 5384 2569 5437 statim
2589 5385 2655 5440 ad
2681 5386 2863 5443 intima
2888 5389 3209 5462 deprimant,
3236 5397 3330 5452 sed
3362 5399 3546 5467 potius.

1963 5465 2016 5519 in
2048 5453 2409 5524 sublimiorem
2452 5486 2665 5529 sensum
2697 5474 2896 5533 ducant
2921 5497 2936 5545 ;
2958 5453 3077 5537 imo
3104 5453 3207 5554 qui
3231 5485 3342 5555 jam
3362 5453 3544 5541 ἰιιιιιιὸι

1961 5569 2187 5628 repunt,
2217 5559 2342 5616 hinc
2369 5563 2622 5632 paulatim
2650 5567 2717 5624 ad
2742 5569 2932 5626 altiora
2963 5572 3121 5631 facile
3143 5575 3530 5646 provelinntur.

2032 5651 2086 5707 Μ
2092 5653 2246 5706 oratis
2273 5654 2554 5708 exhortatio
2572 5659 2640 5712 ad
2660 5661 2930 5731 prudentia
2955 5667 3109 5722 simul
3132 5675 3178 5722 et
3201 5665 3534 5735 simplicitate

1961 5745 2216 5800 utendum.
2241 5745 2454 5814 Quando
2470 5748 2584 5805 aliis
2594 5766 2798 5820 peccata
2809 5774 2908 5814 non
2923 5752 3391 5825 dimittimusmobis
3407 5750 3554 5820 ipsis
