3984 6196
573 424 679 479 ἳῖἹ

566 555 669 593 non
686 534 1006 590 dimittimus.
1036 530 1348 586 Coudonatio
1374 528 1679 601 injuriarum
1702 568 1717 592 ,
1748 527 1989 587 charitae,
2022 522 2152 577 elec-

569 643 876 698 mosynaque
904 623 1341 678 commendantur.
1364 650 1435 662 ——
1460 620 1586 675 lltcc
1621 618 1798 673 omnia
1824 616 2115 685 cogitantes
2138 655 2151 677 ,

564 731 769 789 quteso,
802 731 871 771 ne
897 715 1036 770 dicta
1062 724 1558 784 prmtercurramus,
1587 709 1682 765 sed
1704 716 1953 763 accurate
1972 706 2153 761 omnia

567 809 907 878 exploremus
929 848 944 873 ,
973 814 1026 861 et
1051 819 1267 859 causam
1294 802 1371 858 sic
1398 800 1646 871 loquendi
1675 799 1870 870 ubique
1900 796 2153 852 conside-

569 913 750 954 remus
780 915 794 951 :
824 912 996 967 neque
1040 903 1286 965 putemus
1325 902 1408 948 sat
1452 891 1606 947 nobis
1651 890 1718 945 ad
1757 889 2154 945 excusationem

566 1007 689 1048 esse
721 989 1077 1061 ignorantiam
1118 998 1173 1042 et
1199 986 1613 1056 simplicitatem.
1645 983 1826 1054 Neque
1851 984 1991 1038 enim
2028 981 2156 1036 sim-

569 1085 735 1150 plices
758 1090 966 1137 tantum
985 1080 1144 1150 jussit
1164 1092 1304 1145 esse,
1328 1077 1421 1132 sed
1443 1078 1603 1132 etiam
1633 1075 1919 1146 prudentes
1942 1072 2155 1145 (Matth.

575 1176 658 1230 10.
690 1174 817 1245 16).
844 1172 1068 1229 Utamur
1093 1187 1220 1241 ergo
1250 1170 1613 1239 simplicitate,
1645 1169 1739 1224 sed
1770 1184 1894 1223 cum
1920 1166 2155 1236 pruden-

568 1268 661 1332 tia,
698 1275 801 1319 tam
826 1266 881 1319 in
901 1264 1165 1330 doctrina,
1192 1277 1347 1332 quam
1377 1263 1428 1316 in
1456 1262 1707 1331 operibus
1732 1278 1746 1326 ;
1778 1270 1830 1316 et
1852 1260 2005 1315 nobis
2029 1260 2159 1330 ipsis

564 1361 654 1427 jus
682 1358 941 1421 dicamus,
973 1366 1157 1411 utnon
1187 1363 1311 1409 tunc
1332 1370 1452 1409 cum
1480 1353 1582 1408 hoc
1604 1353 1802 1409 mundo
1821 1352 2156 1407 damnemur.

571 1449 730 1504 Tales
763 1463 863 1503 nos
901 1462 1026 1518 erga
1055 1461 1243 1502 servos
1268 1454 1481 1501 nostros
1527 1445 1877 1499 exhibeamus
1901 1485 1917 1510 ,
1946 1443 2155 1513 qualem

569 1541 822 1596 volumus
847 1554 971 1608 erga
1014 1552 1111 1592 nos
1147 1552 1268 1593 esse
1298 1536 1579 1591 Dominum
1610 1545 1875 1589 nostrum.
1910 1533 2117 1586 Dimitte
2139 1572 2155 1598 ,

576 1632 769 1701 inquit,
797 1630 938 1683 nobis
965 1629 1130 1683 debita
1156 1638 1353 1693 nostra,
1378 1628 1505 1680 sicut
1548 1636 1596 1680 et
1635 1643 1726 1680 nos
1751 1626 2046 1679 dimittimus
2072 1624 2158 1679 de-

572 1724 813 1778 bitoribus
839 1724 1021 1777 nostris
1050 1720 1261 1789 (Matth.
1289 1722 1340 1776 6.
1374 1717 1503 1791 i2).
1530 1719 1653 1774 Scio
1681 1718 1894 1789 quidem
1922 1718 2164 1794 animam.

574 1814 800 1884 injurias
822 1828 928 1868 non
955 1826 1107 1882 inquo
1127 1812 1305 1866 animo
1335 1811 1475 1866 ferre
1500 1828 1515 1873 ;
1547 1810 1642 1864 sed
1667 1811 1713 1864 si
1738 1810 2031 1879 cogitemus
2060 1822 2159 1863 nos

574 1920 678 1959 non
711 1903 920 1959 laedenti
946 1944 962 1969 ,
994 1902 1088 1957 sed
1127 1901 1280 1956 nobis
1308 1902 1435 1971 ipsis
1480 1902 1550 1955 ita
1583 1901 1861 1955 consulere
1884 1941 1899 1966 ,
1929 1899 2036 1954 cito
2065 1899 2159 1953 ira:

575 2013 845 2053 venemun
862 1997 1194 2067 abjiciemus.
1226 1994 1357 2049 Nam
1386 1994 1475 2065 qui
1499 2002 1715 2049 centum
1742 1993 1989 2047 denarios
2011 1991 2159 2046 debi-

575 2089 682 2143 tori
705 2104 810 2142 non
841 2085 1050 2143 remisit
1071 2126 1091 2152 ,
1126 2101 1232 2141 non
1263 2100 1578 2140 conservum
1604 2085 1739 2139 laesit
1762 2126 1776 2150 ,
1806 2083 1899 2139 sed
1925 2084 2159 2152 seipsum

580 2186 800 2235 centum
830 2180 1057 2233 millium
1090 2179 1410 2233 talentorum
1434 2219 1450 2244 ,
1478 2192 1596 2245 qua:
1634 2175 1734 2231 sibi
1767 2175 1912 2244 prius
1938 2174 2159 2229 remissa

576 2271 786 2326 fuerant
810 2311 829 2335 ,
857 2270 1157 2325 debitorem
1197 2269 1448 2324 reddidit.
1476 2268 1609 2323 Cum
1638 2282 1767 2336 ergo
1794 2267 1914 2321 aliis
1937 2282 2040 2320 non
2081 2265 2160 2319 di-

572 2362 863 2428 mittimus,
889 2362 1043 2415 nobis
1070 2375 1176 2415 non
1198 2360 1538 2416 dimittimus.
1560 2359 1639 2414 Ne
1661 2373 1789 2429 ergo
1819 2367 2020 2413 tantum
2053 2357 2160 2411 Deo

579 2454 827 2509 dicamus
847 2496 863 2518 ,
892 2452 970 2507 Nc
1001 2453 1309 2507 memineris
1353 2461 1571 2520 peccata
1616 2460 1830 2513 nostra;
1876 2448 1971 2503 sed
1998 2449 2158 2503 etiam

577 2546 732 2601 nobis
773 2545 910 2614 ipsis
954 2544 1143 2614 singuli
1174 2543 1417 2598 dicamus
1440 2584 1455 2607 ,
1486 2542 1563 2597 Ne
1606 2542 2004 2596 meminerimus
2032 2555 2162 2595 con-

575 2650 850 2692 servorum
885 2644 1122 2705 peccata.
1147 2633 1277 2688 Nam
1311 2642 1367 2688 tu
1398 2634 1543 2701 prior
1570 2633 1621 2687 in
1655 2642 1705 2687 te
1728 2632 1985 2701 justitiam
2007 2647 2161 2687 exer-

575 2741 666 2783 ces
688 2767 710 2793 ,
738 2726 861 2781 hinc
886 2726 1128 2795 sequitur
1169 2724 1329 2778 Deus.
1364 2723 1449 2778 Tu
1492 2723 1661 2793 legem
1692 2722 1883 2779 scribis
1910 2722 1978 2777 de
2006 2721 2161 2777 venia

576 2827 635 2874 et
659 2833 838 2888 poena,
865 2828 917 2873 et
945 2818 1010 2873 de
1037 2817 1122 2871 his
1151 2816 1259 2873 fers
1287 2817 1628 2872 sententiam.
1652 2817 1792 2887 Ergo
1818 2831 1979 2886 penes
2006 2823 2059 2871 te
2078 2824 2163 2871 est

580 2919 641 2965 ut.
685 2910 834 2965 Deus
854 2918 1193 2978 peccatorum
1242 2917 1450 2962 tuorum
1486 2907 1569 2962 vel
1597 2906 1907 2963 recordetur
1934 2907 2017 2961 vel
2053 2922 2161 2961 non

574 3000 903 3057 recordetur.
940 2998 1061 3054 ideo
1089 2999 1283 3053 Paulus
1309 2998 1579 3054 dimittere
1601 2997 1773 3066 jubet,
1805 2998 1851 3051 si
1873 2997 1992 3067 quis
2017 2997 2164 3066 quid-

577 3096 717 3163 piam
754 3092 1010 3149 adversus
1050 3091 1214 3146 alium
1259 3089 1456 3145 habeat
1479 3129 1494 3153 ,
1526 3104 1627 3144 nec
1654 3088 1816 3143 modo
1852 3088 2119 3142 dimittere
2142 3128 2159 3154 ,

575 3184 673 3240 sed
705 3185 779 3239 ita
806 3192 861 3238 ut
892 3196 994 3238 nec
1024 3181 1263 3252 reliquias
1291 3188 1542 3235 maneant
1574 3176 1799 3251 (Colon.
1836 3180 1889 3233 5.
1920 3176 2045 3249 15).
2075 3178 2159 3233 Si-

574 3273 790 3345 quidem
816 3272 1064 3328 Christus
1091 3285 1194 3326 non
1218 3269 1379 3325 modo
1403 3280 1619 3339 peccata
1646 3278 1827 3325 nostra
1851 3268 1903 3323 in
1926 3267 2159 3323 medium

574 3379 683 3418 non
703 3364 912 3427 attulit;
935 3362 1027 3416 sed
1054 3376 1226 3429 neque
1250 3374 1347 3415 nos
1371 3360 1676 3427 peccavisse
1699 3360 2158 3425 commemoravit,

576 3469 748 3524 neque
772 3454 923 3516 dixit,
956 3452 1069 3506 [lac
1095 3461 1148 3506 et
1172 3451 1348 3506 hacin
1376 3466 1435 3505 re
1463 3451 1733 3521 peccasti;
1756 3450 1848 3505 sed
1880 3450 2080 3506 dimisit
2108 3458 2159 3507 et

576 3545 772 3599 delevit
818 3541 1231 3609 chirographum
1258 3580 1275 3607 ,
1330 3555 1428 3595 nec
1478 3550 1693 3611 peccata
1747 3543 2051 3608 recensuit,
2104 3551 2162 3595 ut

578 3634 774 3689 Paulus
816 3630 1100 3701 significat.
1155 3629 1268 3685 Hoc
1313 3639 1368 3684 et
1413 3644 1512 3685 nos
1556 3629 1853 3685 faciamus:
1884 3630 2060 3687 omnia
2091 3644 2157 3685 ex

576 3734 757 3781 mente
796 3724 1072 3779 deleamus
1104 3722 1284 3795 (Ibid.
1317 3722 1371 3779 2.
1416 3721 1540 3795 14).
1574 3723 1631 3779 Si
1675 3723 1801 3794 quid
1831 3722 1956 3778 boni
2001 3724 2068 3779 ab
2093 3736 2159 3778 eo

572 3820 661 3889 qui
692 3833 789 3873 nos
815 3817 947 3871 hesit
977 3816 1268 3871 admissum
1294 3814 1474 3882 fuerit,
1498 3814 1601 3869 hoc
1615 3816 1787 3869 solum
1816 3824 2153 3885 reputemus;

571 3911 619 3965 si
657 3910 943 3964 molestum
969 3918 1022 3963 et
1061 3907 1311 3963 odiosum
1337 3907 1614 3976 quidpiam
1632 3948 1646 3974 ,
1679 3906 1954 3977 ejiciamus
1980 3916 2034 3962 et
2059 3906 2156 3961 de-

572 4003 779 4058 leanms
804 4042 817 4066 ,
860 4010 918 4055 ut
945 4016 1013 4055 ne
1042 4000 1323 4070 vestigium
1354 3998 1569 4069 quidem
1600 4007 1892 4053 remaneat.
1931 3998 2081 4065 Quod
2111 3998 2159 4054 si

572 4095 703 4149 nihil
733 4094 856 4149 boni
888 4108 1011 4162 erga
1045 4108 1142 4147 nos
1173 4092 1364 4162 egerit,
1397 4100 1543 4145 tanto
1575 4090 1746 4159 major
1772 4090 1926 4144 nobis
1954 4089 2156 4144 condo-

570 4186 819 4241 nantibus
849 4199 1055 4239 merces
1095 4192 1146 4237 et
1174 4184 1288 4239 laus
1315 4182 1439 4238 erit.
1469 4182 1569 4236 Alii
1598 4181 1789 4251 vigiliis
1809 4190 1863 4236 et
1890 4180 2036 4234 humi
2066 4196 2158 4235 cu-

571 4276 772 4340 bando,
800 4276 1051 4344 milleque
1079 4273 1529 4329 macerationibus
1554 4280 1769 4340 peccata
1794 4272 2031 4341 expiant;
2062 4271 2159 4329 tibi

570 4367 808 4422 faciliore
837 4367 943 4431 via,
970 4365 1285 4434 iujuriarum
1310 4380 1505 4432 nempe
1534 4365 1803 4419 oblivione
1826 4364 1951 4418 licet
1972 4364 2154 4417 omnia

568 4458 878 4525 abstergere
906 4456 1133 4510 scelera.
1166 4455 1275 4510 Cur
1300 4464 1489 4511 contra
1515 4464 1571 4509 te
1596 4453 1825 4525 gladium
1857 4464 1912 4508 ut
1940 4458 2157 4511 insanus

568 4556 623 4602 et
647 4545 829 4600 furens
858 4546 1132 4611 admoves,
1169 4555 1327 4615 teque
1361 4560 1392 4600 a
1419 4545 1594 4599 futura
1624 4544 1732 4601 vita
1754 4544 2001 4614 expellis,
2034 4561 2155 4600 cum

569 4636 703 4691 nihil
726 4651 837 4691 non
861 4635 1038 4692 facere
1058 4644 1348 4705 oporteret,
1376 4644 1432 4689 ut
1456 4635 1598 4689 illam
1621 4637 2003 4705 consequaris?
2022 4636 2154 4691 Nam

563 4729 609 4782 si
640 4741 883 4797 praesens
905 4726 1011 4780 vita
1034 4726 1107 4780 ita
1134 4724 1514 4781 desiderabilis
1544 4736 1628 4782 est
1652 4768 1665 4792 ,
1696 4726 1820 4796 quid
1848 4727 1916 4781 de
1940 4728 2028 4783 illa
2075 4728 2154 4783 di-

566 4821 711 4873 xeris
733 4858 750 4885 ,
784 4819 927 4873 unde
956 4819 1158 4889 aufugit
1186 4819 1363 4873 omnis
1388 4817 1544 4872 dolor
1568 4860 1582 4884 ,
1616 4833 1815 4873 mter-or
1835 4860 1853 4886 ,
1883 4821 2113 4889 gemitus
2133 4862 2148 4886 ,

567 4910 655 4964 ubi
693 4924 795 4963 nec
824 4910 1011 4963 mortis
1042 4910 1201 4965 timor
1224 4949 1241 4974 ,
1287 4924 1387 4963 nec
1415 4909 1554 4962 ullus
1584 4910 1843 4966 bonorum
1876 4911 1993 4965 finis
2041 4927 2154 4966 me-

567 5002 834 5057 tuendus?
861 5002 1030 5069 Beati,
1056 5012 1137 5058 tor
1166 5002 1466 5071 smpiusquc
1492 5001 1651 5066 beati,
1679 5002 1763 5071 qui
1792 5003 1877 5056 illa
1907 5002 2153 5057 fruuntur

571 5104 738 5159 sorte,
770 5103 828 5149 ut
857 5094 1041 5149 miseri
1070 5104 1255 5164 terque
1278 5104 1332 5148 et
1357 5094 1552 5163 sa-pius
1579 5094 1778 5159 miseri,
1808 5096 1895 5163 qui
1920 5097 2005 5150 illa
2032 5112 2152 5151 sese

570 5186 779 5251 privant
832 5184 1184 5241 beatitudine.
1220 5184 1425 5254 Ecquid
1453 5226 1467 5252 ,
1519 5184 1727 5255 inquies
1753 5225 1768 5249 ,
1817 5186 1963 5240 illam
1995 5189 2149 5244 nobis

564 5276 724 5328 vitam
754 5276 1023 5346 acquirit?
1053 5275 1193 5333 Audi
1220 5276 1397 5345 ipsum
1419 5275 1652 5344 judicent
1675 5277 2003 5334 adolescenti
2029 5280 2143 5334 cui.

566 5364 955 5377 .-—-———~——————-

1628 5366 2015 5379 ———~_

565 5553 649 5607 51.
694 5551 757 5605 Si
793 5565 884 5620 ego
923 5552 1255 5605 testimonium
1298 5552 1531 5622 perhibeo
1573 5552 1636 5605 de
1669 5552 1894 5621 meipso,
1925 5555 2149 5608 (extimos

635 5644 775 5695 nium
830 5657 993 5694 meum
1046 5660 1147 5697 uou
1199 5652 1271 5695 est
1333 5657 1519 5696 verum.
1574 5642 1661 5696 52.
1730 5644 1873 5697 Alius
1939 5655 2009 5699 est
2062 5647 2147 5710 qui

632 5732 971 5784 testimonium
1011 5732 1231 5800 perhibet
1259 5733 1319 5787 de
1350 5750 1425 5787 me
1450 5775 1462 5799 ,
1497 5744 1543 5787 et
1581 5736 1683 5789 scio
1712 5736 1829 5805 quia
1857 5752 2026 5792 verum
2074 5750 2145 5793 est

639 5821 974 5879 testiinonium
999 5822 1129 5890 ejus.

1304 415 1362 469 S.
1402 411 1678 469 JOANNIS
1714 402 2191 465 CHRYSOSTOMI
2232 406 2548 463 ARCHIEP.
2588 408 3113 465 CONSTANTINOP.

3729 414 3824 469 9.28

2270 523 2410 591 piam
2458 522 2558 578 hac
2595 523 2663 578 dc
2695 540 2752 579 re
2796 525 3121 595 loquentem.
3161 527 3278 595 Ipso
3318 543 3547 597 namque
3580 542 3782 599 rogante
3806 574 3821 593 .

2271 613 2406 679 Quid
2426 614 2658 681 faciendo
2675 615 2825 668 vitam
2844 628 3083 671 wternam
3108 620 3367 687 possidebo
3386 619 3598 692 (Matth.
3624 622 3702 677 l9.
3722 622 3829 693 16)?

2266 704 2475 757 cit-teris
2522 706 2811 774 praemissis
2858 706 3102 763 Christus
3130 711 3452 779 praeceptis,
3508 712 3560 765 in
3604 726 3825 768 amorem

2265 795 2499 865 proximi
2542 796 2720 851 desiit.
2748 798 2818 853 At
2847 799 3071 855 fortasse
3109 801 3411 856 auditorum
3439 801 3697 874 quispiam
3720 847 3734 871 ,
3776 815 3829 859 ut

2262 884 2411 939 dives
2437 884 2528 939 ille
2553 926 2568 951 ,
2606 884 2802 941 dixerit
2831 928 2846 953 ,
2881 888 3005 944 llaec
3042 904 3141 944 nos
3165 891 3526 958 servavimus;
3555 909 3657 948 non
3683 893 3832 950 furati

2262 992 2448 1033 smnus
2467 1019 2481 1040 ,
2512 994 2618 1034 non
2650 980 2964 1048 occidimus,
2994 997 3102 1037 non
3128 983 3380 1039 mmchati
3408 1001 3612 1041 sumus.
3646 987 3829 1043 Verum

2263 1071 2364 1127 hoc
2387 1071 2567 1128 dicere
2593 1088 2698 1127 non
2732 1075 2949 1144 poteris,
2980 1084 3030 1130 te
3056 1076 3353 1145 proximum
3385 1084 3442 1131 ut
3466 1079 3736 1148 oportebat
3758 1080 3833 1134 di-

2262 1165 2482 1221 lexisse.
2514 1165 2644 1220 Nam
2672 1168 2757 1222 vel
2790 1167 2999 1222 invidus
3029 1167 3196 1236 fuisti,
3231 1169 3319 1224 vel
3358 1170 3641 1226 maledicta
3667 1181 3830 1242 protu-

2263 1255 2392 1324 listi,
2425 1257 2508 1312 vel
2539 1256 2667 1322 laeso
2692 1272 2848 1327 opem
2880 1274 2985 1314 non
3013 1260 3203 1327 tulisti,
3228 1261 3309 1316 vel
3332 1261 3398 1317 de
3424 1263 3579 1318 bonis
3608 1279 3706 1319 non
3728 1264 3829 1320 lar-

2264 1347 2405 1415 gitus
2434 1361 2528 1414 es,
2560 1362 2665 1402 non
2693 1348 2950 1405 dilexisti.
2986 1350 3183 1406 Verum
3216 1367 3321 1407 non
3365 1352 3465 1408 hoc
3492 1353 3662 1409 solum
3682 1356 3829 1425 jussit

2262 1437 2531 1505 Christus,
2558 1439 2651 1495 sed
2678 1448 2733 1496 et
2756 1440 2922 1496 aliud.
2948 1442 3085 1510 Quid
3114 1443 3286 1498 illud?
3324 1442 3495 1499 Vende
3525 1431 3691 1499 omnia
3724 1464 3833 1515 qua:

2264 1531 2414 1585 habes
2433 1573 2447 1597 ,
2488 1541 2535 1585 et
2564 1532 2630 1586 da
2668 1534 2971 1603 pauperibus
2990 1575 3005 1602 ,
3044 1544 3091 1589 et
3130 1538 3242 1590 veni
3256 1577 3271 1601 ,
3299 1552 3501 1605 sequere
3524 1553 3601 1591 me
3629 1537 3826 1606 (Matth.

2265 1621 2354 1677 19.
2387 1621 2449 1676 2|
2479 1620 2523 1694 ).
2553 1622 2713 1691 Sequi
2735 1623 3028 1688 Christum,
3064 1626 3258 1679 imitari
3278 1625 3549 1680 Christum
3576 1625 3657 1681 hic
3680 1628 3833 1697 signi-

2266 1714 2407 1768 ficat.
2429 1713 2566 1781 Quid
2586 1714 2710 1769 hinc
2734 1715 3026 1770 discimus?
3046 1716 3245 1783 Primo,
3272 1732 3393 1773 eum
3416 1719 3504 1787 qui
3532 1717 3644 1774 bare
3662 1720 3830 1774 omnia

2263 1821 2370 1860 non
2402 1806 2594 1872 habet,
2624 1818 2825 1862 sortem
2852 1808 2998 1863 illam
3027 1823 3131 1863 non
3165 1823 3324 1879 posse
3349 1824 3469 1864 cum
3501 1811 3683 1880 primis
3707 1826 3833 1866 cou-

2264 1895 2433 1966 sequi.
2467 1895 2598 1951 Cum
2628 1896 2854 1953 dixisset
2882 1898 3024 1953 enim
3054 1899 3164 1965 ille,
3197 1899 3383 1954 Omnia
3413 1900 3545 1967 feci,
3574 1915 3635 1955 ac
3656 1902 3696 1957 si
3724 1917 3836 1955 ma-

2262 2002 2422 2057 gnum
2453 1988 2725 2058 quidpiam
2755 1988 2968 2045 deesset
2996 1990 3060 2045 ad
3085 1991 3461 2061 perfectionem
3483 2034 3497 2058 ,
3527 1995 3601 2049 ait
3628 2011 3642 2048 :
3674 1994 3734 2049 Si
3758 1998 3834 2050 vis

2264 2082 2515 2149 perfectus
2536 2095 2659 2146 esse,
2682 2080 2835 2134 vende
2854 2082 3023 2135 omnia
3043 2098 3154 2150 qua:
3174 2081 3343 2146 habes,
3368 2094 3412 2137 et
3433 2084 3499 2136 da
3520 2084 3833 2154 pauperibus,

2262 2178 2312 2224 et
2337 2170 2464 2235 ueni,
2486 2186 2688 2240 sequere
2718 2188 2815 2226 me.
2846 2172 2961 2228 Hoc
2990 2174 3168 2244 itaque
3195 2175 3365 2244 primo
3390 2175 3690 2232 discendum
3717 2188 3830 2243 est;

2264 2264 2522 2329 secundo,
2555 2265 2697 2335 quod
2729 2266 2877 2321 illum
2904 2265 3100 2322 fruStra
3127 2268 3492 2325 venditantem
3516 2286 3576 2325 se
3597 2284 3834 2340 coargue~

2264 2353 2351 2408 rit.
2386 2355 2486 2422 Qui
2518 2357 2661 2410 enim
2689 2356 2741 2411 in
2767 2366 2909 2412 tanta
2933 2358 3089 2428 c0pia
3120 2373 3301 2413 rerum
3328 2368 3465 2425 erat,
3497 2370 3552 2415 et
3578 2376 3835 2431 pauperes

2264 2449 2676 2516 contemnebat,
2727 2466 2833 2520 quo
2866 2460 3023 2521 pacto
3067 2451 3365 2520 proximum
3397 2452 3676 2507 dilexerit?
3715 2452 3834 2507 Non

2264 2554 2387 2593 vera
2417 2554 2546 2610 ergo
2584 2541 2811 2596 dicebat.
2858 2544 2925 2596 At
2952 2558 3050 2597 nos
3080 2553 3131 2597 et
3161 2542 3263 2597 hoc
3300 2553 3353 2597 et
3394 2543 3520 2598 illud
3551 2544 3792 2599 faciamus
3815 2586 3836 2611 ,

2264 2631 2547 2701 omniaque
2567 2642 2746 2687 nostra
2768 2633 3046 2702 diligenter
3061 2633 3393 2688 eifundamus
3414 2643 3470 2688 ut
3490 2636 3668 2690 cmlum
3688 2651 3837 2690 com-

2267 2736 2535 2791 paremus.
2594 2722 2725 2776 Nam
2780 2724 2824 2776 si
2870 2723 3086 2792 quidam
3145 2739 3242 2795 pro
3291 2725 3530 2780 surculari
3588 2726 3841 2796 dignitate

2268 2813 2445 2867 omnia
2464 2827 2557 2867 sua
2578 2813 2784 2877 ell‘udit;
2810 2813 3084 2884 dignitate,
3104 2816 3336 2885 inquam,
3360 2832 3515 2885 quam
3535 2820 3583 2870 in
3608 2817 3702 2871 hac
3728 2820 3837 2875 vita

2264 2905 2459 2969 Solum,
2484 2920 2658 2974 neque
2678 2905 2927 2959 diuturno
2952 2914 3191 2973 tempore
3213 2908 3446 2962 retinere
3471 2917 3639 2976 potest
3657 2909 3843 2977 (multi

2265 3011 2493 3066 namque
2522 2995 2610 3051 diu
2637 3005 2918 3067 antequam
2946 3009 3280 3052 morerentur
3306 2998 3666 3069 praefecturam
3696 3002 3844 3054 ami-

2265 3102 2413 3152 sere;
2462 3087 2551 3141 alii
2600 3102 2854 3157 veropro
2905 3088 2993 3143 illa
3048 3089 3151 3143 vita
3191 3090 3350 3144 etiam
3397 3091 3630 3145 mulctati
3671 3100 3840 3155 sunt;

2264 3188 2497 3233 attamen
2528 3179 2649 3235 licet
2671 3180 2771 3234 hoc
2792 3181 2982 3246 sciant,
3012 3180 3189 3234 omnia
3211 3196 3305 3251 pro
3336 3180 3421 3235 illa
3444 3182 3797 3252 profundunt)
3825 3202 3843 3237 :

2265 3271 2309 3325 si
2341 3269 2499 3340 igitur
2527 3286 2621 3340 pro
2646 3270 2945 3338 huiusmodi
2969 3271 3220 3341 dignitate
3245 3280 3319 3326 tot
3340 3280 3587 3343 tantaque
3612 3273 3808 3329 faciunt
3828 3294 3845 3327 :

2264 3361 2389 3431 quid
2436 3361 2791 3416 miserabilius
2834 3362 2987 3416 uobis
3018 3361 3215 3427 fuerit,
3249 3363 3339 3431 qui
3386 3378 3481 3432 pro
3519 3363 3602 3417 illa
3626 3377 3853 3433 semper

2266 3462 2515 3507 manente
2534 3492 2549 3518 ,
2584 3470 2701 3523 qua:
2728 3453 2839 3507 tolli
2870 3469 3159 3521 numquam
3188 3462 3393 3523 potest,
3429 3469 3494 3509 ne
3522 3470 3685 3524 pauca
3721 3457 3850 3524 qui-

2262 3541 2382 3596 dem
2417 3542 2802 3611 profundimus,
2827 3558 2995 3612 neque
3016 3559 3076 3598 ea
3100 3558 3380 3613 erogamus
3404 3560 3521 3614 qua:
3549 3545 3701 3613 paulo
3723 3558 3850 3614 post

2264 3633 2351 3688 hic
2378 3634 2625 3689 amissuri
2654 3635 2877 3688 sumus?
2907 3634 3035 3700 Quis
3067 3634 3214 3689 furor
3242 3635 3352 3701 ille,
3385 3651 3503 3705 qua:
3532 3636 3707 3690 invitis
3732 3638 3846 3691 eri-

2262 3728 2475 3796 pientur
2495 3767 2507 3791 ,
2536 3742 2597 3781 ea
2626 3728 2769 3782 nolle
2808 3736 2997 3797 sponte
3025 3727 3153 3783 dare
3194 3736 3248 3783 et
3277 3728 3554 3783 nobiscum
3589 3728 3804 3785 auferre
3828 3731 3846 3783 Ἰ

2265 3819 2320 3881 Si
2352 3819 2473 3889 quis
2504 3834 2600 3873 nos
2625 3820 2689 3873 ad
2721 3830 2946 3875 mortem
2978 3820 3229 3887 duceret,
3262 3822 3455 3876 deinde
3487 3832 3842 3891 proponeret.

2264 3926 2386 3978 num
2414 3912 2573 3965 vitam
2608 3911 2759 3966 bonis
2781 3912 3026 3968 omnibus
3048 3912 3315 3968 redimere
3340 3914 3617 3978 vellemus,
3644 3914 3842 3983 gratia:

2261 4013 2407 4058 certe
2432 4002 2503 4058 illi
2537 4002 2875 4058 haberemus.
2908 4003 3059 4058 Nunc
3096 4018 3226 4058 vero
3255 4019 3379 4057 cum
3410 4006 3724 4072 pr0ponitur
3746 4003 3831 4059 de

2262 4095 2438 4150 ductis
2498 4096 2564 4150 ad
2616 4097 2959 4167 gehennam,
3029 4106 3085 4151 ut
3142 4096 3479 4151 dimidiarum
3530 4097 3837 4152 facultatun

2265 4187 2411 4243 dono
2441 4188 2756 4257 eripiantur,
2786 4188 3057 4242 malumus
3083 4187 3149 4242 ad
3180 4188 3496 4257 supplicium
3523 4187 3668 4253 duci,
3698 4199 3752 4241 et
3785 4204 3836 4243 et

2263 4280 2455 4333 frustra
2491 4295 2704 4336 scrvare
2730 4321 2743 4345 ,
2774 4297 2891 4352 quae
2920 4291 3100 4334 nostra
3131 4295 3237 4334 non
3275 4290 3425 4345 sunt,
3462 4281 3532 4335 ita
3577 4288 3635 4334 ut
3665 4289 3833 4335 nostr

2263 4370 2565 4440 perdamus.
2611 4372 2781 4439 Quam
2833 4372 3231 4427 excusationem
3292 4371 3649 4426 habebimus?
3691 4388 3832 4441 qnar

2264 4462 2473 4518 veniam
2524 4463 2886 4531 merebimur,
2928 4465 3013 4528 si,
3060 4478 3183 4517 cum
3215 4472 3318 4518 tam
3365 4462 3532 4517 facilis
3579 4462 3739 4517 nobis
3776 4464 3830 4519 vi

2260 4566 2442 4625 aperta
2470 4556 2539 4610 sit
2562 4598 2575 4619 ,
2611 4571 2704 4627 per
2731 4557 3017 4626 praecipitia
3047 4556 3279 4611 feramur
3301 4596 3315 4621 ,
3357 4566 3405 4611 ct
3457 4556 3828 4611 infructuosut

2260 4651 2615 4720 suscipiamus
2643 4652 2775 4717 iter,
2805 4660 2964 4721 atque
3006 4651 3088 4705 his
3115 4661 3166 4705 et
3193 4652 3299 4705 illis
3326 4652 3577 4705 omnibus
3605 4668 3710 4705 nos
3747 4668 3817 4721 pr

2261 4758 2444 4797 vemus
2466 4783 2481 4807 ,
2515 4757 2634 4795 cum
2666 4743 2831 4797 libere
2864 4744 3130 4812 possimus
3158 4742 3238 4796 bis
3261 4753 3312 4796 et
3340 4742 3441 4796 illis
3470 4743 3723 4813 perfrui?
3754 4746 3823 4799 Sc

2258 4834 2360 4888 ctsi
2390 4849 2494 4888 non
2526 4842 2672 4900 ante,
2703 4836 2890 4888 saltem
2914 4849 3054 4889 nunc
3084 4834 3147 4887 ad
3178 4849 3276 4888 nos
3303 4834 3607 4897 redeamus,
3641 4843 3699 4887 et
3727 4850 3822 4891 sat

2260 4934 2442 4980 mente
2474 4926 2762 4993 praesentia
2794 4925 2931 4980 bona
2952 4967 2968 4993 ,
3001 4936 3057 4980 ut
3084 4942 3180 4995 par
3206 4936 3287 4980 est
3309 4965 3324 4986 ,
3354 4925 3745 4995 dispensemus
3765 4968 3785 4991 ,
3818 4948 3819 4951 η

2258 5015 2432 5070 futura
2481 5015 2634 5071 facile
2663 5032 3080 5086 conscquanmr,
3111 5020 3275 5087 gratia
3304 5028 3356 5072 et
3386 5018 3724 5088 benignitate
3769 5021 3818 5073 D

2259 5110 2385 5161 mini
2418 5109 2581 5162 nostri
2606 5108 2733 5163 Jcsu
2758 5109 2980 5173 Christi,
3013 5110 3226 5179 quicum
3252 5110 3392 5163 Patri
3417 5109 3613 5178 gloria,
3644 5126 3815 5183 unaqt

2256 5208 2441 5255 sancto
2467 5200 2712 5270 Spiritui,
2740 5201 2793 5254 in
2818 5203 3019 5255 saecula
3044 5201 3383 5257 saeculorum.
3418 5202 3623 5258 Amen.

1920 5426 2258 5492 HOMILIA
2297 5435 2429 5494 XL.

2328 5560 2377 5615 1.
2420 5557 2591 5611 Lectio
2619 5557 3005 5627 Scripturaruut
3029 5566 3265 5625 quautam
3289 5556 3651 5611 discretionem
3668 5558 3805 5628 δεῖν

2254 5644 2539 5701 Discutitur
2563 5657 3023 5717 commcntaturque
3052 5648 3180 5701 illud
3201 5664 3217 5699 :
3244 5647 3299 5701 Si
3327 5648 3716 5703 testimonium
3754 5664 3804 5719 pi

2258 5740 2416 5792 hith
2436 5738 2504 5792 de
2526 5739 2753 5807 meipso,
2780 5756 2963 5794 verum
2989 5756 3094 5793 non
3120 5739 3357 5793 cst.-—Si
3376 5741 3499 5808 quis
3523 5741 3802 5795 metallic:

2264 5838 2461 5885 terram
2485 5829 2668 5885 fodere
2709 5833 3043 5901 aggrediatur
3066 5874 3080 5901 ,
3108 5848 3228 5887 cum
3262 5831 3327 5886 sit
3354 5829 3489 5885 artis
3526 5831 3800 5902 imperita
