3984 6196
265 336 348 389 229
1232 331 1298 394 IN
1334 327 1647 394 JOANNEM.
1682 325 1838 387 ιιοιιι

1953 325 2064 382 XL.
2104 329 2180 384 al.
2221 328 2463 386 XXXIX.

251 467 423 508 surum
441 465 546 506 non
562 448 779 513 efticiet,
801 447 981 503 omnia
1004 455 1207 504 temere
1228 445 1493 510 miscebit,
1511 443 1717 515 eritque
1738 442 1818 496 la-

251 546 336 600 bor
348 543 461 611 ejus
479 540 702 605 inutilis,
721 539 830 594 imo
846 538 1054 593 noxius.
1074 535 1149 592 ita
1165 537 1256 607 qui
1271 536 1568 590 divinarum
1584 534 1821 604 Scriptu-

249 648 413 687 rsmm
436 631 874 700 consequentiam
902 643 1007 684 non
1031 635 1248 695 norunt,
1276 641 1450 698 neque
1471 626 1822 697 proprietates

244 735 292 779 et
318 724 464 792 leges
491 723 612 791 ejus
635 721 922 792 explorant
939 760 955 787 ,
984 719 1080 776 sed
1108 720 1424 789 simpliciter
1453 728 1508 774 et
1531 734 1636 776 uno
1663 718 1822 774 modo

243 819 407 872 stnuia
438 824 780 886 percurrunt,
803 829 991 868 aurum
1016 827 1138 868 cum
1170 821 1310 870 terra
1333 812 1642 878 miscentes,
1670 826 1824 865 num-

239 923 387 978 quam
439 906 730 976 repositum
777 906 833 960 in
878 905 969 961 illa
1011 904 1320 960 thesaurum
1357 903 1652 958 invenient.
1699 902 1825 956 ηερε

237 1015 390 1068 porro
408 1014 560 1054 nunc
572 999 702 1061 dixi,
726 999 847 1068 quia
869 999 915 1052 is
931 999 1018 1069 qui
1036 997 1146 1068 jam
1172 996 1485 1067 proponitur
1502 996 1668 1059 locus,
1693 995 1827 1048 tnui»

243 1101 343 1146 Ium
371 1091 601 1160 quidem
628 1106 820 1145 aurum
849 1089 1028 1152 habet,
1056 1103 1164 1143 non
1192 1088 1406 1158 quidem
1437 1087 1782 1156 conspicuum
1808 1128 1822 1153 ,

237 1182 323 1238 sed
343 1183 678 1237 obscuritate
699 1181 866 1237 multa
887 1181 1216 1238 obvolutum.
1239 1180 1596 1247 Quamobrem
1618 1189 1829 1248 Oportet

237 1270 492 1330 fodiendo
511 1284 566 1328 et
591 1273 940 1345 expurgando
966 1274 1032 1329 ad
1054 1290 1238 1329 verum
1260 1289 1479 1328 sensum
1503 1273 1824 1343 pertingere.

237 1364 359 1432 Quis
388 1365 544 1418 enim
585 1381 691 1419 non
721 1366 902 1420 statim
927 1365 1171 1419 turbetur
1203 1363 1428 1418 audiens
1454 1362 1724 1417 Christum
1750 1361 1831 1416 di-

239 1465 476 1522 centem,
510 1455 574 1511 Si
596 1472 690 1525 ego
727 1457 1066 1511 testimonium
1093 1456 1329 1526 perhibeo
1355 1454 1417 1508 de
1437 1455 1625 1526 meipso
1647 1496 1662 1520 ,
1694 1455 1828 1508 testi.

237 1549 466 1602 monium
526 1565 695 1602 meum
743 1565 913 1603 verum
956 1565 1056 1602 non
1094 1549 1215 1602 est?
1257 1548 1387 1602 Nam
1414 1563 1558 1616 smpe
1588 1547 1832 1602 videmus

239 1639 378 1693 illum
412 1639 484 1695 de
527 1639 707 1707 seipso
739 1640 1105 1696 testimonium
1134 1639 1449 1709 perhibere;
1480 1639 1830 1696 Samaritana:

236 1733 438 1801 quippe
464 1731 681 1786 dicebat
707 1771 722 1794 ,
757 1729 868 1802 Ego
891 1748 1003 1789 sum
1041 1733 1128 1802 qui
1158 1733 1334 1803 loquor
1362 1743 1523 1786 tecum
1547 1733 1565 1802 (
1585 1729 1742 1786 Joan.
1775 1732 1825 1784 4.

236 1822 304 1876 26
327 1823 383 1891 );
425 1831 481 1877 et
504 1837 656 1876 careo
695 1823 968 1886 similiter,
1000 1822 1098 1889 Qui
1128 1823 1350 1893 loquitur
1374 1832 1568 1886 tecum,
1599 1822 1688 1877 ille
1713 1832 1785 1877 est
1813 1837 1832 1884 ,-

234 1922 289 1970 οι
311 1913 534 1968 Judazos
567 1914 874 1981 increpans,
913 1913 1008 1966 Vos
1033 1914 1221 1978 dicitis,
1255 1913 1332 1969 Tu
1352 1914 1690 1984 blasphemas,
1714 1915 1833 1984 quia

239 2004 366 2064 dixi.
398 2002 567 2056 Filius
593 2002 692 2056 Dei
712 2020 822 2056 sunt
849 2002 1046 2074 (Joan.
1070 2003 1125 2059 9.
1157 2003 1245 2058 57.
1270 2012 1319 2057 et
1343 2003 1427 2058 ιο.
1461 2003 1529 2058 56
1546 2003 1584 2075 ).
1622 2004 1687 2058 Et
1706 2004 1830 2058 alibi

239 2109 383 2164 saepe
410 2094 686 2148 similiter.
713 2092 770 2148 Si
801 2107 929 2163 ergo
959 2093 1077 2148 hznc
1114 2095 1291 2148 omnia
1319 2094 1590 2149 mendacia
1617 2103 1795 2149 essent
1813 2134 1828 2159 ,

239 2201 363 2255 qua:
390 2185 550 2240 nobis
590 2195 738 2240 esset
781 2199 909 2254 spes
950 2185 1170 2240 salutis?
1197 2185 1350 2240 Unde
1389 2201 1519 2256 ergo
1555 2186 1834 2240 veritatem

244 2280 622 2349 reperiemus.
665 2292 786 2331 cum
834 2277 950 2346 ipsa
995 2277 1194 2332 veritas
1243 2277 1424 2344 dicat,
1477 2276 1837 2331 Testimonium

249 2385 426 2422 meum
449 2385 620 2422 rerum
646 2383 743 2421 non
768 2376 840 2421 est
858 2371 884 2422 .’
911 2367 1094 2438 Neque
1133 2368 1237 2423 hoc
1278 2376 1484 2422 tantum
1513 2368 1836 2423 contrarium

249 2459 494 2525 videtur,
513 2457 604 2513 sed
629 2458 763 2513 aliud
791 2474 1006 2530 quoque
1027 2475 1133 2514 non
1160 2459 1364 2523 minus;
1391 2473 1511 2512 nam
1533 2458 1586 2512 in
1607 2473 1838 2526 sequen-

247 2552 398 2607 tibus
428 2551 508 2605 ait
540 2568 554 2603 :
592 2550 724 2605 Etsi
750 2568 843 2622 ego
871 2553 1214 2606 testimonium
1242 2551 1478 2621 perhibeo
1521 2547 1585 2605 de
1611 2549 1803 2619 met'pso
1821 2590 1838 2617 ,

247 2642 597 2696 testimonium
636 2657 800 2694 meum
842 2657 1014 2696 verum
1053 2652 1124 2696 est
1171 2639 1374 2711 (Joan.
1403 2641 1458 2696 8.
1491 2640 1558 2694 N
1583 2639 1622 2710 ).
1655 2638 1840 2695 Utrum

245 2747 378 2803 ergo
410 2731 605 2785 horum
629 2731 925 2802 accipiam?
954 2741 1130 2787 utrum
1159 2731 1347 2786 falsum
1373 2730 1607 2802 putabo?
1631 2730 1765 2786 Nam
1795 2730 1841 2785 si

247 2821 363 2877 haec
383 2822 460 2876 ita
481 2823 876 2892 acceperimus,
895 2822 1037 2878 nulla
1060 2821 1196 2879 facta
1218 2817 1479 2893 personze,
1502 2823 1644 2878 nulla
1665 2837 1844 2879 causa!

248 2923 302 2969 et
341 2923 674 2970 ceterorum
706 2913 963 2969 similium
1004 2913 1389 2984 perquisitione
1416 2955 1432 2980 ,
1459 2923 1685 2983 utraque
1709 2913 1842 2970 falsa

249 3014 428 3059 erunt.
458 3003 518 3060 Si
550 3006 696 3060 enim
727 3005 1091 3060 testimonium
1119 3005 1237 3074 ejus
1265 3020 1449 3060 verum
1476 3021 1580 3059 non
1613 3014 1716 3068 est,
1749 3022 1844 3060 ne-

247 3111 350 3165 que
399 3079 708 3165 hoc'ipsum
740 3110 926 3149 verum
971 3106 1096 3162 est,
1128 3111 1300 3165 neque
1330 3096 1625 3164 posterius,
1672 3109 1845 3165 neque

249 3189 422 3256 prius.
454 3187 594 3254 Quid
622 3202 752 3258 ergo
777 3188 877 3242 sibi
909 3188 1056 3242 vult?
1081 3187 1238 3242 Multa
1268 3187 1419 3242 nobis
1445 3202 1582 3256 opus
1604 3194 1686 3241 est
1708 3187 1842 3256 vigi-

251 3279 442 3341 lantia,
473 3281 584 3332 imo
610 3281 792 3350 potius
821 3279 916 3334 Dei
938 3279 1130 3349 gratia,
1162 3295 1228 3334 ne
1250 3279 1405 3334 nudis
1431 3279 1607 3334 verbis
1633 3279 1845 3334 insista-

245 3387 392 3426 mus.
426 3371 503 3425 ita
552 3371 694 3426 enim
729 3371 970 3426 haeretici
1015 3382 1234 3437 errant,
1266 3372 1392 3426 dum
1419 3387 1592 3442 neque
1622 3387 1842 3441 scopum

246 3461 521 3528 dicentis,
555 3477 728 3530 neque
764 3462 1090 3516 audientium
1121 3462 1369 3516 allectum
1400 3463 1700 3532 explorant.
1733 3462 1843 3516 Nisi

246 3569 381 3624 ergo
415 3553 535 3607 haec
564 3552 879 3620 adjiciamus
902 3594 917 3617 ,
949 3554 1056 3607 imo
1073 3554 1177 3609 alia
1203 3570 1413 3624 quoque
1435 3596 1452 3621 ,
1483 3567 1538 3609 ut
1569 3563 1805 3624 tempora
1827 3597 1842 3623 ,

203 3638 206 3640 ⁷
247 3644 406 3708 loca,
447 3642 760 3696 auditorum
783 3643 1064 3709 animum;
1098 3644 1263 3700 multa
1307 3655 1703 3714 consequentur
1741 3648 1841 3700 ab-

245 3733 440 3788 surda.
468 3732 611 3802 Quid
640 3733 738 3788 sibi
786 3734 899 3791 vult
926 3749 1054 3806 ergo
1083 3734 1134 3789 id
1160 3735 1301 3804 quod
1341 3735 1454 3806 jam
1479 3736 1678 3792 dictum
1719 3736 1847 3791 est?

247 3823 464 3877 Dicturi
512 3832 671 3878 erant
696 3822 864 3879 Judaei
889 3840 906 3878 ;
935 3823 996 3879 Si
1040 3835 1095 3879 tu
1136 3825 1471 3880 testimonium
1514 3826 1741 3898 perhibes
1784 3829 1848 3880 de

249 3918 460 3986 teipse,
492 3916 827 3970 testimonium
879 3926 1022 3970 tuum
1067 3935 1170 3972 non
1215 3927 1289 3973 est
1327 3934 1518 3972 verum.
1569 3919 1693 3973 Ideo
1733 3918 1847 3972 haec

248 4015 603 4075 pmoccupat
631 4021 692 4062 ac
705 4007 751 4061 si
773 4007 972 4064 diceret
994 4025 1007 4060 :
1029 4009 1224 4064 Dicetis
1251 4009 1432 4080 utique
1454 4009 1604 4075 mihi,
1627 4010 1718 4064 tibi
1739 4026 1844 4066 non

245 4095 534 4150 credimus
562 4113 577 4150 :
604 4111 762 4150 nemo
799 4099 940 4152 enim
971 4099 1059 4169 qui
1089 4100 1269 4155 statim
1295 4100 1364 4156 de
1392 4115 1450 4156 se
1483 4102 1846 4157 testimonium

250 4185 578 4253 perhibent,
595 4187 732 4255 apud
754 4186 994 4244 homines
1016 4189 1279 4245 credetur.
1301 4190 1430 4245 lllud
1455 4206 1582 4261 ergo
1599 4232 1614 4256 ,
1639 4190 1760 4245 Non
1778 4201 1848 4246 est

248 4293 436 4328 rerum
457 4316 475 4339 ,
524 4292 629 4331 non
658 4286 857 4333 temere
884 4279 1160 4350 legendum
1186 4322 1202 4347 ,
1230 4280 1324 4336 sed
1347 4281 1848 4353 subintelligendum

248 4379 332 4421 est
369 4367 675 4422 secundum
701 4368 910 4424 illorum
929 4371 1258 4442 opinionem,
1280 4387 1344 4427 ac
1366 4373 1410 4427 si
1437 4374 1659 4440 diceret,
1685 4373 1847 4430 Vobis

252 4474 368 4511 ιισιιι
412 4467 495 4511 est
527 4474 732 4514 verum.
779 4458 894 4515 Non
937 4477 1064 4532 ergo
1089 4473 1273 4518 contra
1316 4465 1626 4534 dignitatem
1655 4479 1846 4532 suam,

247 4546 352 4601 sed
387 4557 576 4600 contra
626 4549 835 4604 illorum
863 4553 1168 4622 opinionem
1216 4554 1294 4610 sic
1324 4554 1578 4625 loquitur.
1609 4557 1691 4613 Ac
1725 4570 1847 4611 cum

248 4640 415 4704 dicit,
446 4638 803 4695 Testimonium
831 4660 996 4698 meum
1021 4661 1192 4700 verum
1221 4663 1321 4700 non
1350 4657 1422 4702 est
1439 4688 1455 4715 ,
1484 4647 1702 4704 illorum
1725 4663 1851 4704 seno

250 4733 490 4783 tentiam
539 4731 819 4800 coarguit,
860 4748 1070 4789 necnon
1099 4735 1454 4804 objectionem
1480 4777 1496 4803 ,
1543 4752 1703 4807 quam
1747 4738 1850 4808 ipsi

251 4820 497 4873 obtaturi
526 4831 700 4876 erant.
731 4822 864 4878 Cum
895 4840 1023 4880 vero
1055 4826 1206 4893 dicit,
1239 4826 1367 4882 Etsi
1390 4845 1480 4899 ego
1507 4831 1850 4887 testimonium

253 4911 504 4976 perhibeo
551 4912 614 4966 de
661 4915 852 4984 nteipso
872 4957 886 4981 ,
937 4933 1106 4971 verum
1151 4927 1222 4974 est
1263 4919 1600 4974 testimonium
1643 4937 1807 4978 meum
1830 4962 1847 4988 ,

255 5007 437 5073 ipsam
467 5005 546 5059 rei
575 5017 817 5061 naturam
844 5011 1098 5073 ostendit.
1127 4993 1270 5080 quod
1299 5012 1504 5068 scilicet
1532 5013 1727 5082 ipsum,
1765 5024 1850 5068 ιιι-

255 5107 391 5164 pote
417 5095 586 5150 Deum
610 5139 626 5163 ,
657 5096 761 5153 fide
783 5099 999 5171 dignum
1025 5102 1173 5167 credi
1202 5112 1496 5172 oporteret,
1536 5104 1698 5160 etiam
1725 5120 1849 5160 cum

253 5189 329 5242 de
359 5191 544 5258 seipso
570 5191 896 5259 loqueretur.
925 5193 1060 5262 Quia
1088 5195 1231 5250 enim
1261 5196 1469 5250 dixerat
1495 5196 1847 5256 resurrectio-

253 5297 387 5335 nem
417 5292 750 5338 mortuorum
779 5295 833 5340 et
869 5285 1132 5356 judicium
1153 5329 1167 5351 ,
1201 5296 1256 5343 et
1294 5287 1436 5357 quod
1464 5289 1551 5358 qui
1578 5289 1752 5344 credit
1794 5289 1847 5344 in

257 5371 438 5440 ipsum
466 5388 574 5426 non
595 5373 888 5442 judicatur,
919 5376 1012 5432 sed
1039 5377 1107 5436 ad
1138 5379 1300 5436 vitam
1331 5379 1494 5446 venit,
1521 5388 1576 5435 et
1603 5379 1746 5451 quod
1772 5396 1852 5436 sc-

255 5458 400 5516 o'ens
427 5463 668 5519 omnium
697 5466 935 5524 rationes
961 5466 1318 5538 expetiturus,
1344 5477 1400 5524 et
1423 5469 1563 5540 quod
1605 5471 1847 5528 eamdem

259 5548 460 5606 lubeat
484 5593 502 5618 ,
550 5568 707 5623 quam
758 5555 911 5612 Pam
940 5597 958 5623 ,
987 5567 1304 5627 potestatem
1329 5567 1386 5616 et
1408 5562 1695 5626 virtutem;
1723 5577 1847 5618 cum

261 5639 384 5696 bne
409 5643 588 5698 omnia
617 5644 1029 5710 conﬁrmaturus
1053 5657 1228 5717 esset,
1257 5651 1364 5710 alio
1391 5652 1556 5710 modo
1582 5652 1719 5712 hanc
1747 5653 1850 5711 ob-

245 5732 549 5793 Jectionem
595 5736 898 5794 necessario
944 5740 1170 5812 primam
1221 5742 1389 5814 ponit.
1443 5742 1603 5816 Dixl,
1646 5740 1846 5814 inquit,

3396 345 3503 403 230

1930 441 2077 496 Sicut
2117 440 2278 498 Pater
2304 445 2512 498 suscitat
2541 454 2762 501 mortuos
2792 457 2838 502 et
2872 446 3090 517 viriﬁcat
3108 489 3125 517 ,
3154 451 3225 504 sic
3249 460 3298 506 et
3335 449 3501 510 Filius

1927 548 2051 598 quos
2100 534 2207 587 vult
2245 536 2513 604 risi/ica;
2541 536 2675 602 dixi,
2707 535 2886 605 Neque
2914 538 3072 595 Pater
3092 541 3294 611 judicat
3329 559 3507 613 quem-

1926 640 2098 694 quam,
2120 625 2209 680 sed
2229 641 2376 681 omne
2383 628 2637 698 judicium
2655 630 2791 688 dedit
2815 629 2987 699 Filio;
3007 631 3113 688 dixi
3137 633 3505 695 honorandum

1928 730 2049 771 esse
2077 715 2271 772 Filium
2301 719 2439 774 sicut
2467 719 2678 775 Patrem
2705 737 2722 784 ς
2750 720 2858 777 dixi
2885 763 2900 786 ,
2932 723 3034 792 Qui
3060 741 3161 780 non
3199 728 3503 797 [sonori/icui

1930 803 2161 873 Filium,
2200 823 2359 877 neque
2405 808 2616 864 Patrem
2665 811 3004 881 honoriﬁcat;
3031 814 3179 881 dixi,
3226 816 3328 882 Qui
3367 819 3512 873 audit

1930 898 2078 952 verba
2101 915 2212 952 mea
2237 909 2286 953 et
2309 900 2465 953 credit
2491 917 2572 966 ea,
2602 919 2702 956 non
2731 904 2913 958 uidebit
2935 916 3145 960 mortem
3169 909 3207 972 ⁸,
3228 909 3316 962 sed
3341 921 3514 963 trans-

1931 988 2064 1042 latus
2085 999 2158 1043 est
2186 1007 2219 1044 a
2239 999 2394 1044 morte
2421 991 2488 1044 ad
2521 994 2695 1057 vitam;
2719 993 2850 1062 dixi,
2871 1010 3057 1052 vocem
3079 1012 3253 1053 meant
3277 1008 3514 1057 mortuos

1932 1080 2308 1135 suscitaturam
2331 1097 2470 1146 esse,
2497 1092 2551 1138 et
2575 1099 2712 1138 nunc
2739 1093 2791 1139 et
2821 1095 3000 1154 postea
3029 1103 3042 1150 ;
3071 1087 3201 1154 dixi,
3234 1103 3320 1142 me
3344 1089 3511 1144 ratio-

1934 1184 2054 1224 nem
2078 1171 2316 1225 omnium
2343 1182 2680 1241 peccatorum
2712 1176 3057 1244 repetiturum
3085 1192 3238 1242 esse;
3261 1178 3392 1244 dixi,
3423 1196 3512 1237 me

1933 1277 2054 1318 esse
2076 1261 2218 1332 juste
2240 1263 2626 1333 judicatnrum,
2657 1281 2721 1321 ac
2747 1267 3046 1323 mercedem
3078 1269 3214 1325 bene
3237 1273 3513 1341 cperanti-

1932 1353 2032 1409 bus
2077 1354 2344 1409 daturum.
2390 1355 2521 1423 Quia
2551 1372 2678 1427 ergo
2722 1357 2807 1411 illa
2834 1359 3010 1414 omnia
3040 1360 3240 1429 prolata
3280 1361 3514 1430 fuerant,

1935 1455 1991 1499 et
2016 1461 2204 1516 magna
2249 1447 2464 1517 quidem
2491 1458 2686 1514 erant,
2720 1450 2951 1505 necdum
2981 1460 3159 1506 tamen
3202 1452 3320 1508 data
3344 1453 3517 1511 fuerat

1934 1534 2125 1591 borum
2148 1537 2292 1592 clara
2319 1538 2726 1607 demonstratio,
2757 1541 2851 1596 sed
2876 1542 3102 1599 obscura
3127 1543 3316 1614 plane;
3341 1545 3516 1614 primo

1933 1625 2074 1694 quod
2102 1627 2452 1695 objiciebatur
2473 1631 2637 1699 ponit.
2665 1630 2733 1685 ad
2759 1631 3020 1686 dictorum
3048 1647 3226 1688 veram
3255 1634 3516 1692 rationem

1933 1726 2222 1784 venturus;
2249 1734 2314 1775 ac
2337 1721 2383 1776 si
2411 1721 2480 1774 ita
2503 1722 2824 1792 loqueretur,
2855 1726 2953 1780 etsi
2977 1741 3081 1780 non
3107 1725 3295 1781 iisdem
3317 1729 3516 1784 verbis.

1936 1809 2043 1865 Sed
2068 1811 2294 1868 fortasse
2321 1813 2509 1870 dicetis
2534 1833 2547 1868 :
2570 1815 2694 1870 Haec
2720 1817 2895 1871 omnia
2920 1827 2974 1872 tn
2999 1818 3152 1884 dicis,
3183 1836 3280 1875 nec
3311 1837 3372 1878 es
3415 1823 3520 1880 fide

1936 1901 2128 1972 dignus
2154 1905 2319 1970 testis,
2344 1907 2434 1977 qni
2459 1907 2548 1961 tibi
2573 1907 2671 1977 ipsi
2700 1910 3058 1965 testimonium
3079 1913 3382 1982 perhibeas.
3409 1914 3518 1972 llac

1938 1993 2120 2063 itaque.
2153 1996 2358 2050 ratione
2406 1999 2578 2067 primo
2615 2000 2828 2054 solvens
2859 2000 3069 2057 illorum
3099 2004 3517 2070 contentionem,

1917 2087 2079 2156 quod
2109 2102 2171 2142 ea
2200 2104 2320 2158 qua:
2358 2088 2552 2144 dicturi
2584 2101 2738 2145 erant
2775 2091 3041 2162 proferret
3064 2136 3082 2161 ,
3109 2097 3522 2169 ostenderetque

1943 2193 2002 2233 se
2028 2193 2221 2234 arcana
2248 2179 2428 2235 cordis
2466 2196 2651 2237 eorum
2681 2198 2842 2242 nosse
2860 2223 2879 2252 ,
2905 2193 2960 2240 et
2987 2185 3123 2242 hanc
3151 2188 3375 2258 primam
3407 2191 3519 2246 vir-

1945 2271 2072 2326 tutis
2110 2287 2220 2326 sute
2267 2271 2780 2330 demonstrationem
2810 2275 3070 2332 exhibens
3093 2319 3109 2342 ,
3139 2278 3353 2335 demum
3404 2291 3524 2352 post

1943 2362 2296 2432 objectionem
2343 2365 2642 2434 prolatam,
2674 2366 2807 2421 alias
2848 2366 3020 2424 adfert
3043 2369 3525 2430 demonstrationes

1945 2453 2117 2511 claras
2143 2465 2198 2511 et
2221 2457 2688 2527 inexpugnabiles;
2718 2467 2826 2514 tres
2849 2458 3123 2516 adducens
3144 2471 3328 2529 testes,
3357 2477 3523 2535 Opera

1945 2559 2041 2600 sua
2069 2585 2083 2612 ,
2107 2546 2279 2603 Patris
2313 2547 2701 2614 testimonium,
2725 2558 2780 2604 et
2808 2548 3031 2606 Joannis
3061 2553 3521 2620 prmdicatiouem.

1946 2636 2294 2707 Primumque
2322 2639 2684 2699 testimonium
2715 2641 2892 2710 ponit,
2922 2641 2974 2696 id
3001 2643 3142 2710 quod
3171 2643 3345 2699 minus
3372 2655 3487 2700 erat
3508 2688 3524 2712 ,

1946 2743 2140 2799 nempe
2163 2728 2404 2786 Joannis.
2438 2730 2568 2784 Cum
2587 2730 2726 2786 enim
2746 2730 2989 2799 dixisset,
3018 2732 3161 2789 Alius
3188 2745 3259 2789 est
3279 2736 3365 2801 qui
3393 2738 3529 2790 testi-

1947 2820 2173 2873 ntonium
2202 2819 2426 2890 perhibet
2462 2822 2525 2874 de
2549 2837 2647 2888 me,
2676 2831 2724 2875 et
2747 2822 2851 2876 seio
2869 2823 2989 2892 quia
3012 2839 3183 2878 verum
3209 2835 3281 2880 est
3307 2829 3529 2881 testimo-

1949 2909 2090 2962 nium
2115 2910 2225 2978 ejus
2246 2924 2266 2973 ;
2291 2909 2529 2964 subdidit
2553 2928 2567 2964 :
2596 2911 2687 2966 33.
2728 2909 2825 2965 Vos
2852 2912 3058 2967 misistis
3085 2915 3154 2968 ad
3176 2913 3451 2982 Joannem,
3481 2927 3528 2971 et

1949 3000 2287 3052 testimonium
2319 2998 2568 3068 perhibuit
2592 3001 2805 3053 veritati.
2838 3004 2995 3072 Atqui
3017 3003 3060 3056 si
3093 3019 3198 3058 non
3229 3015 3312 3059 est
3341 3021 3527 3062 verum

1950 3089 2312 3145 tesuimonium
2343 3098 2494 3143 tuum
2513 3129 2529 3154 ,
2557 3091 2824 3160 quomodo
2848 3092 3014 3158 dicis,
3046 3094 3240 3150 Verum
3267 3105 3351 3151 est
3377 3098 3529 3152 testi-

1947 3180 2185 3235 monium
2210 3179 2468 3244 Joannis;
2497 3191 2572 3244 et,
2615 3180 2978 3237 Testimonium
3010 3185 3258 3255 perhibuit
3282 3189 3481 3243 ueritati
3501 3191 3528 3243 .’

1950 3270 2136 3327 Viden’
2169 3285 2327 3340 quam
2359 3272 2561 3328 clarum
2589 3272 2673 3328 vel
2695 3272 2820 3328 inde
2847 3275 2940 3340 s'tt,
2968 3275 3098 3330 illud
3120 3317 3136 3340 ,
3163 3275 3529 3333 Testimonium

1949 3379 2114 3416 meum
2154 3379 2254 3416 non
2283 3371 2355 3417 est
2395 3378 2564 3418 verum
2587 3405 2606 3432 ,
2640 3364 2903 3422 adversus
2928 3382 3114 3423 eorum
3157 3371 3518 3442 suspicionem

1949 3454 2148 3510 dictum
2182 3454 2345 3509 fuisse
2366 3454 2388 3507 ?

2011 3547 2064 3601 2.
2079 3545 2294 3608 Joannis
2309 3545 2553 3618 Baptista:
2567 3547 2833 3602 testimonii
2851 3550 3117 3616 certitudo;
3131 3552 3288 3621 ipsius
3307 3551 3408 3608 Dei
3425 3567 3534 3610 erat

1948 3637 2302 3691 testimonium.
2320 3637 2542 3706 Operunt
2567 3636 2752 3693 Christi
2770 3643 3104 3696 testimonium
3124 3645 3534 3702 ineluctabile.—

1949 3729 2084 3797 Quid
2129 3730 2175 3783 si
2219 3730 2327 3791 ille.
2362 3729 2586 3799 inquies,
2627 3732 2984 3786 testimonium
3010 3733 3077 3788 ad
3104 3736 3327 3805 gratiam
3354 3739 3535 3808 perhi-

1951 3820 2098 3875 bnit’
2136 3821 2213 3880 Ne
2250 3821 2350 3880 hoc
2385 3822 2626 3878 dicerent
2649 3863 2665 3887 ,
2696 3823 2814 3876 vide
2852 3825 3121 3893 quomodo
3159 3826 3299 3884 hanc
3337 3831 3536 3886 amovit

1952 3912 2334 3980 suspicionem.
2378 3911 2494 3966 Non
2529 3913 2670 3967 enim
2713 3912 2863 3977 dixit,
2891 3913 3128 3970 Joannes
3173 3919 3535 3976 testimonium

1953 4004 2218 4073 perhibuit
2243 4003 2310 4060 de
2340 4020 2454 4068 me;
2486 4004 2578 4059 sed
2599 4005 2766 4074 prius,
2798 4004 2895 4059 Vos
2921 4007 3127 4061 misistis
3145 4009 3215 4063 ad
3241 4010 3536 4078 Joannem;

1953 4111 2060 4152 non
2107 4096 2384 4152 uiisissetis
2426 4104 2640 4160 autem,
2684 4095 2785 4150 nisi
2819 4095 2928 4151 fide
2963 4096 3186 4167 dignum
3225 4101 3534 4157 existimas-

1954 4186 2101 4240 sctis.
2158 4185 2418 4255 Quodth
2473 4185 2644 4253 majus
2692 4194 2794 4250 est,
2839 4202 2944 4242 non
2989 4191 3251 4246 miserunt
3295 4190 3531 4248 interm-

1952 4285 2131 4349 gatum
2175 4278 2321 4334 illum
2359 4275 2428 4333 de
2465 4274 2704 4340 Christo.
2743 4276 2837 4337 sed
2875 4276 2944 4333 de
2979 4280 3188 4349 seipso;
3228 4297 3387 4351 quem
3428 4283 3535 4341 flde

1953 4369 2170 4436 dignum
2209 4366 2465 4438 putabant
2506 4367 2574 4426 de
2619 4369 2795 4437 seipso
2845 4369 3207 4428 testimonium
3251 4373 3536 4437 ferentem,

1955 4461 2122 4515 multo
2155 4461 2323 4530 magis
2353 4459 2422 4515 de
2452 4459 2560 4515 alio
2597 4461 2921 4530 loquentem.
2962 4463 3212 4520 Solemus
3251 4471 3394 4523 enim
3435 4485 3537 4525 nos

1956 4550 2200 4606 homines
2226 4565 2333 4606 non
2361 4549 2584 4620 perinde
2599 4551 2821 4608 credere
2846 4553 2912 4608 iis
2930 4558 3022 4625 qui
3051 4555 3117 4611 de
3145 4572 3206 4613 se
3223 4558 3530 4629 loquuntur,

1953 4657 2112 4712 quam
2158 4641 2223 4699 iis
2256 4642 2345 4713 qui
2383 4642 2453 4698 de
2490 4642 2630 4698 aliis.
2675 4643 2826 4699 Ilunc
2847 4661 2976 4700 vero
3001 4647 3072 4701 ita
3102 4662 3346 4704 veraeem
3378 4659 3533 4718 puta-

1955 4736 2106 4802 bant,
2131 4735 2370 4792 utetiam
2397 4735 2466 4794 de
2493 4749 2553 4792 se
2573 4735 2818 4806 loquens,
2845 4739 3066 4794 alterius
3095 4741 3402 4796 testimonio
3426 4757 3534 4797 non

1954 4837 2156 4896 egeret.
2201 4825 2335 4882 Nam
2374 4827 2466 4896 qui
2493 4826 2643 4882 missi
2673 4827 2917 4894 fuerant,
2947 4845 3052 4884 non
3080 4831 3367 4898 dixerunt,
3397 4833 3534 4901 Quid

1954 4917 2088 4972 dicis
2113 4917 2182 4974 de
2206 4916 2459 4976 Christo?
2487 4917 2603 4983 sed,
2622 4917 2703 4972 Τιι
2723 4919 2836 4989 quis
2856 4919 2943 4974 es?
2965 4921 3088 4991 quid
3111 4921 3238 4978 dicis
3255 4923 3322 4978 de
3343 4926 3501 4994 teipse
3517 4926 3546 4980 Ρ

1955 5008 2089 5062 Tam
2131 5008 2427 5063 mirabilem
2465 5008 2721 5078 putabant
2758 5009 3049 5066 hominem.
3084 5012 3196 5068 Hoc
3219 5029 3350 5085 ergo
3374 5024 3542 5069 totum

1953 5099 2328 5166 subindicavit,
2349 5114 2470 5155 cum
2495 5099 2652 5166 dixit,
2681 5099 2786 5155 Vos
2812 5101 3016 5160 misistis
3033 5102 3103 5156 ad
3119 5103 3389 5159 Joannem.
3417 5105 3547 5164 Ideo

1955 5192 2280 5262 evangelista
2313 5207 2420 5252 non
2447 5192 2624 5248 solum
2649 5193 2798 5256 dicit,
2821 5209 2916 5248 eos
2943 5194 3172 5263 misisse,
3193 5197 3288 5252 sed
3312 5198 3381 5254 de
3407 5200 3540 5253 mis-

1955 5283 2031 5339 sis
2060 5299 2313 5352 expresse
2333 5283 2486 5346 dicit,
2507 5282 2669 5336 fnisse
2698 5299 2761 5337 ex
2793 5285 3159 5338 sacerdotibus
3182 5296 3231 5339 et
3259 5302 3324 5342 ex
3358 5287 3543 5345 Phari-

1955 5375 2099 5440 sa:is,
2114 5391 2218 5432 non
2239 5389 2273 5432 e
2289 5374 2467 5444 vulgo,
2487 5388 2586 5430 nec
2603 5374 2694 5443 qui
2717 5377 2986 5446 corrumpi
3003 5377 3083 5432 vel
3104 5376 3276 5447 decipi
3300 5388 3541 5448 possent,

1958 5465 2053 5522 sed
2082 5466 2173 5536 qui
2200 5465 2320 5535 ejus
2349 5465 2487 5520 dicta
2517 5473 2768 5520 accurate
2792 5466 3148 5537 perciperent.
3178 5469 3268 5526 34.
3310 5468 3424 5540 Ego
3446 5486 3542 5524 ou-

1955 5564 2052 5610 tem
2081 5571 2180 5611 non
2201 5555 2263 5610 ab
2289 5554 2490 5610 homine
2509 5555 2847 5610 testimonium
2871 5559 3084 5628 accipio.
3110 5559 3214 5614 Cur
3237 5573 3368 5631 ergo
3385 5558 3546 5616 Joan-

2030 5763 2042 5794 ι
2083 5758 2209 5809 Alius
2230 5755 2399 5820 habet,
2424 5771 2514 5810 non
2540 5757 2711 5811 ridebit
2726 5757 2988 5818 judicium.
