3984 6196
605 287 701 342 951

602 400 684 454 nis
731 395 1094 452 testimonium
1139 392 1370 461 accipis?
1420 391 1561 445 Illius
1604 399 1750 459 certe
1792 387 2174 452 testimonium,

603 487 835 543 hominis
872 503 977 540 non
1021 493 1154 540 erat.
1200 483 1298 550 Qui
1335 483 1464 536 misit
1500 498 1595 545 me,
1631 481 1817 549 inquit,
1848 481 2103 548 baptizare
2128 481 2181 532 in

599 595 753 648 aqua,
779 575 868 631 tlle
887 576 1010 630 mihi
1032 575 1181 629 dixit.
1213 574 1394 642 Itaque
1421 571 1641 658 Joannis
1674 570 2058 635 testimonium,
2087 570 2178 624 Dei

597 682 716 726 erat
742 669 1100 726 testimonium
1125 682 1144 723 :
1172 667 1239 721 ab
1269 666 1359 720 illo
1394 665 1535 719 enim
1572 661 1832 717 didicerat
1861 678 1921 717 ea
1950 678 2068 731 qua:
2093 662 2173 716 di-

598 764 769 818 cehat.
802 762 908 818 Sed
938 777 1005 817 ne
1032 761 1291 825 dicerent,
1321 756 1474 813 Unde
1495 763 1703 810 constat
1733 755 1878 808 illum
1908 771 1938 808 a
1972 755 2078 810 Deo
2100 754 2182 808 di-

597 855 793 910 dicisse
832 863 887 908 et
930 853 1054 908 hinc
1092 851 1375 906 adversum
1404 856 1628 911 starent,
1657 846 1865 901 illorum
1893 861 1984 900 ora
2013 846 2176 900 vehe-

599 954 806 1000 nicnlcr
834 944 1112 1013 reprimit,
1143 951 1200 997 et
1226 941 1398 995 adhuc
1422 949 1607 993 contra
1635 939 1844 992 illorum
1871 938 2177 1006 opinionem

597 1037 861 1092 edisserit.
894 1035 1074 1103 Neque
1099 1034 1241 1089 enim
1266 1031 1553 1087 verisimile
1575 1040 1690 1085 erat
1711 1029 1908 1083 multos
1934 1030 2047 1084 luce
2073 1029 2177 1084 sci-

599 1128 756 1191 visse,
788 1125 882 1180 sed
904 1123 1094 1180 Joanni
1122 1122 1482 1187 attendebant,
1505 1131 1560 1174 ut
1585 1136 1650 1176 ex
1679 1137 1736 1176 se
1767 1121 2020 1191 loquenti.
2054 1120 2176 1175 Ideo

595 1219 671 1270 ait
701 1235 714 1270 :
742 1217 850 1287 Ego
877 1216 940 1269 ab
965 1217 1165 1269 homine
1185 1214 1520 1268 testiinonium
1543 1230 1641 1266 non
1665 1212 1878 1282 accipio.
1905 1214 1959 1268 Si
1989 1212 2056 1266 ab
2081 1212 2176 1268 ho-

596 1308 738 1361 mine
765 1307 1130 1361 testimonium
1159 1321 1263 1359 non
1291 1313 1626 1374 accepturus,
1660 1319 1832 1374 neque
1861 1305 1951 1358 illo
1981 1318 2175 1358 usurus

594 1412 716 1450 eras
737 1437 753 1462 ,
783 1411 880 1451 cur
907 1396 1024 1466 ejus
1051 1395 1415 1451 testimonium
1441 1394 1744 1449 adduxisti?
1769 1395 1846 1448 Ne
1875 1396 2032 1465 igitur
2061 1395 2176 1450 lucc

593 1489 853 1555 dicerent,
875 1489 1000 1544 audi
1024 1488 1291 1560 quomodo
1319 1487 1408 1542 tali
1435 1487 1721 1556 objectioni
1747 1496 2008 1542 occurrat.
2039 1487 2170 1542 Cum

593 1580 816 1634 dixisset
857 1581 1022 1642 enim,
1065 1581 1140 1633 Ab
1180 1579 1382 1634 homine
1421 1580 1754 1633 testimonium
1799 1596 1900 1634 non
1937 1581 2129 1651 accipio
2151 1597 2171 1646 ,°

593 1669 866 1738 subjunxit
895 1687 910 1726 :
943 1668 1050 1725 Sed
1082 1670 1191 1724 hee
1227 1670 1359 1734 dico,
1389 1678 1442 1723 ut
1469 1687 1554 1724 vos
1582 1671 1710 1725 salui
1736 1672 1864 1725 sitis.
1899 1671 2009 1727 lloc
2041 1683 2122 1727 est
2152 1686 2168 1726 :

591 1761 704 1830 Ego
748 1761 904 1831 hujus
943 1761 1246 1816 testimonio
1290 1761 1523 1817 humano
1567 1777 1671 1816 non
1712 1777 1846 1832 opus
1885 1764 2166 1831 habebam,

590 1868 710 1905 cum
749 1852 886 1907 Deus
922 1853 1059 1918 sint;
1099 1853 1195 1908 sed
1222 1854 1344 1924 quia
1375 1853 1521 1907 illum
1549 1854 1818 1924 suSpicitis
1842 1865 1895 1909 et
1921 1856 2168 1911 omnibus

593 1943 696 1998 ﬁde
714 1943 1008 2013 digniorem
1038 1945 1267 2014 putatis;
1297 1955 1350 2000 et
1377 1946 1441 2000 ad
1474 1946 1621 2000 illum
1645 1947 1857 2016 quidem
1882 1958 1937 2002 ut
1956 1947 2022 2002 ad
2048 1963 2169 2018 pro-

590 2033 802 2104 phetam
830 2036 1190 2090 accurrebatis
1216 2037 1424 2106 (civitas
1443 2037 1584 2091 enim
1606 2037 1672 2091 ad
1691 2036 1977 2093 Jordanem
1999 2038 2168 2093 cﬁ'un-

586 2126 853 2196 dcbatur),
881 2127 1010 2180 mihi
1035 2142 1164 2182 vero
1191 2143 1258 2182 ne
1282 2127 1496 2198 quidem
1523 2128 1775 2182 miracula
1799 2130 2026 2199 patranti
2049 2145 2167 2185 cre-

585 2215 791 2270 didistis
823 2232 838 2271 :
870 2216 990 2270 ideo
1033 2216 1136 2272 hoc
1179 2217 1331 2272 vobis
1372 2219 1733 2274 testimonium
1777 2235 2161 2277 commemoro.

588 2303 678 2357 35.
709 2302 809 2358 Ille
828 2315 934 2358 erat
955 2304 1161 2360 lucerna
1189 2309 1373 2362 ardens
1397 2320 1441 2362 et
1467 2311 1637 2364 lucens
1657 2326 1676 2362 :
1697 2328 1782 2364 vos
1806 2322 1972 2365 autent
2000 2313 2160 2366 colui-

579 2395 670 2448 stis
695 2397 948 2450 exsultare
966 2399 1033 2450 ad
1053 2401 1230 2452 horam
1253 2401 1304 2453 in
1331 2401 1444 2455 luce
1465 2403 1597 2472 ejus.
1628 2403 1706 2458 Ne
1731 2406 1969 2460 dicerent
1994 2408 2156 2470 enim,

580 2486 738 2552 Quid,
762 2486 807 2540 si
840 2486 930 2543 ille
956 2489 1108 2555 dixit,
1138 2499 1192 2544 et
1220 2505 1317 2544 nos
1344 2507 1449 2545 non
1479 2495 1816 2561 recepimus?
1840 2495 1979 2549 dicta
2009 2511 2160 2550 rece-

579 2579 720 2646 pisse
757 2579 876 2635 illos
920 2581 1176 2636 ostendit.
1219 2580 1402 2652 Neque
1445 2583 1588 2637 enim
1625 2585 1870 2655 vulgares
1919 2586 2160 2640 homines

578 2670 856 2735 miserunt,
890 2671 985 2726 sed
1009 2671 1318 2727 sacerdotes
1349 2682 1402 2728 et
1425 2673 1741 2729 Pharisanos.
1773 2675 1860 2730 Sic
1885 2677 2155 2730 hominem

576 2761 938 2826 mirabantur,
976 2778 1075 2818 nec
1104 2773 1350 2832 poterant
1379 2765 1536 2820 dictis
1555 2767 1670 2834 ejus
1700 2768 1984 2822 obsistere.
2021 2768 2154 2822 Illud

573 2861 772 2918 autem,
799 2853 880 2907 Ad
897 2855 1096 2923 horam,
1127 2855 1342 2910 nimiam
1367 2858 1576 2912 illorum
1602 2858 1906 2914 facilitatem
1936 2861 2149 2927 indicat,

573 2944 716 3012 quod
747 2945 954 3000 scilicet
995 2947 1103 3001 cito
1147 2947 1215 3000 ab
1245 2949 1336 3002 illo
1364 2949 1668 3004 resilicrint.
1712 2950 1802 3006 56.
1847 2950 1958 3022 Ego
1987 2963 2155 3006 autem

574 3035 730 3088 habeo
753 3039 919 3103 majus
946 3037 1280 3091 testimonium
1313 3037 1538 3092 Joanne.
1571 3039 1627 3094 Si
1659 3041 1866 3096 velletis
1891 3044 2030 3096 enim
2065 3059 2153 3098 se-

571 3128 800 3180 cundum
824 3141 1002 3181 veram
1031 3143 1211 3182 rerum
1233 3131 1424 3184 seriem
1455 3131 1611 3185 tidem
1638 3133 1902 3202 accipere.
1933 3135 2001 3189 ab
2027 3133 2154 3204 0pc-

573 3216 718 3271 ribus
746 3232 841 3270 vos
867 3217 1034 3289 magis
1063 3217 1414 3274 induxissem.
1448 3223 1579 3289 Quia
1605 3237 1732 3277 vero
1756 3240 1860 3278 non
1886 3226 2062 3293 vultis,
2085 3227 2150 3281 ad

569 3305 826 3361 Joannem
850 3321 942 3362 vos
964 3309 1131 3374 duco;
1167 3325 1273 3363 non
1301 3311 1442 3380 quod
1469 3312 1584 3380 ejus
1608 3327 1790 3383 egeam
1818 3317 2148 3383 testimonio;

569 3396 662 3450 sed
693 3398 815 3467 quia
844 3398 962 3453 ideo
986 3400 1163 3453 omnia
1205 3399 1343 3454 facio
1382 3410 1440 3455 ut
1479 3403 1628 3458 vobis
1667 3406 1892 3460 salutem
1925 3409 2146 3476 pariam.

569 3478 1141 3546 Testimonium'enim
1183 3494 1352 3563 majus
1388 3495 1558 3550 habeo
1592 3511 1750 3566 quam
1785 3498 2036 3556 Joannis:
2082 3504 2150 3558 ab

567 3580 836 3648 operibus.
881 3579 1074 3636 Verum
1116 3599 1222 3637 non
1252 3584 1319 3639 ad
1361 3586 1409 3640 id
1453 3595 1640 3655 specto
1668 3590 1863 3658 solum,
1899 3602 2009 3647 uta
2041 3593 2147 3650 ﬁde

568 3670 740 3740 dignis
766 3672 930 3728 viris“
956 3674 1095 3743 apud
1124 3689 1221 3729 vos
1261 3678 1637 3744 commender;
1681 3682 1776 3735 sed
1826 3691 1883 3736 ut
1923 3698 1954 3736 a
1998 3685 2150 3742 vobis

569 3764 728 3829 notis,
766 3764 855 3833 qui
889 3769 1028 3835 apud
1070 3782 1166 3822 vos
1210 3768 1478 3825 mirabiles
1518 3770 1830 3829 habeantur.
1876 3773 1964 3830 Sic
2005 3789 2152 3846 post-

567 3869 725 3920 quam
755 3854 876 3908 illos
901 3854 1194 3912 incesserat
1222 3857 1304 3913 bis
1329 3859 1526 3927 verbis,
1559 3860 1792 3918 Voluistis
1811 3867 2064 3920 exsultare
2081 3868 2148 3922 ad

567 3947 742 3999 lteram
785 3948 838 4001 in
880 3947 991 4002 luce
1029 3950 1160 4019 ejus,
1188 3950 1753 4026 demonstraveralque
1793 3957 1918 4012 illud
1961 3973 2147 4014 eorum

566 4038 799 4093 studium
823 4047 1221 4110 temporaneum
1241 4057 1304 4099 ac
1324 4043 1544 4101 minime
1566 4048 1776 4102 ﬁrmum
1797 4047 1993 4116 fuisse;
2025 4067 2148 4108 cum

574 4134 835 4188 lucernam
865 4133 1036 4202 ipsum
1069 4136 1308 4202 vocavit,
1341 4139 1576 4193 ostendit
1607 4139 1776 4208 ipsum
1803 4157 1834 4197 a
1860 4145 2147 4216 semetipso

566 4225 738 4279 lucem
769 4240 875 4279 non
905 4224 1123 4292 habere,
1151 4227 1247 4282 sed
1273 4243 1304 4282 a
1333 4231 1502 4299 gratia
1527 4229 1775 4301 Spiritus.
1805 4232 2039 4290 Necdum
2068 4245 2148 4291 ta-

566 4333 686 4372 men
715 4317 849 4372 dixit
878 4317 932 4372 in
957 4333 1063 4388 quo
1089 4319 1328 4376 diﬁ‘erret
1354 4321 1421 4375 ab
1450 4323 1567 4392 ipso
1589 4365 1603 4388 ,
1634 4325 1774 4394 quod
1801 4327 2006 4383 scilicet
2033 4329 2146 4398 ipse

563 4408 642 4462 sol
659 4409 877 4476 justitia:
898 4419 1074 4474 esset;
1101 4411 1194 4466 sed
1215 4427 1336 4466 cum
1359 4413 1485 4468 illud
1509 4415 1897 4474 subindicasset
1920 4428 2142 4488 tantum,

566 4500 616 4553 in
662 4499 782 4554 illos
821 4499 1170 4558 vehementer
1213 4505 1509 4574 invehitur,
1539 4511 1876 4582 ostenditque
1903 4513 2022 4568 illos
2051 4529 2146 4569 eo-

563 4591 684 4648 dem
730 4593 895 4649 animi
950 4596 1262 4666 preposito.
1314 4613 1421 4668 quo
1471 4600 1618 4655 illum
1674 4613 2142 4677 contempserant,

563 4685 776 4740 Christo
812 4685 1036 4742 credere
1077 4687 1332 4744 noluisse.
1379 4688 1511 4744 Nam
1555 4690 1812 4748 Joannem
1852 4697 1932 4749 Ad
1969 4697 2146 4751 harant

563 4774 737 4828 solum
765 4775 1010 4830 admirati
1051 4787 1212 4832 sunt:
1240 4780 1382 4848 quod
1429 4781 1528 4835 nisi
1572 4782 1844 4852 fecissent,
1876 4789 1982 4842 cito
2023 4789 2144 4846 illos

563 4865 630 4919 ad
659 4865 841 4920 Jcsum
867 4867 1124 4925 ducturus
1151 4882 1286 4926 erat.
1332 4872 1616 4943 Postquam
1659 4877 1820 4946 igitur
1853 4880 1971 4934 illos
1999 4885 2144 4938 omni

563 4970 630 5010 ex
661 4965 808 5026 parte
837 4955 1083 5028 indignos
1107 4963 1260 5017 venia
1289 4963 1614 5033 ostenderat,
1639 4967 1841 5022 addidit
1871 4986 1884 5022 :
1918 4969 2027 5040 Ego
2052 4988 2146 5026 au-

564 5060 663 5105 tem
681 5049 839 5106 habeo
857 5051 1198 5108 testimonium
1221 5055 1388 5126 majus
1408 5055 1627 5112 Joanne.
1652 5059 1858 5124 Quale?
1885 5062 2144 5133 Operam.

566 5139 738 5208 Opera
761 5142 912 5209 enim,
935 5143 1129 5213 inquit,
1152 5161 1268 5214 qua:
1289 5147 1426 5200 dedit
1452 5148 1576 5202 ntihi
1595 5149 1776 5217 Pater,
1801 5163 1856 5206 ut
1883 5156 2144 5225 per/icium

562 5247 640 5294 ea,
666 5231 779 5300 ipsa
805 5249 959 5304 opera
984 5235 1320 5290 testimonium
1342 5239 1600 5307 perhibent
1629 5242 1692 5296 de
1721 5259 1818 5310 me,
1846 5246 1966 5316 quia
1991 5245 2146 5300 Pater

564 5337 641 5374 me
679 5323 831 5377 misit.
879 5325 975 5380 llic
1017 5327 1368 5400 paralyticum
1407 5343 1650 5388 sanatum
1691 5344 1745 5390 et
1773 5337 1906 5394 alios
1948 5340 2144 5396 multos

561 5425 964 5500 commemorat.
991 5416 1162 5472 Verba
1184 5419 1397 5488 quidem
1417 5464 1431 5488 ,
1462 5423 1684 5481 dixisset
1711 5425 1846 5482 forte
1881 5430 2142 5500 quispiam

559 5511 782 5581 eorum,
817 5499 901 5554 illa
943 5501 1222 5572 magniﬁca
1265 5503 1498 5560 Joannes
1537 5508 1604 5563 ad
1648 5511 1873 5580 gratiam
1915 5499 2141 5581 dixerit;

563 5577 686 5634 licet
711 5591 885 5636 unncn
909 5584 1009 5638 hoc
1027 5586 1206 5640 dicere
1237 5603 1338 5639 non
1370 5603 1585 5657 possent
1608 5577 1675 5648 de
1697 5594 1903 5654 Joanne
1929 5599 1997 5654 ita
2027 5577 2144 5672 pili;

628 5682 645 5713 ι
681 5684 769 5734 Alii
790 5685 990 5750 habent,
1011 5693 1060 5738 ut
1083 5701 1112 5738 a
1139 5689 1418 5754 propinquis
1443 5694 1627 5746 vestris.

1349 279 1402 334 S.
1445 276 1719 332 JOANNIS
1756 271 2224 330 CIIRYSOSTOMI
2263 273 2580 332 ARCHIEP.
2624 279 3156 339 CONSTANTINOP.
3769 290 3836 344 '25

2289 385 2542 456 losOphiae
2562 388 2822 456 studioso,
2847 407 3003 461 quem
3026 393 3425 448 admirabantur
3450 413 3462 449 :
3487 409 3646 466 opt-ra
3668 411 3842 454 autem

2287 478 2367 532 vel
2392 478 2530 546 apud
2555 481 2788 549 insanos,
2816 484 2944 538 nulli
2970 495 3124 538 erant
3150 486 3437 554 suspicioni
3465 487 3714 543 obnoxia.
3749 491 3842 545 ide.

2285 572 2511 625 alterum
2541 572 2761 628 adduxit
2793 575 3154 630 testimoaium
3185 577 3369 632 dicens
3398 595 3410 630 :
3444 577 3613 648 Opera
3642 597 3754 650 qua:
3777 585 3838 634 dc

2285 661 2358 713 dit
2384 663 2508 714 ntihi
2535 662 2710 727 Pater,
2739 674 2793 718 ut
2822 667 3078 734 perﬁciant
3104 684 3184 731 ea,
3217 669 3326 735 ipsa
3355 685 3508 739 Opera
3533 687 3646 742 quae
3669 689 3760 744 ego
3789 674 3842 740 fa

2283 752 2363 805 cio
2381 761 2625 806 testantur
2651 755 2712 808 de
2733 772 2828 818 me,
2849 757 3085 821 quoniant
3118 758 3251 812 misit
3277 775 3355 812 me
3381 759 3552 814 Pater.
3583 761 3679 817 llic
3709 779 3841 817 accu

2283 843 2541 898 sationem
2573 844 2640 900 de
2669 847 2864 899 violato
2893 847 3114 903 sabbato
3137 849 3369 918 depellit.
3401 851 3531 918 Quia
3555 853 3697 906 enim
3726 855 3841 909 dice

2283 931 2409 987 bant
2439 935 2546 997 illi,
2577 935 2856 1003 Quomodo
2884 947 3060 1008 potest
3087 954 3114 992 a
3152 941 3257 994 Deo
3285 956 3402 995 esse
3423 984 3436 1006 ,
3466 944 3553 1012 qui
3586 944 3842 999 Sabimlllll

2282 1039 2388 1079 non
2437 1028 2704 1081 custodit?
2755 1029 2875 1083 ideo
2922 1030 3097 1092 dixit.
3155 1032 3282 1096 Qua:
3327 1035 3464 1087 dedit
3512 1037 3634 1088 mihi
3689 1036 3842 1091 Pater

2280 1113 2502 1169 Etiamsi
2551 1117 2637 1171 ille
2678 1119 2992 1175 auctoritate
3035 1135 3127 1174 sua
3173 1132 3386 1191 ageret;
3428 1124 3521 1178 sed
3559 1128 3841 1181 utvalidin

2283 1207 2529 1275 probaret
2555 1225 2612 1264 se
2637 1211 2780 1265 Patri
2808 1212 2942 1266 nihil
2973 1215 3301 1269 contrarium
3331 1216 3505 1271 facere
3525 1259 3539 1282 ,
3571 1217 3690 1272 ideo
3721 1236 3842 1289 quor

2279 1297 2436 1368 longe
2460 1301 2632 1355 minus
2659 1311 2776 1356 erat
2803 1304 2996 1371 posuit.

2350 1388 2402 1442 5.
2426 1388 2593 1454 Quare
2611 1391 2839 1446 Christus
2863 1394 2942 1446 hic
2961 1411 3024 1448 ea:
3043 1396 3274 1463 operibus
3292 1397 3396 1451 suis
3415 1399 3721 1453 dirinitatem
3744 1403 3841 1456 mis

2276 1477 2432 1532 sionis
2445 1497 2550 1534 sua:
2569 1492 2782 1545 tantum,
2802 1485 2941 1538 nulla
2961 1486 3024 1539 de
3040 1502 3133 1539 sua
3154 1487 3411 1542 divinitate
3433 1492 3682 1546 mentione
3700 1495 3841 1562 [acta

2276 1569 2523 1623 adstruat.
2571 1570 2727 1626 Pater
2763 1576 3013 1644 quomodo
3051 1577 3290 1632 audiatur
3325 1589 3370 1632 et
3405 1581 3649 1638 videatur.
3692 1584 3842 1652 ρων.

2273 1655 2484 1714 Judwos
2507 1660 2736 1717 Christus
2757 1664 2826 1717 ad
2851 1665 3148 1736 Scripturas
3167 1669 3430 1725 remiserit.
3454 1700 3527 1710 —
3546 1671 3612 1726 Et
3634 1688 3753 1740 cur,
3780 1675 3842 1728 in-

2274 1750 2425 1816 quies
2449 1790 2463 1813 ,
2495 1766 2599 1805 non
2629 1753 2780 1817 dixit,
2814 1754 2986 1825 Opera
3017 1772 3134 1828 qua:
3159 1758 3306 1814 dedit
3335 1761 3464 1815 mihi
3495 1762 3671 1831 Pater,
3707 1768 3842 1819 testi

2276 1837 2502 1895 ﬁcantur
2527 1857 2612 1896 me
2641 1842 2781 1898 Patri
2810 1847 3067 1915 :rqualem
3097 1850 3256 1904 esse?
3293 1851 3452 1906 Certe
3481 1861 3767 1924 utrumque
3790 1873 3842 1912 ei

2273 1931 2523 1998 operibus
2569 1934 2732 1988 edisci
2781 1945 3006 2004 poterat,
3036 1948 3089 1993 et
3133 1940 3304 2009 ipsum
3348 1942 3478 1996 nihil
3522 1949 3842 2002 c0atrarium

2272 2022 2417 2077 Patri
2466 2023 2665 2092 facere,
2703 2036 2758 2082 et
2803 2031 3062 2098 aequalem
3102 2033 3330 2102 genitori
3373 2051 3522 2102 esse,
3552 2037 3600 2091 id
3629 2041 3771 2108 quod
3801 2053 3842 2096 ei

2269 2113 2393 2168 alibi
2424 2116 2613 2185 probat
2637 2132 2758 2172 cum
2790 2119 2917 2174 dicit
2946 2138 2960 2173 :
2994 2121 3056 2176 Si
3087 2123 3211 2176 ntihi
3240 2140 3338 2177 non
3368 2127 3591 2189 creditis,
3619 2133 3842 2197 aper-ibin

2269 2207 2391 2259 meis
2429 2208 2613 2261 credite
2637 2250 2651 2272 ,
2687 2219 2740 2262 ut
2766 2213 2936 2265 sciatis
2959 2223 3008 2266 et
3027 2214 3242 2268 credatis
3265 2217 3384 2285 quia
3409 2233 3499 2288 ego
3524 2219 3577 2272 in
3608 2217 3784 2288 Patre,
3806 2241 3842 2278 et

2275 2294 2431 2348 Pater
2460 2297 2510 2350 in
2537 2314 2616 2351 me
2640 2311 2712 2352 est
2747 2301 2924 2372 (Joan.
2951 2303 3035 2358 10.
3070 2304 3185 2374 58).
3235 2305 3524 2377 Utrumque
3546 2351 3560 2376 ,
3593 2310 3806 2381 inquam
3833 2355 3842 2379 ,

2273 2386 2582 2444 testiﬁcatus
2605 2398 2767 2454 esset,
2793 2401 2845 2446 ct
2870 2408 2929 2448 se
2955 2396 3211 2464 requalem
3234 2411 3355 2452 esse
3379 2398 3540 2465 Patri,
3561 2411 3616 2455 ct
3635 2418 3694 2458 se
3715 2405 3842 2461 nihil

2267 2477 2442 2535 facere
2468 2481 2606 2536 Patri
2637 2487 2981 2541 contrarium.
3026 2487 3134 2543 Cur
3172 2505 3301 2561 ergo
3339 2507 3443 2547 non
3482 2494 3561 2550 sic
3602 2497 3842 2567 loquutus

2265 2580 2370 2636 est,
2404 2572 2497 2627 sed
2525 2575 2729 2644 majore
2760 2587 2909 2646 parte
2935 2580 3142 2647 relicta,
3177 2583 3438 2639 minorem
3469 2590 3682 2655 posuit?
3710 2591 3842 2658 Quia

2263 2659 2366 2715 hoc
2387 2663 2616 2730 primum
2635 2677 2769 2732 erat,
2791 2667 2861 2722 de
2881 2685 2986 2738 quo
3007 2679 3124 2726 erat
3144 2674 3386 2741 quaestio.
3415 2675 3545 2730 Nam
3570 2680 3669 2734 etsi
3690 2681 3842 2751 longe

2263 2753 2439 2808 minus
2467 2765 2549 2810 est
2573 2759 2718 2812 credi
2749 2759 2920 2827 ipsum
2948 2776 2978 2815 a
3007 2763 3118 2817 Deo
3137 2765 3364 2829 venisse,
3383 2781 3538 2836 quam
3563 2771 3707 2825 credi
3734 2773 3842 2827 Deo

2261 2847 2519 2916 :cqualem
2538 2864 2686 2914 esse;
2713 2851 2837 2906 illud
2855 2854 2995 2908 enim
3019 2855 3292 2924 prophetat
3313 2857 3577 2926 dixerant,
3600 2860 3700 2918 hoc
3717 2880 3842 2919 vero

2260 2939 2510 3004 minime;
2535 2949 2764 2997 attamen
2789 2943 2900 3012 ipse
2921 2944 2987 3000 de
3006 2947 3212 3002 minore
3230 2959 3382 3017 parte
3401 2965 3643 3020 magnam
3657 2968 3842 3010 curam

2259 3031 2441 3099 habet,
2471 3049 2666 3103 gnarus
2697 3036 2742 3090 si
2787 3035 2888 3092 hoc
2931 3038 3303 3107 admittatur’,
3338 3042 3462 3097 illud
3495 3044 3654 3099 etiam
3687 3047 3841 3102 facile

2257 3121 2548 3177 admissum
2576 3125 2676 3191 iri,
2705 3134 2759 3180 et
2783 3127 2983 3198 majore
3011 3132 3368 3198 prmtermissa
3389 3173 3405 3199 ,
3435 3133 3694 3191 minorem
3720 3153 3841 3192 mc-

2258 3221 2465 3278 morat,
2492 3224 2548 3268 ut
2577 3230 2669 3283 per
2701 3216 2839 3272 hanc
2863 3229 2917 3274 et
2952 3220 3095 3274 illam
3122 3223 3440 3291 reciperent.
3471 3225 3583 3282 Hoc
3623 3239 3842 3295 peracto

2257 3317 2466 3357 rursum
2499 3304 2681 3372 adjicit
2708 3323 2721 3358 :
2751 3307 2840 3362 57.
2874 3309 2974 3375 Qui
2999 3310 3132 3365 misit
3153 3329 3231 3365 me
3258 3312 3443 3381 l’ater,
3472 3316 3580 3386 ipse
3617 3320 3842 3373 testimo—

2256 3393 2397 3446 nium
2426 3395 2676 3464 perhibuit
2707 3397 2770 3450 de
2799 3414 2896 3453 me.
2942 3399 3006 3454 Et
3043 3402 3128 3456 ubi
3171 3403 3532 3460 testimonium
3566 3408 3842 3477 perhibuit

2254 3485 2321 3539 de
2353 3486 2477 3541 illo?
2511 3485 2563 3541 In
2589 3487 2841 3554 Iordane,
2861 3507 2980 3546 cum
3011 3494 3141 3548 dixit
3163 3513 3175 3549 :
3197 3495 3295 3550 llic
3314 3509 3385 3551 est
3406 3497 3573 3554 Filius
3603 3517 3739 3556 mens
3760 3503 3838 3554 di-

2255 3577 2411 3632 lectus
2437 3595 2455 3632 :
2485 3581 2648 3649 ipsum
2687 3584 2876 3638 audite.
2929 3585 3120 3640 Verum
3170 3586 3272 3642 hoc
3310 3599 3567 3660 apparatu
3606 3593 3834 3663 quodam

2254 3669 2462 3739 egebat.
2507 3673 2660 3738 Quod
2707 3673 2773 3728 ad
2814 3674 3077 3731 Jonnncm
3116 3679 3446 3747 pertinebat.
3490 3683 3832 3738 manifestum

2253 3771 2370 3816 erat
2399 3779 2413 3816 :
2445 3762 2543 3832 ipsi
2573 3781 2802 3836 namque
2838 3767 3096 3823 miserant
3115 3811 3128 3833 ,
3162 3786 3336 3841 neque
3365 3772 3416 3827 id
3447 3789 3643 3845 negare
3679 3785 3840 3845 pote-

2255 3862 2392 3909 rant.
2425 3854 2585 3926 Signa
2613 3873 2826 3928 quoque
2853 3859 2997 3914 clara
3035 3873 3210 3917 erant.
3248 3864 3349 3933 ipsi
3383 3865 3520 3920 facta
3549 3867 3836 3935 viderant,

2253 3955 2412 4014 atque
2431 3955 2674 4002 sanatum
2693 3950 2989 4018 audierant,
3015 3962 3069 4007 et
3088 3953 3445 4023 crediderant,
3469 3973 3529 4012 ac
3553 3970 3838 4030 propterea

2253 4038 2401 4092 illum
2429 4041 2768 4097 accusabant.
2795 4043 3049 4100 Restabat
3073 4045 3286 4101 demum
3312 4058 3366 4102 ut
3397 4048 3568 4105 Patris
3596 4053 3839 4106 testimo-

2254 4131 2399 4186 nium
2426 4132 2724 4199 aﬂ'erretur,
2748 4138 2887 4206 quod
2917 4139 3228 4196 inducturus
3247 4142 3513 4199 subdidit:
3535 4145 3646 4200 Nec
3668 4164 3842 4201 rocem

2258 4221 2366 4291 ejus
2391 4238 2626 4291 umquam
2651 4227 2882 4282 audistis.
2914 4229 2979 4282 Et
3001 4233 3268 4299 quomodo
3294 4233 3502 4305 Moyses
3528 4236 3676 4301 dicit,
3695 4236 3842 4293 Dens

2257 4313 2564 4380 loquebatur,
2590 4316 2792 4388 Moyses
2810 4322 3068 4389 respondit
3097 4321 3287 4387 (Exod.
3309 4326 3393 4380 19.
3420 4325 3529 4396 19).
3557 4328 3842 4395 Quomodo

2256 4405 2440 4472 David,
2457 4405 2704 4478 Linguam
2717 4425 2867 4478 quant
2883 4427 2981 4465 non
3002 4423 3226 4481 noverat,
3245 4417 3432 4469 audivit
3455 4415 3625 4487 (I’sal.
3641 4418 3728 4473 80.
3753 4420 3842 4482 6)?

2251 4496 2481 4552 Rursum
2511 4499 2738 4571 Moyses,
2769 4500 2824 4556 Si
2851 4511 2933 4556 est
2957 4517 3087 4573 gens
3115 4504 3252 4570 talis,
3281 4522 3398 4574 quae
3425 4508 3628 4562 audivit
3650 4525 3842 4566 vocem

2252 4589 2387 4645 Dei?
2418 4588 2597 4660 Neque
2627 4593 2842 4658 speciem
2867 4593 2974 4663 ejus
3001 4594 3192 4650 vidistis
3219 4594 3392 4664 (Deut.
3423 4599 3478 4652 1..
3509 4599 3634 4667 55).
3675 4601 3842 4669 Atqui

2251 4681 2398 4736 illum
2421 4682 2616 4738 vidisse
2635 4682 2884 4738 dicuntur
2907 4683 3086 4749 Isaias,
3105 4685 3384 4753 Jeremias,
3406 4671 3650 4743 Ezechiel
3674 4700 3722 4744 et
3746 4691 3842 4746 alii

2253 4772 2487 4843 plurimi.
2526 4774 2661 4842 Quid
2687 4790 2815 4846 ergo
2841 4792 2980 4832 nunc
3005 4777 3103 4832 sibi
3130 4779 3242 4832 vult
3268 4777 3550 4834 Christus?
3580 4781 3632 4835 in
3659 4781 3842 4850 philo-

2251 4867 2524 4935 sophicam
2562 4867 2681 4921 illos
2722 4867 2925 4922 inducit
2965 4868 3336 4940 disciplinam,
3371 4872 3620 4940 paulatim
3653 4885 3842 4927 osten-

2252 4957 2406 5023 dens,
2437 4957 2488 5011 in
2523 4957 2633 5013 Deo
2660 4973 2760 5012 nec
2789 4973 2971 5013 vocem
3000 4974 3100 5014 nec
3125 4961 3356 5029 speciem
3384 4975 3523 5028 esse,
3556 4962 3650 5018 sed
3680 4979 3842 5033 supe<

2252 5047 2448 5102 riorem
2476 5046 2625 5100 illum
2655 5061 2775 5103 esse
2799 5055 2853 5103 et
2874 5047 3020 5103 sonis
3049 5058 3102 5104 et
3133 5049 3314 5119 ﬁguris
3343 5051 3669 5120 hujusmodi.
3702 5051 3842 5110 Nam

2253 5146 2310 5192 ut
2329 5137 2576 5205 dicendo,
2609 5135 2789 5208 Neque
2808 5154 2979 5192 vocem
3002 5139 3113 5208 ejus
3138 5140 3352 5196 audistis
3370 5182 3384 5206 ,
3417 5156 3521 5195 non
3551 5141 3842 5211 signiﬁcat,

2253 5229 2402 5283 illum
2435 5243 2619 5284 vocem
2646 5229 2911 5295 emittere,
2945 5245 3044 5285 nec
3063 5230 3232 5286 audiri
3256 5248 3272 5285 :
3300 5231 3378 5286 sic
3403 5245 3524 5286 eum
3554 5231 3702 5297 dicit,
3732 5232 3842 5288 Ne-

2251 5337 2347 5389 que
2369 5320 2584 5391 speciem
2611 5321 2724 5391 ejus
2749 5320 2963 5387 vidistis,
2994 5335 3100 5376 non
3125 5320 3254 5376 dicit
3273 5321 3444 5390 ipsum
3473 5323 3706 5390 speciem
3737 5323 3842 5378 Ita-

2253 5411 2379 5466 bere
2402 5450 2416 5475 ,
2448 5426 2550 5466 nec
2587 5422 2762 5466 tamen
2792 5410 2994 5477 videri;
3024 5425 3210 5466 verum
3239 5421 3486 5466 neutrum
3515 5411 3710 5466 horum
3741 5412 3842 5468 ba-

2253 5500 2382 5556 bere
2408 5501 2575 5556 Deum
2602 5500 2868 5571 intelligit.
2905 5499 3017 5555 Nec
3051 5499 3292 5555 dicerent
3321 5500 3463 5555 enim
3490 5542 3504 5564 ,
3539 5500 3762 5556 Frustra
3795 5514 3842 5556 ιι

2249 5592 2440 5663 jactss,
2481 5591 2649 5663 Moysi
2699 5600 2902 5646 tantum
2948 5591 3198 5662 loquutus
3238 5601 3319 5647 est
3366 5591 3542 5657 Deus;
3591 5590 3842 5651 dicebant

2325 5705 2341 5736 ⁸
2378 5701 2474 5756 Alii
2499 5703 2686 5769 legunt,
2700 5717 2879 5770 gnarus
2896 5703 2938 5756 si
2954 5701 3042 5755 hoc
3066 5702 3276 5755 dicatur.
