4070 6214
248 329 364 387 931

1251 333 1321 390 ΙΝ
1357 333 1670 391 JOANNEM
1708 335 1941 396 HOMIL.
1988 338 2096 397 XL.
2133 343 2205 400 al.
2244 344 2485 400 XXXIX.

3429 356 3542 411 251

248 462 371 540 ’που
411 444 689 540 μαρτυρία
720 441 808 540 ἦν.
840 447 1047 540 ἐΟ-γάρ
1079 449 1321 540 πέμψας
1336 454 1754 540 μεβαπτίζέιν
1783 455 1853 540 ἐν
1965 458 2144 526 φιλίας
2174 460 2273 530 τῆς
2321 460 2566 515 Ἰωάννου
2596 463 2784 533 χάριν
2836 464 3011 518 καίτοι
3041 464 3159 519 οὐδὲ
3205 463 3363 520 τοῦτο
3406 469 3539 540 ἐνῆν

254 528 468 594 ὕδατι,
517 530 704 602 φησὶν,
737 529 969 600 ἐκεῖνός
1004 551 1108 604 μοι
1152 531 1342 593 εἷπεν.
1375 537 1537 594 Ὥστε
1564 540 1658 593 καὶ
1685 541 1718 610 ἡ
1752 538 1848 592 τοῦ

270 612 533 697 Ἰωάννου
563 614 839 697 μαρτυρία
864 615 960 669 τοῦ
980 617 1114 671 Θεοῦ
1143 623 1416 692 μαρτυρία
1437 617 1505 693 ἦν
1522 639 1537 653 ·
1562 622 1716 697 παρὰ
1737 623 1846 692 7&9

254 693 486 748 ἐκείνου
515 694 706 765 μαθὼν
726 696 912 767 ἔλεγεν
938 699 1083 773 ἀπερ
1110 701 1317 772 έλεγεν.
1365 703 1505 757 Ἀλλ’
1535 705 1622 759 ἵνα
1645 693 1723 778 μὴ
1756 706 1848 760 λέ-

255 791 438 861 γωσι,
467 778 640 834 Πόθεν
668 779 828 835 τοῦτο
852 782 1031 854 δῆλον,
1068 786 1153 839 ὅτι
1179 786 1333 858 παρὰ
1357 787 1453 842 τοῦ
1478 788 1614 843 Θεοῦ
1643 790 1846 861 ἔμαθες

249 860 363 947 καὶ
397 861 529 947 περὶ
559 862 735 919 ταῦτα
764 867 1182 938 καταγίνωνται,
1216 872 1282 925 ἐκ
1311 872 1405 926 τοῦ
1439 860 1723 947 περιόντος
1752 878 1850 931 αὐ-

244 944 397 1009 τοὺς
422 946 782 1019 ἐπιστομίζει,
806 949 887 1005 ἔτι
911 954 1050 1024 πρὸς
1073 955 1173 1026 τὴν
1197 956 1452 1012 ὑπόνοιαν
1472 944 1652 1013 αύτῶν
1679 960 1849 1015 διαλε-

243 1026 523 1110 γόμενος.
554 1031 690 1084 Οὐδὲ
727 1033 836 1105 γάρ
858 1029 927 1106 ἦν
954 1036 1102 1101 είκδς
1131 1038 1307 1093 ταῦτα
1354 1040 1582 1105 πολλοὺς
1625 1043 1844 1110 εἰδέναι,

240 1108 380 1198 ἀλλ’
415 1111 493 1198 ὡς
511 1112 720 1198 οἴκοθεν
752 1114 983 1185 λέγοντι,
1007 1119 1146 1184 τέως
1170 1125 1458 1194 προσεῖχον
1477 1123 1558 1195 τῷ
1600 1108 1843 1198 Ἰωάννῃ.

242 1192 361 1279 Διά
378 1194 544 1249 τοῦτό
571 1213 739 1268 φησιν
756 1214 771 1227 ·
815 1198 959 1270 Ἐγὼ
975 1204 1137 1271 παρὰ
1155 1192 1471 1272 ἀνθρώπον
1493 1192 1610 1276 τὴν
1622 1192 1847 1279 μαρτῦ-

229 1277 407 1365 ρίαν
435 1281 508 1335 οὺ
531 1280 834 1365 λαμϐάνω.
856 1286 968 1341 Καὶ
982 1288 1031 1340 εί
1053 1287 1128 1359 μὴ
1150 1287 1376 1359 ἔμελλες
1393 1291 1543 1363 παρά
1558 1277 1845 1365 ἀνθρώπου

240 1358 357 1447 τῂν
392 1364 702 1447 μαρτυρίαν
714 1365 1033 1437 λαμϐάνειν,
1055 1371 1151 1425 καὶ
1178 1358 1427 1427 ἐντεῦθεν
1454 1358 1844 1447 ἰσχυρίζεσθαι,

241 1442 417 1530 τίνος
438 1444 628 1530 ένεκεν
660 1453 907 1523 παρῆγες
932 1453 1100 1508 αὐτοῦ
1117 1455 1217 1528 τὴν
1252 1442 1556 1530 μαρτυρίαν
1617 1460 1737 1514 Ἵνα
1752 1442 1847 1517 οὖν

240 1525 331 1618 μὴ
364 1528 554 1618 ταῦτα
584 1531 839 1618 λέγωσιν,
886 1536 1121 1593 ἀκουσον
1168 1525 1287 1604 πῶς
1327 1525 1563 1614 καὶ-τὴν
1591 1545 1847 1618 τοιαύτην

233 1609 540 1698 ἀ-ντίθεσιν
575 1617 642 1686 τῇ
680 1616 945 1691 ἐπαγωγῇ
970 1619 1337 1692 διωρθώσατο.
1378 1609 1562 1678 Είπῶν
1602 1626 1731 1698 γὰρ,
1764 1609 1844 1682 ὅτι

231 1692 437 1761 Παρὰ
462 1696 777 1764 ἀνθρώπου
804 1700 920 1769 τὴν
941 1706 1276 1772 μαρτυρίαν
1313 1708 1386 1761 οὐ
1404 1692 1709 1777 λαμϐάνω,
1748 1711 1847 1763 ἐπ-

232 1777 480 1860 ήγαγεν
494 1795 510 1810 ⁸
541 1781 725 1837 Ἀλλὰ
739 1786 924 1840 ταῦτα
945 1786 1120 1858 λέγω,
1144 1790 1245 1843 ἵνα
1256 1790 1426 1859 ὑμεῖς
1440 1791 1689 1860 σωθῆτε.
1701 1795 1766 1847 Ὀ
1786 1793 1845 1848 δὲ

231 1859 383 1929 λέγε
396 1879 442 1927 ι,
458 1863 697 1947 τοιοῦτόν
713 1870 882 1923 ἐστιν’
911 1871 1052 1940 Ἐγὼ
1070 1873 1168 1943 μὲν
1180 1874 1281 1927 οὐκ
1297 1874 1525 1947 ἐδεόμην
1540 1876 1640 1945 τῆς
1652 1878 1843 1931 τούτου

235 1945 600 2032 μαρτυρίας,
630 1948 762 2015 Θεὸς
784 1950 880 2032 ὢν,
897 1953 997 2025 τῆς
1009 1954 1358 2028 ἀνθρωπίνης
1374 1969 1392 1988 ⁸
1416 1945 1677 2031 ἐπειδὴδὲ
1700 1960 1842 2032 μᾶλ-

230 2025 379 2115 λονᾉ
407 2028 568 2115 αὐτῷ
609 2031 950 2115 προσείχετε,
999 2025 1363 2094 καὶνπάντων
1400 2025 1843 2115 ἀξιοπιστότερον

228 2112 511 2200 ᾐτεῖσθε,
545 2114 640 2168 καὶ
663 2116 868 2200 ἐκείνῳ
893 2119 993 2191 μὲν
1040 2122 1115 2187 ὡς
1146 2126 1401 2198 προφήτῃ
1430 2112 1842 2200 προσεδράμετε

231 2194 367 2283 (κει
396 2196 519 2283 gap
544 2200 577 2269 ἡ
602 2199 755 2265 πόλις
777 2203 871 2256 ἐπὶ
899 2204 992 2259 τὸν
1030 2194 1301 2279 Ἰορδάνην
1318 2194 1608 2282 ἐξεχύθη),
1632 2194 1757 2283 ἐμὸι
1783 2212 1844 2267 δὲ

228 2278 368 2367 οὐδὲ
406 2278 927 2367 θαυματουργοῦντι
960 2278 1352 2346 ἐπιστεύσατε·
1379 2278 1469 2347 διά
1510 2278 1843 2367 τοῦτονύμᾶς

233 2362 674 2450 ἀναμιμνήσκω
685 2369 789 2440 τῆς
819 2372 1125 2444 μαρτυρίας
1151 2375 1387 2445 ἐκείνης.
1416 2377 1682 2444 Ἐκεῖνος
1708 2362 1788 2450 ἦν
1809 2383 1846 2436 δ

233 2447 495 2517 λύχνος
511 2453 889 2522 ὁκαιόμενος,
905 2457 1059 2528 φησὶ,
1078 2457 1177 2512 καί
1197 2460 1446 2528 φαίνων·
1462 2462 1632 2531 ὑμεῖς
1641 2463 1710 2518 δὲ
1719 2447 1845 2521 ἐθε-

239 2534 496 2602 λιήσατε
512 2533 658 2607 [259]
674 2536 826 2603 πρὸς
836 2536 997 2607 ὥραν
1006 2539 1044 2594 ά
1052 2541 1487 2612 γαλλιασθῆναι
1505 2545 1576 2599 ἐν
1585 2546 1730 2615 φωτὶ
1744 2548 1848 2602 αὐ,

242 2620 384 2675 τοῦ.
403 2620 529 2673 ’Ὶνα
548 2620 656 2690 7&9
674 2620 749 2691 μὴ
778 2621 997 2691 λέγωσι,
1021 2623 1087 2676 Τί
1103 2620 1219 2688 οὖν,
1247 2628 1296 2679 εί
1312 2628 1522 2691 ἐκεῖνος
1544 2629 1644 2700 μὲν
1663 2625 1839 2697 εἶπεν,

240 2704 280 2774 ἡ
289 2706 419 2774 μείς
433 2702 495 2756 δὲ
506 2703 607 2756 οὐκ
616 2703 935 2775 ἐδεξάμεθας
948 2706 1217 2762 δείκνυσιν
1232 2709 1313 2762 ὅτι
1326 2711 1419 2763 καὶ
1430 2711 1758 2778 ἀπεδέξαντο
1774 2715 1844 2770 τά

244 2788 378 2859 είρη
385 2786 552 2857 μένα.
566 2787 675 2840 Kal
686 2786 794 2858 γάρ
803 2788 923 2841 οὒδέ
937 2789 1066 2853 τοὺς
1076 2791 1336 2862 τυχόντας
1353 2792 1626 2865 ἔπεμψαν.
1645 2797 1759 2851 ἀλλ’
1776 2799 1844 2852 ίε-

247 2873 372 2941 ρείς
396 2869 501 2923 καὶ
527 2871 871 2941 Φαρισαίους.
895 2870 1053 2926 Οὕτω
1080 2873 1172 2927 τὸν
1200 2875 1368 2946 ἀνδρα
1387 2877 1718 2948 ἐθαύμαζον,
1748 2883 1843 2936 καὶ

244 2956 367 3017 τοῖς
399 2953 720 3023 λεγομένοις
736 2955 1007 3008 ἀντειπεῖν
1025 2956 1127 3010 οὐκ
1145 2952 1288 3027 εἶχον
1316 2958 1458 3013 τότε.
1480 2960 1553 3014 Τὸ
1580 2961 1656 3027 δέ,
1688 2964 1844 3031 Πρὸς

245 3036 442 3105 ὤραν,
482 3036 582 3106 τὴν
624 3036 874 3090 εὐκολίαν
903 3037 1084 3091 αὐτῶν
1112 3039 1418 3104 δεικνύντος
1456 3043 1593 3109 ἐστὶ,
1628 3045 1723 3098 καὶ
1763 3046 1844 3099 ὅτι

246 3121 477 3191 ταχέως
511 3118 677 3173 αὐτοῦ
701 3119 1076 3190 ἀπεπήδησαν.
1120 3121 1269 3191 Ἐγὼ
1299 3122 1369 3176 δὲ
1410 3123 1530 3192 ἔχω
1562 3125 1677 3194 τὴν
1695 3145 1844 3198 μαρ-

248 3206 482 3274 τυρίαν
504 3200 743 3271 μείζονα
765 3202 872 3257 τοῦ
900 3202 1193 3259 Ἰωάννου.
1222 3206 1285 3259 El
1313 3202 1413 3277 μέν
1430 3208 1540 3279 7&9
1563 3209 1847 3265 ἐϐούλεσθε

246 3288 406 3344 κατά
440 3286 542 3358 τὴν
565 3284 882 3339 ἀκολουθίαν
923 3285 1032 3339 τῶν
1075 3289 1416 3358 πραγμάτων
1447 3291 1846 3364 παραδέχεσθαι

246 3375 354 3447 τὴν
382 3372 596 3436 πίστιν,
635 3371 743 3426 ἀπὸ
774 3371 884 3426 τῶν
914 3371 1092 3443 ἔργων
1127 3373 1327 3444 μᾶλλον
1373 3377 1519 3447 ὑμᾶς
1553 3377 1620 3432 ἀν
1648 3381 1848 3450 ἐπηγα-

247 3458 464 3529 γόμην.
522 3454 738 3526 Ἐπειδὴ
776 3455 834 3509 δέ
868 3456 931 3508 ού
980 3455 1256 3526 βούλεσθε,
1299 3459 1390 3512 ἐπὶ
1440 3460 1533 3513 τὸν
1597 3462 1846 3536 Ἰωάννην

253 3541 406 3610 ὑμᾶς
431 3540 573 3609 ἄγω,
608 3538 707 3608 οὐχ
740 3537 816 3602 ὡς
844 3538 947 3609 τῆς
983 3538 1192 3593 ἐκείνου
1227 3540 1478 3612 δεόμενος
1518 3547 1847 3619 μαρτυρίας,

252 3624 372 3679 ἀλλ’
403 3622 597 3693 ἐπειδὴ
620 3621 709 3676 διὰ
730 3620 890 3675 τοῦτο
910 3622 1091 3677 πάντα
1124 3623 1283 3688 ποιῶ,
1324 3625 1466 3678 ὥστε
1493 3627 1637 3698 ὑμᾶς
1669 3629 1846 3700 σωθῆ-

255 3724 367 3762 ναι.
403 3708 560 3775 Ἔχω
584 3704 682 3775 μὲν
725 3703 834 3776 γὰρ
874 3706 1212 3781 μαρτυρίαν
1255 3706 1537 3764 Ἰωάννου
1577 3712 1840 3780 μείζονα,

256 3791 358 3865 τὴν
403 3790 518 3845 ἀπὸ
555 3788 665 3843 τῶν
702 3787 898 3860 ἔργων.
945 3788 1082 3843 Ἀλλ’
1135 3791 1195 3843 ού
1233 3789 1393 3846 τοῦτο
1439 3795 1627 3849 σκοπῶ
1662 3797 1842 3866 μόνον,

258 3875 409 3936 ὅπως
434 3870 545 3925 ἀπὸ
570 3870 681 3924 τῶν
709 3870 1038 3936 ἀξιοπίστων
1071 3874 1476 3945 εὐπαράδεκτος
1506 3878 1637 3949 ὑμῖν
1672 3882 1846 3949 γενοί-

264 3977 374 4031 μην
394 4000 411 4027 ,
446 3958 564 4013 ἀλλ’
592 3958 742 4022 ὅπως
770 3957 865 4012 καὶ
895 3956 1004 4010 ἀπὸ
1044 3956 1152 4011 τῶν
1184 3958 1315 4030 ὑμῖν
1338 3962 1629 4033 γνωρίμων
1660 3975 1709 4030 α,
1750 3965 1844 4018 καὶ

261 4047 396 4115 παρ’
418 4042 578 4116 ὑμῶν
606 4039 1053 4112 θαυμαζομένων.
1083 4041 1239 4097 Οῦτω
1263 4045 1643 4118 καθαψάμενος
1664 4047 1845 4103 αὐτῶν

262 4128 342 4198 τῷ
381 4128 592 4191 εἰπεῖν,
636 4126 716 4179 ὃτι
761 4124 918 4193 Πρὸς
969 4123 1129 4195 ὥραν
1166 4126 1504 4195 ἠθελήσατε
1559 4132 1846 4202 ἀγαλλια-

264 4210 577 4281 σθῆναιέν
595 4207 676 4274 τῷ
696 4209 843 4278 φωτὶ
866 4208 1073 4274 αὐτοῦ,
1101 4207 1251 4262 ἐτιτε
1274 4212 1606 4284 πρόσκαιρον
1631 4216 1848 4287 ἐκείνην

265 4294 443 4360 δείξας
473 4293 576 4364 τὴν
608 4290 842 4363 σπουδὴν
882 4292 978 4344 καὶ
1007 4292 1279 4360 ἀϐέϐαιον,
1335 4295 1415 4366 τῷ
1453 4295 1644 4366 λύχνον
1687 4298 1848 4353 αὐτὸν

268 4379 515 4443 καλέσαι,
544 4376 800 4446 ἐνέφηνεν
825 4375 908 4429 ὅτι
928 4376 1028 4429 οὐκ
1060 4376 1271 4431 οἴκοθεν
1317 4371 1430 4448 εἶχε
1467 4379 1528 4432 τὸ
1558 4380 1693 4449 φῶς,
1732 4380 1847 4435 ἀλλ’

268 4462 377 4515 ἀπὸ
396 4463 497 4532 τῆς
528 4459 622 4514 τοῦ
655 4458 973 4531 Πνεύματος
994 4458 1241 4530 χάριτος.
1271 4460 1344 4514 T0
1362 4461 1419 4515 δὲ
1440 4463 1578 4534 πρὸς
1610 4464 1849 4519 ἀντιδια-

272 4545 463 4618 στολὴν
494 4543 681 4610 αὐτοῦ,
709 4542 869 4598 τοῦτο
885 4544 986 4598 οὐκ
1013 4545 1095 4598 ἔτι
1121 4544 1385 4611 τέθεικεν,
1401 4546 1483 4601 ὅτι
1510 4548 1670 4612 αύτός
1698 4551 1848 4605 ἐστιν

269 4630 299 4683 0
321 4633 472 4702 ἥλιος
496 4631 599 4702 τῆς
619 4628 985 4699 δικαιοσύνης,
1003 4627 1139 4683 ἀλλά
1157 4628 1295 4694 τέως
1307 4630 1650 4702 αίνιξάμενος
1665 4634 1846 4703 μόνον,

273 4713 551 4785 καθήψατο
566 4714 595 4755 ι»
618 4712 823 4784 σφόδρα
855 4710 1053 4773 αὐτῶν,
1086 4712 1180 4765 καὶ
1192 4712 1482 4776 δείκνυσιν,
1504 4715 1586 4769 δτι
1617 4715 1725 4769 ἀπὸ
1747 4717 1848 4787 τῆς

273 4798 436 4869 αὐτῆς
473 4797 716 4869 γνώμης,
748 4798 841 4865 ἀφ’
879 4792 948 4868 ἧς
992 4794 1202 4849 ἐκείνου
1255 4799 1686 4872 κατεφρόνησαν,
1726 4801 1848 4855 οὐδὲ

274 4880 349 4950 τῷ
383 4882 603 4954 Χριστῷ
626 4879 913 4935 πιστεῦσαι
938 4879 1299 4952 ἠδυνήθησαν.
1324 4882 1435 4935 Kal
1460 4882 1570 4954 7&9
1597 4883 1688 4937 τὸν
1718 4883 1849 4938 θαυο

280 4964 573 5036 μαζόμενον
606 4966 733 5038 παρ’
756 4965 937 5028 αὐτοῖς
955 4965 1105 5033 πρὸς
1117 4962 1279 5033 ὥραν
1304 4964 1621 5035 ἐθαύμασαν
1654 4969 1813 5039 μόνον
1830 4986 1844 5000 ο

278 5046 350 5109 ὼς
391 5052 436 5103 εἰ
477 5052 552 5123 μὴ
590 5049 749 5104 τοῦτο
786 5049 1065 5118 ἐποίησαν,
1118 5048 1326 5119 ταχέως
1374 5049 1441 5103 ἀν
1472 5051 1668 5115 αὐτοὺς
1713 5053 1851 5124 πρὸς

277 5128 362 5182 τὸν
386 5132 595 5205 Ἰησοῦν
617 5132 1046 5204 ἐχειραγώγησε.
1075 5131 1265 5198 Δείξας
1281 5131 1462 5185 τοίνυν
1488 5134 1685 5199 αὐτοὺς
1712 5136 1850 5189 πάν-

277 5212 421 5266 τοθεν
465 5216 717 5281 ἀναξίους
766 5215 925 5278 ὄντας
974 5213 1321 5285 συγγνώμης,
1363 5215 1611 5285 ἐπήγαγε
1637 5217 1810 5286 λέγων
1832 5236 1847 5251 ’

290 5292 425 5362 Ἐγὼ
452 5299 522 5353 δὲ
543 5300 661 5367 ἔχω
681 5297 794 5365 τὴν
807 5298 1137 5367 μαρτιφίαν
1148 5294 1389 5365 μείζονα
1416 5297 1521 5352 τοῦ
1550 5298 1849 5356 Ἰωάννου.

277 5376 433 5433 Ποίαν
457 5382 524 5453 δὴ
553 5382 792 5453 ταύτην;
827 5383 937 5454 Τὴν
954 5381 1063 5435 ἀπὸ
1080 5382 1189 5435 τῶν
1217 5380 1414 5453 ἔργων.
1455 5381 1530 5436 Τὰ
1550 5382 1659 5452 γὰρ
1685 5384 1849 5455 ἔργα,

277 5462 456 5529 φησιν,
492 5464 533 5519 d
558 5465 743 5520 ἔδωκέ
768 5483 867 5535 μοι
900 5469 933 5521 ὀ
959 5464 1183 5534 Πατὴρ,
1216 5465 1316 5519 ἵνα
1344 5463 1641 5519 τελειώσω
1678 5467 1851 5535 αὐτὰ,
1931 5513 1935 5517 .

273 5543 416 5598 αὐτὰ
444 5549 517 5602 τὰ
542 5547 687 5616 ἔργα
716 5549 846 5615 περὶ
870 5547 1018 5616 ἐμοῦ
1042 5548 1346 5616 μαρτυρεῖ,
1369 5547 1455 5601 ὅτι
1490 5552 1524 5603 d
1550 5549 1751 5618 Πατήρ
1776 5568 1854 5621 με

276 5624 655 5684 ἀπέστειλεν.
701 5629 962 5684 Ἐνταῦθα
984 5629 1079 5683 τοῦ
1112 5629 1518 5699 παραλυθέντος
1555 5631 1650 5685 καὶ
1676 5631 1852 5704 ὀρθω-

283 5707 460 5778 θέντος
492 5713 785 5783 ἀνέμνησε,
815 5715 909 5768 καὶ
944 5714 1144 5784 ἐτέρων
1171 5714 1432 5769 πλειόνων
1453 5732 1468 5747 ο
1508 5714 1579 5769 τὰ
1614 5717 1714 5788 μὲν
1757 5722 1854 5791 ῥή.

294 5807 428 5858 ματα
464 5809 511 5859 ο,
540 5793 695 5849 εἶπεν
724 5797 853 5860 ἴσως
882 5798 949 5851 ἄν
984 5813 1067 5860 τις
1106 5797 1307 5865 αὐτῶν,
1333 5799 1545 5870 κόμπον
1591 5796 1729 5856 εἶναι
1763 5805 1854 5857 καὶ

349 5901 372 5928 ¹
400 5901 493 5972 ᾼΙὶὶ
516 5898 628 5974 ὑμῖν
648 5899 931 5974 ἐγγυτέρω..
1046 5901 1217 5952 Morel.
1256 5905 1557 5955 καθικνεῖται.
1625 5910 1645 5939 ο
1681 5907 1850 5960 Man-1.

292 5960 523 6015 πλειόνων.
567 5961 756 6019 Ἐπειδὴ
776 5960 863 6025 γὰρ
885 5962 943 6011 τὰ
967 5963 1166 6026 ῥήματα.

1955 540 2136 606 αὐτοῖς
2160 545 2332 596 εἰπεῖν
2357 545 2485 616 περὶ
2534 544 2802 611 Ἰωάννου,
2852 547 3045 620 ἀνδρὸς
3088 546 3228 619 μετά
3250 549 3534 620 ἀκριϐείας

1956 624 2266 695 φιλοσοφεῖν
2291 626 2510 692 εἰδότος,
2538 627 2632 682 xal
2657 627 2800 682 οὕτω
2822 631 2954 701 παρ’
2978 631 3160 695 αὐτοῖς
3196 632 3532 701 θαυμασθέν-

1950 722 2070 771 τος*
2098 708 2169 762 τά
2187 708 2244 761 δὲ
2272 710 2573 780 πράγματα
2604 710 2705 764 οὐκ
2736 710 2816 765 ἔτι
2854 713 2977 766 ούδέ
3012 713 3163 784 παρά
3195 715 3309 778 τοῖς
3342 732 3528 785 μαινο-

1953 790 2136 860 μένοις
2170 792 2374 864 σφόδρα
2410 793 2608 867 ταύτην
2655 794 2881 867 ἠδύνατο
2918 795 3018 868 τὴν
3063 797 3317 850 ὑπόνοιαν
3359 797 3525 868 ἔχειν.

1948 873 2050 928 Διά
2092 876 2250 930 τοῦτο
2298 877 2553 949 δευτέραν
2616 879 2819 952 ταύτην
2880 882 3125 950 ἐπήγαγε
3198 882 3525 951 μαρτυρίαν,

1949 957 2120 1014 εἰπών
2137 977 2154 991 ·
2189 960 2266 1016 Τὰ
2291 961 2435 1032 ἔργα
2458 962 2498 1018 ἅ
2514 963 2697 1019 ἔδωκέ
2712 983 2814 1035 μοι
2837 968 2870 1019 ὁ
2884 964 3087 1033 Πατὴρ
3109 966 3208 1019 ἵνα
3234 965 3528 1021 τελειώσω

1947 1042 2119 1110 αὐτὰ,
2153 1045 2305 1099 αὐτὰ
2326 1047 2400 1101 τὰ
2428 1046 2591 1117 ἔργα,
2626 1048 2664 1103 ἃ
2710 1047 2825 1118 ἐγὼ
2868 1047 3033 1110 ποιῶ.
3066 1048 3356 1118 μαρτυρεῖ
3390 1050 3524 1117 περὶ

1946 1126 2113 1198 ἐμοῦ,
2144 1128 2233 1182 ὅτι
2262 1129 2581 1186 ἀπέστειλέ
2595 1149 2672 1200 με
2691 1135 2723 1186 ό
2747 1130 2968 1200 Πατήρ.
2995 1131 3254 1185 Ἐνταῦθα
3276 1132 3526 1203 καὶπρὸς

1946 1211 2046 1281 τὴν
2092 1215 2428 1286 κατηγορίαν
2464 1217 2563 1286 τῆς
2601 1215 2692 1268 τοῦ
2729 1215 2999 1270 σαϐϐάτου
3038 1214 3241 1279 λύσεως
3287 1216 3521 1271 ἵσταται.

1958 1294 2176 1368 Ἐπειδὴ
2208 1296 2319 1367 γὰρ
2350 1296 2534 1366 ἔλεγον
2562 1299 2778 1352 ἐκεῖνοι·
2822 1296 2948 1361 Πῶς
2989 1296 3211 1351 δύναται
3247 1291 3386 1350 εἶναι
3417 1298 3527 1351 ἀπὸ

1945 1376 2039 1432 τοῦ
2060 1378 2218 1447 Θεοῦ,
2234 1379 2391 1434 ὅτιτὸ
2420 1380 2691 1435 σάϐϐατον
2714 1381 2774 1434 οὐ
2810 1382 3002 1451 τηρεῖ;
3033 1380 3122 1434 διὰ
3147 1379 3304 1434 τοῦτο
3329 1375 3451 1433 εἷπε
3472 1380 3525 1444 ἀ,

1951 1464 2020 1520 Ἀ
2054 1463 2238 1520 ἐδωκέ
2257 1483 2361 1536 μοι
2392 1469 2427 1520 ὁ
2461 1466 2686 1535 Πατήρ.
2720 1466 2911 1521 Καίτοι
2941 1482 3005 1535 γε
3034 1465 3287 1538 αύθεντίᾳ
3316 1466 3521 1519 ἐποίει·

1946 1546 2084 1601 ἀλλά
2112 1547 2326 1613 δεικνὺς
2362 1550 2501 1620 μετά
2531 1549 2732 1620 πολλῆς
2762 1550 2860 1620 τῆς
2895 1549 3231 1621 περιουσίας,
3264 1550 3346 1603 δτι
3375 1549 3526 1603 οὐδὲν

1945 1629 2186 1763 ἐξαντίον
2205 1631 2283 1701 τῷ
2316 1633 2490 1703 Πατρὶ
2526 1631 2789 1703 πράττει,
2831 1630 2922 1686 διὰ
2940 1630 3097 1685 τοῦτο
3132 1631 3308 1685 καὶτὸ
3345 1630 3529 1703 πολλῷ

1945 1710 1970 1763 ἕ
2006 1729 2162 1763 αττον
2183 1713 2415 1763 τέθεικε.

1943 1710 2162 1766 ἔλαττον
2183 1713 2415 1769 τέθεικε.

2014 1800 2083 1863 γ’.
2105 1796 2214 1850 Kal
2237 1795 2400 1862 διατί,
2420 1796 2606 1868 φησὶν,
2620 1797 2719 1851 οὐκ
2739 1793 2911 1859 εἶπεν.
2929 1796 3009 1851 ὄτι
3028 1796 3109 1849 Τά
3124 1794 3331 1866 έργα,ἀ
3354 1794 3526 1850 ἔδωκέ

1944 1892 2035 1947 μοι
2067 1876 2097 1929 0
2132 1877 2340 1950 Πατὴρ,
2375 1883 2640 1952 μαρτυρεῖ
2690 1882 2770 1935 ὅτι
2818 1881 2930 1943 ίσος
2962 1879 3079 1950 εἰμὶ
3129 1877 3225 1933 τοῦ
3270 1878 3520 1950 Πατρός;

1953 1960 2259 2033 Ἀμφότερα
2285 1962 2392 2035 γάρ
2418 1957 2487 2034 ἦν
2520 1963 2628 2017 ἀπὸ
2670 1963 2778 2017 τῶν
2811 1961 2989 2033 ἔργων
3047 1960 3260 2033 μαθεῖν,
3303 1962 3399 2015 καὶ
3438 1962 3522 2015 ὅτι

1940 2042 2093 2096 οὐδὲν
2140 2042 2317 2117 [240]
2364 2045 2605 2100 ἐναντίον
2654 2047 2818 2109 ποιεῖ,
2877 2044 2973 2099 καὶ
3011 2043 3096 2097 ὅτι
3141 2043 3253 2108 ίσος
3285 2044 3403 2098 ἐστὶ
3427 2043 3521 2098 τοῦ

1943 2126 2349 2197 γεγεννηκότος.
2369 2127 2548 2199 Ὅπερ
2564 2126 2797 2199 ἀλλαχοῦ
2829 2124 3254 2190 κατασκευάζων
3269 2125 3450 2196 ἔλεγεν
3472 2136 3518 2165 ο·

1943 2210 2158 2279 Είέμοί
2183 2212 2255 2265 οὐ
2283 2213 2613 2278 πιστεύετε,
2656 2210 2782 2278 τοῖς
2818 2210 3011 2281 ἔργοις
3035 2227 3154 2279 μου
3186 2210 3520 2277 πιστεύετε,

1942 2297 2045 2351 ἵνα
2070 2295 2255 2367 γνῶτε
2286 2297 2385 2351 καί
2414 2298 2800 2365 πιστεύσητε,
2852 2297 2939 2350 ὅτι
2964 2297 3079 2364 ἐγὼ
3110 2294 3180 2349 ἐν
3208 2294 3290 2361 τῷ
3315 2295 3521 2363 Harp),

1943 2381 2043 2436 καὶ
2075 2384 2109 2435 ό
2142 2381 2434 2450 Πατὴρὲν
2455 2382 2604 2450 ἐμοί.
2642 2380 2946 2451 Ἀμφότερα
2977 2375 3070 2432 οὖν
3101 2378 3250 2448 αὐτῷ
3279 2376 3519 2449 ἐμαρτύ-

1947 2480 2049 2534 ρει,
2077 2464 2171 2518 καὶ
2200 2464 2283 2517 ὅτι
2311 2463 2423 2527 ίσος
2446 2459 2515 2534 ἦν
2542 2461 2637 2517 τοῦ
2673 2463 2906 2534 Πατρδς,
2942 2463 3037 2515 xal
3068 2462 3148 2515 ὅτι
3178 2461 3331 2514 οὐδὲν
3368 2462 3524 2514 ἐναν-

1939 2545 2055 2599 τίον
2091 2545 2355 2617 ἔπραττεν
2387 2547 2598 2617 ἐκείνῳ.
2656 2545 2813 2609 Τίνος
2853 2539 2946 2598 οὖν
2981 2543 3167 2596 ἕνεκεν
3211 2542 3310 2613 οὐχ
3349 2540 3521 2606 οὕτως

1943 2624 2114 2692 εἶπεν,
2150 2627 2287 2682 ἀλλά
2315 2628 2376 2683 τὸ
2409 2629 2592 2700 μεῖζον
2620 2627 2798 2696 ἀφεὶς,
2838 2625 2997 2680 τοῦτο
3018 2626 3287 2692 τέθεικεν;
3319 2625 3442 2680 Ὀτι
3461 2624 3524 2679 τὸ

1945 2712 2374 2784 σπουδαζόμενον
2396 2712 2553 2766 τοῦτο
2588 2711 2806 2782 πρῶτον
2840 2705 2933 2782 ἦνε
2980 2709 3041 2764 El
3084 2709 3193 2779 7&9
3221 2708 3316 2763 καὶ
3343 2706 3523 2779 πολλῷ

1943 2794 2161 2849 ἔλαττον
2186 2796 2247 2849 τὸ
2274 2796 2627 2867 πιστευθῆναι
2653 2795 2734 2848 δτι
2767 2792 2917 2863 παρὰ
2946 2792 3041 2846 τοῦ
3080 2792 3216 2847 Θεοῦ
3245 2789 3395 2864 ἦλθε,
3425 2791 3523 2846 τοῦ

1943 2879 2292 2951 πιστευθῆναι
2314 2880 2396 2933 ὅτι
2424 2879 2558 2941 Θεός
2586 2880 2730 2932 ἐστιν
2756 2879 2870 2941 ίσος
2889 2875 3037 2947 αὐτῷ
3055 2894 3070 2908 ·
3094 2876 3270 2930 ἐκεῖνο
3294 2875 3392 2948 μὲν
3412 2874 3524 2946 7&9

1943 2953 2342 3033 καῖ’προφῆται
2396 2957 2571 3029 εἶπον,
2623 2960 2778 3015 τοῦτο
2805 2962 2863 3015 δὲ
2890 2959 3073 3014 οὐκέτι
3097 2977 3112 2993 ο
3163 2962 3314 3031 ὅμως
3361 2959 3525 3023 αὐτὸς

1945 3043 2087 3116 ὑπὲρ
2120 3045 2213 3097 τοῦ
2250 3045 2530 3108 ἐλάττονος
2588 3044 2788 3115 πολλὴν
2828 3044 3035 3097 τίθεται
3074 3043 3328 3115 σπουδὴν,
3371 3042 3524 3106 εἰδὼς

1945 3127 2026 3180 δτι
2072 3126 2262 3179 τούτου
2314 3127 2588 3197 δεχθέντος
2614 3125 2634 3164 τ
2667 3126 2759 3179 καὶ
2791 3126 2967 3178 ἐκεῖνο
2996 3125 3190 3192 γένοιτ’
3229 3122 3295 3176 ἂν
3340 3123 3526 3177 λοιπὸν

1946 3208 2369 3280 εὐπαράδεκτον.
2407 3208 2517 3261 Καὶ
2547 3208 2646 3278 τῆς
2674 3206 2915 3277 μείζονος
2954 3206 3105 3260 οὐδὲν
3147 3204 3527 3275 μνημονεύσας

1948 3291 2271 3364 μαρτυρίας.
2307 3291 2367 3345 τὸ
2396 3291 2612 3344 ἔλαττον
2652 3290 2822 3361 αὐτῆς
2860 3289 3017 3360 ἔργον
3039 3287 3238 3359 τίθησι,
3269 3288 3359 3342 ίνα
3387 3289 3413 3328 ⁸
3439 3287 3528 3342 διὰ

1943 3373 2135 3428 τούτου
2168 3374 2425 3445 κάκείνην
2449 3373 2728 3440 δέξωνται.
2777 3372 2947 3425 Τοῦτο
2978 3370 3392 3433 κατασκευάσας
3423 3369 3530 3424 πάο

1943 3457 2027 3510 λιν
2058 3457 2287 3525 ἐπάγει·
2339 3456 2395 3508 '0
2428 3454 2673 3525 πέμψας
2700 3471 2779 3524 με
2827 3453 3053 3523 Πατὴρ,
3085 3453 3267 3519 αὐτὸς
3302 3468 3529 3523 ,ιιεμαρο

1944 3541 2162 3608 τύρηκε
2193 3537 2515 3608 περὶέμοῦ.
2548 3537 2656 3592 Kal
2696 3536 2797 3591 ποῦ
2835 3536 3228 3609 μεμαρτύρηκε
3275 3536 3403 3606 περὶ
3427 3536 3528 3588 αύ-

1941 3622 2075 3688 τοῦς
2121 3624 2208 3676 Ἐν
2256 3620 2334 3694 τῷ
2374 3620 2633 3694 Ἰορδάνῃ,
2671 3615 2861 3686 Οὗτός
2903 3620 3052 3681 ἐστι,
3091 3619 3285 3688 λέγων,
3319 3621 3353 3673 ό
3393 3618 3527 3685 Υίός

1936 3725 2057 3779 μου
2086 3705 2387 3781 ἀγαπητός
2409 3720 2422 3734 ο
2457 3702 2643 3758 αὑτοῦ
2672 3703 2918 3759 ἀκούετε
2937 3744 2949 3758 .
3019 3702 3179 3757 Ἀλλά
3229 3702 3324 3756 καὶ
3369 3701 3528 3781 ταῦτο

1942 3788 2289 3859 κατασκευῆς
2320 3778 2509 3842 ἐδεῖτο.
2541 3785 2615 3839 Τὸ
2646 3786 2745 3858 μέν
2787 3781 2881 3841 οὖν
2926 3785 3173 3840 Ἰωάννου
3211 3784 3372 3855 δῆλον
3415 3778 3483 3855 ἦν
3507 3800 3523 3816 σ

1942 3872 2098 3927 αὐτοὶ
2134 3871 2243 3944 7&9
2293 3869 2639 3932 ἀπέστειλαν,
2699 3869 2794 3922 καὶ
2839 3868 3178 3940 ἀρνήσασθαι
3212 3868 3314 3921 οὐκ
3358 3862 3523 3938 εἶχον.

1944 3957 2053 4010 Kal
2072 3956 2133 4009 τὸ
2151 3956 2215 4008 ἐκ
2232 3953 2342 4007 τῶν
2366 3953 2604 4024 σημείων
2619 3952 2675 4005 δέ
2698 3952 2916 4021 ὁμοίως.
2940 3948 3093 4005 Εἶδον
3114 3952 3222 4021 7&9
3244 3950 3524 4018 γινόμενα,

1945 4039 2038 4094 καὶ
2077 4037 2228 4112 παρὰ
2262 4035 2358 4089 τοῦ
2394 4032 2823 4106 θεραπευθέντος
2849 4034 3109 4103 ἤκουσαν,
3142 4033 3238 4086 καὶ
3279 4033 3528 4085 ἐπίστευ-

1946 4139 2067 4186 σαν,
2096 4120 2219 4174 ὅθεν
2244 4119 2338 4171 καὶ
2365 4115 2674 4170 ἐνεκάλουν.
2710 4115 2983 4169 Ἐλείπετο
3003 4115 3059 4168 δέ
3092 4114 3279 4169 λοιπὸν
3307 4113 3368 4166 τὸ
3401 4114 3529 4183 περὶ

1945 4207 2046 4277 τῆς
2072 4203 2167 4257 τοῦ
2218 4201 2433 4272 Πατρδς
2467 4198 2773 4272 μαρτυρίας
2821 4198 3124 4265 ἀποδεῖξαι.
3150 4195 3528 4267 Εἶταμέλλων

1947 4287 2079 4344 αὐτό
2107 4282 2556 4347 κατασκευάζειν,
2584 4283 2880 4353 ἐπήγαγεν.
2917 4282 3067 4336 Οὔτε
3094 4280 3306 4351 φωνὴν
3337 4277 3528 4333 αὑτοῦ

1947 4371 2244 4440 ἀκηκόατε
2287 4367 2542 4421 πώποτε.
2586 4365 2697 4419 Kal
2759 4365 2877 4430 πῶς
2936 4365 3179 4436 Μωῦσῆς
3234 4364 3402 4433 λέγει,
3465 4362 3527 4418 ὀ

1950 4454 2095 4521 Θεὸς
2128 4451 2356 4516 ἐλάλει,
2388 4447 2653 4517 Μωῦσῆς
2693 4446 2763 4501 δὲ
2807 4448 3168 4516 ἀπεκρίνατο
3187 4464 3208 4512 ;
3264 4448 3380 4510 πῶς
3406 4445 3462 4499 δὲ
3498 4447 3529 4500 0

1947 4537 2111 4592 Δαυῖδ
2149 4552 2302 4607 φησι,
2329 4531 2633 4588 Γλῶσσαν
2661 4529 2743 4600 ῆν
2775 4533 2887 4586 οὐκ
2915 4531 3070 4601 ἔγνω
3110 4530 3372 4601 ἦκουσες
3417 4529 3530 4582 Kal

1951 4620 2117 4675 πάλιν
2177 4616 2439 4687 Μωῦσῆς.
2478 4613 2542 4668 El
2580 4614 2726 4669 ἐστιν
2768 4613 2920 4679 ἔθνος
2951 4612 3214 4679 τοιοῦτον,
3258 4611 3287 4666 δ
3328 4612 3527 4683 ἧκουσε

1950 4704 2135 4776 φωνὴν
2158 4700 2325 4768 Θεοῦ;
2357 4700 2505 4755 Οὔτε
2541 4695 2704 4767 εἶδος
2737 4698 2925 4754 αὑτοῦ
2970 4696 3285 4766 ἑωράκατε.
3337 4694 3531 4749 Καίτοι

1951 4789 2044 4842 καὶ
2073 4786 2375 4857 ἑωρακέναι
2401 4783 2564 4837 αὑτὸν
2582 4783 2832 4854 λέγονται
2847 4780 2941 4836 καὶ
2975 4781 3221 4843 Ἡσαΐας,
3244 4779 3339 4834 καὶ
3365 4778 3531 4849 Ἰερε-

1954 4871 2103 4941 μίας,
2143 4869 2238 4923 καὶ
2275 4866 2553 4940 Ἰεζεκιὴλ,
2575 4867 2671 4921 καὶ
2699 4867 2874 4936 ἕτεροι
2906 4864 3141 4927 πλείους.
3174 4863 3238 4916 Τί
3264 4859 3357 4917 οὖν
3383 4863 3533 4915 ἐστιν

1950 4956 1979 5008 ὃ
2012 4971 2175 5025 φησιν
2202 4954 2231 5007 0
2258 4952 2491 5024 Χριστὸς
2519 4950 2614 5005 νῦν
2641 4966 2656 5015 ;
2684 4949 2779 5014 Είς
2814 4948 3101 5019 φιλόσοφον
3132 4947 3329 5011 αὐτοὺς
3347 4946 3530 5015 ἐνάγει

1950 5038 2147 5109 δόγμα,
2191 5036 2331 5092 κατά
2386 5034 2579 5107 μικρὸν
2623 5033 2857 5097 δεικνὺς,
2907 5031 2988 5085 ὅτι
3043 5031 3166 5085 οὔτε
3206 5031 3359 5101 φωνὴ
3403 5029 3532 5098 περὶ

1951 5122 2105 5187 θεὸν,
2139 5120 2265 5175 οὕτε
2294 5115 2454 5184 εἶδος,
2490 5117 2606 5171 ἀλλ’
2637 5116 2908 5184 ἀνώτερος
2947 5114 3042 5168 καὶ
3086 5114 3379 5183 σχημάτων
3414 5110 3533 5165 ἐστὶ

1952 5204 2047 5259 καὶ
2079 5203 2332 5272 φθόγγων
2363 5201 2638 5255 τοιούτων.
2673 5199 2886 5268 Ὥσπερ
2914 5196 3023 5268 7&9
3046 5195 3238 5259 εἰπὼν,
3266 5195 3349 5249 ὅτι
3380 5192 3534 5249 Οὔτε

1953 5286 2163 5357 φωνὴν
2196 5282 2384 5339 αὐτοῦ
2417 5282 2734 5349 ἀκηκόατε.
2766 5280 2827 5334 οὐ
2860 5279 3018 5334 τοῦτο
3043 5279 3213 5347 λέγει,
3242 5278 3325 5331 ὅτι
3351 5274 3534 5347 φωνὴν

1955 5372 2054 5440 μὲν
2083 5369 2350 5441 προΐεται,
2387 5366 2487 5419 οὐκ
2512 5364 2782 5435 ἀκουστὴν
2807 5363 2865 5417 δέ
2892 5381 2906 5395 ·
2949 5363 3122 5426 οὕτως
3158 5361 3348 5425 εἰπὼν,
3383 5361 3534 5416 Οὔτε

1951 5440 2341 5519 εἶδος-ίαύτοῦ
2396 5446 2710 5515 ἑωράκατε,
2748 5448 2811 5498 ού
2853 5446 3010 5500 τοῦτο
3051 5445 3220 5515 λέγει,
3267 5446 3348 5498 ὅτι
3395 5440 3535 5506 εἶδος

1957 5537 2057 5607 μὲν
2082 5534 2215 5603 ἔχει,
2255 5531 2315 5583 οὐ
2365 5529 2554 5582 θεατὸν
2594 5528 2681 5581 δέ·
2719 5528 2832 5581 ἀλλ’
2876 5529 2958 5582 ὅτι
2986 5528 3137 5581 οὐδὲν
3167 5526 3372 5582 τούτων
3405 5522 3536 5594 περὶ

1954 5616 2107 5671 Θεόν.
2140 5614 2258 5666 Ἶνα
2289 5610 2398 5681 7&9
2436 5609 2510 5681 μὴ
2535 5610 2783 5678 λέγωσιν,
2817 5612 2950 5682 Εἰκῆ
2971 5609 3296 5681 κομπάζεις.
3321 5608 3347 5647 ¹ι
3372 5607 3537 5658 Μωῦ-

1961 5702 2045 5754 σεῖ
2080 5694 2374 5765 λελάληκεν
2397 5695 2427 5747 0
2457 5693 2590 5756 Θεὸς
2628 5691 2773 5762 μόνῳ
2808 5691 3000 5767 (τοῦτο
3027 5691 3157 5762 γοῦν
3194 5690 3289 5745 καὶ
3321 5687 3533 5759 ἔλεγον-

2020 5838 2047 5879 d
2072 5834 2246 5887 Morel.
2286 5833 2391 5883 εἶπε
2424 5834 2501 5882 καὶ
2547 5831 2706 5886 αὐτός.
2779 5844 2803 5870 ⁸
2824 5831 2998 5881 Morel.
3043 5832 3071 5880 ὃ
3107 5831 3186 5879 καὶ
3230 5825 3413 5891 προίὼν
3450 5842 3538 5891 κάη

1956 5896 2235 5950 τασκευάζει
2263 5896 2426 5955 λέγων.
2498 5891 2517 5932 Τ
2557 5893 2653 5955 Alii
2680 5893 2936 5954 λεχθέντος.
3002 5895 3028 5933 8
3056 5893 3227 5943 Morel.
3271 5887 3428 5945 αὐτῆς
3457 5887 3540 5936 λόο

1959 5979 2043 6025 γου
2068 5956 2187 6013 διξιοί
2209 5956 2303 6005 ἵνα.
2369 5955 2395 5991 ιι
2411 5955 2558 6006 Savil.
2587 5954 2787 6016 λέγωσιν
2811 5956 2881 6005 ὅτι
2911 5955 3178 6018 κομπάζεις.
