3984 6196
649 271 754 328 235

651 406 854 461 laribus
889 405 1049 461 rebus
1096 422 1256 462 nemo
1301 421 1550 478 magnum
1594 408 1864 478 quidpiam
1894 409 2089 466 lucrari
2135 407 2232 465 de-

655 495 1006 564 prehenditur
1032 538 1048 563 ,
1097 497 1142 551 si
1190 497 1366 552 obiter
1407 507 1458 552 et
1491 498 1848 567 perfunctorie
1875 508 2025 569 agat,
2067 500 2236 553 multo

656 586 825 655 magis
853 586 903 639 itt
932 586 1293 656 spiritualibus
1329 586 1488 643 rebus
1516 587 1566 641 id
1593 587 1821 653 eveniet,
1853 588 1976 657 quia
2006 589 2089 641 ha:
2119 601 2234 640 tna-

647 678 752 745 jori
792 691 928 748 opus
962 677 1160 733 habent
1185 677 1476 748 diligentia.
1512 678 1636 734 Ideo
1653 677 1898 733 Christus
1921 677 2138 732 Iudaeos
2166 676 2234 731 ad

647 765 951 835 Scripturas
993 767 1303 834 remittens,
1352 783 1456 822 non
1487 768 1553 822 ad
1601 768 1896 837 simplicem
1927 767 2231 835 lectionem,

653 857 748 912 sed
777 857 841 912 ad
871 868 1181 912 accuratum
1208 874 1430 914 examen
1461 860 1582 914 illos
1605 859 1851 914 remittit.
1881 858 2066 928 Neque
2087 859 2232 915 enim

649 949 803 1015 dixit,
837 949 1018 1018 Legite
1037 948 1344 1019 Scripturas
1367 966 1381 1013 ;
1415 950 1509 1004 sed
1536 992 1549 1014 ,
1577 949 1890 1004 Scrutamini
1916 949 2230 1020 Scripturas.

646 1040 780 1107 Quia
809 1055 870 1094 ea
897 1081 911 1105 ,
940 1056 1060 1110 qua:
1086 1040 1155 1095 de
1199 1041 1315 1110 ipso
1345 1041 1417 1095 ibi
1447 1039 1698 1094 dicuntur
1717 1081 1733 1105 ,
1777 1040 1943 1094 multa
1975 1054 2111 1109 opus
2139 1039 2237 1094 ha-

648 1132 777 1187 bent
802 1132 1210 1201 investigatione
1234 1132 1358 1200 (sub
1386 1132 1574 1186 umbra
1597 1133 1742 1186 enim
1771 1129 2000 1201 quadam
2028 1130 2233 1186 occulta

645 1223 918 1278 veteribus
942 1220 1171 1293 erant),
1214 1221 1335 1276 ideo
1386 1222 1506 1276 illos
1550 1229 1804 1276 accurate
1852 1220 2036 1276 fodere
2062 1221 2230 1291 jubet,

645 1320 705 1364 ut
735 1313 786 1365 in
818 1309 1080 1380 profundo
1135 1311 1306 1380 posita
1345 1311 1583 1380 reperire
1634 1311 1858 1381 possint.
1888 1311 2068 1381 Neque
2090 1312 2232 1367 enim

645 1404 698 1458 in
728 1402 1015 1472 superﬁcie
1045 1401 1128 1456 vel
1161 1401 1214 1456 in
1254 1413 1550 1473 conspectu
1571 1403 1756 1472 jacent
1776 1444 1790 1468 ,
1820 1403 1915 1458 sed
1946 1403 2098 1472 quasi
2127 1401 2235 1458 the-

645 1509 838 1546 sattt'us
867 1493 1126 1562 quispiam
1158 1491 1421 1561 profunde
1466 1492 1752 1548 admodum
1782 1492 2052 1547 rectmdita
2087 1501 2231 1547 sunt.

645 1587 750 1652 Qui
797 1599 927 1639 vero
955 1582 1220 1653 profunde
1253 1585 1421 1652 posita
1463 1585 1654 1654 qua‘rit
1683 1625 1697 1649 ,
1729 1584 1832 1639 nisi
1863 1599 1982 1638 cum
2011 1584 2236 1654 diligen-

647 1678 718 1729 tia
739 1683 792 1730 et
821 1674 1003 1729 labore
1028 1685 1253 1743 quaerat,
1280 1690 1569 1744 numquam
1597 1675 1739 1745 quod
1757 1677 1950 1745 quierit
1975 1677 2228 1731 inveniet.

643 1767 769 1821 Ideo
820 1773 1099 1835 postquam
1128 1765 1287 1830 dixit,
1320 1765 1633 1820 Scrutamini
1673 1765 1994 1834 Scripturas,
2028 1767 2226 1834 intulit,

645 1856 779 1922 Quia
805 1871 890 1910 vos
921 1855 1111 1925 putatis
1152 1856 1205 1908 in
1253 1857 1379 1924 ipsis
1404 1857 1556 1909 vitam
1595 1865 1839 1911 aeternam
1883 1858 2085 1914 habere.
2113 1858 2230 1914 Non

641 1947 796 2010 dixit,
827 1946 1048 2001 Habetis
1073 1986 1089 2013 ,
1121 1946 1216 2001 sed
1271 1945 1472 2000 Putatis
1510 1948 1726 2015 habere,
1759 1949 2051 2005 ostendens
2086 1951 2232 2021 ipsos

644 2039 781 2093 nihil
828 2053 1077 2109 magnum
1107 2038 1300 2092 lucrari
1325 2079 1341 2104 ,
1378 2039 1504 2093 dtttn
1534 2049 1784 2109 putarent
1814 2055 1873 2096 se
1900 2057 1966 2097 ex
1993 2043 2109 2097 sola
2150 2044 2228 2098 le-

637 2131 813 2185 ctione
833 2130 949 2185 sine
977 2129 1079 2184 lide
1104 2144 1263 2200 posse
1279 2131 1502 2186 salutem
1523 2131 1799 2201 consequi.
1831 2131 1909 2187 Ac
1929 2133 1975 2189 si
2006 2133 2228 2199 diceret,

639 2223 830 2274 Annon
866 2220 1132 2274 miramini
1164 2221 1513 2291 Scripturas?
1537 2237 1716 2277 annon
1749 2223 1872 2277 vita:
1896 2223 2074 2280 fontes
2112 2240 2232 2281 esse

638 2310 1011 2364 arbitramini?
1043 2310 1136 2364 llis
1161 2310 1270 2380 jam
1305 2311 1448 2366 nitor
1477 2321 1531 2367 et
1572 2327 1692 2384 ego.
1722 2313 1814 2368 lla:
1841 2328 2071 2384 namque
2108 2323 2234 2370 sunt

638 2417 760 2471 quae
788 2401 1153 2456 testimonium
1185 2402 1474 2472 perhibent
1507 2402 1576 2459 de
1602 2420 1687 2459 me
1707 2446 1722 2470 ,
1755 2413 1809 2460 et
1849 2420 1957 2458 non
1983 2406 2138 2461 vultis
2164 2407 2230 2462 ad

641 2509 728 2549 me
743 2493 927 2548 venire
945 2535 959 2559 ,
991 2505 1046 2547 ιιι
1063 2494 1221 2548 vitam
1246 2502 1502 2548 aeternam
1524 2495 1782 2550 habeatis.
1800 2496 1828 2551 J
1836 2512 1928 2553 ure
1940 2513 2066 2568 ergo
2086 2499 2233 2554 dice-

640 2584 750 2648 bat,
787 2582 884 2638 Vos
912 2584 1100 2654 putatis
1123 2625 1138 2650 ,
1170 2583 1314 2653 quod
1341 2584 1542 2639 nollent
1569 2585 1669 2654 ipsi
1708 2587 2078 2658 obtemperare
2097 2629 2113 2655 ,
2136 2589 2231 2645 sed

641 2676 708 2730 de
735 2676 962 2745 simplici
994 2675 1221 2730 lectione
1250 2675 1624 2744 gloriarentur.
1652 2677 1853 2732 Deinde
1885 2694 1953 2734 ne
1972 2694 2036 2734 cx
2069 2680 2230 2737 nimia

641 2784 769 2822 cura
797 2768 848 2822 itt
877 2783 1026 2822 vana:
1051 2768 1233 2838 gloria:
1259 2767 1618 2838 suspicionem
1656 2770 1862 2825 veniret
1886 2811 1901 2837 ,
1933 2787 2066 2829 neve
2089 2773 2229 2844 quod

643 2859 851 2912 illorum
903 2857 1060 2912 [idem
1111 2858 1397 2928 exigeret,
1443 2868 1717 2928 putaretur
1755 2875 1875 2931 qua:
1924 2876 2018 2916 sua
2076 2873 2230 2920 erant

641 2961 830 3002 curare
853 2944 1010 3017 (nam
1035 2946 1324 3004 etJoannis
1341 2962 1546 3015 vocem,
1571 2959 1624 3002 et
1650 2950 1740 3004 Dei
1766 2951 2150 3019 testimonium,
2177 2962 2231 3010 et

643 3053 806 3106 opera
855 3052 948 3091 sua
989 3047 1524 3104 commemoraverat,
1570 3040 1838 3110 vitamque
1877 3043 2227 3111 promiserat;

645 3128 752 3182 illis
767 3128 1016 3182 omnibus
1030 3142 1176 3200 usus,
1192 3136 1250 3182 ut
1264 3143 1358 3184 eos
1370 3127 1435 3183 ad
1451 3144 1510 3184 se
1525 3129 1808 3199 alliceret):
1831 3137 1974 3201 quia,
1994 3133 2227 3203 inquam,

643 3217 903 3273 credibile
931 3226 1049 3273 erat
1068 3217 1267 3273 multos
1296 3220 1663 3288 Sttspicaturos
1683 3234 1805 3275 esse
1834 3221 1974 3289 quod
2007 3223 2230 3291 gloriam

642 3318 922 3378 captaret,
954 3309 1076 3364 audi
1098 3309 1226 3379 quid
1261 3309 1476 3379 adjiciat
1505 3328 1519 3364 :
1547 3311 1636 3365 4i.
1673 3311 1901 3365 Gloriam
1929 3313 1991 3367 ab
2034 3313 2232 3370 homine

643 3418 744 3454 mm
771 3402 1006 3470 accipio;
1039 3400 1138 3454 hoc
1164 3407 1266 3464 est,
1298 3399 1389 3453 Illa
1409 3416 1514 3453 non
1541 3414 1692 3468 egeo.
1725 3401 1840 3455 Non
1869 3418 2007 3470 sum,
2039 3403 2226 3474 inquit,

653 3493 774 3546 talis
805 3503 1030 3554 naturae,
1061 3499 1119 3545 ut
1149 3490 1422 3544 hominum
1453 3491 1622 3561 gloria
1651 3507 1786 3562 opus
1811 3495 2034 3550 habeam
2059 3537 2072 3561 ,
2096 3497 2228 3552 Nam

649 3580 695 3632 si
725 3579 806 3634 sol
853 3595 883 3632 a
930 3579 1145 3633 lucerna
1193 3579 1332 3632 lucis
1374 3580 1795 3636 additamentum
1845 3599 1948 3638 non
1998 3587 2227 3657 accipit,

657 3670 825 3722 multo
867 3669 1043 3722 minus
1077 3684 1179 3739 ego
1209 3669 1437 3723 humana
1466 3671 1636 3740 egelto
1685 3673 1873 3741 gloria.
1904 3676 1969 3729 Et
1996 3691 2093 3730 cur
2118 3677 2232 3732 hare

645 3762 798 3822 dicis.
824 3762 866 3814 si
897 3777 1001 3816 non
1032 3762 1233 3832 egeas?
1263 3761 1332 3817 Ut
1371 3777 1465 3817 vos
1494 3764 1628 3818 salvi
1659 3764 1795 3819 sitis.
1826 3765 1958 3822 illud
1991 3783 2118 3823 vero
2143 3786 2233 3824 su-

647 3867 741 3921 pra
771 3852 999 3916 dixerat,
1027 3862 1082 3906 et
1106 3852 1191 3906 hic
1223 3852 1584 3908 subindicavit
1615 3854 1697 3909 his
1727 3857 1922 3923 verbis,
1973 3859 2040 3913 Ut
2077 3861 2231 3916 vitam

648 3943 892 3998 habeatis.
938 3942 1109 3999 All‘ert
1152 3953 1204 3998 et
1245 3944 1402 3998 aliam
1442 3961 1678 4002 causam.
1724 3949 1939 4017 Quam?
1987 3952 2076 4008 42.
2125 3955 2231 4010 Sed

645 4034 852 4104 cognovi
881 4050 987 4099 vos,
1019 4034 1139 4104 quia
1166 4035 1489 4090 dilectionem
1518 4036 1614 4091 Dei
1649 4055 1752 4094 non
1781 4041 1973 4098 habetis
1997 4043 2051 4098 in
2070 4045 2227 4100 vobis.

649 4129 784 4192 Quia
813 4142 976 4197 s-rpe,
1009 4128 1159 4197 quasi
1215 4129 1378 4182 Deum
1423 4129 1742 4201 diligerent,
1776 4135 2230 4206 persequebantur

645 4231 784 4282 eum,
813 4217 936 4286 quia
963 4218 1220 4286 aequalem
1248 4233 1307 4274 se
1333 4219 1560 4275 faciebat
1589 4223 1719 4290 Deo,
1748 4226 2057 4297 sciebatque
2082 4229 2229 4299 ipsos

649 4321 755 4361 non
791 4306 892 4362 sibi
925 4308 1224 4364 credituros
1257 4323 1410 4371 esse:
1463 4327 1531 4367 ne
1571 4314 1691 4383 quis
1741 4316 1958 4384 diceret,
1999 4319 2108 4375 Cur
2159 4321 2229 4376 ita

650 4395 922 4466 loqueris?
975 4396 1045 4453 Ut
1088 4413 1183 4453 vos
1232 4401 1657 4471 reprehendant,
1703 4405 1892 4477 inquit,
1944 4412 2064 4479 quia
2122 4428 2229 4468 non

650 4499 866 4558 propter
893 4488 1233 4546 dilectionem
1265 4492 1356 4548 Dei
1386 4509 1472 4549 tne
1504 4498 1906 4567 persequimini.
1951 4501 2226 4572 Siquidem

645 4581 766 4651 ipse
810 4581 942 4637 mihi
988 4583 1348 4638 testimonium
1385 4587 1626 4655 perbibet
1653 4598 1707 4644 et
1735 4605 1832 4660 per
1867 4607 2028 4662 Opera
2054 4604 2108 4650 et
2133 4611 2230 4666 per

645 4673 967 4742 Scripturas.
1019 4673 1169 4728 Sicut
1209 4689 1307 4743 ego
1359 4676 1585 4732 antehac
1644 4694 1764 4734 cum
1819 4685 2077 4752 putaretis
2143 4703 2230 4742 me

648 4761 760 4815 Deo
815 4761 1178 4816 adversarium
1218 4777 1356 4829 esse,
1414 4780 1500 4820 me
1544 4770 1890 4836 expellebatis
1927 4790 1940 4826 :
1971 4775 2040 4830 ita
2089 4793 2229 4833 nunc

647 4867 714 4906 ex
765 4868 873 4922 quo
933 4855 1047 4909 haec
1099 4854 1510 4924 demonstravi,
1562 4875 1845 4918 accurrere
1915 4881 2010 4922 vos
2063 4883 2228 4939 opor-

646 4945 830 5012 tebat,
889 4949 933 5001 si
993 4949 1156 5003 Deum
1207 4948 1538 5019 diligeretis;
1592 4953 1687 5008 sed
1737 4969 1841 5010 non
1881 4973 2006 5014 vere
2054 4960 2228 5032 diligi-

645 5039 734 5094 tis.
785 5038 909 5094 Ideo
966 5040 1078 5095 haec
1121 5042 1249 5104 dixi,
1307 5052 1363 5096 ut
1401 5045 1806 5114 eomprobarem
1859 5063 1954 5103 vos
1994 5050 2130 5107 fastu
2175 5064 2229 5110 et

639 5130 892 5200 jactantia
937 5129 1080 5200 duci,
1127 5141 1182 5186 et
1219 5132 1469 5188 invidiam
1524 5143 1751 5190 vestram
1795 5137 2065 5209 obtegere.
2117 5142 2225 5199 Ne-

642 5236 747 5290 que
772 5237 836 5276 ex
868 5221 949 5276 his
997 5232 1200 5277 tantum
1224 5265 1240 5290 ,
1272 5225 1365 5279 sed
1393 5241 1455 5280 ex
1496 5225 1686 5282 futuris
1731 5244 1942 5300 quoque
1985 5231 2089 5288 hoc
2127 5235 2226 5290 ad.

641 5314 831 5378 struit;
862 5330 982 5370 nam
1013 5317 1088 5370 ait
1117 5333 1130 5371 :
1155 5317 1245 5373 43.
1289 5316 1401 5390 Ego
1439 5321 1551 5374 veni
1580 5321 1633 5375 in
1670 5323 1872 5378 nomine
1901 5323 2074 5380 Patris
2102 5329 2219 5396 mei,

642 5410 689 5454 et
729 5417 830 5454 non
864 5406 1121 5474 recepistis
1149 5423 1227 5460 tne
1253 5423 1271 5460 :
1317 5409 1362 5462 si
1398 5411 1529 5464 alius
1567 5414 1752 5466 venerit
1791 5415 1844 5468 in
1887 5419 2086 5471 nomine
2110 5435 2221 5489 suo,

643 5491 795 5546 illum
823 5495 1094 5564 recipietis.
1139 5497 1323 5553 Viden’
1350 5501 1497 5556 illum
1529 5503 1723 5574 ubique
1743 5505 1921 5562 dicere
1942 5523 2000 5564 se
2028 5510 2093 5565 ad
2122 5512 2224 5569 hoc

642 5584 862 5638 missum
884 5599 1023 5653 esse,
1052 5597 1104 5641 et
1126 5604 1189 5642 ex
1219 5589 1371 5646 Patre
1387 5591 1642 5661 judicium
1665 5599 1954 5668 accepisse,
1977 5615 2074 5656 nec
2095 5602 2218 5670 quid

639 5688 796 5742 posse
849 5692 878 5731 a
923 5679 1239 5750 setnetispso
1281 5680 1482 5748 facere,
1516 5695 1572 5741 ut
1603 5700 1816 5744 omnem
1868 5691 2216 5762 improbitatis

1354 269 1393 326 S
1445 269 1722 328 JOANNIS
1757 270 2226 330 CHRYSOSTOMI
2266 274 2580 334 ARCIIIEP.
2622 278 3153 343 CONSTANTINOP.
3809 299 3882 355 231

2347 427 2531 470 ansam
2577 420 2822 474 resecet?
2870 422 2978 477 Sed
3005 437 3292 493 quemnam
3320 425 3451 483 dicit
3497 429 3551 483 in
3579 443 3676 486 suo
3699 437 3882 504 promit

2345 507 2562 561 nomine
2592 519 2876 566 venturum
2922 515 3087 570 esse?
3130 517 3520 576 Antichristum
3551 521 3639 578 hic
3679 525 3878 582 subindt

2343 604 2463 662 cat,
2519 611 2814 668 eorumque
2865 606 3160 676 nequitiam
3215 609 3546 668 ineluctabili
3607 628 3881 684 argument:

2343 687 2694 744 demonstrat.
2724 693 2856 750 Nam
2885 698 2930 752 si
2961 707 3232 769 tamquam
3262 701 3357 758 Dei
3387 714 3656 764 amatores
3681 723 3763 764 me
3790 727 3881 780 per

2342 783 2644 850 sequimini,
2675 788 2844 843 multo
2873 790 3039 860 magis
3067 792 3456 851 Antichristum
3489 801 3729 869 persequi
3755 816 3882 871 Opor

2344 866 2521 920 tuerit.
2573 868 2666 924 llle
2713 887 2940 943 namque
2971 874 3103 929 nihil
3149 878 3328 934 simile
3363 866 3618 952 proferet,
3661 866 3830 955 neque
3880 933 3881 938 η

2342 955 2498 1012 Patre
2526 973 2585 1014 se
2626 963 2881 1039 missum,
2929 981 3106 1036 neque
3150 983 3217 1023 ex
3261 970 3378 1039 ejus
3422 975 3692 1033 voluntate
3735 982 3881 1034 venir

2341 1045 2517 1101 dicet:
2546 1028 2882 1120 sed'contra,
2917 1069 2978 1109 ea
3004 1028 3490 1131 t-yrannice-rapiet
3509 1080 3628 1135 quas
3647 1081 3748 1123 non
3768 1069 3828 1123 ad
3853 1086 3882 1124 sn

2340 1138 2645 1206 pertinent,
2679 1156 2842 1212 seque
2869 1143 3029 1199 deum
3062 1147 3431 1206 universorum
3463 1156 3810 1225 profitebitur,
3855 1178 3882 1214 u

2340 1227 2535 1284 Paulus
2560 1232 2636 1286 ait
2665 1248 2679 1288 :
2706 1232 2880 1304 Supra
2899 1252 3094 1290 omnem
3115 1240 3202 1306 qui
3228 1241 3412 1296 dicitur
3435 1242 3577 1301 Deus
3605 1257 3692 1301 aut
3710 1252 3882 1304 colitur

2337 1321 2604 1374 ostendens
2641 1338 2696 1375 se
2724 1335 2980 1395 tamquam
3001 1328 3066 1381 sit
3101 1327 3244 1384 Deus
3267 1330 3341 1402 (2.
3379 1333 3555 1390 Thess.
3583 1337 3639 1392 2.
3687 1341 3772 1410 4).
3804 1343 3881 1397 llo

2339 1409 2483 1464 enim
2513 1420 2596 1465 est
2626 1413 2675 1466 in
2696 1416 2911 1484 preprio
2933 1417 3148 1474 nomine
3175 1423 3378 1479 venire.
3402 1425 3514 1495 Ego
3539 1443 3668 1484 vero
3689 1409 3788 1486 non
3814 1437 3882 1488 sic

2339 1498 2435 1553 sed
2464 1500 2515 1553 itt
2564 1505 2781 1558 nomine
2811 1505 2982 1562 Patris
3009 1510 3112 1564 mei
3143 1510 3356 1567 adveni.
3410 1515 3504 1570 Vel
3537 1517 3660 1574 hinc
3705 1525 3882 1579 oslend

2340 1599 2548 1659 poterat
2572 1592 2716 1662 ipsos
2744 1612 2849 1651 non
2892 1615 3076 1656 amare
3110 1603 3276 1658 Deum
3302 1647 3317 1671 ,
3349 1608 3492 1677 quod
3521 1611 3693 1678 illum,
3734 1615 3822 1684 qui
3851 1638 3882 1669 si

2337 1681 2617 1740 dicere-tab
2638 1688 2728 1742 illo
2764 1690 3006 1758 missum,
3046 1709 3150 1749 non
3195 1699 3493 1768 reciperent
3525 1720 3538 1756 :
3564 1704 3672 1772 jam
3701 1681 3822 1760 vero
3846 1724 3881 1762 cz

2337 1779 2609 1834 contrario
2657 1782 2895 1836 ostendit
2945 1784 3158 1840 illorum
3211 1789 3593 1859 impudentiam
3649 1798 3793 1861 ‘,ex
3847 1816 3882 1854 en

2335 1871 2477 1940 quod
2510 1874 2892 1930 Antichristutn
2921 1882 3185 1949 recepturi
3209 1893 3413 1938 essent.
3437 1885 3571 1941 Cum
3597 1890 3736 1944 enim
3767 1907 3882 1948 eum

2335 1961 2425 2030 qui
2455 1977 2483 2014 a
2517 1963 2628 2019 Deo
2662 1981 2721 2020 se
2742 1966 2965 2022 missum
2988 1970 3218 2040 dicebat,
3257 1991 3361 2029 non
3405 1979 3736 2049 reciperent;
3767 2000 3882 2039 eunt

2335 2063 2440 2118 que
2460 2053 2552 2121 qui
2588 2053 2752 2109 Deum
2781 2072 2885 2111 non
2917 2071 3157 2128 noverat,
3189 2065 3282 2118 sed
3318 2066 3668 2135 jactahundus
3693 2090 3750 2129 se
3794 2079 3878 2129 ntti

2336 2157 2609 2200 versarunt
2639 2147 2796 2203 deum
2809 2150 3049 2220 dicebat,
3077 2154 3345 2212 adoraturi
3366 2173 3544 2216 essent
3576 2166 3773 2234 :palam
3801 2184 3882 2222 era

2335 2251 2402 2290 ex
2428 2237 2622 2295 invidia
2649 2250 2704 2296 et
2732 2257 2800 2297 ex
2819 2244 2911 2298 Dei
2942 2246 3066 2300 odio
3091 2253 3556 2320 persequutionem
3579 2269 3744 2312 ortam
3769 2277 3882 2316 esse

2337 2327 2461 2384 [deo
2502 2329 2636 2386 duas
2687 2335 2837 2402 ponit
2873 2335 3139 2392 dictorum
3185 2356 3412 2410 causas,
3464 2348 3694 2415 priorem
3726 2367 3882 2422 nemp

2337 2421 2483 2477 illam
2512 2439 2634 2493 qua:
2662 2426 2845 2482 utilior
2875 2439 3022 2497 erat,
3056 2429 3124 2485 Ut
3148 2434 3277 2486 salvi
3300 2436 3411 2490 sitis
3441 2479 3456 2505 ,
3487 2447 3541 2492 et
3566 2438 3634 2494 Ut
3655 2443 3801 2496 vitam
3822 2445 3882 2496 ha

2337 2513 2511 2568 beatis.
2536 2515 2666 2582 Quia
2689 2533 2816 2574 vero
2838 2520 3009 2590 ipsum
3033 2520 3237 2579 ifl'iSlll‘l
3259 2537 3434 2594 erant,
3463 2529 3876 2588 vehementiorct

2336 2607 2502 2675 pOttit,
2535 2608 2838 2677 declarans,
2871 2613 2914 2666 si
2941 2614 3222 2671 audientes
3264 2635 3369 2674 non
3399 2621 3788 2693 obletttperettt,
3823 2645 3881 2696 pr

2335 2713 2485 2754 more
2508 2714 2606 2753 suo
2639 2700 2803 2755 Deum
2833 2703 3025 2773 ubique
3056 2705 3313 2762 facturum
3335 2724 3478 2765 esse.

2405 2789 2460 2844 ἓ.
2502 2790 2697 2848 Paulus
2724 2801 2871 2848 certe
2899 2795 2966 2850 de
2996 2797 3322 2853 Antichristo
3361 2800 3585 2871 loquens
3614 2805 3882 2873 prophetic

2333 2882 2462 2936 dicit
2491 2899 2506 2936 :
2541 2881 2705 2936 Mittet
2732 2883 2836 2938 illis
2855 2883 2995 2939 Deus
3019 2891 3356 2956 Operationem
3377 2893 3584 2960 enoris,
3618 2903 3670 2947 ut
3693 2897 3882 2961 iudicet.

2335 2985 2418 3029 tur
2447 2992 2616 3029 omnes
2641 2978 2728 3044 qui
2756 2993 2856 3032 non
2885 2979 3200 3034 crediderunt
3224 2982 3436 3051 veritati,
3458 2985 3548 3039 sed
3564 3003 3881 3042 consenserat

2336 3065 2588 3136 iniquitati
2619 3066 2637 3137 (
2662 3067 2795 3121 Ibid.
2824 3085 2873 3122 υ.
2905 3071 2972 3124 10
2997 3080 3040 3124 et
3074 3072 3131 3125 il
3157 3077 3198 3143 ).
3228 3073 3474 3130 Christus
3500 3085 3675 3133 autem
3701 3096 3806 3135 non
3837 3081 3881 3134 d?

2335 3157 2408 3208 cit
2434 3169 2554 3210 esse
2581 3167 2898 3225 venturum;
2927 3159 3022 3214 sed
3045 3202 3058 3225 ,
3088 3161 3151 3216 Si
3173 3167 3391 3231 venerit,
3418 3167 3746 3225 auditoribus
3772 3187 3830 3225 se
3852 3190 3878 3224 a

2337 3253 2639 3314 temperans
2658 3288 2674 3313 ,
2705 3249 2824 3318 quia
2855 3249 3089 3305 nondum
3129 3255 3392 3323 completa
3421 3266 3538 3312 erat
3566 3268 3674 3314 t0ta
3703 3261 3882 3316 illorm

2335 3337 2565 3404 nequitia
2593 3356 2605 3390 :
2637 3336 2861 3408 ideoque
2889 3341 3029 3395 illius
3053 3342 3312 3400 adventus
3336 3360 3547 3402 causam
3577 3351 3758 3406 tacuit.
3787 3351 3882 3407 Pat

2337 3425 2419 3480 lus
2450 3443 2578 3482 vero
2623 3429 3037 3500 intelligentibus
3073 3443 3255 3503 aperte
3293 3437 3433 3492 illam
3471 3438 3794 3506 declaravit;
3836 3446 3882 3498 ill

2334 3533 2562 3591 namque
2603 3530 2685 3577 est
2733 3524 2821 3592 qui
2859 3538 3074 3580 omnem
3117 3527 3246 3597 ipsis
3288 3529 3457 3585 aufert
3499 3535 3878 3590 excusationcn

2340 3611 2540 3667 Deinde
2563 3613 2945 3669 incredulitatis
2965 3631 3149 3672 eorum
3172 3634 3385 3675 causam
3408 3621 3490 3676 his
3515 3625 3690 3681 verbis
3713 3629 3881 3695 aperit

2339 3704 2422 3758 Η.
2459 3703 2720 3770 Quomodo
2750 3708 2953 3774 potestis
2990 3723 3076 3761 vos
3105 3709 3335 3775 credere,
3363 3713 3448 3780 qui
3470 3715 3684 3784 gloriam
3712 3717 3882 3772 itteicet

2333 3795 2596 3862 accipitis,
2627 3806 2674 3848 et
2702 3797 2918 3868 gloriam
2943 3815 3056 3867 qum
3079 3817 3112 3853 a
3137 3804 3244 3856 solo
3273 3803 3382 3858 Deo
3409 3814 3484 3858 est
3522 3823 3620 3860 non
3657 3810 3882 3876 qua'ritia

2335 3885 2458 3942 hinc
2498 3887 2688 3943 iterum
2729 3891 3016 3947 ostendens
3057 3908 3151 3949 eos
3193 3909 3297 3950 non
3341 3897 3427 3951 illa
3463 3913 3581 3967 quae
3619 3900 3788 3956 solius
3831 3905 3882 3954 Di

2335 3987 2487 4032 erant
2514 3989 2758 4049 spectare
2777 4021 2794 4046 ,
2824 3981 2918 4037 sed
2946 3981 3046 4038 hoc
3074 3984 3292 4040 obtentu
3318 3985 3562 4043 eﬂ'ectum
3600 4004 3755 4045 suum
3789 3993 3881 4046 vel‘

2335 4071 2492 4126 tueri.
2526 4071 2753 4127 Tantum
2783 4075 2924 4129 enim
2954 4075 3139 4131 aberat
3167 4079 3291 4147 quitt
3324 4079 3438 4136 haec
3462 4081 3528 4136 ad
3571 4083 3662 4138 Dei
3699 4086 3882 4160 gloria:

2335 4161 2599 4230 facerent,
2631 4174 2688 4218 ut
2718 4165 3001 4222 humanam
3041 4168 3141 4225 sibi
3169 4173 3341 4240 potius
3368 4190 3525 4243 quam
3556 4174 3798 4232 divinam
3828 4195 3882 4250 (η

2336 4260 2530 4308 tarent.
2559 4255 2838 4322 Quomodo
2862 4273 2990 4329 ergo
3019 4270 3222 4316 tantum
3251 4263 3356 4318 odii
3389 4281 3483 4333 pro
3514 4266 3604 4322 Dei
3633 4269 3808 4338 gloria
3842 4288 3882 4323 ει

2334 4344 2633 4414 sciperent,
2669 4363 2826 4417 quam
2869 4366 3034 4419 usque
3073 4353 3207 4408 adeo
3245 4358 3692 4425 contemnebant,
3734 4371 3796 4414 ut
3828 4362 3882 4415 In

2335 4450 2545 4490 manam
2591 4437 2689 4507 ipsi
2732 4439 3097 4496 anteferrent?
3149 4443 3433 4514 Postquam
3484 4459 3665 4505 autem
3715 4449 3882 4505 diser

2335 4525 2479 4594 ipsos
2507 4527 2846 4584 dilectionem
2878 4531 2970 4586 Dei
3002 4548 3105 4588 non
3133 4533 3364 4603 habere,
3395 4547 3449 4592 et
3477 4539 3676 4610 duplici
3718 4543 3882 4597 rati0t

2335 4617 2386 4673 id
2414 4619 2762 4688 probaverat,
2796 4632 2905 4676 tum
2935 4638 3027 4692 per
3054 4640 3116 4680 ea
3145 4642 3262 4697 qua:
3293 4629 3346 4682 in
3379 4644 3438 4684 se
3469 4629 3601 4685 facta
3625 4673 3640 4697 ,
3688 4643 3805 4687 tum
3841 4650 3881 4702 pl

2333 4724 2393 4763 ea
2424 4725 2540 4780 qua:
2572 4709 2624 4764 in
2651 4711 2978 4768 Antichristo
3005 4714 3177 4770 futura
3216 4728 3400 4786 erant,
3445 4721 3778 4792 insuperque
3824 4725 3882 4778 cl

2333 4799 2443 4854 rius
2469 4799 2957 4871 demonstraverat,
2989 4820 3108 4862 esse
3135 4807 3254 4863 illos
3273 4810 3420 4864 omni
3447 4813 3597 4866 venia
3631 4813 3882 4884 indignos

2334 4890 2410 4946 sic
2440 4891 2557 4945 illos
2597 4893 2896 4969 redarguit,
2943 4895 3158 4968 Moysen
3197 4911 3560 4958 accusatorem
3599 4903 3882 4960 adducent

2332 4982 2420 5036 45.
2455 4981 2632 5038 Nolite
2659 4996 2836 5053 putare
2862 4986 2999 5056 quod
3036 5003 3128 5058 ego
3164 5001 3490 5048 accusaturus
3524 4996 3622 5050 siut
3666 5012 3762 5051 vos
3793 5015 3882 5067 api

2333 5072 2542 5128 Patrem
2571 5091 2592 5129 :
2620 5079 2801 5145 estqui
2825 5089 3029 5133 accusat
3057 5096 3144 5135 vos
3171 5081 3408 5154 Moyses,
3449 5087 3502 5140 in
3539 5104 3643 5156 quo
3682 5106 3780 5144 vos
3819 5108 3882 5159 sp

2331 5167 2500 5220 rastis.
2533 5167 2620 5222 46.
2651 5169 2712 5223 Si
2740 5169 2870 5223 enim
2894 5172 3162 5228 crederetis
3191 5173 3378 5246 Moysi,
3408 5179 3679 5235 crederetis
3709 5184 3880 5252 forsit

2330 5267 2375 5310 et
2402 5258 2527 5311 mihi
2556 5275 2576 5313 :
2603 5258 2666 5312 de
2691 5276 2768 5313 me
2795 5261 2925 5314 enim
2956 5263 3043 5316 ille
3071 5267 3290 5335 scripsit.
3332 5269 3422 5322 47.
3469 5270 3531 5325 Si
3572 5282 3754 5326 autem
3797 5276 3882 5328 illi

2331 5349 2488 5404 literis
2519 5365 2618 5403 non
2645 5351 2876 5419 creditis,
2906 5355 3158 5422 quomodo
3186 5359 3308 5412 meis
3336 5360 3548 5415 credetis
3582 5363 3752 5418 verbis
3773 5366 3801 5419 ζ)
3829 5367 3881 5421 ll

2329 5447 2440 5505 est,
2471 5442 2608 5496 Ante
2639 5456 2724 5496 me
2749 5441 2837 5497 ille
2865 5445 3187 5500 Contumelia
3215 5448 3446 5503 allicitnr
3473 5454 3525 5505 in
3555 5453 3620 5508 iis
3650 5473 3780 5524 qua:
3805 5472 3881 5512 co

2329 5537 2408 5584 tra
2430 5546 2514 5586 me
2539 5530 2729 5588 facitis.
2757 5533 2923 5606 Moysi
2948 5535 3089 5591 enim
3112 5540 3280 5607 magis
3301 5541 3459 5597 fidem
3482 5549 3751 5616 negastis,
3776 5568 3882 5622 qua

2398 5686 2412 5716 ¹
2453 5685 2612 5737 ttorel.
2639 5687 2806 5750 habet,
2827 5689 3082 5755 invidiam,
3110 5708 3211 5758 pro,
3238 5697 3604 5763 impudcnwmt.
