2035 3107
234 119 287 147 257

236 176 349 203 πλεῖτε.
362 174 462 209 Λέγετε
477 173 550 201 λύειν
567 182 599 208 με
614 173 645 200 τὸ
659 173 803 205 σάϐϐατον,
818 172 865 199 καὶ
878 171 1028 207 παραλύειν

237 217 282 245 τὸν
297 217 391 251 νόμον
408 215 605 250 άπεδυσὰμηνα
621 216 668 242 καὶ
676 215 777 249 ταύτην
786 214 835 249 τὴν
850 213 1027 249 κατηγορίαν.

236 257 438 294 Διισχυρίζεσθε
451 258 564 284 Μωῦσεῖ
575 257 713 283 πιστεύειν
724 257 757 283 δι’
766 253 803 282 ὧν
818 256 877 282 κατ’
892 255 959 290 ἐμοῦ
972 254 1029 280 τολ-

238 301 322 336 ιιιίίτε⁸
338 300 461 334 δείκνυμι
478 298 558 325 πάλιν
576 299 617 325 ὄτι
630 298 708 324 τοῦτο
724 298 772 333 μὲν
783 296 829 324 οὖν
842 298 899 324 ἐστι
915 296 1032 332 μάλιστα

239 343 277 378 μὴ
291 341 427 368 πιστεύειν
440 340 479 376 τῷ
497 341 618 367 Μωΰσεῖ.
629 339 754 375 Τοσούτῳ
769 340 823 374 γὰρ
837 339 889 365 δέω
911 339 940 372 ἐξ
957 340 1033 365 ἐναν-

238 384 299 416 τίας
318 384 396 419 ἥκειν
410 383 449 419 τῷ
460 382 545 418 νόμῳ,
563 384 603 409 ὅτι
618 383 679 409 οὐδὲ
699 382 772 408 ἐστιν
785 381 864 412 ἄλλος
878 389 919 412 τις
938 382 952 407 ὸ
969 389 1033 407 κατ-

239 427 383 462 ηγορήσων
394 425 481 460 ὑμῶν,
494 424 551 451 ἀλλ’
567 424 584 458 ἢ
596 424 677 455 αὐτὸς
692 425 706 450 ὁ
721 424 767 451 τὸν
781 424 863 459 νόμον
874 423 938 458 ὑμῖν
950 422 1033 462 δεδω-

240 460 305 500 κώς.
322 460 429 502 Ὥσπερ
444 465 491 493 οῦν
509 466 572 501 περὶ
591 465 645 491 τῶν
657 465 772 501 Γραφῶν
789 465 894 499 ἔλεγεν·
919 465 970 490 Ἑν
986 460 1034 495 αἶς

239 509 353 536 δοκεῖτε
365 507 569 542 ζωὴν-αἰώνιον
579 508 671 541 ἔχειν·
682 506 753 533 οὕτω
763 508 810 533 καὶ
821 507 884 542 περὶ
895 505 1034 536 Μωῢσέως

240 551 332 586 φησιν,
341 551 392 582 Εἰς
402 550 437 576 ὃν
445 550 528 583 ὑμεῖς
534 549 692 582 ἠλπίκατε,
701 548 755 575 ἀπὸ
762 548 815 574 τῶν
823 547 931 573 οἰκείων
937 547 1034 577 αὐτοὺς

241 591 416 627 χειρούμενος
433 590 582 625 πανταχοῦ.
607 591 662 616 Καὶ
680 590 759 616 πόθεν
773 589 862 624 δῆλον,
887 588 978 623 φησὶν,
993 588 1034 614 ὅτι

241 633 425 668 κατηγορήσει
439 632 569 666 Μωῡσῆς.
586 631 633 658 καὶ
652 631 682 657 οὐ
697 631 867 666 κομπάζειςς
884 629 910 656 τί
925 630 979 664 γὰρ
994 629 1035 656 σοὶ

241 675 288 701 καὶ
299 674 410 701 Μωῡσεί
423 672 521 705 κοινόν;
533 673 569 699 Τὸ
585 672 717 699 σάϐϐατον
730 672 837 704 ἔλυσας,
852 672 920 706 ὅπερ
933 671 1036 702 ἐκεῖνος

241 716 422 751 ἐνομοθέτησε
438 716 563 750 κρατείν⁶
580 714 638 746 πῶς
651 712 697 741 οὖν
714 714 791 750 ἡμῶν
804 714 907 744 ἐκεῖνος
920 721 1037 748 κατηγο-

243 760 351 795 ρήσειε;
369 757 455 783 Πόθεν
469 757 496 783 δὲ
509 756 588 791 δῆλον
603 756 643 782 ὅτι
661 756 708 783 καὶ
727 757 767 787 είς
779 755 857 783 ἄλλον
866 755 880 775 ιν
893 754 1037 782 πιστεύσο-

243 809 294 836 μεν
305 800 350 826 τὸν
365 799 423 834 ῑδίῳ
433 798 544 833 ὀνόματι
557 798 658 832 ἥξοντα
667 806 674 830 ;
683 797 776 824 Ταῦτα
784 797 838 833 γὰρ
847 797 936 824 πάντα
947 796 1038 832 ἀμάρ-

241 850 312 877 τυρα
322 841 421 875 λέγεις.
434 840 490 867 Καὶ
505 840 559 875 μὴν
575 840 683 866 ἅπαντα
693 840 779 866 ταῦτα
795 839 899 867 ἀνωθεν
918 839 974 874 ἔχει
988 838 1037 874 τὴν

243 883 427 918 κατασκευήν.
447 882 532 908 Ὅταν
559 882 614 917 γὰρ
642 881 807 917 όμολογηθῇ,
832 882 873 908 ὅτι
900 881 975 917 παρὰ
990 880 1037 907 τοῦ

243 924 310 951 Θεοῦ
321 922 401 959 ἦλθον
416 923 470 950 ἀπὸ
484 923 538 949 τῶν
554 923 652 958 έργων,
668 924 721 950 ἀπὸ
737 924 787 957 τῆς
799 923 891 957 φωνῆς
902 922 1037 955 Ἰωάννου,

243 966 298 993 ἀπὸ
310 966 359 1001 τῆς
373 965 526 1001 μαρτυρίας
541 965 588 992 τοῦ
603 965 720 1000 Πατρὸς,
740 965 850 1000 εὔδηλον
863 965 904 992 ὅτι
919 965 1039 999 Μωῦσῆς

244 1008 335 1035 αὐτῶν
349 1008 545 1043 κατηγορήσει.
565 1007 598 1033 Τί
625 1007 679 1042 γὰρ
694 1008 797 1038 ἐκεῖνος
813 1005 905 1038 εἷπεν;
923 1004 968 1042 ἆρ’
990 1007 1039 1041 οὐχ

244 1051 285 1078 ὅτι
298 1050 346 1077 ἐὰν
354 1049 418 1086 ἔλθῃ
425 1057 466 1081 τις
476 1050 577 1084 σημεῖα
588 1048 734 1080 mamma}.
747 1049 814 1084 πρὸς
823 1049 868 1074 τὸν
879 1048 944 1075 Θεὸν
954 1048 1037 1081 ἄγων,

245 1091 339 1120 καὶτὰ
354 1091 484 1127 μέλλοντα
500 1091 640 1125 προλέγων
661 1090 728 1126 μετὰ
749 1090 886 1125 ἀληθείας,
904 1089 972 1125 μετὰ
986 1089 1037 1116 πάς

246 1142 296 1168 σης
312 1132 460 1160 ὑπακούειν
471 1131 545 1167 αὐτῷ
560 1131 613 1167 χρὴ
625 1132 674 1167 τῆς
685 1132 809 1164 πειθοῦς;
828 1133 856 1158 ’0
871 1131 959 1158 τοίνυν
973 1131 1041 1165 Χρι-

247 1176 310 1207 στὸς
326 1174 363 1210 μὴ
375 1175 406 1201 οὐ
426 1174 515 1201 πάντα
528 1174 615 1201 ταῦτα
629 1174 776 1209 πεποίηκε;
791 1173 846 1200 Καὶ
861 1173 916 1208 γὰρ
940 1173 1040 1207 σημεῖα

246 1218 393 1254 εἰργάσατο
413 1216 482 1252 μετὰ
507 1216 638 1252 ἀληθείας
661 1216 781 1251 ἁπάσης,
810 1216 856 1242 καὶ
877 1215 946 1250 πρὸς
974 1215 1040 1241 Θεὸν

247 1261 370 1291 ἅπαντας
377 1255 460 1290 εἷλκε,
472 1259 538 1285 καίε
552 1259 612 1290 ταῖς
624 1258 793 1293 προρρήσεσι
806 1257 838 1283 τὸ
849 1256 926 1287 τέλος
937 1257 1041 1291 ἐπήγαο

246 1311 305 1337 γεν.
328 1301 408 1329 Ἀλλά
423 1299 504 1327 πόθεν
518 1299 598 1335 δῆλον
613 1299 653 1326 ὅτι
666 1299 754 1334 ἐτέρῳ
773 1298 977 1329 πιστεύσουσιν;
994 1297 1041 1324 Ἐκ

246 1344 295 1371 τοῦ
310 1344 356 1370 τὸν
366 1342 484 1378 Χριστὸν
502 1342 601 1377 μισεῖν.
610 1341 640 1367 Οί
649 1341 704 1376 γάρ
712 1341 757 1366 τὸν
773 1340 841 1375 μετά
855 1340 903 1373 τῆς
917 1339 962 1366 τοῦ
973 1338 1040 1365 Θεοῦ

247 1385 361 1420 γνώμης
379 1385 482 1419 ἥκοντα
497 1382 743 1417 ἀποστρεφόμενοι,
761 1381 871 1415 εῦδηλον
882 1381 922 1407 ὅτι
935 1381 982 1407 καὶ
996 1380 1042 1406 τὸν

247 1427 370 1454 ἀντίθεον
380 1425 500 1459 δέξονται
514 1423 590 1461 [246]
599 1425 628 1450 Εἰ
634 1424 662 1451 δέ
670 1424 789 1450 Μωῦσέα
796 1423 843 1449 νῦν
850 1422 1040 1457 προϐάλλεται,

249 1468 337 1496 καίτοι
351 1467 446 1499 εῑπὼν,
462 1467 534 1502 Ἐγὼ
545 1466 625 1500 παρὰ
639 1465 797 1500 ἀνθρώπου
807 1465 866 1499 τὴν
876 1465 1043 1500 μαρτυρίαν

249 1512 285 1538 οὐ
302 1510 454 1544 λαμϐάνω,
471 1509 508 1544 μὴ
533 1507 695 1542 θαυμάσῃς·
712 1507 773 1533 οὐδὲ
787 1507 840 1542 γὰρ
856 1508 896 1538 είς
910 1507 1041 1538 Μωῦσέα,

250 1552 307 1579 ἀλλ’
327 1553 367 1583 εἰς
381 1550 415 1577 τά
429 1549 476 1576 τοῦ
490 1549 557 1575 Θεοῦ
577 1549 728 1584 γράμματα
743 1548 841 1580 αὐτοὺς
850 1548 1040 1583 παραπέμπει.

250 1593 323 1629 Πλὴν
337 1592 394 1620 ἀλλ’
410 1591 503 1626 ἐπειδὴ
519 1591 547 1618 αἱ
560 1590 667 1625 Γραφαὶ
681 1590 791 1617 ἔλαττον
805 1590 904 1621 αὐτοὺς
917 1590 1041 1624 ἐφόϐουν,

250 1637 290 1668 είς
306 1635 337 1662 τὸ
349 1634 493 1670 πρόσωπον
508 1632 574 1659 αὐτὸ
589 1632 716 1667 περιάγει
733 1632 779 1658 τὸν
794 1631 884 1666 λόγον,
898 1631 944 1657 τὸν
961 1640 1042 1666 νομο-

250 1678 331 1712 θέτην
347 1676 427 1703 αὑτὸν
438 1676 531 1706 αὐτοῖς
546 1674 657 1707 ἐφιστὰς
670 1674 832 1708 κατήγορον,
845 1674 891 1700 καὶ
904 1673 970 1700 πολὺ
983 1682 1044 1708 φρι-

251 1719 418 1754 κωδέστερον
425 1715 515 1744 οῦτωδ
524 1716 554 1742 τὸ
561 1716 620 1747 δέος
631 1715 724 1746 ποιῶν,
734 1715 781 1741 καὶ
789 1714 902 1741 ἕκαστον
912 1715 966 1741 τῶν
978 1716 1042 1750 παρ’

252 1760 341 1788 αὐτῶν
354 1758 508 1793 λεγομένων
519 1757 635 1792 ἐλέγχει.
648 1756 745 1782 Σκόπει
758 1755 798 1782 δέ·
815 1756 926 1790 Ἔλεγον
939 1756 982 1783 διὰ
994 1757 1043 1791 τ’ὴν

253 1803 293 1834 εἰς
307 1802 354 1827 τὸν
366 1800 432 1827 Θεὸν
445 1799 556 1834 ἀγάπην
572 1798 678 1825 διώκειν
694 1797 788 1824 αὐτόν·
799 1797 934 1824 δείκνυσιν
945 1798 985 1824 ὄτι
1000 1797 1043 1824 διὰ

252 1843 283 1870 τὸ
302 1843 390 1877 μισεῖν
419 1841 465 1868 τὸν
488 1840 555 1867 Θεὸν
577 1839 657 1866 τοῦτο
682 1839 813 1866 ποιοῦσιν.
853 1840 965 1873 Ἔλεγον
982 1840 1044 1866 ἀντ-

253 1884 363 1920 έχεσθαι
380 1882 529 1914 Μωῦσέως·
540 1880 675 1908 δείκνυσιν
689 1881 729 1907 ὅτι
745 1881 789 1908 διά
805 1881 835 1908 τὸ
854 1881 890 1917 μὴ
907 1881 1044 1908 πιστεύειν

254 1926 367 1954 Μωῡσεί
381 1924 468 1952 ταῦτα
488 1924 632 1960 ἔπραττον.
649 1924 680 1950 Εἰ
695 1924 749 1959 γάρ
760 1923 807 1950 τὸν
818 1924 898 1960 νόμον
919 1921 1067 1959 ἐζήλουν,“

253 1969 308 1995 εδει
334 1966 459 2000 δέξασθαι
488 1966 534 1992 τὸν
555 1967 657 1992 ἐκεῖνον
680 1965 851 2000 πληροῦντα·
872 1966 896 1992 εί
910 1966 956 1992 τὸν
978 1965 1045 1991 Θεὸν

252 2010 379 2046 ἠγάπων,
397 2008 449 2035 εδει
461 2007 604 2043 πεισθῆναι
624 2007 663 2043 τῷ
681 2008 748 2043 πρὸς
768 2008 870 2034 ἐκεῖνον
886 2007 1007 2034 ἐλκοντι·
1021 2007 1045 2033 εἰ

256 2052 366 2080 Μωῦσεῐ
375 2050 526 2081 ἐπίστευον,
546 2049 600 2076 ἔδει
620 2049 808 2085 προσκυνῆσαι
819 2050 864 2076 τὸν
882 2049 927 2076 ὑπ’
942 2048 1044 2076 ἐκείνου

256 2092 505 2130 προφητευόμενον.
520 2091 551 2118 Εἰ
565 2091 593 2118 δέ
611 2091 714 2123 ἐκεῖνος
727 2092 882 2118 ἀπιστεῖται
899 2090 952 2125 πρὸ
967 2089 1045 2126 ἐμοῦ,

256 2135 334 2162 οὐδὲν
351 2134 465 2166 ἀπεικὸς
487 2133 535 2160 καὶ
550 2133 600 2169 ἐμὲ
617 2133 663 2160 τὸν
685 2133 732 2160 ὑπ’
746 2132 828 2159 αὑτοῦ
847 2132 1046 2168 κηρυττόμενον

257 2176 417 2203 ἐλαύνεσθαι
434 2174 500 2210 παρ’
519 2174 607 2210 ὑμῶν.
619 2175 725 2210 Ὥσπερ
736 2172 782 2201 οὖν
795 2175 842 2201 καὶ
859 2173 1047 2209 θαυμάζοντας

264 2218 390 2253 Ἰωάννην
405 2217 489 2249 ἔδειξε
502 2216 737 2252 καταφρονοῦντας
751 2216 873 2243 Ἰωάννου
889 2215 932 2242 διὰ
947 2215 1002 2242 τῶν
1008 2215 1049 2247 είς

258 2260 339 2287 αὑτὸν
368 2258 576 2294 γεγενημένωνσ
611 2257 682 2284 οὕτω
718 2257 877 2293 νομίζοντας
910 2256 1048 2283 πιστεύειν

257 2302 370 2329 Μωῦσεῖ
384 2300 520 2327 δείκνυσιν
532 2299 721 2331 ἀπιστοῦντας,
739 2299 786 2326 καὶ
796 2299 839 2326 ἀεὶ
851 2299 891 2330 είς
904 2298 952 2334 τὴν
962 2306 1049 2332 κεφα-

258 2343 307 2380 λὴν
322 2342 411 2370 αὐτῶν
434 2341 594 2378 περιτρέπει
623 2340 723 2372 πάντα,
742 2340 814 2377 ἅπερ
837 2341 961 2376 ἐνόμιζον
978 2340 1048 2375 ὑπὲρ

259 2384 363 2411 ἐαυτῶν
377 2382 586 2419 προϐάλλεσθαι.
612 2381 743 2408 Τοσοῦτον
756 2382 814 2418 γάρ
833 2382 937 2417 ἀπέχω,
955 2382 1047 2417 φησὶν,

259 2426 414 2460 ἀπαγαγεῖν
432 2426 505 2460 ὑμᾶς
518 2424 565 2451 τοῦ
581 2424 674 2459 νόμου,
685 2423 725 2450 ὅτι
741 2424 787 2450 καὶ
797 2423 878 2450 αὑτὸν
890 2423 965 2450 καλῶ
985 2431 1050 2450 κατ-

260 2469 359 2504 ήγορον
373 2467 450 2503 ὑμῶν
465 2467 510 2494 τὸν
524 2466 682 2502 νομοθέτην.
698 2466 758 2492 Ὀτι
779 2465 827 2500 μὲν
840 2463 887 2492 οῦν
903 2466 931 2491 αἱ
944 2465 1050 2500 Γραφαὶ

262 2509 457 2546 μαρτυροῦσιν,
474 2506 544 2535 εἷπε’
554 2507 603 2534 ποῦ
618 2508 646 2534 δὲ
660 2507 853 2543 μαρτυροῦσιν,
866 2506 957 2533 οὐκέτι
967 2515 1050 2542 προσ.
1067 2504 1069 2506 ’

260 2552 353 2588 έθηκε,
366 2551 413 2578 τὸν
426 2550 507 2585 φόϐον
519 2549 630 2586 μείζονα
642 2549 732 2580 αὐτοῖς
747 2548 860 2574 ἐνθεῖναι
879 2547 1049 2582 βουλόμενος,

261 2594 309 2620 καὶ
323 2594 363 2623 είς
378 2592 490 2628 ἔρευναν
506 2591 698 2627 παραπέμψαι,
715 2590 762 2616 καὶ
771 2589 811 2620 είς
829 2589 953 2624 ἀνάγκην
967 2597 1050 2615 κατα-

247 2643 251 2647 ’
263 2635 360 2669 στῆσαι
372 2636 541 2671 ἐρωτήσεως.
551 2634 583 2661 El
592 2634 640 2669 μὲν
653 2633 707 2669 γὰρ
717 2631 831 2659 εἷπενέκ
839 2631 885 2658 τοῦ
895 2631 1050 2667 προχείρου,

262 2677 309 2705 καὶ
323 2677 389 2712 μηδέ
405 2676 542 2712 ἐρωτῶσιν
558 2676 659 2707 αὐτοῖς,
677 2674 810 2702 ἀπέϐαλον
830 2674 863 2701 ἂν
885 2673 933 2709 τὴν
950 2682 1052 2708 μαρτυ-

264 2719 327 2757 ρίαν
337 2726 344 2734 '
359 2719 418 2745 νυνὶ
432 2718 460 2744 δέ
482 2719 506 2745 εί
522 2719 665 2753 προσεῖχον
675 2718 731 2749 τοῖς
749 2716 914 2752 λεγομένοις,
929 2716 982 2742 ἔδει
1000 2715 1053 2750 πρὸ

263 2761 317 2788 τῶν
331 2761 419 2788 ἀλλων
437 2760 515 2787 τοῦτο
530 2761 666 2796 ἐρωτῆσαι
682 2765 694 2779 ε
710 2760 757 2787 καὶ
770 2759 866 2795 μαθεῖν
879 2758 944 2793 παρ’
958 2757 1051 2784 αὐτοῦ.

297 2818 310 2832 ⁸
331 2817 418 2842 Morel.
439 2817 536 2841 ποιεῖτε.
560 2816 719 2847 Κατηγορεῖτε
736 2815 798 2840 λύειν
821 2816 862 2840 τὸν
878 2815 962 2847 νόμονς
984 2815 1053 2847 ᾀπεδ.

267 2848 322 2873 Mox
345 2855 389 2880 pro
412 2848 594 2879 διισχυρίζεσθε,
617 2845 664 2872 σίὶἴ
683 2846 843 2877 ὑπισχνεῖσθε.
880 2846 894 2866 b
916 2845 1001 2870 Morel.
1023 2846 1055 2872 εἰς

267 2879 366 2903 ἰιιῖνον.
400 2880 412 2894 ε
435 2878 521 2903 Morel.
538 2877 614 2902 εῑλιιιν
632 2879 695 2901 ὥστε
711 2878 760 2901 καί.
794 2876 808 2896 τι
828 2876 904 2902 Savil.
924 2877 1055 2906 κατήγορον

265 2910 306 2933 καὶ
318 2909 520 2940 ἐμφαντικώτερον
536 2908 608 2933 οὕτω.
644 2914 655 2929 ε
668 2907 716 2933 Alii
727 2907 772 2940 πρὸ
782 2908 830 2932 τῶν
843 2908 922 2932 ἄλλων
933 2908 972 2931 καὶ
987 2907 1055 2938 σιγή-

265 2938 471 2968 σαντοςζητῆσαι.
482 2938 486 2940 Ἴ
760 2938 771 2946 ⁵
784 2953 803 2973 ι,

609 117 639 145 S.
656 115 800 145 JOANNIS
816 113 1042 143 ριιῐιϊδοδτον

1093 114 1243 143 ιιιωιιεν.
1264 111 1536 142 CONSTANTINOP.

1820 114 1875 143 2'58

1082 171 1132 197 Διὰ
1149 171 1203 207 γὰρ
1227 171 1304 197 τοῦτο
1331 171 1378 197 καὶ
1393 172 1422 198 ἐν
1441 173 1500 203 ταῖς
1524 173 1686 206 ἀποφάσεσι,
1702 172 1748 198 καὶ
1765 173 1794 199 ἐν
1813 174 1875 205 ταῖς

1082 213 1209 244 ἀπειλαῖς
1232 212 1372 245 πλεονάζει
1397 213 1507 248 μᾶλλον,
1530 213 1578 240 οὐκ
1598 214 1627 239 ἐν
1644 215 1704 245 ταῖς
1719 214 1877 246 ἀποδείξεσι

1086 256 1175 291 μόνον,
1191 256 1234 281 ἴνα
1258 255 1310 282 κᾶν
1336 255 1422 287 οὕτως
1440 256 1538 287 αὐτοὺς
1558 256 1730 291 ἐπαγάγηται
1746 256 1786 290 τῷ
1801 257 1879 292 φόϐῳ

1083 297 1137 323 τῶν
1154 297 1317 332 λεγομένων.
1333 298 1363 323 Ol
1380 297 1407 323 δὲ
1422 297 1468 323 καὶ
1480 297 1550 324 οὓτω
1563 296 1669 331 σιγῶσι.
1681 297 1808 324 Τοιοῦτον
1821 300 1879 334 γὰρ

1083 340 1100 373 ή
1115 339 1246 374 πονηρία’
1261 339 1310 365 ὅσα
1323 339 1355 366 ἄν
1373 347 1416 369 τις
1436 338 1503 374 λέγῃ
1518 338 1564 365 καὶ
1581 340 1660 374 ποιῇ,
1684 338 1715 365 οὑ
1738 338 1876 366 διανίστα-

1083 390 1139 412 ται,
1155 381 1222 407 ἀλλὰ
1234 381 1308 416 μένει
1327 381 1371 407 τὸν
1387 381 1485 407 οἰκεῖον
1502 381 1540 408 ίὸν
1550 380 1725 416 διατηροῦσα.

1119 426 1153 457 γ’.
1162 423 1208 449 Διὸ
1216 423 1268 458 χρὴ
1278 423 1367 449 πᾶσαν
1376 423 1475 450 κακίαν
1483 423 1537 449 ἀπὸ
1547 422 1596 457 τῆς
1604 422 1694 457 ψυχῆς
1703 423 1876 456 ἐκϐαλόντας,

1086 464 1187 500 μηδένα
1202 465 1312 491 πλέκειν
1325 464 1459 499 μηδέποτε
1471 464 1555 491 δόλον.
1567 463 1646 498 Πρὸς
1657 465 1712 499 γὰρ
1724 464 1794 497 τοὺς
1807 473 1879 492 σκο-

1083 507 1170 540 λιοὺς
1181 507 1307 540 σκολιὰς
1319 506 1410 540 ὀδοὺς
1422 506 1432 526 ί
1446 508 1462 534 d
1479 507 1560 540 Θεὸς,
1574 506 1667 541 φησὶν,
1683 506 1877 535 ἀποστέλλει.

1086 549 1258 583 Καὶ,”Αγιον
1274 548 1393 583 πνεῦμα
1411 549 1521 586 σοφίας
1540 548 1683 583 φεύξεται
1705 548 1808 581 δόλον,
1829 550 1877 576 καί

1085 590 1333 625 ἀπαναστήσεται
1340 590 1399 618 ἀπὸ
1406 589 1816 625 λογισμῶν-ἀσυνέτων.οὑδέν
1826 592 1879 626 γὰρ

1086 631 1157 658 οὕτω
1177 633 1250 658 ποιεῖ
1260 633 1378 667 μωροὺς,
1393 632 1430 664 ὡς
1444 631 1570 668 πονηρία.
1580 632 1664 658 Ὅταν
1673 632 1728 666 γὰρ
1739 631 1877 667 ὕπουλοςῇ

1086 682 1138 705 τις,
1154 674 1218 700 ὅταν
1228 674 1375 709 ἀγνώμων,
1387 674 1451 701 ὅταν
1466 674 1611 709 ἀχάριστος
1624 673 1721 709 (ταῦτα
1729 674 1757 700 δέ
1765 674 1814 710 τῆς
1829 683 1878 702 πο-

1087 715 1183 751 νηρίας
1196 716 1231 743 τά
1252 716 1332 751 εἴδη),
1347 716 1411 743 ὅταν
1428 715 1509 751 μηδὲν
1529 716 1692 751 ἠδικημένος
1710 715 1794 751 λυπῇ,
1817 717 1879 743 ὅταν

1088 757 1177 794 πλέκῃ
1186 757 1287 790 δόλους.
1300 758 1357 790 πῶς
1364 757 1414 784 οὐκ
1423 759 1539 793 ἐσχάτης
1548 758 1641 789 ἀνοίας
1651 757 1749 789 ἐξοίσει
1762 758 1860 793 δεῖγμα
1870 767 1877 791 ;

1088 799 1171 826 Οὐδὲν
1185 798 1256 826 οῦτω
1267 801 1340 826 ποιεῖ
1357 799 1513 835 φρονίμους,
1523 799 1561 831 ὡς
1569 800 1663 835 ἀρετή.
1673 799 1729 826 Καὶ
1739 799 1792 836 γὰρ
1800 800 1880 835 εὐχα-

1090 841 1198 876 ρίστους
1214 841 1261 867 καὶ
1285 841 1459 877 εὐγνώμονας
1485 842 1641 877 ἐργάζεται,
1664 840 1878 876 φιλανθρώπους.

1088 883 1220 918 ἡμέρους,
1237 884 1351 918 πράους,
1367 883 1498 914 ἐπιεικεῖς
1508 891 1514 898 ·
1527 883 1562 909 τὰ
1580 883 1648 910 ἄλλα
1664 882 1773 910 ἃπαντα
1789 882 1879 917 ἀγαθά

1089 924 1156 959 αῦτη
1170 924 1272 951 τίκτειν
1284 924 1371 951 εἴωθε.
1388 925 1420 951 Τί
1430 924 1459 950 δέ
1472 924 1519 951 τοῦ
1534 923 1606 951 οὕτω
1620 924 1794 960 διακειμένου
1819 933 1879 951 συν-

1090 966 1239 1002 ετὼτερον;
1256 967 1334 1002 Πηγὴ
1358 967 1412 1003 γὰρ
1438 967 1522 998 ὅντως
1541 967 1587 994 καὶ
1616 967 1702 1002 ῥίζα⁸
1725 967 1880 1003 φρονήσεώς

1089 1010 1190 1044 ἐστινὴ
1208 1009 1305 1043 ἀρετὴ,
1314 1008 1408 1043 ὥσπερ
1422 1006 1467 1035 οὖν
1484 1008 1532 1034 καὶ
1546 1009 1620 1035 πᾶσα
1635 1008 1752 1044 πονηρία
1761 1008 1790 1042 ἐξ
1804 1008 1879 1044 [ΞΠ]

1089 1051 1181 1083 ἀνοίας
1197 1051 1253 1086 ἔχει
1268 1050 1317 1086 τὴν
1328 1051 1425 1086 ἀρχήν.
1434 1050 1489 1077 Καὶ
1505 1050 1559 1085 γὰρ
1573 1051 1587 1077 ὁ
1598 1050 1704 1082 ἀλαζὼν
1720 1051 1768 1077 καὶ
1781 1051 1796 1077 ό
1806 1051 1881 1086 ὀργί-

1090 1092 1134 1123 λος
1151 1093 1180 1125 ὲε
1191 1092 1294 1124 ἐνδείας
1309 1092 1466 1127 φρονήσεως
1477 1091 1529 1118 ὑπὸ
1550 1091 1604 1118 τῶν
1623 1091 1717 1119 παθῶν
1731 1092 1877 1119 ἁλίσκεται.

1091 1134 1139 1160 Διὰ
1152 1134 1229 1160 τοῦτο
1242 1134 1289 1160 καὶ
1304 1134 1319 1159 ὸ
1331 1134 1473 1169 προφήτης
1486 1133 1571 1167 ἔλεγε·
1586 1134 1646 1160 οὐκ
1661 1134 1748 1161 ἔστιν
1760 1135 1880 1168 ἴασις-ἐν

1091 1175 1128 1209 τῇ
1138 1176 1228 1209 σαρκί
1235 1184 1302 1210 μου.
1312 1174 1508 1209 Προσώζεσαν
1516 1175 1565 1201 καί
1575 1175 1737 1209 ἐσάπησαν
1745 1177 1773 1202 οὶ
1779 1175 1866 1211 μώλω
1873 1191 1880 1196 -

1091 1216 1143 1249 πές
1151 1225 1210 1251 μου
1216 1217 1276 1244 ἀπὸ
1284 1216 1446 1251 προσώπου
1453 1216 1690 1251 τῆςάφροσύνης
1698 1226 1766 1252 μου·
1775 1217 1881 1249 δεικνὺς

1091 1258 1131 1285 ὃτι
1145 1259 1219 1285 πᾶσα
1231 1257 1353 1293 ἁμαρτία
1368 1257 1417 1293 τὴν
1434 1257 1521 1293 ἀρχὴν
1531 1258 1560 1291 ἐξ
1575 1258 1727 1294 ἀφροσύνης
1741 1259 1811 1293 ἔχει·
1826 1258 1880 1285 ῶσ-

1092 1308 1146 1334 περ
1160 1300 1174 1326 ό
1194 1300 1343 1334 ἐνάρετοςὶι
1358 1300 1405 1326 καὶ
1421 1299 1502 1334 φόϐον
1513 1300 1583 1335 ἔχων
1596 1300 1670 1331 Θεοῦ,
1688 1301 1795 1327 πάντων
1820 1301 1878 1327 ἐστὶ

1092 1341 1284 1377 συνετώτερος.
1297 1341 1342 1367 Διὸ
1351 1341 1396 1367 καὶ
1410 1341 1492 1375 σοφός
1507 1350 1548 1372 τις
1565 1340 1743 1376 λέγει,Ἀρχὴ
1758 1342 1878 1376 σοφίας,

1092 1384 1185 1419 φόϐος
1199 1384 1319 1418 Κυρίου.
1335 1384 1366 1410 El
1382 1382 1515 1415 roivw‘xb
1527 1383 1666 1418 φοϐεῖσθαι
1682 1384 1727 1410 τὸν
1743 1383 1820 1416 Θεὸν,
1837 1392 1880 1410 σο-

1093 1425 1158 1461 φίαν
1173 1426 1246 1452 ἐστὶν
1255 1425 1337 1460 ἐχειν,
1350 1426 1364 1451 ὁ
1379 1425 1407 1452 δὲ
1419 1425 1536 1461 πονηρὸς
1545 1425 1625 1452 τοῦτο
1643 1426 1694 1453 οὐκ
1708 1426 1773 1461 ἔχει,
1785 1427 1834 1461 τῆς
1842 1426 1883 1453 δν-

1093 1476 1146 1500 τως
1157 1468 1252 1502 σοφίας
1264 1467 1407 1503 ἐστέρηται
1417 1476 1424 1482 ·
1435 1468 1484 1502 τῆς
1498 1467 1526 1493 δὲ
1537 1467 1632 1502 σοφίας
1644 1467 1824 1503 ἐστερημένος
1834 1468 1883 1502 τῆς

1093 1508 1188 1541 ὅντως,
1205 1508 1314 1535 πάντων
1332 1509 1406 1536 ἐστὶν
1423 1509 1608 1544 ἀνοητότερος.
1628 1509 1725 1535 Καίτοι
1745 1517 1776 1543 γε
1792 1508 1883 1535 πολλοὶ

1093 1550 1157 1582 τοὺς
1173 1551 1308 1586 πονηροὺς
1317 1549 1513 1586 θαυμάζουσιν,
1524 1550 1561 1581 ὡς
1572 1550 1680 1582 ἱκανοὺς
1694 1550 1772 1582 δντας
1782 1550 1883 1577 ἀδικεῖν

1094 1592 1141 1619 καὶ
1158 1591 1298 1627 βλάπτειν,
1310 1592 1360 1618 οὐκ
1371 1592 1468 1623 εἰδότες
1484 1591 1524 1618 ὅτι
1540 1592 1657 1627 μάλιστα
1667 1592 1775 1618 πάντων
1786 1592 1884 1622 αὐτοὺς

1094 1634 1247 1667 Ιτάλα-,νίζειν
1262 1634 1325 1670 χρὴ,
1334 1634 1375 1661 ὃτι
1383 1634 1538 1670 νομίζοντες
1553 1634 1662 1669 ἐτέρους
1673 1634 1811 1668 βλάπτειν,
1822 1633 1883 1660 καθ’

1095 1675 1197 1702 ἑαυτῶν
1210 1676 1240 1702 τὸ
1253 1675 1329 1709 ξίφος
1342 1675 1456 1702 ὠθοῦσιν
1465 1684 1472 1691 ο
1487 1676 1555 1710 ὅπερ
1565 1675 1657 1707 ἀνοίας
1670 1675 1743 1702 ἐστὶν
1755 1676 1883 1710 ἐσχάτης,

1094 1716 1190 1743 ἐαυτὸν
1207 1716 1368 1751 πλήττοντα,
1383 1718 1448 1752 μηδὲ
1460 1717 1525 1742 αὐτὸ
1542 1716 1620 1743 τοῦτο
1634 1717 1742 1748 εἰδέναι,
1756 1717 1813 1743 ἀλλ’
1824 1716 1883 1742 ἐτε-

1095 1766 1141 1792 ρον
1155 1757 1244 1784 δοκεῖν
1259 1758 1369 1787 ἀδικεῖν,
1395 1759 1424 1783 ἐν
1440 1759 1478 1792 τῷ
1497 1757 1697 1791 κατασφάττειν
1714 1758 1820 1785 ἑαυτόν.
1835 1758 1884 1784 Διά

1094 1799 1171 1826 τοῦτο
1183 1800 1231 1826 καὶ
1246 1799 1348 1830 Παῦλος
1368 1799 1453 1831 εῐδὼς,
1467 1800 1505 1826 ὅτι
1522 1800 1549 1825 ἐν
1565 1799 1605 1834 τῷ
1627 1800 1754 1835 πλήττειν
1776 1800 1884 1835 ἐτέρους

1095 1841 1208 1873 ἑαυτοὺς
1216 1841 1393 1877 ἀναιροῦμεν,
1407 1841 1494 1875 ἐλεγε-
1504 1840 1633 1875 Διατίμὴ
1644 1840 1767 1874 μᾶλλον
1776 1841 1886 1868 ἀδικεῖ-

1094 1886 1168 1915 σθε;
1184 1883 1261 1910 διατι
1281 1882 1324 1917 μὴ
1333 1883 1455 1918 μᾶλλον
1468 1882 1684 1916 ἀποστερεῖσθε
1690 1890 1700 1913 ;
1719 1882 1756 1908 Τὸ
1780 1882 1833 1917 γάρ
1847 1883 1885 1918 μὴ

1094 1925 1244 1952 ἀδικεῖσθαι
1255 1925 1284 1951 ἐν
1299 1924 1338 1960 τῷ
1354 1924 1391 1960 μὴ
1407 1924 1508 1951 ἀδικεῖν
1522 1926 1624 1949 κεῖται·
1642 1924 1737 1958 ὥσπερ
1747 1921 1833 1949 οὖντὸ
1847 1924 1884 1958 μὴ

1096 1967 1211 2002 πάσχειν
1224 1967 1317 1999 κακῶς
1328 1968 1356 1994 ἐν
1371 1967 1410 2002 τῷ
1427 1966 1463 2002 μὴ
1481 1967 1566 1992 ποιεῖν
1584 1966 1684 1996 κακῶς·
1702 1964 1751 1992 κᾶν
1771 1965 1885 1999 αἴνιγμα

1096 2007 1166 2035 εἴναι
1181 2008 1246 2044 δοκῇ
1262 2008 1293 2035 τὸ
1308 2008 1453 2043 λεγόμενον
1467 2010 1521 2039 τοῖς
1542 2008 1648 2038 πολλοῖς
1666 2007 1713 2033 καὶ
1732 2006 1885 2041 φιλοσοφεῖν

1096 2051 1145 2078 οὒκ
1167 2050 1299 2078 ἐθέλουσι.
1327 2049 1409 2077 Ταῦτ’
1421 2048 1468 2077 οὖν
1484 2050 1594 2082 εἰδότες,
1614 2050 1651 2085 μὴ
1665 2050 1729 2080 τοὺς
1743 2048 1887 2084 ἀδικουμὲο

1097 2101 1158 2124 νους
1190 2092 1257 2128 μηδὲ
1273 2093 1336 2125 τοὺς
1363 2090 1614 2128 ἐπηρεαζομένους,
1632 2091 1701 2118 ἀλλὰ
1724 2090 1788 2122 τοὺς
1802 2090 1887 2118 ταῦτα

1098 2134 1241 2166 ποιοῦντας
1259 2132 1445 2169 ταλανίζωμεν
1466 2133 1513 2160 καὶ
1536 2133 1708 2168 δακρύωμεν.
1730 2129 1809 2159 Οὗτοι
1833 2131 1888 2168 γάρ

1098 2177 1166 2203 είσιν
1179 2177 1202 2203 οί
1218 2176 1336 2211 μάλιστα
1344 2175 1511 2211 ἠδικημένοι,
1520 2175 1544 2202 οἱ
1556 2175 1601 2202 τὸν
1615 2175 1681 2202 Θεὸν
1689 2175 1795 2206 ἑαυτοῖς
1808 2175 1890 2201 ἐκπο-

1098 2218 1254 2253 λεμοῦντες,
1262 2218 1309 2245 καὶ
1316 2218 1419 2254 μυρίων
1427 2218 1587 2253 κατηγόρων
1596 2217 1749 2251 ἀνοίγοντες
1757 2217 1888 2252 στόματα,

1099 2260 1147 2287 καὶ
1153 2260 1277 2295 πονηρὰν
1285 2259 1419 2294 κτώμενοι
1428 2259 1499 2286 κατά
1511 2259 1557 2285 τὸν
1565 2259 1686 2294 παρόντα
1697 2258 1754 2293 βίον
1762 2257 1888 2293 ὑποψίαν,

1100 2302 1147 2329 καὶ
1169 2302 1290 2337 μεγάλην
1310 2301 1355 2327 τὸν
1369 2300 1440 2327 κατὰ
1456 2301 1500 2328 τὸν
1520 2300 1652 2336 μέλλοντα
1674 2301 1759 2327 αἰῶνα
1769 2298 1890 2327 ἐπισπώ-

1101 2351 1177 2378 μενοι
1192 2342 1303 2368 κόλασιν
1313 2350 1319 2358 ·
1332 2342 1370 2373 ὼς
1384 2342 1411 2368 οἵ
1425 2351 1456 2376 γε
1471 2341 1643 2376 ἀδικούμενοι
1666 2341 1714 2368 καὶ
1738 2341 1827 2367 πάντα
1841 2340 1890 2375 φέ-

1101 2392 1193 2420 ροντες
1199 2383 1390 2418 γενναίως,τόν
1398 2392 1428 2410 τε
1443 2383 1508 2410 Θεὸν
1518 2383 1624 2418 ἔχουσιν
1636 2382 1723 2415 ἵλεων,
1733 2382 1780 2409 καλ⁵
1787 2383 1891 2415 πάντας

1102 2425 1302 2459 συναλγοῦντας
1315 2425 1416 2457 αὐτοῖς,
1429 2425 1475 2452 καί
1494 2423 1683 2456 ἐπαινοῦντας,
1694 2424 1742 2451 καὶ
1760 2424 1891 2459 ἀποδεχο-

1104 2467 1210 2503 μένους.
1218 2467 1249 2493 Οί
1259 2466 1374 2493 τοιοῦτοι
1388 2466 1435 2493 καὶ
1444 2466 1515 2493 κατὰ
1526 2466 1572 2493 τὸν
1581 2465 1703 2501 παρόντα
1720 2465 1776 2500 βίον
1792 2465 1891 2500 πολλῆς

1102 2509 1300 2537 ἀπολαύσονται
1325 2508 1373 2543 τῆς
1399 2507 1553 2543 εὐφημίας,
1581 2507 1739 2542 φιλοσοφίας
1765 2507 1892 2543 μέγιστον

1102 2553 1283 2589 παρεχόμενοι
1302 2552 1412 2586 δεῖγμα,
1434 2552 1481 2579 καὶ¹
1505 2552 1576 2579 κατά
1591 2552 1640 2587 τὴν
1657 2551 1806 2587 μέλλουσαν
1821 2551 1892 2586 ζωὴν

1102 2596 1156 2622 τῶν
1171 2594 1287 2621 αἰωνίων
1305 2593 1461 2629 μεθέξουσιν
1477 2593 1586 2627 ἀγαθῶν
1596 2601 1603 2608 ·
1619 2590 1656 2619 ὧν
1668 2594 1773 2627 γένοιτο
1790 2593 1892 2623 πάντας

1104 2638 1177 2672 ἡμᾶς
1191 2637 1338 2671 ἐπιτυχεῖν,
1354 2636 1444 2671 χάριτι
1458 2635 1505 2661 καὶ
1521 2634 1710 2671 φιλανθρωπίᾳ
1723 2634 1770 2661 τοῦ
1791 2633 1892 2669 Κυρίου

1104 2679 1182 2715 ήμῶν
1199 2679 1286 2714 Ἰησοῦ
1306 2678 1434 2714 Χριστοῦ,
1448 2678 1508 2713 μεθ’
1518 2674 1548 2704 οῦ
1559 2677 1598 2714 τῷ
1613 2678 1700 2713 Πατρὶ
1713 2679 1730 2713 ἡ
1741 2677 1813 2710 δόξα,
1835 2676 1892 2711 ἅμα

1104 2722 1143 2756 τῷ
1158 2721 1227 2757 ἁγίῳ
1241 2720 1390 2755 Πνεύματι,
1404 2720 1452 2747 νῦν
1468 2721 1516 2747 καὶ
1528 2720 1582 2753 ἀεὶ,
1598 2720 1644 2747 καὶ
1659 2721 1698 2751 εἱς
1714 2720 1776 2751 τοῦς
1793 2718 1893 2751 αίῶνας

1105 2763 1158 2790 τῶν
1175 2763 1289 2790 αἰώνων.
1303 2762 1397 2797 Ἀμήν.

1141 2877 1151 2898 ί
1171 2876 1255 2902 Morel.
1278 2878 1291 2900 ό
1314 2877 1381 2904 Θεὸς,
1405 2876 1483 2907 φησὶν,
1505 2874 1715 2907 ἀποστέλλειηκαὶ
1737 2874 1756 2907 ό.
1772 2871 1892 2907 Σολομῶν,

1107 2908 1206 2936 Πνεῦμα
1216 2909 1282 2936 ἅγιον
1294 2902 1413 2934 παιδείάςί
1431 2902 1455 2926 ’⁸
1468 2904 1541 2931 Savil.
1554 2905 1598 2935 γὰρ
1607 2905 1646 2928 καὶ
1658 2904 1718 2935 ῥίζα.
1750 2903 1764 2923 Ιι
1775 2902 1824 2930 Alli
1835 2902 1892 2934 ἔχει.

1112 2939 1142 2964 ⁸ο
1156 2938 1199 2971 γὰρ
1213 2938 1327 2969 ἐνάρετος.
