3984 6196
322 271 417 328 237
1318 263 1388 320 lN
1421 262 1730 321 JOANNEM
1769 260 1897 318 11011

2038 261 2172 317 XLI.
2213 266 2281 318 al.
2323 264 2434 320 ΧΙ..

317 380 469 437 mihi.
502 376 638 435 Vide
685 375 957 449 quomodo
1005 376 1126 431 illos
1172 375 1404 447 undique
1451 376 1598 431 omni
1649 374 1903 430 interclu-

313 472 406 527 dat
464 469 796 525 defensione.
854 469 991 523 Dum
1047 482 1134 523 me
1194 466 1645 539 persequercmini
1674 508 1690 532 ,
1741 466 1907 520 Deum

310 578 412 617 vos
450 561 677 631 diligere
714 559 976 616 dicebatis
1017 577 1032 613 :
1063 558 1274 614 ostendi
1313 574 1407 613 vos
1458 560 1559 613 hoc
1607 559 1748 613 illius
1785 556 1907 611 odio

310 654 515 711 facere.
546 653 629 709 Ile
656 653 922 709 accusatis
950 651 1090 721 quod
1119 650 1396 706 sabbatum
1425 651 1627 706 solvam
1657 658 1711 704 ct
1734 650 1904 718 legem

314 748 680 815 transgrediar
705 763 721 799 :
751 745 819 801 de
844 744 945 799 hac
970 746 1309 799 accusatione
1349 758 1434 798 me
1474 742 1709 811 purgati.
1743 740 1903 794 Affir-

311 839 477 894 matis
504 853 603 893 vos
645 836 807 892 fidem
850 851 975 906 erga
1019 834 1237 905 Moysen
1280 833 1516 903 proﬁteri
1558 848 1656 902 per
1695 846 1758 887 ea
1785 846 1905 900 quae

311 939 503 989 contra
545 944 635 983 me
678 926 890 983 audetis
929 944 942 980 :
983 925 1208 981 ostendo
1235 939 1335 994 ego
1374 923 1500 979 illud
1532 922 1761 977 maxime
1786 937 1905 976 esse

311 1037 423 1077 non
455 1021 677 1077 credere
704 1017 896 1090 Moysi.
927 1017 1153 1072 Tantum
1181 1016 1326 1071 enim
1356 1014 1506 1069 abest
1533 1024 1591 1068 ut
1616 1015 1717 1085 legi
1745 1029 1904 1082 repu-

310 1128 473 1181 gnem
493 1152 510 1178 ,
543 1121 602 1166 ut
628 1113 676 1166 is
702 1111 792 1180 qui
822 1124 919 1165 vos
943 1116 1288 1165 accusaturus
1316 1116 1399 1162 est
1421 1107 1598 1162 nullus
1636 1108 1769 1161 alius
1799 1107 1899 1171 sit,

312 1218 476 1273 quam
500 1203 548 1257 is
575 1202 666 1274 qui
698 1205 868 1273 legem
901 1200 1052 1254 vobis
1076 1199 1242 1254 dedit.
1270 1199 1340 1254 Ut
1381 1199 1539 1269 igitur
1567 1198 1634 1252 de
1661 1197 1901 1266 Scriptu—

311 1295 391 1350 ris
416 1294 631 1349 dicebat
649 1336 665 1361 ,
695 1293 763 1348 In
797 1293 979 1363 quibus
1007 1292 1197 1362 putatis
1230 1292 1387 1345 vitam
1419 1300 1655 1344 aeternam
1682 1289 1902 1355 habere;

314 1383 389 1443 ita
414 1384 487 1440 de
511 1384 697 1455 Moyse
722 1384 798 1439 ait
842 1401 857 1439 :
901 1382 968 1437 In
1009 1400 1105 1453 quo
1141 1398 1227 1436 vos
1262 1382 1534 1451 sperastis,
1568 1395 1637 1436 ex
1673 1381 1783 1436 suis
1810 1396 1903 1436 eos

313 1475 655 1531 sermonibus
693 1475 911 1543 capiens
950 1474 1162 1544 ubique.
1198 1474 1263 1528 Et
1300 1473 1441 1527 unde
1470 1472 1738 1527 discemus
1762 1512 1776 1536 ,
1817 1472 1902 1526 in-

311 1569 499 1637 quieut
527 1568 722 1635 Judaei,
753 1569 972 1639 Moysen
997 1578 1364 1623 accusaturum
1388 1581 1528 1633 esse,
1553 1582 1616 1622 ac
1640 1575 1692 1623 te
1718 1581 1822 1621 non
1849 1567 1900 1620 id

312 1673 453 1713 vane
474 1658 756 1728 iactitare?
784 1659 908 1729 quid
933 1658 1075 1713 enim
1109 1657 1200 1712 tibi
1229 1673 1348 1712 cum
1378 1658 1560 1729 Moyse
1585 1657 1902 1713 commune?

308 1750 602 1807 Sahbatum
631 1752 872 1818 solvisti,
916 1751 1054 1822 quod
1076 1751 1235 1821 jussit
1262 1751 1353 1806 ille
1381 1750 1699 1805 servandum
1728 1768 1742 1804 :
1768 1765 1902 1821 quo-

312 1845 475 1900 modo
501 1860 632 1916 ergo
659 1845 752 1899 ille
782 1859 882 1899 nos
914 1844 1282 1899 accusaverit?
1310 1843 1378 1898 Et
1410 1843 1679 1914 quomodo
1707 1842 1898 1913 proba-

310 1935 475 2000 bitur,
503 1936 736 2005 inquies,
765 1950 866 1990 nos
891 1935 943 1989 in
971 1935 1132 1989 alium
1165 1936 1254 2005 qui
1283 1934 1335 1989 in
1361 1949 1460 1989 suo
1485 1933 1699 1989 nomine
1722 1935 1902 1989 veniat

311 2042 434 2083 esse
462 2027 800 2082 credituros?
832 2026 957 2081 llaec
981 2027 1175 2097 quippe
1207 2027 1383 2080 omnia
1409 2025 1557 2081 nullo
1582 2034 1716 2081 teste
1744 2025 1896 2081 dicis.

312 2119 475 2188 Atqui
506 2118 621 2173 hau:
651 2118 831 2173 omnia
860 2132 928 2173 ex
956 2117 1319 2187 superioribus
1338 2117 1646 2187 probantur.
1675 2116 1899 2184 Quando

308 2208 459 2264 enim
485 2224 551 2263 ex
586 2208 873 2278 operibus,
904 2222 969 2262 ex
1008 2206 1228 2262 Joannis
1256 2222 1408 2275 voce,
1439 2222 1504 2263 ex
1533 2207 1705 2263 Patris
1747 2207 1898 2263 testi-

315 2300 505 2353 monio
529 2300 586 2352 in
612 2299 854 2353 confesso
881 2296 1042 2353 fuerit
1079 2313 1165 2352 me
1209 2313 1242 2352 a
1282 2299 1393 2352 Deo
1429 2298 1642 2353 venisse
1665 2340 1680 2366 ,
1726 2298 1897 2367 palam

316 2397 474 2443 certe
512 2395 593 2441 est
618 2387 826 2458 Moysen
853 2389 999 2458 ipsos
1021 2398 1398 2443 accusaturum
1425 2402 1564 2444 esse.
1591 2387 1728 2455 Quid
1754 2389 1896 2444 enim

314 2478 411 2533 ille
437 2477 609 2533 dixit!
636 2494 804 2533 annon
822 2522 838 2546 ,
896 2479 1040 2550 quod
1071 2480 1115 2534 si
1143 2481 1263 2550 quis
1292 2480 1441 2550 signa
1466 2480 1669 2537 faciens
1695 2482 1897 2537 venerit

308 2570 495 2641 (Deut.
516 2570 692 2635 13.”,
711 2571 801 2641 qui
826 2571 895 2625 ad
923 2572 1089 2627 Deum
1104 2572 1282 2636 ducat,
1311 2572 1591 2643 futuraque
1626 2588 1749 2629 vere
1776 2589 1899 2643 pro-

310 2663 556 2727 nuntiet,
602 2661 703 2731 ipsi
732 2660 956 2718 credere
983 2663 1258 2729 0porteat?
1298 2663 1487 2717 Annon
1510 2663 1754 2719 Christus
1783 2665 1898 2721 haec

308 2753 484 2806 omnia
515 2752 677 2807 fecit?
704 2752 868 2823 Signa
894 2767 1012 2808 cum
1040 2753 1186 2806 omni
1227 2753 1448 2808 veritate
1473 2754 1673 2819 edidit,
1708 2769 1897 2811 omnes

311 2844 547 2898 traxitad
569 2844 757 2909 Deum,
775 2845 1145 2913 praedictiones
1160 2858 1223 2899 ex
1241 2860 1418 2900 rerum
1436 2854 1629 2901 eventu
1645 2847 1892 2902 asseruit.

309 2939 377 2991 At
408 2937 550 2991 unde
580 2936 839 3005 probatur
869 2937 1013 3005 ipsos
1040 2936 1191 2991 alteri
1217 2938 1514 2993 credituros
1542 2940 1695 2994 esse?
1728 2942 1804 2994 Ex
1830 2956 1896 2995 co

306 3029 449 3096 quod
470 3027 745 3082 Christum
769 3027 1000 3083 oderint.
1032 3028 1163 3082 Nam
1193 3030 1280 3099 qui
1310 3045 1453 3096 eum,
1481 3033 1570 3102 qui
1595 3048 1661 3086 ex
1688 3032 1779 3087 Dei
1805 3048 1897 3088 vo-

306 3118 512 3172 luntate
542 3118 723 3181 venit,
755 3126 1089 3184 aversantur,
1120 3120 1230 3175 Deo
1258 3119 1618 3175 adversarium
1653 3122 1768 3178 sine
1792 3123 1895 3178 du-

305 3208 399 3263 bio
427 3209 709 3277 recipient.
747 3207 899 3274 Quod
938 3210 985 3265 si
1026 3209 1242 3281 Moysen
1286 3227 1426 3265 nunc
1463 3212 1728 3282 proferat,
1774 3214 1898 3271 licet

302 3299 543 3363 dixerit,
586 3297 701 3369 Ego
726 3299 789 3353 ab
813 3300 1016 3355 nomine
1041 3301 1379 3358 testimonth
1412 3319 1512 3356 non
1541 3305 1733 3375 accipio
1773 3321 1792 3359 :
1830 3321 1897 3361 uo

304 3389 525 3444 mireris
556 3406 570 3441 :
603 3404 708 3444 non
737 3390 877 3445 enim
903 3390 970 3445 ad
996 3390 1249 3461 Moysen,
1276 3391 1371 3448 sed
1396 3392 1461 3448 ad
1489 3392 1719 3449 divinam
1752 3396 1897 3451 Scri-

302 3490 522 3550 pturam
552 3479 669 3535 illus
694 3481 933 3539 remittit.
959 3481 1153 3539 Verum
1180 3483 1302 3553 quia
1326 3484 1612 3555 Scriptura:
1635 3488 1893 3543 minorem

302 3571 420 3625 illis
445 3585 701 3626 terrorem
726 3570 1048 3636 offerebant,
1091 3573 1448 3643 legislaturem
1478 3576 1645 3644 ipsum
1675 3592 1894 3632 accusa-

306 3671 487 3715 torem
513 3662 769 3717 inducens
784 3704 798 3729 ,
828 3666 1085 3733 majorem
1108 3666 1210 3720 illis
1229 3674 1427 3721 metum
1452 3668 1691 3733 incussit,
1715 3678 1765 3724 et
1789 3670 1897 3724 sin-

302 3752 437 3821 gula
457 3768 643 3811 eorum
664 3753 800 3808 dicta
822 3753 1077 3811 confutat.
1102 3755 1199 3811 llic
1214 3767 1392 3813 autem
1417 3760 1651 3817 animum
1678 3759 1891 3815 adhibe.

306 3844 577 3903 Dicebant
610 3859 672 3901 se
712 3862 776 3900 ex
824 3847 913 3902 Dei
945 3862 1129 3907 amore
1170 3848 1317 3907 illum
1359 3853 1633 3919 persequi;
1667 3853 1898 3909 ostendit

304 3936 406 3991 ille
432 3935 580 4003 ipsos
606 3951 672 3993 ex
708 3936 801 3993 Dei
827 3937 952 3995 odio
996 3938 1049 3994 id
1089 3938 1285 3995 facere.
1331 3941 1584 3999 Dicebant
1629 3958 1688 3998 se
1729 3944 1897 4015 Moysi

302 4025 522 4081 laesere
549 4066 565 4089 ,
598 4026 687 4081 ille
710 4027 897 4097 probat
924 4029 1068 4098 ipsos
1095 4029 1147 4085 id
1172 4045 1360 4100 agere,
1402 4032 1543 4102 quod
1585 4032 1750 4103 Moysi
1789 4049 1894 4091 non

298 4116 617 4173 crederent.
662 4118 794 4175 Nam
833 4120 879 4177 si
920 4120 1052 4193 legis
1088 4121 1261 4179 studio
1304 4123 1635 4191 tenebantur,
1664 4126 1900 4194 oportuit

302 4208 463 4263 illum
495 4209 735 4278 recipere
761 4210 852 4279 qui
884 4211 1050 4282 legem
1090 4213 1344 4283 implebat
1388 4234 1400 4268 :
1443 4216 1486 4273 si
1515 4215 1681 4275 Deum
1708 4216 1896 4288 dilige-

302 4299 442 4353 bant
460 4339 477 4364 ,
511 4299 586 4352 illi
609 4300 829 4356 credere
853 4317 949 4372 par
966 4313 1107 4369 erat,
1135 4305 1224 4374 qui
1253 4305 1320 4359 ad
1346 4306 1510 4361 Deum
1542 4307 1782 4363 trahebat
1811 4296 1835 4364 τ’
1851 4310 1897 4366 si

302 4391 482 4462 onsi
510 4392 835 4458 credebant,
865 4397 1098 4465 oportuit
1128 4396 1277 4453 illum
1315 4397 1541 4454 adorare
1584 4415 1742 4470 quem
1786 4402 1898 4472 ipse

300 4483 707 4551 prznuntiavit.
735 4484 888 4550 Quod
908 4486 953 4547 si
979 4486 1055 4545 illi
1089 4487 1395 4558 priusquam
1425 4489 1554 4549 mihi
1580 4490 1712 4551 fides
1738 4507 1899 4564 nega-

298 4584 421 4640 tur,
452 4573 583 4629 nihil
613 4576 808 4631 mirum
838 4578 882 4639 si
908 4592 1009 4648 ego
1033 4578 1101 4632 ab
1128 4578 1223 4635 illo
1251 4581 1634 4649 prtenuntiatns
1672 4599 1702 4641 a
1745 4584 1897 4644 vobis

298 4667 579 4737 expellor.
614 4668 764 4727 Sicut
789 4685 918 4739 ergo
945 4670 1082 4737 illos,
1123 4672 1211 4740 qui
1244 4672 1505 4732 Joannem
1548 4676 1895 4743 mirabantur,

300 4757 545 4813 ostendit
566 4760 736 4828 ipsum
756 4760 1015 4821 Joannem
1035 4762 1309 4833 decpicere
1325 4764 1393 4825 ab
1409 4764 1473 4819 iis
1492 4782 1609 4836 qua:
1629 4775 1811 4823 contra
1838 4784 1899 4827 se

298 4860 689 4918 perpetratum
718 4870 734 4907 :
760 4851 838 4907 sic
861 4852 1078 4915 eosdem
1097 4893 1114 4918 ,
1138 4868 1259 4913 cum
1281 4870 1343 4909 se
1365 4854 1532 4927 Moysi
1558 4858 1779 4915 credere
1803 4873 1899 4929 pu-

300 4939 555 5010 tennipsi
570 4957 675 4997 non
690 4943 910 5001 credere
928 4946 1298 5017 probat,atque
1313 4948 1489 5005 omnia
1505 4965 1622 5020 quae
1635 4966 1733 5021 pro
1747 4966 1806 5009 se
1822 4952 1896 5008 illi

294 5034 623 5101 sinebam,
651 5037 702 5093 in
721 5047 880 5108 caput
900 5040 1136 5108 ipsorum
1161 5050 1454 5111 retorquet.
1478 5042 1702 5101 Tantum
1724 5045 1893 5113 abest,

296 5127 513 5195 inquit,
545 5136 603 5181 ut
628 5142 725 5182 vos
749 5143 780 5183 a
810 5130 926 5200 lege
944 5130 1232 5197 retraham.
1256 5142 1314 5187 ut
1340 5133 1511 5203 ipsum
1539 5135 1892 5205 legislatorem

292 5227 495 5271 contra
520 5233 617 5277 vos
644 5227 835 5279 testem
876 5220 1153 5282 advocent.
1190 5224 1341 5292 Quod
1372 5240 1500 5295 ergo
1528 5226 1813 5299 Scriptura:
1843 5229 1895 5284 id

298 5308 669 5365 ιωιίῧεεωυτ
689 5310 851 5376 dicit;
894 5313 983 5371 ubi
1017 5327 1194 5373 autem
1223 5315 1572 5375 testiﬁcantur
1598 5333 1704 5377 non
1745 5318 1893 5389 adje-

292 5402 411 5457 dt:
440 5401 704 5471 majorem
740 5404 844 5463 illis
883 5406 1124 5463 timorem
1165 5408 1404 5481 incutere
1443 5410 1626 5468 volens
1652 5420 1709 5465 ut
1750 5412 1893 5481 ipsos

304 5494 380 5548 ad
399 5492 789 5562 explorandum
815 5504 872 5551 et
909 5497 1344 5568 interpogandum
1379 5502 1657 5561 excitaret.
1688 5501 1819 5563 Nam
1847 5504 1892 5560 si

292 5593 413 5636 non
443 5593 663 5652 rogatus
690 5584 948 5653 dixisset,
998 5592 1356 5650 testimonium
1400 5594 1473 5650 illi
1516 5596 1829 5664 rejecissent
1874 5615 1886 5649 :

288 5673 407 5745 fam
435 5689 571 5732 vero
592 5677 638 5733 Si
661 5676 821 5733 dictis
845 5681 1193 5739 attendissent
1213 5726 1226 5742 .
1254 5696 1375 5743 ante
1405 5688 1578 5741 omnia
1608 5687 1886 5757 oportebat

619 5775 888 5835 Prrnoc.
934 5773 1053 5834 Gn.
1102 5777 1255 5838 LIX.

3492 273 3596 331 238

2015 375 2195 429 abillo
2229 393 2469 445 qumrcre
2496 389 2549 432 et
2577 380 2835 436 ediscere.
2880 383 3005 439 [deo
3043 387 3182 440 enim
3229 404 3332 442 non
3374 390 3596 449 demon—

2014 467 2301 521 strationes
2331 477 2532 523 tantum
2553 511 2566 535 ,
2601 471 2691 525 sed
2715 473 2874 527 etiam
2898 477 3190 532 sententias
3214 486 3269 533 et
3296 481 3467 536 minas
3490 482 3598 539 fre-

2013 566 2250 625 quentat.
2276 568 2332 613 ut
2352 560 2430 614 sic
2452 575 2548 617 cos
2567 562 2648 617 vel
2674 573 2815 618 metu
2843 565 3078 621 reducat.
3108 567 3183 622 illi
3213 577 3387 625 tamen
3409 573 3588 629 silent.

2013 648 2155 704 Talis
2183 651 2325 705 enim
2358 667 2445 707 res
2471 661 2554 707 est
2580 655 2807 722 malitia;
2839 658 3092 729 quidquid
3117 661 3324 718 dicatur
3347 665 3435 720 vel
3461 666 3548 722 fiat
3570 708 3590 738 ,

2012 755 2116 795 non
2143 743 2376 811 exsurgit
2394 785 2408 806 ,
2436 744 2529 800 sed
2562 747 2830 815 proprium
2860 750 3003 804 virus
3027 762 3221 807 servat.

2082 831 2135 885 5.
2166 832 2329 887 Dolus
2358 844 2403 887 et
2429 836 2650 905 nequitia
2678 838 2937 908 fugienda.
2978 839 3223 897 Virtutem
3248 862 3363 899 uera
3391 848 3594 917 sapien-

2012 923 2083 975 tia
2104 963 2118 987 ,
2152 925 2421 993 nequitiam
2450 927 2669 982 amentia
2706 932 2994 984 comitatur.
3032 932 3307 1004 Inferentis
3349 938 3590 1008 injuriam

2014 1016 2155 1085 pejor
2185 1018 2405 1072 conditio
2448 1037 2599 1090 quam
2644 1024 3330 1098 patientis—Quapropter
3374 1047 3469 1102 par
3509 1043 3592 1088 est

2010 1110 2154 1162 omni
2184 1110 2401 1179 expulsa
2431 1112 2593 1166 animi
2625 1116 2855 1185 nequitia
2877 1158 2890 1180 ,
2916 1117 3114 1172 nullum
3140 1128 3357 1176 nectere
3384 1122 3588 1179 dolum.

2010 1202 2093 1255 Ad
2119 1219 2299 1274 pravos
2323 1205 2494 1271 enim,
2520 1205 2719 1276 inquit,
2745 1223 2925 1277 pravas
2946 1209 3050 1262 vias
3072 1211 3220 1265 mittit
3245 1211 3379 1267 Deus
3406 1213 3583 1283 (Prov.

2009 1295 2098 1350 2L
2129 1295 2234 1363 8);
2265 1305 2351 1364 et,
2383 1297 2609 1367 Spiritus
2631 1310 2834 1355 sanctus
2869 1300 3150 1371 disciplina:
3186 1302 3389 1374 effugiet
3415 1307 3588 1362 dolum

2008 1396 2056 1441 et
2083 1389 2275 1459 auferet
2301 1406 2355 1443 se
2380 1407 2412 1443 a
2438 1391 2850 1462 cogitationibus,
2893 1409 3005 1460 qua:
3038 1404 3154 1448 sunt
3192 1394 3301 1449 sine
3336 1397 3589 1451 intellectu

2008 1481 2166 1552 (Sap.
2198 1483 2249 1537 l.
2279 1481 2358 1554 5).
2387 1483 2527 1538 Nihil
2555 1486 2697 1540 enim
2723 1487 2792 1540 ita
2819 1486 3009 1542 stultos
3034 1488 3226 1554 reddit,
3253 1499 3308 1543 ut
3330 1490 3584 1560 nequitia.

2009 1572 2275 1629 Subdolus
2304 1575 2444 1629 enim
2465 1617 2479 1641 ,
2513 1576 2804 1646 improbus,
2834 1578 3070 1648 ingratus
3102 1579 3122 1651 (
3139 1579 3220 1634 ha:
3241 1581 3436 1651 quippe
3463 1593 3589 1637 sunt

2009 1667 2257 1736 nequitia:
2282 1668 2538 1737 genera),
2580 1669 2625 1722 si
2673 1669 2802 1723 nihil
2834 1670 2992 1726 laesus
3017 1670 3337 1737 offendatur,
3364 1674 3409 1728 si
3436 1674 3587 1729 dolus

2008 1767 2206 1825 nectat,
2231 1772 2407 1813 annon
2429 1773 2651 1814 summae
2671 1758 2954 1815 dementia:
2975 1760 3168 1816 indicia
3189 1762 3461 1832 proferat?
3488 1765 3584 1820 Ni-

2008 1850 2080 1905 hil
2094 1852 2161 1905 ita
2182 1851 2466 1921 prudentes
2482 1851 2676 1921 reddit,
2694 1853 2945 1908 ntvirtus.
2962 1853 3172 1908 Etenim
3195 1865 3373 1924 gratos
3389 1857 3583 1918 reddit.

2006 1945 2223 2016 probos,
2263 1946 2540 2016 benignos,
2572 1946 2749 2011 mites,
2778 1954 3104 2014 mansuetos,
3137 1946 3407 2002 modestos
3434 1965 3448 2001 :
3477 1965 3584 2003 εει·-

2004 2050 2119 2095 tera
2149 2040 2325 2094 omnia
2355 2040 2494 2095 bona
2525 2040 2638 2094 haec
2677 2054 2866 2109 parere
2901 2039 3056 2095 solet.
3104 2038 3239 2106 Quid
3286 2040 3387 2095 hoc
3427 2041 3586 2095 modo

2005 2130 2208 2187 allectis
2235 2130 2582 2201 prudentius?
2609 2129 2751 2184 Fons
2779 2132 2919 2185 cnim
2949 2145 3076 2185 vere
3100 2141 3149 2185 et
3177 2130 3327 2185 radix
3356 2130 3586 2201 pruden-

2008 2224 2093 2281 tia:
2120 2226 2286 2281 virtus
2313 2233 2424 2291 cst,
2469 2225 2665 2279 malitia
2691 2239 2820 2279 vero
2845 2240 2909 2280 ex
2938 2226 3167 2280 amentia
3198 2236 3370 2280 ortum
3404 2227 3578 2282 habet.

2004 2318 2277 2388 Arrogans
2300 2317 2442 2372 enim
2466 2325 2521 2371 et
2550 2315 2835 2371 iracundus
2865 2314 3147 2372 deﬁciente
3183 2316 3459 2386 prudentia
3500 2318 3584 2373 his

2002 2410 2204 2465 morbis
2224 2409 2448 2479 capitur.
2476 2407 2600 2464 Ideo
2626 2407 2883 2478 propheta
2906 2407 3120 2465 dicebat
3150 2427 3165 2462 :
3198 2408 3319 2464 Non
3346 2420 3419 2464 est
3442 2412 3582 2465 sani.

2003 2509 2079 2556 tas
2104 2502 2157 2555 in
2184 2517 2337 2555 carne
2358 2516 2487 2555 mea.
2517 2498 2830 2554 Putruerunt
2848 2509 2894 2554 et
2915 2510 3166 2564 corrupr
3188 2511 3304 2556 sunt
3328 2502 3583 2558 cicatrices

2002 2607 2126 2647 metu
2152 2608 2185 2645 α
2213 2592 2342 2663 facie
2368 2592 2669 2662 insipientia:
2693 2607 2816 2646 mea
2847 2589 2868 2662 (
2884 2590 3028 2647 Psat.
3054 2591 3143 2647 37.
3172 2593 3227 2648 ι.
3262 2592 3370 2665 6);
3398 2604 3581 2650 osten-

2001 2686 2136 2743 dens
2160 2694 2432 2757 peccatum
2464 2684 2687 2756 quodvis
2719 2700 2785 2740 ex
2810 2685 3111 2755 insipientia
3136 2694 3310 2741 ortum
3334 2686 3531 2744 habere
3564 2706 3579 2742 :

2001 2788 2188 2833 contra
2225 2792 2355 2832 vero
2396 2777 2592 2831 virtute
2633 2775 2912 2847 prmditum
2952 2791 3016 2832 ac
3056 2778 3331 2833 timentem
3376 2779 3580 2845 Deum,

2001 2871 2237 2925 omnium
2265 2884 2385 2926 esse
2412 2870 2879 2939 sapientissimum.
2905 2870 3107 2927 Idcirco
3132 2871 3344 2942 sapiens
3369 2874 3582 2944 quidam

2001 2963 2161 3028 dicit,
2191 2961 2406 3016 Initium
2432 2963 2721 3030 sapientia,
2750 2964 2901 3016 timor
2924 2962 3132 3018 Domini
3159 2963 3353 3036 (Prov.
3399 2967 3448 3021 1.
3481 2969 3513 3021 7
3536 2966 3578 3038 ).

2000 3052 2054 3108 Si
2082 3067 2208 3122 ergo
2247 3052 2435 3107 timere
2464 3052 2633 3106 Deum
2672 3062 2755 3107 est
2792 3054 3105 3122 sapientiam
3135 3054 3370 3121 habere;
3413 3058 3583 3113 malus

2001 3160 2106 3199 non
2139 3145 2207 3198 ita
2237 3143 2456 3198 affectus
2475 3186 2490 3211 ,
2517 3160 2643 3199 vere
2667 3146 2924 3214 sapientia
2954 3147 3191 3216 privatur
3214 3166 3227 3202 :
3249 3164 3372 3203 vera
3404 3161 3582 3205 autem

2002 3236 2238 3305 privatus
2263 3234 2540 3304 sapientia,
2566 3233 2801 3288 omnium
2822 3245 2904 3289 est
2925 3236 3404 3306 insipientissimus.
3428 3241 3580 3309 Atqui

2002 3328 2209 3397 plurimi
2241 3326 2512 3397 improbos
2538 3326 2887 3394 admirantur,
2920 3338 2978 3383 ut
3017 3328 3105 3400 qui
3147 3330 3351 3399 possint
3387 3331 3584 3387 lanlere

2001 3435 2064 3475 ac
2093 3434 2319 3484 nocere;
2365 3433 2469 3472 non
2500 3418 2855 3488 intelligentes
2894 3420 3038 3489 ipsos
3070 3422 3304 3475 omnium
3350 3422 3585 3478 miserri-

2001 3527 2117 3566 mos
2155 3510 2452 3566 censendos
2495 3525 2616 3565 esse
2640 3552 2655 3575 ,
2699 3511 2839 3581 quod
2870 3511 2996 3565 dum
3036 3522 3259 3567 creteros
3293 3528 3352 3568 se
3390 3514 3585 3570 laedere

2002 3612 2222 3673 putant,
2256 3604 2306 3657 in
2338 3603 2543 3672 seipsos
2571 3602 2801 3673 gladium
2841 3612 3051 3658 vertant
3092 3621 3105 3657 :
3153 3603 3295 3673 quod
3332 3614 3586 3661 extremm

2001 3698 2282 3753 dementiae
2308 3705 2408 3753 est.
2437 3696 2567 3751 Nam
2596 3696 2747 3752 inscii
2774 3697 2980 3766 seipsos
3008 3696 3334 3763 confodiunt,
3367 3708 3423 3753 et
3457 3698 3585 3755 dum

2001 3792 2152 3845 alteri
2177 3806 2236 3845 se
2265 3804 2458 3845 nocere
2488 3797 2704 3858 putant,
2733 3789 2939 3858 seipsos
2957 3789 3217 3860 iugulant.
3246 3791 3370 3845 Ideo
3390 3791 3586 3846 Paulus

2001 3897 2197 3952 gnarus
2224 3896 2340 3943 nos.
2372 3896 2491 3935 cum
2519 3890 2743 3936 caeteros
2767 3890 3042 3951 percutere
3065 3884 3326 3948 volumus,
3347 3893 3585 3938 nosmet-

2003 3976 2148 4045 ipsos
2187 3972 2507 4040 interlicere,
2536 3971 2747 4027 dicebat
2776 3990 2789 4025 :
2830 3973 3000 4039 Quare
3028 3990 3127 4026 non
3154 3976 3320 4042 potius
3344 3975 3584 4044 injuriant

2003 4064 2271 4135 accipitis?
2294 4079 2452 4133 quare
2473 4078 2575 4117 non
2601 4062 2760 4133 magis
2799 4062 3029 4131 fraudem
3060 4064 3290 4133 patimini
3329 4064 3349 4134 (
3370 4065 3421 4119 1.
3462 4063 3581 4120 Cor.

2003 4158 2055 4212 6.
2089 4156 2196 4227 7)?
2224 4156 2473 4226 lnjuriam
2501 4155 2642 4209 enim
2673 4168 2776 4209 non
2806 4156 2999 4226 accipit
3023 4157 3111 4226 qui
3143 4172 3247 4211 non
3279 4157 3456 4223 infert,
3486 4173 3585 4213 nec

2003 4247 2144 4302 malo
2167 4246 2415 4312 aflicitur,
2448 4246 2538 4316 qui
2569 4246 2767 4300 malum
2795 4262 2903 4301 non
2933 4257 3187 4317 operatur
3216 4267 3229 4300 :
3261 4249 3503 4317 quamvis
3531 4248 3588 4303 id

2004 4341 2185 4396 multis
2211 4340 2432 4409 amigma
2461 4352 2580 4393 esse
2603 4337 2846 4393 videatur
2870 4340 2959 4409 qui
2990 4340 3350 4409 philosophari
3378 4339 3581 4394 nolunt.

2005 4432 2129 4488 Hmc
2149 4445 2267 4487 cum
2289 4431 2536 4495 sciamus,
2561 4443 2781 4484 noneos
2819 4430 2907 4500 qui
2928 4428 3210 4495 la'duntur,
3236 4431 3317 4486 vel
3341 4431 3584 4501 injuriatn

2003 4522 2289 4593 accipiunt,
2318 4520 2412 4576 sed
2438 4521 2559 4575 illos
2573 4521 2659 4591 qui
2684 4520 2929 4588 injuriam
2948 4518 3201 4587 inferunt,
3220 4522 3443 4579 miseros
3459 4536 3593 4592 pra-

2003 4613 2240 4669 dicemus
2276 4621 2332 4668 et
2370 4613 2733 4683 deploremus.
2770 4612 2831 4667 lli
2863 4612 3006 4669 enim
3038 4614 3268 4669 maxime
3298 4613 3582 4676 lsi-duntur.

2004 4706 2091 4776 qui
2108 4706 2216 4760 Deo
2237 4704 2433 4761 bellum
2452 4705 2705 4770 inferunt,
2726 4714 2779 4760 et
2802 4706 2949 4761 mille
2965 4715 3332 4761 accusatorum
3354 4719 3446 4760 ora
3466 4719 3586 4775 ape-

2005 4798 2166 4862 riunt,
2186 4799 2429 4869 malaque
2446 4798 2583 4853 fama
2605 4799 2655 4852 in
2678 4797 2778 4853 hac
2800 4799 2905 4852 vita
2928 4799 3197 4854 laborant:
3220 4807 3379 4869 atque
3399 4799 3586 4869 ingens

2004 4888 2057 4943 in
2085 4888 2262 4943 futuro
2286 4889 2387 4943 sibi
2413 4897 2600 4959 parant
2627 4887 2940 4959 supplicium
2966 4905 2981 4943 :
3005 4897 3062 4943 ut
3089 4899 3272 4944 contra
3295 4890 3330 4943 ii
3358 4889 3445 4960 qui
3472 4889 3583 4944 laesi

2004 4980 2225 5050 injurias
2252 4980 2463 5035 fortiter
2491 4981 2703 5047 ferunt,
2735 4981 2899 5036 Deum
2926 4980 3121 5036 habent
3145 4983 3454 5053 propitium,
3477 4995 3584 5035 om-

2004 5087 2203 5143 nesque
2230 5089 2289 5129 se
2314 5075 2770 5141 commiserantes,
2793 5073 3167 5143 approbantes.
3191 5074 3487 5128 laudantes.
3520 5072 3582 5126 lli

2002 5162 2056 5217 in
2087 5164 2187 5218 hac
2231 5165 2336 5218 vita
2373 5164 2657 5219 admodum
2699 5163 2939 5219 celebres
2979 5172 3167 5228 erunt,
3206 5164 3294 5235 qui
3336 5178 3583 5235 magnum
3648 5189 3665 5204 ο

2002 5254 2356 5325 philosophiae
2384 5256 2684 5327 exemplum
2716 5256 3023 5327 prtebeant,
3070 5265 3125 5311 et
3164 5256 3214 5309 in
3260 5255 3433 5311 futura
3477 5257 3582 5313 vita

2002 5348 2217 5402 aiternis
2243 5345 2490 5401 fruuntur
2516 5348 2669 5403 bonis
2702 5365 2714 5401 :
2747 5363 2867 5418 qua:
2894 5362 2991 5403 nos
3016 5362 3203 5403 omnes
3223 5349 3434 5421 assequi
3457 5364 3581 5405 ωηο

2001 5440 2184 5509 tingat,
2208 5439 2375 5508 gratia
2400 5449 2453 5494 et
2478 5439 2801 5510 benignitate
2838 5441 3047 5496 Domini
3085 5442 3253 5497 nostri
3279 5441 3406 5498 Iesu
3430 5441 3578 5498 Citri-

2000 5530 2091 5597 sti,
2110 5529 2318 5599 quicum
2345 5529 2487 5586 Patri
2512 5539 2568 5586 et
2591 5532 2746 5587 simul
2774 5531 2989 5603 Spiritui
3016 5542 3202 5588 sancto
3225 5533 3413 5605 gloria,
3442 5548 3582 5590 nunc

2003 5631 2057 5677 et
2086 5637 2317 5692 semper,
2347 5632 2402 5678 et
2432 5625 2482 5678 in
2514 5625 2711 5682 saecula
2736 5627 3072 5682 seculorum.
3105 5627 3296 5680 Amen.

3154 5773 3227 5833 15
