3984 6196
570 271 674 326 259

1277 267 1332 322 S.
1371 263 1645 322 ΜΛΝΜὸ
1681 257 2147 320 CIIRYSOSTOMI
2189 258 2501 318 ARCHIEP.
2543 263 3069 324 LONSTANTINOP.

2359 419 3805 446 Ἢ

1927 504 2274 567 HOMILIA
2321 511 2513 574 XLII.

565 671 692 726 Cas.
736 669 791 725 6.
819 685 872 722 v.
908 671 957 723 1.
1004 667 1126 722 Post
1175 667 1280 721 lucc
1325 665 1444 719 abiit
1472 661 1622 716 Iesus
1653 670 1792 714 trans
1817 674 1954 711 mare
1989 655 2138 710 Gali-

634 762 742 815 ιωω
770 763 820 814 in
854 769 1019 829 partes
1045 757 1322 812 Tiberiarlis
1342 772 1358 820 ;
1379 757 1432 809 2.
1457 765 1502 808 et
1529 754 1824 823 sequebatur
1858 765 1968 801 eum
2004 748 2137 799 mul-

624 854 792 906 titudo
815 869 997 922 magna
1016 894 1028 916 ,
1053 851 1170 921 quia
1195 849 1423 902 uidebant
1451 846 1597 917 signa
1617 859 1730 912 qua:
1759 843 1970 911 faciebat
1991 855 2140 907 super

631 946 692 997 iis
717 945 802 1013 qui
825 942 1234 1010 in/irrnabuutur.
1263 939 1315 993 5.
1348 938 1480 990 Abiit
1504 952 1621 1006 ergo
1645 936 1698 988 in
1725 943 1938 985 montem
1963 929 2134 990 Jesus,

630 1048 676 1091 et
701 1037 769 1090 ibi
791 1036 989 1090 sedebat
1017 1052 1130 1089 cum
1159 1032 1422 1101 discipulis
1441 1031 1566 1085 suis.
1595 1029 1648 1084 4.
1677 1028 1800 1082 Erat
1821 1035 1984 1080 autem
2016 1040 2134 1093 pro-

627 1133 818 1184 ximum
851 1128 1053 1182 Pascha
1077 1126 1398 1180 Juda’orum.

629 1223 680 1274 1.
725 1220 857 1275 Cum
887 1218 1143 1288 improbis
1174 1217 1451 1285 noxiisque
1478 1215 1606 1270 viris
1631 1230 1697 1269 ne
1726 1227 2019 1278 versemur,
2049 1210 2134 1264 di-

559 1312 678 1364 lecti
702 1330 714 1374 ;
742 1310 847 1364 sed
893 1309 1105 1378 quando
1137 1310 1383 1363 virtutem
1414 1315 1648 1362 nostram
1680 1319 1784 1360 non
1819 1303 2047 1366 lmdent,
2080 1301 2130 1356 id

555 1420 834 1466 curetmts,-
851 1419 916 1456 ne
933 1417 1115 1456 eorum
1139 1399 1344 1455 insidiis
1367 1414 1429 1454 ac
1453 1397 1700 1469 nequitia:
1723 1397 1896 1450 locum
1919 1394 2128 1450 demus.

557 1495 625 1547 tta
655 1495 794 1546 enim
819 1493 1240 1560 omnisimpetus
1269 1490 1546 1560 frangitur.
1579 1491 1654 1542 Ac
1683 1486 2128 1558 quemadmodum

548 1580 721 1646 jacula
755 1577 962 1647 quando
1003 1576 1054 1630 in
1082 1577 1273 1630 durum
1312 1574 1625 1644 ﬁrmumque
1652 1573 1825 1626 locum
1869 1569 2125 1635 incidunt,

554 1685 743 1737 magno
772 1669 966 1736 impetu
990 1669 1040 1722 in
1063 1683 1155 1722 eos
1179 1667 1266 1736 qui
1291 1665 1592 1736 iaculantur
1615 1664 1888 1726 resiliunt;
1915 1660 2129 1732 quando

549 1769 728 1813 autem
755 1758 1016 1813 violenter
1045 1758 1280 1812 immissa
1312 1755 1441 1811 nihil
1469 1755 1657 1810 durum
1683 1761 1738 1809 et
1766 1768 2008 1824 asperum
2039 1767 2128 1806 re-

552 1851 763 1918 periunt
787 1891 801 1914 ,
833 1852 940 1904 cito
971 1849 1222 1903 sedantur
1245 1857 1300 1904 et
1325 1847 1574 1903 desinunt
1603 1865 1617 1901 :
1652 1845 1720 1900 ita
1749 1844 1847 1900 feri
1876 1843 2128 1899 audaces-

539 1960 652 2012 que
675 1943 937 2009 homines,
967 1957 1089 1996 cum
1111 1955 1486 2011 repugnamus,
1515 1940 1682 2010 magis
1707 1945 2122 2007 exasperantur;

549 2051 666 2088 eum
705 2049 836 2090 vero
876 2034 1143 2100 cedimus,
1178 2034 1385 2088 illorum
1428 2032 1659 2087 furorem
1701 2031 1808 2087 cito
1852 2029 2123 2084 sedemus.

548 2127 748 2182 Idcirco
775 2126 1036 2194 Christus,
1069 2140 1188 2180 cum
1219 2125 1494 2180 audissent
1522 2123 1774 2178 Pharismi
1806 2123 1976 2192 ipsum
2004 2121 2123 2190 plu-

546 2234 632 2272 res
679 2234 835 2290 quam
878 2217 1136 2273 Joannem
1177 2216 1467 2287 discipulos
1509 2214 1792 2285 colligere,
1842 2213 2125 2280 pluresque

545 2311 832 2379 baptizare,
875 2310 1021 2365 venit
1071 2309 1123 2364 in
1172 2307 1467 2375 Galilmam,
1516 2316 1571 2362 ut
1617 2305 1866 2360 invidiam
1913 2303 2123 2357 illorum

541 2405 931 2474 exstingueret,
964 2411 1018 2458 et
1054 2400 1288 2457 furorem
1309 2443 1324 2468 ,
1357 2415 1514 2470 quem
1544 2401 1688 2470 ipsos
1716 2413 1783 2454 ex
1814 2411 1876 2452 ea
1907 2411 1966 2450 re
1991 2409 2122 2450 con-

539 2495 744 2562 cepisse
777 2494 1064 2550 verisimile
1091 2502 1227 2559 erat,
1257 2508 1354 2564 per
1381 2507 1651 2548 secessum
1677 2488 1903 2544 sedavit.
1951 2485 2124 2540 Caete-

539 2604 655 2642 rum
701 2588 752 2642 in
803 2588 1073 2644 Galilaeam
1115 2601 1381 2653 reversus,
1420 2600 1524 2640 non
1576 2583 1761 2637 eadem
1801 2579 1910 2634 adit
1955 2577 2113 2633 loca:

539 2694 644 2734 non
673 2680 814 2734 enim
843 2679 892 2734 in
923 2677 1066 2734 Cana
1099 2677 1276 2740 venit,
1312 2677 1404 2731 sed
1435 2686 1579 2731 trans
1607 2690 1770 2730 mare.
1803 2672 2008 2728 Idcirco
2034 2686 2125 2727 se-

539 2769 838 2841 quebanlur
879 2768 1025 2822 illum
1068 2767 1234 2823 turba:
1279 2767 1482 2831 multze,
1520 2781 1641 2820 cum
1687 2764 1926 2819 viderent
1968 2763 2117 2834 signa

538 2876 656 2929 qua:
701 2859 943 2915 faciebat.
996 2858 1124 2928 Qnrc
1175 2859 1363 2930 signa?
1410 2873 1505 2914 cur
1551 2859 1636 2912 illa
1679 2873 1783 2912 non
1837 2857 2118 2912 recenset?

538 2953 669 3020 Quia
702 2952 787 3007 hic
808 2953 1130 3024 evangelista
1156 2967 1400 3024 magnam
1427 2951 1544 3006 libri
1569 2951 1647 3004 sui
1676 2959 1878 3019 partem
1903 2950 2118 3004 concio-

539 3047 693 3102 nibus
718 3048 962 3117 replevit.
993 3047 1124 3103 Vide
1145 3063 1372 3117 namque
1397 3043 1666 3116 quomodo
1689 3059 1784 3114 per
1813 3059 2008 3098 annum
2037 3041 2116 3096 in-

533 3148 775 3209 .tcgrum,
815 3139 922 3194 imo
958 3138 1010 3194 in
1050 3137 1186 3195 festo
1222 3138 1440 3194 Pascha:
1483 3153 1585 3192 non
1616 3136 1754 3192 aliud
1802 3135 2111 3190 miraculum

536 3241 824 3301 memoret,
849 3249 1006 3304 quam
1038 3233 1385 3304 paralyticum
1413 3241 1466 3288 et
1497 3232 1659 3285 filium
1684 3229 1851 3301 reguli
1878 3238 2108 3284 curatos.

531 3325 717 3395 Neque
737 3325 880 3381 enim
909 3326 1085 3379 omnia
1118 3339 1332 3380 narrare
1365 3323 1548 3389 voluit,
1581 3322 1631 3376 id
1659 3322 1798 3392 quod
1829 3331 1971 3377 certe
1999 3321 2112 3376 fieri

530 3433 642 3470 non
675 3425 916 3485 poterat;
949 3415 1041 3470 sed
1082 3429 1146 3470 es
1189 3414 1374 3469 multis
1403 3415 1713 3484 magnisque
1749 3428 1910 3481 pauca
1955 3413 2109 3468 dixit.

530 3505 601 3558 lit
625 3506 942 3574 sequebatur,
977 3505 1180 3574 inquit,
1209 3521 1321 3558 eum
1353 3505 1499 3558 turba
1526 3505 1682 3557 multa
1699 3545 1713 3567 ,
1736 3505 1856 3574 quia
1882 3505 2111 3558 uidebant

527 3598 677 3667 signa
703 3612 816 3662 qua:
839 3597 1070 3665 faciebat.
1103 3595 1218 3650 Non
1242 3596 1391 3650 firma
1419 3605 1595 3650 mente
1623 3595 1980 3664 sequebantur
2007 3610 2020 3648 :
2044 3594 2110 3648 ad

531 3697 736 3742 tantam
775 3689 915 3743 enim
961 3687 1255 3742 doctrinam
1285 3703 1347 3742 ex
1377 3688 1543 3758 signis
1575 3688 1749 3756 potius
1787 3686 2114 3742 induceban-

535 3789 648 3845 tur;
678 3779 818 3849 quod
849 3779 1128 3834 crassioris
1156 3787 1272 3834 erat
1295 3777 1478 3832 animi.
1512 3777 1676 3847 Signa
1702 3778 1833 3831 enim
1853 3818 1869 3841 ,
1901 3777 2107 3846 inquit,

533 3888 634 3925 non
661 3871 916 3941 fidelibus,
945 3871 1036 3925 sed
1065 3870 1339 3925 incredulis
1381 3869 1458 3939 (1.
1492 3867 1610 3925 Cor.
1643 3871 1729 3924 H.
1755 3867 1873 3940 22).
1912 3868 1980 3923 At
2003 3885 2108 3923 non

529 3962 834 4033 huiusmodi
881 3963 1104 4032 populus
1140 3961 1278 4031 apud
1316 3961 1620 4016 Matthtcnm
1655 3979 1670 4016 :
1705 3961 1800 4016 sed
1826 3960 1949 4015 audi
1977 3975 2111 4030 quo-

531 4057 690 4112 modo
721 4073 732 4109 :
759 4055 1042 4125 Stupebant
1066 4071 1237 4109 omnes
1263 4055 1326 4108 de
1353 4055 1582 4108 doctrina
1609 4055 1718 4124 ejus
1737 4097 1752 4121 ,
1799 4054 1918 4124 quia
1962 4053 2110 4107 doce-

528 4149 612 4202 bat
641 4163 725 4202 eos
751 4157 1006 4217 tamquam
1028 4154 1315 4216 potestatem
1337 4145 1525 4200 habens
1547 4143 1762 4215 (Matth.
1789 4145 1839 4199 7.
1866 4144 1956 4200 28.
1979 4143 2102 4212 29).

521 4243 635 4296 Cur
685 4250 862 4295 autem
918 4247 1152 4295 montem
1199 4254 1340 4294 nunc
1365 4239 1514 4305 adiit,
1545 4247 1599 4295 et
1631 4239 1700 4294 ibi
1729 4238 1950 4295 sedebat
1984 4254 2106 4295 cum

528 4331 839 4402 discipulis?
873 4330 954 4387 0b
991 4331 1226 4386 futurum
1277 4331 1506 4402 signum.
1553 4330 1704 4398 Quod
1734 4339 1910 4386 autem
1942 4329 2106 4386 disci-

530 4422 638 4491 puli
682 4432 884 4478 tantum
922 4423 1283 4489 ascenderint,
1327 4423 1414 4478 illa
1461 4423 1642 4494 populi
1685 4437 1791 4478 non
1834 4423 2108 4494 sequentis

516 4519 685 4588 culpa
706 4526 806 4572 est.
836 4517 1018 4588 Neque
1044 4517 1144 4572 hac
1171 4517 1342 4572 solum
1369 4516 1436 4572 de
1460 4532 1620 4572 causa
1651 4527 1886 4572 montem
1914 4516 2103 4586 petiit,

526 4609 617 4664 sed
649 4611 808 4664 etiam
841 4617 899 4663 ut
926 4621 1024 4663 nos
1050 4607 1297 4675 doceret,
1335 4609 1618 4664 tumultum
1645 4617 1700 4664 ct
1743 4609 1947 4664 turbam
1987 4622 2107 4664 esse

525 4699 792 4754 vitandam
815 4742 830 4767 ,
861 4711 1020 4770 atque
1056 4699 1300 4754 idoneam
1340 4699 1691 4769 philosophia:
1718 4717 1840 4758 esse
1864 4701 2108 4756 solitudio

527 4807 670 4844 nem.
703 4791 858 4859 Saepe
897 4800 1073 4846 autem
1116 4791 1228 4860 ipse
1270 4791 1418 4845 solus
1460 4799 1695 4846 montem
1739 4793 2008 4857 ascendit,
2054 4800 2107 4848 et

523 4890 799 4951 pernoctat
831 4896 1010 4945 orans,
1035 4892 1091 4936 ut
1123 4898 1218 4937 nos
1243 4881 1450 4947 doceat,
1479 4897 1600 4936 eum
1625 4883 1712 4952 qui
1733 4883 1799 4937 ad
1826 4884 1988 4938 Deum
2016 4899 2105 4938 ac-

521 4972 687 5038 ιτυιιὶι,
716 4972 860 5028 omni
891 4972 1112 5027 tumultu
1145 4988 1366 5028 vacuum
1400 4987 1538 5038 esse,
1573 4981 1628 5028 et
1655 4975 1993 5044 tranquillum
2025 4974 2105 5030 lo-

525 5082 647 5120 tum
677 5081 920 5135 qumrere
949 5064 1165 5121 debere.
1200 5065 1323 5120 Erat
1350 5076 1513 5120 autem
1545 5067 1828 5136 proximum
1859 5065 2062 5121 Pascha
2084 5109 2100 5132 ,

527 5159 633 5210 dies
658 5161 816 5227 festus
847 5155 1168 5211 Judtcorum.
1195 5157 1319 5224 Cur,
1353 5157 1578 5226 inquies,
1612 5174 1715 5212 non
1756 5159 1995 5214 ascendit
2038 5159 2103 5214 ad

526 5247 667 5300 diem
713 5247 940 5314 festum,
973 5248 1068 5304 sed
1108 5265 1226 5311 eum
1267 5265 1453 5304 omnes
1491 5249 1876 5322 Jerosolymam
1921 5267 2110 5321 perge-

529 5350 668 5408 rent,
709 5343 820 5411 ipse
859 5344 910 5398 in
951 5343 1222 5400 Galilaeam
1261 5347 1441 5400 venit:
1475 5360 1648 5415 neque
1678 5347 1788 5413 ipse
1817 5345 1981 5407 solus,
2011 5344 2105 5398 sed

531 5447 652 5486 cum
683 5431 987 5502 discipulis,
1019 5443 1073 5489 et
1103 5435 1225 5491 inde
1254 5435 1305 5489 in
1337 5433 1709 5505 Capernaum?
1737 5434 1993 5488 Paulatim
2030 5433 2102 5486 le-

530 5539 650 5593 gem
681 5524 859 5592 solvit,
905 5541 972 5582 ex
1017 5526 1321 5582 Iudaeorum
1367 5528 1598 5598 nequitia
1645 5527 1978 5581 occasionem
2022 5541 2120 5581 ca--

536 5627 711 5684 ptans.
765 5616 819 5672 5.
873 5614 939 5672 Et
985 5634 1098 5672 cum
1145 5617 1444 5673 sublevasset
1499 5619 1689 5683 oculos,
1742 5618 1861 5671 vidit
1915 5617 2111 5671 turbam

534 5706 768 5763 inultam.
822 5708 916 5764 llic
957 5709 1188 5763 ostendit
1236 5708 1406 5779 ipsum
1454 5725 1738 5779 numquam
1790 5713 1903 5765 sine
1951 5726 2110 5765 causa

2243 655 2447 711 sedisse
2484 675 2603 716 cum
2648 664 2954 737 discipulis;
3002 672 3094 727 sed
3142 673 3380 732 fortassis
3415 687 3477 733 ut
3520 687 3806 743 accuratius

2243 745 2386 812 ipsos
2409 749 2771 819 alloquuretur
2795 767 2850 812 ct
2873 759 3106 826 doceret,
3133 778 3332 835 eosque
3355 768 3454 822 sibi
3481 770 3770 830 devinciret
3794 795 3806 829 :

2242 839 2668 900 unde-discimus
2712 861 2960 916 quantam
2993 854 3216 911 illorum
3249 861 3636 926 providentiam
3667 883 3812 936 gere-

2243 937 2350 1026 ret,
2386 948 2559 1026 quam
2607 948 2667 988 se
2704 939 3029 1010 demitteret,
3076 955 3134 1001 ut
3180 963 3239 1003 se
3269 950 3372 1006 illis
3409 963 3805 1026 attemperaret.

2243 1021 2509 1078 Sedebant
2538 1042 2666 1082 vero
2690 1029 2868 1095 simul,
2900 1049 3019 1090 sese
3049 1036 3274 1095 fortasse
3304 1052 3486 1099 mutuo
3516 1021 3807 1116 respiciem

2241 1121 2339 1167 tcs.
2377 1115 2568 1171 Deinde
2599 1122 2869 1188 respiciens
2909 1126 3039 1180 videt
3074 1131 3446 1187 multitudinem
3475 1115 3804 1193 accedentem.

2309 1202 2645 1296 Evangelista:
2675 1213 3023 1269 conciliantur.
3058 1247 3128 1258 —
3151 1219 3340 1277 Ceteri
3365 1227 3701 1296 evangelista:
3725 1231 3774 1284 di
3790 1259 3806 1270 ε

2237 1303 2362 1348 cunt
2404 1295 2690 1366 discipulos
2729 1304 3040 1362 accedentes
3079 1324 3293 1380 rogasse
3323 1321 3378 1368 et
3406 1295 3714 1375 obsecrasse
3741 1322 3807 1376 il—

2236 1383 2345 1438 lum
2387 1402 2460 1442 ne
2497 1388 2787 1446 dimitteret
2828 1409 2921 1449 eos
2959 1397 3207 1466 jejunos;
3242 1401 3326 1456 hic
3353 1419 3480 1460 vero
3509 1407 3802 1480 Philippum

2237 1476 2438 1533 inducit
2478 1495 2506 1534 a
2549 1481 2762 1539 Christo
2793 1487 3195 1558 interrogatum.
3235 1493 3529 1568 Utrumque
3555 1476 3805 1561 mihive-

2241 1583 2358 1622 rum
2392 1570 2615 1638 videtur,
2646 1575 2737 1628 sed
2780 1593 2882 1632 non
2925 1579 3112 1635 eodem
3146 1583 3260 1652 ipso
3301 1594 3536 1657 tempore
3564 1601 3799 1661 gestum;

2234 1662 2328 1717 sed
2378 1664 2518 1720 aliud
2565 1667 2788 1724 alterum
2836 1675 3193 1742 prtccessisse,
3235 1677 3307 1730 ita
3351 1689 3406 1734 ut
3457 1697 3542 1737 res
3581 1683 3800 1743 diversm

2233 1765 2538 1814 narrentur.
2567 1759 2674 1814 Cur
2721 1775 2850 1832 ergo
2895 1763 3193 1834 Philippum
3237 1767 3565 1841 interrogat?
3594 1773 3802 1831 Sciebat

2231 1845 2318 1913 qui
2349 1846 2590 1916 discipuli
2627 1850 2745 1919 plus
2769 1851 3008 1908 doctrina
3041 1867 3275 1925 egerent.
3307 1859 3402 1914 llic
3429 1863 3571 1916 enim
3601 1875 3684 1920 est
3711 1869 3800 1936 qui

2233 1947 2409 2006 postea
2442 1940 2611 1996 dicit;
2647 1943 2864 1998 Ostende
2905 1947 3046 2000 nobis
3092 1947 3318 2016 Patrem,
3353 1960 3400 2005 et
3430 1954 3613 2024 sufﬁcit
3661 1959 3801 2010 nobis

2235 2028 2409 2097 (Joan.
2443 2033 2556 2086 Δ1ι1.
2608 2033 2684 2102 8).
2732 2035 2856 2091 Ideo
2901 2037 3045 2107 prius
3087 2038 3233 2092 illum
3280 2041 3527 2096 instituit.
3567 2043 3701 2099 Nam
3757 2049 3800 2100 si

2229 2123 2430 2193 absque
2479 2125 2587 2180 ullo
2625 2137 2878 2196 apparatu
2921 2129 3128 2200 signum
3170 2132 3367 2187 editum
3415 2135 3636 2203 fuisset,
3693 2153 3797 2192 non

2231 2222 2433 2269 tantum
2473 2219 2805 2286 apparuisset
2842 2221 3152 2276 miraculum
3183 2241 3197 2276 :
3227 2223 3335 2292 jam
3369 2241 3505 2280 vero
3536 2229 3682 2296 prius
3706 2244 3798 2284 cu-

2227 2314 2310 2359 rat
2332 2317 2388 2360 ut
2418 2309 2688 2375 penuriam
2716 2305 3051 2379 confiteatur,
3084 2321 3141 2366 ut
3168 2314 3290 2368 hinc
3320 2316 3488 2386 majus
3518 2318 3614 2386 ipsi
3645 2318 3798 2372 vidc-

2226 2409 2376 2452 retur
2405 2399 2738 2454 miraculum.
2789 2400 2920 2456 Vide
2967 2403 3089 2472 quid
3123 2404 3264 2459 dicat
3295 2407 3384 2460 ille
3417 2425 3431 2462 :
3475 2406 3622 2462 Unde
3655 2412 3798 2463 nobis

2225 2495 2296 2541 tot
2317 2505 2492 2558 panes,
2539 2501 2594 2546 ut
2629 2489 2930 2546 manducent
2971 2493 3064 2546 hi?
3095 2493 3183 2549 Sic
3215 2495 3265 2550 in
3296 2497 3458 2551 veteri
3490 2499 3603 2569 lege
3628 2498 3795 2571 Moysi

2225 2580 2465 2646 dicebat,
2502 2580 2660 2651 idque
2695 2591 2974 2653 antequam
3004 2585 3312 2641 miraculum
3354 2597 3585 2658 patraret
3614 2609 3628 2644 :
3661 2590 3798 2656 Quid

2222 2683 2295 2727 est
2320 2674 2371 2727 in
2399 2690 2552 2727 manu
2578 2674 2708 2744 tua(
2740 2675 2908 2730 Exod.
2933 2677 2986 2732 ι.
3015 2678 3050 2732 2
3075 2679 3136 2748 )?
3180 2681 3311 2747 Quia
3353 2682 3495 2736 enim
3537 2683 3789 2737 miracula

2222 2780 2340 2836 qua:
2370 2773 2589 2835 repente
2615 2766 2880 2834 accidunt,
2911 2767 3148 2837 priorum
3177 2770 3330 2827 nobis
3359 2770 3676 2827 oblivionem
3713 2774 3800 2827 in-

2221 2855 2416 2911 ducere
2444 2858 2636 2925 solent,
2672 2859 2844 2927 prime
2864 2859 3010 2915 illum
3037 2860 3372 2917 confessione
3401 2877 3494 2918 sua
3517 2863 3788 2933 alligavit,

2220 2958 2276 3002 ut
2307 2964 2409 3003 non
2429 2949 2633 3005 deinde
2656 2961 2872 3020 stupore
2899 2953 3173 3021 perculsus
3199 2953 3454 3009 confessa:
3479 2955 3554 3010 rei
3582 2971 3794 3010 meum.

2218 3040 2350 3095 riam
2392 3041 2666 3111 ahjiccret,
2705 3050 2760 3097 et
2802 3042 2925 3097 hinc
2961 3045 3358 3113 comparatione
3386 3043 3522 3099 facta
3551 3046 3789 3099 miraculi

2218 3132 2636 3202 magnitudinem
2690 3132 2986 3198 edisceret;
3041 3135 3181 3204 quod
3235 3134 3319 3189 hic
3367 3135 3524 3188 etiam
3574 3135 3787 3189 accidit.

2218 3224 2605 3296 Interrogatus,
2636 3225 2723 3279 ille
2744 3227 3029 3299 respondet
3059 3245 3072 3280 :
3107 3228 3158 3281 7.
3192 3227 3530 3281 Ducentorum
3551 3228 3790 3282 denariu-

2217 3335 2331 3371 rum
2357 3335 2512 3388 panes
2537 3335 2636 3372 non
2662 3319 2908 3390 sufﬁciunt
2936 3319 3060 3386 illis,
3095 3331 3148 3372 ut
3179 3316 3513 3389 unusquisque
3537 3319 3793 3373 modicum

2215 3412 2336 3479 quid
2375 3412 2609 3482 accipiat.
2655 3411 2708 3467 6.
2761 3411 2872 3466 Hoc
2903 3424 3068 3466 autem
3109 3412 3300 3466 dicebat
3348 3421 3542 3465 tentans
3582 3412 3731 3466 illum
3773 3427 3795 3465 .'

2215 3504 2322 3573 ipse
2358 3504 2490 3557 enim
2526 3503 2708 3557 sciebat
2752 3504 2876 3574 quid
2912 3513 3034 3558 esset
3081 3505 3330 3575 facturus.
3369 3503 3500 3573 Quid
3525 3505 3622 3558 sibi
3653 3505 3792 3568 vult,

2218 3592 2436 3647 Tentans
2473 3594 2653 3648 illum?
2691 3609 2816 3648 num
2857 3593 3132 3664 ignorabat
3171 3593 3296 3664 quid
3332 3593 3570 3649 dicturus
3606 3595 3788 3649 esset?

2217 3683 2328 3738 Hoc
2355 3684 2459 3738 dici
2491 3684 2690 3754 nequit.

2284 3775 2337 3830 2.
2381 3777 2632 3844 Quaenam
2682 3791 2810 3850 ergo
2859 3786 2944 3834 est
2989 3778 3116 3834 dicti
3167 3777 3472 3834 sententia?
3499 3778 3575 3832 Ex
3617 3779 3791 3833 veteri

2215 3869 2331 3939 lege
2358 3884 2642 3939 possumus
2677 3871 2820 3926 illam
2849 3870 3108 3927 ediscere.
3139 3872 3268 3926 Nam
3302 3872 3372 3926 ibi
3413 3886 3622 3942 quoque
3651 3869 3795 3924 dici-

2216 3969 2300 4014 tur
2329 3979 2343 4012 :
2383 3959 2503 4014 Post
2549 3962 2656 4015 hac
2691 3963 2894 4016 tentavit
2923 3961 3061 4016 Deus
3095 3962 3371 4024 Abraham,
3401 3962 3566 4015 dicens
3593 3977 3613 4015 :
3643 3960 3795 4014 Tolle

2214 4052 2378 4121 ﬁlium
2408 4063 2547 4106 tuum
2573 4053 2904 4123 unigenitum,
2933 4070 3078 4121 quem
3107 4054 3300 4125 diligis,
3333 4053 3483 4107 Isaac
3513 4051 3657 4122 (Gen.
3690 4050 3792 4111 $9.,

2214 4145 2264 4199 1.
2286 4145 2361 4215 2).
2383 4143 2562 4214 Neque
2592 4146 2733 4199 enim
2753 4143 2803 4199 id
2817 4145 2966 4210 dixit,
2993 4154 3048 4199 ut
3077 4145 3411 4214 experiretur
3431 4160 3497 4198 an
3520 4144 3795 4212 obsequu-

2215 4246 2364 4292 turus
2411 4247 2571 4304 esset,
2617 4253 2814 4303 necne;
2849 4247 3032 4308 utpote
3071 4239 3159 4309 qui
3199 4240 3375 4292 omnia
3415 4237 3592 4292 videat
3636 4246 3799 4291 ante-

2213 4345 2370 4400 quam
2391 4329 2515 4384 fiant
2531 4329 2694 4401 (Dan.
2715 4332 2800 4386 15.
2826 4329 2918 4400 42)
2945 4348 2958 4384 :
2983 4329 3075 4385 sed
3098 4332 3329 4384 humano
3346 4345 3494 4384 more
3509 4339 3799 4398 utrumque

2212 4420 2408 4474 dictum
2440 4430 2539 4475 est.
2567 4420 2634 4475 Ut
2670 4435 2790 4475 cum
2833 4421 2981 4486 dicit,
3026 4419 3296 4475 Scrutatur
3334 4421 3489 4473 corda
3531 4420 3800 4474 hominum

2213 4509 2386 4582 (Rom.
2421 4510 2473 4566 8.
2505 4511 2630 4582 27),
2666 4527 2771 4566 non
2811 4511 3160 4581 ignorantiam
3193 4551 3209 4577 ,
3241 4511 3334 4566 sed
3364 4521 3664 4566 accuratam
3697 4526 3802 4565 co-

2211 4605 2500 4675 gnitionem
2527 4604 2762 4671 indicat;
2789 4607 2867 4660 sic
2890 4619 3009 4659 cum
3032 4604 3180 4670 dicit,
3209 4596 3460 4669 Tentaeit',
3489 4603 3615 4657 nihil
3643 4603 3800 4658 aliud

2210 4696 2310 4751 sibi
2356 4695 2488 4762 vult,
2541 4709 2699 4765 quam
2748 4697 2918 4766 ipsum
2964 4705 3214 4750 accurate
3257 4695 3488 4749 novisse.
3517 4692 3614 4748 Vel
3643 4692 3803 4748 aliud

2209 4789 2313 4843 dici
2359 4789 2544 4860 possit,
2596 4791 2766 4858 ipsum
2815 4803 3008 4857 nempe
3042 4786 3398 4857 probatiorem
3443 4801 3561 4840 eum
3608 4784 3804 4840 reddi-

2210 4880 2374 4947 disse,
2403 4880 2527 4934 dum
2558 4890 2606 4934 et
2642 4891 2766 4935 tunc
2792 4879 3178 4943 Abrahamum,
3217 4886 3269 4931 et
3309 4890 3451 4931 nunc
3486 4875 3802 4945 Philippum

2210 4989 2306 5044 per
2335 4971 2802 5042 interrogationem
2835 4972 2887 5026 in
2931 4970 3188 5039 majorem
3235 4969 3372 5039 signi
3417 4967 3661 5022 notitiam
3695 4965 3808 5022 de-

2214 5070 2384 5124 duxit.
2414 5067 2746 5138 Quapropter
2784 5064 3135 5133 evangehsm,
3169 5077 3238 5116 ne
3263 5076 3330 5115 ex
3356 5060 3501 5114 verbi
3532 5057 3806 5128 simplici-

2215 5170 2323 5216 tate
2343 5161 2468 5230 quid
2499 5157 2786 5213 absurdum
2811 5157 3161 5225 suspicareris
3185 5196 3200 5219 ,
3226 5151 3429 5207 addidit
3460 5164 3475 5204 :
3510 5149 3632 5220 Ipse
3660 5151 3806 5203 estin:

2215 5255 2398 5308 sciebat
2423 5255 2544 5322 quid
2564 5262 2690 5306 esset
2719 5253 2964 5322 facturus.
2995 5247 3259 5302 Castorum
3289 5244 3412 5299 illud
3441 5243 3673 5298 maxime
3705 5243 3809 5295 ob-

2221 5344 2572 5408 servandum,
2617 5339 2884 5412 quomodo
2928 5354 3051 5392 cum
3103 5352 3266 5406 prava
3319 5335 3554 5405 suspicio
3607 5332 3805 5394 adest,

2217 5437 2393 5491 statim
2423 5449 2539 5488 eam
2570 5431 2891 5501 evangelista
2920 5428 3202 5500 diligenter
3223 5434 3488 5480 amoveat.
3540 5423 3610 5479 Ut
3640 5423 3813 5492 igitur

2219 5526 2318 5580 hoc
2347 5527 2466 5580 loco
2494 5540 2559 5578 ne
2583 5523 2708 5593 quid
2736 5520 2911 5575 simile
2936 5519 3337 5588 suspicarentur
3355 5515 3654 5573 auditores.
3681 5529 3814 5569 cor-

2219 5618 2508 5671 rectionem
2550 5613 2684 5669 hanc
2725 5612 2928 5666 addidit
2962 5628 2976 5664 :
3009 5609 3131 5680 Ipse
3155 5609 3287 5662 enim
3311 5607 3494 5662 sciebat
3523 5605 3650 5676 qssid
3679 5612 3815 5660 esset

2222 5713 2448 5782 {acturus
2471 5726 2490 5774 ;
2516 5709 2591 5763 sic
2617 5717 2671 5762 et
2701 5706 2800 5773 ibi,
2829 5720 2950 5761 cum
2980 5705 3052 5758 ait
3084 5721 3097 5756 :
3127 5701 3295 5759 Judaei
3326 5701 3473 5756 illum
3506 5714 3813 5770 perseque-
