3984 6196
363 221 444 279 εις
1406 215 1474 273 IN
1508 217 1824 275 JO.\.\".\'EM
1860 218 2094 277 unum.
2138 225 2299 288 ηπ.
2338 229 2406 284 al.
2449 233 2584 287 XLI.

351 338 550 398 bantur,
582 329 702 386 Non
729 332 894 386 solum
923 333 1041 404 quia
1069 331 1287 387 solvebat
1311 334 1608 400 sabbatum,
1649 335 1737 390 sed
1773 335 1923 389 etiam

344 429 455 492 quia
498 423 707 480 Patrem
741 443 888 480 suum
929 427 1125 482 dicebat
1169 427 1360 495 Deum,
1387 430 1629 498 aqualem
1652 445 1708 486 se
1733 433 1925 502 {aciem

344 518 444 571 Deo
484 534 502 571 :
541 518 639 572 nisi
667 534 731 573 ea
759 527 904 574 esset
935 520 1100 588 ipsius
1133 519 1328 575 Cht‘iSli
1364 523 1628 578 sententia
1670 526 1923 592 operibus

341 609 682 675 conﬁrmata,
738 611 1035 666 addidisset
1087 622 1142 666 et
1195 612 1284 667 ibi-
1309 615 1697 670 correctionem
1755 616 1918 670 illam.
1964 610 1968 616 ’

337 701 459 753 Nam
499 701 546 754 si
593 703 644 754 in
681 702 859 756 verbis
891 701 1017 757 Jesu
1049 703 1200 757 timet
1236 706 1560 775 evangelista
1592 720 1660 761 ne
1684 708 1804 776 quis
1829 723 1920 762 su—

335 792 625 860 spicionem
657 793 849 848 habeat
878 835 893 861 ,
919 795 1088 848 nmlto
1119 796 1287 866 magis
1310 798 1362 850 in
1385 797 1449 851 iis
1471 811 1592 868 qua:
1613 798 1681 854 de
1707 799 1802 853 illo
1827 799 1919 854 alii

332 887 572 940 dicerent
601 889 902 958 suspicatus
929 888 1112 944 luisset
1130 931 1146 952 .
1177 891 1220 944 si
1250 905 1354 945 non
1383 891 1605 947 vidisset
1634 906 1808 947 veram
1847 893 1917 949 de

333 977 418 1030 illo
443 977 756 1045 opinionem
787 978 990 1034 haberi.
1021 979 1127 1035 Sed
1163 982 1292 1036 nihil
1321 982 1451 1036 dixit
1473 1025 1488 1047 ,
1529 984 1730 1038 sciebat
1772 986 1916 1039 enim

328 1069 523 1123 Christi
574 1070 897 1124 sententiam
934 1079 988 1126 et
1037 1073 1306 1128 immobile
1346 1075 1638 1129 decretum.
1687 1076 1918 1146 Ideoque

327 1176 441 1213 cum
467 1160 723 1226 dixisset,
759 1161 1040 1232 aliquaitem
1069 1181 1122 1218 se
1150 1167 1345 1235 faciem
1377 1166 1504 1234 Deo,
1541 1183 1644 1222 non
1673 1184 1804 1224 usus
1831 1179 1916 1226 est

327 1253 408 1306 illa
455 1258 834 1319 correctione;
892 1270 998 1310 non
1048 1258 1192 1312 enim
1237 1270 1484 1329 corrupta
1533 1261 1743 1334 illorum
1797 1274 1916 1319 erat

327 1343 529 1412 opinio,
551 1345 648 1399 sed
676 1361 801 1400 vera
823 1346 891 1402 de
911 1347 1005 1401 illo
1027 1350 1290 1404 sententia
1315 1351 1562 1420 operibus
1577 1354 1914 1410 confirmata.

325 1435 452 1488 Cum
497 1452 629 1506 ergo
658 1436 962 1507 Philippum
997 1441 1396 1512 interrogasset,
1441 1443 1492 1498 8.
1526 1443 1660 1498 Dicit
1685 1445 1914 1502 Andreas

324 1529 482 1595 [mter
505 1528 732 1583 Simonis
770 1530 912 1586 Petri
943 1549 962 1586 :
993 1533 1045 1588 9.
1081 1532 1174 1587 Est
1206 1551 1330 1605 puer
1347 1553 1481 1591 unus
1506 1540 1610 1603 hia,
1644 1541 1732 1610 qui
1763 1543 1912 1595 habet

323 1624 543 1691 quinque
562 1639 716 1692 panes
744 1627 1066 1692 hordeaceus,
1092 1638 1135 1682 et
1161 1630 1288 1685 duos
1315 1633 1475 1700 pisces
1500 1647 1518 1696 ;
1541 1636 1630 1687 sed
1658 1639 1762 1690 htcc
1789 1637 1912 1707 quid

322 1724 433 1766 sunt
473 1716 608 1768 inter
638 1718 846 1770 tantos?
890 1718 1181 1775 Sublimias
1224 1723 1422 1791 cogitat
1463 1725 1706 1779 Andreas
1750 1743 1908 1797 quam

327 1804 622 1876 Philippus.
653 1823 827 1878 neque
865 1819 1042 1865 tamen
1072 1813 1280 1881 penitus
1310 1830 1422 1870 rem
1454 1816 1740 1872 intellexit.
1775 1820 1909 1874 Puto

321 1904 501 1950 autem
538 1898 688 1952 illum
719 1915 826 1954 non
853 1902 970 1957 sine
1000 1915 1158 1956 causa
1191 1906 1260 1958 ita
1290 1905 1430 1976 loqui
1460 1923 1474 1971 ;
1513 1908 1610 1963 sed
1651 1925 1770 1964 cum
1815 1925 1918 1965 au-

322 1985 487 2041 disset
518 1990 900 2060 prophetarum
932 1994 1206 2063 miracula,
1240 2005 1295 2052 ut
1335 1998 1509 2053 Elistei
1534 2000 1675 2056 circa
1709 2017 1905 2071 panes;

325 2081 445 2136 hinc
471 2084 707 2138 ascendit
727 2085 950 2154 quidem
962 2086 1030 2141 ad
1053 2088 1344 2158 quamdam
1374 2091 1780 2161 sublimitatem,
1811 2095 1904 2151 sed

324 2187 429 2226 non
451 2173 518 2228 ad
540 2175 753 2230 culmen
781 2180 1062 2246 pervenit.

407 2265 578 2322 Victus
619 2270 882 2340 frugalitas
917 2275 1316 2329 commendatur.
1348 2275 1792 2334 Marcionistarttm
1813 2296 1920 2335 er--

330 2377 436 2415 ror.
460 2391 530 2401 —
547 2359 680 2417 Hinc
709 2363 973 2419 discamus
1003 2367 1092 2436 qui
1126 2367 1337 2423 deliciis
1362 2383 1546 2425 sumus
1565 2371 1749 2438 dediti,
1787 2375 1904 2443 quis

325 2454 477 2508 cibus
519 2466 662 2511 esset
699 2466 805 2512 tam
847 2459 1176 2516 mirabilium
1223 2464 1482 2531 virorum,
1515 2482 1670 2535 quam
1707 2471 1896 2536 tenuis,

318 2552 468 2613 cujus
495 2550 731 2615 generis,
763 2551 1012 2622 ipsosque
1046 2553 1098 2606 in
1129 2567 1326 2609 mensae
1353 2557 1650 2626 frugalitate
1675 2571 1727 2614 et
1768 2577 1900 2616 cono

313 2637 512 2693 ditione
540 2641 833 2697 imitemur.
862 2644 1147 2714 Sequcntia
1179 2648 1396 2702 multam
1425 2649 1699 2705 declarant
1729 2653 1898 2708 imbe-

311 2732 606 2786 cillitatem.
634 2733 768 2789 Nam
800 2747 1078 2806 postquam
1105 2739 1333 2806 dixerat,
1369 2737 1531 2795 "abet
1559 2745 1777 2813 quinque
1802 2761 1898 2816 pti-

311 2839 391 2876 πρε
421 2824 748 2888 hordeaceos,
781 2827 986 2882 addidit
1018 2847 1032 2882 :
1065 2829 1172 2884 Sed
1197 2831 1304 2884 haec
1327 2833 1450 2901 quid
1478 2839 1750 2889 sunt‘inter
1777 2848 1894 2891 tan-

307 2917 413 2967 tos?
453 2917 684 2970 Putabat
714 2919 854 2972 enim
881 2919 1268 2975 miraculorum
1293 2923 1552 2979 editorem
1583 2939 1648 2980 ex
1679 2929 1896 2996 paucio-

307 3009 450 3061 ribus
481 3012 757 3076 pauciora,
791 3025 857 3065 ex
888 3013 1124 3081 pluribus
1147 3015 1296 3084 plura
1329 3015 1590 3072 facturum
1614 3033 1768 3086 esse;
1798 3020 1892 3075 st-d

306 3117 404 3154 non
441 3104 516 3155 ita
545 3119 633 3158 res
663 3117 721 3158 se
744 3104 994 3160 habebat.
1017 3105 1149 3162 Nam
1180 3109 1398 3176 perinde
1431 3111 1504 3164 illi
1531 3123 1644 3166 erat
1679 3128 1742 3166 ex
1775 3114 1892 3182 piu-

301 3195 447 3248 ribus
479 3204 533 3250 et
558 3207 625 3250 ex
670 3199 1012 3268 paucioribus
1040 3201 1309 3272 ingentem
1340 3218 1530 3271 panum
1557 3207 1767 3275 copiam
1793 3223 1892 3276 pa-

300 3305 434 3344 rcre.
465 3288 655 3361 Neque
701 3292 842 3346 enim
892 3293 1130 3363 subjecta
1171 3298 1392 3350 materia
1445 3312 1580 3367 opus
1624 3298 1885 3366 habebat;

295 3382 385 3434 sed
439 3397 510 3435 ne
549 3393 795 3436 creatura
838 3381 1108 3438 videretur
1152 3385 1322 3440 aliena
1350 3402 1473 3442 esse
1509 3388 1576 3442 ab
1605 3390 1770 3459 ipsius
1805 3406 1890 3445 sa-

293 3474 517 3540 pientia,
547 3474 600 3528 id
628 3476 768 3545 quod
799 3491 1077 3546 perperam
1101 3477 1452 3536 Marciunisttc
1473 3482 1741 3548 dicebant,
1773 3486 1884 3556 ipsa

289 3577 543 3619 creatura
591 3566 657 3620 ad
699 3567 952 3623 miracula
997 3572 1253 3639 patranda
1295 3588 1423 3627 usus
1461 3585 1563 3630 cst.
1593 3577 1727 3630 Cum
1756 3592 1885 3648 ergo

287 3655 451 3710 ambo
483 3655 735 3726 discipuli
767 3673 871 3712 non
898 3672 1204 3729 sperarent,
1234 3671 1361 3718 tunc
1389 3665 1700 3722 miraculum
1726 3669 1837 3723 edit
1865 3685 1880 3725 :

285 3751 360 3803 sic
392 3751 544 3804 enim
580 3753 747 3820 magis
774 3752 848 3806 illi
878 3753 1062 3808 lucrati
1091 3763 1214 3809 sunt
1237 3798 1250 3819 ,
1285 3771 1405 3811 cum
1439 3760 1584 3828 prius
1622 3761 1698 3816 rei
1743 3762 1882 3816 difﬁ-

284 3843 544 3896 cuitalem
575 3844 808 3898 confessi
837 3855 1038 3911 essent,
1069 3858 1130 3901 ut
1158 3862 1214 3901 re
1235 3858 1452 3918 peracta
1495 3852 1585 3906 Dei
1630 3853 1878 3910 virtutem

285 3946 532 3991 nossent.
583 3937 718 4004 Quia
757 3940 898 3994 enim
941 3937 1174 3994 futurum
1207 3942 1416 4011 signqu
1461 3956 1609 4008 erat,
1649 3947 1793 4016 quod
1847 3963 1890 4001 a-

283 4027 571 4097 propltetis
609 4027 812 4082 editum
846 4030 1017 4084 fuerat
1037 4072 1052 4091 ,
1084 4033 1292 4086 etiamsi
1323 4048 1428 4086 non
1459 4035 1570 4103 pari
1602 4035 1782 4102 modo,
1821 4047 1880 4091 et

281 4122 568 4188 prarmissa
615 4122 906 4191 gratiarum
935 4124 1144 4178 actione
1172 4125 1343 4194 ipsum
1372 4125 1611 4181 editurus
1637 4138 1780 4195 erat,
1811 4146 1877 4185 ne

279 4212 539 4267 imbecilli
588 4213 640 4266 in
682 4214 1035 4281 suspicionem
1083 4216 1408 4281 inciderent;
1457 4217 1579 4273 Vide
1608 4220 1874 4288 quomodo

277 4317 372 4369 per
398 4303 586 4356 omnia
633 4313 837 4358 mentes
881 4305 1047 4374 erigat
1100 4316 1153 4359 et
1203 4305 1554 4362 diderentiam
1599 4312 1870 4367 ostendat.

272 4393 405 4447 Cum
428 4396 576 4449 enim
596 4395 829 4448 nondum
855 4411 1015 4464 panes
1038 4406 1368 4466 apparerent,
1397 4399 1708 4454 miraculum
1730 4401 1869 4470 edit;

273 4499 327 4542 ut
358 4491 633 4557 intelligas
662 4501 721 4544 ea
753 4504 872 4559 quae
903 4503 1008 4544 non
1038 4491 1300 4544 exsistunt
1324 4531 1336 4550 ,
1368 4500 1426 4545 ut
1466 4507 1526 4546 ea
1566 4509 1684 4562 qua:
1709 4503 1867 4564 sunt,

271 4584 370 4651 ipsi
405 4582 623 4636 subdita
649 4598 789 4650 esse,
823 4594 878 4636 ut
907 4582 1100 4637 Paulus
1129 4583 1202 4638 ait
1234 4600 1248 4637 ε
1279 4582 1379 4648 Qui
1399 4594 1538 4638 uocat
1558 4602 1615 4638 ea
1635 4601 1748 4655 quw
1765 4603 1869 4642 non

271 4686 386 4727 sarit
421 4716 437 4738 ,
483 4691 547 4726 ac
577 4675 620 4727 si
665 4684 825 4727 essent
855 4673 1025 4743 (liam.
1053 4685 1103 4727 ὁ.
1130 4676 1243 4743 17).
1272 4678 1348 4729 Ac
1378 4676 1422 4729 si
1451 4677 1592 4730 enim
1617 4689 1864 4747 apparata

269 4782 460 4821 mensa
490 4775 657 4830 esset,
707 4766 868 4835 jussit
912 4779 1006 4820 eos
1046 4768 1222 4820 statim
1269 4767 1630 4835 discumbere,
1685 4771 1870 4841 sicque

265 4860 661 4929 discipulorum
691 4868 925 4914 mentem
949 4861 1135 4914 erexit.
1171 4860 1302 4914 Cum
1335 4871 1512 4916 autem
1542 4877 1604 4917 ex
1636 4863 1862 4918 interro-

263 4952 487 5020 gatione
515 4953 703 5006 lucrati
731 4962 932 5018 essent,
964 4955 1139 5006 statim
1170 4962 1491 5022 paruerunt,
1541 4971 1639 5010 nec
1663 4958 1862 5012 turbati

265 5054 414 5107 sunt,
449 5058 626 5110 neque
652 5042 900 5097 dixerunt
929 5061 940 5095 ε
971 5043 1107 5110 Quid
1135 5044 1235 5097 hoc
1265 5045 1384 5098 est?
1406 5061 1501 5098 cur
1523 5044 1862 5104 discumbere

257 5133 453 5202 jnbcs,
501 5149 624 5188 cum
666 5134 796 5188 nihil
836 5136 888 5188 in
920 5135 1093 5188 medio
1125 5137 1418 5204 appareat?
1461 5136 1546 5192 Sic
1575 5148 1858 5208 antequam

258 5227 480 5294 signum
505 5226 768 5290 viderent,
793 5225 1013 5282 credere
1038 5237 1334 5296 cmperunt,
1359 5229 1446 5297 qui
1476 5228 1626 5283 initio
1655 5231 1722 5284 ita
1751 5247 1858 5287 non

259 5318 584 5385 credebant,
638 5329 695 5373 ut
751 5319 1009 5384 dicereut,
1061 5319 1209 5375 Unde
1247 5337 1464 5374 ememus
1509 5324 1708 5390 panes?
1749 5323 1859 5380 lmo

260 5409 523 5462 alacriter
567 5409 748 5465 turbas
790 5410 1126 5466 discumbere
1167 5411 1464 5482 jusserunt.
1497 5414 1603 5470 Sed
1634 5429 1731 5470 cur
1758 5432 1856 5486 pa-

261 5500 552 5569 ralyticum
595 5513 900 5570 sanaturus,
960 5512 1227 5558 mortuum
1270 5505 1650 5569 suscitaturus,
1707 5523 1855 5564 mare

260 5592 587 5660 scdaturus,
618 5608 720 5649 non
752 5604 1040 5664 precatur;
1078 5595 1164 5652 hic
1193 5612 1320 5653 vero
1339 5639 1352 5663 ,
1385 5611 1507 5652 cum
1535 5597 1602 5653 de
1628 5599 1853 5668 panibus

261 5691 465 5751 igitur,
510 5685 562 5739 id
602 5684 758 5741 facit!
794 5686 861 5745 Ut
903 5687 1112 5762 doceat,
1140 5702 1262 5750 ante
1291 5693 1468 5750 cibum
1504 5692 1700 5766 gratias
1727 5704 1850 5748 esse

3506 247 3610 301 2P2

2034 339 2143 396 Deo
2181 345 2432 414 agendas.
2479 348 2722 419 Alioquin
2763 361 2938 408 atttetn
2980 354 3032 409 in
3079 356 3310 412 minimis
3342 360 3390 412 id
3437 362 3611 419 lacero

2027 436 2164 492 Solet
2185 479 2198 503 ,
2231 449 2287 492 ut
2315 440 2492 496 discas
2521 443 2665 498 illum
2695 461 2798 499 non
2845 448 2985 516 quod
3017 449 3280 520 indigeat,
3310 451 3380 506 ita
3411 450 3606 509 facere.

2027 528 2083 583 Si
2125 532 2264 585 enim
2310 533 2654 604 indiguisset,
2685 540 2857 606 potius
2885 541 2937 595 id
2968 542 3017 596 in
3051 542 3340 613 majoribus
3372 544 3605 601 fecisset.

2025 615 2124 685 Qui
2161 637 2289 678 vero
2334 624 2423 678 illa
2459 641 2578 680 cum
2609 632 2923 686 auctoritate
2954 633 3106 700 fecit,
3151 634 3264 691 haec
3301 651 3422 692 sese
3465 637 3624 692 haud:

2023 713 2182 770 dubie
2209 716 2537 774 demittenda
2565 726 2789 794 peregit.

2093 807 2146 862 5.
2188 808 2268 863 Ad
2301 811 2415 866 hcce
2446 827 2572 868 vero
2600 816 2752 870 turba
2789 833 2978 888 magna
3007 819 3226 887 aderat,
3261 822 3346 876 cui
3379 837 3599 892 persua-

2021 897 2252 954 dendum
2282 912 2398 956 erat
2425 943 2437 966 ,
2470 919 2536 958 se
2566 907 2857 962 secundum
2888 910 2978 965 Dei
3021 911 3343 966 voluntatem
3368 913 3598 971 venisse.

2021 993 2356 1062 QuaprOpt'er
2403 1001 2616 1067 quando
2667 1003 2814 1057 solus
2859 1004 3068 1072 signum
3114 1005 3400 1075 quodpiam
3453 1005 3602 1074 edit,

2021 1083 2150 1138 nihil
2179 1085 2480 1155 itujusmodi
2513 1091 2766 1147 exhibet:
2800 1095 3013 1163 quando
3041 1104 3218 1150 autem
3252 1096 3430 1151 multis
3463 1113 3604 1166 prtu-

2020 1177 2260 1232 sentihns
2284 1178 2334 1233 id
2374 1182 2482 1250 agit
2503 1222 2518 1246 ,
2538 1191 2608 1236 aut
2644 1184 2748 1238 illis
2774 1185 2994 1239 suadeat
3015 1201 3074 1240 se
3093 1202 3206 1240 non
3233 1202 3352 1242 esse
3373 1187 3482 1243 Deo
3502 1187 3602 1242 ad-

2024 1271 2314 1323 versarium
2340 1313 2354 1335 ,
2385 1287 2558 1342 neque
2609 1274 2750 1329 Patri
2781 1277 3140 1340 contrarium,
3190 1293 3282 1346 per
3305 1279 3600 1348 gratiarum

2017 1363 2282 1414 actionem
2333 1362 2478 1416 illam
2519 1366 2876 1434 suspicionem
2923 1367 3076 1421 tollit.
3110 1368 3196 1421 il.
3228 1366 3295 1420 Et
3332 1367 3470 1421 dedit
3495 1367 3603 1420 dis»

2015 1453 2372 1518 cumbcntibus,
2398 1465 2446 1509 ct
2474 1457 2670 1526 impleti
2691 1469 2827 1511 sunt.
2858 1457 3042 1513 Viden’
3074 1457 3432 1512 diﬂ‘ercutiam
3460 1457 3599 1512 inter

2014 1560 2226 1600 servum
2249 1557 2306 1602 et
2331 1548 2604 1604 dominum
2634 1551 2659 1604 ?
2689 1551 2766 1605 llli
2803 1566 3052 1621 namque,
3079 1551 3253 1638 utqui
3283 1550 3349 1605 ad
3377 1567 3595 1606 mensu-

2015 1650 2128 1693 ram
2149 1638 2375 1708 gratiam
2407 1642 2681 1709 haberent,
2713 1643 2792 1696 sic
2821 1643 3072 1697 miracula
3100 1641 3378 1712 patrabant
3407 1658 3422 1707 ;
3458 1643 3596 1696 Deus

2012 1741 2190 1787 autem
2244 1734 2485 1789 absoluta
2533 1751 2697 1806 agens
2754 1744 3057 1804 potestate,
3106 1751 3226 1790 cum
3279 1736 3596 1790 auctoritate

2011 1824 2189 1877 oumia
2249 1825 2581 1894 operabatur.
2620 1827 2704 1881 12.
2753 1825 2819 1880 Et
2846 1827 2976 1880 dixit
3023 1826 3332 1896 discipulis:
3362 1825 3596 1898 Colligite

2011 1915 2314 1986 fragmenta.
2347 1919 2434 1972 15.
2482 1917 2572 1972 Illi
2624 1935 2739 1972 uero
2793 1919 3138 1989 collegerunt,
3178 1928 3227 1972 et
3266 1918 3595 1988 impleverunt

2010 2001 2273 2055 duodecim
2299 2004 2564 2072 cophinos.
2598 2003 2722 2058 llaec
2753 2019 2857 2058 non
2898 2011 3014 2057 erat
3055 2001 3327 2071 superﬂua
3356 2011 3592 2056 ostenta-

2011 2093 2122 2158 tio;
2149 2093 2242 2148 sed
2274 2095 2395 2149 ideo
2425 2095 2616 2149 factum
2642 2138 2656 2160 ,
2693 2110 2758 2148 ne
2787 2095 3067 2165 prcestigia:
3092 2095 3400 2150 viderentur
3423 2111 3540 2150 esse
3574 2114 3590 2160 ;

2009 2187 2235 2258 ideoque
2278 2203 2342 2242 ex
2384 2190 2618 2254 subjecta
2652 2188 2870 2242 materia
2915 2199 3080 2243 creat.
3113 2187 3222 2243 Cur
3269 2204 3375 2244 non
3423 2188 3592 2243 turbis

2006 2281 2260 2349 gesrauda
2293 2282 2432 2335 dedit
2467 2283 2575 2343 illa.
2607 2281 2698 2336 sed
2731 2281 3002 2351 discipulis
3029 2282 3051 2334 ?
3077 2281 3208 2347 Quia
3241 2278 3338 2334 hos
3362 2281 3592 2335 maxime

2009 2374 2283 2428 inSIitucre
2314 2373 2524 2428 Volebat
2550 2416 2563 2439 ,
2592 2375 2680 2444 qui
2724 2374 2880 2426 futuri
2931 2381 3086 2428 erant
3134 2371 3382 2427 doctores
3419 2372 3584 2426 orbis.

2006 2463 2285 2518 Multitudo
2335 2481 2564 2534 namque
2609 2481 2714 2518 non
2764 2479 3012 2533 magnum
3058 2463 3230 2518 adhuc
3275 2463 3476 2517 lucrum
3521 2477 3586 2517 ex

2005 2555 2274 2610 miraculis
2295 2563 2627 2624 reportatura
2653 2565 2769 2609 erat
2795 2572 2809 2619 ;
2833 2555 3010 2609 statim
3037 2554 3236 2626 quippe
3259 2562 3384 2608 sunt
3413 2552 3585 2615 obliti,

2001 2644 2250 2714 aliudque
2277 2646 2591 2700 miraculum
2622 2644 2980 2716 requisierunt
3009 2663 3021 2698 :
3053 2644 3298 2714 discipuli
3325 2658 3453 2698 vero
3479 2659 3586 2698 non

2003 2751 2218 2804 parvum
2268 2737 2393 2791 hinc
2439 2737 2715 2791 utilitatem
2765 2736 3034 2805 accepturi
3068 2745 3241 2792 erant.
3280 2735 3388 2790 Nec
3422 2751 3584 2804 parva

2001 2828 2126 2882 hinc
2157 2829 2429 2883 damnatio
2459 2829 2608 2884 Judtc
2635 2831 2763 2896 fuit,
2807 2831 2947 2900 quod
2991 2830 3280 2899 cophinqu
3329 2837 3582 2900 gestaret.

1997 2922 2148 2988 Quod
2178 2930 2356 2977 autem
2388 2921 2516 2976 illud
2543 2923 2607 2976 ad
2635 2939 2820 2978 eorum
2848 2923 3235 2978 institutionem
3269 2921 3464 2976 factum
3490 2923 3580 2988 sit,

1997 3015 2161 3084 liquet
2183 3030 2249 3069 ex
2280 3031 2345 3069 eo
2369 3015 2508 3084 quod
2541 3024 2808 3083 postremo
2829 3016 3052 3082 dicitur,
3081 3015 3223 3085 quod
3251 3015 3357 3070 illis
3385 3015 3438 3069 in
3468 3031 3582 3069 mc-

1997 3107 2220 3160 moriam
2271 3108 2600 3160 revocaverit
2642 3107 2826 3161 dicens
2857 3125 2871 3161 :
2905 3105 3150 3160 Nondum
3187 3108 3418 3178 cogitatis
3461 3117 3580 3176 quot

1995 3200 2239 3268 cophinos
2282 3200 2544 3270 accepistis
2587 3197 2814 3273 (Matth.
2861 3201 2945 3254 lii.
2994 3200 3120 3270 9)?
3162 3200 3468 3272 Eademque
3510 3201 3578 3255 de

1993 3305 2150 3346 causa
2175 3292 2367 3345 lacuun
2409 3301 2492 3346 est
2541 3299 2598 3346 ut
2623 3291 2839 3361 capitini
2871 3291 3145 3361 discipulis
3170 3306 3395 3347 numero
3421 3306 3576 3360 pares

1991 3395 2190 3439 essent.
2223 3385 2424 3439 Deinde
2459 3399 2588 3440 vero
2617 3386 2867 3456 quoniam
2902 3385 3126 3439 instituti
3161 3385 3373 3440 fuerant
3405 3425 3421 3451 ,
3468 3401 3572 3439 non

1992 3489 2069 3532 tot
2107 3477 2486 3546 superfuerunt
2515 3519 2529 3543 ,
2569 3477 2664 3532 sed
2707 3487 2903 3547 sporta:
2942 3486 3147 3546 septem
3189 3476 3298 3546 (Id.
3331 3477 3416 3533 t5.
3457 3477 3571 3549 57).

1990 3571 2101 3640 Ego
2131 3586 2258 3624 vero
2286 3585 2389 3627 non
2425 3569 2582 3624 modo
2613 3569 2778 3624 miror
2821 3585 3013 3640 panum
3055 3570 3258 3640 c0piam
3282 3610 3296 3636 ,
3329 3569 3420 3624 sed
3451 3585 3571 3624 cum

1985 3662 2138 3732 copia
2181 3661 2594 3732 iragmeutorum
2636 3661 2841 3716 numeri
2885 3675 3097 3731 quoque
3137 3661 3527 3715 accurationem
3554 3701 3568 3723 ,

1985 3753 2127 3824 quod
2157 3769 2334 3824 neque
2371 3753 2488 3822 plus
2511 3767 2685 3824 neque
2711 3753 2888 3806 minus
2916 3751 3218 3808 redundare
3257 3751 3522 3807 curaverit
3550 3793 3566 3817 ,

1983 3849 2078 3902 Sed
2100 3856 2355 3917 quantum
2380 3847 2584 3912 voluit,
2618 3845 2760 3916 quod
2803 3847 3079 3916 prtescirct
3116 3856 3369 3916 quantum
3419 3845 3566 3898 insu-

1981 3939 2234 3993 mendum
2263 3937 2437 4001 foret;
2468 3937 2609 4006 quod
2640 3936 2922 3992 ineliabilis
2949 3945 3064 3991 erat
3096 3938 3393 4006 potestatis.
3420 3937 3562 3990 Con-

1981 4031 2260 4084 ﬁrmarunt
2286 4029 2463 4098 itaque
2491 4028 2786 4097 fragmenta
2819 4036 3101 4096 utrumque
3131 4029 3482 4094 miraculum,
3513 4041 3566 4084 et

1979 4122 2269 4193 probarunt
2300 4135 2412 4174 rem
2447 4135 2549 4172 non
2579 4134 2701 4174 esse
2742 4118 3144 4188 imaginariam,
3174 4127 3228 4172 et
3258 4135 3324 4172 ex
3353 4119 3416 4172 iis
3445 4135 3564 4189 qua:

1977 4213 2321 4269 comederunt
2387 4210 2731 4282 superfuisse.
2789 4209 3016 4264 Piscium
3062 4225 3190 4264 vero
3245 4209 3559 4264 miraculum

1979 4316 2104 4360 tunc
2125 4321 2188 4359 ex
2225 4303 2479 4374 subjectis
2503 4303 2736 4372 piscibus
2777 4303 2969 4356 factum
2995 4312 3072 4357 est
3106 4320 3118 4353 :
3148 4311 3270 4372 post
3313 4317 3559 4357 resurre-

1973 4398 2207 4452 ctionem
2238 4412 2384 4460 vero,
2417 4411 2519 4449 non
2569 4410 2634 4447 ex
2685 4393 2921 4462 subjecta
2971 4395 3212 4448 materia.
3248 4393 3459 4461 Quare?
3489 4393 3561 4450 Ut

1969 4489 2149 4545 discas
2190 4490 2360 4558 ipsum
2388 4489 2545 4542 etiam
2590 4502 2731 4542 nunc
2773 4486 2990 4540 maleria
3030 4500 3184 4540 usum
3220 4485 3416 4548 fuisse;
3449 4502 3554 4540 non

1967 4582 2110 4651 quod
2139 4581 2226 4635 illa
2261 4590 2316 4635 ut
2350 4579 2692 4635 fundamento
2717 4590 2896 4650 egeret
2922 4620 2935 4645 ,
2977 4581 3073 4635 sed
3097 4589 3153 4633 ut
3181 4578 3553 4633 hmreticorum

1966 4689 2062 4728 ora
2088 4674 2408 4728 Obstrueret.

2042 4767 2210 4820 Iudici
2251 4783 2349 4820 non
2388 4779 2491 4820 tam
2523 4784 2585 4820 cx
2627 4767 2876 4820 evidentia
2920 4766 3150 4820 miraculi
3176 4782 3328 4836 quant
3351 4782 3378 4819 e
3403 4775 3550 4819 satu-

1967 4860 2177 4914 rationis
2202 4861 2390 4931 gaudio
2414 4860 2480 4912 ad
2502 4859 2758 4914 Christum
2800 4859 3044 4912 conversi.
3087 4857 3370 4929 Dignitates
3409 4873 3550 4927 sper-

1966 4955 2156 5007 nendus
2181 4955 2320 5007 docet
2343 4953 2588 5007 Christus.
2613 4981 2684 4992 -—
2706 4952 2790 5006 Η.
2832 4949 3018 5004 Turba:
3047 4961 3214 5006 autem
3244 4949 3472 5005 dicebant
3506 4951 3546 5016 ‘,

1968 5048 2098 5113 Quia
2117 5048 2198 5100 hic
2209 5058 2278 5100 est
2299 5062 2408 5100 vere
2435 5047 2698 5116 propheta.
2717 5043 2762 5098 Ο
2783 5042 2919 5113 gula:
2941 5043 3244 5097 aviditatem
3265 5042 3278 5096 Ξ
3298 5042 3548 5094 innume-

1964 5155 2021 5193 ra
2055 5139 2295 5194 ediderat
2327 5138 2406 5190 his
2436 5135 2756 5190 mirabiliora
2781 5175 2796 5197 ,
2825 5142 2879 5188 et
2908 5149 3164 5204 nusquam
3184 5132 3285 5187 hoc
3309 5130 3543 5188 confessi

1963 5241 2120 5296 sunt,
2155 5233 2255 5285 nisi
2299 5247 2418 5284 cum
2459 5238 2641 5285 essent
2679 5228 2992 5282 exsaturati.
3027 5227 3154 5282 inde
3201 5240 3330 5296 ergo
3377 5226 3552 5297 liquet

1962 5327 2106 5394 ipsos
2151 5324 2459 5394 prOphetam
2495 5321 2777 5392 quemdam
2829 5321 3078 5375 eximium
3123 5320 3542 5390 cxspectavisse.

1961 5418 2092 5472 Nam
2125 5419 2198 5471 illi
2229 5415 2476 5471 dicebant
2500 5457 2517 5482 ,
2551 5413 2625 5468 Tu
2648 5431 2697 5468 es
2722 5413 3043 5484 propheta”?
3069 5411 3120 5467 lii
3145 5429 3270 5468 vero
3299 5453 3315 5479 ,
3345 5411 3438 5466 llic
3467 5422 3540 5467 est

2026 5576 2041 5608 ι
2077 5571 2241 5622 Morel.
2267 5571 2435 5630 habet,
2456 5570 2609 5621 turba:
2628 5575 2787 5619 autem
2811 5568 3024 5622 videntes
3046 5570 3234 5631 signum
3262 5569 3502 5619 dicebant.

2019 5640 2039 5670 ³
2076 5636 2212 5698 Idem
2236 5634 2358 5698 legit
2381 5647 2394 5683 :
2425 5641 2586 5697 Itaque
2609 5631 2682 5685 illi
2703 5631 2923 5686 dicebant
2959 5643 2979 5684 :
3009 5651 3032 5679 ι
3054 5641 3214 5683 Aoum
3235 5631 3314 5683 hic
3337 5639 3406 5683 ω
3427 5643 3534 5696 pro

1956 5699 2097 5761 plicia
2124 5696 2149 5746 ?
2169 5712 2190 5742 ι
