4070 6214
349 241 458 296 245

351 345 620 417 prOpIteta.
652 346 739 400 15.
772 343 922 397 Jrsns
951 352 1114 394 autem
1141 382 1154 403 ,
1191 358 1303 393 cum
1329 341 1636 410 cognoviser
1666 341 1785 409 quia
1815 355 1936 391 ven-

351 439 453 493 turi
481 449 624 493 erant
649 447 704 490 ut
729 445 959 505 raperent
986 450 1099 486 eum
1123 474 1136 494 ,
1173 443 1218 485 ct
1244 433 1467 500 facerent
1483 448 1592 484 eum
1622 447 1787 501 regem
1811 471 1826 496 ,
1855 447 1935 484 se-

354 531 504 584 cessit
528 531 709 582 iterant
737 530 786 580 in
809 537 1044 580 montem.
1076 525 1252 592 Papae,
1276 535 1469 593 quanta
1501 523 1636 593 gnte
1659 522 1934 594 tyrannis!

355 632 549 692 quanta
593 619 892 672 volubilitas
951 617 1162 670 animi!
1203 615 1318 669 Non
1359 616 1497 669 ultra
1543 615 1712 684 legem
1762 614 1936 668 vindi-

353 721 478 766 ιτςιιιι
509 754 522 775 ,
553 727 657 764 non
703 710 844 763 ultra
893 709 1188 762 violatum‘
1221 707 1498 762 sabbatum
1546 715 1779 771 curant,
1830 719 1936 758 non

356 805 490 858 ultra
527 803 620 856 Dei
642 802 756 856 zelo
800 810 1082 854 moventur
1111 840 1126 864 ,
1176 799 1269 854 sed
1301 799 1503 868 repleto
1529 807 1714 853 ventre
1761 797 1938 851 omnia

353 897 681 966 ahjeeerunt.
712 895 846 948 'l'um
889 891 1147 964 propheta
1173 891 1313 961 apud
1338 891 1456 945 illos
1491 898 1639 956 erat,
1678 899 1733 944 et
1758 903 1936 958 regem

354 997 507 1044 erant
549 986 854 1041 coronaturi
883 1001 896 1037 :
925 985 1168 1040 Christus
1209 993 1386 1040 autem
1424 983 1576 1052 fugit.
1616 981 1834 1049 Quare?
1875 980 1940 1036 Ut

356 1095 453 1136 nos
480 1080 671 1135 doceat
712 1079 1040 1150 spernendas
1095 1093 1216 1133 esse
1255 1078 1540 1148 dignitates
1566 1117 1581 1142 ,
1610 1085 1665 1131 et
1694 1074 1941 1130 ostendat

356 1193 414 1230 se
445 1175 586 1229 nulla
628 1189 692 1229 ex
737 1174 963 1228 terrenis
1015 1172 1177 1226 rebus
1226 1186 1361 1241 opus
1409 1170 1627 1225 habere.
1669 1168 1801 1223 Nam
1849 1168 1940 1238 qui

355 1267 534 1321 omnia
574 1265 696 1320 vilia
724 1265 921 1335 elegit,
957 1273 1011 1320 et
1051 1274 1306 1327 matrem,
1336 1271 1389 1318 et
1419 1263 1634 1316 domum
1663 1303 1678 1326 ,
1710 1260 1896 1315 urbem
1921 1301 1936 1325 ,

357 1357 747 1425 educationem,
778 1357 1116 1421 vestimenta,
1148 1369 1252 1408 non
1273 1370 1338 1410 ex
1365 1353 1592 1408 terrenis
1621 1352 1940 1421 conspicuus

357 1451 565 1505 futurus
604 1459 738 1506 erat.
771 1448 903 1504 Nam
949 1448 1183 1503 cmlestia
1225 1447 1368 1502 clara
1401 1461 1696 1516 magnaque
1739 1454 1891 1499 erant
1921 1485 1939 1512 ,

356 1542 530 1613 angeli
551 1582 568 1608 ,
593 1541 749 1596 stella
769 1581 782 1606 ,
813 1540 972 1594 Pater
1017 1540 1257 1594 clamans
1280 1578 1296 1603 ,
1327 1537 1558 1608 Spiritus
1604 1537 1897 1592 testificans
1923 1577 1941 1602 ,

360 1636 635 1706 prophetae
657 1635 766 1705 jam
793 1633 920 1689 olim
944 1633 1294 1703 przedicanles
1319 1649 1332 1684 :
1367 1632 1418 1685 in
1449 1641 1590 1686 terra
1618 1638 1796 1684 autem
1821 1627 1942 1682 vilia

366 1731 546 1784 ninnia
578 1738 751 1795 erant,
799 1737 857 1782 ut
905 1728 984 1781 sic
1012 1726 1128 1794 ejus
1167 1733 1402 1795 potestas
1431 1723 1600 1794 magis
1636 1728 1942 1791 appareret.

359 1821 517 1877 Venit
559 1829 705 1876 certe
744 1834 842 1874 nos
884 1817 1256 1882 instituturus,
1287 1825 1343 1869 ut
1381 1823 1788 1869 contemnamus
1810 1828 1946 1883 pra:-

360 1913 552 1978 sentia,
583 1925 757 1981 neque
793 1908 1120 1964 admiremur
1146 1922 1208 1961 ea
1248 1922 1366 1975 qtne
1399 1906 1450 1958 in
1481 1904 1579 1958 hac
1623 1903 1728 1957 vita
1762 1903 1944 1973 splen-

359 2004 482 2060 dida
510 2003 793 2068 videntur;
835 2000 930 2055 sed
972 2015 1033 2054 ea
1072 1999 1252 2054 omnia
1292 1997 1632 2062 irrideamus,
1663 1996 1946 2064 futuraque

359 2113 621 2151 amemus.
644 2095 776 2149 Nam
802 2094 892 2164 qui
923 2092 1206 2162 praesentia
1233 2091 1456 2145 miratur
1481 2132 1494 2154 ,
1520 2105 1626 2143 non
1668 2087 1948 2142 mirabitur

363 2203 423 2241 ea
449 2202 566 2257 qua:
597 2186 649 2240 in
676 2185 818 2240 caelis
860 2193 1004 2238 sunt.
1044 2182 1168 2237 Ideo
1222 2181 1435 2237 dicebat
1477 2181 1683 2234 Pilato:
1718 2179 1948 2249 Regnum

363 2297 528 2333 meum
553 2291 746 2333 nonest
786 2277 848 2331 de
874 2277 969 2330 Itoc
1000 2277 1191 2330 mundo
1221 2274 1398 2345 (Joan.
1430 2274 1516 2327 18.
1545 2270 1657 2343 56);
1689 2286 1756 2326 ne
1796 2269 1948 2324 vide-

363 2381 512 2425 retur
551 2371 782 2424 humano
832 2377 976 2422 metu
1020 2377 1075 2422 et
1123 2367 1359 2436 potentia
1411 2365 1480 2419 ad
1521 2362 1946 2434 persuadendum

365 2465 459 2517 uti.
489 2462 596 2517 Cur
623 2477 750 2532 ergo
779 2460 906 2514 dicit
936 2459 1195 2530 prepheta
1227 2477 1238 2512 :
1278 2458 1407 2510 Ecce
1434 2473 1524 2510 rex
1550 2467 1665 2509 tuus
1701 2456 1830 2509 venit
1862 2455 1950 2508 tibi

365 2564 655 2607 mansuetus
676 2594 690 2619 ,
711 2553 888 2606 sedens
913 2568 1064 2620 super
1083 2547 1401 2621 subjugalem
1431 2547 1616 2619 (Zach.
1644 2547 1697 2602 9.
1722 2547 1822 2616 9)?
1855 2547 1952 2600 Hic

367 2653 434 2700 de
465 2661 628 2714 regno
659 2644 890 2713 loquitur
919 2642 1120 2696 caelesti
1143 2683 1156 2705 ,
1188 2657 1291 2694 non
1320 2641 1387 2695 de
1411 2651 1644 2693 terreno.
1679 2638 1803 2692 ideo
1832 2653 1953 2692 rur-

366 2753 484 2791 smn
516 2736 724 2791 dicebat
747 2751 760 2785 :
793 2734 1020 2788 Gloriam
1046 2733 1109 2786 ab
1137 2732 1339 2785 homine
1360 2747 1458 2784 non
1480 2729 1696 2800 accipio.

441 2830 494 2882 4.
541 2826 716 2880 Gloria
741 2843 843 2880 non
870 2827 1037 2896 ﬂuxa,
1061 2824 1149 2878 sed
1167 2822 1466 2876 immortalis
1489 2821 1732 2874 amanda.
1765 2818 1954 2875 Contra

368 2917 680 2986 spectacula.
702 2947 773 2957 —
800 2917 1075 2971 Discamus
1099 2930 1256 2982 ergo,
1291 2915 1508 2979 dilecti,
1543 2911 1804 2966 humanos
1856 2911 1956 2966 ho-

369 3025 530 3063 nores
587 3023 864 3076 spernere,
916 3022 1022 3061 non
1081 3006 1410 3060 desiderare.
1465 3004 1680 3058 Honore
1725 3019 1954 3073 namque

370 3115 563 3170 magno
607 3099 890 3161 afficimnr,
942 3099 1028 3153 cui
1077 3107 1418 3166 comparatus
1462 3096 1725 3150 hmnanns
1782 3097 1956 3150 honor

369 3192 688 3248 contumelia
730 3201 810 3246 est
834 3233 848 3256 ,
881 3193 1019 3245 risus
1045 3199 1101 3246 et
1125 3189 1387 3246 commdia
1415 3206 1430 3254 ;
1464 3199 1520 3244 ut
1546 3197 1602 3244 et
1626 3189 1822 3244 divitiae
1850 3199 1958 3244 ter-

371 3301 516 3340 renze
567 3285 672 3339 illis
715 3293 1037 3354 comparate
1083 3291 1369 3354 paupertas
1405 3290 1530 3336 sunt
1559 3323 1572 3345 ,
1605 3290 1659 3336 et
1701 3283 1805 3335 vita
1843 3281 1958 3336 hinc

372 3381 486 3434 sine
526 3379 613 3433 illa
665 3394 812 3433 mors
853 3388 935 3432 est
977 3377 1186 3449 (Sine’,
1221 3377 1408 3447 inquit,
1466 3385 1692 3428 mortuos
1737 3375 1958 3444 sepelire

372 3484 598 3527 mortuos
636 3489 753 3525 suos
781 3471 994 3544 [Matt/i.
1034 3472 1088 3525 8.
1113 3470 1246 3543 532])
1274 3488 1286 3522 :
1318 3470 1398 3523 sic
1421 3469 1588 3538 gloria
1622 3469 1736 3522 hare
1761 3509 1776 3533 ,
1818 3469 1863 3522 si
1892 3467 1960 3522 ad

375 3564 519 3617 illam
548 3562 855 3616 conferatur
879 3601 894 3628 ,
926 3562 1097 3630 pudor
1139 3570 1220 3614 est
1247 3571 1301 3616 et
1341 3561 1500 3614 risus.
1530 3559 1607 3614 Ne
1637 3560 1794 3629 igitur
1822 3558 1962 3613 hanc

377 3669 726 3723 aucupentur.
752 3652 882 3706 Nam
910 3652 954 3706 si
981 3652 1013 3704 ii
1052 3652 1141 3721 qui
1171 3652 1300 3705 dant
1330 3652 1470 3704 illam
1504 3651 1694 3725 umbra
1719 3662 1772 3706 et
1814 3666 1961 3705 som-

386 3747 490 3801 niis
533 3756 658 3799 sunt
704 3745 918 3799 viliores
943 3785 956 3808 ,
1000 3744 1168 3798 multo
1214 3745 1382 3814 magis
1410 3745 1520 3813 ipsa
1551 3745 1716 3813 gloria
1749 3761 1761 3797 :
1791 3743 1965 3796 Gloria

381 3839 512 3892 enim
531 3837 748 3890 hominis
771 3848 1024 3906 tamquam
1045 3837 1142 3905 ﬂos
1163 3837 1282 3907 foeni
1300 3835 1348 3905 (Ι
1355 3836 1452 3890 sai.
1473 3836 1561 3890 40.
1579 3835 1655 3905 6).
1679 3834 1816 3903 Quid
1836 3835 1965 3889 flore

381 3932 506 3987 freni
538 3932 692 3986 vilius
721 3931 878 3985 fuerit
900 3929 1125 4000 (LPetr.
1158 3930 1208 3983 1.
1230 3927 1348 4002 21)ἳ
1371 3929 1474 3984 Sed
1491 3929 1698 3984 etiamsi
1719 3929 1965 3983 diuturna

387 4031 564 4085 esset,
619 4021 744 4091 quid
794 4021 919 4076 hinc
967 4021 1159 4076 animae
1200 4023 1372 4076 lucri?
1402 4021 1587 4085 Nihil;
1641 4021 1746 4074 imo
1782 4020 1968 4074 admo-

380 4115 503 4169 dum
531 4124 687 4169 nocet
707 4155 722 4180 ,
749 4124 803 4168 et
828 4128 1014 4169 servos
1033 4114 1228 4181 efficit,
1260 4113 1515 4184 emptitiis
1537 4114 1705 4168 servis
1729 4112 1964 4168 deterio-

380 4221 489 4272 res,
522 4205 611 4276 qui
637 4220 742 4260 uon
776 4205 864 4259 uni
892 4204 1109 4260 domino
1134 4249 1148 4266 .
1178 4205 1273 4260 sed
1312 4205 1519 4261 duobus
1545 4245 1561 4272 ,
1601 4205 1768 4260 tribus
1794 4247 1809 4271 ,
1841 4205 1964 4260 mil-

381 4301 522 4354 libus
546 4343 559 4363 ,
608 4299 822 4354 diversa
857 4299 1232 4354 mandantibus
1258 4299 1512 4354 serviant.
1541 4297 1748 4366 Quanto
1772 4298 1963 4354 melius

380 4403 465 4448 est
496 4393 722 4448 liberum
752 4407 895 4460 esse,
928 4408 1084 4463 quam
1113 4408 1325 4448 servum
1351 4409 1366 4447 :
1399 4393 1624 4448 liberum
1651 4392 1865 4462 quidem
1895 4391 1964 4446 ab

381 4486 656 4540 hominum
707 4486 965 4541 servitute
990 4527 1005 4554 ,
1035 4501 1245 4542 servum
1279 4487 1562 4557 imperanti
1606 4485 1758 4540 Deo?
1798 4485 1851 4541 Si
1884 4485 1963 4539 vis

383 4578 595 4634 tandem
623 4594 805 4634 amare
831 4580 1056 4649 gloriam
1079 4621 1094 4644 ,
1119 4593 1236 4634 ama
1255 4620 1269 4643 ,
1301 4578 1392 4633 sed
1423 4579 1800 4632 immortalem.
1829 4575 1961 4630 Nam

381 4673 499 4742 ejus
523 4683 575 4729 et
600 4674 961 4743 spectaculum
989 4672 1319 4742 splendidius
1355 4681 1438 4726 est
1466 4713 1480 4737 ,
1514 4679 1571 4726 et
1614 4672 1818 4724 lucrum
1847 4685 1962 4722 ma-

382 4764 487 4833 jus.
518 4765 581 4818 Hi
623 4775 674 4819 te
709 4764 901 4833 jubent
936 4762 1216 4832 dispendio
1247 4772 1335 4817 tuo
1362 4763 1492 4832 ipsis
1522 4763 1768 4830 placere:
1812 4759 1962 4814 Chri-

387 4868 501 4912 stus
527 4872 654 4912 vero
681 4867 864 4911 contra
891 4855 1193 4923 centuplum
1215 4855 1475 4910 donorum
1504 4855 1596 4907 tibi
1619 4852 1884 4917 retribuit,
1913 4863 1967 4906 et

386 4947 468 5002 his
499 4947 660 5001 vitam
688 4957 942 5000 aeternam
972 4945 1139 4999 addit.
1168 4945 1302 5012 Quid
1329 4958 1458 5015 ergo
1485 4943 1708 5006 melius,
1741 4942 1792 4995 in
1825 4952 1965 4996 terra

387 5053 453 5091 an
505 5039 557 5092 in
606 5037 752 5092 caelis
778 5078 792 5102 ,
828 5035 1129 5092 hominibus
1172 5050 1238 5088 an
1281 5034 1391 5088 Deo
1437 5032 1773 5086 admirationi
1798 5033 1965 5088 esse?

374 5130 581 5184 damno
603 5146 668 5183 an
695 5130 843 5184 lucro
871 5129 1005 5183 tuo?
1033 5126 1280 5184 coronari
1304 5125 1371 5180 ad
1396 5139 1552 5179 unam
1592 5123 1730 5178 diem
1752 5164 1768 5190 ,
1800 5139 1867 5178 an
1897 5122 1965 5177 ad

454 5242 467 5272 ¹
507 5239 592 5289 Alii
621 5241 812 5302 legunt,
837 5239 1058 5301 solutum,
1085 5253 1192 5302 pro,
1217 5237 1458 5288 riolatwn.

452 5303 474 5338 ³
494 5302 634 5352 savii.
655 5302 794 5364 legit,
818 5303 976 5354 sinite.

1129 227 1182 282 S.
1225 227 1500 283 JOA‘NNIS
1536 222 2013 281 Cllli‘iSOSTOMl
2053 223 2366 278 ARCl‘lIEP.
2409 224 2938 280 CONSTANTINOP.

3516 227 3617 290 244

2048 339 2250 393 infinita
2277 341 2514 395 Saecula?
2544 343 2618 397 Da
2639 346 2847 413 egenti,
2879 362 2983 399 non
3015 346 3318 415 tripudianti
3342 390 3356 413 ,
3403 365 3471 404 ne
3497 369 3618 408 cum

2045 432 2285 500 pecuniis
2332 433 2436 487 tuis
2485 435 2716 489 animam
2763 437 2901 490 illius
2948 438 3160 506 perdas.
3191 439 3270 494 Tn
3294 442 3436 495 enim
3481 444 3621 512 quod

2045 522 2162 578 hzec
2201 524 2443 580 studiose
2471 535 2525 580 et
2570 528 2940 597 intempestive
2985 530 3128 584 colas
3154 573 3168 595 ,
3203 532 3456 600 perniciei
3488 533 3624 588 illius

2045 627 2230 670 auctor
2254 631 2332 669 es.
2383 616 2438 670 Si
2481 617 2681 672 scirent
2717 619 2860 672 enim
2893 620 2990 684 illi,
3023 621 3112 689 qui
3158 620 3450 675 orchestrae
3499 623 3626 676 dant

2044 723 2282 778 operam,
2316 724 2387 762 ex
2431 719 2547 762 arte
2588 709 2719 762 nihil
2750 711 2850 765 sibi
2900 709 3014 764 fore
3059 712 3236 778 lucri,
3280 712 3388 781 jam
3422 714 3622 782 pridem

2045 799 2406 856 destitissent:
2435 815 2554 856 cum
2577 812 2756 856 autem
2783 810 2834 856 te
2855 801 3034 856 vident
3057 803 3416 872 plaudentem,
3441 821 3626 860 accur-

2045 903 2274 959 rentem,
2305 905 2549 963 sumptus
2577 893 2982 963 profundentem
3013 935 3028 959 ,
3063 904 3148 948 tua
3179 895 3580 951 exhaurientem
3605 942 3620 963 ,

2045 985 2259 1039 etiamsi
2285 984 2490 1039 nollent
2519 999 2740 1054 pergere
2765 1025 2780 1050 ,
2811 984 2944 1042 lucri
2975 986 3222 1054 cupidine
3266 995 3532 1042 tenentur.
3567 988 3625 1045 Si

2046 1078 2246 1133 scirent
2274 1118 2290 1144 ,
2334 1077 2599 1132 neminem
2645 1093 2738 1132 sua
2769 1078 3104 1133 laudaturum
3151 1094 3271 1134 esse
3294 1121 3308 1144 ,
3341 1081 3448 1134 cito
3482 1081 3625 1138 desi.

2047 1180 2254 1226 sterent
2301 1185 2331 1224 a
2363 1170 2634 1225 laboribus
2659 1212 2674 1237 ,
2707 1171 2854 1225 luero
2889 1179 3134 1226 cessante
3164 1189 3179 1227 :
3205 1187 3325 1226 cum
3355 1188 3482 1227 vero
3509 1189 3624 1228 rem

2047 1262 2386 1317 admirationi
2414 1263 2594 1317 nmltis
2615 1277 2736 1318 esse
2765 1262 2950 1317 vident
2975 1305 2989 1327 ,
3022 1264 3328 1318 inescantur
3357 1265 3622 1320 laudibus.

2045 1354 2329 1410 Cessemus
2353 1355 2606 1410 inutiliter
2627 1355 2967 1426 impendere:
2991 1356 3256 1412 discamus
3281 1373 3383 1427 qua
3407 1359 3460 1411 in
3488 1374 3544 1412 re
3573 1369 3627 1414 et

2047 1445 2259 1516 quando
2305 1445 2616 1516 impendere
2657 1455 2904 1516 oporteat
2931 1464 2945 1500 :
2971 1462 3040 1502 ne
3083 1447 3333 1518 utrinque
3366 1449 3532 1502 Deum
3558 1449 3624 1504 ad

2048 1540 2180 1594 iram
2205 1553 2572 1608 provocemus,
2600 1547 2654 1593 et
2679 1539 3050 1610 congreganda
3077 1540 3218 1595 unde
3245 1557 3349 1594 non
3378 1541 3500 1595 licet
3529 1582 3545 1606 ,
3571 1552 3627 1596 et

2047 1630 2403 1701 dispergendo
2433 1632 2486 1685 in
2514 1647 2632 1701 quae
2667 1646 2774 1685 non
2797 1641 3088 1700 oporteret.
3115 1631 3228 1699 Qua
3258 1632 3487 1687 vindicta
3520 1650 3624 1689 non

2048 1725 2238 1795 dignus
2267 1739 2327 1780 es
2359 1767 2374 1790 ,
2403 1738 2525 1778 cum
2570 1738 2857 1794 pauperem
2900 1733 3320 1795 prmtercurrens
3357 1727 3627 1782 meretrici

2049 1815 2307 1886 largiris?
2333 1814 2554 1869 Etiamsi
2582 1816 2724 1870 enim
2753 1829 2821 1870 ex
2845 1814 3010 1884 justis
3039 1815 3307 1869 laboribus
3333 1831 3582 1887 erogares
3610 1859 3627 1885 ,

2051 1925 2228 1965 annon
2248 1910 2400 1979 culpa
2427 1915 2606 1975 esset,
2636 1910 2887 1979 nequitia:
2927 1909 3226 1965 mercedem
3254 1909 3382 1964 dare
3407 1952 3420 1975 ,
3451 1920 3506 1966 et
3535 1927 3630 1980 pro

2049 2000 2240 2054 merita
2294 2015 2452 2069 poena
2501 1999 2760 2054 honorem
2805 1999 3115 2069 impendere
3141 2001 3164 2054 ?
3192 1997 3322 2054 Cum
3351 2016 3479 2056 vero
3505 2017 3631 2071 spo-

2051 2093 2192 2147 liatis
2216 2092 2446 2162 pupillis,
2477 2093 2799 2162 senibusque
2822 2091 3059 2158 nudatis,
3091 2093 3317 2148 lascivos
3340 2093 3456 2158 alis,
3485 2095 3629 2164 cogi—

2051 2195 2102 2240 ta
2130 2186 2250 2255 quis
2309 2186 2444 2255 ignis
2497 2192 2648 2239 tanto
2701 2184 2892 2239 sceleri
2918 2184 2988 2239 sit
3027 2193 3264 2254 paratus.
3319 2185 3454 2239 Audi
3499 2184 3627 2254 quid

2051 2278 2193 2334 dicat
2238 2278 2469 2332 Paulus:
2507 2277 2629 2331 Non
2665 2287 2861 2331 tantum
2901 2278 2987 2346 qui
3031 2278 3138 2330 [nec
3167 2278 3358 2349 faciunt
3387 2320 3402 2345 ,
3431 2278 3518 2331 sed
3545 2295 3629 2346 qui

2053 2371 2264 2426 laudant
2311 2371 2552 2441 facientes
2588 2369 2764 2443 (Rom.
2795 2371 2846 2424 1.
2877 2369 3001 2439 '52).
3033 2369 3282 2425 Fortasse
3328 2369 3503 2424 acrius
3533 2383 3632 2422 vos

2053 2464 2409 2531 incessimus;
2443 2464 2536 2519 sed
2575 2465 2618 2518 si
2664 2479 2761 2519 nos
2793 2479 2900 2518 non
2947 2464 3277 2519 inecssamus
3303 2505 3316 2527 ,
3373 2463 3632 2533 supplicia

2053 2565 2272 2611 manent
2301 2571 2394 2610 eos
2421 2557 2509 2626 qui
2542 2571 2828 2626 numquam
2856 2555 3231 2611 emendantur.
3261 2555 3398 2621 Quid
3423 2558 3635 2624 juvarct

2053 2663 2150 2702 vos
2183 2648 2415 2719 gratiose
2447 2647 2643 2715 alloqui
2669 2687 2686 2713 ,
2739 2648 2911 2717 reipsa
2933 2648 3193 2718 supplicio
3223 2657 3446 2718 propter
3473 2662 3633 2715 opera

2054 2739 2406 2794 afficiendos?
2447 2739 2654 2794 Laudas
2705 2739 2984 2793 saltantem
3016 2779 3030 2802 ,
3058 2739 3298 2794 celebras
3329 2780 3342 2802 ,
3378 2739 3636 2793 miraris?

2056 2832 2195 2902 Ergo
2223 2831 2315 2886 illo
2346 2830 2513 2886 factus
2541 2846 2599 2886 es
2621 2830 2875 2886 deterior.
2900 2830 3054 2884 Illum
3079 2839 3361 2900 paupertas
3383 2846 3637 2885 excusare

2057 2923 2286 2985 videtur.
2340 2923 2549 2977 etiamsi
2599 2939 2704 2976 non
2749 2923 2903 2991 culpa
2957 2923 3025 2976 sit
3067 2922 3357 2985 immunis;
3409 2931 3464 2974 tu
3511 2936 3638 2975 vero

2057 3015 2216 3070 etiam
2259 3014 2359 3068 hac
2398 3013 2708 3068 defensione
2757 3028 2928 3067 cares.
2976 3012 3127 3066 lllum
3179 3013 3222 3066 si
3273 3013 3636 3082 interrogem,

2059 3106 2163 3162 Cur
2214 3106 2331 3161 aliis
2375 3105 2574 3160 relictis
2613 3105 2815 3158 artibus
2840 3145 2854 3170 ,
2916 3103 3054 3158 hanc
3085 3104 3344 3173 impuram
3385 3113 3439 3158 et
3480 3118 3639 3158 exsea

2059 3197 2312 3254 crandam
2357 3197 2622 3252 sectaris?
2668 3193 3037 3264 respondebit,
3071 3193 3203 3261 Quia
3235 3209 3448 3264 possum
3478 3209 3640 3264 parvo

2061 3291 2245 3345 labore
2275 3289 2499 3343 multum
2533 3287 2752 3341 lucrari.
2781 3285 2822 3340 Τ
2827 3301 2856 3340 c
2885 3299 3011 3340 vero
3039 3285 3086 3340 si
3127 3286 3448 3354 interrogem
3471 3325 3488 3349 ,
3534 3284 3641 3338 Cur

2061 3384 2318 3438 lascivum
2349 3382 2560 3436 miraris
2589 3422 2603 3447 ,
2633 3379 2722 3450 qui
2749 3379 2814 3432 ad
2842 3379 3128 3433 multorum
3153 3377 3440 3448 perniciem
3471 3380 3632 3431 vitam

2062 3475 2254 3530 ducit?
2289 3490 2392 3528 non
2424 3472 2621 3543 poteris
2654 3471 2720 3526 ad
2762 3471 3004 3526 eamdem
3036 3469 3402 3526 defensionem
3451 3468 3641 3524 confu-

2065 3582 2191 3636 gere
2218 3607 2236 3634 ,
2269 3566 2364 3621 sed
2393 3565 2603 3635 cogeris
2627 3563 2862 3619 demisso
2883 3562 3028 3616 vultu
3055 3561 3390 3617 erubescere.
3420 3559 3568 3628 Quod
3598 3559 3641 3613 si

2067 3657 2220 3712 nobis
2248 3657 2505 3711 rationem
2533 3655 2889 3726 exigentibus,
2925 3669 2991 3708 ne
3016 3653 3207 3708 mutire
3225 3652 3436 3722 quidem
3468 3661 3641 3720 potes:

2066 3749 2276 3822 quando
2308 3748 2634 3803 horrendum
2663 3745 2795 3801 illud
2819 3757 2873 3800 et
2899 3745 3204 3800 inevitabile
3227 3743 3452 3797 tribunal
3483 3757 3644 3810 appa-

2068 3844 2241 3909 rebit,
2278 3843 2365 3896 ubi
2417 3850 2470 3896 et
2513 3841 2894 3910 cogitationum
2921 3848 2976 3893 et
3013 3848 3222 3892 actuum
3252 3835 3506 3889 reddituri
3553 3849 3643 3887 su-

2070 3953 2186 3991 mus
2216 3936 2475 3992 rationem
2507 3976 2523 4001 ,
2568 3933 2835 4003 quomodo
2889 3941 3030 3985 stare
3079 3929 3412 4000 poterimus?
3451 3929 3643 3997 quibus

2069 4028 2238 4082 oculis
2277 4026 2514 4096 judicem
2564 4021 2955 4093 respiciemus?
3007 4021 3134 4091 quid
3177 4019 3456 4074 dicemus?
3487 4033 3642 4088 quam

2069 4119 2434 4176 defensionem
2475 4115 2850 4189 proferemus?
2897 4130 3053 4184 quam
3104 4111 3503 4167 excusationem
3551 4124 3645 4178 ap-

2071 4223 2177 4268 tam
2205 4255 2218 4278 ,
2251 4213 2484 4282 ineptam
2512 4208 2869 4266 habebimus?
2912 4223 2980 4261 an
3014 4221 3111 4260 nos
3139 4206 3189 4259 id
3221 4208 3396 4260 facere
3423 4219 3520 4274 pro
3545 4203 3648 4256 im-

2073 4322 2262 4378 pensa,
2283 4322 2380 4377 pro
2413 4305 2708 4375 voluptate,
2735 4318 2832 4372 pro
2860 4301 3085 4354 aliorum
3115 4297 3350 4367 pernicie
3372 4336 3387 4361 ,
3416 4309 3550 4364 quos
3597 4293 3649 4346 in

2070 4400 2160 4454 illa
2185 4407 2300 4454 arte
2329 4397 2504 4468 perire
2551 4397 2790 4465 cogimus
2816 4393 2838 4446 ?
2868 4391 3008 4447 Nihil
3041 4402 3190 4446 certe
3227 4388 3521 4459 poterimus
3568 4386 3650 4440 di-

2069 4507 2232 4556 cere;
2267 4489 2360 4546 sed
2389 4489 2690 4546 necessario
2723 4487 3003 4556 puniemur
3025 4526 3040 4549 ,
3071 4481 3336 4553 supplicio
3366 4495 3650 4550 numquam

2051 4577 2309 4637 ifiniendo
2336 4622 2350 4645 ,
2384 4595 2672 4646 numquam
2703 4575 3059 4632 terminando.
3093 4573 3245 4642 Quod
3298 4589 3366 4626 ne
3411 4571 3615 4625 accidat
3639 4611 3652 4630 .

2075 4675 2161 4730 hic
2185 4673 2295 4743 jam
2323 4685 2533 4724 summo
2575 4668 2750 4721 studio
2774 4682 3061 4721 caveamus
3085 4708 3100 4732 ,
3127 4674 3211 4722 .ut
3237 4680 3357 4718 cum
3387 4663 3522 4716 bona
3563 4677 3657 4731 spe

2074 4767 2199 4822 hinc
2250 4764 2582 4833 migrantes,
2631 4768 2827 4813 interna
2873 4760 3009 4812 bona
3061 4771 3454 4823 consequamur
3493 4769 3656 4823 :qua:

2074 4862 2271 4915 utinam
2302 4870 2490 4910 omnes
2510 4854 2890 4922 adipiscamur,
2915 4851 3083 4919 gratia
3107 4859 3159 4900 et
3189 4847 3517 4914 benignitate
3550 4847 3656 4898 Do—

2071 4951 2198 5007 mini
2223 4949 2387 5004 nostri
2414 4947 2538 5002 Jesu
2568 4945 2765 5001 Christi
2792 4985 2807 5009 ,
2843 4959 2934 5012 per
2959 4957 3114 5010 quem
3146 4948 3199 4992 ct
3229 4954 3348 4992 eum
3378 4954 3483 5007 quo
3515 4939 3654 4992 Patri

2073 5046 2238 5116 gloria
2263 5083 2280 5109 ,
2311 5041 2575 5110 simulque
2602 5036 2822 5107 Spiritui
2850 5042 3038 5087 sancto
3063 5072 3077 5098 ,
3107 5046 3251 5084 nunc
3277 5039 3330 5084 et
3361 5045 3577 5100 semper
3603 5039 3658 5086 et

2074 5137 2126 5190 in
2157 5133 2347 5190 saecula
2392 5131 2730 5186 sa-culorum.
2766 5127 2956 5178 Amen.
