4070 6214
333 284 436 344 ess

1354 264 1420 324 IN
1454 260 1763 324 JOANNEM
1802 260 2032 318 llOMIL.
2076 261 2254 318 XLlll.
2296 264 2368 318 al.
2410 261 2573 319 XLII.

3504 269 3610 328 216

331 400 3603 450 ’,Μ-*ξω*

1652 488 1999 553 HOMILIA
2038 487 2266 552 XLIII.

329 652 464 714 ευ.
492 656 545 712 ϐ.
589 671 645 710 v.
670 653 757 709 16.
791 648 858 708 Ut
884 657 1050 704 autem
1070 663 1181 702 sero
1207 648 1394 718 factum
1410 650 1513 708 est,
1551 638 1914 705 descenderunt

408 747 644 818 discipuli
671 745 783 815 ejus
810 742 878 795 ad
903 755 1058 794 mare.
1089 738 1176 792 17.
1213 735 1278 789 Et
1300 749 1414 787 cum
1446 730 1786 785 ascendissent
1822 743 1918 781 na-

406 855 549 906 vem,
579 844 814 890 venerunt
842 843 980 886 trans
1018 845 1157 883 mare
1192 828 1245 880 in
1282 824 1619 893 Capernaum.
1667 818 1734 873 Et
1775 827 1916 872 tene-

409 930 512 984 brat
548 931 660 999 ja‘m
703 930 851 997 facta
890 931 1052 989 erant,
1083 930 1251 974 etnon
1280 924 1478 971 venerat
1506 913 1572 967 ad
1605 913 1721 967 illos
1745 911 1914 966 lesus.

410 1022 498 1079 i8.
537 1020 682 1075 Mare
708 1027 875 1071 autem
893 1057 909 1084 ,
939 1025 1085 1070 vento
1110 1026 1293 1081 magno
1318 1010 1476 1079 ﬂante
1502 1048 1518 1072 ,
1547 1003 1863 1076 exsurgebat.

412 1112 465 1168 1.
495 1111 721 1167 Christus
744 1111 893 1162 etiam
916 1106 1090 1159 absens
1111 1111 1313 1158 suorum
1343 1098 1551 1153 utilitati
1572 1097 1755 1151 studet.
1792 1093 1922 1160 Qua:

329 1206 483 1275 signa
504 1202 737 1271 discipuli
762 1200 855 1254 soli
872 1192 1293 1252 viderint.——Non
1320 1203 1557 1262 praisens
1579 1196 1779 1242 tantum
1801 1200 1921 1240 cor-

333 1272 591 1367 poraliter
611 1286 884 1361 discipulis
904 1289 1082 1353 Jesus,
1118 1284 1214 1342 sed
1243 1285 1401 1339 etiam
1430 1282 1621 1335 absens
1648 1287 1701 1333 et
1727 1272 1911 1348 procul

334 1402 565 1443 versans
589 1428 605 1453 ,
636 1398 821 1440 eorum
858 1380 1038 1436 studet
1063 1376 1297 1432 utilitati.
1317 1372 1450 1429 Cum
1478 1373 1618 1428 enim
1646 1378 1699 1425 et
1727 1378 1921 1439 potens

333 1482 413 1536 sit
455 1489 510 1535 et
555 1492 748 1548 sagax,
796 1489 892 1545 per
944 1469 1211 1527 contraria
1255 1465 1394 1520 idem
1436 1464 1609 1533 ipsum
1649 1468 1919 1530 operatur.

338 1569 729 1627 Animadverte
757 1579 988 1634 namque
1010 1560 1135 1631 quid
1164 1558 1250 1613 hic
1278 1564 1416 1627 agat.
1442 1553 1664 1609 Relictis
1692 1550 1924 1620 discipu-

334 1665 410 1720 lis
435 1706 450 1731 ,
481 1660 724 1718 ascendit
747 1660 799 1713 in
830 1665 1085 1712 montem.
1116 1652 1194 1706 llli
1222 1663 1378 1715 vero,
1407 1647 1625 1702 absente
1644 1643 1918 1713 magistro,

337 1766 404 1811 ut
429 1769 556 1811 sero
580 1753 775 1807 factum
805 1757 920 1814 est,
952 1741 1343 1802 descenderunt
1370 1738 1435 1793 ad
1460 1752 1607 1791 mare
1636 1750 1650 1799 ;
1679 1743 1733 1788 et
1754 1746 1922 1802 usque

338 1847 412 1902 ad
457 1858 734 1914 vesperam
775 1844 1085 1895 manserunt
1123 1833 1293 1888 donec
1334 1827 1552 1884 rediret.
1586 1822 1920 1879 Adveniente

335 1912 607 2007 vespera,
635 1948 741 1989 non
771 1931 911 1986 ultra
932 1944 990 1983 se
1014 1924 1290 1982 continere
1313 1927 1598 1991 potuerunt
1623 1958 1639 1983 ,
1667 1914 1789 1985 quia
1831 1912 1917 1981 ip-

335 2003 463 2084 sum
507 2032 806 2097 qnazrerent
838 2039 853 2076 :
883 2026 1029 2075 tanto
1072 2015 1187 2085 ejus
1232 2026 1413 2067 amore
1455 2009 1765 2079 ﬂagrabant.
1802 2003 1918 2059 Non

336 2094 566 2183 dicunt,
596 2117 831 2185 Vespera
854 2113 962 2182 jam
992 2116 1108 2173 est,
1135 2118 1244 2161 nox
1272 2103 1461 2167 adest,
1492 2114 1597 2170 quo
1639 2111 1779 2152 nunc
1822 2094 1921 2149 ibi-

336 2210 496 2268 mus?
519 2209 689 2273 locus,
714 2206 846 2259 liora
873 2200 1105 2273 periculo
1130 2211 1241 2252 non
1266 2201 1459 2250 vacant
1494 2208 1507 2244 :
1540 2188 1635 2245 'sed
1656 2186 1921 2243 desiderio

338 2302 584 2368 incensi,
616 2313 804 2354 navem
832 2292 1218 2351 conscendunt.
1244 2288 1428 2357 Neque
1454 2284 1596 2340 enim
1622 2282 1736 2335 sine
1763 2293 1922 2334 causa

336 2393 673 2464 evangelista
705 2399 914 2458 tempus
939 2385 1133 2439 indicat
1158 2423 1171 2447 ,
1206 2380 1299 2436 sed
1324 2387 1381 2433 ut
1406 2378 1508 2431 hoc
1538 2381 1689 2444 pacto
1711 2372 1924 2426 ferven-

340 2499 453 2543 tem
476 2460 692 2540 illorum
720 2494 959 2536 amorem
985 2474 1242 2531 declaret.
1270 2472 1376 2527 Cur
1405 2483 1529 2539 ergo
1556 2464 1790 2520 dimissis
1820 2460 1924 2515 illis

339 2576 495 2634 abit?
518 2578 625 2631 imo
650 2590 745 2629 cur
774 2572 922 2627 solus
943 2582 1156 2623 rursum
1181 2571 1400 2634 apparet
1428 2573 1586 2629 supra
1618 2569 1764 2611 mare
1802 2567 1920 2608 am-

340 2669 576 2725 bulans?
606 2669 803 2731 Primo,
837 2672 894 2717 ut
919 2661 1135 2716 doceret
1157 2657 1311 2721 illos,
1361 2662 1519 2724 quam
1571 2663 1730 2720 grave
1778 2651 1923 2701 esset

340 2763 489 2819 solos
508 2759 756 2828 relinqui,
784 2764 944 2825 atque
965 2754 1087 2807 hinc
1109 2747 1427 2805 desiderium
1476 2751 1759 2813 augeretur
1792 2757 1806 2793 :
1832 2753 1921 2792 se-

341 2853 523 2911 cundo
546 2893 564 2917 ,
595 2859 651 2903 ut
674 2847 964 2919 potentiam
1014 2841 1321 2897 ostenderet
1361 2852 1533 2891 suam.
1567 2830 1924 2901 Quemadmo-

342 2945 474 2999 dum
502 2942 642 2996 enim
672 2954 777 2994 non
808 2924 1024 2991 omne‘m
1054 2931 1349 2988 doctrinam
1388 2941 1507 2981 cum
1546 2924 1696 2978 turba
1738 2919 1922 2975 audie-

345 3036 481 3091 bant
498 3076 512 3100 ,
547 3033 625 3086 sic
649 3046 754 3084 non
785 3027 963 3083 omnia
990 3025 1138 3094 signa
1155 3036 1275 3077 cum
1293 3019 1448 3090 plebe
1468 3015 1735 3069 videbant.
1758 3011 1927 3078 Opor-

348 3127 502 3182 tebat
551 3124 693 3177 enim
737 3134 868 3181 eos,
922 3114 1114 3186 quibus
1159 3107 1571 3167 committendus
1607 3103 1751 3158 orbis
1778 3110 1926 3166 erat,

344 3214 554 3286 aliquid
583 3211 812 3280 amplius
840 3208 1040 3261 habere
1065 3218 1225 3274 quam
1248 3207 1493 3255 caeteros.
1523 3197 1700 3263 Ecqua
1740 3192 1892 3259 signa
1911 3231 1927 3257 ,

350 3307 568 3376 inquies
593 3346 609 3371 ,
650 3302 752 3357 soli
780 3297 1062 3354 viderunt?
1091 3289 1628 3362 Transﬁgurationem
1650 3287 1702 3339 in
1728 3290 1931 3348 monte,

349 3401 459 3456 ltoc
485 3395 800 3451 miraculum
824 3393 877 3447 in
908 3389 1079 3457 mari,
1110 3386 1274 3442 multa
1305 3392 1360 3439 et
1396 3378 1635 3437 miranda
1674 3386 1794 3447 post
1842 3388 1933 3429 re-

348 3487 780 3549 surrectionem;
812 3491 975 3552 atque
997 3523 1011 3547 ,
1047 3489 1104 3534 ut
1128 3477 1389 3542 arbitror,
1421 3471 1584 3528 multa
1610 3470 1732 3523 alia.
1765 3462 1935 3522 Vene-

347 3590 479 3637 runt
497 3588 676 3633 autem
696 3576 1057 3645 Capernaum,
1088 3585 1196 3625 non
1224 3566 1374 3639 gnari
1401 3563 1615 3635 quidem
1634 3604 1648 3628 ,
1676 3559 1771 3616 sed
1801 3573 1927 3628 spe-

352 3679 535 3728 rantes
562 3684 621 3724 se
645 3669 818 3737 ipsum
847 3664 920 3719 ibi
951 3669 1256 3732 reperturos
1304 3672 1423 3712 esse
1467 3653 1553 3709 vel
1604 3653 1745 3707 inter
1785 3648 1935 3704 navi-

357 3761 606 3834 gandum.
639 3758 750 3814 Hoc
780 3752 1132 3811 subindicavit
1159 3750 1393 3805 Joannes
1417 3789 1432 3814 ,
1479 3761 1599 3800 cum
1644 3742 1778 3798 dixit
1820 3740 1933 3811 jam

358 3864 634 3923 vesperam
662 3849 858 3911 fuisse,
892 3843 1117 3900 necdum
1161 3842 1371 3896 venisse
1418 3838 1640 3902 Jesum,
1689 3843 1743 3889 et
1786 3846 1934 3887 mare

360 3958 550 4014 magno
590 3940 809 3998 reﬂante
844 3946 1001 3993 vento
1048 3934 1383 3991 intumuisse.
1410 3931 1515 3986 Cur
1544 3944 1672 3999 ergo
1703 3925 1933 3981 turban-

363 4035 485 4090 tur?
510 4033 676 4088 multa
704 4040 850 4087 certe
883 4036 1035 4084 erant
1074 4036 1193 4098 qua:
1240 4026 1361 4080 illos
1412 4020 1931 4093 perterrefacerent:

363 4137 604 4195 tempus,
632 4123 865 4178 tenebrae
890 4104 1141 4189 namque.
1165 4124 1358 4180 erant;
1411 4120 1698 4183 tempestas
1725 4152 1740 4179 ,
1790 4122 1937 4164 mare

363 4234 592 4289 namque
620 4217 976 4278 intumuerat;
1002 4214 1155 4267 locus
1175 4252 1191 4278 ,
1222 4226 1328 4264 non
1355 4209 1494 4263 enim
1526 4221 1693 4277 prepe
1740 4213 1938 4258 terram

363 4321 515 4367 erant
538 4352 553 4378 ,
582 4311 675 4365 sed
696 4350 711 4376 ,
736 4306 825 4364 l9.
855 4305 981 4362 Cum
1008 4306 1336 4377 remigassent
1380 4302 1522 4368 quasi
1561 4300 1727 4353 stadia
1768 4296 1941 4369 viginti

362 4405 608 4474 quinque;
640 4400 855 4455 tandem
872 4398 1022 4453 adest
1040 4406 1130 4451 'res
1159 4397 1520 4463 inexspectata
1550 4410 1562 4445 :
1599 4388 1780 4445 Vident
1797 4391 1939 4445 enim

363 4510 475 4552 eum
504 4495 843 4548 ambulantem
872 4506 1023 4560 super
1060 4503 1230 4555 mare,
1280 4486 1452 4556 iisque
1496 4482 1783 4539 admodum
1830 4498 1944 4554 per-

365 4588 587 4643 turbatis
609 4584 744 4640 dixit
770 4578 897 4639 :20.
932 4581 1038 4652 Ego
1063 4586 1177 4634 sum
1202 4620 1217 4647 ,
1243 4578 1396 4631 nolite
1429 4576 1621 4630 timere.
1663 4575 1771 4630 Cur
1814 4589 1944 4644 ergo

365 4669 642 4750 apparuit?
670 4676 743 4732 Ut
771 4674 1081 4731 ostenderet
1121 4687 1179 4727 se
1211 4669 1542 4739 tempestatis
1578 4666 1826 4723 sedandae
1852 4682 1947 4721 au-

365 4773 587 4825 ctorem.
606 4760 720 4822 Hoc
743 4765 1006 4836 signiﬁcat
1033 4762 1357 4834 evangelista
1380 4776 1500 4816 cum
1522 4759 1651 4815 dicit
1679 4756 1811 4815 :21.
1845 4756 1947 4814 Vo-

368 4862 569 4915 luerunt
594 4860 822 4926 accipere
845 4866 958 4909 eum
987 4856 1040 4908 in
1069 4856 1274 4917 navim;
1302 4863 1349 4907 et
1394 4853 1563 4907 statim
1612 4848 1754 4905 navis
1792 4864 1948 4922 prape

368 4962 551 5006 terram
579 4952 691 5022 fuit.
718 4949 833 5004 Non
862 4948 1021 5003 modo
1045 4947 1188 5002 enim
1222 4952 1389 5000 tutam
1410 4985 1425 5009 ,
1454 4944 1548 5001 sed
1575 4945 1736 5000 etiam
1758 4959 1950 5000 secun-

368 5044 489 5098 dam
512 5044 648 5113 ipsis
669 5041 1060 5111 navigationem
1094 5032 1337 5109 praebuit.
1381 5035 1575 5091 Turba:
1615 5047 1791 5093 autem
1840 5052 1949 5093 non

369 5149 426 5190 se
465 5133 824 5189 ambulantem
875 5144 1036 5200 super
1074 5140 1223 5184 mare
1273 5126 1709 5198 conspiciendum
1753 5127 1947 5182 dedit:

372 5240 494 5279 nam
521 5225 697 5293 majus
735 5224 944 5291 signum
993 5228 1138 5285 erat,
1187 5232 1344 5290 quam
1386 5230 1572 5273 eorum
1613 5216 1952 5275 imbecillitas

371 5315 557 5371 ferret.
586 5312 693 5370 Sed
713 5328 886 5383 neque
909 5313 1184 5384 discipulis
1210 5322 1269 5366 se
1295 5311 1366 5365 ita
1394 5306 1481 5365 diu
1504 5306 1789 5363 videndum
1818 5327 1953 5380 pra:-

374 5408 489 5463 buit
518 5424 532 5460 :
558 5406 658 5461 sed
704 5404 864 5460 simul
902 5415 957 5460 et
1000 5406 1150 5459 visus
1192 5413 1308 5469 est,
1348 5410 1409 5456 et
1453 5400 1696 5456 recessit.
1728 5399 1951 5456 Videtur

376 5508 537 5568 porro
557 5492 691 5552 mihi
717 5495 859 5550 aliud
885 5495 953 5550 ab
970 5511 1037 5551 eo
1060 5497 1271 5566 signum
1303 5500 1422 5548 esse
1447 5534 1461 5558 ,
1493 5491 1632 5562 quod
1656 5490 1795 5560 apud
1824 5490 1954 5549 Mat-

378 5588 576 5645 tbaum
598 5596 854 5643 narratur
879 5601 897 5653 ;
922 5588 1029 5642 into
1052 5587 1217 5642 multa
1240 5586 1472 5657 probant
1513 5583 1782 5638 diversum
1813 5600 1953 5643 esse.

374 5678 646 5737 (laterum
666 5672 1021 5748 smpe'eadcm
1046 5680 1195 5748 signa
1218 5677 1350 5732 facit
1375 5718 1388 5744 ,
1419 5682 1476 5731 ut
1507 5690 1572 5730 nc
1620 5672 1833 5733 insolita
1873 5679 1956 5733 νί-

2020 635 2276 690 derentnr
2304 636 2690 705 spectantibus,
2720 635 2816 692 sed
2847 637 2935 692 illa
2963 652 3084 693 eum
3110 635 3214 691 (ide
3260 650 3449 707 magna
3488 652 3609 693 susn

2019 727 2278 796 ciperent.
2307 725 2417 798 Ego
2439 745 2570 794 sum,
2599 729 2755 783 nolite
2781 731 2974 783 timere.
3020 730 3198 784 Verbo
3244 730 3489 783 timorem
3536 744 3602 783 ex

2020 831 2207 872 eorum
2235 818 2414 873 animo
2451 820 2602 888 pellit
2632 837 2646 873 :
2674 836 2781 874 non
2819 820 2890 874 ita
2919 820 3075 884 alibi,
3117 832 3239 875 cum
3277 818 3468 873 Petrus
3519 817 3603 871 di-

2021 908 2177 963 cebat
2201 925 2214 962 :
2246 907 2481 976 Domine,
2510 911 2554 964 si
2583 920 2635 964 tu
2663 928 2733 975 es,
2753 910 2881 982 jube
2920 928 2996 965 me
3022 912 3184 964 venire
3210 910 3278 963 ad
3303 918 3350 963 te
3374 908 3598 980 (Matth.

2022 999 2111 1055 M.
2132 999 2204 1054 28
2225 1001 2266 1069 ).
2296 997 2403 1055 Cur
2429 1016 2557 1073 ergo
2585 1012 2709 1058 tunc
2740 1019 2843 1057 non
2871 1004 3048 1058 statim
3090 1001 3195 1056 hoc
3236 1010 3558 1069 acceperunt
3584 1040 3599 1064 ,

2022 1108 2167 1148 nunc
2193 1103 2370 1148 autem
2398 1094 2777 1150 crediderunt?
2824 1096 3084 1164 Quoniam
3138 1104 3262 1148 tunc
3311 1103 3601 1161 tempestas

2023 1188 2403 1258 perseverabat
2439 1189 2775 1258 agitabatque
2814 1204 3046 1253 navem;
3097 1202 3238 1241 nunc
3276 1195 3454 1241 autem
3498 1200 3600 1239 vox

2026 1281 2456 1351 tranquillitatem
2482 1282 2709 1351 peperit.
2731 1282 2785 1337 Si
2817 1296 2902 1336 res
2950 1296 3053 1335 non
3094 1281 3163 1334 ita
3204 1280 3309 1345 sit,
3358 1279 3408 1333 id
3457 1289 3603 1333 certe

2026 1374 2129 1428 erit
2149 1373 2290 1443 quod
2320 1388 2479 1444 supra
2508 1373 2655 1440 dixi,
2692 1375 2837 1428 illum
2865 1389 3005 1443 saepe
3031 1373 3213 1428 eadem
3246 1372 3404 1427 edere
3434 1372 3602 1440 signa,

2029 1472 2088 1519 ut
2117 1480 2180 1518 ex
2210 1464 2474 1533 prioribus
2503 1463 2733 1518 secunda
2761 1462 3099 1518 credibiliora
3125 1463 3251 1518 sint.
3288 1462 3394 1515 Cur
3426 1472 3602 1514 autem

2024 1572 2132 1612 non
2149 1557 2388 1611 ascendit
2407 1557 2459 1610 in
2491 1557 2719 1612 navem?
2750 1556 2814 1611 Ut
2836 1555 3042 1625 signum
3069 1553 3240 1622 majus
3266 1563 3601 1623 oneraretur,

2024 1649 2289 1717 simulque
2310 1646 2638 1703 divinitatem
2667 1663 2816 1701 suam
2843 1647 3041 1701 clarius
3070 1645 3411 1709 ostenderet,
3443 1655 3601 1715 atque

2025 1737 2451 1805 demonstraret,
2481 1754 2540 1794 se
2566 1754 2685 1793 cum
2712 1738 2908 1808 gratias
2938 1740 3074 1809 egit,
3105 1753 3208 1792 non
3237 1737 3377 1807 quod
3407 1737 3603 1793 auxilio

2023 1839 2207 1901 egeret
2228 1830 2279 1884 id
2305 1830 2518 1898 fecisse,
2546 1830 2641 1886 sed
2670 1840 2724 1885 ut
2752 1846 2810 1886 se
2838 1831 2943 1886 illis
2969 1840 3373 1902 attemperaret.
3400 1831 3605 1885 Permi-

2023 1923 2199 1991 sitque
2229 1931 2596 1992 tempestatem
2623 1908 2881 1990 excitari,
2925 1932 2984 1978 ut
3028 1938 3087 1979 se
3135 1938 3351 1994 semper
3398 1938 3605 1993 quaere-

2022 2024 2179 2080 rent;
2211 2015 2498 2085 statimque
2522 2015 2766 2082 sedavit,
2801 2023 2861 2070 ut
2897 2016 3132 2087 potentia
3172 2031 3267 2072 sua
3317 2029 3605 2085 cognosce-

2024 2114 2211 2172 retur;
2244 2121 2351 2159 non
2378 2105 2621 2161 ascendit
2647 2116 2824 2161 autem
2849 2106 2901 2160 in
2930 2106 3106 2159 navim
3133 2148 3148 2173 ,
3183 2114 3240 2161 ut
3282 2105 3455 2176 majus
3502 2105 3604 2159 mi-

2026 2198 2260 2252 raculum
2275 2195 2495 2254 faceret.
2527 2197 2616 2254 22.
2643 2197 2817 2253 Altera
2840 2210 3008 2254 autem
3034 2198 3115 2253 die
3134 2198 3280 2253 turba
3303 2215 3415 2270 qua:
3438 2199 3603 2253 stabat

2024 2288 2125 2356 ibi,
2154 2289 2324 2343 videns
2342 2291 2460 2360 quia
2482 2290 2715 2344 navicula
2736 2291 2838 2344 alia
2862 2308 2962 2344 non
2982 2300 3087 2345 erat
3117 2290 3217 2356 ibi,
3251 2290 3344 2344 nisi
3374 2306 3478 2343 una
3497 2331 3512 2357 ,
3550 2290 3603 2343 in

2025 2396 2175 2450 quant
2199 2381 2525 2434 ascenderant
2546 2380 2778 2451 discipuli
2801 2382 2943 2452 ejus,
2973 2391 3019 2434 et
3042 2382 3163 2451 quia
3191 2379 3341 2435 Jesus
3385 2397 3485 2435 non
3525 2381 3607 2434 in-

2027 2474 2225 2527 troisset
2253 2489 2366 2525 cum
2390 2472 2651 2542 discipulis
2680 2474 2784 2527 suis
2818 2474 2870 2526 in
2900 2474 3067 2526 navim
3099 2489 3118 2527 :
3154 2472 3509 2529 ascenderunt
3554 2480 3601 2527 cl

2025 2564 2123 2634 ipsi
2147 2566 2197 2619 in
2227 2565 2359 2619 alias
2388 2565 2658 2619 naviculas
2705 2581 2824 2634 quae
2873 2575 3129 2620 venerant
3178 2581 3243 2620 ex
3295 2563 3602 2620 Tiberiade.

2025 2656 2133 2710 Cur
2172 2656 2289 2712 haec
2315 2657 2614 2711 minutatim
2642 2656 2874 2712 Joannes
2897 2668 3175 2723 recenset;
3218 2658 3325 2712 imo
3364 2674 3460 2713 cur
3499 2672 3604 2711 non

2024 2749 2195 2816 dixit,
2227 2749 2392 2804 altera
2423 2749 2509 2804 die
2542 2750 2723 2804 turbas
2751 2752 3158 2806 transfretantes
3181 2751 3419 2805 abiisse?
3449 2748 3607 2805 Aliud

2026 2841 2296 2911 quidpiam
2328 2856 2426 2896 nos
2456 2841 2571 2895 vult
2598 2842 2812 2897 docere.
2838 2842 2974 2909 Quid
3003 2842 3176 2897 illud?
3205 2843 3473 2899 Christum
3510 2843 3609 2896 etsi

2029 2948 2135 2985 non
2161 2932 2354 3001 palam,
2388 2932 2690 2987 clanculum
2718 2943 2892 2988 tamen
2926 2935 3095 2989 turbis
3138 2934 3188 2989 id
3234 2935 3610 3005 suspicandum

2030 3023 2313 3093 reliquisse
2344 3042 2358 3078 :
2388 3040 2510 3078 nam
2539 3025 2612 3078 ait
2640 3042 2654 3078 :
2694 3025 2829 3078 Vidit
2860 3027 3004 3079 turba
3025 3069 3039 3092 ,
3067 3028 3187 3097 quia
3233 3028 3467 3081 navicula
3509 3027 3614 3081 alia

2032 3130 2134 3167 non
2163 3124 2269 3168 erat
2294 3115 2359 3167 ibi
2385 3154 2401 3180 ,
2425 3114 2521 3167 nisi
2553 3130 2693 3178 una;
2720 3125 2773 3169 et
2802 3116 2942 3184 quod
2969 3116 3124 3171 Jesus
3152 3133 3258 3171 non
3286 3118 3615 3173 ascendisset

2034 3221 2155 3260 cum
2200 3205 2305 3260 illis
2330 3245 2344 3271 ,
2387 3215 2440 3260 et
2464 3206 2771 3260 conscensis
2797 3207 3053 3261 naviculis
3081 3224 3145 3261 ex
3186 3207 3484 3275 Tiberiade,
3516 3209 3609 3263 24.

2043 3294 2297 3351 Venerunt
2350 3294 2669 3366 Capernaum
2716 3309 2992 3367 quarentes
3032 3298 3232 3358 Iesum.
3290 3300 3426 3369 Quid
3473 3302 3615 3357 enim

2036 3388 2182 3443 aliud
2210 3388 2583 3458 suspicandum
2614 3390 3016 3459 relinquebatur
3036 3434 3050 3458 ,
3079 3409 3238 3463 quam
3283 3394 3426 3463 quod
3470 3411 3617 3454 mare

2036 3478 2260 3549 pedibus
2289 3478 2600 3548 trajiciendo
2630 3480 2907 3535 venisset?
2949 3481 3064 3537 Non
3093 3484 3234 3537 enim
3266 3484 3371 3540 dici
3410 3470 3619 3555 poterat

2035 3571 2208 3641 ipsum
2262 3571 2313 3625 in
2361 3570 2466 3625 alia
2508 3571 2628 3626 navi
2678 3571 2951 3642 trajecisse
2983 3591 2997 3627 :
3026 3591 3148 3628 nam
3200 3574 3354 3641 Una,
3406 3576 3616 3647 inquit,

2035 3672 2152 3719 erat
2199 3663 2252 3719 in
2294 3679 2451 3734 quam
2506 3664 2733 3735 ingressi
2776 3675 2902 3721 sunt
2930 3666 3173 3738 discipuli
3196 3668 3333 3739 ejus.
3366 3670 3616 3727 Attamen

2035 3764 2156 3826 post
2178 3764 2378 3810 tantum
2409 3758 2722 3829 miraculum
2756 3772 2862 3812 non
2890 3759 3287 3831 interrogarunt
3318 3777 3441 3816 eum
3480 3777 3618 3833 quo-

2036 3848 2196 3905 modo
2225 3849 2563 3919 trajecisset,
2596 3866 2697 3906 nec
2748 3850 2817 3906 de
2866 3859 3013 3907 tanto
3061 3856 3321 3910 miraculo
3370 3856 3623 3924 inquisie-

2036 3949 2162 3994 runt
2192 3954 2206 3993 :
2239 3941 2330 3994 sed
2362 3939 2487 4006 quid
2518 3939 2747 3995 dicunt?
2770 3940 2862 3996 25.
2907 3942 3069 3996 Rabbi
3088 3985 3103 4009 ,
3135 3945 3339 4010 quando
3383 3946 3481 3998 huc
3524 3962 3625 4001 ve-

2039 4032 2206 4086 nisti?
2234 4026 2345 4085 Nisi
2371 4032 2490 4101 quis
2516 4032 2744 4087 fortasse
2769 4032 2912 4087 dicat
2953 4034 3040 4089 bic
3089 4035 3305 4101 Quando
3354 4036 3478 4105 poni
3526 4052 3624 4107 pro

2040 4122 2328 4194 quomodo.
3202 4180 3205 4183 Α

2111 4217 2166 4271 2.
2197 4214 2385 4286 Opera:
2411 4217 2640 4288 pretium
2663 4225 2842 4273 autem
2870 4229 2954 4274 est
2975 4219 3062 4275 hic
3093 4220 3429 4291 perpendere
3471 4223 3622 4278 voln-

2043 4309 2204 4363 bilem
2236 4307 2448 4362 illorum
2483 4307 2827 4363 voluntatem.
2878 4308 3012 4364 Nam
3051 4312 3140 4381 qui
3188 4310 3436 4365 dixerant
3461 4354 3476 4380 ,
3524 4312 3626 4369 Hic

2044 4409 2116 4454 est
2139 4398 2542 4470 propheta;qui
2572 4397 2888 4454 studuerant
2914 4400 3061 4455 illum
3109 4416 3299 4471 rapere
3348 4412 3401 4458 et
3446 4419 3624 4474 regem

2046 4508 2199 4548 suum
2227 4490 2555 4546 constituere
2580 4532 2595 4559 ,
2624 4499 2905 4562 postquam
2940 4492 3084 4547 illum
3113 4494 3432 4550 invenerunt
3451 4539 3465 4562 ,
3494 4495 3627 4552 nihil

2048 4582 2355 4654 bujusmodi
2381 4584 2656 4653 cogitant,
2685 4582 2781 4638 sed
2805 4584 3009 4655 abjecta
3055 4585 3295 4640 miraculi
3336 4587 3627 4647 memoria.

2049 4686 2107 4730 ut
2152 4683 2319 4746 puto,
2381 4692 2488 4730 non
2534 4676 2685 4730 illum
2737 4676 2807 4731 ita
2850 4677 3076 4733 ulterius
3105 4677 3385 4732 mirantur.
3416 4678 3482 4732 Et
3509 4678 3631 4734 ideo

2014 4765 2292 4841 'l'ortassis
2341 4767 2489 4823 illum
2536 4767 2955 4839 perquirebant,
3007 4777 3064 4823 ut
3110 4766 3232 4822 cibo
3285 4767 3629 4837 fruerentur,

2051 4857 2190 4911 sicut
2225 4866 2402 4914 antea.
2434 4858 2577 4915 Mare
2602 4858 2841 4914 Rubrum
2870 4859 3192 4928 trajecerunt
3215 4900 3230 4925 ,
3256 4858 3437 4933 Moyse
3462 4861 3596 4916 duce
3614 4902 3630 4928 ,

2052 4944 2261 5016 Judaei;
2293 4949 2388 5006 sed
2413 4965 2605 5021 magna
2634 4951 2721 5005 hic
2763 4959 2877 5005 erat
2904 4946 3230 5006 dill‘erentia.
3271 4951 3364 5008 Ille
3404 4968 3636 5023 namque

2054 5056 2280 5112 pracans
2328 5051 2386 5096 ut
2432 5058 2618 5098 servus
2674 5042 2854 5097 omnia
2902 5030 3164 5110 faciebat;
3213 5043 3300 5099 hic
3344 5059 3473 5099 vero
3516 5059 3636 5101 cum

2055 5133 2201 5188 omni
2232 5141 2521 5203 potestate.
2554 5131 2668 5187 lllic
2694 5122 2857 5188 llaiite
2883 5142 3009 5188 noto
3030 5134 3195 5189 cessit
3239 5150 3412 5204 aqua,
3465 5135 3536 5188 ita
3586 5143 3642 5190 ut

2054 5239 2153 5294 per
2182 5225 2381 5278 siccum
2414 5224 2639 5278 transire
2664 5223 2966 5293 potuerint;
2996 5224 3083 5280 hic
3112 5235 3289 5281 autem
3330 5225 3503 5296 majus
3546 5225 3645 5283 fuit

2058 5315 2399 5370 miraculum.
2431 5317 2580 5383 Aqua
2609 5315 2753 5368 enim
2775 5316 2826 5369 in
2869 5331 2964 5371 sua
3012 5331 3237 5372 manens
3283 5327 3472 5373 natura
3498 5357 3516 5383 ,
3568 5318 3647 5374 sic

2061 5402 2345 5461 Dominum
2376 5405 2536 5459 dorso
2560 5418 2658 5459 suo
2704 5407 2968 5476 gestavit,
3018 5408 3218 5463 dictum
3271 5409 3397 5464 illud
3446 5407 3649 5463 contir-

2060 5512 2215 5552 mans
2238 5511 2253 5547 :
2273 5495 2548 5548 Ambulans
2573 5510 2732 5564 supra
2755 5514 2895 5553 mare
2917 5510 3171 5569 tamquam
3196 5518 3352 5571 supra
3381 5498 3650 5570 pavimen-

2062 5599 2170 5643 tum
2200 5584 2335 5657 (Job
2362 5586 2415 5640 9.
2459 5585 2552 5656 8.)
2581 5584 2709 5643 Jure
2743 5598 2919 5647 autem
2967 5594 3020 5648 in
3063 5593 3400 5664 Capernaum
3448 5588 3655 5656 ingres-

2064 5694 2224 5734 surus
2250 5716 2264 5737 .
2292 5675 2479 5731 duram
2500 5686 2556 5732 et
2576 5676 2974 5754 immorigeram
2999 5686 3301 5754 civitatem,
3330 5676 3655 5739 miraculum
