4070 6214
415 258 521 335 et"!

422 409 617 463 pinum
642 390 808 447 edidit
834 407 848 457 ;
880 397 936 444 ut
966 398 1070 442 non
1099 386 1259 441 modo
1287 400 1352 439 ex
1381 380 1649 438 miraculis
1675 391 1795 449 qua:
1827 375 1878 429 iu
1923 374 2001 429 ci-

418 481 583 539 vitate
606 524 624 551 ,
655 482 748 539 sed
777 482 938 538 etiam
966 495 1035 535 ex
1065 478 1128 532 iis
1157 492 1276 548 quae
1297 485 1452 531 extra
1473 473 1739 528 civitatem
1768 467 1998 531 fecerat,

421 582 538 646 ejus
564 577 758 631 civium
802 570 1203 641 lmmorigerum
1251 569 1489 622 animum
1538 562 1822 619 emolliret.
1871 557 2001 613 Nam

422 668 564 736 quod
596 676 755 722 tanta:
791 665 956 720 turbae
980 665 1033 718 in
1061 663 1331 717 civitatem
1349 658 1492 713 illam
1512 655 1862 710 adventarent
1881 666 2002 705 cum

425 769 569 814 tanto
594 759 839 823 fervore,
871 771 1030 827 quem
1076 753 1304 825 lapidem
1348 765 1455 806 non
1504 745 1894 803 emollivisset?
1939 744 2004 798 At

424 852 498 905 illi
526 850 658 905 nihil
685 847 986 919 hujusmodi
1026 845 1168 916 passi
1214 852 1378 907 sunt;
1429 839 1523 896 scd
1574 839 1750 894 cibum
1799 836 2005 892 solum-

423 940 585 997 modo
610 954 925 1010 corporeum
953 936 1267 1007 cupiebant;
1299 933 1523 1001 ideoque
1560 945 1588 983 a
1636 928 1764 984 Jesu
1811 942 2001 995 repre-

424 1031 747 1087 henduntur.
767 1030 892 1085 Haec
910 1043 1031 1083 cum
1053 1028 1304 1089 sciamus,
1334 1021 1533 1085 dilecti,
1565 1020 1762 1090 gratias
1787 1030 2006 1087 agamus

426 1123 537 1176 Deo
559 1162 574 1186 ,
625 1136 731 1175 non
783 1118 941 1172 modo
978 1131 1075 1187 pro
1112 1112 1454 1169 sensibilibus
1474 1153 1488 1175 ,
1521 1109 1615 1165 sed
1647 1108 1812 1163 multo
1840 1102 2007 1176 magis

427 1226 524 1282 pro
574 1208 936 1280 Spiritualibus
983 1206 1159 1260 donis.
1208 1204 1295 1259 Sic
1346 1201 1488 1256 enim
1539 1207 1597 1254 et
1649 1196 1738 1253 ille
1780 1196 2008 1260 vult,et

427 1309 646 1372 propter
673 1298 788 1352 haec
818 1298 904 1351 illa
938 1310 1148 1366 quoque
1177 1294 1302 1357 dat,
1328 1290 1771 1356 scusibilihusque
1814 1288 2006 1355 imper-

426 1391 676 1445 fectiores
697 1389 859 1443 allicit
885 1401 938 1443 et
968 1394 1287 1457 prmmonet,
1323 1391 1504 1453 utpote
1524 1381 1613 1453 qui
1646 1378 1802 1448 hujus
1825 1377 2004 1431 tnnndi

424 1483 585 1538 rebus
607 1480 779 1536 adlmc
808 1480 1032 1535 inhient.
1057 1476 1253 1533 Verum
1277 1477 1319 1531 si
1345 1473 1427 1529 his
1450 1472 1703 1542 acceptis,
1737 1471 1789 1524 in
1818 1469 2007 1525 iisdem

427 1591 460 1644 p
495 1582 806 1637 rsevcrent,
858 1566 1320 1641 reprehenduntur
1362 1575 1416 1622 et
1456 1566 1821 1633 increpantur.
1872 1561 2006 1616 Nam

427 1666 715 1738 paralytieo
747 1664 870 1718 illud
903 1664 1127 1731 priumm
1160 1662 1289 1714 dare
1331 1659 1530 1722 voluit;
1582 1656 1676 1711 sed
1725 1656 1812 1725 qui
1865 1669 2005 1723 pne-

423 1769 603 1812 scntes
629 1765 801 1822 crant,
834 1755 884 1810 id
909 1771 1013 1808 non
1048 1753 1397 1823 patiebantur.
1424 1747 1558 1803 Cum
1589 1747 1732 1802 enim
1761 1745 2003 1811 dixisset,

429 1849 752 1903 fletuittuutut
813 1847 901 1900 tibi
945 1855 1183 1916 peccata,
1235 1842 1525 1898 dicebant:
1561 1838 1658 1892 llic
1694 1838 2006 1907 bluspltemut

422 1942 649 2013 (Matth.
679 1942 735 1999 9.
763 1941 815 1994 9..
852 1942 885 1995 ε’.
907 1941 947 2002 ).

498 2036 743 2103 Quaenam
771 2051 802 2089 ιι
835 2033 938 2088 Deo
970 2034 1181 2103 retanda
1210 2034 1326 2086 sint.
1345 2060 1419 2071 -—
1445 2028 1553 2094 Ne,
1587 2043 1766 2098 qua'so
1787 2068 1801 2089 ,
1834 2026 2006 2081 simile

425 2129 697 2200 quidpiam
750 2128 1051 2198 patiamur;
1103 2123 1455 2194 spiritualium
1507 2120 1659 2175 nobis
1714 2119 1888 2188 potior
1938 2119 2008 2171 sit

426 2223 584 2278 ratio.
611 2220 825 2289 Quare?
855 2220 984 2287 Quia
1015 2218 1057 2272 si
1089 2216 1381 2287 spiritualia
1411 2215 1621 2280 adsint,
1652 2211 1781 2266 nihil
1826 2211 2003 2265 damni

426 2333 492 2372 ex
518 2315 873 2386 corporalium
901 2312 1192 2381 privatione
1220 2318 1508 2379 sequetur;
1539 2307 1582 2361 si
1634 2290 1838 2368 absint,
1889 2302 2007 2373 qua:

431 2406 587 2462 nobis
613 2405 716 2460 erit
744 2419 867 2473 spes
889 2403 913 2456 ?
939 2417 1056 2471 qua:
1084 2398 1417 2454 consolatio?
1446 2398 1782 2465 Quapropter
1809 2409 1904 2464 pro
1928 2394 2009 2449 his

429 2511 643 2566 semper
668 2496 830 2551 Deum
861 2508 1046 2563 rogare
1071 2498 1315 2560 Oportet,
1339 2498 1392 2542 et
1416 2488 1528 2542 lucc
1553 2486 1841 2558 postulare.
1876 2486 2009 2540 'llarc

431 2589 657 2662 petenda
688 2604 808 2643 esse
833 2587 1074 2642 Christus
1095 2582 1295 2638 docuit.
1334 2582 1400 2636 Et
1440 2581 1486 2635 si
1524 2581 1669 2634 illam
1710 2579 2007 2632 orationem

429 2682 790 2743 excutiamus,
845 2677 976 2732 nihil
1021 2679 1071 2730 in
1113 2676 1196 2730 illa
1240 2673 1455 2728 carnale
1500 2672 1866 2742 reperiemus,
1913 2670 2007 2724 sed

430 2775 607 2829 omnia
637 2771 951 2843 spiritualia.
984 2768 1114 2823 Illud
1148 2782 1304 2837 porro
1333 2764 1597 2820 modic‘um
1624 2762 1821 2817 sensile
1867 2761 2008 2832 quod

430 2866 502 2921 ibi
532 2865 760 2937 petitur,
797 2879 861 2918 ex
890 2861 1050 2916 modo
1080 2859 1356 2930 spirituale
1403 2856 1649 2912 efﬁcitur.
1698 2854 1828 2909 Nam
1879 2854 2008 2908 nihil

431 2959 658 3028 amplius
728 2967 910 3027 petere
976 2969 1135 3024 quam
1206 2966 1394 3021 panem
1446 2946 2010 3018 supersubstantialem

432 3055 453 3126 (
484 3051 665 3107 Matth.
704 3050 757 3104 6.
792 3047 891 3120 ll)
920 3089 934 3113 ,
969 3047 1068 3101 hoc
1116 3055 1198 3100 est
1221 3086 1235 3110 ,
1274 3042 1672 3114 quotidianum,
1722 3038 2012 3109 spiritualis

1095 272 1152 329 s.
1189 246 1467 328 JUANNIS
1505 258 1977 321 cnnvsosrout
2020 260 2334 316 saeuum
2372 258 2906 317 consumma.

3589 262 3696 319 εεε
3738 282 3746 288 ’

2110 383 2164 428 et
2204 371 2552 442 philosOphici
2596 373 2759 428 animi
2814 372 2993 429 fuerit.
3044 372 3174 440 Quae
3217 387 3344 429 vero
3382 376 3695 445 praecedunt

2110 464 2389 520 considera
2421 482 2435 519 :
2469 463 2826 534 Sanctiﬁcatur
2867 480 3049 520 nomen
3102 475 3285 530 tuum;
3337 466 3572 521 adveniat
3610 485 3697 521 re-

2108 573 2264 628 gnum
2292 565 2471 624 tuunt;
2499 558 2589 627 ﬁat
2618 559 2849 613 voluntas
2889 570 2977 614 tua
3000 602 3016 627 ,
3067 562 3195 615 sicut
3234 563 3290 616 in
3335 563 3458 617 celo
3483 606 3503 631 ,
3545 573 3594 617 et
3642 567 3693 619 in

2112 656 2242 701 terra
2281 646 2428 720 (Luc.
2457 647 2544 702 ll.
2569 650 2621 704 5.
2652 647 2839 704 Matth.
2871 649 2924 707 6.
2954 649 3007 707 9.
3039 651 3153 722 10).
3187 652 3386 708 Deinde
3410 662 3691 724 postquam

2098 736 2240 817 illud
2269 738 2518 798 sensibile
2546 740 2720 809 posuit
2743 781 2758 806 ,
2788 741 2891 797 hoc
2916 744 3186 812 praeterito
3212 745 3390 799 statim
3421 746 3486 800 ad
3535 747 3694 816 spiri-

2112 831 2307 885 tualem
2335 831 2631 886 doctrinam
2660 833 2796 888 redit
2828 851 2841 887 :
2883 834 3093 890 Dimitte
3120 836 3262 891 nobis
3291 837 3458 892 debita
3483 849 3656 893 nostra
3675 882 3690 902 ,

2110 920 2238 975 sicut
2266 931 2310 976 et
2340 939 2431 976 nos
2459 921 2756 981 dimittimus
2781 922 3085 983 debitoribus
3121 931 3308 984 nostris
3359 931 3379 1002 (
3402 929 3591 985 Matth.
3636 932 3689 988 6.

2112 1013 2244 1080 12).
2273 1013 2387 1068 Non
2417 1016 2767 1086 principatum
2794 1060 2808 1084 ,
2838 1035 2942 1074 non
2974 1019 3187 1077 divitias
3209 1063 3225 1089 ,
3270 1038 3377 1077 non
3424 1023 3647 1094 gloriam
3668 1064 3685 1091 ,

2112 1117 2218 1158 non
2248 1106 2538 1174 potentiam
2563 1148 2580 1173 ,
2611 1108 2707 1163 sed
2737 1110 2915 1165 omnia
2946 1127 3065 1183 qua:
3092 1112 3159 1167 ad
3188 1113 3470 1169 utilitatem
3500 1117 3691 1171 anitum

2111 1196 2457 1251 conferebant
2479 1240 2493 1263 ,
2526 1198 2577 1251 in
2604 1200 2846 1254 oratione
2874 1202 3053 1270 posuit
3081 1220 3095 1256 :
3125 1202 3255 1258 nihil
3280 1213 3573 1273 terremun,
3596 1207 3689 1262 sed

2111 1287 2289 1343 omnia
2319 1289 2572 1344 cmlestia.
2601 1289 2655 1346 Si
2681 1306 2810 1360 ergo
2829 1292 3080 1363 jubemur
3104 1296 3374 1353 abstinere
3401 1313 3428 1352 a
3462 1315 3693 1369 praesen-

2114 1379 2252 1434 tibus
2282 1379 2436 1449 lmjns
2465 1383 2586 1437 vita:
2608 1384 2801 1451 rebus,
2831 1402 2989 1456 quam
3017 1389 3198 1444 miseri
3228 1390 3428 1445 erimus
3450 1434 3465 1457 ,
3512 1408 3554 1446 SI
3602 1393 3690 1449 illa

2111 1480 2356 1543 petamus
2376 1489 2405 1528 a
2429 1474 2563 1543 Deo,
2591 1491 2709 1546 quae
2730 1478 2774 1532 si
2801 1478 3113 1547 habeamus,
3146 1481 3237 1536 ille
3258 1481 3418 1552 jussit
3433 1483 3687 1553 abjiccre.

2113 1576 2170 1620 ut
2200 1582 2297 1622 nos
2322 1583 2352 1622 a
2381 1572 2523 1626 curis
2552 1572 2778 1639 eximat;
2822 1583 2879 1629 et
2912 1576 2956 1630 si
2990 1591 3108 1646 quae
3149 1577 3236 1631 ille
3280 1586 3461 1647 petere
3495 1578 3687 1647 jussit,

2114 1660 2260 1714 nullo
2285 1661 2442 1716 modo
2470 1679 2740 1731 curemus,
2770 1668 2875 1722 imo
2897 1684 2965 1722 ne
2984 1670 3259 1739 cupiamus
3283 1669 3496 1740 quidem
3520 1671 3688 1725 ?lllnd

2112 1760 2257 1807 certe
2282 1762 2363 1807 est
2378 1757 2645 1823 superflue
2662 1758 2826 1828 loqui.
2848 1761 3182 1831 Quapropter
3196 1761 3398 1817 orando
3421 1763 3548 1817 nihil
3573 1779 3691 1833 per.

2112 1844 2339 1899 fieimus.
2362 1846 2642 1914 Quomodo
2670 1866 2818 1921 ergo,
2851 1852 3057 1922 inquies
3081 1895 3095 1919 ,
3130 1854 3365 1924 improbi.
3384 1854 3690 1911 ditescant?

2113 1936 2381 2002 quomodo
2404 1939 2604 2009 iniqui,
2635 1943 2891 2008 scelesti,
2926 1954 3203 2012 raptores,
3246 1954 3372 2000 sunt
3409 1947 3690 2015 opulenti?

2111 2023 2226 2079 Non
2274 2026 2380 2082 Deo
2408 2031 2678 2098 pra-hante
2703 2075 2717 2099 ,
2747 2034 2903 2090 absit.
2933 2035 2998 2089 Et
3018 2050 3113 2089 cur
3139 2037 3189 2090 id
3224 2037 3363 2091 Deus
3391 2038 3690 2107 permittit?

2112 2113 2359 2171 Permisit
2384 2129 2438 2174 et
2463 2119 2639 2188 diviti,
2675 2124 2817 2179 utad
2846 2126 3014 2195 majus
3036 2127 3182 2181 illum
3214 2141 3516 2183 reservaret
3559 2145 3688 2200 sup-

2114 2206 2348 2274 plicium.
2376 2210 2511 2266 Audi
2539 2213 2665 2282 quid
2693 2213 2902 2270 dicatur
2948 2217 3021 2271 illi
3056 2235 3069 2271 :
3099 2217 3207 2271 Fili
3225 2261 3239 2285 ,
3282 2221 3519 2288 accepisti
3563 2222 3689 2274 bona

2114 2306 2230 2362 tua,
2259 2309 2303 2353 et
2333 2300 2560 2356 Lazarus
2597 2294 2731 2358 mala
2758 2323 2777 2359 :
2804 2323 2938 2360 nunc
2964 2318 3133 2363 autem
3162 2309 3242 2362 hic
3266 2311 3558 2364 consolatur
3581 2353 3594 2374 ,
3637 2321 3691 2364 tu

2114 2406 2228 2444 vero
2258 2394 2499 2447 cruciaris
2531 2394 2694 2465 (Luc.
2722 2397 2807 2451 f6.
2833 2398 2903 2453 9.5
3000 2399 3076 2453 Ne
3103 2408 3279 2454 aulem
3323 2410 3375 2455 et
3417 2415 3515 2454 nos
3557 2400 3691 2454 hanc

2115 2496 2300 2536 Vocem
2326 2483 2635 2552 audiamus,
2668 2489 2756 2556 qui
2788 2488 2841 2543 iu
2885 2487 3089 2544 deliciis
3132 2491 3323 2546 frustra
3367 2492 3593 2547 vivimus
3639 2501 3694 2547 ct

2117 2582 2327 2641 peccata
2359 2576 2591 2644 peccatis
2617 2577 2864 2634 addimus
2884 2623 2899 2647 ,
2932 2597 3085 2636 veras
3109 2582 3321 2638 divitias
3343 2625 3361 2652 ,
3389 2594 3691 2639 accuratam

2116 2663 2504 2734 philoSOphiam
2535 2674 2838 2735 sectemur,
2892 2682 2946 2725 ut
2997 2676 3256 2742 promissa
3303 2690 3695 2746 consequamur

2118 2755 2291 2822 bona;
2321 2773 2546 2828 quorum
2580 2760 2775 2816 utinam
2804 2776 3079 2819 consortes
3109 2766 3296 2831 simus,
3326 2767 3494 2837 gratia
3520 2777 3579 2823 et.
3605 2768 3698 2824 be-

2118 2852 2374 2921 nignitate
2410 2854 2615 2908 Domini
2648 2859 2813 2911 nostri
2844 2857 2971 2913 Jesu
3001 2858 3196 2915 Christi
3224 2901 3239 2925 ,
3292 2878 3387 2931 per
3431 2878 3589 2933 quem
3642 2870 3697 2919 et

2118 2958 2237 2997 cum
2262 2960 2367 3013 quo
2395 2944 2534 2999 Patri
2562 2947 2729 3017 gloria
2758 2991 2773 3015 ,
2807 2966 3015 3020 unaque
3042 2963 3227 3008 sancto
3254 2952 3508 3023 Spiritui,
3557 2972 3696 3012 nunc

2118 3044 2172 3089 et
2200 3050 2414 3106 semper
2437 3078 2453 3105 ,
2483 3047 2536 3092 et
2561 3040 2613 3092 in
2643 3041 2835 3095 smeula
2865 3043 3205 3099 saeculorum.
3228 3050 3421 3101 Amen.

444 3175 3491 3203 MM

3501 3185 3700 3198 —-—

1792 3247 2140 3311 HOMILIA
2183 3246 2403 3309 XLIV.

433 3406 562 3462 Car.
606 3404 660 3461 6.
703 3421 752 3459 v.
782 3403 872 3457 26.
908 3398 1187 3472 Respondit
1231 3396 1302 3451 eis
1324 3396 1495 3460 Jesus,
1536 3403 1583 3448 et
1622 3395 1748 3447 dixit
1774 3410 1791 3446 :
1819 3391 1971 3444 Amen
1997 3431 2012 3456 ,

506 3510 651 3548 amen
673 3493 784 3546 dico
804 3491 963 3555 vobis,
983 3487 1205 3560 queritis
1226 3501 1324 3551 me,
1350 3501 1446 3538 non
1475 3485 1595 3553 quia
1623 3482 1818 3536 vidistis
1848 3481 2014 3550 signa,

508 3586 597 3641 sed
624 3585 741 3655 quia
770 3580 1111 3636 manducastis
1156 3594 1218 3632 ex
1254 3576 1465 3647 panibus
1486 3618 1500 3640 ,
1547 3584 1595 3628 et
1641 3573 1854 3627 saturati
1880 3573 2015 3626 estis.

507 3683 598 3737 27.
635 3672 925 3750 Operemini
966 3692 1067 3730 nou
1098 3672 1262 3727 cibum
1287 3672 1370 3742 qui
1394 3671 1521 3741 perit
1541 3712 1556 3738 ,
1585 3670 1678 3723 sed
1700 3668 1788 3738 qui
1816 3682 2016 3738 permu-

509 3783 591 3829 net
619 3774 673 3827 in
701 3771 855 3825 vitam
883 3777 1139 3823 wternam.
1364 3812 1369 3815 ,

514 3868 565 3921 1.
593 3856 886 3919 Clementia
914 3867 969 3915 et
1006 3857 1199 3912 lenitas
1242 3872 1346 3911 non
1385 3855 1578 3925 ubique
1610 3852 1753 3908 utilis
1782 3860 1896 3916 est,
1923 3850 2019 3905 sed

442 3956 709 4016 interdum
741 3934 994 4024 magister
1023 3950 1230 4006 acriore
1258 3964 1392 4019 opus
1415 3948 1573 4003 habet
1593 3960 1862 4003 sermone.
1888 3944 2019 4000 Nam

442 4068 561 4107 cum
611 4050 831 4121 ignavus
883 4043 1218 4114 crassiorque
1261 4051 1342 4097 est
1381 4041 1707 4110 discipulus,
1767 4038 2021 4095 utendum

443 4141 679 4204 stimulo,
709 4139 797 4209 qui
828 4146 1025 4191 tantam
1053 4134 1311 4207 ignaviam
1358 4140 1575 4204 pungat.
1604 4131 1659 4186 id
1689 4131 1773 4187 hic
1799 4141 1853 4187 et
1899 4132 2023 4187 alihi

444 4249 588 4303 smpe
621 4231 741 4286 fecit
784 4229 949 4284 Filius
1001 4227 1113 4283 Dei.
1160 4225 1550 4282 Accedentibus
1577 4225 1717 4280 enim
1746 4225 1811 4280 ad
1838 4224 2022 4280 Iesum

445 4326 650 4390 turbis,
697 4322 1033 4378 adulantibus
1057 4363 1072 4387 ,
1109 4319 1514 4391 dicentibusque
1549 4335 1562 4373 :
1596 4318 1792 4385 Rabbi,
1823 4319 2024 4388 quando

448 4421 544 4473 huc
572 4416 788 4472 venisti?
818 4424 875 4470 ut
900 4414 1147 4470 ostendat
1185 4428 1245 4468 se
1276 4412 1511 4468 honores
1547 4421 1891 4466 contemnere
1920 4409 2021 4465 ho-

445 4512 650 4568 minum
676 4550 690 4574 ,
719 4517 773 4564 et
816 4522 1001 4563 eorum
1048 4514 1251 4559 tantum
1283 4504 1512 4559 salutem
1554 4514 1796 4573 spectare
1818 4543 1833 4569 ,
1864 4516 2025 4572 aSpe-

445 4603 558 4658 rius
588 4598 907 4670 respondet,
939 4611 1046 4651 non
1071 4604 1129 4649 ut
1153 4594 1385 4664 corrigat
1407 4592 1598 4657 modo;
1635 4592 1729 4648 sed
1759 4601 1816 4647 ut
1840 4607 2031 4647 eorum

447 4690 683 4747 mentem
706 4688 904 4746 revelet
935 4694 988 4742 et
1013 4686 1066 4740 in
1095 4684 1327 4739 medium
1349 4683 1564 4739 referat.
1591 4683 1728 4749 Quid
1756 4698 1899 4739 enim
1920 4682 2028 4739 ait?

449 4783 641 4846 Amen,
672 4797 818 4835 amen
839 4778 953 4832 dico
978 4776 1136 4841 vobis,
1169 4773 1470 4830 definientis
1494 4782 1550 4829 et
1574 4772 1886 4828 affirmantis
1910 4788 2030 4828 mo-

450 4888 529 4932 re.
558 4871 780 4942 quaeritis
801 4886 879 4923 me
896 4910 909 4931 ,
939 4867 1181 4939 nonquia
1206 4865 1401 4920 uidistis
1439 4864 1606 4935 signa,
1635 4863 1725 4917 sed
1749 4864 1869 4934 quia
1894 4878 2032 4917 cont-

452 4962 624 5017 edistis
666 4961 728 5014 de
766 4959 1015 5031 panibus,
1055 4967 1103 5013 et
1153 4957 1364 5013 saturati
1406 4957 1543 5010 estis.
1593 4953 1710 5009 Non
1768 4952 1840 5008 ita
1873 4954 2034 5008 vehe-

453 5061 693 5117 menter,
725 5049 820 5106 sed
858 5065 981 5105 cum
1027 5047 1356 5119 indulgentia
1384 5047 1511 5117 agit.
1544 5045 1659 5100 Non
1688 5043 1830 5098 enim
1856 5042 1990 5098 dixit
2016 5059 2031 5097 :

452 5144 499 5198 Ο
526 5144 774 5197 lurcones
797 5182 812 5206 ,
845 5156 878 5195 ο
906 5139 1164 5195 voraces!
1207 5146 1284 5193 tot
1327 5135 1578 5191 miracula
1606 5133 1786 5201 edidi,
1818 5148 1917 5190 nec
1945 5149 2035 5189 se-

456 5236 603 5305 quuti
635 5250 721 5290 me
745 5276 761 5300 ,
793 5248 891 5289 nec
930 5231 1168 5303 prodigia
1193 5230 1439 5287 admirati
1482 5229 1642 5296 estis;
1670 5227 1765 5284 sed
1790 5227 2036 5284 modera-

459 5326 564 5379 tius
592 5334 646 5380 et
686 5324 1034 5387 clementius,
1090 5323 1328 5391 Quwritis
1375 5338 1493 5390 nte,
1538 5338 1639 5377 non
1675 5322 1796 5392 quia
1843 5320 2036 5377 vidistis

460 5416 628 5486 signa,
655 5415 742 5468 sed
766 5413 885 5485 quia
912 5414 1197 5468 comedistis
1221 5413 1283 5466 de
1310 5413 1544 5482 panibus,
1573 5421 1619 5468 et
1647 5412 1861 5468 saturati
1881 5414 1999 5467 estis
2016 5453 2033 5479 ,

461 5523 566 5562 non
595 5506 662 5587 de
691 5505 973 5576 praeteritis
997 5504 1192 5572 solum,
1216 5503 1311 5560 sed
1334 5504 1495 5559 etiam
1521 5504 1588 5560 de
1611 5504 1859 5576 pra-senti
1885 5504 2039 5574 signo

464 5599 721 5671 loquens;
751 5613 814 5653 ac
840 5596 888 5652 si
912 5595 1114 5652 diceret
1145 5613 1157 5650 :
1188 5595 1304 5652 Non
1327 5611 1422 5652 vos
1447 5596 1763 5652 miraculum
1790 5594 2037 5666 perculit,

467 5690 562 5746 sed
590 5689 715 5764 quia
738 5689 960 5746 saturati
1005 5688 1135 5745 estis
1158 5729 1174 5759 ,
1200 5690 1473 5747 acceditis.
1507 5687 1660 5759 Quod
1706 5699 1883 5748 autem
1911 5688 2041 5748 illud

2106 3405 2229 3467 {non
2257 3406 2352 3461 per
2377 3393 2738 3464 conjecturam
2769 3399 2991 3471 diceret,
3015 3406 3191 3460 statim
3223 3407 3297 3464 illi
3326 3410 3697 3469 ostenderunt.

2122 3481 2254 3537 Nam
2296 3485 2417 3541 ideo
2445 3504 2652 3545 rursum
2681 3505 3022 3550 accesserunt
3042 3539 3058 3564 ,
3103 3506 3160 3553 ut
3185 3500 3372 3555 eodem
3404 3503 3703 3562 fruerentur

2124 3572 2284 3627 bono.
2319 3576 2440 3631 Ideo
2467 3594 2694 3650 namque
2728 3582 2977 3640 dicebant
3015 3603 3028 3639 :
3064 3585 3246 3644 Patres
3285 3595 3444 3647 nostri
3477 3598 3702 3651 comede-

2124 3675 2240 3717 runt
2266 3683 2449 3721 ntanna
2466 3669 2519 3722 in
2546 3671 2743 3727 deserto
2772 3674 2948 3742 (Joan.
2980 3678 3032 3733 6.
3057 3679 3168 3751 51).
3204 3681 3409 3740 Rursus
3436 3687 3699 3742 carnalem

2124 3757 2299 3811 cilmm
2330 3771 2603 3830 expetunt,
2636 3780 2748 3820 rem
2783 3782 2912 3824 sane
2960 3772 3124 3828 multa
3168 3776 3587 3846 reprehensioite
3615 3781 3702 3835 di-

2125 3864 2303 3942 gnam.
2326 3848 2519 3907 Verum
2544 3856 2633 3911 ille
2655 3873 2758 3913 non
2788 3861 2839 3914 in
2864 3864 3283 3932 reprehensione
3304 3871 3441 3926 sistit
3459 3873 3701 3942 gradum,

2128 3940 2222 3995 sed
2251 3941 2547 4000 doctrinam
2576 3947 2758 4017 adjicit
2801 3950 2885 4007 his
2931 3955 3107 4010 verbis
3138 3970 3151 4006 :
3189 3940 3483 4029 Operemini
3506 3981 3609 4018 non
3635 3967 3707 4019 ci-

2129 4034 2245 4087 bunt
2293 4036 2379 4103 qui
2428 4038 2576 4106 perit,
2603 4040 2693 4093 sed
2725 4042 2815 4111 qui
2849 4057 3105 4113 permanet
3140 4047 3192 4102 in
3236 4051 3387 4105 vitam
3430 4063 3703 4119 (sternam,

2128 4143 2277 4197 quem
2299 4125 2468 4182 Filius
2493 4130 2710 4185 hominis
2732 4135 2818 4187 dat
2837 4137 2993 4191 vobis.
3025 4136 3176 4193 llunc
3202 4143 3334 4196 enim
3363 4142 3517 4198 Pater
3539 4148 3708 4217 signu-

2129 4219 2198 4272 uit
2227 4218 2383 4274 Deus.
2428 4219 2484 4275 Id
2513 4231 2634 4287 est,
2679 4222 2757 4278 Ne
2788 4224 2946 4280 talem
2991 4229 3209 4297 cibum,
3253 4233 3348 4287 sed
3378 4236 3707 4304 spiritualem

2131 4311 2348 4366 curetis.
2395 4310 2589 4367 Verum
2619 4316 2738 4385 quia
2787 4318 3060 4384 nonnulli,
3093 4331 3151 4374 ut
3179 4324 3347 4378 otiose
3371 4327 3580 4392 vivant,
3611 4328 3711 4383 hoc
3808 4370 3815 4375 μ

2132 4416 2379 4459 sermone
2395 4404 2701 4473 abutuntur,
2724 4425 2788 4463 ac
2813 4410 2859 4465 si
2886 4411 3129 4469 Christus
3150 4430 3283 4484 Opus
3309 4433 3560 4474 manuum
3588 4437 3710 4476 sus-

2133 4495 2317 4550 tulerit
2340 4514 2353 4550 :
2375 4508 2675 4567 Opportune
2712 4501 2838 4569 ipsis
2877 4504 3295 4573 respondeatur;
3327 4516 3491 4561 totum
3517 4510 3710 4580 quippe

2133 4585 2596 4642 Christianismum
2634 4590 3059 4656 calumniantur,
3095 4602 3149 4648 et.
3178 4594 3231 4648 id
3261 4594 3532 4662 efficiunt,
3566 4605 3625 4651 ut
3643 4615 3711 4655 ex

2089 4713 2091 4716 ι
2134 4675 2335 4732 desidia
2381 4677 2703 4732 traducatur.
2748 4678 2854 4734 Sed
2902 4680 3074 4751 primo
3137 4684 3332 4739 Paulus
3392 4688 3710 4746 audiendus.

2135 4765 2271 4833 Quid
2302 4766 2393 4821 ille
2440 4767 2553 4821 ait?
2598 4768 2959 4826 Recordamini
2985 4772 3195 4828 Domini
3223 4776 3453 4847 dicentis,
3506 4779 3715 4839 Beatius

2136 4866 2206 4912 est
2260 4858 2383 4912 dare
2417 4875 2569 4927 quant
2610 4860 2838 4931 accipere
2867 4864 3020 4935 (Act.
3062 4866 3152 4922 20.
3182 4869 3315 4940 55).
3374 4872 3534 4943 Atqui
3576 4877 3717 4933 unde

2137 4951 2228 5006 det
2254 4952 2346 5022 qui
2377 4952 2506 5006 nihil
2541 4954 2737 5010 habet?
2762 4954 3040 5023 Quomodo
3068 4975 3198 5032 ergo
3223 4963 3443 5019 Martha:
3472 4967 3603 5023 dicit
3629 4970 3720 5025 Je-

2138 5058 2231 5100 sus
2254 5060 2268 5097 :
2295 5043 2530 5099 Sollicita
2559 5063 2610 5101 es
2635 5056 2683 5102 et
2704 5049 2918 5103 turbaris
2938 5066 3058 5121 erga
3084 5054 3307 5122 plurima
3337 5072 3356 5110 :
3384 5074 3537 5128 porro
3564 5077 3717 5116 unum

2140 5145 2213 5191 est
2232 5138 2597 5203 necessarium;
2619 5137 2790 5194 Maria
2806 5142 3048 5210 optimam
3069 5155 3262 5212 partem
3281 5147 3430 5219 elegit
3451 5149 3603 5220 (Luc.
3634 5152 3717 5207 10.

2142 5228 2232 5283 Η.
2263 5227 2411 5300 42)?
2439 5237 2492 5284 et
2534 5246 2754 5296 rursus,
2800 5230 2977 5288 Nolite
3021 5235 3227 5309 solliciti
3270 5254 3378 5293 esse
3416 5240 3479 5294 de
3504 5243 3721 5297 crastino

2145 5319 2164 5395 (
2193 5319 2377 5376 Matth.
2413 5321 2466 5377 6.
2493 5322 2621 5397 34)?
2648 5323 2838 5395 Opera:
2868 5328 3091 5394 pretium
3118 5327 3281 5386 fuerit
3306 5332 3373 5386 ad
3404 5332 3516 5388 haec
3545 5336 3721 5389 omnia

2145 5414 2489 5486 respondere,
2521 5432 2626 5472 non
2649 5417 2810 5473 modo
2838 5428 2894 5475 ut
2919 5421 3097 5490 pigros
3124 5425 3443 5494 excitemus,
3473 5425 3520 5480 si
3547 5433 3720 5481 tamen

2145 5504 2343 5572 velint;
2366 5506 2461 5563 sed
2486 5509 2647 5563 etiam
2674 5525 2743 5566 ne
2768 5509 3042 5583 Scriptura
3071 5512 3254 5570 divina
3280 5530 3462 5571 secum
3489 5530 3724 5587 pugnare

2147 5595 2409 5652 videatur.
2439 5597 2654 5655 Etenim
2682 5601 2807 5658 alibi
2832 5603 2906 5659 ait
2927 5605 3197 5675 apostolus
3222 5621 3238 5659 :
3267 5605 3531 5677 Rogamus
3557 5615 3724 5661 autem

2150 5706 2236 5747 vos
2267 5700 2323 5747 ut
2345 5694 2611 5751 abundetis
2629 5737 2648 5766 ,
2669 5704 2714 5752 et
2733 5711 2940 5769 cperam
2967 5696 3093 5754 detis
3132 5706 3185 5753 ut
3207 5698 3363 5771 quieti
3397 5697 3537 5763 sitis,
3569 5708 3618 5752 et
3641 5712 3727 5751 ne-
