4070 6214
302 260 411 317 ΞΠ

296 378 415 436 οἵας
462 372 557 426 κα)⁸
591 372 871 445 πρότερον.
905 373 1178 441 Διέίῖησαν
1212 374 1309 444 μὲν
1350 375 1445 429 οὖν
1492 376 1591 445 τὴν
1637 376 1873 447 ἐρυθρὰν

296 458 573 512 θάλασσαν
596 459 691 512 καὶ
734 458 999 522 Ἰουδαῖοι,
1040 457 1319 521 Μωῦσέως
1361 458 1688 529 ἡγουμένου,
1736 458 1875 511 ἀλλὰ

295 541 427 593 πολὺ
473 540 533 592 τὸ
587 539 751 609 μέσον
779 538 1034 593 ἐνταῦθα.
1070 540 1130 592 ’0
1179 540 1277 611 μὲν
1309 540 1417 612 γὰρ
1454 541 1745 612 εὐχόμενος
1784 542 1876 594 καὶ

293 623 366 686 ὡς
426 623 610 686 δοῦλος
645 622 824 677 πάντα
858 624 1143 695 εἰργάζετο
1167 640 1182 655 ο
1231 616 1387 688 οὗτος
1427 624 1506 689 δὲ,
1561 623 1700 694 μετά
1727 624 1877 691 ἐξου-

296 710 415 770 σίας
454 710 693 781 ἀπάσης.
729 711 908 764 Κάκεῖ
946 710 1065 782 μὲν,
1102 711 1256 764 νότου
1293 712 1418 765 τότε
1456 712 1733 776 πνέοντος,
1766 708 1876 777 εῐξε

291 793 350 847 τδ
376 792 543 864 ῦδωρ,
564 793 706 847 ὥστε
727 794 819 847 ἐπὶ
847 794 1021 866 ξηρᾶς
1040 797 1263 867 ποιῆσαι
1288 795 1577 868 παρελθεῖν
1598 811 1613 825 ·
1642 794 1876 848 ἐνταῦθα

289 877 345 931 δὲ
367 878 431 930 τὸ
472 877 658 949 θαῦμα
687 879 871 949 μεῖζον
911 878 1143 947 ἐγίνετο.
1196 878 1452 933 Μένουσα
1499 879 1610 950 γὰρ
1653 879 1744 932 ἐπὶ
1776 879 1877 949 τῆς

288 962 504 1026 οἰκείας
526 964 743 1032 φύσεως
773 964 808 1034 ἡ
848 961 1115 1030 θάλασσα,
1137 961 1310 1027 οὓτως
1342 962 1507 1036 ἔφερε
1555 964 1648 1016 τὸν
1677 962 1877 1016 Δεσπό-

283 1061 393 1116 την
421 1045 518 1099 ἐπὶ
547 1043 656 1099 τῶν
686 1042 897 1112 νώτων,
925 1045 1281 1118 μαρτυροῦσα
1312 1046 1495 1117 ἐκείνῃ
1529 1047 1595 1116 τῇ
1628 1046 1785 1116 ῥήσει
1805 1046 1874 1116 τῇ

285 1129 567 1202 λεγούσῃο
633 1130 699 1183 '0
731 1128 1071 1199 περιπατῶν
1131 1128 1231 1183 ἐπὶ
1292 1128 1613 1197 θαλάσσης
1653 1129 1735 1195 ὠς
1775 1127 1875 1182 ἐπὶ

285 1210 579 1281 ἐδάφους.
615 1212 855 1277 Εἰκότως
881 1213 940 1266 δὲ
970 1211 1181 1282 μέλλων
1200 1212 1282 1276 είς
1307 1212 1683 1282 Καπερναοὺμ
1703 1210 1878 1280 ἐμϐα-

285 1293 405 1348 λεῖν
426 1295 530 1366 τὴν
558 1294 802 1367 σκληρὰν
832 1297 928 1349 καὶ
952 1294 1175 1365 ἀπειθῆ,
1227 1294 1290 1348 τδ
1318 1297 1541 1366 σημεῖον
1565 1294 1674 1349 τῶν
1696 1295 1877 1364 ἀρτων

287 1381 624 1451 είργάσατοο
657 1380 718 1433 οὐ
766 1381 930 1452 μόνον
963 1384 1074 1444 τοῖς
1109 1381 1167 1434 ἐν
1199 1380 1336 1451 αὐτῇ
1369 1379 1693 1451 γινομένοις,
1741 1377 1878 1433 ἀλλά

285 1461 386 1516 καὶ
420 1465 536 1525 τοῖς
558 1462 663 1526 ἔξω
685 1462 787 1532 τῆς
816 1463 1026 1527 πόλεως
1051 1462 1677 1534 θαυματουργουμένοις,
1703 1461 1878 1532 μαλά-

287 1544 376 1609 ξαι
399 1544 733 1617 βουλόμενος
752 1545 860 1600 τῶν
883 1548 940 1601 ἐν
964 1548 1101 1617 αὐτῇ
1159 1545 1258 1616 τὴν
1293 1545 1598 1600 ἀπείθειαν.
1658 1545 1732 1599 Τὸ
1768 1546 1878 1617 γὰρ

283 1627 486 1698 δχλους
532 1629 938 1699 παραγενέσθαι
966 1627 1255 1692 τοσούτους
1283 1630 1365 1692 είς
1389 1626 1540 1700 [257]
1578 1627 1677 1698 τὴν
1721 1628 1877 1682 πόλιν

283 1713 535 1784 ἐκείνην,
569 1712 771 1785 πολλὴν
801 1712 1147 1785 τεθειμένους
1198 1713 1451 1783 σπουδὴν,
1484 1702 1635 1767 ποῖον
1678 1713 1776 1766 οὐκ
1808 1708 1877 1783 ἦν

287 1797 485 1851 ἱκανὸν
539 1796 775 1869 μαλάξαι
827 1796 1010 1864 λίθον;
1053 1796 1192 1849 Ἀλλ’
1234 1797 1336 1850 οὐκ
1384 1796 1585 1849 ἐκεῖνοι
1635 1794 1877 1849 τοιοῦτον

284 1881 446 1935 οὐδὲν
471 1880 695 1945 ἔπαθον,
733 1880 869 1935 ἀλλά
898 1879 1060 1935 πάλιν
1095 1880 1304 1952 τροφῆς
1342 1878 1650 1949 ἐπεθύμουν
1686 1896 1878 1950 σωμαο

283 1964 451 2035 τικῆς
473 1982 486 1994 ’
513 1964 594 2018 διὸ
623 1965 718 2017 καὶ
747 1963 1097 2029 ὀνειδίζονται
1139 1964 1291 2034 παρά
1329 1961 1423 2016 τοῦ
1457 1961 1654 2033 Ἰησοῦ.
1692 1962 1879 2016 Ταῦτα

284 2044 382 2104 οὖν
415 2048 643 2115 ειδότες,
687 2049 986 2120 ἀγαπητοὶ,
1036 2047 1453 2120 εὐχαριστῶμεν
1491 2046 1569 2119 τῷ
1618 2047 1878 2119 Θεῷ,καί

285 2132 396 2187 τῶν
425 2131 704 2203 αἰσθητῶν
765 2132 865 2203 μὲν
919 2131 1126 2199 ἕνεκεν,
1183 2129 1366 2201 πολλῷ
1431 2130 1487 2184 δὲ
1536 2131 1737 2203 μᾶλλον
1769 2129 1879 2186 τῶν

286 2215 701 2288 πνευματικῶν.
729 2214 886 2270 Οὕτω
923 2214 1035 2289 γὰρ
1066 2216 1162 2270 καὶ
1185 2214 1347 2279 αὐτὸς
1380 2213 1650 2285 βούλεται,
1673 2215 1770 2269 καὶ
1791 2213 1880 2268 διὰ

283 2298 461 2354 ταῦτα
494 2301 593 2354 καὶ
624 2301 809 2354 ἐκεῖνα
840 2299 1045 2364 δίδωσι,
1072 2299 1201 2362 τοὺς
1250 2297 1637 2369 ἀτελεστέρους
1668 2297 1880 2365 ἐνάγων

281 2380 500 2447 τούτοις
515 2383 611 2438 καὶ⁵
634 2381 1036 2454 προπαιδεύων,
1061 2380 1250 2453 ἐπειδὴ
1267 2381 1402 2452 πρὸς
1435 2381 1527 2435 τὸν
1562 2380 1770 2451 κόσμον
1798 2380 1880 2435 ἔτι

283 2459 607 2539 κεχήνασιν.
626 2467 765 2520 Ἀλλ’
778 2468 908 2521 ὅταν
922 2465 1061 2520 αύτά
1087 2465 1362 2530 λαϐόντες,
1399 2466 1459 2519 ἐν
1480 2465 1664 2527 αὐτοῖς
1680 2466 1879 2518 ἐναπο-

289 2552 571 2622 μείνωσιν,
604 2550 968 2618 ἐγκαλοῦνται
997 2550 1090 2603 καὶ
1112 2547 1491 2619 ἐπιτιμῶνται.
1512 2548 1666 2601 Ἐπεὶ
1682 2548 1774 2600 καὶ
1787 2548 1879 2601 ἐπὶ⁸

284 2635 378 2688 τοῦ
398 2633 775 2707 παραλυτικοῦ
804 2632 1020 2705 πρῶτον
1035 2634 1213 2687 ἐκεῖνο
1239 2631 1489 2685 ἐϐούλετο
1509 2630 1717 2695 δοῦναι,
1751 2630 1851 2684 ἀλλ
1865 2630 1878 2652 ’

288 2718 394 2772 ούκ
416 2718 699 2788 ἠνείχοντο
714 2717 764 2771 οί
784 2716 1069 2788 παρόντες.
1090 2715 1348 2777 Εἰπόντος
1366 2714 1495 2786 γὰρ,
1514 2715 1595 2767 ὅτι
1632 2713 1879 2783 Ἀφέων-

286 2801 384 2855 ταί
393 2816 513 2856 σου
549 2803 609 2854 αὶ
651 2800 927 2869 ἁμαρτίαι
951 2837 966 2862 ,
1010 2798 1194 2867 ἔλεγον
1217 2814 1233 2830 ·
1259 2791 1448 2864 Οὗτος
1468 2797 1845 2867 βλασφημεῖ.

357 2883 451 2955 Μὴ
466 2883 556 2955 δὴ,
576 2881 904 2953 παρακαλῶ,
935 2880 1176 2935 τοιοῦτον
1201 2879 1463 2951 πάθωμέν
1490 2896 1542 2932 τι
1561 2881 1742 2950 ἡμεῖς,
1764 2878 1879 2932 ἀλλ’

286 2967 513 3021 ἐκείνων
525 2968 655 3036 ἡμῖν
668 2964 867 3018 πλείων
878 2964 1017 3017 ἔστω
1026 2963 1202 3032 λόγος.
1215 2961 1516 3026 Διατί;”οτι
1528 2960 1635 3013 τῶν
1647 2977 1779 3014 πνευ
1787 2978 1885 3027 μα-

285 3049 456 3104 τικῶν
467 3068 546 3103 πα
555 3048 775 3120 ρόντων,
796 3046 1021 3117 οὐδεμία
1044 3046 1152 3099 ἀπὸ
1163 3045 1264 3115 τῆς
1280 3045 1389 3098 τῶν
1409 3043 1685 3115 σαρκικῶν
1716 3044 1885 3096 ἀπου-

287 3133 411 3196 σίας
434 3132 650 3202 γίνεται
681 3130 873 3202 βλάϐη·
903 3128 1128 3183 ἐκείνων
1152 3129 1209 3182 δὲ
1243 3128 1344 3180 ούκ
1385 3127 1574 3193 ὄντων,
1605 3127 1688 3190 τίς
1730 3125 1883 3180 ἔσται

284 3218 421 3288 ἡμῖν
434 3216 628 3270 λοιπὸν
646 3215 798 3277 ἐλπίς
818 3231 833 3280 ;
851 3213 933 3277 τίς
948 3213 1005 3267 δὲ
1025 3211 1346 3284 παραμυθία
1363 3210 1482 3277 ;Διὸ
1497 3211 1603 3282 χρὴ
1621 3210 1748 3281 περὶ
1760 3211 1883 3264 τού-

282 3316 399 3353 των
415 3300 505 3353 ἀεὶ
517 3298 609 3353 τὸν
625 3299 756 3353 Θεὸν
769 3297 1128 3371 παρακαλεῖν,
1147 3297 1241 3349 καὶ
1256 3296 1430 3350 ταῦτα
1447 3294 1880 3350 αἰτεῖν.Τοιαῦτα

285 3384 398 3456 γὰρ
415 3384 514 3437 καὶ⁹
527 3384 609 3437 όΧ
620 3382 800 3455 ριστδς
813 3382 963 3452 ἡμᾶς
977 3379 1231 3451 εὔχεσθαι
1248 3379 1505 3446 ἐδίδαξεν.
1520 3379 1636 3433 Κᾶν
1649 3378 1879 3432 ἀναπτύ-

291 3468 469 3538 ξωμεν
483 3465 585 3538 τὴν
602 3464 770 3536 εὐχὴν
785 3463 1020 3534 ἐκείνην,
1034 3462 1185 3516 οὐδὲν
1201 3463 1506 3534 εὑρήσομεν
1520 3464 1577 3515 ἐν
1593 3463 1728 3534 αὐτῇ
1751 3480 1875 3533 σαρ-

1312 259 1377 314 IN
1415 254 1725 314 JOARNEM
1771 252 2002 315 llUiﬂL.
2047 254 2228 326 XLIV,
2271 264 2342 322 ιιι.
2380 262 2553 322 XLI”.

3456 266 3560 317 Ξὶδ

1976 376 2146 440 κεκδν,
2168 376 2303 429 ἀλλὰ
2320 378 2488 432 πάντα
2518 377 2876 446 πνευματικά.
2897 376 3004 429 Καὶ
3024 376 3152 428 αὐτὸ
3178 376 3235 429 δὲ
3267 376 3324 428 τὸ
3348 380 3557 449 μικρὸν,

1972 460 2147 512 ἐκεῖνο
2182 459 2244 511 τὸ
2266 461 2543 531 αἱσθητον,
2585 459 2663 529 τῷ
2691 461 2878 529 τρόπῳ
2923 461 3211 528 γινόμενον
3259 476 3559 529 πνευματι-

1972 544 2085 595 κόν.
2137 542 2212 595 Τὸ
2261 543 2371 612 γὰρ
2418 547 2706 613 παραινεῖν
2741 543 2907 613 μηδὲν
2947 543 3110 596 πλέον
3153 542 3432 611 ἐπιζητεῖν
3461 543 3556 596 τοῦ

1972 625 2140 697 ἄρτου
2191 623 2285 677 τοῦ
2334 624 2636 688 ἐπιουσίου,
2684 627 2951 692 τουτέστι,
3003 624 3098 679 τοῦ
3160 624 3552 695 καθημερινοῦ,

1973 708 2351 779 πνευματικῆς
2386 707 2451 761 ἂν
2485 705 2570 780 εἴη
2620 710 2714 762 καὶ
2765 710 3055 779 φιλοσόφου
3079 708 3339 770 διανοίας.
3374 706 3456 760 Τὰ
3498 707 3557 760 δὲ

1973 789 2081 862 πρὸ
2136 790 2327 843 τούτου
2383 791 2515 861 ὅρα·
2590 792 2949 862 Ἁγιασθήτω
3015 795 3083 845 τὸ
3148 790 3337 859 ὄνομά
3406 804 3554 843 σου·

1972 871 2192 928 ἐλθέτω
2225 874 2265 941 ἠ
2306 872 2599 937 ,βασιλεία
2643 889 2792 930 σου·
2849 875 3154 945 γενηθήτω
3195 875 3261 928 τὸ
3328 871 3558 940 θέλημά

1973 970 2114 1022 σου,
2142 957 2223 1021 ὡς
2251 956 2322 1011 ἐν
2346 958 2601 1025 οὐρανῷ,
2648 959 2748 1013 καὶ
2780 960 2879 1014 ἐπὶ
2913 959 3022 1029 τῆς
3048 958 3183 1028 γῆς.
3219 955 3353 1012 Εἶτα
3383 956 3556 1011 είπὼν

1972 1040 2035 1094 τὸ
2075 1040 2336 1111 αἰσθητὸν
2391 1042 2589 1110 ἐκεῖνο,
2628 1044 2839 1113 ταχέως
2884 1043 3176 1112 ἀπηλλάγη
3228 1041 3413 1108 αὑτοῦ,
3464 1042 3557 1095 καὶ

1974 1122 2137 1179 πάλιν
2159 1120 2250 1177 ἐπὶ
2276 1124 2374 1196 τὴν
2400 1125 2773 1197 πνευματικὴν
2821 1121 2952 1197 ἦλθε
2986 1125 3351 1190 διδασκαλίαν,
3375 1126 3561 1195 ’Ἄφες

1973 1208 2121 1278 ημῖν
2145 1208 2220 1264 τὰ
2254 1208 2630 1278 ὀφειλήματα
2674 1207 2862 1278 ἡμῶν,
2906 1208 3100 1277 λέγων,
3131 1209 3212 1274 ὼς
3235 1209 3334 1261 καὶ
3386 1208 3559 1277 ἡμεῖς

1975 1293 2228 1361 ἀφίεμεν
2255 1292 2382 1359 τοῖς
2427 1291 2769 1362 ὀφειλέταις
2811 1291 3001 1361 ἡμῶν.
3053 1290 3304 1361 Οὐδαμοῦ
3357 1291 3554 1361 ἀρχὴν,

1977 1373 2215 1444 οὐδαμοῦ
2264 1373 2519 1441 πλοῦτον,
2574 1375 2813 1446 οὐδαμοῦ
2868 1374 3049 1439 δόξαν,
3119 1370 3352 1443 οὐδαμοῦ
3409 1372 3560 1425 δυναο

1979 1459 2185 1525 στείαν,
2212 1460 2349 1514 ἀλλὰ
2374 1460 2553 1515 πάντα
2581 1462 2662 1524 εἰς
2682 1459 2862 1530 ψυχῆς
2897 1458 3164 1528 ὠφέλειαν
3204 1454 3560 1510 συντελοῦντα

1979 1542 2204 1614 ἐνέθηκε
2224 1545 2289 1615 τῇ
2319 1544 2452 1614 εὐχῇ
2479 1561 2495 1576 ο
2521 1543 2673 1596 οὐδὲν
2701 1545 2911 1613 γήϊνον,
2944 1541 3080 1596 ἀλλὰ
3109 1540 3285 1593 πάντα
3310 1540 3555 1611 οὐράνια.

1978 1628 2042 1682 Εἰ
2068 1628 2249 1681 τοίνυν
2278 1626 2614 1697 κελευόμεθα
2639 1625 2943 1696 ἀπέχεσθαι
2994 1624 3101 1678 τῶν
3154 1622 3423 1693 βιωτικῶν
3463 1625 3560 1677 καὶ

1978 1713 2284 1783 παρόντων,
2310 1711 2430 1776 πῶς
2457 1713 2557 1765 οὐκ
2583 1712 2650 1766 ἂν
2676 1712 2868 1781 εἴημεν
2895 1708 3069 1763 ἄθλιοι
3098 1709 3193 1762 καὶ
3218 1708 3561 1779 ταλαίπωροι

1976 1795 2150 1848 ταῦτα
2181 1794 2463 1858 αἰτοῦντες
2491 1794 2645 1866 παρά
2670 1792 2829 1857 Θεοῦ,
2862 1793 2899 1847 ἃ
2930 1792 3182 1846 ἐκέλευσε
3213 1793 3307 1845 καὶ
3339 1791 3559 1862 ἔχοντας

1977 1878 2284 1943 ἐκϐάλλειν,
2327 1879 2611 1953 φροντίδος
2637 1878 2996 1932 ἀπαλλάττων
3021 1878 3189 1948 ἡμᾶς,
3227 1878 3366 1947 ὑπὲρ
3395 1871 3469 1931 ὧν
3500 1876 3560 1929 δὲ

1977 1961 2231 2029 ἐπέταξε,
2294 1960 2561 2034 μηδεμίαν
2618 1961 2863 2015 τίθεσθαι
2921 1960 3191 2028 σπουδήν’
3231 1958 3432 2030 μᾶλλον
3501 1957 3560 2011 δὲ

1982 2046 2121 2117 μήτε
2164 2045 2309 2116 ἔχειν
2368 2046 2507 2116 μήτε
2559 2044 2848 2115 ἐπιθυμεῖν
2885 2062 2899 2112 ;
2959 2041 3132 2096 Τοῦτο
3174 2044 3284 2115 γάρ
3327 2044 3444 2095 ἐστι
3498 2039 3560 2095 τό

1982 2132 2343 2204 βαττολογεῖν.
2373 2133 2473 2186 Διά
2518 2130 2676 2186 τοῦτο
2716 2131 2811 2186 καὶ
2860 2130 3138 2202 εὐχόμενοι
3171 2131 3271 2184 οὐκ
3300 2128 3557 2200 ἀνύομεν.

1982 2215 2107 2280 Πῶς
2127 2211 2220 2271 οὖν
2247 2218 2296 2270 οἰ
2324 2216 2572 2288 πονηροὶ,
2611 2216 2766 2286 φησὶ,
2799 2213 3087 2267 πλουτοῦσι
3112 2231 3127 2281 ;
3163 2212 3279 2276 πῶς
3303 2214 3352 2265 οἱ
3383 2212 3560 2266 ἄδικοι

1982 2300 2078 2354 καὶ
2128 2302 2337 2372 μιαροὶ,
2389 2299 2750 2373 ἁρπάζοντες,
2807 2295 3291 2361 πλεονεκτοῦντες;
3341 2296 3415 2349 Οὐ
3462 2291 3558 2348 τοῦ

1982 2382 2118 2437 Θεοῦ
2156 2384 2508 2456 παρέχοντες,
2551 2384 2752 2452 ἄπαγε.
2805 2382 2917 2435 Καὶ
2953 2380 3070 2444 πῶς
3107 2382 3136 2434 ό
3173 2379 3304 2443 Θεὸς
3344 2396 3560 2450 συγχω-

1983 2470 2101 2538 ρεῖ;
2159 2468 2395 2521 Ὀτικα)⁵
2438 2466 2517 2538 τῷ
2577 2465 2814 2537 πλουσίῳ
2860 2464 2982 2518 τότε
3024 2461 3392 2535 συνεχώρησε,
3440 2463 3560 2533 μεί-

1982 2550 2096 2615 ξονι
2122 2550 2301 2623 τηρῶν
2328 2551 2490 2604 αὐτὸν
2515 2551 2750 2605 κολάσει.
2783 2551 3047 2602 Ἄκουσον
3077 2543 3169 2601 οὖν
3208 2547 3302 2600 καὶ
3336 2545 3389 2599 τί
3424 2562 3559 2617 φησι

1982 2634 2116 2705 πρὸς
2136 2635 2297 2688 αὐτόν
2322 2653 2333 2666 ·
2372 2635 2611 2699 Τέκνον,
2636 2633 2936 2700 ἀπέλαϐες
2966 2634 3040 2688 τὰ
3067 2630 3263 2703 ἀγαθά
3293 2646 3433 2695 σου,
3461 2630 3561 2683 καὶ

1981 2717 2242 2785 Λάζαρος
2270 2718 2344 2771 τὰ
2378 2718 2566 2772 κακά·
2604 2718 2702 2770 καὶ
2735 2716 2852 2771 νῦν
2888 2711 3067 2782 οὗτος
3105 2713 3558 2784 παρακαλεῖται,

1982 2799 2064 2854 σὺ
2090 2799 2158 2853 δὲ
2183 2799 2499 2856 ὀδυνᾶσαι.
2522 2802 2617 2854 "lv’
2647 2796 2740 2853 οὖν
2765 2799 2840 2871 μὴ
2863 2800 2955 2853 καὶ
2977 2801 3138 2870 ἡμεῖς
3157 2798 3365 2868 ταύτης
3393 2794 3560 2849 ἀκού-

1987 2900 2169 2953 σωμεν
2259 2882 2408 2955 [£58]
2477 2886 2578 2955 τῆς
2629 2884 2835 2953 φωνῆς,
2910 2882 3226 2952 τρυφῶντες
3287 2880 3414 2949 εἰκῆ
3467 2878 3561 2931 καὶ

1990 2965 2189 3036 μάτην,
2219 2966 2313 3017 καὶ
2342 2965 2511 3018 πολλὰ
2563 2967 2886 3034 συνάγοντες
2924 2967 3136 3026 ἑαυτοῖς
3168 2964 3559 3036 ἁμαρτήματα,

1985 3048 2078 3101 τὸν
2102 3048 2274 3118 ἀληθῆ
2310 3047 2537 3100 πλοῦτον
2560 3046 2809 3117 ἑλώμεθα
2833 3046 2929 3099 καί
2963 3046 3060 3118 τὴν
3099 3047 3299 3116 ἀκριϐῆ
3343 3046 3563 3114 φιλοσο-

1987 3131 2137 3199 φίαν,
2164 3127 2303 3181 ὥστε
2347 3132 2529 3199 τυχεῖν
2583 3128 2690 3184 τῶν
2731 3129 3157 3200 ἐπηγγελμένων
3192 3129 3414 3197 ἀγαθῶν
3438 3145 3453 3160 ⁸
3485 3121 3561 3182 ὧν

1984 3215 2194 3282 γένοιτο
2223 3200 2429 3274 πάντας
2472 3214 2621 3282 ἡμᾶς
2674 3215 2983 3284 μετασχεῖν,
3039 3217 3221 3285 χάριτι
3250 3214 3342 3266 καὶ
3374 3212 3563 3281 φιλαν-

1986 3296 2203 3368 θρωπίᾳ
2230 3297 2322 3349 τοῦ
2354 3298 2562 3367 Κυρίου
2584 3297 2745 3368 ἡμῶν
2784 3298 2959 3369 Ἰησοῦ
2996 3298 3257 3370 Χριστοῦ,
3286 3299 3355 3352 δι’
3387 3296 3447 3355 οῦ
3469 3302 3561 3354 καὶ

1986 3380 2104 3451 μεθ’
2131 3374 2191 3433 οὗ
2219 3380 2296 3450 τῷ
2323 3381 2552 3453 Πατρὶή
2595 3381 2743 3448 δόξα,
2773 3381 2889 3452 ἅμα
2935 3381 3013 3453 τῷ
3068 3383 3208 3454 ἁγίῳ
3258 3382 3560 3453 Πνεύματι,

1972 3463 2077 3539 ⁴νῦν
2099 3464 2194 3517 καὶ
2212 3463 2320 3527 ἀεὶ,
2357 3464 2450 3517 καί
2478 3466 2557 3528 εἰς
2579 3465 2705 3527 τοὺς
2721 3466 2923 3529 αἰῶνας
2945 3465 3052 3518 τῶν
3082 3465 3311 3520 αἰώνων.
3363 3467 3556 3537 ’Λμήν,

1759 3602 2005 3656 ΟΜΙΛΙΑ
2042 3604 2172 3656 MA'.

304 3701 609 3773 Ἀπεκρίθη
647 3700 853 3766 αὐτοῖς
892 3699 1227 3773 όηἸησοῦς.
1260 3699 1357 3773 καὶ
1386 3693 1637 3773 diter!
1671 3695 1869 3765 Ἀμὴν,

361 3766 524 3845 ἀμῆν
550 3766 894 3845 λέγωᾲίὺμῖν,
918 3768 1137 3845 ζητεῖτέ
1161 3786 1261 3845 μεΞ
1284 3772 1398 3845 οὐχ
1437 3768 1525 3821 ὅτι
1545 3766 1734 3845 εἴδετε
1756 3783 1870 3832 ση-

355 3835 513 3912 μεῖά,
547 3835 684 3898 ἀλλ’
708 3835 797 3896 ὅτι
829 3835 1077 3909 ἐφάγετε
1097 3835 1176 3892 ἐκ
1193 3839 1312 3892 τῶν
1338 3835 1550 3906 ἄρτων,
1576 3835 1673 3890 καὶ
1699 3836 1870 3904 ἐχορ-

360 3914 643 3980 τάσθητε.
674 3911 1010 3980 Ἐργάζεσθε
1041 3909 1131 3980 μὴ
1156 3908 1270 3975 τὴν
1291 3906 1525 3980 βρῶσιν
1548 3908 1663 3973 τὴν
1690 3906 1873 3980 ἀπολ-

361 3932 643 3982 τασυητε.
676 3932 1010 3980 νιιργαςεσσε
1041 3932 1126 3979 μη
1156 3932 1270 3975 την
1291 3932 1525 3976 ρρωσιν
1548 3932 1663 3973 την
1690 3932 1871 3959 uacua.-

361 3983 654 4054 λυμένην,
694 3982 854 4037 ἀλλὰ
880 3980 995 4050 τὴν
1019 3978 1253 4049 ,βρῶσιν
1300 3977 1415 4048 τὴν
1445 3976 1758 4047 μένουσαν
1784 3978 1871 4042 εις

363 4054 515 4123 ζωὴν
541 4053 800 4108 αἰώνων.
826 4071 847 4105 ι

256 4221 261 4225 ,
364 4157 432 4207 α’.
459 4151 534 4205 Τὸ
562 4150 829 4222 προσηνὲς
868 4148 963 4204 καὶ
999 4147 1139 4201 λεῖον
1161 4147 1221 4200 ού
1263 4142 1539 4215 πανταχοῦ
1578 4143 1867 4225 χρήσιμον,

295 4235 406 4289 ἀλλ’
440 4234 586 4289 ἐστιν
623 4235 710 4287 ὅτε
745 4233 839 4286 καὶ
879 4230 973 4286 τοῦ
1020 4228 1464 4300 πληκτικωτέρου
1498 4226 1579 4278 δεῖ
1612 4224 1690 4294 τῷ
1721 4223 1871 4277 διδαο

299 4318 496 4390 σκάλῳ.
547 4319 715 4371 Ὅταν
753 4316 861 4388 γάρ
894 4313 1070 4384 νωθὴς
1169 4314 1199 4365 ὁ
1249 4310 1495 4382 μαθητὴς
1541 4308 1638 4390 καῖ(
1669 4306 1867 4378 παχὺς,

297 4389 501 4472 κέντρῳ
525 4400 761 4473 χρῆσθαι
790 4400 925 4471 πρὸς
957 4398 1119 4451 αύτδν
1152 4409 1176 4437 ο
1210 4393 1394 4447 λοιπὸν
1432 4391 1557 4463 χρὴ,
1607 4389 1747 4443 ῶστε
1771 4391 1870 4473 τῆς

299 4486 492 4558 πολλῆς
542 4472 862 4540 καθικέσθαι
893 4481 1142 4544 νωθείας.
1189 4477 1359 4532 Τοῦτο
1399 4477 1492 4558 καί
1522 4476 1549 4527 ό
1598 4473 1728 4558 Υἱὸς
1773 4472 1867 4558 τοῦ

298 4569 428 4622 Θεοῦ
452 4554 463 4558 -
483 4568 803 4639 πεποίηκεν,
858 4562 1091 4636 ἀλλαχοῦ
1145 4579 1202 4615 τε
1235 4557 1526 4630 πολλαχοῦ,
1559 4557 1653 4611 καὶ
1701 4557 1759 4609 ἐν
1790 4554 1868 4627 τῷ

300 4653 521 4720 παρόντι
549 4654 717 4723 τόπῳ.
759 4649 1051 4704 Ἐλθόντων
1080 4648 1186 4717 γὰρ
1217 4646 1326 4699 τῶν
1357 4644 1528 4716 ὄχλων
1554 4643 1646 4697 καὶ
1679 4641 1868 4714 εὑρόν-

298 4751 400 4788 των
423 4736 511 4790 τδν
559 4736 789 4806 Ἰησοῦν,
818 4733 914 4787 καὶ
936 4731 1338 4786 κολακευόντων
1366 4727 1546 4792 αὑτὸν,
1574 4727 1668 4780 καί
1685 4724 1869 4794 λεγόν-

298 4832 428 4870 των·
472 4820 689 4885 Ῥαϐὅὶ,
739 4819 884 4871 πότε
912 4810 1030 4869 ὦδε
1053 4812 1337 4885 γέγονας;
1380 4811 1594 4874 δεικνὺς
1637 4809 1718 4863 ὃτι
1770 4808 1867 4879 τῆς

299 4900 442 4971 παρά
469 4901 769 4974 ἀνθρώπων
792 4901 892 4954 οὐκ
912 4899 1123 4968 ἐφίεται
1141 4896 1329 4967 τιμῆς,
1344 4894 1458 4949 ἀλλ’
1480 4893 1537 4947 ἒν
1563 4894 1721 4965 μόνον
1742 4893 1863 4964 δρᾷ,

295 4984 391 5054 τὴν
414 4987 682 5058 σωτηρίαν
720 4984 919 5050 αὐτῶν,
957 4979 1368 5053 ἐπιπληκτικῶς
1412 4978 1593 5042 αὐτοῖς
1637 4975 1867 5048 ἀποκρί-

298 5072 473 5121 νεταιέ
508 5070 569 5123 ού
596 5069 767 5141 ταύτῃ
821 5069 979 5141 μόνον
1024 5064 1312 5139 διορθῶσαι
1349 5063 1689 5136 βουλόμενος,
1732 5058 1869 5114 ἀλλά

300 5151 392 5204 καὶ
427 5152 505 5223 τῷ
522 5154 619 5226 τὴν
646 5153 884 5209 διάνοιαν
915 5151 1093 5206 αὐτῶν
1122 5148 1425 5217 ἐκκαλύψαι
1453 5146 1547 5200 καὶ
1587 5146 1668 5209 εἰς
1706 5145 1869 5215 μέσον

300 5234 540 5303 ἀγαγεῖν.
586 5237 650 5291 Τί
700 5238 808 5310 γάρ
835 5252 1039 5309 φησιν;
1084 5233 1283 5304 Ἀμὴν,
1314 5230 1478 5301 ἀμὴν
1506 5228 1661 5301 λέγω
1690 5226 1864 5296 ὑμῖν

308 5318 437 5384 μετά
491 5321 764 5393 διορισμοῦ
815 5322 909 5376 καὶ
946 5318 1315 5391 βεϐαιώσεως·
1349 5310 1566 5381 ζητεῖτέ
1609 5328 1705 5381 με,
1754 5312 1866 5379 οὐχ

306 5397 389 5453 ὅτι
415 5403 597 5458 εἰδετε
621 5406 856 5474 σημεῖα,
883 5403 1020 5459 ἀλλ’
1045 5403 1133 5456 ὅτι
1153 5399 1400 5471 ἐφάγετε
1423 5398 1492 5450 ἐκ
1514 5394 1633 5449 τῶν
1652 5393 1865 5461 ἄρτων,

307 5483 397 5535 καὶ
418 5484 826 5555 ἐχορτάσθητε.
858 5486 1091 5559 Πλήττει
1125 5485 1222 5555 μὲν
1242 5482 1319 5553 τῷ
1342 5481 1486 5550 λόγῳ
1514 5482 1609 5532 καὶ
1635 5477 1866 5547 ἐλέγχει,

308 5565 413 5620 ἀλλ’
441 5571 538 5625 οὐκ
556 5572 840 5644 ἀποτόμως
856 5573 950 5626 καὶ¹
976 5571 1197 5643 σφόδρα,
1226 5568 1362 5623 ἀλλά
1387 5564 1523 5637 μετά
1547 5561 1746 5632 πολλῆς
1768 5563 1868 5633 τῆς

309 5652 512 5717 φειδοῦς
564 5654 721 5708 τοῦτο
767 5657 956 5710 ποιῶν.
1014 5654 1089 5710 Οὐ
1115 5656 1224 5724 γὰρ
1250 5647 1402 5705 εἶπεν
1426 5689 1441 5713 ,
1467 5644 1538 5702 Ὦ
1570 5645 1866 5718 λαίμαργοι

306 5734 397 5793 καὶ
419 5737 804 5807 γαπρίδουλοι,
833 5738 1073 5793 τοσαῦτα
1113 5733 1625 5806 ὲθαυματούργησα,
1656 5729 1749 5783 καὶ
1779 5729 1870 5783 οὐ·

212 5842 215 5845 η
310 5812 470 5884 δαμοῦ
497 5818 619 5871 οὔτε
645 5821 1065 5891 ἡκολουθήσατε,
1098 5818 1220 5870 οὒτε
1250 5817 1594 5888 ὲθαυμάσατε
1620 5812 1686 5868 τὰ
1711 5828 1869 5883 γεγε-

375 5905 399 5935 ¹
431 5908 577 5958 δειγίι.
616 5910 790 5975 κέντρῳ
808 5911 1043 5975 διεγείρειν
1063 5908 1221 5957 αὐτόν.

1979 3696 2184 3767 νημένα
2204 3712 2218 3725 ·
2251 3695 2386 3749 ἀλλά
2413 3696 2701 3767 προσηνῶς
2732 3695 2874 3751 οὕτω
2924 3713 3039 3760 πως
3073 3697 3169 3751 καὶ
3217 3698 3421 3769 ἠρέμα,
3450 3702 3562 3767 Ζη-

1976 3781 2129 3835 τεῐτέ
2144 3799 2243 3851 με,
2278 3785 2390 3851 οὐχ
2421 3781 2511 3835 ὅτι
2535 3782 2723 3836 εἴδετε
2748 3782 2965 3851 σημεῖα
2987 3823 3001 3846 ,
3029 3783 3165 3837 ἀλλ’
3195 3783 3283 3836 ότι
3310 3783 3560 3853 ἐφάγετε

1976 3864 2044 3917 ἐκ
2098 3862 2215 3916 τῶν
2250 3862 2461 3932 ἀρτων,
2520 3864 2617 3917 καὶ
2679 3864 3113 3933 ἐχορτάσθητε*
3164 3865 3222 3917 οὐ
3279 3867 3406 3935 περὶ
3448 3867 3559 3921 τῶν

1976 3945 2355 4018 παρελθόντων
2380 3947 2540 4018 μόνον
2564 3987 2579 4011 ,
2604 3946 2740 3999 ἀλλά
2775 3949 2868 4000 καὶ
2893 3948 3020 4018 περὶ
3044 3946 3137 3999 τοῦ
3167 3948 3434 4017 παρόντος
3462 3966 3559 4019 ση-

1979 4031 2131 4104 μείου
2161 4031 2457 4102 ἐμφαίνων.
2512 4030 2810 4099 Μονονουχὶ
2836 4030 2945 4098 γὰρ
2987 4028 3144 4081 τοῦτο
3186 4029 3353 4097 λέγει,
3386 4030 3452 4082 δι’
3482 4025 3557 4085 ὦν

1976 4115 2112 4186 πρὸς
2137 4115 2335 4176 αὐτοὺς
2365 4113 2705 4167 ἀποτείνεται
2727 4129 2741 4143 ο
2765 4113 2839 4165 Οὐ
2872 4112 2932 4164 τὸ
2953 4111 3137 4182 θαῦμα
3166 4114 3308 4183 ὑμᾶς
3336 4112 3560 4186 ἐξέπλη-

1977 4198 2033 4263 ξε
2060 4196 2088 4237 δ
2124 4201 2184 4251 τὸ
2235 4196 2330 4250 ἐπὶ
2375 4200 2485 4260 τοῖς
2513 4197 2717 4267 ἄρτοις,
2747 4193 2883 4248 ἀλλά
2919 4195 2979 4247 τὸ
3011 4195 3410 4267 ἐμπλησθῆναι.
3447 4198 3557 4254 Καὶ

1975 4282 2056 4336 ὅτι
2085 4282 2146 4335 ού
2178 4277 2715 4351 καταστοχαζόμενος
2740 4277 2918 4332 αὐτῶν
2939 4277 3144 4347 ἔλεγεν,
3179 4279 3379 4345 εὐθέως
3419 4281 3546 4335 ἔδει-

1977 4368 2071 4435 ξαν
2100 4368 2320 4420 ἐκεῖνοι.
2352 4366 2464 4420 Καὶ
2496 4363 2607 4434 γάρ
2627 4362 2712 4416 διὰ
2732 4360 2891 4415 τοῦτο
2924 4361 3084 4415 πάλιν
3109 4358 3296 4435 ἦλθον,
3317 4363 3391 4428 ὡς
3423 4365 3553 4435 μέλ-

1974 4452 2156 4515 λοντες
2187 4450 2296 4505 τῶν
2325 4448 2506 4503 αὐτῶν
2534 4446 2953 4502 ἀπολαύσεσθαι.
2982 4445 3083 4499 Διά
3123 4445 3282 4499 τοῦτο
3311 4449 3407 4502 καὶ
3438 4447 3555 4502 ἕλε-

1975 4547 2104 4604 γον’
2140 4536 2206 4589 Οἱ
2233 4532 2483 4603 πατέρες
2528 4529 2699 4601 ἡμῶν
2731 4531 2957 4601 ἔφαγον
3008 4530 3072 4584 τὸ
3103 4528 3306 4599 μάννα
3353 4530 3423 4583 ἐν
3476 4531 3552 4601 τῇ

1973 4617 2207 4688 ἐρήμῳο
2250 4617 2411 4671 πάλιν
2451 4616 2544 4670 ἐπὶ
2567 4615 2772 4688 τροφὴν
2819 4615 2980 4670 αὑτὸν
3022 4613 3274 4677 ἕλκοντες
3306 4625 3328 4653 ο
3360 4631 3551 4685 σαρκι-

1975 4701 2099 4772 κὴν,
2131 4701 2268 4773 ὅπερ
2289 4696 2357 4774 ἦν
2385 4700 2637 4773 ἔγκλημα
2665 4701 2758 4754 καὶ
2791 4698 3093 4771 κατηγορία
3123 4697 3376 4768 μεγίστη.
3409 4697 3552 4752 Ἀλλ’

1974 4786 2135 4850 αὐτὸς
2160 4786 2258 4858 οὐχ
2287 4787 2497 4841 ἵσταται
2533 4785 2693 4858 μέχρι
2714 4783 2822 4838 τῶν
2853 4784 3089 4854 ἐλέγχων
3109 4821 3125 4848 ,
3173 4781 3309 4838 ἀλλά
3350 4782 3444 4836 καὶ
3469 4784 3550 4838 δι·

1972 4871 2267 4927 δασκαλίαν
2303 4870 2512 4936 τούτοις
2554 4868 2896 4942 προστίθησι,
2941 4866 3147 4935 λέγων’
3211 4866 3548 4938 Ἐργάζεσθε

1969 4954 2056 5028 μὴ
2082 4954 2197 5024 τὴν
2211 4954 2445 5024 ,βρῶσιν
2466 4952 2583 5024 τὴν
2608 4951 3060 5022 ἀπολλυμένην,
3084 4952 3244 5005 ἀλλὰ
3262 4952 3377 5019 τὴν
3394 4950 3550 5019 ,βρῶς

1974 5053 2080 5092 σιν
2099 5035 2213 5105 τὴν
2245 5037 2557 5106 μένουσαν
2592 5036 2680 5100 εις
2711 5032 2864 5101 ζωὴν
2908 5030 3184 5098 αἰώνιον,
3226 5030 3307 5099 ἣν
3342 5035 3376 5086 ό
3418 5032 3549 5096 Υἱὸς

1972 5121 2079 5175 τοῦ
2106 5119 2419 5189 ἀνθρώπου
2445 5117 2692 5173 δίδωσιν
2738 5116 2906 5186 ὑμῖν..
2942 5114 3163 5169 Τοῦτον
3187 5112 3336 5186 [259]
3375 5113 3489 5182 γὰρ
3515 5116 3549 5167 ὀ

1970 5203 2177 5272 Πατὴρ
2220 5200 2588 5272 ἐσφράγισεν
2630 5203 2663 5255 ό
2693 5202 2856 5264 Θεός.
2895 5200 2959 5252 '0
2986 5198 3044 5251 δέ
3094 5197 3262 5267 λέγει,
3309 5196 3550 5251 τοιοῦτόν

1971 5288 2125 5339 ἐστι·
2154 5284 2356 5357 Μηδεὶς
2394 5285 2521 5354 ὑμῖν
2549 5282 2689 5336 έστω
2747 5283 2901 5351 λόγος
2944 5281 3148 5352 ταύτης
3193 5281 3294 5351 τῆς
3317 5280 3544 5353 τροφῆς,

1970 5370 2083 5426 ἀλλ’
2105 5370 2319 5440 ἐκείνης
2340 5369 2439 5438 τῆς
2464 5367 2856 5439 πνευματικῆς.
2899 5366 3037 5420 Ἀλλ’
3065 5366 3249 5438 ἐπειδη
3274 5382 3417 5427 τινες
3439 5364 3548 5419 τῶν

1973 5453 2310 5526 βουλομένων
2344 5449 2530 5523 ἀργῶς
2557 5451 2851 5522 τρέφεσθαι
2874 5494 2889 5517 ,
2927 5451 3333 5524 ἀποκέχρηνται
3373 5448 3549 5521 τούτῳ

1967 5539 2046 5610 τῷ
2075 5535 2241 5609 λόγῳ,
2272 5536 2348 5599 ὼς
2376 5535 2475 5604 τὴν
2506 5534 2768 5606 ἐργασίαν
2788 5534 3143 5599 ἐκκόπτοντος
3169 5531 3262 5587 τοῦ
3284 5531 3547 5604 Χριστοῦ,

1967 5621 2223 5691 εὔκαιρον
2251 5618 2342 5672 καὶ
2373 5615 2512 5686 πρὸς
2552 5617 2749 5680 αὐτοὺς
2786 5619 2978 5673 εἰπεῖν.
3011 5618 3174 5673 ὐλον
3214 5615 3344 5687 γὰρ,
3371 5614 3446 5677 ὡς
3472 5616 3550 5667 ei.

1971 5708 2111 5771 πεῖν,
2138 5700 2482 5757 διαϐάλλουσι
2527 5700 2616 5753 τὸν
2659 5698 3106 5775 Χριστιανισμδν,
3141 5702 3236 5756 καὶ
3267 5699 3358 5752 ἐπὶ
3384 5698 3551 5770 ἀργίᾳ

1975 5840 2059 5955 mh
2079 5836 2457 5950 ῗῗξξῗλσῖημείον
2476 5838 2720 5900 λέγων-οῦ
2739 5840 2828 5903 γὰρ
2850 5841 2904 5892 τὸ
2922 5839 3133 5905 Mm.
3150 5841 3211 5899 ιι.
3237 5834 3391 5902 φησει
3416 5835 3438 5866 ε
3460 5834 3548 5885 διι-
