3984 6196
229 329 331 389 ω

225 443 418 515 getiam
449 432 676 492 vestrum
705 431 902 504 agatis,
934 437 983 485 et
1023 428 1298 500 operemini
1340 427 1570 481 manibus
1605 426 1812 491 vestris,

229 547 280 588 at
303 533 520 584 honeste
545 524 810 581 ambuletis
834 522 903 576 ad
929 537 1013 576 eos
1043 519 1126 591 qui
1157 521 1281 590 foris
1310 527 1426 572 sunt
1457 517 1533 589 (l.
1557 517 1732 578 Thess.
1761 516 1815 570 4.

232 623 310 678 l0.
348 620 478 690 ll);
508 629 564 674 et
590 631 822 679 rursum,
861 614 958 680 Qui
987 611 1253 684 {urebatur
1277 652 1292 676 ,
1320 612 1430 679 jam
1458 625 1557 663 non
1592 611 1820 680 furatur:

229 716 386 786 mgis
417 722 592 766 autem
623 710 817 764 laboret
838 706 1097 776 operando
1132 703 1364 757 manibus
1394 703 1519 769 suis,
1554 711 1604 754 ut
1637 701 1818 755 habeat

229 808 360 859 unde
386 804 582 857 tribuat
607 799 947 854 necessitatem
989 795 1198 866 patienti
1223 797 1240 862 (
1269 793 1454 862 Ephes.
1478 793 1531 846 4.
1564 792 1632 846 28
1655 791 1696 862 ).
1727 791 1822 845 llic

225 899 425 955 Paulus
472 911 584 950 non
633 891 945 962 simpliciter
992 887 1234 958 prtecipit
1271 885 1516 954 operari,
1557 883 1651 938 sed
1700 898 1818 937 cum

221 1001 377 1045 tanto
409 990 603 1044 labore
624 1028 638 1052 ,
667 995 725 1040 ut
752 982 1098 1039 subveniatur
1125 978 1398 1048 indigenti.
1447 977 1512 1030 Et
1537 976 1660 1029 alibi
1689 989 1820 1044 quo-

217 1099 326 1154 que
355 1083 476 1147 ait,
529 1075 925 1133 Necessitatibus
969 1073 1130 1139 meis,
1167 1078 1212 1124 et
1256 1085 1428 1123 eorum
1476 1068 1563 1137 qui
1619 1083 1816 1119 mecum

217 1188 376 1239 sunt,
401 1174 816 1228 ministracerunt
842 1183 1022 1220 manus
1051 1166 1162 1218 ista:
1192 1163 1325 1233 (Act.
1360 1161 1451 1214 20.
1482 1158 1594 1230 54).
1629 1160 1689 1212 Et
1716 1158 1820 1213 Co-

219 1267 447 1324 rinthiis
472 1264 684 1319 diccbat
716 1279 730 1315 :
766 1261 893 1325 Qua:
917 1266 987 1312 est
1013 1273 1130 1328 ergo
1156 1271 1344 1308 merces
1387 1269 1497 1306 mea
1519 1253 1542 1306 ?
1574 1250 1640 1306 Ut
1668 1268 1820 1305 evan-

221 1359 418 1429 gelium
467 1355 796 1426 pnedicans,
847 1350 959 1403 sine
1003 1354 1209 1416 sumptu
1257 1359 1445 1414 ponam
1510 1340 1822 1410 evangelium

223 1451 244 1519 (
272 1451 324 1502 l.
357 1447 482 1502 Cor.
512 1444 569 1500 9.
599 1442 713 1513 18).
745 1442 810 1495 Et
839 1440 891 1494 in
915 1439 1182 1493 civitatem
1212 1435 1355 1489 illam
1385 1433 1627 1496 veniens,
1665 1430 1821 1484 Man.

217 1543 290 1594 sit
320 1538 465 1609 apud
495 1535 732 1599 Aquitani
769 1543 814 1586 et
844 1529 1135 1584 Priscillam
1178 1529 1206 1592 ,’
1227 1536 1275 1579 et
1307 1525 1629 1595 operabatur.
1659 1522 1823 1576 Erant

220 1631 363 1683 enim
386 1625 768 1696 scenofactoria:
800 1621 926 1675 artis
951 1619 1101 1689 (Act.
1134 1617 1223 1673 18.
1251 1616 1287 1670 2
1380 1615 1504 1669 Haec
1531 1621 1716 1668 contra
1744 1614 1825 1667 die

221 1731 375 1774 ctum
429 1717 560 1772 illud
596 1728 835 1786 pugnare
883 1711 1130 1765 maxime
1155 1705 1402 1762 videntur
1435 1723 1448 1758 :
1473 1705 1583 1774 jam
1627 1705 1823 1758 solutio

221 1816 522 1869 referatur.

307 1901 706 1964 Laborandum,
747 1897 836 1952 sed
884 1897 993 1951 sine
1036 1892 1393 1948 sollicitudine.
1420 1889 1646 1958 —Qttid
1695 1903 1823 1959 ergo

221 1993 721 2066 respondebimus?
745 1990 862 2046 Non
905 2003 1026 2045 esse
1065 1987 1352 2042 sollicitum
1383 2001 1490 2039 non
1519 1985 1821 2054 significat,

224 2102 259 2139 a
293 2087 483 2140 labore
509 2098 758 2147 cessare;
790 2080 883 2136 sed
903 2121 920 2145 ,
970 2079 1126 2147 hujus
1158 2077 1339 2132 mundi
1385 2076 1546 2131 rebus
1576 2090 1681 2129 non
1711 2075 1824 2128 ba:-

223 2191 357 2231 rere
379 2217 396 2240 ,
425 2175 478 2227 id
503 2183 586 2228 est
604 2215 618 2238 ,
649 2187 754 2226 non
783 2184 903 2225 esse
933 2167 1220 2222 sollicitum
1260 2165 1327 2220 de
1365 2165 1596 2220 crastina
1623 2165 1821 2234 quiete,

228 2267 340 2322 sed
386 2268 533 2320 illam
561 2279 740 2320 curam
788 2275 1171 2331 supervacuam
1210 2267 1418 2327 putare.
1472 2257 1654 2311 Potest
1681 2257 1822 2312 enim

230 2360 340 2430 qui
371 2367 624 2427 operatur
658 2370 760 2409 non
798 2353 848 2407 in
887 2351 1180 2406 crastinum
1215 2349 1578 2405 thesaurizare
1611 2367 1621 2400 :
1652 2356 1828 2416 potest

229 2453 336 2522 qui
372 2451 585 2506 laborat
612 2463 713 2503 non
763 2445 1016 2500 sollicitus
1046 2457 1207 2498 esse:
1257 2455 1362 2495 non
1407 2440 1548 2494 enim
1595 2439 1826 2509 idipsum

228 2554 324 2597 est
380 2556 509 2598 cura
559 2548 612 2594 et
659 2537 910 2607 operatio.
961 2533 1075 2589 Non
1120 2543 1179 2588 ut
1209 2531 1356 2601 operi
1402 2529 1678 2585 confidens
1707 2529 1826 2598 quis

231 2641 518 2704 operetur,
548 2628 639 2684 sed
662 2638 718 2682 ut
743 2627 834 2681 det
859 2625 1056 2695 egenti.
1085 2622 1237 2691 Quod
1265 2631 1439 2676 autem
1465 2621 1533 2675 ad
1563 2619 1825 2674 Martham

238 2727 466 2788 dicitur,
514 2737 619 2776 non
660 2719 900 2775 laborem
924 2727 978 2773 et
1033 2715 1398 2786 Operationem
1442 2712 1701 2781 respicit:
1731 2709 1828 2766 sed

241 2831 456 2889 tempus
484 2812 929 2871 considerandum
955 2825 1075 2864 esse
1102 2809 1318 2873 statuit,
1353 2821 1528 2876 neque
1555 2803 1829 2859 concionis

243 2923 456 2981 tempus
481 2909 618 2964 circa
644 2906 882 2962 carnalia
911 2900 1317 2973 expendendum
1354 2913 1495 2954 esse.
1525 2897 1638 2952 Non
1670 2897 1829 2966 igitur

242 3005 364 3056 lucc
388 3001 552 3067 dicit,
581 3008 639 3053 ut
668 2999 723 3052 in
763 2995 1021 3052 desidiam
1070 2993 1218 3047 illam
1247 2990 1524 3060 conjiciat,
1552 2988 1646 3043 sed
1679 2996 1736 3041 ut
1762 2986 1826 3041 ad

241 3091 570 3148 audiendum
599 3095 896 3145 convertat.
925 3084 1098 3149 Veni,
1127 3082 1327 3151 inquit,
1368 3087 1428 3134 ut
1453 3095 1549 3133 vos
1581 3092 1832 3132 necessa-

240 3191 321 3242 ria
352 3187 613 3250 doceam;
643 3192 699 3237 tu
741 3181 810 3236 de
838 3177 1064 3250 prandio
1091 3175 1316 3230 sollicita
1347 3173 1445 3228 es?
1470 3171 1553 3227 Me
1579 3175 1660 3225 vis
1688 3169 1830 3225 exci-

241 3296 403 3350 pere,
432 3289 485 3333 et
514 3278 712 3330 lautam
742 3285 930 3343 parare
951 3266 1230 3324 mensam?
1256 3265 1431 3320 Alium
1461 3279 1587 3334 para
1616 3263 1791 3318 cibum
1809 3302 1825 3327 ,

241 3372 386 3425 meis
410 3366 624 3422 attende
649 3363 987 3419 sermonibus
1006 3401 1022 3427 ,
1054 3357 1254 3414 sororis
1289 3355 1612 3411 desiderium
1652 3353 1830 3408 imita-

241 3478 325 3516 re.
375 3457 490 3513 Non
522 3470 651 3526 ergo
676 3453 1037 3522 hospitalitate
1065 3449 1311 3512 cohibet;
1359 3448 1532 3511 absit,
1573 3445 1623 3500 id
1653 3461 1720 3500 ne
1747 3444 1831 3498 di-

239 3563 429 3615 catur;
471 3539 566 3605 sed
597 3549 755 3603 docet
797 3546 1056 3601 doctrinae
1098 3553 1337 3612 tempore
1366 3549 1559 3596 czetera
1599 3537 1831 3594 curanda

244 3665 353 3702 non
387 3660 531 3700 esse.
554 3642 690 3698 Cum
720 3655 881 3710 porro
910 3637 1072 3703 dicit,
1109 3634 1400 3705 Operentini
1430 3649 1532 3686 non
1557 3631 1721 3685 cibum
1747 3632 1835 3698 qui

246 3743 411 3810 perit,
441 3754 548 3792 non
587 3734 880 3806 significat,
908 3733 961 3785 in
1004 3727 1207 3784 desidia
1237 3741 1357 3781 esse
1388 3723 1671 3778 vivendum
1706 3741 1719 3777 :
1749 3722 1836 3776 hic

245 3836 395 3888 cnim
439 3829 673 3884 maxime
709 3826 861 3881 cibus
887 3831 969 3878 est
1016 3819 1108 3891 qui
1147 3817 1319 3888 perit,
1353 3816 1373 3889 (
1403 3815 1613 3869 Omnem
1641 3815 1837 3885 quippe

245 3924 499 3977 niatitiam
545 3919 715 3973 docuit
744 3914 936 3970 desidia
963 3904 1152 3978 [Eccli.
1181 3909 1270 3964 35.
1297 3905 1389 3980 29]
1410 3906 1430 3978 )
1455 3923 1470 3972 ;
1501 3905 1595 3961 sed
1641 3905 1837 3960 indicat

243 4013 585 4086 operandam
614 4017 670 4063 et
713 4003 1038 4076 erogandum
1068 4014 1206 4055 esse.
1235 3999 1334 4053 ilic
1358 4012 1520 4068 porro
1549 3996 1700 4050 cibus
1730 4011 1836 4049 non

251 4112 414 4181 perit.
445 4108 503 4162 Si
532 4107 651 4174 quis
688 4117 848 4174 porro
876 4100 1080 4156 Otiosus
1105 4097 1279 4152 ventri
1310 4103 1363 4150 et
1390 4093 1596 4149 deliciis
1627 4089 1840 4145 deditus

249 4207 355 4261 sit.
385 4202 433 4254 is
472 4204 727 4268 operatur
753 4194 929 4249 cibum
958 4191 1046 4262 qui
1087 4189 1258 4260 perit;
1306 4195 1489 4242 contra
1534 4186 1578 4238 si
1627 4185 1747 4253 quis
1774 4198 1839 4236 cx

256 4293 443 4346 labore
474 4305 576 4344 suo
620 4286 796 4340 cibum
819 4327 834 4348 ,
875 4292 1057 4353 potum
1078 4323 1093 4346 ,
1133 4289 1333 4334 vestem
1364 4276 1576 4332 Christo
1602 4274 1836 4337 dederit,

253 4379 399 4438 Hunc
429 4395 590 4434 nemo
619 4392 762 4431 same
804 4375 996 4429 mentis
1024 4373 1165 4427 dicat
1191 4369 1402 4442 operari
1432 4368 1606 4423 cibum
1632 4366 1721 4436 qui
1749 4379 1842 4435 pe-

253 4476 322 4528 rit
343 4515 359 4535 ,
388 4472 544 4539 cujus
565 4467 669 4522 cibi
697 4480 855 4520 causa
885 4463 1212 4534 promittitur
1238 4474 1460 4530 regnum
1483 4499 1498 4524 ,
1531 4455 1846 4526 promittun-

256 4585 342 4626 tur
375 4572 463 4625 illa
511 4570 670 4623 bona.
701 4565 798 4619 llic
824 4563 974 4618 cibus
1004 4570 1262 4614 aeternum
1305 4563 1504 4610 manet.
1531 4553 1681 4608 Tunc
1720 4551 1843 4621 quia

257 4665 333 4719 illi
363 4663 564 4717 nullam
590 4657 710 4711 fidei
739 4656 1000 4710 rationem
1031 4651 1286 4714 habuere,
1313 4661 1485 4716 neque
1507 4645 1715 4700 discere
1734 4655 1846 4697 Stu-

259 4757 494 4809 duerunt
514 4751 636 4821 quis
661 4748 775 4802 lucc
794 4746 1026 4804 fecisset.
1051 4756 1153 4812 qua
1183 4746 1464 4809 potestate,
1488 4735 1579 4790 sed
1609 4734 1660 4789 id
1683 4747 1846 4787 unum

259 4846 522 4902 curabant
551 4850 610 4896 ut
635 4838 766 4893 nihil
797 4833 1074 4906 operando
1101 4839 1344 4885 ventrem
1390 4826 1704 4896 implerent;
1749 4823 1847 4878 hoc

261 4938 580 4991 alimentum
628 4932 750 4999 jure
798 4925 1006 4980 vocavit
1047 4923 1222 4977 cibum
1270 4921 1360 4990 qui
1401 4919 1557 4988 perit.
1610 4916 1847 4985 Corpora

263 5039 476 5090 vestra,
527 5021 731 5091 inquit,
775 5017 1035 5080 enutrivi,
1077 5023 1137 5066 ut
1185 5011 1310 5065 hinc
1352 5009 1508 5062 aliam
1539 5005 1850 5078 quarrerctis

262 5135 441 5174 escam
475 5124 781 5170 manentem
808 5155 824 5180 ,
869 5125 988 5179 qure
1027 5107 1258 5160 animant
1289 5111 1522 5157 vestram
1552 5099 1810 5155 enutriret
1836 5116 1848 5152 :

263 5226 358 5266 vos
403 5219 589 5264 autem
635 5218 850 5260 rursum
893 5200 958 5254 ad
1004 5210 1268 5254 terrenam
1299 5193 1531 5249 curritis.
1583 5190 1706 5246 Ideo
1746 5204 1851 5243 non

264 5305 560 5376 intelligitis
593 5317 678 5356 me
706 5314 815 5354 non
839 5295 905 5350 ad
933 5294 1081 5350 illam
1106 5306 1202 5347 vos
1229 5289 1430 5344 ducere
1459 5284 1850 5358 imperfectam,

265 5399 358 5453 sed
386 5396 455 5450 ad
491 5395 637 5449 illam
667 5405 777 5447 non
804 5397 1202 5458 temporaneam
1222 5422 1240 5448 ,
1279 5396 1399 5452 quae
1426 5381 1586 5434 vitam
1618 5377 1856 5449 praebeat

268 5503 525 5545 mutuam
547 5529 561 5550 ,
592 5500 712 5556 qua:
734 5498 841 5538 non
863 5493 1080 5550 corpus,
1111 5475 1206 5531 sed
1233 5475 1464 5529 animam
1495 5471 1622 5525 alat.
1655 5468 1856 5526 Deinde

269 5583 390 5650 quia
417 5577 703 5650 magnifice
728 5572 798 5628 de
826 5586 887 5626 se
914 5571 1162 5640 loquutus
1189 5565 1392 5627 fuerat,
1419 5577 1541 5618 cum
1569 5560 1771 5616 diceret
1795 5573 1854 5614 se

271 5671 520 5728 daturum
547 5685 565 5735 ;
594 5681 660 5723 ue
684 5667 879 5722 iterum
905 5660 1013 5718 hoc
1039 5658 1185 5716 dicto
1210 5655 1604 5713 ofTendercntur
1623 5693 1637 5719 ,
1671 5662 1728 5706 ut
1755 5651 1852 5722 ipsi

1222 313 1288 371 IN
1324 312 1634 371 JOANNEM
1673 311 1903 369 llOillL.
1944 311 2128 368 XLIV.
2169 314 2246 394 al.
2283 315 2464 372 XLll‘l.

3402 327 3506 386 9.30

1914 425 2084 482 iidem
2118 426 2358 492 faceret,
2401 429 2598 484 donum
2623 429 2691 485 ad
2716 430 2930 486 Patrem
2959 432 3143 489 refert.
3171 433 3310 490 Cum
3334 436 3504 492 dixis-

1925 526 2008 575 set
2043 519 2182 574 enim
2209 562 2224 586 ,
2253 521 2410 586 Quem
2441 520 2608 576 Filius
2633 523 2849 577 hominis
2877 524 3012 578 vobis
3039 525 3177 579 dabit
3198 545 3218 594 ,°
3249 527 3502 597 subdidit,

1925 609 2079 663 Hune
2107 612 2239 665 enim
2264 611 2420 666 Pater
2462 614 2678 683 signavit
2706 613 2882 669 Deus:
2915 615 3015 669 hoc
3053 625 3168 682 est,
3217 617 3504 689 Pmpterca

1926 701 2071 756 misit
2100 703 2188 773 qui
2218 703 2358 758 hunc
2383 704 2532 758 vobis
2557 706 2732 759 cibum
2761 706 2944 761 ferret.
2968 707 3117 774 Quod
3145 709 3300 764 aliter
3332 720 3505 779 potest

1928 793 2202 864 explicari.
2236 795 2366 848 Nam
2399 796 2523 849 alibi
2557 812 2767 868 quoque
2797 798 3039 852 Christus
3065 799 3192 854 dicit
3223 819 3236 852 :
3273 800 3372 866 Qui
3411 819 3505 854 au-

1926 885 1998 938 dit
2041 904 2291 941 sermones
2332 905 2465 943 meos
2492 932 2507 954 ,
2549 891 2680 943 hunc
2713 891 2929 961 signavit
2981 891 3173 955 Pater,
3205 894 3323 961 quia
3367 893 3505 949 Deus

1918 991 2076 1030 verax
2099 989 2168 1030 est
2192 979 2208 1046 (
2233 979 2388 1032 Joan.
2421 981 2473 1034 ’5.
2503 979 2629 1050 '55);
2662 957 2867 1035 hoc'est
2890 1024 2902 1046 ,
2933 957 3526 1049 Manifeste'ostcndit;

1927 1067 1977 1121 id
1999 1069 2137 1137 quod
2177 1069 2304 1123 mihi
2331 1080 2384 1123 et
2430 1070 2516 1125 hic
2541 1072 2750 1126 videtur
2789 1073 3133 1128 subindicari.
3180 1073 3320 1127 Nihil
3363 1073 3505 1127 enim

1924 1162 2065 1216 aliud
2097 1171 2210 1227 est,
2255 1163 2487 1232 Signavit
2530 1163 2708 1230 Pater,
2738 1180 2895 1234 quam
2941 1165 3212 1231 ostendit,
3244 1166 3507 1220 revelavit

1929 1254 2229 1308 testimonio
2256 1270 2370 1308 suo.
2404 1254 2474 1310 Se
2503 1255 2644 1310 enim
2674 1255 2788 1325 ipse
2811 1255 3081 1320 ostendit;
3113 1256 3235 1325 quia
3264 1271 3390 1310 vero
3411 1256 3507 1310 1ης-

1923 1347 2074 1402 tlteos
2103 1348 2510 1418 alloquebatur,
2545 1349 2718 1404 Patris
2766 1349 3129 1404 testimonium
3179 1349 3230 1402 in
3273 1347 3506 1402 medium

1927 1437 2167 1492 adduxit.

1997 1532 2051 1586 2.
2111 1531 2156 1585 A
2209 1532 2312 1585 Deo
2369 1547 2481 1602 qua:
2535 1541 2699 1602 petere
2759 1541 3148 1585 consentaneum
3191 1537 3287 1594 est,
3339 1537 3510 1598 peten-

1928 1625 2066 1676 dum.
2100 1623 2437 1678 Prwsentium
2494 1641 2660 1677 rerum
2698 1625 2910 1676 vanitas.
2962 1621 3165 1676 Futura
3202 1623 3510 1676 inmortalia

1924 1724 2078 1778 sunt,
2107 1715 2208 1767 sive
2248 1715 2533 1784 supplicia,
2566 1714 2666 1767 sive
2711 1714 2939 1783 prazmia.
2975 1742 3048 1752 --
3090 1713 3368 1767 Discamus
3415 1712 3512 1765 ita-

1925 1818 2031 1873 que
2057 1844 2072 1869 ,
2101 1803 2312 1870 dilecti,
2345 1804 2433 1857 illa
2463 1819 2491 1857 a
2517 1804 2632 1858 Deo
2659 1813 2844 1874 petere
2879 1819 2997 1873 quae
3023 1803 3088 1857 ab
3111 1803 3200 1857 illo
3221 1811 3512 1857 consenta-

1926 1911 2087 1950 neum
2141 1904 2222 1950 est
2263 1903 2469 1966 petere.
2515 1895 2800 1949 Stecularia
2849 1894 3032 1959 enim,
3085 1908 3298 1962 quoquo
3347 1893 3510 1946 modo

1928 1985 2205 2052 accidant,
2239 1985 2372 2039 nihil
2414 1985 2644 2040 aﬂ‘erunt
2690 1985 3018 2039 nocumenti.
3068 1983 3204 2046 Nam
3243 1985 3286 2037 si
3318 1984 3512 2038 ditabi-

1927 2095 2048 2133 mur
2067 2122 2081 2145 ,
2112 2078 2198 2133 hic
2226 2087 2429 2133 tantum
2456 2079 2659 2134 deliciis
2690 2079 2962 2133 fruemur:
2989 2079 3034 2133 si
3063 2079 3116 2132 in
3143 2087 3510 2147 paupertatem

1930 2171 2272 2226 inciderimus
2293 2214 2307 2237 ,
2339 2172 2471 2226 nihil
2499 2172 2708 2227 molesti
2742 2173 3020 2241 patiemur.
3067 2172 3191 2226 Sive
3221 2187 3470 2242 prospera
3492 2213 3510 2238 ,

1929 2263 2042 2317 sive
2069 2263 2236 2317 tristia
2275 2263 2552 2328 accidant,
2584 2265 2689 2318 vim
2735 2265 2932 2317 nullam
2963 2263 3030 2318 ad
3061 2264 3384 2333 voluptatem
3425 2265 3512 2318 vel

1933 2355 2200 2411 tristitiam
2227 2355 2459 2423 habent,
2489 2356 2583 2411 sed
2613 2364 2834 2426 utraque
2859 2356 3283 2420 contemnenda,
3311 2366 3362 2409 ut
3393 2372 3512 2424 qua:

1929 2463 2090 2518 quam
2116 2447 2396 2503 celerrime
2436 2455 2729 2502 transeant.
2761 2448 2884 2502 Ideo
2913 2447 3028 2502 hzec
3055 2448 3177 2518 jure
3203 2449 3284 2501 via
3315 2462 3513 2502 vocan-

1932 2546 2038 2606 tur,
2067 2539 2207 2608 quod
2231 2548 2569 2609 praetereant,
2595 2554 2693 2594 nec
2713 2538 2803 2593 diu
2829 2548 3098 2593 maneant.
3131 2538 3326 2592 Futura
3350 2553 3476 2593 vero
3493 2539 3512 2570 ⁸

1933 2645 2154 2706 utraque
2183 2632 2502 2688 immortalia
2532 2640 2687 2696 sunt,
2723 2639 2829 2684 tam
2872 2631 3212 2702 supplicium,
3239 2646 3394 2700 quam
3420 2646 3514 2685 re-

1931 2741 2114 2796 gnum.
2149 2726 2303 2780 Circa
2333 2725 2451 2779 haec
2497 2739 2741 2794 magnam
2784 2737 3030 2793 geramus
3067 2723 3511 2789 sollicitudinem,

1933 2828 1992 2871 ut
2022 2819 2108 2871 illa
2141 2817 2402 2886 fugiamus
2427 2859 2441 2882 ,
2474 2814 2590 2869 haec
2631 2829 3001 2892 assequamur.
3032 2813 3168 2882 Quid
3200 2813 3342 2868 enim
3370 2813 3516 2866 utili-

1935 2911 2057 2964 tatis
2086 2924 2151 2963 ex
2195 2907 2546 2979 praesentibus
2572 2906 2822 2962 deliciis?
2849 2905 3018 2960 llodie
3049 2913 3172 2959 sunt
3193 2945 3205 2967 ,
3238 2920 3360 2958 cras
3384 2919 3515 2958 avo-

1936 3001 2122 3054 labunt
2153 3017 2165 3052 :
2194 2999 2352 3054 hodie
2381 2998 2481 3054 ﬂos
2507 3008 2628 3052 sunt
2660 2998 2992 3068 splendidus,
3015 3012 3135 3051 cras
3161 3007 3316 3050 erunt
3342 2997 3516 3066 pulvis

1934 3095 2206 3164 dispersus
2228 3112 2239 3144 :
2267 3092 2423 3147 hodie
2450 3092 2584 3162 ignis
2606 3105 2880 3153 accensus,
2907 3103 3025 3143 cras
3046 3089 3180 3142 cinis
3201 3090 3514 3142 exstinctus.

1936 3185 2241 3256 Spiritualia
2289 3199 2416 3239 vero
2458 3197 2564 3238 non
2615 3181 2917 3252 hujusmodi
2957 3190 3112 3243 sunt;
3159 3180 3251 3234 sed
3301 3195 3516 3248 semper

1937 3281 2075 3335 clara
2094 3287 2150 3332 et
2169 3277 2376 3343 florida,
2400 3275 2628 3346 atquein
2651 3274 2766 3330 dies
2787 3273 3144 3344 splendidiora
3162 3272 3411 3327 evadunt.
3440 3272 3516 3325 Di-

1935 3374 2076 3428 vitize
2096 3372 2198 3427 illa:
2222 3386 2506 3441 numquam
2526 3376 2766 3439 pereunt,
2787 3382 3072 3438 numquam
3099 3364 3510 3431 transferuntur,

1937 3465 2020 3519 vel
2057 3473 2288 3531 cessant,
2310 3476 2596 3531 numquam
2619 3457 3052 3521 sollicitudinem,
3077 3456 3324 3511 invidiam
3351 3467 3403 3510 et
3428 3471 3519 3510 ca-

1939 3555 2194 3610 lumniam
2229 3552 2458 3608 afferunt
2480 3593 2495 3615 ,
2539 3565 2648 3605 non
2674 3564 2869 3618 corpus
2905 3547 3150 3618 perdunt,
3170 3563 3271 3600 non
3289 3547 3520 3602 animam

1938 3655 2310 3716 corrumpunt,
2331 3659 2434 3702 non
2457 3643 2678 3696 livorem
2699 3641 2780 3695 vel
2809 3639 3061 3694 invidiam
3083 3637 3376 3699 attrahunt;
3401 3652 3521 3706 qua:

1941 3737 2121 3794 omnia
2152 3738 2203 3792 in
2236 3737 2382 3791 hisce
2412 3734 2752 3802 reperiuntur
2771 3731 2988 3786 divitiis.
3014 3728 3192 3784 Gloria
3223 3727 3311 3782 illa
3336 3743 3440 3781 non
3469 3725 3522 3783 in

1941 3831 2298 3903 arrogantiam
2331 3827 2573 3891 extollit,
2607 3839 2711 3879 non
2737 3833 3001 3878 tumorem
3030 3821 3201 3892 parit.
3231 3834 3520 3889 numquam

1942 3931 2150 3986 cessat,
2181 3921 2267 3976 vel
2298 3921 2634 3973 obscuratur.
2667 3915 2828 3982 Quies
2856 3921 3014 3981 atque
3041 3911 3245 3964 deliciae
3292 3910 3344 3962 in
3389 3907 3522 3963 carlo

1943 4025 2215 4088 perpetua:
2257 4018 2510 4076 manent,
2559 4022 2772 4077 semper
2817 4005 3052 4058 immota:
3100 4012 3156 4056 et
3197 4001 3524 4055 immortales

1944 4111 2061 4163 sine
2082 4107 2188 4161 ullo
2216 4105 2322 4158 fine
2347 4102 2432 4157 vel
2457 4099 2706 4155 termino.
2738 4097 2886 4151 Hanc
2905 4137 2919 4160 ,
2949 4094 3175 4149 obsecro
3199 4134 3212 4157 ,
3238 4093 3399 4146 vitam
3434 4089 3527 4145 de-

1946 4198 2261 4254 sideremus.
2290 4193 2344 4248 Si
2374 4192 2514 4246 enim
2539 4189 2705 4257 ipsam
2734 4186 3029 4255 cupiamus,
3064 4183 3260 4237 nullam
3285 4195 3526 4251 prmsen-

1948 4291 2079 4344 tium
2110 4286 2369 4341 rationem
2416 4281 2729 4336 habebimus
2749 4321 2763 4343 ,
2817 4277 2912 4332 sed
2942 4276 3055 4331 hrec
3083 4275 3260 4329 omnia
3306 4288 3526 4342 sperne-

1949 4395 2067 4436 ntus
2115 4388 2169 4434 et
2213 4375 2597 4431 deridebimus.
2656 4370 2879 4427 Etiamsi
2910 4370 3030 4439 quis
3073 4385 3171 4422 nos
3223 4366 3277 4421 in
3325 4366 3523 4436 regiam

1949 4477 2156 4536 evocet,
2178 4482 2284 4538 quo
2312 4465 2443 4521 nihil
2467 4463 2672 4519 beatius
2692 4460 3044 4522 existimatur,
3074 4472 3179 4511 non
3205 4471 3525 4521 annuemus,

1951 4561 2044 4616 tali
2084 4573 2276 4628 nempe
2319 4554 2434 4610 fulti
2463 4569 2595 4623 spe;
2625 4567 2747 4606 nam
2779 4551 2844 4605 iis
2864 4593 2877 4615 ,
2906 4551 2994 4620 qui
3026 4549 3312 4604 caelestium
3343 4562 3528 4600 amore

1951 4651 2089 4721 capti
2137 4657 2299 4714 sunt,
2330 4646 2381 4701 id
2417 4645 2522 4699 vile
2547 4653 2601 4698 et
2627 4642 2826 4697 nullius
2852 4640 3004 4711 pretii
3049 4648 3343 4709 reputatur.
3367 4636 3530 4703 Quid-

1953 4741 2078 4814 quid
2106 4740 2246 4795 enim
2295 4737 2453 4792 finem
2503 4734 2693 4800 habet,
2723 4748 2828 4788 non
2859 4731 3140 4786 admodum
3169 4729 3528 4799 expetendum

1954 4841 2036 4888 est
2079 4848 2093 4884 :
2145 4829 2284 4900 quod
2335 4836 2542 4893 cessat,
2584 4835 2639 4881 et
2685 4823 2844 4878 hodie
2890 4832 3000 4888 est,
3040 4832 3094 4876 et
3136 4836 3256 4876 cras
3298 4820 3530 4886 desinit,

1956 4923 2163 4979 etiamsi
2193 4921 2504 4984 maximum,
2536 4931 2785 4988 perquam
2815 4915 3088 4968 minimum
3115 4925 3169 4969 et
3189 4922 3534 4968 contemnen-

1956 5016 2082 5071 dum
2112 5013 2344 5068 videtur.
2363 5011 2442 5066 Ne
2470 5010 2630 5082 igitur
2654 5024 2715 5062 ea
2741 5023 2860 5078 quae
2890 5006 3093 5075 fugiunt
3119 5017 3169 5060 et
3197 5005 3534 5066 dilabuntur,

1958 5105 2055 5162 sed
2080 5120 2198 5175 qua:
2225 5105 2442 5158 immota
2471 5111 2689 5155 manent
2730 5107 3002 5153 sectemur
3026 5138 3040 5162 ,
3069 5106 3126 5150 ut
3157 5096 3247 5150 illa
3279 5095 3535 5164 consequi

1958 5199 2227 5268 possimus
2251 5237 2266 5260 ,
2296 5195 2462 5265 gratia
2493 5203 2547 5247 et
2593 5191 2918 5260 benignitate
2964 5187 3173 5243 Domini
3213 5185 3381 5244 nostri
3410 5184 3536 5240 Jesu

1958 5293 2188 5358 Christi,
2222 5307 2316 5362 pcr
2339 5304 2494 5361 quem
2521 5296 2576 5341 et.
2603 5301 2722 5340 cum
2747 5298 2854 5355 quo
2881 5283 3020 5338 Patri
3051 5281 3214 5354 gloria
3238 5323 3254 5350 ,
3276 5279 3538 5350 simulque

1960 5387 2177 5458 Spiritui
2203 5392 2388 5440 sancto
2411 5425 2424 5447 ,
2457 5394 2598 5436 nunc
2624 5387 2680 5435 et
2703 5392 2915 5448 semper
2934 5417 2949 5444 ,
2985 5383 3040 5431 et
3065 5376 3116 5431 in
3146 5373 3340 5430 smcula
3364 5386 3536 5428 8330:!—

1960 5479 2153 5534 lorunt.
2191 5477 2382 5530 Amen.

2027 5613 2137 5665 'Alit
2155 5613 2336 5662 habent
2359 5625 2372 5660 :
2403 5609 2631 5660 Ideotta'c
2654 5621 2684 5656 η
2709 5616 2802 5656 Deo
2828 5606 2900 5655 ria
2925 5609 3173 5660 vocantur,
3199 5600 3271 5650 ria
3291 5597 3408 5656 lata,
3428 5593 3532 5648 via-

1962 5691 2051 5740 que
2075 5682 2273 5738 unqnsta
2292 5679 2338 5722 et
2360 5674 2611 5734 angoribus
2635 5669 2791 5734 plena.
2821 5675 2999 5720 Fatum
3018 5676 3144 5715 vero.
