3984 6196
583 357 683 415 231

1334 345 1392 402 S.
1418 340 1696 402 JOANNIS
1722 332 2189 397 CllRYSOSTOMI
2226 334 2545 391 ARClllEP.
2572 334 3099 431 CONSTANTINOP.

3730 348 3829 403 ειη

593 468 3830 503 Mm

1970 533 2317 605 HOMILIA
2358 541 2552 604 XLV.

592 703 726 758 CAP.
773 700 826 757 6.
854 715 910 754 v.
951 698 1043 755 28.
1085 695 1336 753 Dixerunt
1378 708 1495 764 ergo
1528 689 1597 745 ad
1648 705 1761 744 eum
1788 705 1808 741 :
1839 686 1975 753 Quid
2014 685 2174 756 facie-

667 811 778 847 mus
797 835 812 858 ,
846 801 901 845 ut
923 805 1187 862 operemur
1206 801 1360 855 opera
1389 783 1520 838 Dei?
1537 781 1628 837 29.
1653 779 1719 834 Et
1741 779 1870 833 dixit
1897 778 1967 832 eis
1986 775 2139 830 Iesus
2157 789 2177 828 :

598 901 601 904 ‘
672 884 783 937 Iloc
809 892 881 938 est
910 897 1037 952 Opus
1064 878 1189 943 Dei,
1216 885 1270 930 ut
1297 873 1513 929 credatis
1533 873 1587 925 iu
1606 887 1720 925 eum
1740 885 1885 937 quem
1911 867 2045 920 misit
2067 865 2174 920 ille.

673 976 761 1032 30.
794 974 1044 1029 Dixerunt
1074 986 1190 1041 ergo
1221 967 1265 1022 ei
1295 984 1313 1019 :
1347 964 1496 1032 Quod
1511 979 1631 1034 ergo
1653 970 1707 1014 tu
1721 961 1849 1032 facis
1873 959 2091 1029 signant,
2125 963 2178 1008 ut

669 1070 928 1123 rideamus
954 1077 1000 1120 et
1020 1064 1286 1119 credamus
1308 1059 1437 1113 tibi?
1455 1056 1580 1128 quid
1614 1053 1839 1126 operaris
1853 1052 1880 1105 .’

671 1163 722 1215 i.
755 1157 902 1215 Gula:
927 1157 1191 1230 pernicies.
1223 1184 1293 1194 -——
1318 1151 1462 1207 Nihil
1483 1149 1602 1220 gula
1628 1146 1884 1211 deterius,
1912 1141 2044 1198 nihil
2071 1149 2182 1196 tur-

599 1255 739 1322 pius.
764 1253 888 1306 Haec
916 1250 1166 1304 obtusum
1189 1254 1243 1302 et
1266 1258 1504 1300 crassum
1527 1239 1816 1310 ingenium,
1844 1235 1958 1289 haec
1986 1246 2180 1288 carna-

599 1348 702 1399 lem
725 1345 955 1399 animam
987 1341 1182 1405 reddit,
1212 1338 1327 1393 lucc
1341 1341 1593 1399 excaecat,
1624 1345 1722 1387 nec
1740 1329 1867 1383 sinit
1891 1325 2178 1394 respicere.

600 1435 980 1491 Animadverte
1021 1430 1290 1503 quomodo
1330 1428 1446 1483 hsce
1468 1424 1668 1481 ludatis
1709 1419 2019 1476 acciderint.
2045 1415 2180 1470 Cum

598 1528 742 1582 enim
770 1525 906 1596 gulae
937 1523 1225 1585 inhiantes,
1257 1517 1535 1574 smcnlaria
1561 1513 1731 1570 solum
1758 1510 1996 1579 nihilque
2022 1506 2183 1577 spiri-

602 1618 743 1672 tuaie
763 1616 1080 1685 cogitarent,
1113 1609 1297 1665 multis
1328 1607 1446 1661 illos
1484 1604 1728 1660 Christus
1748 1600 1925 1655 verbis
1950 1597 2181 1661 excitat,

599 1706 890 1763 acrimonia
917 1713 971 1760 et
998 1699 1320 1772 indulgentia
1351 1697 1545 1769 plenis.
1567 1694 1751 1764 Neque
1777 1702 1953 1747 tamen
1984 1690 2061 1744 sic
2087 1704 2182 1743 ex-

602 1801 856 1865 citantur,
900 1796 992 1851 sed
1038 1792 1214 1849 adhuc
1260 1789 1405 1844 humi
1449 1788 1649 1858 jacent.
1682 1784 1928 1839 Animum
1955 1779 2181 1843 adhibe,

601 1904 818 1958 quaeso;
846 1887 1052 1941 dixerat
1091 1884 1169 1939 eis
1198 1900 1213 1939 :
1240 1879 1478 1948 Quteritis
1525 1893 1602 1931 me
1624 1917 1639 1943 ,
1668 1891 1770 1929 non
1818 1874 1939 1943 quia
1991 1869 2185 1925 uidistis

600 1982 767 2050 signa,
789 1978 876 2033 sed
897 1977 1016 2047 quia
1031 1972 1372 2028 manducastis
1396 1985 1458 2025 ex
1481 1966 1710 2038 panibus,
1736 1975 1780 2018 et
1804 1962 2019 2018 saturati
2044 1961 2182 2015 estis.

605 2070 822 2126 Incessit
868 2069 986 2124 illos
1026 2060 1595 2138 arguendozostendit
1648 2071 1893 2128 quaenam
1949 2054 2018 2108 sit
2062 2067 2185 2107 esca

602 2160 910 2233 quaerenda,
941 2175 1061 2215 cum
1092 2158 1186 2223 ait,
1221 2152 1527 2226 Operemini,
1575 2166 1674 2203 non
1703 2148 1865 2202 cibum
1893 2146 1976 2216 qui
2010 2144 2136 2214 perit
2168 2158 2188 2198 :

606 2254 755 2309 addit
790 2252 1063 2322 praemium
1093 2249 1177 2304 his
1204 2246 1401 2311 verbis,
1434 2244 1539 2301 Sed
1562 2243 1645 2313 qui
1675 2250 1929 2312 permanet
1957 2240 2008 2293 in
2036 2238 2188 2292 vitam

608 2355 846 2398 tt'teruam
882 2340 1117 2396 :deinde
1140 2354 1327 2394 eorum
1360 2336 1647 2405 ohjectioni
1679 2333 1926 2396 occurrit,
1961 2329 2188 2386 dicendo

607 2449 664 2488 se
689 2450 718 2487 a
747 2433 904 2488 Patre
925 2432 1145 2486 missum
1174 2444 1292 2484 esse
1313 2427 1412 2497 (a).
1446 2427 1582 2494 Quid
1607 2441 1735 2497 ergo
1766 2425 1879 2479 illi?
1907 2422 2065 2490 Quasi
2104 2421 2187 2475 ni-

609 2525 681 2578 hil
705 2523 1000 2589 audissent,
1033 2520 1169 2585 Quid
1197 2536 1315 2590 ergo
1354 2519 1615 2588 faciemus,
1642 2516 1904 2587 inquiunt,
1929 2524 1980 2567 ut
2010 2530 2188 2582 opere-

608 2632 721 2669 mur
750 2630 903 2683 opera
931 2612 1062 2667 Dei?
1088 2611 1212 2666 Haec
1235 2624 1395 2681 porro
1420 2608 1688 2675 dicebant,
1716 2624 1822 2661 non
1844 2617 1897 2661 ut
1922 2607 2190 2661 discerent

606 2714 660 2760 et
691 2705 945 2771 facerent,
975 2712 1032 2757 ut
1052 2701 1327 2771 sequentia
1357 2699 1677 2766 ostendunt;
1701 2698 1793 2753 sed
1826 2706 1883 2752 ut
1909 2711 2094 2751 rursus
2121 2694 2187 2751 ad

606 2797 782 2852 cibum
810 2792 1149 2867 prtebendum
1168 2792 1501 2857 iuducerent,
1527 2801 1582 2845 et
1604 2790 1780 2845 denuo
1799 2796 2185 2845 saturarentur.

606 2887 741 2955 Quid
769 2902 896 2956 ergo
933 2884 1217 2940 Christus?
1244 2881 1357 2936 Hoc
1399 2892 1470 2936 est
1496 2897 1624 2950 opus
1654 2879 1770 2946 Dei,
1798 2888 1849 2932 ut
1875 2879 2092 2933 credatis
2135 2880 2189 2933 in

606 2997 722 3034 eum
750 2996 898 3049 quem
925 2977 1059 3030 misit
1085 2976 1188 3029 ille.
1228 2974 1308 3029 Ad
1341 2973 1457 3028 haec
1484 2972 1556 3026 illi
1589 2990 1601 3027 :
1635 2971 1783 3038 Quod
1806 2972 2006 3041 signum
2039 2972 2186 3042 facis,

607 3084 662 3126 ut
690 3072 945 3124 videamus
971 3078 1016 3122 et
1043 3065 1348 3120 credamus?
1369 3066 1426 3118 51
1443 3103 1456 3117 .
1490 3062 1673 3118 Patres
1701 3063 1858 3117 nostri
1906 3063 2188 3116 manduca-

606 3171 779 3218 vcrnnt
801 3177 986 3214 manna
1033 3159 1086 3212 in
1126 3158 1340 3211 deserto.
1370 3156 1510 3211 Nihil
1545 3155 1626 3210 his
1675 3155 2029 3226 insipientius,
2058 3157 2189 3211 nihil

605 3256 838 3311 stultius.
862 3252 993 3308 Cum
1026 3252 1235 3322 signum
1257 3249 1431 3305 adhuc
1454 3250 1505 3303 in
1534 3247 1703 3303 oculis
1725 3258 1885 3313 esset,
1913 3264 1975 3304 ac
1995 3250 2039 3304 si
2069 3249 2189 3303 nul-

607 3349 716 3402 lum
743 3345 936 3399 factum
964 3349 1126 3406 esset,
1145 3340 1411 3406 dicebant,
1439 3338 1589 3405 Quod
1615 3339 1815 3409 signum
1834 3338 1997 3410 facis?
2017 3354 2190 3410 neque

615 3438 715 3508 ipsi
743 3436 1013 3505 optionem
1059 3430 1195 3501 signi
1222 3430 1557 3498 relinquunt;
1588 3428 1681 3483 sed
1711 3437 1896 3498 putant
1921 3444 1978 3483 sc
1998 3429 2064 3484 ad
2094 3445 2190 3485 ne-

606 3532 906 3588 cessitatem
938 3528 1085 3582 illum
1117 3524 1434 3579 reducturos
1451 3536 1590 3589 esse,
1617 3532 1672 3576 ut
1698 3538 1802 3577 non
1817 3523 1964 3578 aliud
1982 3524 2189 3595 signum

607 3624 825 3688 faceret,
887 3635 1044 3690 quam
1096 3616 1238 3686 quod
1291 3615 1557 3685 majorum
1611 3630 1827 3670 suorum
1860 3618 2190 3686 temporibus

609 3717 803 3770 factum
827 3723 928 3769 est.
957 3711 1081 3766 Ideo
1103 3709 1285 3763 dicunt
1314 3726 1327 3761 :
1356 3705 1539 3760 Patres
1583 3707 1740 3762 nostri
1765 3707 2191 3763 manducaverunt

609 3821 797 3858 manna
822 3805 872 3857 in
894 3803 1125 3863 deserto;
1148 3798 1249 3853 hoc
1272 3798 1431 3853 modo
1458 3812 1516 3851 se
1545 3797 1692 3851 illum
1722 3797 2047 3853 excitaturos
2074 3816 2192 3856 esse

610 3905 877 3968 putantes,
924 3905 976 3949 ut
1034 3890 1335 3962 lmjusmodi
1387 3890 1593 3960 signum
1629 3889 2035 3960 faceretsquod
2075 3893 2193 3947 illos

607 3989 894 4043 carnaliter
939 3983 1083 4040 alere
1110 3991 1312 4053 posset.
1341 3981 1449 4037 Cur
1478 3982 1619 4036 enim
1650 3998 1756 4036 non
1788 3982 1926 4038 aliud
1950 3999 2012 4038 ex
2043 3986 2192 4056 prio-

609 4080 756 4135 ribus
794 4078 959 4148 signis
999 4074 1649 4130 eommemoraruut:etsi
1681 4075 1843 4128 multa
1888 4084 2013 4130 tunc
2061 4080 2197 4130 facta

611 4171 831 4226 fuissent
869 4167 1204 4237 inAEgypto,
1237 4168 1289 4219 in
1321 4165 1477 4229 mari,
1507 4166 1557 4218 in
1589 4164 1836 4232 deserto;
1878 4166 1970 4220 sed
2018 4168 2190 4220 solum

610 4276 800 4316 manna
835 4257 1152 4329 proferunt?
1181 4271 1355 4309 annon
1383 4254 1504 4324 quia
1530 4254 1733 4310 ventris
1772 4254 2050 4326 tyrannide
2094 4256 2193 4312 ad-

610 4352 823 4407 modum
843 4348 1197 4406 tenebantur?
1221 4347 1497 4416 Quomodo
1523 4357 1699 4402 autem
1723 4362 1817 4402 vos
1847 4350 1934 4418 qui
1960 4349 2194 4419 prophe-

611 4455 716 4499 tam
747 4442 891 4498 illum
919 4441 1167 4505 vocastis,
1204 4440 1290 4508 qui
1323 4454 1502 4509 regem
1533 4439 1703 4508 ipsum
1749 4440 2078 4495 constituere
2101 4458 2195 4494 vo-

611 4536 802 4601 luistis,
825 4534 946 4605 quia
975 4532 1182 4602 signum
1211 4530 1484 4598 videretis,
1517 4546 1660 4586 nunc
1679 4546 1741 4585 ac
1768 4532 1812 4586 si
1843 4532 1971 4586 nihil
1998 4533 2191 4589 factum

608 4630 698 4690 sit,
729 4626 916 4698 ingrati
937 4632 991 4680 et
1022 4622 1201 4694 perﬁdi
1228 4623 1376 4686 estis,
1425 4630 1479 4676 et
1523 4623 1730 4691 signum
1759 4623 1957 4692 petitis,
1989 4625 2194 4693 parasi-

611 4728 784 4774 torum
807 4727 860 4771 et
880 4730 1070 4771 canum
1098 4713 1458 4768 iamelicorum
1482 4728 1665 4768 vocem
1690 4714 2034 4769 eminentes?
2056 4733 2196 4771 nunc

609 4810 763 4863 vobis
792 4823 983 4861 manna
1009 4804 1347 4859 admirationi
1375 4811 1476 4866 est,
1500 4819 1619 4858 cum
1640 4805 1814 4858 anima
1847 4815 2018 4860 vestra
2055 4807 2191 4861 deﬁ-

613 4902 685 4954 cit
711 4899 766 4952 ‘?
802 4898 868 4952 Et
899 4897 1115 4951 adverte
1142 4896 1387 4950 ironiam.
1414 4894 1528 4949 Non
1557 4894 1824 4961 dixerunt,
1855 4896 2063 4967 Moyses
2095 4900 2196 4954 hoc

612 4993 733 5048 fecit
759 4992 992 5061 signum,
1022 4998 1076 5043 tu
1107 4988 1231 5058 quid
1261 4987 1424 5042 iacis?
1446 5004 1512 5042 ne
1535 4988 1685 5041 illiilli
1708 4989 2075 5055 concitarent;
2101 4991 2194 5046 sed

613 5084 904 5141 honoriﬁce
940 5080 1225 5137 admodum
1281 5079 1626 5150 compellant,
1668 5079 1842 5147 cibum
1885 5091 2197 5150 cx5pecttm-

674 5219 748 5284 (ιι)
782 5214 1163 5284 oﬂ‘endebantur
1184 5212 1333 5284 .tudtei
1358 5212 1493 5284 quod
1512 5220 1743 5284 putarent
1766 5212 2011 5284 Christum
2033 5226 2097 5284 ert
2120 5226 2187 5263 se

613 5275 827 5341 meti'pso
850 5285 902 5327 et
938 5290 1001 5326 ex
1020 5276 1317 5341 auctoritate
1323 5275 1525 5341 propria
1548 5275 1678 5337 loqui
1709 5276 1870 5341 :_qu_od
1897 5275 2088 5324 etiamsi
2117 5289 2200 5341 ve-

615 5356 717 5389 rum
742 5335 893 5395 esset,
916 5346 1124 5400 utﬂsmpe
1146 5337 1263 5386 dicit
1285 5335 1682 5400 Chrysostomtis,
1709 5335 1927 5400 Christus
1957 5342 2117 5385 tamen
2140 5337 2200 5386 ll-

612 5406 768 5451 lnrum
792 5397 1119 5449 imbecillitati
1141 5411 1198 5447 se
1226 5397 1583 5461 attempt-eratis,
1610 5413 1718 5449 cum
1756 5397 1967 5447 nondum
2007 5406 2199 5461 tempus

610 5473 644 5512 θ
673 5470 749 5512 set
792 5461 1094 5510 divinitatem
1130 5472 1265 5509 suam
1310 5460 1668 5515 manifestaudi.
1693 5472 1751 5510 se
1789 5473 1814 5509 a
1855 5467 1956 5508 Deo
1980 5466 2031 5509 et
2058 5468 2195 5510 Patre

615 5538 809 5585 nusstnn
832 5522 1057 5582 dicebat,
1082 5522 1210 5585 quod
1235 5521 1431 5585 quidem
1457 5523 1761 5585 verissimum
1786 5528 1925 5581 erat;
1951 5521 2037 5569 sed
2066 5529 2200 5570 tace-

611 5586 692 5636 bat
718 5584 851 5643 iilud,
876 5597 934 5633 se
952 5597 1046 5631 non
1082 5583 1233 5631 Patris
1256 5584 1414 5645 modo,
1448 5584 1536 5632 sed
1561 5596 1648 5632 sua
1671 5596 1868 5645 quoque
1902 5585 2196 5633 auctoritate

612 5648 822 5709 operari.
859 5644 964 5697 Hoc
1006 5647 1163 5708 ipsum
1193 5658 1289 5692 non
1323 5643 1460 5704 facit,
1502 5658 1612 5693 cum
1650 5643 1708 5694 se
1741 5643 1950 5693 a‘l‘atre
1997 5645 2196 5694 missum

613 5706 744 5760 dicit.

680 5772 694 5800 ι
731 5768 870 5830 Savil.
900 5767 1040 5830 legit.
1064 5779 1191 5830 mine
1215 5765 1341 5830 robis
1373 5780 1546 5817 meum:
1584 5766 1894 5819 admirationi
1925 5774 1994 5818 est
2023 5765 2048 5818 ?
2072 5767 2184 5830 jam

606 5837 704 5878 non
726 5827 890 5878 artium
911 5827 1064 5879 vestra
1086 5827 1266 5893 deﬁcit.

2283 691 2382 738 tes.
2413 683 2597 754 Neque
2621 685 2779 741 etiam
2831 687 3101 758 dixerunt,
3132 691 3273 748 Deus
3301 691 3404 750 hoc
3458 696 3579 752 l’eeit
3631 708 3681 754 tu
3720 718 3830 758 ven

2279 773 2405 844 quid
2460 775 2632 831 facis?
2687 793 2754 833 ne
2798 778 3109 836 viderentur
3166 783 3312 839 illum
3369 787 3479 843 Deo
3542 805 3808 863 exmqnare

2283 880 2457 936 neque
2481 866 2715 938 Moysem
2743 880 3062 940 memorant,
3106 888 3174 929 ne
3215 874 3499 933 videantur
3525 879 3830 941 bumilioren

2282 955 2457 1012 facere
2477 975 2493 1024 ;
2517 959 2610 1014 sed
2640 960 2696 1014 in
2720 962 2897 1016 medio
2921 960 2972 1017 id
3009 977 3320 1034 posuerunt,
3369 968 3644 1028 dicentes:
3677 975 3830 1031 Patre.

2282 1052 2442 1105 nostri
2471 1052 2896 1108 manducaverunt
2933 1071 3117 1110 manna
3143 1059 3195 1111 in
3216 1059 3430 1115 deserto.
3478 1063 3689 1121 Poterat
3728 1085 3830 1124 veri

2283 1140 2528 1197 Christus
2553 1142 2754 1210 dicere,
2777 1145 2946 1215 Majas
2987 1163 3129 1202 nunc
3155 1150 3465 1208 miraculum
3512 1157 3671 1225 edidi,
3697 1175 3830 1231 quan

2283 1232 2512 1305 Moyses,
2543 1251 2642 1291 nec
2674 1237 2817 1308 virga
2838 1279 2854 1305 ,
2889 1254 2989 1294 nec
3034 1245 3344 1311 precatione
3377 1263 3511 1316 opus
3543 1250 3724 1318 habeo,
3760 1270 3830 1309 set

2284 1325 2460 1379 omnia
2488 1342 2517 1379 a
2540 1327 2744 1397 meipso
2774 1328 2874 1383 feci
2906 1348 2919 1384 :
2947 1332 3088 1399 quod
3121 1333 3165 1388 si
3194 1351 3385 1390 manna
3411 1347 3830 1400 commemoratis

2285 1430 2412 1472 ecce
2443 1433 2631 1487 panem
2676 1421 2827 1475 vobis
2857 1423 3076 1491 prmbui.
3106 1425 3302 1481 Verum
3339 1444 3443 1484 non
3477 1441 3604 1489 tunc
3653 1447 3825 1506 tcmpu

2248 1532 2253 1537 α
2287 1518 2402 1563 erat
2445 1511 2513 1564 ita
2545 1510 2816 1582 loquendi,
2848 1514 2941 1569 sed
2970 1532 3130 1572 unum
3168 1521 3408 1590 curabat,
3440 1533 3498 1579 ut
3525 1527 3640 1581 illos
3665 1529 3728 1583 ad
3753 1533 3830 1599 spi

2287 1600 2530 1654 ritualem
2571 1602 2744 1657 cibum
2785 1604 3090 1661 deduceret.
3149 1610 3214 1664 Et
3257 1612 3378 1669 vide
3419 1631 3574 1685 quam
3606 1617 3830 1673 immensa

2287 1706 2404 1746 cum
2433 1692 2709 1762 prudentia
2740 1699 3052 1765 respondeat
3086 1718 3100 1753 :
3129 1700 3221 1757 32.
3254 1702 3375 1758 Non
3399 1705 3597 1777 Moyses
3622 1710 3754 1764 dedit
3770 1728 3829 1767 eo

2287 1783 2360 1835 bis
2382 1799 2562 1852 panem
2588 1786 2653 1838 de
2675 1788 2815 1852 ctelo,
2862 1788 2952 1841 sed
2972 1789 3131 1845 Pater
3165 1809 3304 1847 meus
3334 1795 3421 1849 dat
3444 1797 3579 1852 vobis
3604 1818 3777 1870 panem
3798 1805 3830 1854 d

2288 1876 2412 1929 caelo
2454 1893 2641 1930 verum.
2678 1878 2785 1933 Cur
2817 1896 2921 1934 non
2948 1881 3100 1950 dixit,
3146 1884 3263 1939 Non
3313 1886 3522 1959 Moyses
3570 1890 3733 1959 dedit,
3767 1909 3830 1949 seu

2288 1981 2387 2037 ego
2411 1983 2425 2031 ;
2449 1968 2540 2023 scd
2572 1985 2666 2038 pro
2692 1970 2871 2042 Moyse
2897 1973 3080 2036 Deum,
3123 1990 3220 2045 pro
3267 1993 3457 2033 manna
3487 1982 3717 2052 seipsum
3766 2000 3830 2055 pu

2289 2060 2426 2114 suit?
2451 2061 2584 2127 Quia
2614 2064 2776 2117 multa
2804 2075 2920 2119 erat
2960 2067 3259 2124 auditorum
3306 2072 3672 2142 imbecillitas,
3716 2089 3771 2131 ut
3795 2096 3825 2129 υ

2290 2152 2635 2223 sequentibus
2666 2156 2845 2225 liquet.
2896 2157 3103 2213 Etenim
3135 2176 3236 2215 ιεοιι
3265 2163 3384 2220 illos
3412 2164 3495 2221 his
3527 2168 3699 2224 verbis
3716 2171 3830 2224 colli

2291 2241 2422 2308 buit,
2447 2244 2655 2298 tametsi
2704 2245 2855 2300 initio
2881 2246 3106 2314 dixerat,
3143 2250 3379 2317 Quaeritis
3402 2272 3498 2322 me,
3527 2274 3626 2311 nou
3650 2260 3766 2327 quia
3790 2263 3830 2313 vi

2292 2335 2437 2400 distis
2453 2336 2618 2407 signa,
2647 2337 2736 2390 sed
2755 2339 2874 2404 quia
2894 2342 3178 2397 comedistis
3196 2360 3258 2398 ea:
3286 2347 3499 2415 panibus
3537 2364 3555 2402 :
3579 2360 3623 2404 et
3650 2362 3830 2405 sutura.

2291 2429 2426 2483 estis.
2456 2428 2586 2496 Quia
2614 2444 2740 2484 vero
2768 2430 2819 2485 id
2845 2432 3179 2501 quaerebant,
3210 2435 3262 2491 in
3283 2440 3628 2507 sequentibus
3655 2459 3830 2514 quoqn

2292 2518 2437 2590 ipsos
2460 2522 2711 2588 correxit,
2743 2537 2915 2593 neque
2956 2532 3132 2581 tamen
3176 2528 3254 2582 illi
3305 2529 3640 2589 destiterunt.
3670 2537 3829 2594 Verus

2291 2628 2412 2668 cum
2438 2612 2782 2668 Samaritana:
2812 2630 2871 2670 se
2895 2630 3087 2686 aquam
3114 2618 3357 2675 daturum
3388 2624 3738 2694 polliceretur,
3766 2631 3830 2686 Pa

2292 2716 2426 2761 trem
2454 2724 2557 2761 non
2585 2711 2919 2777 memoravit,
2943 2711 3038 2766 sed
3068 2713 3138 2767 ita
3179 2714 3431 2786 loquutus
3457 2729 3577 2775 est:
3605 2723 3664 2778 Si
3717 2728 3830 2782 scin

2290 2800 2401 2870 quis
2422 2810 2492 2855 est
2516 2801 2603 2868 qui
2621 2800 2743 2855 dicit
2765 2802 2873 2869 tibi,
2903 2802 2986 2857 Da
3011 2806 3136 2859 mihi
3152 2806 3334 2877 bibere,
3359 2820 3413 2863 tu
3434 2811 3645 2880 forsitan
3661 2818 3830 2885 petisst

2290 2893 2353 2953 ab
2380 2909 2461 2956 eo,
2488 2903 2534 2946 et
2563 2893 2779 2948 dedisset
2802 2895 2890 2949 tibi
2928 2913 3113 2968 aquam
3141 2900 3302 2955 vivant
3325 2918 3363 2966 ;,
3382 2911 3438 2958 et
3487 2920 3690 2970 rursus,
3724 2910 3830 2979 Aqu

2291 3000 2442 3055 quam
2484 3001 2575 3053 ego
2603 2983 2770 3050 dabo;
2806 3000 2907 3042 nec
2950 2989 3174 3044 remittit
3224 2991 3291 3047 ad
3338 2992 3572 3052 Patrem.
3623 2997 3717 3053 llic
3744 3016 3830 3056 ver

2291 3076 2502 3132 Patrem
2531 3090 2807 3147 memorat,
2853 3089 2912 3135 ut
2946 3080 3120 3138 discas
3146 3096 3339 3155 quanta
3361 3097 3505 3144 esset
3528 3090 3830 3147 Samaritau;

2294 3168 2461 3232 ﬁdes,
2493 3179 2688 3239 quanta
2738 3171 3044 3228 Iudaeorum
3094 3175 3447 3234 imbecillitas.
3474 3179 3590 3235 Non
3632 3198 3761 3253 ergo
3808 3188 3829 3237 ii

2292 3260 2423 3314 crclo
2473 3276 2664 3314 manna
2719 3273 2833 3317 crat
2862 3280 2875 3316 :
2905 3266 3176 3334 quomodo
3229 3268 3386 3338 igitur
3433 3270 3501 3327 de
3526 3272 3654 3327 caelo
3683 3275 3830 3330 dicitt

2293 3352 2447 3406 esse?
2480 3349 2937 3417 Quemadmodum
2977 3353 3218 3411 Volucres
3245 3360 3358 3413 cadi
3384 3359 3563 3431 (Psal.
3586 3362 3640 3418 8.
3668 3364 3768 3433 9),
3799 3366 3830 3419 ιι

2292 3441 2690 3512 citScriptnra;
2719 3458 2784 3498 ac
2808 3460 3043 3514 rursum,
3069 3446 3139 3500 Et
3161 3449 3379 3505 intonuit
3419 3453 3481 3507 de
3530 3456 3653 3509 caelo
3693 3455 3829 3510 Dom

2294 3549 2389 3587 nus
2416 3531 2594 3605 (Psut.
2626 3534 2713 3588 i7.
2740 3535 2804 3590 14
2828 3534 2867 3605 ).
2893 3536 3089 3592 Panem
3111 3548 3289 3595 autem
3315 3557 3498 3598 verum
3524 3557 3681 3600 vocat
3708 3547 3830 3601 illuu

2296 3640 2402 3681 non
2431 3626 2569 3696 quod
2594 3625 2783 3680 falsum
2803 3638 2946 3683 esset
2967 3631 3280 3687 miraculum
3298 3634 3364 3690 de
3386 3652 3602 3706 manna,
3619 3640 3715 3695 sed
3745 3657 3830 3711 qm

2297 3720 2438 3772 niam
2483 3722 2585 3774 hoc
2642 3730 2797 3791 typus
2837 3731 2973 3786 crat,
3021 3738 3124 3778 non
3180 3724 3295 3795 ipsa
3336 3729 3551 3783 veritas.
3594 3728 3726 3785 Cum
3756 3750 3830 3787 vct

2296 3810 2489 3882 Moysis
2513 3812 2859 3876 meminisset,
2887 3829 2990 3868 non
3014 3828 3072 3869 se
3097 3816 3170 3869 illi
3191 3818 3421 3885 prtetulit
3443 3837 3457 3884 ;
3483 3819 3718 3875 nondum
3739 3824 3827 3876 cui

2298 3903 2468 3970 ipsum
2504 3901 2669 3973 Moysi
2698 3902 3085 3971 antcierebant,
3120 3907 3224 3961 imo
3249 3907 3484 3979 Moysem
3512 3911 3686 3967 adhuc
3720 3915 3825 3983 maj

2295 4008 2406 4048 rem
2439 3994 2712 4061 putabant.
2743 3994 2866 4049 ldeo
2894 4011 3015 4049 cum
3044 3997 3284 4064 dixisset,
3324 3998 3446 4054 Non
3492 4001 3700 4073 Moyses
3726 4005 3829 4058 ded,

2297 4100 2402 4140 non
2433 4085 2651 4155 adjecit,
2681 4087 2790 4157 Ego
2811 4087 2900 4153 do,
2926 4088 3018 4143 sed
3044 4090 3252 4146 Patrem
3276 4092 3408 4148 dare
3434 4093 3585 4149 dicit.
3618 4095 3757 4151 Tum
3787 4098 3823 4150 il

2299 4175 2379 4229 Da
2407 4178 2550 4231 nobis
2565 4195 2744 4247 panem
2774 4179 2907 4232 hunc
2933 4181 3002 4233 ad
3021 4181 3449 4238 manducandum.
3503 4186 3699 4242 Adhuc
3744 4189 3830 4242 enl

2297 4283 2410 4323 rem
2440 4283 2560 4323 esse
2584 4270 2835 4325 sensilem
2862 4272 3134 4341 putabant,
3165 4273 3339 4329 adhuc
3370 4287 3613 4332 ventrem
3663 4280 3830 4348 impie

2296 4359 2677 4428 exspectabant
2706 4379 2724 4415 :
2752 4362 2949 4418 idcirco
2973 4365 3130 4420 citius
3150 4378 3516 4424 occurrerunt.
3548 4370 3711 4437 Quid
3766 4390 3830 4425 cr

2296 4449 2585 4506 Christus?
2611 4450 2735 4505 Illos
2764 4453 3017 4522 paulatim
3040 4457 3253 4527 erigens
3286 4458 3469 4528 adjicit
3522 4479 3536 4515 :
3582 4461 3680 4516 53.
3737 4460 3830 4515 Ρυε

2299 4541 2397 4596 Dei
2420 4544 2599 4614 estqui
2629 4544 2887 4599 descendit
2911 4546 2974 4600 de
3001 4548 3145 4613 casto,
3171 4559 3217 4601 et
3243 4548 3330 4602 dat
3354 4551 3505 4603 vitam
3531 4552 3770 4617 mundo;
3793 4570 3825 4604 ιι

2297 4633 2498 4688 Judteis
2528 4644 2753 4705 tantum,
2783 4636 2877 4692 sed
2903 4638 3152 4694 universo
3176 4640 3314 4704 orbi,
3342 4641 3532 4711 inquit.
3561 4642 3757 4712 Neque
3782 4646 3829 4698 si

2299 4726 2506 4794 pliciter
2533 4727 2733 4793 cibum,
2767 4727 2859 4783 sed
2890 4729 3051 4783 vitam
3073 4730 3444 4787 dicitalteram
3492 4741 3547 4789 et
3595 4734 3823 4792 diversa

2301 4816 2473 4870 Vitam
2520 4827 2696 4872 autem
2727 4818 2874 4883 dicit,
2932 4820 3057 4889 quia
3104 4836 3293 4877 omnes
3339 4826 3533 4881 mortui
3585 4839 3773 4882 erant.
3827 4828 3829 4881 ι

2299 4924 2426 4963 vero
2450 4909 2622 4963 adhuc
2648 4918 2804 4965 terra:
2854 4910 3132 4967 adhaerent
3159 4927 3220 4969 ac
3247 4913 3467 4971 dicunt:
3492 4918 3582 4972 δι.
3613 4917 3702 4972 Da
3758 4936 3829 4971 no

2300 5000 2434 5053 hunc
2455 5016 2655 5069 partem.
2681 5001 2870 5071 Arguit
2892 5014 3071 5059 autem
3094 5005 3213 5062 illos
3237 5009 3377 5077 quod
3404 5009 3660 5078 quamdiu
3711 5024 3830 5063 seu:

2301 5089 2407 5145 lem
2452 5091 2855 5161 suspicabantur
2896 5109 3016 5150 esse
3065 5100 3721 5163 mensam,aecurrerint;
3783 5116 3830 5154 Cl

2299 5185 2475 5231 autem
2507 5174 2808 5232 didicerunt
2832 5193 3073 5234 mensam
3104 5197 3224 5237 esse
3244 5183 3604 5250 Spiritualem,
3646 5183 3767 5252 jam
3802 5201 3830 5236 ιι

2300 5270 2586 5333 accedant;
2612 5269 2845 5339 dicitque
2870 5287 2883 5323 :
2907 5272 2996 5327 55.
3018 5272 3131 5342 Ego
3150 5291 3269 5328 sum
3296 5276 3442 5343 panis
3468 5277 3587 5330 vita
3612 5291 3632 5330 :
3660 5277 3755 5345 qui
3774 5291 3829 5328 ac

2300 5360 2367 5413 ad
2396 5378 2492 5426 me,
2521 5377 2620 5413 non
2642 5362 2861 5425 esui-iet;
2893 5372 2937 5415 et
2963 5362 3050 5432 qui
3081 5364 3236 5417 credit
3264 5369 3314 5418 in
3344 5383 3422 5418 me
3440 5408 3455 5430 ,
3490 5384 3595 5425 non
3625 5368 3768 5420 sitiet
3793 5385 3826 5419 ιι

2300 5469 2472 5520 quam.
2501 5452 2590 5507 56.
2627 5451 2734 5506 Sed
2760 5453 2871 5508 dixi
2898 5454 3052 5519 vobis,
3073 5456 3193 5526 quia
3231 5468 3279 5510 et
3318 5457 3514 5512 vidistis
3562 5476 3676 5523 me,
3733 5470 3785 5513 et
3811 5476 3829 5512 ι

2299 5545 2498 5598 creditis
2539 5544 2682 5597 mihi.

2369 5637 2405 5690 ξ).
2462 5637 2574 5700 Qua
2603 5648 2765 5691 mente
2787 5636 3017 5692 Christus
3057 5656 3206 5694 suum
3240 5641 3580 5696 testimonium
3626 5659 3663 5696 a
3700 5660 3829 5697 nem.

2299 5729 2460 5796 accipi
2505 5728 2702 5782 Judtvis
2739 5729 2942 5784 diceret.
2969 5728 3127 5785 Panis
3151 5730 3267 5787 vita:
3302 5734 3426 5803 quid
3468 5735 3552 5788 sit.
3577 5766 3659 5777 —
3691 5736 3812 5790 Hoc

2301 5819 2534 5877 Joannes
2559 5821 2807 5893 superius
2834 5821 3014 5879 dicere
3058 5832 3444 5894 praeverterat:
3477 5825 3639 5893 Quod
3665 5829 3814 5883 novit
