  <div class='ocr_page' id='page_1' title='image "/cluster/home/n/w/nwhite01/storage/ocr_20150623/59/hvd.32044052786589/256.png"; bbox 0 0 3984 6196; ppageno 0'>
   <div class='ocr_carea' id='block_1_1' title="bbox 255 312 1765 393">
    <p class='ocr_par' dir='ltr' id='par_1_1' title="bbox 255 312 1765 378">
     <span class='ocr_line' id='line_1_1' title="bbox 255 312 1765 378; baseline 0.011 -17"><span class='ocrx_word' id='word_1_1' title='bbox 255 312 330 370; x_wconf 67' lang='grc' dir='ltr'><strong>ΩΒ</strong></span> <span class='ocrx_word' id='word_1_2' title='bbox 1239 315 1308 374; x_wconf 83' lang='lat' dir='ltr'><strong>IN</strong></span> <span class='ocrx_word' id='word_1_3' title='bbox 1344 318 1655 376; x_wconf 67' lang='lat' dir='ltr'><strong>JOANNEM</strong></span> <span class='ocrx_word' id='word_1_4' title='bbox 1695 320 1765 378; x_wconf 77' lang='grc' dir='ltr'><strong>Η(</strong></span> 
     </span>
    </p>
   </div>
   <div class='ocr_carea' id='block_1_2' title="bbox 1870 312 2457 393">
    <p class='ocr_par' dir='ltr' id='par_1_2' title="bbox 1870 322 2457 393">
     <span class='ocr_line' id='line_1_2' title="bbox 1870 322 2457 393; baseline 0.022 -13"><span class='ocrx_word' id='word_1_5' title='bbox 1870 322 1924 382; x_wconf 86' lang='lat' dir='ltr'><strong>L.</strong></span> <span class='ocrx_word' id='word_1_6' title='bbox 1966 325 2125 386; x_wconf 75' lang='lat' dir='ltr'><strong>XLV.</strong></span> <span class='ocrx_word' id='word_1_7' title='bbox 2163 332 2234 388; x_wconf 89' lang='lat' dir='ltr'><strong>al.</strong></span> <span class='ocrx_word' id='word_1_8' title='bbox 2278 334 2457 393; x_wconf 74' lang='lat' dir='ltr'><strong>XLIV.</strong></span> 
     </span>
    </p>
   </div>
   <div class='ocr_carea' id='block_1_3' title="bbox 245 426 1803 507">
    <p class='ocr_par' dir='ltr' id='par_1_3' title="bbox 245 426 1803 507">
     <span class='ocr_line' id='line_1_3' title="bbox 245 426 1803 507; baseline 0.009 -30"><span class='ocrx_word' id='word_1_9' title='bbox 245 429 397 495; x_wconf 68' lang='lat' dir='ltr'><strong>quitur,</strong></span> <span class='ocrx_word' id='word_1_10' title='bbox 420 435 470 480; x_wconf 86' lang='lat' dir='ltr'><strong>et</strong></span> <span class='ocrx_word' id='word_1_11' title='bbox 505 426 642 497; x_wconf 79' lang='lat' dir='ltr'><strong>quod</strong></span> <span class='ocrx_word' id='word_1_12' title='bbox 680 426 804 481; x_wconf 73' lang='lat' dir='ltr'><strong>sidit</strong></span> <span class='ocrx_word' id='word_1_13' title='bbox 847 428 1174 498; x_wconf 79' lang='lat' dir='ltr'><strong>testiﬁcatur,</strong></span> <span class='ocrx_word' id='word_1_14' title='bbox 1218 441 1266 484; x_wconf 90' lang='lat' dir='ltr'><strong>et</strong></span> <span class='ocrx_word' id='word_1_15' title='bbox 1308 433 1646 489; x_wconf 67' lang='lat' dir='ltr'><strong>testimonium</strong></span> <span class='ocrx_word' id='word_1_16' title='bbox 1694 438 1803 507; x_wconf 86' lang='lat' dir='ltr'><strong>ejus</strong></span> 
     </span>
    </p>
   </div>
   <div class='ocr_carea' id='block_1_4' title="bbox 237 517 1801 595">
    <p class='ocr_par' dir='ltr' id='par_1_4' title="bbox 237 517 1801 595">
     <span class='ocr_line' id='line_1_4' title="bbox 237 517 1801 595; baseline 0.006 -24"><span class='ocrx_word' id='word_1_17' title='bbox 237 532 352 571; x_wconf 73' lang='grc' dir='ltr'>ιαιο</span> <span class='ocrx_word' id='word_1_18' title='bbox 369 518 574 584; x_wconf 80' lang='lat' dir='ltr'><strong>accipit.</strong></span> <span class='ocrx_word' id='word_1_19' title='bbox 601 517 666 572; x_wconf 83' lang='lat' dir='ltr'><strong>Et</strong></span> <span class='ocrx_word' id='word_1_20' title='bbox 699 533 887 576; x_wconf 84' lang='lat' dir='ltr'><strong>rursus</strong></span> <span class='ocrx_word' id='word_1_21' title='bbox 910 519 1157 576; x_wconf 79' lang='lat' dir='ltr'><strong>Christus</strong></span> <span class='ocrx_word' id='word_1_22' title='bbox 1189 537 1205 575; x_wconf 91' lang='lat'><strong>:</strong></span> <span class='ocrx_word' id='word_1_23' title='bbox 1240 521 1391 589; x_wconf 82' lang='lat' dir='ltr'><strong>Quod</strong></span> <span class='ocrx_word' id='word_1_24' title='bbox 1423 526 1608 580; x_wconf 84' lang='lat' dir='ltr'><strong>scimus</strong></span> <span class='ocrx_word' id='word_1_25' title='bbox 1635 526 1801 595; x_wconf 79' lang='lat' dir='ltr'><strong>loqui-</strong></span> 
     </span>
    </p>
   </div>
   <div class='ocr_carea' id='block_1_5' title="bbox 233 608 1800 677">
    <p class='ocr_par' dir='ltr' id='par_1_5' title="bbox 233 608 1800 677">
     <span class='ocr_line' id='line_1_5' title="bbox 233 608 1800 677; baseline 0.008 -19"><span class='ocrx_word' id='word_1_26' title='bbox 233 623 337 671; x_wconf 58' lang='grc' dir='ltr'><strong>κισ,</strong></span> <span class='ocrx_word' id='word_1_27' title='bbox 368 617 415 660; x_wconf 83' lang='lat' dir='ltr'><strong>et</strong></span> <span class='ocrx_word' id='word_1_28' title='bbox 433 608 572 675; x_wconf 72' lang='lat' dir='ltr'><strong>quod</strong></span> <span class='ocrx_word' id='word_1_29' title='bbox 591 608 809 662; x_wconf 77' lang='lat' dir='ltr'><strong>uidimus</strong></span> <span class='ocrx_word' id='word_1_30' title='bbox 838 618 1103 677; x_wconf 71' lang='lat' dir='ltr'><strong>testamur,</strong></span> <span class='ocrx_word' id='word_1_31' title='bbox 1133 621 1181 665; x_wconf 89' lang='lat' dir='ltr'><strong>et</strong></span> <span class='ocrx_word' id='word_1_32' title='bbox 1211 614 1548 668; x_wconf 80' lang='lat' dir='ltr'><strong>testimonium</strong></span> <span class='ocrx_word' id='word_1_33' title='bbox 1575 627 1800 671; x_wconf 87' lang='lat' dir='ltr'><strong>nostrum</strong></span> 
     </span>
    </p>
   </div>
   <div class='ocr_carea' id='block_1_6' title="bbox 230 698 1799 773">
    <p class='ocr_par' dir='ltr' id='par_1_6' title="bbox 230 698 1799 773">
     <span class='ocr_line' id='line_1_6' title="bbox 230 698 1799 773; baseline 0.008 -21"><span class='ocrx_word' id='word_1_34' title='bbox 230 714 310 752; x_wconf 74' lang='lat' dir='ltr'><strong>non</strong></span> <span class='ocrx_word' id='word_1_35' title='bbox 331 698 563 767; x_wconf 82' lang='lat' dir='ltr'><strong>accipitis</strong></span> <span class='ocrx_word' id='word_1_36' title='bbox 587 700 620 754; x_wconf 84' lang='lat'><strong>‘.</strong></span> <span class='ocrx_word' id='word_1_37' title='bbox 650 699 896 770; x_wconf 88' lang='lat' dir='ltr'><strong>Illudquc</strong></span> <span class='ocrx_word' id='word_1_38' title='bbox 929 702 1059 772; x_wconf 90' lang='lat' dir='ltr'><strong>agit,</strong></span> <span class='ocrx_word' id='word_1_39' title='bbox 1113 711 1173 757; x_wconf 88' lang='grc' dir='ltr'><strong>ιιι</strong></span> <span class='ocrx_word' id='word_1_40' title='bbox 1219 717 1548 773; x_wconf 71' lang='grc' dir='ltr'><strong>ρι’ωηιοηειιι</strong></span> <span class='ocrx_word' id='word_1_41' title='bbox 1572 709 1714 768; x_wconf 90' lang='lat' dir='ltr'><strong>illos.</strong></span> <span class='ocrx_word' id='word_1_42' title='bbox 1744 721 1799 765; x_wconf 90' lang='lat' dir='ltr'><strong>et</strong></span> 
     </span>
    </p>
   </div>
   <div class='ocr_carea' id='block_1_7' title="bbox 227 789 1795 870">
    <p class='ocr_par' dir='ltr' id='par_1_7' title="bbox 227 789 1795 870">
     <span class='ocr_line' id='line_1_7' title="bbox 227 789 1795 870; baseline 0.01 -28"><span class='ocrx_word' id='word_1_43' title='bbox 227 789 472 855; x_wconf 87' lang='lat' dir='ltr'><strong>ostendat,</strong></span> <span class='ocrx_word' id='word_1_44' title='bbox 498 805 558 846; x_wconf 92' lang='lat' dir='ltr'><strong>se</strong></span> <span class='ocrx_word' id='word_1_45' title='bbox 585 806 692 846; x_wconf 89' lang='lat' dir='ltr'><strong>non</strong></span> <span class='ocrx_word' id='word_1_46' title='bbox 719 791 808 846; x_wconf 88' lang='lat' dir='ltr'><strong>illa</strong></span> <span class='ocrx_word' id='word_1_47' title='bbox 831 808 890 848; x_wconf 92' lang='lat' dir='ltr'><strong>re</strong></span> <span class='ocrx_word' id='word_1_48' title='bbox 919 792 1148 860; x_wconf 90' lang='lat' dir='ltr'><strong>turbari,</strong></span> <span class='ocrx_word' id='word_1_49' title='bbox 1192 809 1366 867; x_wconf 87' lang='lat' dir='ltr'><strong>neque</strong></span> <span class='ocrx_word' id='word_1_50' title='bbox 1393 798 1614 868; x_wconf 82' lang='lat' dir='ltr'><strong>gloriam</strong></span> <span class='ocrx_word' id='word_1_51' title='bbox 1645 817 1795 870; x_wconf 77' lang='lat' dir='ltr'><strong>qua:-</strong></span> 
     </span>
    </p>
   </div>
   <div class='ocr_carea' id='block_1_8' title="bbox 223 883 1798 962">
    <p class='ocr_par' dir='ltr' id='par_1_8' title="bbox 223 883 1798 962">
     <span class='ocr_line' id='line_1_8' title="bbox 223 883 1798 962; baseline 0.009 -26"><span class='ocrx_word' id='word_1_52' title='bbox 223 897 342 945; x_wconf 86' lang='lat' dir='ltr'><strong>rere,</strong></span> <span class='ocrx_word' id='word_1_53' title='bbox 368 883 456 936; x_wconf 78' lang='lat' dir='ltr'><strong>vel</strong></span> <span class='ocrx_word' id='word_1_54' title='bbox 505 883 752 954; x_wconf 87' lang='lat' dir='ltr'><strong>ignorare</strong></span> <span class='ocrx_word' id='word_1_55' title='bbox 803 895 1010 940; x_wconf 87' lang='lat' dir='ltr'><strong>secreta</strong></span> <span class='ocrx_word' id='word_1_56' title='bbox 1041 887 1234 943; x_wconf 84' lang='lat' dir='ltr'><strong>mentis</strong></span> <span class='ocrx_word' id='word_1_57' title='bbox 1273 904 1488 956; x_wconf 87' lang='lat' dir='ltr'><strong>eorum,</strong></span> <span class='ocrx_word' id='word_1_58' title='bbox 1525 891 1636 946; x_wconf 88' lang='lat' dir='ltr'><strong>sive</strong></span> <span class='ocrx_word' id='word_1_59' title='bbox 1662 908 1798 962; x_wconf 79' lang='lat' dir='ltr'><strong>pra:-</strong></span> 
     </span>
    </p>
   </div>
   <div class='ocr_carea' id='block_1_9' title="bbox 217 973 1795 1057">
    <p class='ocr_par' dir='ltr' id='par_1_9' title="bbox 217 973 1795 1057">
     <span class='ocr_line' id='line_1_9' title="bbox 217 973 1795 1057; baseline 0.008 -31"><span class='ocrx_word' id='word_1_60' title='bbox 217 973 387 1036; x_wconf 84' lang='lat' dir='ltr'><strong>scntia,</strong></span> <span class='ocrx_word' id='word_1_61' title='bbox 414 975 536 1028; x_wconf 88' lang='lat' dir='ltr'><strong>sive</strong></span> <span class='ocrx_word' id='word_1_62' title='bbox 565 975 761 1029; x_wconf 89' lang='lat' dir='ltr'><strong>futura.</strong></span> <span class='ocrx_word' id='word_1_63' title='bbox 792 973 906 1046; x_wconf 74' lang='lat' dir='ltr'><strong>Ego</strong></span> <span class='ocrx_word' id='word_1_64' title='bbox 931 992 1042 1030; x_wconf 89' lang='lat' dir='ltr'><strong>sum</strong></span> <span class='ocrx_word' id='word_1_65' title='bbox 1066 979 1212 1048; x_wconf 85' lang='lat' dir='ltr'><strong>panis</strong></span> <span class='ocrx_word' id='word_1_66' title='bbox 1243 980 1374 1033; x_wconf 63' lang='lat' dir='ltr'><strong>vitae.</strong></span> <span class='ocrx_word' id='word_1_67' title='bbox 1405 980 1523 1036; x_wconf 84' lang='lat' dir='ltr'><strong>Jam</strong></span> <span class='ocrx_word' id='word_1_68' title='bbox 1574 983 1625 1037; x_wconf 92' lang='lat' dir='ltr'><strong><em>in</em></strong></span> <span class='ocrx_word' id='word_1_69' title='bbox 1677 1002 1795 1057; x_wconf 87' lang='lat' dir='ltr'><strong>my-</strong></span> 
     </span>
    </p>
   </div>
   <div class='ocr_carea' id='block_1_10' title="bbox 215 1062 1793 1144">
    <p class='ocr_par' dir='ltr' id='par_1_10' title="bbox 215 1062 1793 1144">
     <span class='ocr_line' id='line_1_10' title="bbox 215 1062 1793 1144; baseline 0.009 -25"><span class='ocrx_word' id='word_1_70' title='bbox 215 1066 484 1120; x_wconf 86' lang='lat' dir='ltr'><strong>steriorum</strong></span> <span class='ocrx_word' id='word_1_71' title='bbox 541 1062 882 1122; x_wconf 78' lang='lat' dir='ltr'><strong>traditionem</strong></span> <span class='ocrx_word' id='word_1_72' title='bbox 939 1077 1198 1124; x_wconf 89' lang='lat' dir='ltr'><strong>venturus</strong></span> <span class='ocrx_word' id='word_1_73' title='bbox 1255 1081 1357 1126; x_wconf 89' lang='lat' dir='ltr'><strong>cst.</strong></span> <span class='ocrx_word' id='word_1_74' title='bbox 1413 1073 1480 1127; x_wconf 84' lang='lat' dir='ltr'><strong>Et</strong></span> <span class='ocrx_word' id='word_1_75' title='bbox 1508 1075 1679 1144; x_wconf 88' lang='lat' dir='ltr'><strong>primo</strong></span> <span class='ocrx_word' id='word_1_76' title='bbox 1723 1076 1793 1133; x_wconf 89' lang='lat' dir='ltr'><strong>de</strong></span> 
     </span>
    </p>
   </div>
   <div class='ocr_carea' id='block_1_11' title="bbox 213 1156 1786 1235">
    <p class='ocr_par' dir='ltr' id='par_1_11' title="bbox 213 1156 1786 1235">
     <span class='ocr_line' id='line_1_11' title="bbox 213 1156 1786 1235; baseline 0.011 -28"><span class='ocrx_word' id='word_1_77' title='bbox 213 1156 478 1211; x_wconf 70' lang='lat' dir='ltr'><strong><em>divinitate</em></strong></span> <span class='ocrx_word' id='word_1_78' title='bbox 505 1171 599 1210; x_wconf 83' lang='lat' dir='ltr'><strong>sua</strong></span> <span class='ocrx_word' id='word_1_79' title='bbox 627 1157 1094 1227; x_wconf 83' lang='lat' dir='ltr'><strong>disputatdicens,</strong></span> <span class='ocrx_word' id='word_1_80' title='bbox 1145 1159 1257 1232; x_wconf 85' lang='lat' dir='ltr'><strong>Ego</strong></span> <span class='ocrx_word' id='word_1_81' title='bbox 1301 1179 1414 1216; x_wconf 88' lang='lat' dir='ltr'><strong>sum</strong></span> <span class='ocrx_word' id='word_1_82' title='bbox 1461 1167 1609 1235; x_wconf 86' lang='lat' dir='ltr'><strong>panis</strong></span> <span class='ocrx_word' id='word_1_83' title='bbox 1655 1169 1786 1224; x_wconf 76' lang='lat' dir='ltr'><strong>uiue.</strong></span> 
     </span>
    </p>
   </div>
   <div class='ocr_carea' id='block_1_12' title="bbox 211 1245 1788 1327">
    <p class='ocr_par' dir='ltr' id='par_1_12' title="bbox 211 1245 1788 1327">
     <span class='ocr_line' id='line_1_12' title="bbox 211 1245 1788 1327; baseline 0.01 -26"><span class='ocrx_word' id='word_1_84' title='bbox 211 1245 370 1316; x_wconf 79' lang='lat' dir='ltr'><strong>Neque</strong></span> <span class='ocrx_word' id='word_1_85' title='bbox 401 1249 552 1302; x_wconf 88' lang='lat' dir='ltr'><strong>enim</strong></span> <span class='ocrx_word' id='word_1_86' title='bbox 579 1247 679 1303; x_wconf 83' lang='lat' dir='ltr'><strong>hoc</strong></span> <span class='ocrx_word' id='word_1_87' title='bbox 707 1249 778 1304; x_wconf 91' lang='lat' dir='ltr'><strong>de</strong></span> <span class='ocrx_word' id='word_1_88' title='bbox 819 1265 1048 1321; x_wconf 88' lang='lat' dir='ltr'><strong>corpore</strong></span> <span class='ocrx_word' id='word_1_89' title='bbox 1088 1251 1292 1308; x_wconf 91' lang='lat' dir='ltr'><strong>dictum</strong></span> <span class='ocrx_word' id='word_1_90' title='bbox 1337 1264 1419 1310; x_wconf 89' lang='lat' dir='ltr'><strong>est</strong></span> <span class='ocrx_word' id='word_1_91' title='bbox 1489 1257 1592 1327; x_wconf 88' lang='lat' dir='ltr'><strong>(de</strong></span> <span class='ocrx_word' id='word_1_92' title='bbox 1619 1261 1708 1315; x_wconf 89' lang='lat' dir='ltr'><strong>illo</strong></span> <span class='ocrx_word' id='word_1_93' title='bbox 1735 1263 1788 1317; x_wconf 92' lang='lat' dir='ltr'><strong>in</strong></span> 
     </span>
    </p>
   </div>
   <div class='ocr_carea' id='block_1_13' title="bbox 213 1337 1787 1423">
    <p class='ocr_par' dir='ltr' id='par_1_13' title="bbox 213 1337 1787 1423">
     <span class='ocr_line' id='line_1_13' title="bbox 213 1337 1787 1423; baseline 0.008 -34"><span class='ocrx_word' id='word_1_94' title='bbox 213 1337 303 1391; x_wconf 79' lang='lat' dir='ltr'><strong>line</strong></span> <span class='ocrx_word' id='word_1_95' title='bbox 329 1338 570 1407; x_wconf 93' lang='lat' dir='ltr'><strong>loquitur</strong></span> <span class='ocrx_word' id='word_1_96' title='bbox 599 1355 613 1390; x_wconf 91' lang='lat'>:</span> <span class='ocrx_word' id='word_1_97' title='bbox 642 1337 709 1392; x_wconf 83' lang='lat' dir='ltr'><strong>Et</strong></span> <span class='ocrx_word' id='word_1_98' title='bbox 723 1340 869 1407; x_wconf 88' lang='lat' dir='ltr'><strong>panis</strong></span> <span class='ocrx_word' id='word_1_99' title='bbox 896 1357 1044 1409; x_wconf 85' lang='lat' dir='ltr'><strong>quem</strong></span> <span class='ocrx_word' id='word_1_100' title='bbox 1072 1358 1164 1408; x_wconf 84' lang='lat' dir='ltr'><strong>eqo</strong></span> <span class='ocrx_word' id='word_1_101' title='bbox 1187 1342 1339 1410; x_wconf 83' lang='lat' dir='ltr'><strong><em>dabo,</em></strong></span> <span class='ocrx_word' id='word_1_102' title='bbox 1369 1361 1488 1399; x_wconf 90' lang='lat' dir='ltr'><strong>caro</strong></span> <span class='ocrx_word' id='word_1_103' title='bbox 1508 1364 1616 1402; x_wconf 88' lang='lat' dir='ltr'><strong>mea</strong></span> <span class='ocrx_word' id='word_1_104' title='bbox 1644 1351 1787 1423; x_wconf 84' lang='lat' dir='ltr'><strong>est);</strong></span> 
     </span>
    </p>
   </div>
   <div class='ocr_carea' id='block_1_14' title="bbox 212 1427 1790 1511">
    <p class='ocr_par' dir='ltr' id='par_1_14' title="bbox 212 1427 1790 1511">
     <span class='ocr_line' id='line_1_14' title="bbox 212 1427 1790 1511; baseline 0.011 -31"><span class='ocrx_word' id='word_1_105' title='bbox 212 1427 496 1482; x_wconf 82' lang='lat' dir='ltr'><strong>sedsdhuc</strong></span> <span class='ocrx_word' id='word_1_106' title='bbox 538 1429 609 1484; x_wconf 86' lang='lat' dir='ltr'><strong>de</strong></span> <span class='ocrx_word' id='word_1_107' title='bbox 647 1429 928 1485; x_wconf 88' lang='lat' dir='ltr'><strong>divinitate</strong></span> <span class='ocrx_word' id='word_1_108' title='bbox 975 1433 1105 1502; x_wconf 90' lang='lat' dir='ltr'><strong>agit.</strong></span> <span class='ocrx_word' id='word_1_109' title='bbox 1161 1433 1374 1490; x_wconf 83' lang='lat' dir='ltr'><strong>Etenim</strong></span> <span class='ocrx_word' id='word_1_110' title='bbox 1428 1437 1520 1492; x_wconf 89' lang='lat' dir='ltr'><strong>ille</strong></span> <span class='ocrx_word' id='word_1_111' title='bbox 1573 1451 1790 1511; x_wconf 81' lang='lat' dir='ltr'><strong>propter</strong></span> 
     </span>
    </p>
   </div>
   <div class='ocr_carea' id='block_1_15' title="bbox 211 1516 1789 1601">
    <p class='ocr_par' dir='ltr' id='par_1_15' title="bbox 211 1516 1789 1601">
     <span class='ocr_line' id='line_1_15' title="bbox 211 1516 1789 1601; baseline 0.011 -30"><span class='ocrx_word' id='word_1_112' title='bbox 211 1516 351 1572; x_wconf 86' lang='lat' dir='ltr'><strong>Deum</strong></span> <span class='ocrx_word' id='word_1_113' title='bbox 380 1518 620 1574; x_wconf 72' lang='lat' dir='ltr'><strong>Verbum</strong></span> <span class='ocrx_word' id='word_1_114' title='bbox 649 1521 801 1587; x_wconf 86' lang='lat' dir='ltr'><strong>panis</strong></span> <span class='ocrx_word' id='word_1_115' title='bbox 829 1529 932 1588; x_wconf 87' lang='lat' dir='ltr'><strong>est,</strong></span> <span class='ocrx_word' id='word_1_116' title='bbox 982 1523 1430 1592; x_wconf 80' lang='lat' dir='ltr'><strong>quemadmodum</strong></span> <span class='ocrx_word' id='word_1_117' title='bbox 1460 1527 1547 1585; x_wconf 88' lang='lat' dir='ltr'><strong>hic</strong></span> <span class='ocrx_word' id='word_1_118' title='bbox 1572 1540 1789 1601; x_wconf 79' lang='lat' dir='ltr'><strong>propter</strong></span> 
     </span>
    </p>
   </div>
   <div class='ocr_carea' id='block_1_16' title="bbox 206 1610 1787 1682">
    <p class='ocr_par' dir='ltr' id='par_1_16' title="bbox 206 1610 1787 1682">
     <span class='ocr_line' id='line_1_16' title="bbox 206 1610 1787 1682; baseline 0.011 -20"><span class='ocrx_word' id='word_1_119' title='bbox 206 1610 567 1665; x_wconf 72' lang='lat' dir='ltr'><strong><em>advenientem</em></strong></span> <span class='ocrx_word' id='word_1_120' title='bbox 615 1611 874 1680; x_wconf 88' lang='lat' dir='ltr'><strong>Spiritum</strong></span> <span class='ocrx_word' id='word_1_121' title='bbox 925 1614 1076 1682; x_wconf 87' lang='lat' dir='ltr'><strong>panis</strong></span> <span class='ocrx_word' id='word_1_122' title='bbox 1119 1615 1350 1672; x_wconf 79' lang='lat' dir='ltr'><strong>caeteStis</strong></span> <span class='ocrx_word' id='word_1_123' title='bbox 1396 1618 1645 1679; x_wconf 74' lang='lat' dir='ltr'><strong>efficitur.</strong></span> <span class='ocrx_word' id='word_1_124' title='bbox 1687 1622 1787 1680; x_wconf 88' lang='lat' dir='ltr'><strong>IIic</strong></span> 
     </span>
    </p>
   </div>
   <div class='ocr_carea' id='block_1_17' title="bbox 206 1701 1782 1778">
    <p class='ocr_par' dir='ltr' id='par_1_17' title="bbox 206 1701 1782 1778">
     <span class='ocr_line' id='line_1_17' title="bbox 206 1701 1782 1778; baseline 0.011 -25"><span class='ocrx_word' id='word_1_125' title='bbox 206 1715 347 1770; x_wconf 80' lang='lat' dir='ltr'><strong>pun-0</strong></span> <span class='ocrx_word' id='word_1_126' title='bbox 387 1717 498 1756; x_wconf 89' lang='lat' dir='ltr'><strong>non</strong></span> <span class='ocrx_word' id='word_1_127' title='bbox 529 1701 701 1756; x_wconf 86' lang='lat' dir='ltr'><strong>utitur</strong></span> <span class='ocrx_word' id='word_1_128' title='bbox 729 1702 987 1770; x_wconf 88' lang='lat' dir='ltr'><strong>testibus,</strong></span> <span class='ocrx_word' id='word_1_129' title='bbox 1018 1713 1077 1759; x_wconf 91' lang='lat' dir='ltr'><strong>ut</strong></span> <span class='ocrx_word' id='word_1_130' title='bbox 1104 1705 1157 1760; x_wconf 92' lang='lat' dir='ltr'><strong>in</strong></span> <span class='ocrx_word' id='word_1_131' title='bbox 1194 1709 1450 1778; x_wconf 88' lang='lat' dir='ltr'><strong>superiori</strong></span> <span class='ocrx_word' id='word_1_132' title='bbox 1480 1716 1738 1771; x_wconf 88' lang='lat' dir='ltr'><strong>concione</strong></span> <span class='ocrx_word' id='word_1_133' title='bbox 1765 1733 1782 1771; x_wconf 87' lang='lat'><strong>:</strong></span> 
     </span>
    </p>
   </div>
   <div class='ocr_carea' id='block_1_18' title="bbox 203 1793 1782 1867">
    <p class='ocr_par' dir='ltr' id='par_1_18' title="bbox 203 1793 1782 1867">
     <span class='ocr_line' id='line_1_18' title="bbox 203 1793 1782 1867; baseline 0.012 -21"><span class='ocrx_word' id='word_1_134' title='bbox 203 1807 261 1846; x_wconf 88' lang='lat' dir='ltr'><strong>eo</strong></span> <span class='ocrx_word' id='word_1_135' title='bbox 287 1793 423 1862; x_wconf 88' lang='lat' dir='ltr'><strong>quod</strong></span> <span class='ocrx_word' id='word_1_136' title='bbox 453 1793 680 1849; x_wconf 80' lang='lat' dir='ltr'><strong>haberet</strong></span> <span class='ocrx_word' id='word_1_137' title='bbox 705 1803 724 1848; x_wconf 89' lang='lat' dir='ltr'><strong><em>t</em></strong></span> <span class='ocrx_word' id='word_1_138' title='bbox 762 1794 1069 1851; x_wconf 89' lang='lat' dir='ltr'><strong>stimonium</strong></span> <span class='ocrx_word' id='word_1_139' title='bbox 1098 1812 1319 1867; x_wconf 81' lang='lat' dir='ltr'><strong>pannm,</strong></span> <span class='ocrx_word' id='word_1_140' title='bbox 1345 1810 1400 1856; x_wconf 93' lang='lat' dir='ltr'><strong>et</strong></span> <span class='ocrx_word' id='word_1_141' title='bbox 1424 1802 1496 1857; x_wconf 87' lang='lat' dir='ltr'><strong>illi</strong></span> <span class='ocrx_word' id='word_1_142' title='bbox 1521 1804 1694 1862; x_wconf 88' lang='lat' dir='ltr'><strong>adhuc</strong></span> <span class='ocrx_word' id='word_1_143' title='bbox 1722 1823 1782 1865; x_wconf 90' lang='lat' dir='ltr'><strong>se</strong></span> 
     </span>
    </p>
   </div>
   <div class='ocr_carea' id='block_1_19' title="bbox 155 1867 1781 1963">
    <p class='ocr_par' dir='ltr' id='par_1_19' title="bbox 155 1867 1781 1963">
     <span class='ocr_line' id='line_1_19' title="bbox 155 1867 1781 1963; baseline 0.01 -26"><span class='ocrx_word' id='word_1_144' title='bbox 155 1867 163 1882; x_wconf 76' lang='grc'><em>’</em></span> <span class='ocrx_word' id='word_1_145' title='bbox 200 1883 402 1938; x_wconf 81' lang='lat' dir='ltr'><strong>credere</strong></span> <span class='ocrx_word' id='word_1_146' title='bbox 427 1883 778 1940; x_wconf 79' lang='lat' dir='ltr'><strong>simularent.</strong></span> <span class='ocrx_word' id='word_1_147' title='bbox 810 1885 924 1940; x_wconf 92' lang='lat' dir='ltr'><strong>Illic</strong></span> <span class='ocrx_word' id='word_1_148' title='bbox 951 1902 1079 1942; x_wconf 87' lang='lat' dir='ltr'><strong>vero</strong></span> <span class='ocrx_word' id='word_1_149' title='bbox 1104 1891 1543 1950; x_wconf 86' lang='lat' dir='ltr'><strong>contradicebant</strong></span> <span class='ocrx_word' id='word_1_150' title='bbox 1565 1937 1581 1963; x_wconf 95' lang='lat'><strong>,</strong></span> <span class='ocrx_word' id='word_1_151' title='bbox 1613 1907 1667 1952; x_wconf 86' lang='lat' dir='ltr'><strong>et</strong></span> <span class='ocrx_word' id='word_1_152' title='bbox 1691 1913 1781 1953; x_wconf 86' lang='lat' dir='ltr'><strong>ar-</strong></span> 
     </span>
    </p>
   </div>
   <div class='ocr_carea' id='block_1_20' title="bbox 198 1967 1780 2055">
    <p class='ocr_par' dir='ltr' id='par_1_20' title="bbox 198 1967 1780 2055">
     <span class='ocr_line' id='line_1_20' title="bbox 198 1967 1780 2055; baseline 0.011 -29"><span class='ocrx_word' id='word_1_153' title='bbox 198 1972 413 2041; x_wconf 80' lang='lat' dir='ltr'><strong>guebant</strong></span> <span class='ocrx_word' id='word_1_154' title='bbox 434 1991 452 2037; x_wconf 83' lang='lat'><strong>;</strong></span> <span class='ocrx_word' id='word_1_155' title='bbox 476 1967 710 2046; x_wconf 84' lang='lat' dir='ltr'><strong>ideoque</strong></span> <span class='ocrx_word' id='word_1_156' title='bbox 733 1975 821 2031; x_wconf 84' lang='lat' dir='ltr'><strong>hic</strong></span> <span class='ocrx_word' id='word_1_157' title='bbox 845 1977 1162 2032; x_wconf 87' lang='lat' dir='ltr'><strong>sententiam</strong></span> <span class='ocrx_word' id='word_1_158' title='bbox 1184 1978 1406 2048; x_wconf 81' lang='lat' dir='ltr'><strong>profert.</strong></span> <span class='ocrx_word' id='word_1_159' title='bbox 1442 1982 1520 2038; x_wconf 90' lang='lat' dir='ltr'><strong>Illi</strong></span> <span class='ocrx_word' id='word_1_160' title='bbox 1544 1999 1640 2055; x_wconf 90' lang='lat' dir='ltr'><strong>spe</strong></span> <span class='ocrx_word' id='word_1_161' title='bbox 1657 2001 1780 2042; x_wconf 84' lang='lat' dir='ltr'><strong>ear-</strong></span> 
     </span>
    </p>
   </div>
   <div class='ocr_carea' id='block_1_21' title="bbox 200 2063 1780 2150">
    <p class='ocr_par' dir='ltr' id='par_1_21' title="bbox 200 2063 1780 2150">
     <span class='ocr_line' id='line_1_21' title="bbox 200 2063 1780 2150; baseline 0.012 -35"><span class='ocrx_word' id='word_1_162' title='bbox 200 2063 323 2118; x_wconf 84' lang='lat' dir='ltr'><strong>nalis</strong></span> <span class='ocrx_word' id='word_1_163' title='bbox 342 2065 444 2120; x_wconf 85' lang='lat' dir='ltr'><strong>cibi</strong></span> <span class='ocrx_word' id='word_1_164' title='bbox 475 2075 716 2133; x_wconf 88' lang='lat' dir='ltr'><strong>manent,</strong></span> <span class='ocrx_word' id='word_1_165' title='bbox 742 2082 915 2138; x_wconf 87' lang='lat' dir='ltr'><strong>neque</strong></span> <span class='ocrx_word' id='word_1_166' title='bbox 939 2068 1222 2125; x_wconf 86' lang='lat' dir='ltr'><strong>turbantur</strong></span> <span class='ocrx_word' id='word_1_167' title='bbox 1240 2111 1256 2137; x_wconf 97' lang='lat'><strong>,</strong></span> <span class='ocrx_word' id='word_1_168' title='bbox 1280 2070 1449 2128; x_wconf 90' lang='lat' dir='ltr'><strong>donec</strong></span> <span class='ocrx_word' id='word_1_169' title='bbox 1473 2086 1657 2145; x_wconf 89' lang='lat' dir='ltr'><strong>postea</strong></span> <span class='ocrx_word' id='word_1_170' title='bbox 1684 2094 1780 2150; x_wconf 89' lang='lat' dir='ltr'><strong>spe</strong></span> 
     </span>
    </p>
   </div>
   <div class='ocr_carea' id='block_1_22' title="bbox 197 2155 1778 2237">
    <p class='ocr_par' dir='ltr' id='par_1_22' title="bbox 197 2155 1778 2237">
     <span class='ocr_line' id='line_1_22' title="bbox 197 2155 1778 2237; baseline 0.011 -29"><span class='ocrx_word' id='word_1_171' title='bbox 197 2155 315 2224; x_wconf 79' lang='lat' dir='ltr'><strong>lapsi</strong></span> <span class='ocrx_word' id='word_1_172' title='bbox 336 2165 480 2212; x_wconf 85' lang='lat' dir='ltr'><strong>sunt.</strong></span> <span class='ocrx_word' id='word_1_173' title='bbox 501 2157 702 2214; x_wconf 73' lang='lat' dir='ltr'><strong>Verum</strong></span> <span class='ocrx_word' id='word_1_174' title='bbox 731 2173 905 2230; x_wconf 84' lang='lat' dir='ltr'><strong>neque</strong></span> <span class='ocrx_word' id='word_1_175' title='bbox 927 2159 1004 2215; x_wconf 90' lang='lat' dir='ltr'><strong>sic</strong></span> <span class='ocrx_word' id='word_1_176' title='bbox 1023 2160 1183 2215; x_wconf 89' lang='lat' dir='ltr'><strong>etiam</strong></span> <span class='ocrx_word' id='word_1_177' title='bbox 1204 2160 1448 2219; x_wconf 85' lang='lat' dir='ltr'><strong>Christus</strong></span> <span class='ocrx_word' id='word_1_178' title='bbox 1475 2167 1654 2237; x_wconf 83' lang='lat' dir='ltr'><strong>tacuit,</strong></span> <span class='ocrx_word' id='word_1_179' title='bbox 1682 2171 1778 2226; x_wconf 89' lang='lat' dir='ltr'><strong>sed</strong></span> 
     </span>
    </p>
   </div>
   <div class='ocr_carea' id='block_1_23' title="bbox 197 2247 1772 2332">
    <p class='ocr_par' dir='ltr' id='par_1_23' title="bbox 197 2247 1772 2332">
     <span class='ocr_line' id='line_1_23' title="bbox 197 2247 1772 2332; baseline 0.011 -32"><span class='ocrx_word' id='word_1_180' title='bbox 197 2247 455 2319; x_wconf 76' lang='lat' dir='ltr'><strong>redarguit</strong></span> <span class='ocrx_word' id='word_1_181' title='bbox 478 2260 533 2306; x_wconf 87' lang='lat' dir='ltr'><strong>et</strong></span> <span class='ocrx_word' id='word_1_182' title='bbox 562 2251 823 2322; x_wconf 80' lang='lat' dir='ltr'><strong>increpat.</strong></span> <span class='ocrx_word' id='word_1_183' title='bbox 853 2251 936 2306; x_wconf 90' lang='lat' dir='ltr'><strong>Illi</strong></span> <span class='ocrx_word' id='word_1_184' title='bbox 967 2267 1094 2308; x_wconf 84' lang='lat' dir='ltr'><strong>vero</strong></span> <span class='ocrx_word' id='word_1_185' title='bbox 1115 2253 1227 2324; x_wconf 92' lang='lat' dir='ltr'><strong>qui,</strong></span> <span class='ocrx_word' id='word_1_186' title='bbox 1255 2253 1384 2310; x_wconf 91' lang='lat' dir='ltr'><strong>dum</strong></span> <span class='ocrx_word' id='word_1_187' title='bbox 1406 2260 1772 2332; x_wconf 86' lang='lat' dir='ltr'><strong>comederent,</strong></span> 
     </span>
    </p>
   </div>
   <div class='ocr_carea' id='block_1_24' title="bbox 193 2343 1777 2419">
    <p class='ocr_par' dir='ltr' id='par_1_24' title="bbox 193 2343 1777 2419">
     <span class='ocr_line' id='line_1_24' title="bbox 193 2343 1777 2419; baseline 0.011 -27"><span class='ocrx_word' id='word_1_188' title='bbox 193 2343 505 2410; x_wconf 81' lang='lat' dir='ltr'><strong>prophetam</strong></span> <span class='ocrx_word' id='word_1_189' title='bbox 571 2343 716 2398; x_wconf 89' lang='lat' dir='ltr'><strong>illum</strong></span> <span class='ocrx_word' id='word_1_190' title='bbox 758 2351 1030 2411; x_wconf 85' lang='lat' dir='ltr'><strong>vocarant,</strong></span> <span class='ocrx_word' id='word_1_191' title='bbox 1063 2345 1149 2400; x_wconf 90' lang='lat' dir='ltr'><strong>hic</strong></span> <span class='ocrx_word' id='word_1_192' title='bbox 1187 2345 1298 2415; x_wconf 86' lang='lat' dir='ltr'><strong>jam</strong></span> <span class='ocrx_word' id='word_1_193' title='bbox 1319 2347 1691 2419; x_wconf 80' lang='lat' dir='ltr'><strong>oﬂ&#39;euduntur,</strong></span> <span class='ocrx_word' id='word_1_194' title='bbox 1722 2363 1777 2409; x_wconf 88' lang='lat' dir='ltr'><strong>et</strong></span> 
     </span>
    </p>
   </div>
   <div class='ocr_carea' id='block_1_25' title="bbox 192 2429 1776 2507">
    <p class='ocr_par' dir='ltr' id='par_1_25' title="bbox 192 2429 1776 2507">
     <span class='ocr_line' id='line_1_25' title="bbox 192 2429 1776 2507; baseline 0.009 -23"><span class='ocrx_word' id='word_1_195' title='bbox 192 2429 325 2485; x_wconf 88' lang='lat' dir='ltr'><strong>fabri</strong></span> <span class='ocrx_word' id='word_1_196' title='bbox 355 2432 523 2487; x_wconf 82' lang='lat' dir='ltr'><strong>ﬁlium</strong></span> <span class='ocrx_word' id='word_1_197' title='bbox 553 2443 752 2488; x_wconf 84' lang='lat' dir='ltr'><strong>vocant.</strong></span> <span class='ocrx_word' id='word_1_198' title='bbox 781 2433 897 2488; x_wconf 86' lang='lat' dir='ltr'><strong>Non</strong></span> <span class='ocrx_word' id='word_1_199' title='bbox 924 2435 1002 2489; x_wconf 89' lang='lat' dir='ltr'><strong>sic</strong></span> <span class='ocrx_word' id='word_1_200' title='bbox 1048 2451 1178 2491; x_wconf 88' lang='lat' dir='ltr'><strong>vero</strong></span> <span class='ocrx_word' id='word_1_201' title='bbox 1206 2452 1327 2492; x_wconf 91' lang='lat' dir='ltr'><strong>cum</strong></span> <span class='ocrx_word' id='word_1_202' title='bbox 1357 2453 1521 2507; x_wconf 90' lang='lat' dir='ltr'><strong>panes</strong></span> <span class='ocrx_word' id='word_1_203' title='bbox 1550 2442 1776 2498; x_wconf 87' lang='lat' dir='ltr'><strong>mandu-</strong></span> 
     </span>
    </p>
   </div>
   <div class='ocr_carea' id='block_1_26' title="bbox 186 2521 1772 2604">
    <p class='ocr_par' dir='ltr' id='par_1_26' title="bbox 186 2521 1772 2604">
     <span class='ocr_line' id='line_1_26' title="bbox 186 2521 1772 2604; baseline 0.009 -30"><span class='ocrx_word' id='word_1_204' title='bbox 186 2533 390 2588; x_wconf 79' lang='lat' dir='ltr'><strong>carent,</strong></span> <span class='ocrx_word' id='word_1_205' title='bbox 431 2523 529 2577; x_wconf 88' lang='lat' dir='ltr'><strong>sed</strong></span> <span class='ocrx_word' id='word_1_206' title='bbox 555 2521 815 2591; x_wconf 85' lang='lat' dir='ltr'><strong>dicebant,</strong></span> <span class='ocrx_word' id='word_1_207' title='bbox 842 2523 944 2577; x_wconf 83' lang='lat' dir='ltr'><strong>Hic</strong></span> <span class='ocrx_word' id='word_1_208' title='bbox 964 2535 1036 2580; x_wconf 88' lang='lat' dir='ltr'><strong>est</strong></span> <span class='ocrx_word' id='word_1_209' title='bbox 1073 2526 1161 2580; x_wconf 91' lang='lat' dir='ltr'><strong>ille</strong></span> <span class='ocrx_word' id='word_1_210' title='bbox 1205 2529 1470 2598; x_wconf 82' lang='lat' dir='ltr'><strong>propheta,</strong></span> <span class='ocrx_word' id='word_1_211' title='bbox 1493 2531 1772 2604; x_wconf 88' lang='lat' dir='ltr'><strong>ipsumque</strong></span> 
     </span>
    </p>
   </div>
   <div class='ocr_carea' id='block_1_27' title="bbox 185 2615 1737 2692">
    <p class='ocr_par' dir='ltr' id='par_1_27' title="bbox 185 2615 1737 2692">
     <span class='ocr_line' id='line_1_27' title="bbox 185 2615 1737 2692; baseline 0.009 -25"><span class='ocrx_word' id='word_1_212' title='bbox 185 2628 360 2683; x_wconf 80' lang='lat' dir='ltr'><strong>regem</strong></span> <span class='ocrx_word' id='word_1_213' title='bbox 402 2615 729 2670; x_wconf 87' lang='lat' dir='ltr'><strong>constituere</strong></span> <span class='ocrx_word' id='word_1_214' title='bbox 780 2615 1052 2671; x_wconf 84' lang='lat' dir='ltr'><strong>volebant.</strong></span> <span class='ocrx_word' id='word_1_215' title='bbox 1101 2617 1364 2688; x_wconf 88' lang='lat' dir='ltr'><strong>Indignari</strong></span> <span class='ocrx_word' id='word_1_216' title='bbox 1425 2636 1586 2692; x_wconf 90' lang='lat' dir='ltr'><strong>porro</strong></span> <span class='ocrx_word' id='word_1_217' title='bbox 1615 2624 1737 2682; x_wconf 84' lang='lat' dir='ltr'><strong>vide</strong></span> 
     </span>
    </p>
   </div>
   <div class='ocr_carea' id='block_1_28' title="bbox 184 2702 1767 2778">
    <p class='ocr_par' dir='ltr' id='par_1_28' title="bbox 184 2702 1767 2778">
     <span class='ocr_line' id='line_1_28' title="bbox 184 2702 1767 2778; baseline 0.01 -22"><span class='ocrx_word' id='word_1_218' title='bbox 184 2702 383 2769; x_wconf 80' lang='lat' dir='ltr'><strong>bantur,</strong></span> <span class='ocrx_word' id='word_1_219' title='bbox 415 2719 538 2758; x_wconf 88' lang='lat' dir='ltr'><strong>eum</strong></span> <span class='ocrx_word' id='word_1_220' title='bbox 568 2705 776 2761; x_wconf 88' lang='lat' dir='ltr'><strong>diceret</strong></span> <span class='ocrx_word' id='word_1_221' title='bbox 799 2720 858 2761; x_wconf 88' lang='lat' dir='ltr'><strong>se</strong></span> <span class='ocrx_word' id='word_1_222' title='bbox 885 2705 952 2762; x_wconf 90' lang='lat' dir='ltr'><strong>de</strong></span> <span class='ocrx_word' id='word_1_223' title='bbox 978 2707 1112 2762; x_wconf 74' lang='lat' dir='ltr'><strong>cmlo</strong></span> <span class='ocrx_word' id='word_1_224' title='bbox 1133 2707 1477 2767; x_wconf 82' lang='lat' dir='ltr'><strong>descendisse</strong></span> <span class='ocrx_word' id='word_1_225' title='bbox 1502 2728 1517 2778; x_wconf 90' lang='lat'><strong>;</strong></span> <span class='ocrx_word' id='word_1_226' title='bbox 1540 2713 1634 2770; x_wconf 90' lang='lat' dir='ltr'><strong>sed</strong></span> <span class='ocrx_word' id='word_1_227' title='bbox 1661 2732 1767 2772; x_wconf 91' lang='lat' dir='ltr'><strong>non</strong></span> 
     </span>
    </p>
   </div>
   <div class='ocr_carea' id='block_1_29' title="bbox 184 2794 1769 2868">
    <p class='ocr_par' dir='ltr' id='par_1_29' title="bbox 184 2794 1769 2868">
     <span class='ocr_line' id='line_1_29' title="bbox 184 2794 1769 2868; baseline 0.01 -22"><span class='ocrx_word' id='word_1_228' title='bbox 184 2794 288 2848; x_wconf 66' lang='lat' dir='ltr'><strong>hac</strong></span> <span class='ocrx_word' id='word_1_229' title='bbox 311 2810 433 2850; x_wconf 78' lang='lat' dir='ltr'><strong>vera</strong></span> <span class='ocrx_word' id='word_1_230' title='bbox 465 2805 584 2850; x_wconf 81' lang='lat' dir='ltr'><strong>erat</strong></span> <span class='ocrx_word' id='word_1_231' title='bbox 611 2794 998 2866; x_wconf 81' lang='lat' dir='ltr'><strong>indignationis</strong></span> <span class='ocrx_word' id='word_1_232' title='bbox 1021 2811 1203 2865; x_wconf 87' lang='lat' dir='ltr'><strong>causa,</strong></span> <span class='ocrx_word' id='word_1_233' title='bbox 1247 2798 1342 2855; x_wconf 88' lang='lat' dir='ltr'><strong>sed</strong></span> <span class='ocrx_word' id='word_1_234' title='bbox 1367 2802 1507 2868; x_wconf 88' lang='lat' dir='ltr'><strong>quod</strong></span> <span class='ocrx_word' id='word_1_235' title='bbox 1553 2819 1658 2860; x_wconf 91' lang='lat' dir='ltr'><strong>non</strong></span> <span class='ocrx_word' id='word_1_236' title='bbox 1689 2807 1769 2862; x_wconf 88' lang='lat' dir='ltr'><strong>ul-</strong></span> 
     </span>
    </p>
   </div>
   <div class='ocr_carea' id='block_1_30' title="bbox 184 2889 1764 2957">
    <p class='ocr_par' dir='ltr' id='par_1_30' title="bbox 184 2889 1764 2957">
     <span class='ocr_line' id='line_1_30' title="bbox 184 2889 1764 2957; baseline 0.009 -19"><span class='ocrx_word' id='word_1_237' title='bbox 184 2893 254 2938; x_wconf 86' lang='lat' dir='ltr'><strong>tra</strong></span> <span class='ocrx_word' id='word_1_238' title='bbox 278 2894 560 2956; x_wconf 70' lang='lat' dir='ltr'><strong>sperarent</strong></span> <span class='ocrx_word' id='word_1_239' title='bbox 597 2901 658 2941; x_wconf 91' lang='lat' dir='ltr'><strong>se</strong></span> <span class='ocrx_word' id='word_1_240' title='bbox 683 2901 869 2942; x_wconf 88' lang='lat' dir='ltr'><strong>mensa</strong></span> <span class='ocrx_word' id='word_1_241' title='bbox 898 2902 1155 2957; x_wconf 89' lang='lat' dir='ltr'><strong>corporea</strong></span> <span class='ocrx_word' id='word_1_242' title='bbox 1183 2889 1436 2946; x_wconf 88' lang='lat' dir='ltr'><strong>fruituros</strong></span> <span class='ocrx_word' id='word_1_243' title='bbox 1465 2907 1606 2951; x_wconf 89' lang='lat' dir='ltr'><strong>esse.</strong></span> <span class='ocrx_word' id='word_1_244' title='bbox 1632 2895 1764 2953; x_wconf 88' lang='lat' dir='ltr'><strong>Nam</strong></span> 
     </span>
    </p>
   </div>
   <div class='ocr_carea' id='block_1_31' title="bbox 180 2978 1766 3060">
    <p class='ocr_par' dir='ltr' id='par_1_31' title="bbox 180 2978 1766 3060">
     <span class='ocr_line' id='line_1_31' title="bbox 180 2978 1766 3060; baseline 0.011 -31"><span class='ocrx_word' id='word_1_245' title='bbox 180 2978 220 3029; x_wconf 88' lang='lat' dir='ltr'><strong>si</strong></span> <span class='ocrx_word' id='word_1_246' title='bbox 245 2993 362 3033; x_wconf 77' lang='lat' dir='ltr'><strong>vere</strong></span> <span class='ocrx_word' id='word_1_247' title='bbox 388 2978 829 3050; x_wconf 75' lang='lat' dir='ltr'><strong>indignabantur,</strong></span> <span class='ocrx_word' id='word_1_248' title='bbox 862 2981 1209 3050; x_wconf 61' lang='lat' dir='ltr'><strong>quaerendum</strong></span> <span class='ocrx_word' id='word_1_249' title='bbox 1230 2992 1348 3038; x_wconf 87' lang='lat' dir='ltr'><strong>erat</strong></span> <span class='ocrx_word' id='word_1_250' title='bbox 1377 2987 1644 3054; x_wconf 90' lang='lat' dir='ltr'><strong>quomodo</strong></span> <span class='ocrx_word' id='word_1_251' title='bbox 1673 3005 1766 3060; x_wconf 85' lang='lat' dir='ltr'><strong>pa-</strong></span> 
     </span>
    </p>
   </div>
   <div class='ocr_carea' id='block_1_32' title="bbox 179 3071 1764 3142">
    <p class='ocr_par' dir='ltr' id='par_1_32' title="bbox 179 3071 1764 3142">
     <span class='ocr_line' id='line_1_32' title="bbox 179 3071 1764 3142; baseline 0.01 -20"><span class='ocrx_word' id='word_1_252' title='bbox 179 3071 253 3124; x_wconf 88' lang='lat' dir='ltr'><strong>nis</strong></span> <span class='ocrx_word' id='word_1_253' title='bbox 279 3072 399 3125; x_wconf 69' lang='lat' dir='ltr'><strong>vita:</strong></span> <span class='ocrx_word' id='word_1_254' title='bbox 431 3080 600 3139; x_wconf 89' lang='lat' dir='ltr'><strong>esset,</strong></span> <span class='ocrx_word' id='word_1_255' title='bbox 630 3072 902 3142; x_wconf 90' lang='lat' dir='ltr'><strong>quomodo</strong></span> <span class='ocrx_word' id='word_1_256' title='bbox 928 3072 996 3128; x_wconf 90' lang='lat' dir='ltr'><strong>de</strong></span> <span class='ocrx_word' id='word_1_257' title='bbox 1019 3073 1151 3128; x_wconf 66' lang='lat' dir='ltr'><strong>caalo</strong></span> <span class='ocrx_word' id='word_1_258' title='bbox 1178 3072 1549 3132; x_wconf 86' lang='lat' dir='ltr'><strong>descendisset</strong></span> <span class='ocrx_word' id='word_1_259' title='bbox 1579 3097 1594 3133; x_wconf 89' lang='lat'><strong>:</strong></span> <span class='ocrx_word' id='word_1_260' title='bbox 1623 3096 1764 3138; x_wconf 89' lang='lat' dir='ltr'><strong>nunc</strong></span> 
     </span>
    </p>
   </div>
   <div class='ocr_carea' id='block_1_33' title="bbox 174 3165 1754 3239">
    <p class='ocr_par' dir='ltr' id='par_1_33' title="bbox 174 3165 1754 3239">
     <span class='ocr_line' id='line_1_33' title="bbox 174 3165 1754 3239; baseline 0.008 -21"><span class='ocrx_word' id='word_1_261' title='bbox 174 3177 321 3232; x_wconf 87' lang='lat' dir='ltr'><strong>porro</strong></span> <span class='ocrx_word' id='word_1_262' title='bbox 359 3181 476 3219; x_wconf 89' lang='lat' dir='ltr'><strong>non</strong></span> <span class='ocrx_word' id='word_1_263' title='bbox 519 3165 571 3220; x_wconf 90' lang='lat' dir='ltr'><strong>id</strong></span> <span class='ocrx_word' id='word_1_264' title='bbox 621 3165 837 3231; x_wconf 83' lang='lat' dir='ltr'><strong>faciunt,</strong></span> <span class='ocrx_word' id='word_1_265' title='bbox 888 3165 982 3221; x_wconf 92' lang='lat' dir='ltr'><strong>sed</strong></span> <span class='ocrx_word' id='word_1_266' title='bbox 1013 3178 1366 3224; x_wconf 87' lang='lat' dir='ltr'><strong>murmurant.</strong></span> <span class='ocrx_word' id='word_1_267' title='bbox 1396 3170 1546 3239; x_wconf 87' lang='lat' dir='ltr'><strong>Quod</strong></span> <span class='ocrx_word' id='word_1_268' title='bbox 1574 3183 1754 3230; x_wconf 87' lang='lat' dir='ltr'><strong>autem</strong></span> 
     </span>
    </p>
   </div>
   <div class='ocr_carea' id='block_1_34' title="bbox 173 3255 1759 3334">
    <p class='ocr_par' dir='ltr' id='par_1_34' title="bbox 173 3255 1759 3334">
     <span class='ocr_line' id='line_1_34' title="bbox 173 3255 1759 3334; baseline 0.009 -29"><span class='ocrx_word' id='word_1_269' title='bbox 173 3269 270 3307; x_wconf 87' lang='lat' dir='ltr'><strong>non</strong></span> <span class='ocrx_word' id='word_1_270' title='bbox 300 3255 384 3310; x_wconf 81' lang='lat' dir='ltr'><strong>ills</strong></span> <span class='ocrx_word' id='word_1_271' title='bbox 412 3255 488 3310; x_wconf 89' lang='lat' dir='ltr'><strong>de</strong></span> <span class='ocrx_word' id='word_1_272' title='bbox 512 3271 670 3311; x_wconf 81' lang='lat' dir='ltr'><strong>causa</strong></span> <span class='ocrx_word' id='word_1_273' title='bbox 703 3255 1122 3322; x_wconf 70' lang='lat' dir='ltr'><strong>offenderentur,</strong></span> <span class='ocrx_word' id='word_1_274' title='bbox 1144 3256 1267 3312; x_wconf 90' lang='lat' dir='ltr'><strong>binc</strong></span> <span class='ocrx_word' id='word_1_275' title='bbox 1293 3259 1464 3329; x_wconf 89' lang='lat' dir='ltr'><strong>palam</strong></span> <span class='ocrx_word' id='word_1_276' title='bbox 1487 3271 1588 3328; x_wconf 89' lang='lat' dir='ltr'><strong>est,</strong></span> <span class='ocrx_word' id='word_1_277' title='bbox 1617 3265 1759 3334; x_wconf 91' lang='lat' dir='ltr'><strong>quod</strong></span> 
     </span>
    </p>
   </div>
   <div class='ocr_carea' id='block_1_35' title="bbox 168 3344 1761 3432">
    <p class='ocr_par' dir='ltr' id='par_1_35' title="bbox 168 3344 1761 3432">
     <span class='ocr_line' id='line_1_35' title="bbox 168 3344 1761 3432; baseline 0.008 -35"><span class='ocrx_word' id='word_1_278' title='bbox 168 3345 365 3402; x_wconf 87' lang='lat' dir='ltr'><strong>dicente</strong></span> <span class='ocrx_word' id='word_1_279' title='bbox 390 3347 550 3432; x_wconf 41' lang='lat' dir='ltr'><strong>ken,</strong></span> <span class='ocrx_word' id='word_1_280' title='bbox 606 3344 764 3400; x_wconf 84' lang='lat' dir='ltr'><strong>Pater</strong></span> <span class='ocrx_word' id='word_1_281' title='bbox 793 3363 930 3400; x_wconf 88' lang='lat' dir='ltr'><strong>meus</strong></span> <span class='ocrx_word' id='word_1_282' title='bbox 966 3348 1054 3400; x_wconf 87' lang='lat' dir='ltr'><strong>dat</strong></span> <span class='ocrx_word' id='word_1_283' title='bbox 1083 3348 1218 3404; x_wconf 73' lang='lat' dir='ltr'><strong>vobis</strong></span> <span class='ocrx_word' id='word_1_284' title='bbox 1243 3366 1444 3418; x_wconf 86' lang='lat' dir='ltr'><strong>panem,</strong></span> <span class='ocrx_word' id='word_1_285' title='bbox 1477 3366 1580 3408; x_wconf 90' lang='lat' dir='ltr'><strong>non</strong></span> <span class='ocrx_word' id='word_1_286' title='bbox 1611 3354 1761 3410; x_wconf 81' lang='lat' dir='ltr'><strong>dixe-</strong></span> 
     </span>
    </p>
   </div>
   <div class='ocr_carea' id='block_1_36' title="bbox 169 3438 1757 3518">
    <p class='ocr_par' dir='ltr' id='par_1_36' title="bbox 169 3438 1757 3518">
     <span class='ocr_line' id='line_1_36' title="bbox 169 3438 1757 3518; baseline 0.008 -28"><span class='ocrx_word' id='word_1_287' title='bbox 169 3441 284 3503; x_wconf 81' lang='lat' dir='ltr'><strong>rint,</strong></span> <span class='ocrx_word' id='word_1_288' title='bbox 312 3440 494 3510; x_wconf 71' lang='lat' dir='ltr'><strong>Ruga,</strong></span> <span class='ocrx_word' id='word_1_289' title='bbox 522 3447 581 3494; x_wconf 91' lang='lat' dir='ltr'><strong>ut</strong></span> <span class='ocrx_word' id='word_1_290' title='bbox 607 3439 736 3504; x_wconf 85' lang='lat' dir='ltr'><strong>det;</strong></span> <span class='ocrx_word' id='word_1_291' title='bbox 765 3439 860 3494; x_wconf 86' lang='lat' dir='ltr'><strong>sed</strong></span> <span class='ocrx_word' id='word_1_292' title='bbox 888 3438 1054 3511; x_wconf 85' lang='lat' dir='ltr'><strong>quid?</strong></span> <span class='ocrx_word' id='word_1_293' title='bbox 1083 3439 1160 3492; x_wconf 88' lang='lat' dir='ltr'><strong>Da</strong></span> <span class='ocrx_word' id='word_1_294' title='bbox 1182 3441 1323 3495; x_wconf 84' lang='lat' dir='ltr'><strong>nobis</strong></span> <span class='ocrx_word' id='word_1_295' title='bbox 1350 3459 1551 3510; x_wconf 90' lang='lat' dir='ltr'><strong>panem.</strong></span> <span class='ocrx_word' id='word_1_296' title='bbox 1598 3446 1757 3518; x_wconf 85' lang='lat' dir='ltr'><strong>Atqui</strong></span> 
     </span>
    </p>
   </div>
   <div class='ocr_carea' id='block_1_37' title="bbox 166 3529 1757 3602">
    <p class='ocr_par' dir='ltr' id='par_1_37' title="bbox 166 3529 1757 3602">
     <span class='ocr_line' id='line_1_37' title="bbox 166 3529 1757 3602; baseline 0.008 -20"><span class='ocrx_word' id='word_1_297' title='bbox 166 3546 262 3584; x_wconf 83' lang='lat' dir='ltr'><strong>non</strong></span> <span class='ocrx_word' id='word_1_298' title='bbox 289 3532 533 3596; x_wconf 75' lang='lat' dir='ltr'><strong>dixerat,</strong></span> <span class='ocrx_word' id='word_1_299' title='bbox 568 3531 681 3602; x_wconf 82' lang='lat' dir='ltr'><strong>Ego</strong></span> <span class='ocrx_word' id='word_1_300' title='bbox 728 3531 834 3595; x_wconf 89' lang='lat' dir='ltr'><strong>do;</strong></span> <span class='ocrx_word' id='word_1_301' title='bbox 867 3531 984 3597; x_wconf 86' lang='lat' dir='ltr'><strong>sed,</strong></span> <span class='ocrx_word' id='word_1_302' title='bbox 1014 3529 1172 3585; x_wconf 88' lang='lat' dir='ltr'><strong>Pater</strong></span> <span class='ocrx_word' id='word_1_303' title='bbox 1199 3549 1336 3587; x_wconf 81' lang='lat' dir='ltr'><strong>meus</strong></span> <span class='ocrx_word' id='word_1_304' title='bbox 1369 3533 1476 3587; x_wconf 87' lang='lat' dir='ltr'><strong>dat.</strong></span> <span class='ocrx_word' id='word_1_305' title='bbox 1522 3535 1600 3590; x_wconf 90' lang='lat' dir='ltr'><strong>Illi</strong></span> <span class='ocrx_word' id='word_1_306' title='bbox 1629 3553 1757 3594; x_wconf 87' lang='lat' dir='ltr'><strong>vero</strong></span> 
     </span>
    </p>
   </div>
   <div class='ocr_carea' id='block_1_38' title="bbox 165 3619 1758 3692">
    <p class='ocr_par' dir='ltr' id='par_1_38' title="bbox 165 3619 1758 3692">
     <span class='ocr_line' id='line_1_38' title="bbox 165 3619 1758 3692; baseline 0.006 -21"><span class='ocrx_word' id='word_1_307' title='bbox 165 3635 223 3673; x_wconf 78' lang='lat' dir='ltr'><strong>es</strong></span> <span class='ocrx_word' id='word_1_308' title='bbox 260 3622 360 3675; x_wconf 87' lang='lat' dir='ltr'><strong>cibi</strong></span> <span class='ocrx_word' id='word_1_309' title='bbox 392 3619 717 3689; x_wconf 83' lang='lat' dir='ltr'><strong>cupiditate,</strong></span> <span class='ocrx_word' id='word_1_310' title='bbox 751 3620 903 3674; x_wconf 90' lang='lat' dir='ltr'><strong>illum</strong></span> <span class='ocrx_word' id='word_1_311' title='bbox 933 3620 1064 3674; x_wconf 89' lang='lat' dir='ltr'><strong>dare</strong></span> <span class='ocrx_word' id='word_1_312' title='bbox 1104 3620 1284 3675; x_wconf 90' lang='lat' dir='ltr'><strong>cibum</strong></span> <span class='ocrx_word' id='word_1_313' title='bbox 1327 3637 1484 3692; x_wconf 88' lang='lat' dir='ltr'><strong>posse</strong></span> <span class='ocrx_word' id='word_1_314' title='bbox 1531 3625 1758 3682; x_wconf 84' lang='lat' dir='ltr'><strong>arbitra-</strong></span> 
     </span>
    </p>
   </div>
   <div class='ocr_carea' id='block_1_39' title="bbox 164 3711 1754 3785">
    <p class='ocr_par' dir='ltr' id='par_1_39' title="bbox 164 3711 1754 3785">
     <span class='ocr_line' id='line_1_39' title="bbox 164 3711 1754 3785; baseline 0.007 -19"><span class='ocrx_word' id='word_1_315' title='bbox 164 3711 366 3770; x_wconf 78' lang='lat' dir='ltr'><strong>bantur.</strong></span> <span class='ocrx_word' id='word_1_316' title='bbox 397 3714 509 3782; x_wconf 84' lang='lat' dir='ltr'><strong>Qui</strong></span> <span class='ocrx_word' id='word_1_317' title='bbox 537 3728 668 3770; x_wconf 78' lang='lat' dir='ltr'><strong>vero</strong></span> <span class='ocrx_word' id='word_1_318' title='bbox 723 3713 795 3769; x_wconf 86' lang='lat' dir='ltr'><strong>ita</strong></span> <span class='ocrx_word' id='word_1_319' title='bbox 848 3713 1158 3779; x_wconf 86' lang='lat' dir='ltr'><strong>credebant,</strong></span> <span class='ocrx_word' id='word_1_320' title='bbox 1191 3729 1296 3784; x_wconf 87' lang='lat' dir='ltr'><strong>quo</strong></span> <span class='ocrx_word' id='word_1_321' title='bbox 1343 3726 1502 3785; x_wconf 90' lang='lat' dir='ltr'><strong>pacto</strong></span> <span class='ocrx_word' id='word_1_322' title='bbox 1557 3717 1754 3777; x_wconf 75' lang='lat' dir='ltr'><strong>oll‘endi</strong></span> 
     </span>
    </p>
   </div>
   <div class='ocr_carea' id='block_1_40' title="bbox 163 3804 1754 3882">
    <p class='ocr_par' dir='ltr' id='par_1_40' title="bbox 163 3804 1754 3882">
     <span class='ocr_line' id='line_1_40' title="bbox 163 3804 1754 3882; baseline 0.007 -25"><span class='ocrx_word' id='word_1_323' title='bbox 163 3804 484 3869; x_wconf 78' lang='lat' dir='ltr'><strong>debuerunt,</strong></span> <span class='ocrx_word' id='word_1_324' title='bbox 514 3821 636 3859; x_wconf 89' lang='lat' dir='ltr'><strong>cum</strong></span> <span class='ocrx_word' id='word_1_325' title='bbox 667 3804 934 3861; x_wconf 87' lang='lat' dir='ltr'><strong>dicentem</strong></span> <span class='ocrx_word' id='word_1_326' title='bbox 957 3804 1222 3871; x_wconf 82' lang='lat' dir='ltr'><strong>audirent,</strong></span> <span class='ocrx_word' id='word_1_327' title='bbox 1263 3805 1472 3862; x_wconf 85' lang='lat' dir='ltr'><strong>Patrem</strong></span> <span class='ocrx_word' id='word_1_328' title='bbox 1502 3824 1622 3866; x_wconf 87' lang='lat' dir='ltr'><strong>esse</strong></span> <span class='ocrx_word' id='word_1_329' title='bbox 1661 3814 1754 3882; x_wconf 89' lang='lat' dir='ltr'><strong>qui</strong></span> 
     </span>
    </p>
   </div>
   <div class='ocr_carea' id='block_1_41' title="bbox 160 3894 1752 3965">
    <p class='ocr_par' dir='ltr' id='par_1_41' title="bbox 160 3894 1752 3965">
     <span class='ocr_line' id='line_1_41' title="bbox 160 3894 1752 3965; baseline 0.006 -16"><span class='ocrx_word' id='word_1_330' title='bbox 160 3894 336 3950; x_wconf 75' lang='lat' dir='ltr'><strong>daret?</strong></span> <span class='ocrx_word' id='word_1_331' title='bbox 365 3895 512 3961; x_wconf 68' lang='lat' dir='ltr'><strong>Quae</strong></span> <span class='ocrx_word' id='word_1_332' title='bbox 541 3894 701 3965; x_wconf 89' lang='lat' dir='ltr'><strong>igitur</strong></span> <span class='ocrx_word' id='word_1_333' title='bbox 720 3909 879 3949; x_wconf 84' lang='lat' dir='ltr'><strong>causa</strong></span> <span class='ocrx_word' id='word_1_334' title='bbox 911 3896 1032 3949; x_wconf 88' lang='lat' dir='ltr'><strong>est?</strong></span> <span class='ocrx_word' id='word_1_335' title='bbox 1053 3894 1186 3949; x_wconf 90' lang='lat' dir='ltr'><strong>Cum</strong></span> <span class='ocrx_word' id='word_1_336' title='bbox 1214 3896 1462 3953; x_wconf 89' lang='lat' dir='ltr'><strong>audirent</strong></span> <span class='ocrx_word' id='word_1_337' title='bbox 1481 3913 1585 3954; x_wconf 91' lang='lat' dir='ltr'><strong>non</strong></span> <span class='ocrx_word' id='word_1_338' title='bbox 1615 3903 1752 3959; x_wconf 87' lang='lat' dir='ltr'><strong>ultra</strong></span> 
     </span>
    </p>
   </div>
   <div class='ocr_carea' id='block_1_42' title="bbox 159 3986 1752 4057">
    <p class='ocr_par' dir='ltr' id='par_1_42' title="bbox 159 3986 1752 4057">
     <span class='ocr_line' id='line_1_42' title="bbox 159 3986 1752 4057; baseline 0.007 -17"><span class='ocrx_word' id='word_1_339' title='bbox 159 3986 558 4042; x_wconf 77' lang='lat' dir='ltr'><strong>comedendum</strong></span> <span class='ocrx_word' id='word_1_340' title='bbox 579 4001 725 4052; x_wconf 86' lang='lat' dir='ltr'><strong>esse,</strong></span> <span class='ocrx_word' id='word_1_341' title='bbox 753 3986 864 4057; x_wconf 90' lang='lat' dir='ltr'><strong>jam</strong></span> <span class='ocrx_word' id='word_1_342' title='bbox 892 4001 998 4041; x_wconf 82' lang='lat' dir='ltr'><strong>non</strong></span> <span class='ocrx_word' id='word_1_343' title='bbox 1024 3987 1268 4051; x_wconf 89' lang='lat' dir='ltr'><strong>credunt,</strong></span> <span class='ocrx_word' id='word_1_344' title='bbox 1293 3996 1348 4043; x_wconf 92' lang='lat' dir='ltr'><strong>et</strong></span> <span class='ocrx_word' id='word_1_345' title='bbox 1369 3987 1752 4051; x_wconf 88' lang='lat' dir='ltr'><strong>incredulitatis</strong></span> 
     </span>
    </p>
   </div>
   <div class='ocr_carea' id='block_1_43' title="bbox 154 4075 1750 4148">
    <p class='ocr_par' dir='ltr' id='par_1_43' title="bbox 154 4075 1750 4148">
     <span class='ocr_line' id='line_1_43' title="bbox 154 4075 1750 4148; baseline 0.004 -17"><span class='ocrx_word' id='word_1_346' title='bbox 154 4091 364 4133; x_wconf 71' lang='lat' dir='ltr'><strong>ausam</strong></span> <span class='ocrx_word' id='word_1_347' title='bbox 384 4075 718 4144; x_wconf 85' lang='lat' dir='ltr'><strong>obtendunt,</strong></span> <span class='ocrx_word' id='word_1_348' title='bbox 744 4075 885 4147; x_wconf 89' lang='lat' dir='ltr'><strong>quod</strong></span> <span class='ocrx_word' id='word_1_349' title='bbox 907 4077 1214 4132; x_wconf 90' lang='lat' dir='ltr'><strong>sublimiora</strong></span> <span class='ocrx_word' id='word_1_350' title='bbox 1237 4077 1563 4148; x_wconf 75' lang='lat' dir='ltr'><strong>loqueretur.</strong></span> <span class='ocrx_word' id='word_1_351' title='bbox 1593 4081 1750 4139; x_wconf 84' lang='lat' dir='ltr'><strong>Ideo-</strong></span> 
     </span>
    </p>
   </div>
   <div class='ocr_carea' id='block_1_44' title="bbox 155 4168 1750 4242">
    <p class='ocr_par' dir='ltr' id='par_1_44' title="bbox 155 4168 1750 4242">
     <span class='ocr_line' id='line_1_44' title="bbox 155 4168 1750 4242; baseline 0.006 -20"><span class='ocrx_word' id='word_1_352' title='bbox 155 4185 250 4235; x_wconf 71' lang='lat' dir='ltr'><strong>que</strong></span> <span class='ocrx_word' id='word_1_353' title='bbox 277 4172 377 4232; x_wconf 81' lang='lat' dir='ltr'><strong>ait,</strong></span> <span class='ocrx_word' id='word_1_354' title='bbox 409 4169 484 4222; x_wconf 74' lang='lat' dir='ltr'><strong>Et</strong></span> <span class='ocrx_word' id='word_1_355' title='bbox 512 4168 703 4223; x_wconf 76' lang='lat' dir='ltr'><strong>vidistis</strong></span> <span class='ocrx_word' id='word_1_356' title='bbox 725 4185 822 4234; x_wconf 91' lang='lat' dir='ltr'><strong>me,</strong></span> <span class='ocrx_word' id='word_1_357' title='bbox 851 4177 896 4222; x_wconf 91' lang='lat' dir='ltr'><strong>et</strong></span> <span class='ocrx_word' id='word_1_358' title='bbox 925 4184 1024 4222; x_wconf 86' lang='lat' dir='ltr'><strong>non</strong></span> <span class='ocrx_word' id='word_1_359' title='bbox 1041 4168 1281 4234; x_wconf 84' lang='lat' dir='ltr'><strong>creditis;</strong></span> <span class='ocrx_word' id='word_1_360' title='bbox 1302 4179 1410 4224; x_wconf 83' lang='grc' dir='ltr'>ιυηι</span> <span class='ocrx_word' id='word_1_361' title='bbox 1436 4171 1605 4242; x_wconf 75' lang='lat' dir='ltr'><strong>signa,</strong></span> <span class='ocrx_word' id='word_1_362' title='bbox 1640 4184 1750 4232; x_wconf 89' lang='lat' dir='ltr'><strong>tum</strong></span> 
     </span>
    </p>
   </div>
   <div class='ocr_carea' id='block_1_45' title="bbox 152 4259 1746 4334">
    <p class='ocr_par' dir='ltr' id='par_1_45' title="bbox 152 4259 1746 4334">
     <span class='ocr_line' id='line_1_45' title="bbox 152 4259 1746 4334; baseline 0.003 -18"><span class='ocrx_word' id='word_1_363' title='bbox 152 4260 429 4332; x_wconf 76' lang='lat' dir='ltr'><strong>Scriptura</strong></span> <span class='ocrx_word' id='word_1_364' title='bbox 439 4277 558 4314; x_wconf 87' lang='lat' dir='ltr'><strong>rum</strong></span> <span class='ocrx_word' id='word_1_365' title='bbox 578 4261 937 4316; x_wconf 88' lang='lat' dir='ltr'><strong>testimonium</strong></span> <span class='ocrx_word' id='word_1_366' title='bbox 954 4259 1318 4317; x_wconf 84' lang='lat' dir='ltr'><strong>subindicans.</strong></span> <span class='ocrx_word' id='word_1_367' title='bbox 1335 4262 1593 4319; x_wconf 75' lang='lat' dir='ltr'><strong>ltlteenim</strong></span> <span class='ocrx_word' id='word_1_368' title='bbox 1607 4279 1746 4334; x_wconf 86' lang='lat' dir='ltr'><strong>sunt,</strong></span> 
     </span>
    </p>
   </div>
   <div class='ocr_carea' id='block_1_46' title="bbox 153 4350 1749 4423">
    <p class='ocr_par' dir='ltr' id='par_1_46' title="bbox 153 4350 1749 4423">
     <span class='ocr_line' id='line_1_46' title="bbox 153 4350 1749 4423; baseline 0.005 -19"><span class='ocrx_word' id='word_1_369' title='bbox 153 4352 339 4420; x_wconf 74' lang='lat' dir='ltr'><strong>iinqnit,</strong></span> <span class='ocrx_word' id='word_1_370' title='bbox 367 4366 496 4423; x_wconf 68' lang='lat' dir='ltr'><strong>qua</strong></span> <span class='ocrx_word' id='word_1_371' title='bbox 547 4352 886 4406; x_wconf 89' lang='lat' dir='ltr'><strong>testimonium</strong></span> <span class='ocrx_word' id='word_1_372' title='bbox 929 4350 1190 4421; x_wconf 82' lang='lat' dir='ltr'><strong>perhibent</strong></span> <span class='ocrx_word' id='word_1_373' title='bbox 1234 4351 1298 4405; x_wconf 90' lang='lat' dir='ltr'><strong>de</strong></span> <span class='ocrx_word' id='word_1_374' title='bbox 1334 4369 1451 4418; x_wconf 86' lang='lat' dir='ltr'><strong>me;</strong></span> <span class='ocrx_word' id='word_1_375' title='bbox 1477 4362 1566 4417; x_wconf 87' lang='lat' dir='ltr'><strong>et,</strong></span> <span class='ocrx_word' id='word_1_376' title='bbox 1599 4356 1749 4423; x_wconf 83' lang='lat' dir='ltr'><strong>Quod</strong></span> 
     </span>
    </p>
   </div>
   <div class='ocr_carea' id='block_1_47' title="bbox 151 4439 1743 4515">
    <p class='ocr_par' dir='ltr' id='par_1_47' title="bbox 151 4439 1743 4515">
     <span class='ocr_line' id='line_1_47' title="bbox 151 4439 1743 4515; baseline 0.007 -23"><span class='ocrx_word' id='word_1_377' title='bbox 151 4445 255 4496; x_wconf 75' lang='lat' dir='ltr'><strong>seni</strong></span> <span class='ocrx_word' id='word_1_378' title='bbox 304 4444 358 4496; x_wconf 76' lang='lat' dir='ltr'><strong>in</strong></span> <span class='ocrx_word' id='word_1_379' title='bbox 407 4441 616 4494; x_wconf 81' lang='lat' dir='ltr'><strong>nomine</strong></span> <span class='ocrx_word' id='word_1_380' title='bbox 656 4439 827 4494; x_wconf 79' lang='lat' dir='ltr'><strong>Patris</strong></span> <span class='ocrx_word' id='word_1_381' title='bbox 867 4442 992 4507; x_wconf 85' lang='lat' dir='ltr'><strong>mei,</strong></span> <span class='ocrx_word' id='word_1_382' title='bbox 1038 4451 1085 4496; x_wconf 90' lang='lat' dir='ltr'><strong>et</strong></span> <span class='ocrx_word' id='word_1_383' title='bbox 1125 4458 1225 4495; x_wconf 85' lang='lat' dir='ltr'><strong>non</strong></span> <span class='ocrx_word' id='word_1_384' title='bbox 1269 4444 1498 4512; x_wconf 84' lang='lat' dir='ltr'><strong>accipitis</strong></span> <span class='ocrx_word' id='word_1_385' title='bbox 1526 4461 1640 4512; x_wconf 88' lang='lat' dir='ltr'><strong>me;</strong></span> <span class='ocrx_word' id='word_1_386' title='bbox 1669 4457 1743 4515; x_wconf 89' lang='lat' dir='ltr'><strong>et,</strong></span> 
     </span>
    </p>
   </div>
   <div class='ocr_carea' id='block_1_48' title="bbox 149 4532 1746 4638">
    <p class='ocr_par' dir='ltr' id='par_1_48' title="bbox 149 4532 1746 4638">
     <span class='ocr_line' id='line_1_48' title="bbox 149 4532 1746 4638; baseline 0.002 -50"><span class='ocrx_word' id='word_1_387' title='bbox 149 4533 424 4596; x_wconf 69' lang='lat' dir='ltr'><strong>Quomodo</strong></span> <span class='ocrx_word' id='word_1_388' title='bbox 447 4534 656 4603; x_wconf 80' lang='lat' dir='ltr'><strong>potestis</strong></span> <span class='ocrx_word' id='word_1_389' title='bbox 685 4533 905 4595; x_wconf 84' lang='lat' dir='ltr'><strong>credere,</strong></span> <span class='ocrx_word' id='word_1_390' title='bbox 928 4533 1016 4602; x_wconf 91' lang='lat' dir='ltr'><strong>qui</strong></span> <span class='ocrx_word' id='word_1_391' title='bbox 1042 4532 1104 4585; x_wconf 86' lang='lat' dir='ltr'><strong>ab</strong></span> <span class='ocrx_word' id='word_1_392' title='bbox 1134 4533 1344 4588; x_wconf 81' lang='lat' dir='ltr'><strong>inuicem</strong></span> <span class='ocrx_word' id='word_1_393' title='bbox 1372 4533 1746 4638; x_wconf 66' lang='lat' dir='ltr'><strong>glorianiacci-</strong></span> 
     </span>
    </p>
   </div>
   <div class='ocr_carea' id='block_1_49' title="bbox 146 4622 1746 4696">
    <p class='ocr_par' dir='ltr' id='par_1_49' title="bbox 146 4622 1746 4696">
     <span class='ocr_line' id='line_1_49' title="bbox 146 4622 1746 4696; baseline 0.004 -19"><span class='ocrx_word' id='word_1_394' title='bbox 146 4629 300 4693; x_wconf 69' lang='lat' dir='ltr'><strong>pilis?</strong></span> <span class='ocrx_word' id='word_1_395' title='bbox 324 4630 427 4683; x_wconf 77' lang='lat'><strong>37.</strong></span> <span class='ocrx_word' id='word_1_396' title='bbox 461 4626 626 4680; x_wconf 83' lang='lat' dir='ltr'><strong>Omne</strong></span> <span class='ocrx_word' id='word_1_397' title='bbox 650 4624 787 4694; x_wconf 88' lang='lat' dir='ltr'><strong>quod</strong></span> <span class='ocrx_word' id='word_1_398' title='bbox 815 4625 902 4677; x_wconf 90' lang='lat' dir='ltr'><strong>dat</strong></span> <span class='ocrx_word' id='word_1_399' title='bbox 931 4624 1053 4677; x_wconf 88' lang='lat' dir='ltr'><strong>mihi</strong></span> <span class='ocrx_word' id='word_1_400' title='bbox 1081 4622 1255 4690; x_wconf 86' lang='lat' dir='ltr'><strong>Pater,</strong></span> <span class='ocrx_word' id='word_1_401' title='bbox 1288 4627 1355 4678; x_wconf 91' lang='lat' dir='ltr'><strong>ad</strong></span> <span class='ocrx_word' id='word_1_402' title='bbox 1388 4643 1466 4680; x_wconf 88' lang='lat' dir='ltr'><strong>me</strong></span> <span class='ocrx_word' id='word_1_403' title='bbox 1487 4628 1663 4696; x_wconf 82' lang='lat' dir='ltr'><strong>ueniet,</strong></span> <span class='ocrx_word' id='word_1_404' title='bbox 1699 4638 1746 4684; x_wconf 81' lang='lat' dir='ltr'><strong>et</strong></span> 
     </span>
    </p>
   </div>
   <div class='ocr_carea' id='block_1_50' title="bbox 140 4716 1744 4789">
    <p class='ocr_par' dir='ltr' id='par_1_50' title="bbox 140 4716 1744 4789">
     <span class='ocr_line' id='line_1_50' title="bbox 140 4716 1744 4789; baseline 0.004 -19"><span class='ocrx_word' id='word_1_405' title='bbox 140 4736 250 4770; x_wconf 73' lang='grc' dir='ltr'>ριιιι</span> <span class='ocrx_word' id='word_1_406' title='bbox 271 4721 366 4789; x_wconf 65' lang='grc' dir='ltr'><strong>φιὶ</strong></span> <span class='ocrx_word' id='word_1_407' title='bbox 400 4719 538 4771; x_wconf 72' lang='lat' dir='ltr'><strong>venit</strong></span> <span class='ocrx_word' id='word_1_408' title='bbox 558 4716 626 4769; x_wconf 88' lang='lat' dir='ltr'><strong>ad</strong></span> <span class='ocrx_word' id='word_1_409' title='bbox 656 4732 751 4780; x_wconf 84' lang='lat' dir='ltr'><strong>me,</strong></span> <span class='ocrx_word' id='word_1_410' title='bbox 782 4733 880 4769; x_wconf 86' lang='lat' dir='ltr'><strong>non</strong></span> <span class='ocrx_word' id='word_1_411' title='bbox 901 4717 1101 4786; x_wconf 88' lang='lat' dir='ltr'><strong>ejiciam</strong></span> <span class='ocrx_word' id='word_1_412' title='bbox 1127 4719 1284 4788; x_wconf 81' lang='lat' dir='ltr'><strong>foras.</strong></span> <span class='ocrx_word' id='word_1_413' title='bbox 1321 4717 1450 4773; x_wconf 85' lang='lat' dir='ltr'><strong>Vide</strong></span> <span class='ocrx_word' id='word_1_414' title='bbox 1475 4721 1744 4788; x_wconf 87' lang='lat' dir='ltr'><strong>quomodo</strong></span> 
     </span>
    </p>
   </div>
   <div class='ocr_carea' id='block_1_51' title="bbox 144 4807 1745 4878">
    <p class='ocr_par' dir='ltr' id='par_1_51' title="bbox 144 4807 1745 4878">
     <span class='ocr_line' id='line_1_51' title="bbox 144 4807 1745 4878; baseline 0.006 -19"><span class='ocrx_word' id='word_1_415' title='bbox 144 4810 272 4863; x_wconf 80' lang='lat' dir='ltr'><strong>nihil</strong></span> <span class='ocrx_word' id='word_1_416' title='bbox 306 4827 424 4863; x_wconf 83' lang='lat' dir='ltr'><strong>non</strong></span> <span class='ocrx_word' id='word_1_417' title='bbox 452 4817 579 4878; x_wconf 81' lang='lat' dir='ltr'><strong>agat</strong></span> <span class='ocrx_word' id='word_1_418' title='bbox 600 4807 668 4862; x_wconf 89' lang='lat' dir='ltr'><strong>ad</strong></span> <span class='ocrx_word' id='word_1_419' title='bbox 693 4807 966 4862; x_wconf 88' lang='lat' dir='ltr'><strong>hominum</strong></span> <span class='ocrx_word' id='word_1_420' title='bbox 989 4809 1252 4862; x_wconf 77' lang='lat' dir='ltr'><strong>salutem?</strong></span> <span class='ocrx_word' id='word_1_421' title='bbox 1283 4808 1406 4864; x_wconf 90' lang='lat' dir='ltr'><strong>Ideo</strong></span> <span class='ocrx_word' id='word_1_422' title='bbox 1435 4820 1610 4865; x_wconf 87' lang='lat' dir='ltr'><strong>autem</strong></span> <span class='ocrx_word' id='word_1_423' title='bbox 1643 4811 1745 4868; x_wconf 90' lang='lat' dir='ltr'><strong>hoc</strong></span> 
     </span>
    </p>
   </div>
   <div class='ocr_carea' id='block_1_52' title="bbox 137 4899 1744 4970">
    <p class='ocr_par' dir='ltr' id='par_1_52' title="bbox 137 4899 1744 4970">
     <span class='ocr_line' id='line_1_52' title="bbox 137 4899 1744 4970; baseline 0.004 -18"><span class='ocrx_word' id='word_1_424' title='bbox 137 4901 367 4960; x_wconf 77' lang='lat' dir='ltr'><strong>addidit.</strong></span> <span class='ocrx_word' id='word_1_425' title='bbox 402 4915 474 4955; x_wconf 86' lang='lat' dir='ltr'><strong>ne</strong></span> <span class='ocrx_word' id='word_1_426' title='bbox 523 4899 789 4953; x_wconf 84' lang='lat' dir='ltr'><strong>curiosius</strong></span> <span class='ocrx_word' id='word_1_427' title='bbox 813 4913 992 4970; x_wconf 84' lang='lat' dir='ltr'><strong>agere,</strong></span> <span class='ocrx_word' id='word_1_428' title='bbox 1023 4908 1076 4953; x_wconf 91' lang='lat' dir='ltr'><strong>et</strong></span> <span class='ocrx_word' id='word_1_429' title='bbox 1107 4908 1309 4954; x_wconf 88' lang='lat' dir='ltr'><strong>temere</strong></span> <span class='ocrx_word' id='word_1_430' title='bbox 1349 4899 1492 4970; x_wconf 87' lang='lat' dir='ltr'><strong>loqui</strong></span> <span class='ocrx_word' id='word_1_431' title='bbox 1534 4901 1744 4958; x_wconf 86' lang='lat' dir='ltr'><strong>videre-</strong></span> 
     </span>
    </p>
   </div>
   <div class='ocr_carea' id='block_1_53' title="bbox 138 4989 1744 5060">
    <p class='ocr_par' dir='ltr' id='par_1_53' title="bbox 138 4989 1744 5060">
     <span class='ocr_line' id='line_1_53' title="bbox 138 4989 1744 5060; baseline 0.004 -20"><span class='ocrx_word' id='word_1_432' title='bbox 138 5000 243 5044; x_wconf 89' lang='lat' dir='ltr'><strong>tur.</strong></span> <span class='ocrx_word' id='word_1_433' title='bbox 272 4990 425 5060; x_wconf 85' lang='lat' dir='ltr'><strong>Quid</strong></span> <span class='ocrx_word' id='word_1_434' title='bbox 453 5001 636 5046; x_wconf 83' lang='lat' dir='ltr'><strong>autem</strong></span> <span class='ocrx_word' id='word_1_435' title='bbox 664 4990 836 5045; x_wconf 78' lang='lat' dir='ltr'><strong>dicit?</strong></span> <span class='ocrx_word' id='word_1_436' title='bbox 869 4989 1030 5045; x_wconf 89' lang='lat' dir='ltr'><strong>Omne</strong></span> <span class='ocrx_word' id='word_1_437' title='bbox 1056 4991 1193 5060; x_wconf 85' lang='lat' dir='ltr'><strong>quod</strong></span> <span class='ocrx_word' id='word_1_438' title='bbox 1213 4994 1302 5043; x_wconf 88' lang='lat' dir='ltr'><strong>dul</strong></span> <span class='ocrx_word' id='word_1_439' title='bbox 1323 4992 1446 5044; x_wconf 88' lang='lat' dir='ltr'><strong>mihi</strong></span> <span class='ocrx_word' id='word_1_440' title='bbox 1474 4990 1642 5056; x_wconf 87' lang='lat' dir='ltr'><strong>Pater,</strong></span> <span class='ocrx_word' id='word_1_441' title='bbox 1673 4994 1744 5047; x_wconf 89' lang='lat' dir='ltr'><strong>ad</strong></span> 
     </span>
    </p>
   </div>
   <div class='ocr_carea' id='block_1_54' title="bbox 132 5080 1742 5144">
    <p class='ocr_par' dir='ltr' id='par_1_54' title="bbox 132 5080 1742 5144">
     <span class='ocr_line' id='line_1_54' title="bbox 132 5080 1742 5144; baseline 0.005 -13"><span class='ocrx_word' id='word_1_442' title='bbox 132 5098 212 5132; x_wconf 62' lang='lat' dir='ltr'><strong>ne</strong></span> <span class='ocrx_word' id='word_1_443' title='bbox 237 5083 437 5144; x_wconf 67' lang='lat' dir='ltr'><strong>reiciet,</strong></span> <span class='ocrx_word' id='word_1_444' title='bbox 466 5088 514 5134; x_wconf 87' lang='lat' dir='ltr'><strong>et</strong></span> <span class='ocrx_word' id='word_1_445' title='bbox 543 5080 848 5134; x_wconf 72' lang='lat' dir='ltr'><strong>resuscitabo</strong></span> <span class='ocrx_word' id='word_1_446' title='bbox 877 5095 989 5133; x_wconf 89' lang='lat' dir='ltr'><strong>eum</strong></span> <span class='ocrx_word' id='word_1_447' title='bbox 1013 5081 1066 5134; x_wconf 87' lang='lat' dir='ltr'><strong>in</strong></span> <span class='ocrx_word' id='word_1_448' title='bbox 1107 5080 1374 5134; x_wconf 79' lang='lat' dir='ltr'><strong>novissimo</strong></span> <span class='ocrx_word' id='word_1_449' title='bbox 1400 5081 1501 5135; x_wconf 88' lang='lat' dir='ltr'><strong>die.</strong></span> <span class='ocrx_word' id='word_1_450' title='bbox 1531 5081 1636 5138; x_wconf 87' lang='lat' dir='ltr'><strong>Cur</strong></span> <span class='ocrx_word' id='word_1_451' title='bbox 1656 5099 1742 5139; x_wconf 88' lang='lat' dir='ltr'><strong>re-</strong></span> 
     </span>
    </p>
   </div>
   <div class='ocr_carea' id='block_1_55' title="bbox 129 5172 1739 5243">
    <p class='ocr_par' dir='ltr' id='par_1_55' title="bbox 129 5172 1739 5243">
     <span class='ocr_line' id='line_1_55' title="bbox 129 5172 1739 5243; baseline 0.002 -18"><span class='ocrx_word' id='word_1_452' title='bbox 129 5173 566 5236; x_wconf 82' lang='lat' dir='ltr'><strong>surrectionem,</strong></span> <span class='ocrx_word' id='word_1_453' title='bbox 601 5172 756 5240; x_wconf 88' lang='lat' dir='ltr'><strong>cujus</strong></span> <span class='ocrx_word' id='word_1_454' title='bbox 803 5180 857 5226; x_wconf 89' lang='lat' dir='ltr'><strong>et</strong></span> <span class='ocrx_word' id='word_1_455' title='bbox 905 5172 1053 5243; x_wconf 90' lang='lat' dir='ltr'><strong>impii</strong></span> <span class='ocrx_word' id='word_1_456' title='bbox 1083 5182 1364 5228; x_wconf 88' lang='lat' dir='ltr'><strong>consortes</strong></span> <span class='ocrx_word' id='word_1_457' title='bbox 1383 5183 1560 5240; x_wconf 89' lang='lat' dir='ltr'><strong>erunt,</strong></span> <span class='ocrx_word' id='word_1_458' title='bbox 1589 5189 1739 5229; x_wconf 85' lang='lat' dir='ltr'><strong>com-</strong></span> 
     </span>
    </p>
   </div>
   <div class='ocr_carea' id='block_1_56' title="bbox 124 5264 1738 5324">
    <p class='ocr_par' dir='ltr' id='par_1_56' title="bbox 124 5264 1738 5324">
     <span class='ocr_line' id='line_1_56' title="bbox 124 5264 1738 5324; baseline 0.002 -4"><span class='ocrx_word' id='word_1_459' title='bbox 124 5276 416 5321; x_wconf 71' lang='grc' dir='ltr'>ιιωοηι</span> <span class='ocrx_word' id='word_1_460' title='bbox 467 5275 528 5320; x_wconf 83' lang='grc' dir='ltr'><strong>ιιι</strong></span> <span class='ocrx_word' id='word_1_461' title='bbox 582 5265 782 5320; x_wconf 88' lang='lat' dir='ltr'><strong>donum</strong></span> <span class='ocrx_word' id='word_1_462' title='bbox 813 5264 1156 5320; x_wconf 89' lang='lat' dir='ltr'><strong>credentibus</strong></span> <span class='ocrx_word' id='word_1_463' title='bbox 1203 5265 1340 5320; x_wconf 87' lang='lat' dir='ltr'><strong>inse</strong></span> <span class='ocrx_word' id='word_1_464' title='bbox 1373 5270 1738 5324; x_wconf 82' lang='lat' dir='ltr'><strong>concessum?</strong></span> 
     </span>
    </p>
   </div>
   <div class='ocr_carea' id='block_1_57' title="bbox 123 5353 1738 5461">
    <p class='ocr_par' dir='ltr' id='par_1_57' title="bbox 123 5353 1738 5461">
     <span class='ocr_line' id='line_1_57' title="bbox 123 5353 1738 5461; baseline 0.004 -53"><span class='ocrx_word' id='word_1_465' title='bbox 123 5357 264 5419; x_wconf 74' lang='lat' dir='ltr'><strong>Qui:</strong></span> <span class='ocrx_word' id='word_1_466' title='bbox 291 5372 414 5410; x_wconf 83' lang='lat' dir='ltr'><strong>non</strong></span> <span class='ocrx_word' id='word_1_467' title='bbox 441 5355 895 5411; x_wconf 83' lang='lat' dir='ltr'><strong>resurrectionem</strong></span> <span class='ocrx_word' id='word_1_468' title='bbox 922 5353 1258 5425; x_wconf 85' lang='lat' dir='ltr'><strong>simpliciter,</strong></span> <span class='ocrx_word' id='word_1_469' title='bbox 1289 5355 1383 5411; x_wconf 91' lang='lat' dir='ltr'><strong>sed</strong></span> <span class='ocrx_word' id='word_1_470' title='bbox 1413 5355 1548 5412; x_wconf 87' lang='lat' dir='ltr'><strong>hanc</strong></span> <span class='ocrx_word' id='word_1_471' title='bbox 1578 5373 1738 5461; x_wconf 77' lang='lat' dir='ltr'><strong>pecu-</strong></span> 
     </span>
    </p>
   </div>
   <div class='ocr_carea' id='block_1_58' title="bbox 122 5445 1738 5520">
    <p class='ocr_par' dir='ltr' id='par_1_58' title="bbox 122 5445 1738 5520">
     <span class='ocr_line' id='line_1_58' title="bbox 122 5445 1738 5520; baseline 0.004 -21"><span class='ocrx_word' id='word_1_472' title='bbox 122 5445 348 5501; x_wconf 73' lang='lat' dir='ltr'><strong>liariter</strong></span> <span class='ocrx_word' id='word_1_473' title='bbox 409 5445 857 5503; x_wconf 82' lang='lat' dir='ltr'><strong>resurrectionem</strong></span> <span class='ocrx_word' id='word_1_474' title='bbox 915 5446 1196 5517; x_wconf 74' lang='lat' dir='ltr'><strong>intelligit;</strong></span> <span class='ocrx_word' id='word_1_475' title='bbox 1243 5461 1364 5502; x_wconf 88' lang='lat' dir='ltr'><strong>nam</strong></span> <span class='ocrx_word' id='word_1_476' title='bbox 1422 5462 1543 5502; x_wconf 88' lang='lat' dir='ltr'><strong>cum</strong></span> <span class='ocrx_word' id='word_1_477' title='bbox 1590 5451 1738 5520; x_wconf 90' lang='lat' dir='ltr'><strong>prius</strong></span> 
     </span>
    </p>
   </div>
   <div class='ocr_carea' id='block_1_59' title="bbox 119 5536 1732 5611">
    <p class='ocr_par' dir='ltr' id='par_1_59' title="bbox 119 5536 1732 5611">
     <span class='ocr_line' id='line_1_59' title="bbox 119 5536 1732 5611; baseline 0.004 -21"><span class='ocrx_word' id='word_1_478' title='bbox 119 5538 394 5602; x_wconf 66' lang='lat' dir='ltr'><strong>stitisses,</strong></span> <span class='ocrx_word' id='word_1_479' title='bbox 449 5536 567 5592; x_wconf 76' lang='lat' dir='ltr'><strong>Non</strong></span> <span class='ocrx_word' id='word_1_480' title='bbox 623 5538 823 5607; x_wconf 84' lang='lat' dir='ltr'><strong>ejiciam</strong></span> <span class='ocrx_word' id='word_1_481' title='bbox 862 5554 998 5603; x_wconf 87' lang='lat' dir='ltr'><strong>eum,</strong></span> <span class='ocrx_word' id='word_1_482' title='bbox 1034 5547 1108 5605; x_wconf 90' lang='lat' dir='ltr'><strong>et,</strong></span> <span class='ocrx_word' id='word_1_483' title='bbox 1161 5536 1284 5593; x_wconf 80' lang='lat' dir='ltr'><strong>Non</strong></span> <span class='ocrx_word' id='word_1_484' title='bbox 1329 5541 1539 5611; x_wconf 81' lang='lat' dir='ltr'><strong>perdam</strong></span> <span class='ocrx_word' id='word_1_485' title='bbox 1564 5541 1626 5598; x_wconf 82' lang='lat' dir='ltr'><strong>de</strong></span> <span class='ocrx_word' id='word_1_486' title='bbox 1652 5559 1732 5611; x_wconf 88' lang='lat' dir='ltr'><strong>eo,</strong></span> 
     </span>
    </p>
   </div>
   <div class='ocr_carea' id='block_1_60' title="bbox 185 5670 1731 5747">
    <p class='ocr_par' dir='ltr' id='par_1_60' title="bbox 185 5670 1731 5747">
     <span class='ocr_line' id='line_1_60' title="bbox 185 5670 1731 5747; baseline 0.007 -28"><span class='ocrx_word' id='word_1_487' title='bbox 185 5676 202 5703; x_wconf 80' lang='grc'>⁶</span> <span class='ocrx_word' id='word_1_488' title='bbox 243 5670 414 5720; x_wconf 70' lang='lat' dir='ltr'><strong>savii.</strong></span> <span class='ocrx_word' id='word_1_489' title='bbox 686 5677 932 5747; x_wconf 72' lang='lat' dir='ltr'><strong>testam,</strong></span> <span class='ocrx_word' id='word_1_490' title='bbox 954 5678 1000 5722; x_wconf 88' lang='lat' dir='ltr'><strong>et</strong></span> <span class='ocrx_word' id='word_1_491' title='bbox 1022 5685 1114 5724; x_wconf 85' lang='lat' dir='ltr'><strong>non</strong></span> <span class='ocrx_word' id='word_1_492' title='bbox 1133 5675 1331 5747; x_wconf 77' lang='lat' dir='ltr'><strong>creditis</strong></span> <span class='ocrx_word' id='word_1_493' title='bbox 1353 5676 1486 5730; x_wconf 87' lang='lat' dir='ltr'><strong>mihi.</strong></span> <span class='ocrx_word' id='word_1_494' title='bbox 1516 5677 1606 5729; x_wconf 82' lang='lat' dir='ltr'><strong>Alii</strong></span> <span class='ocrx_word' id='word_1_495' title='bbox 1622 5693 1731 5730; x_wconf 87' lang='lat' dir='ltr'><strong>cum</strong></span> 
     </span>
    </p>
   </div>
   <div class='ocr_carea' id='block_1_61' title="bbox 111 5731 1306 5794">
    <p class='ocr_par' dir='ltr' id='par_1_61' title="bbox 111 5731 1306 5794">
     <span class='ocr_line' id='line_1_61' title="bbox 111 5731 1306 5794; baseline 0.013 -21"><span class='ocrx_word' id='word_1_496' title='bbox 111 5731 279 5782; x_wconf 69' lang='grc' dir='ltr'>Μαιιιρι</span> <span class='ocrx_word' id='word_1_497' title='bbox 293 5773 304 5778; x_wconf 93' lang='grc'><strong>-</strong></span> <span class='ocrx_word' id='word_1_498' title='bbox 339 5740 404 5782; x_wconf 82' lang='lat' dir='ltr'><strong>et</strong></span> <span class='ocrx_word' id='word_1_499' title='bbox 423 5746 531 5784; x_wconf 82' lang='lat' dir='ltr'><strong>cum</strong></span> <span class='ocrx_word' id='word_1_500' title='bbox 556 5737 818 5794; x_wconf 70' lang='lat' dir='ltr'><strong>rnngctio</strong></span> <span class='ocrx_word' id='word_1_501' title='bbox 838 5731 957 5783; x_wconf 79' lang='lat' dir='ltr'><strong>auso</strong></span> <span class='ocrx_word' id='word_1_502' title='bbox 979 5740 1306 5789; x_wconf 83' lang='lat' dir='ltr'><strong>consentiunt.</strong></span> 
     </span>
    </p>
   </div>
   <div class='ocr_carea' id='block_1_62' title="bbox 510 5818 1129 5894">
    <p class='ocr_par' dir='ltr' id='par_1_62' title="bbox 510 5818 1129 5894">
     <span class='ocr_line' id='line_1_62' title="bbox 510 5818 1129 5894; baseline 0.026 -15"><span class='ocrx_word' id='word_1_503' title='bbox 510 5818 776 5881; x_wconf 74' lang='lat' dir='ltr'><strong>I‘srnoc.</strong></span> <span class='ocrx_word' id='word_1_504' title='bbox 814 5826 930 5889; x_wconf 80' lang='lat' dir='ltr'><strong>Gn.</strong></span> <span class='ocrx_word' id='word_1_505' title='bbox 974 5830 1129 5894; x_wconf 79' lang='lat' dir='ltr'><strong>LIX.</strong></span> 
     </span>
    </p>
   </div>
   <div class='ocr_carea' id='block_1_63' title="bbox 3379 363 3484 420">
    <p class='ocr_par' dir='ltr' id='par_1_63' title="bbox 3379 363 3484 420">
     <span class='ocr_line' id='line_1_63' title="bbox 3379 363 3484 420; baseline 0 0"><span class='ocrx_word' id='word_1_506' title='bbox 3379 363 3484 420; x_wconf 62' lang='grc' dir='ltr'><strong>πω</strong></span> 
     </span>
    </p>
   </div>
   <div class='ocr_carea' id='block_1_64' title="bbox 1909 443 3486 537">
    <p class='ocr_par' dir='ltr' id='par_1_64' title="bbox 1909 443 3486 537">
     <span class='ocr_line' id='line_1_64' title="bbox 1909 443 3486 537; baseline 0.028 -45"><span class='ocrx_word' id='word_1_507' title='bbox 1909 449 2036 496; x_wconf 87' lang='lat' dir='ltr'><strong>tunc</strong></span> <span class='ocrx_word' id='word_1_508' title='bbox 2063 443 2241 502; x_wconf 87' lang='lat' dir='ltr'><strong>subdit</strong></span> <span class='ocrx_word' id='word_1_509' title='bbox 2263 455 2730 513; x_wconf 88' lang='lat' dir='ltr'><strong>resurrectionem.</strong></span> <span class='ocrx_word' id='word_1_510' title='bbox 2748 460 2878 518; x_wconf 80' lang='lat' dir='ltr'><strong>Nam</strong></span> <span class='ocrx_word' id='word_1_511' title='bbox 2911 465 2962 520; x_wconf 95' lang='lat' dir='ltr'><strong>in</strong></span> <span class='ocrx_word' id='word_1_512' title='bbox 2987 475 3376 533; x_wconf 86' lang='lat' dir='ltr'><strong>resurrectione</strong></span> <span class='ocrx_word' id='word_1_513' title='bbox 3397 481 3486 537; x_wconf 75' lang='lat' dir='ltr'><strong>alii</strong></span> 
     </span>
    </p>
   </div>
   <div class='ocr_carea' id='block_1_65' title="bbox 1905 531 3487 628">
    <p class='ocr_par' dir='ltr' id='par_1_65' title="bbox 1905 531 3487 628">
     <span class='ocr_line' id='line_1_65' title="bbox 1905 531 3487 628; baseline 0.029 -45"><span class='ocrx_word' id='word_1_514' title='bbox 1905 531 2218 605; x_wconf 80' lang='lat' dir='ltr'><strong>ejiciuntnr,</strong></span> <span class='ocrx_word' id='word_1_515' title='bbox 2257 550 2314 594; x_wconf 90' lang='lat' dir='ltr'><strong>ut</strong></span> <span class='ocrx_word' id='word_1_516' title='bbox 2339 544 2412 598; x_wconf 90' lang='lat' dir='ltr'><strong>ait</strong></span> <span class='ocrx_word' id='word_1_517' title='bbox 2447 563 2460 599; x_wconf 91' lang='lat'><strong>:</strong></span> <span class='ocrx_word' id='word_1_518' title='bbox 2493 546 2676 605; x_wconf 83' lang='lat' dir='ltr'><strong>Tollite</strong></span> <span class='ocrx_word' id='word_1_519' title='bbox 2707 570 2841 621; x_wconf 87' lang='lat' dir='ltr'><strong>eum,</strong></span> <span class='ocrx_word' id='word_1_520' title='bbox 2873 572 2920 612; x_wconf 87' lang='lat' dir='ltr'><strong>et</strong></span> <span class='ocrx_word' id='word_1_521' title='bbox 2972 564 3152 620; x_wconf 85' lang='lat' dir='ltr'><strong>mittite</strong></span> <span class='ocrx_word' id='word_1_522' title='bbox 3175 569 3228 622; x_wconf 91' lang='lat' dir='ltr'><strong>in</strong></span> <span class='ocrx_word' id='word_1_523' title='bbox 3256 571 3487 628; x_wconf 79' lang='lat' dir='ltr'><strong>tenebras</strong></span> 
     </span>
    </p>
   </div>
   <div class='ocr_carea' id='block_1_66' title="bbox 1903 628 3483 734">
    <p class='ocr_par' dir='ltr' id='par_1_66' title="bbox 1903 628 3483 734">
     <span class='ocr_line' id='line_1_66' title="bbox 1903 628 3483 734; baseline 0.028 -58"><span class='ocrx_word' id='word_1_524' title='bbox 1903 628 2169 682; x_wconf 72' lang='lat' dir='ltr'><strong>exteriores</strong></span> <span class='ocrx_word' id='word_1_525' title='bbox 2199 631 2424 702; x_wconf 74' lang='lat' dir='ltr'><strong>(Matth.</strong></span> <span class='ocrx_word' id='word_1_526' title='bbox 2453 637 2541 692; x_wconf 73' lang='lat'><strong>29..</strong></span> <span class='ocrx_word' id='word_1_527' title='bbox 2573 641 2679 714; x_wconf 79' lang='lat' dir='ltr'><strong>i3)</strong></span> <span class='ocrx_word' id='word_1_528' title='bbox 2713 647 2840 701; x_wconf 90' lang='lat' dir='ltr'><strong>:alii</strong></span> <span class='ocrx_word' id='word_1_529' title='bbox 2863 664 3104 721; x_wconf 87' lang='lat' dir='ltr'><strong>pereunt,</strong></span> <span class='ocrx_word' id='word_1_530' title='bbox 3136 666 3192 713; x_wconf 88' lang='lat' dir='ltr'><strong>ut</strong></span> <span class='ocrx_word' id='word_1_531' title='bbox 3212 658 3294 716; x_wconf 87' lang='lat' dir='ltr'><strong>his</strong></span> <span class='ocrx_word' id='word_1_532' title='bbox 3317 663 3483 734; x_wconf 88' lang='lat' dir='ltr'><strong>signi-</strong></span> 
     </span>
    </p>
   </div>
   <div class='ocr_carea' id='block_1_67' title="bbox 1904 715 3482 811">
    <p class='ocr_par' dir='ltr' id='par_1_67' title="bbox 1904 715 3482 811">
     <span class='ocr_line' id='line_1_67' title="bbox 1904 715 3482 811; baseline 0.027 -43"><span class='ocrx_word' id='word_1_533' title='bbox 1904 715 2109 783; x_wconf 80' lang='lat' dir='ltr'><strong>ficatur,</strong></span> <span class='ocrx_word' id='word_1_534' title='bbox 2138 721 2330 780; x_wconf 84' lang='lat' dir='ltr'><strong>Timete</strong></span> <span class='ocrx_word' id='word_1_535' title='bbox 2353 730 2519 796; x_wconf 84' lang='lat' dir='ltr'><strong>potius</strong></span> <span class='ocrx_word' id='word_1_536' title='bbox 2544 749 2677 798; x_wconf 81' lang='lat' dir='ltr'><strong>cuni,</strong></span> <span class='ocrx_word' id='word_1_537' title='bbox 2704 742 2793 807; x_wconf 88' lang='lat' dir='ltr'><strong>qui</strong></span> <span class='ocrx_word' id='word_1_538' title='bbox 2819 753 2978 811; x_wconf 85' lang='lat' dir='ltr'><strong>potest</strong></span> <span class='ocrx_word' id='word_1_539' title='bbox 3002 757 3047 800; x_wconf 91' lang='lat' dir='ltr'><strong>et</strong></span> <span class='ocrx_word' id='word_1_540' title='bbox 3067 750 3288 806; x_wconf 89' lang='lat' dir='ltr'><strong>animam</strong></span> <span class='ocrx_word' id='word_1_541' title='bbox 3308 765 3355 810; x_wconf 92' lang='lat' dir='ltr'><strong>et</strong></span> <span class='ocrx_word' id='word_1_542' title='bbox 3369 773 3482 810; x_wconf 86' lang='lat' dir='ltr'><strong>cor-</strong></span> 
     </span>
    </p>
   </div>
   <div class='ocr_carea' id='block_1_68' title="bbox 1902 813 3478 911">
    <p class='ocr_par' dir='ltr' id='par_1_68' title="bbox 1902 813 3478 911">
     <span class='ocr_line' id='line_1_68' title="bbox 1902 813 3478 911; baseline 0.029 -54"><span class='ocrx_word' id='word_1_543' title='bbox 1902 822 1996 876; x_wconf 86' lang='lat' dir='ltr'><strong>pus</strong></span> <span class='ocrx_word' id='word_1_544' title='bbox 2024 813 2232 877; x_wconf 86' lang='lat' dir='ltr'><strong>perdere</strong></span> <span class='ocrx_word' id='word_1_545' title='bbox 2261 815 2313 868; x_wconf 85' lang='lat' dir='ltr'><strong>in</strong></span> <span class='ocrx_word' id='word_1_546' title='bbox 2341 818 2619 886; x_wconf 83' lang='lat' dir='ltr'><strong>gehennam</strong></span> <span class='ocrx_word' id='word_1_547' title='bbox 2655 825 2675 896; x_wconf 90' lang='lat'><strong>(</strong></span> <span class='ocrx_word' id='word_1_548' title='bbox 2694 826 2821 883; x_wconf 86' lang='lat' dir='ltr'><strong>Luc.</strong></span> <span class='ocrx_word' id='word_1_549' title='bbox 2853 832 2938 887; x_wconf 73' lang='grc'><strong>12.</strong></span> <span class='ocrx_word' id='word_1_550' title='bbox 2971 835 3064 898; x_wconf 84' lang='lat'><strong>5).</strong></span> <span class='ocrx_word' id='word_1_551' title='bbox 3097 839 3278 911; x_wconf 88' lang='lat' dir='ltr'><strong>Itaque</strong></span> <span class='ocrx_word' id='word_1_552' title='bbox 3316 845 3443 901; x_wconf 88' lang='lat' dir='ltr'><strong>illud</strong></span> <span class='ocrx_word' id='word_1_553' title='bbox 3463 887 3478 911; x_wconf 93' lang='lat'><strong>,</strong></span> 
     </span>
    </p>
   </div>
   <div class='ocr_carea' id='block_1_69' title="bbox 1909 896 3480 1002">
    <p class='ocr_par' dir='ltr' id='par_1_69' title="bbox 1909 896 3480 1002">
     <span class='ocr_line' id='line_1_69' title="bbox 1909 896 3480 1002; baseline 0.028 -54"><span class='ocrx_word' id='word_1_554' title='bbox 1909 896 2076 952; x_wconf 86' lang='lat' dir='ltr'><strong>Vitam</strong></span> <span class='ocrx_word' id='word_1_555' title='bbox 2100 912 2337 959; x_wconf 71' lang='lat' dir='ltr'><strong>mter-nam</strong></span> <span class='ocrx_word' id='word_1_556' title='bbox 2365 909 2452 977; x_wconf 92' lang='lat' dir='ltr'><strong>do,</strong></span> <span class='ocrx_word' id='word_1_557' title='bbox 2496 911 2598 968; x_wconf 86' lang='lat' dir='ltr'><strong>hoc</strong></span> <span class='ocrx_word' id='word_1_558' title='bbox 2624 917 2887 987; x_wconf 79' lang='lat' dir='ltr'><strong>significat</strong></span> <span class='ocrx_word' id='word_1_559' title='bbox 2919 941 2933 978; x_wconf 90' lang='lat'>:</span> <span class='ocrx_word' id='word_1_560' title='bbox 2972 896 3127 982; x_wconf 81' lang='lat' dir='ltr'><strong>Ibunt</strong></span> <span class='ocrx_word' id='word_1_561' title='bbox 3147 896 3480 1002; x_wconf 46' lang='lat' dir='ltr'><strong>ii&#39;qui—nia—la&#39;</strong></span> 
     </span>
    </p>
   </div>
   <div class='ocr_carea' id='block_1_70' title="bbox 1896 988 3480 1100">
    <p class='ocr_par' dir='ltr' id='par_1_70' title="bbox 1896 988 3480 1100">
     <span class='ocr_line' id='line_1_70' title="bbox 1896 988 3480 1100; baseline 0.028 -61"><span class='ocrx_word' id='word_1_562' title='bbox 1896 988 2123 1056; x_wconf 74' lang='lat' dir='ltr'><strong>fecerunt</strong></span> <span class='ocrx_word' id='word_1_563' title='bbox 2147 995 2200 1047; x_wconf 90' lang='lat' dir='ltr'><strong><em>in</em></strong></span> <span class='ocrx_word' id='word_1_564' title='bbox 2223 1001 2634 1060; x_wconf 88' lang='lat' dir='ltr'><strong>resurrectionem</strong></span> <span class='ocrx_word' id='word_1_565' title='bbox 2649 1011 2838 1077; x_wconf 85' lang='lat' dir='ltr'><strong>judicii</strong></span> <span class='ocrx_word' id='word_1_566' title='bbox 2851 1031 2874 1079; x_wconf 85' lang='lat'><strong><em>;</em></strong></span> <span class='ocrx_word' id='word_1_567' title='bbox 2893 1018 2981 1085; x_wconf 88' lang='lat' dir='ltr'><strong>qui</strong></span> <span class='ocrx_word' id='word_1_568' title='bbox 3005 1030 3170 1075; x_wconf 87' lang='lat' dir='ltr'><strong>autem</strong></span> <span class='ocrx_word' id='word_1_569' title='bbox 3204 1022 3332 1079; x_wconf 86' lang='lat' dir='ltr'><strong>bona</strong></span> <span class='ocrx_word' id='word_1_570' title='bbox 3358 1044 3480 1100; x_wconf 81' lang='lat' dir='ltr'><strong>ege-</strong></span> 
     </span>
    </p>
   </div>
   <div class='ocr_carea' id='block_1_71' title="bbox 1895 1084 3480 1186">
    <p class='ocr_par' dir='ltr' id='par_1_71' title="bbox 1895 1084 3480 1186">
     <span class='ocr_line' id='line_1_71' title="bbox 1895 1084 3480 1186; baseline 0.03 -56"><span class='ocrx_word' id='word_1_571' title='bbox 1895 1091 2033 1147; x_wconf 83' lang='lat' dir='ltr'><strong>runt,</strong></span> <span class='ocrx_word' id='word_1_572' title='bbox 2075 1084 2126 1138; x_wconf 88' lang='lat' dir='ltr'><strong>in</strong></span> <span class='ocrx_word' id='word_1_573' title='bbox 2164 1092 2575 1149; x_wconf 75' lang='lat' dir='ltr'><strong>resurrectionem</strong></span> <span class='ocrx_word' id='word_1_574' title='bbox 2604 1099 2718 1154; x_wconf 69' lang='lat' dir='ltr'><strong>vitae</strong></span> <span class='ocrx_word' id='word_1_575' title='bbox 2757 1084 2943 1172; x_wconf 84' lang='lat' dir='ltr'><strong>(Joan.</strong></span> <span class='ocrx_word' id='word_1_576' title='bbox 2972 1109 3026 1164; x_wconf 81' lang='lat'><strong>5.</strong></span> <span class='ocrx_word' id='word_1_577' title='bbox 3053 1111 3184 1186; x_wconf 75' lang='lat'><strong>29).</strong></span> <span class='ocrx_word' id='word_1_578' title='bbox 3217 1115 3365 1174; x_wconf 85' lang='lat' dir='ltr'><strong>Hanc</strong></span> <span class='ocrx_word' id='word_1_579' title='bbox 3388 1084 3480 1176; x_wconf 57' lang='lat' dir='ltr'><strong>re-</strong></span> 
     </span>
    </p>
   </div>
   <div class='ocr_carea' id='block_1_72' title="bbox 1895 1180 3478 1280">
    <p class='ocr_par' dir='ltr' id='par_1_72' title="bbox 1895 1180 3478 1280">
     <span class='ocr_line' id='line_1_72' title="bbox 1895 1180 3478 1280; baseline 0.027 -53"><span class='ocrx_word' id='word_1_580' title='bbox 1895 1180 2277 1239; x_wconf 82' lang='lat' dir='ltr'><strong>surrectionem</strong></span> <span class='ocrx_word' id='word_1_581' title='bbox 2295 1185 2607 1260; x_wconf 76' lang='lat' dir='ltr'><strong>hicindirat,</strong></span> <span class='ocrx_word' id='word_1_582' title='bbox 2627 1211 2744 1265; x_wconf 75' lang='lat' dir='ltr'><strong>qum</strong></span> <span class='ocrx_word' id='word_1_583' title='bbox 2760 1209 2841 1254; x_wconf 91' lang='lat' dir='ltr'><strong>est</strong></span> <span class='ocrx_word' id='word_1_584' title='bbox 2859 1180 3297 1275; x_wconf 41' lang='lat' dir='ltr'><strong>bonoruleuid</strong></span> <span class='ocrx_word' id='word_1_585' title='bbox 3318 1227 3478 1280; x_wconf 88' lang='lat' dir='ltr'><strong>porro</strong></span> 
     </span>
    </p>
   </div>
   <div class='ocr_carea' id='block_1_73' title="bbox 1893 1267 3476 1365">
    <p class='ocr_par' dir='ltr' id='par_1_73' title="bbox 1893 1267 3476 1365">
     <span class='ocr_line' id='line_1_73' title="bbox 1893 1267 3476 1365; baseline 0.023 -44"><span class='ocrx_word' id='word_1_586' title='bbox 1893 1267 1995 1323; x_wconf 91' lang='lat' dir='ltr'><strong>sibi</strong></span> <span class='ocrx_word' id='word_1_587' title='bbox 2027 1271 2137 1326; x_wconf 89' lang='lat' dir='ltr'><strong>vult</strong></span> <span class='ocrx_word' id='word_1_588' title='bbox 2162 1290 2282 1332; x_wconf 92' lang='lat' dir='ltr'><strong>cum</strong></span> <span class='ocrx_word' id='word_1_589' title='bbox 2309 1280 2384 1335; x_wconf 90' lang='lat' dir='ltr'><strong>ait</strong></span> <span class='ocrx_word' id='word_1_590' title='bbox 2412 1297 2428 1344; x_wconf 87' lang='lat'><strong>;</strong></span> <span class='ocrx_word' id='word_1_591' title='bbox 2460 1282 2621 1340; x_wconf 87' lang='lat' dir='ltr'><strong>Omne</strong></span> <span class='ocrx_word' id='word_1_592' title='bbox 2649 1289 2786 1356; x_wconf 86' lang='lat' dir='ltr'><strong>quod</strong></span> <span class='ocrx_word' id='word_1_593' title='bbox 2814 1291 2901 1345; x_wconf 88' lang='lat' dir='ltr'><strong>dat</strong></span> <span class='ocrx_word' id='word_1_594' title='bbox 2923 1295 3048 1348; x_wconf 87' lang='lat' dir='ltr'><strong>mihi</strong></span> <span class='ocrx_word' id='word_1_595' title='bbox 3083 1267 3262 1365; x_wconf 50' lang='lat' dir='ltr'><strong>Pater,</strong></span> <span class='ocrx_word' id='word_1_596' title='bbox 3396 1320 3476 1358; x_wconf 86' lang='lat' dir='ltr'><strong>me</strong></span> 
     </span>
    </p>
   </div>
   <div class='ocr_carea' id='block_1_74' title="bbox 1893 1359 3476 1457">
    <p class='ocr_par' dir='ltr' id='par_1_74' title="bbox 1893 1359 3476 1457">
     <span class='ocr_line' id='line_1_74' title="bbox 1893 1359 3476 1457; baseline 0.025 -47"><span class='ocrx_word' id='word_1_597' title='bbox 1893 1359 2088 1416; x_wconf 67' lang='lat' dir='ltr'><strong>seruiet?</strong></span> <span class='ocrx_word' id='word_1_598' title='bbox 2136 1363 2353 1425; x_wconf 90' lang='lat' dir='ltr'><strong>Illorum</strong></span> <span class='ocrx_word' id='word_1_599' title='bbox 2399 1371 2822 1435; x_wconf 88' lang='lat' dir='ltr'><strong>incredulitatem</strong></span> <span class='ocrx_word' id='word_1_600' title='bbox 2855 1387 3182 1457; x_wconf 87' lang='lat' dir='ltr'><strong>perstringit,</strong></span> <span class='ocrx_word' id='word_1_601' title='bbox 3215 1393 3476 1448; x_wconf 90' lang='lat' dir='ltr'><strong>ostendit-</strong></span> 
     </span>
    </p>
   </div>
   <div class='ocr_carea' id='block_1_75' title="bbox 1890 1460 3469 1543">
    <p class='ocr_par' dir='ltr' id='par_1_75' title="bbox 1890 1460 3469 1543">
     <span class='ocr_line' id='line_1_75' title="bbox 1890 1460 3469 1543; baseline 0.024 -39"><span class='ocrx_word' id='word_1_602' title='bbox 1890 1465 1994 1520; x_wconf 89' lang='lat' dir='ltr'><strong>que</strong></span> <span class='ocrx_word' id='word_1_603' title='bbox 2021 1469 2143 1511; x_wconf 90' lang='lat' dir='ltr'><strong>eum</strong></span> <span class='ocrx_word' id='word_1_604' title='bbox 2170 1460 2258 1528; x_wconf 89' lang='lat' dir='ltr'><strong>qui</strong></span> <span class='ocrx_word' id='word_1_605' title='bbox 2286 1477 2392 1518; x_wconf 88' lang='lat' dir='ltr'><strong>non</strong></span> <span class='ocrx_word' id='word_1_606' title='bbox 2423 1467 2594 1523; x_wconf 90' lang='lat' dir='ltr'><strong>credit</strong></span> <span class='ocrx_word' id='word_1_607' title='bbox 2620 1469 2673 1526; x_wconf 90' lang='lat' dir='ltr'><strong>in</strong></span> <span class='ocrx_word' id='word_1_608' title='bbox 2702 1472 2897 1542; x_wconf 83' lang='lat' dir='ltr'><strong>ipsum,</strong></span> <span class='ocrx_word' id='word_1_609' title='bbox 2942 1477 3117 1535; x_wconf 87' lang='lat' dir='ltr'><strong>Patris</strong></span> <span class='ocrx_word' id='word_1_610' title='bbox 3141 1483 3469 1543; x_wconf 83' lang='lat' dir='ltr'><strong>voluntatem</strong></span> 
     </span>
    </p>
   </div>
   <div class='ocr_carea' id='block_1_76' title="bbox 1891 1548 3470 1640">
    <p class='ocr_par' dir='ltr' id='par_1_76' title="bbox 1891 1548 3470 1640">
     <span class='ocr_line' id='line_1_76' title="bbox 1891 1548 3470 1640; baseline 0.025 -45"><span class='ocrx_word' id='word_1_611' title='bbox 1891 1548 2210 1617; x_wconf 83' lang='lat' dir='ltr'><strong>transgredi.</strong></span> <span class='ocrx_word' id='word_1_612' title='bbox 2255 1552 2406 1620; x_wconf 87' lang='lat' dir='ltr'><strong>Quod</strong></span> <span class='ocrx_word' id='word_1_613' title='bbox 2458 1568 2633 1616; x_wconf 89' lang='lat' dir='ltr'><strong>tamen</strong></span> <span class='ocrx_word' id='word_1_614' title='bbox 2679 1564 2771 1619; x_wconf 90' lang='lat' dir='ltr'><strong>ille</strong></span> <span class='ocrx_word' id='word_1_615' title='bbox 2810 1581 2915 1622; x_wconf 91' lang='lat' dir='ltr'><strong>non</strong></span> <span class='ocrx_word' id='word_1_616' title='bbox 2959 1581 3142 1639; x_wconf 89' lang='lat' dir='ltr'><strong>aperte</strong></span> <span class='ocrx_word' id='word_1_617' title='bbox 3181 1573 3328 1640; x_wconf 86' lang='lat' dir='ltr'><strong>dicit,</strong></span> <span class='ocrx_word' id='word_1_618' title='bbox 3376 1579 3470 1634; x_wconf 89' lang='lat' dir='ltr'><strong>sed</strong></span> 
     </span>
    </p>
   </div>
   <div class='ocr_carea' id='block_1_77' title="bbox 1888 1631 3473 1730">
    <p class='ocr_par' dir='ltr' id='par_1_77' title="bbox 1888 1631 3473 1730">
     <span class='ocr_line' id='line_1_77' title="bbox 1888 1631 3473 1730; baseline 0.025 -46"><span class='ocrx_word' id='word_1_619' title='bbox 1888 1631 2398 1712; x_wconf 89' lang='lat' dir='ltr'><strong>subindicat:quod</strong></span> <span class='ocrx_word' id='word_1_620' title='bbox 2448 1647 2644 1719; x_wconf 87' lang='lat' dir='ltr'><strong>ubique</strong></span> <span class='ocrx_word' id='word_1_621' title='bbox 2692 1652 2868 1710; x_wconf 89' lang='lat' dir='ltr'><strong>facere</strong></span> <span class='ocrx_word' id='word_1_622' title='bbox 2915 1631 3473 1730; x_wconf 63' lang='lat' dir='ltr'><strong>deprehenditnr,ut</strong></span> 
     </span>
    </p>
   </div>
   <div class='ocr_carea' id='block_1_78' title="bbox 1886 1727 3473 1816">
    <p class='ocr_par' dir='ltr' id='par_1_78' title="bbox 1886 1727 3473 1816">
     <span class='ocr_line' id='line_1_78' title="bbox 1886 1727 3473 1816; baseline 0.025 -39"><span class='ocrx_word' id='word_1_623' title='bbox 1886 1727 2132 1784; x_wconf 87' lang='lat' dir='ltr'><strong>ostendat</strong></span> <span class='ocrx_word' id='word_1_624' title='bbox 2153 1745 2257 1787; x_wconf 92' lang='lat' dir='ltr'><strong>non</strong></span> <span class='ocrx_word' id='word_1_625' title='bbox 2289 1749 2347 1790; x_wconf 93' lang='lat' dir='ltr'><strong>se</strong></span> <span class='ocrx_word' id='word_1_626' title='bbox 2367 1738 2562 1807; x_wconf 83' lang='lat' dir='ltr'><strong>solum,</strong></span> <span class='ocrx_word' id='word_1_627' title='bbox 2583 1742 2676 1798; x_wconf 90' lang='lat' dir='ltr'><strong>sed</strong></span> <span class='ocrx_word' id='word_1_628' title='bbox 2704 1743 2914 1802; x_wconf 87' lang='lat' dir='ltr'><strong>Patrem</strong></span> <span class='ocrx_word' id='word_1_629' title='bbox 2943 1752 3102 1807; x_wconf 89' lang='lat' dir='ltr'><strong>etiam</strong></span> <span class='ocrx_word' id='word_1_630' title='bbox 3124 1768 3277 1812; x_wconf 88' lang='lat' dir='ltr'><strong>suum</strong></span> <span class='ocrx_word' id='word_1_631' title='bbox 3303 1759 3473 1816; x_wconf 79' lang='lat' dir='ltr'><strong>otl‘en-</strong></span> 
     </span>
    </p>
   </div>
   <div class='ocr_carea' id='block_1_79' title="bbox 1885 1814 3471 1915">
    <p class='ocr_par' dir='ltr' id='par_1_79' title="bbox 1885 1814 3471 1915">
     <span class='ocr_line' id='line_1_79' title="bbox 1885 1814 3471 1915; baseline 0.025 -45"><span class='ocrx_word' id='word_1_632' title='bbox 1885 1814 2015 1873; x_wconf 90' lang='lat' dir='ltr'><strong>dere</strong></span> <span class='ocrx_word' id='word_1_633' title='bbox 2044 1835 2138 1876; x_wconf 90' lang='lat' dir='ltr'><strong>eos</strong></span> <span class='ocrx_word' id='word_1_634' title='bbox 2164 1825 2255 1893; x_wconf 87' lang='lat' dir='ltr'><strong>qui</strong></span> <span class='ocrx_word' id='word_1_635' title='bbox 2283 1841 2390 1883; x_wconf 90' lang='lat' dir='ltr'><strong>non</strong></span> <span class='ocrx_word' id='word_1_636' title='bbox 2418 1831 2664 1890; x_wconf 91' lang='lat' dir='ltr'><strong>credunt.</strong></span> <span class='ocrx_word' id='word_1_637' title='bbox 2696 1835 2828 1892; x_wconf 87' lang='lat' dir='ltr'><strong>Nam</strong></span> <span class='ocrx_word' id='word_1_638' title='bbox 2849 1839 2894 1895; x_wconf 85' lang='lat' dir='ltr'><strong>si</strong></span> <span class='ocrx_word' id='word_1_639' title='bbox 2925 1842 3040 1900; x_wconf 80' lang='lat' dir='ltr'><strong>haec</strong></span> <span class='ocrx_word' id='word_1_640' title='bbox 3079 1847 3196 1915; x_wconf 85' lang='lat' dir='ltr'><strong>ejus</strong></span> <span class='ocrx_word' id='word_1_641' title='bbox 3223 1851 3471 1910; x_wconf 78' lang='lat' dir='ltr'><strong>voluntas</strong></span> 
     </span>
    </p>
   </div>
   <div class='ocr_carea' id='block_1_80' title="bbox 1884 1916 3469 2004">
    <p class='ocr_par' dir='ltr' id='par_1_80' title="bbox 1884 1916 3469 2004">
     <span class='ocr_line' id='line_1_80' title="bbox 1884 1916 3469 2004; baseline 0.026 -41"><span class='ocrx_word' id='word_1_642' title='bbox 1884 1918 1989 1977; x_wconf 90' lang='lat' dir='ltr'><strong>est,</strong></span> <span class='ocrx_word' id='word_1_643' title='bbox 2044 1921 2097 1968; x_wconf 89' lang='lat' dir='ltr'><strong>et</strong></span> <span class='ocrx_word' id='word_1_644' title='bbox 2123 1916 2168 1970; x_wconf 92' lang='lat' dir='ltr'><strong>si</strong></span> <span class='ocrx_word' id='word_1_645' title='bbox 2199 1916 2319 1974; x_wconf 91' lang='lat' dir='ltr'><strong>ideo</strong></span> <span class='ocrx_word' id='word_1_646' title='bbox 2345 1925 2490 1979; x_wconf 90' lang='lat' dir='ltr'><strong>venit</strong></span> <span class='ocrx_word' id='word_1_647' title='bbox 2527 1927 2580 1981; x_wconf 92' lang='lat' dir='ltr'><strong>in</strong></span> <span class='ocrx_word' id='word_1_648' title='bbox 2622 1932 2899 2001; x_wconf 89' lang='lat' dir='ltr'><strong>mundum,</strong></span> <span class='ocrx_word' id='word_1_649' title='bbox 2931 1946 2988 1992; x_wconf 89' lang='lat' dir='ltr'><strong>ut</strong></span> <span class='ocrx_word' id='word_1_650' title='bbox 3032 1941 3236 1998; x_wconf 85' lang='lat' dir='ltr'><strong>salvum</strong></span> <span class='ocrx_word' id='word_1_651' title='bbox 3269 1944 3469 2004; x_wconf 85' lang='lat' dir='ltr'><strong>faceret</strong></span> 
     </span>
    </p>
   </div>
   <div class='ocr_carea' id='block_1_81' title="bbox 1884 2001 3463 2100">
    <p class='ocr_par' dir='ltr' id='par_1_81' title="bbox 1884 2001 3463 2100">
     <span class='ocr_line' id='line_1_81' title="bbox 1884 2001 3463 2100; baseline 0.027 -47"><span class='ocrx_word' id='word_1_652' title='bbox 1884 2001 2190 2062; x_wconf 87' lang='lat' dir='ltr'><strong>universum</strong></span> <span class='ocrx_word' id='word_1_653' title='bbox 2217 2010 2399 2067; x_wconf 90' lang='lat' dir='ltr'><strong>orbem</strong></span> <span class='ocrx_word' id='word_1_654' title='bbox 2433 2015 2471 2082; x_wconf 77' lang='grc' dir='ltr'><strong>ί,</strong></span> <span class='ocrx_word' id='word_1_655' title='bbox 2503 2019 2590 2087; x_wconf 89' lang='lat' dir='ltr'><strong>qni</strong></span> <span class='ocrx_word' id='word_1_656' title='bbox 2637 2036 2742 2076; x_wconf 91' lang='lat' dir='ltr'><strong>non</strong></span> <span class='ocrx_word' id='word_1_657' title='bbox 2789 2025 3035 2095; x_wconf 90' lang='lat' dir='ltr'><strong>credunt,</strong></span> <span class='ocrx_word' id='word_1_658' title='bbox 3065 2031 3180 2100; x_wconf 87' lang='lat' dir='ltr'><strong>ejus</strong></span> <span class='ocrx_word' id='word_1_659' title='bbox 3214 2037 3463 2096; x_wconf 87' lang='lat' dir='ltr'><strong>volunta-</strong></span> 
     </span>
    </p>
   </div>
   <div class='ocr_carea' id='block_1_82' title="bbox 1885 2100 3462 2204">
    <p class='ocr_par' dir='ltr' id='par_1_82' title="bbox 1885 2100 3462 2204">
     <span class='ocr_line' id='line_1_82' title="bbox 1885 2100 3462 2204; baseline 0.027 -59"><span class='ocrx_word' id='word_1_660' title='bbox 1885 2100 1988 2147; x_wconf 90' lang='lat' dir='ltr'><strong>tem</strong></span> <span class='ocrx_word' id='word_1_661' title='bbox 2011 2101 2492 2168; x_wconf 86' lang='lat' dir='ltr'><strong>transgrediuntur.</strong></span> <span class='ocrx_word' id='word_1_662' title='bbox 2522 2107 2656 2164; x_wconf 87' lang='lat' dir='ltr'><strong>Cum</strong></span> <span class='ocrx_word' id='word_1_663' title='bbox 2677 2127 2805 2184; x_wconf 88' lang='lat' dir='ltr'><strong>ergo</strong></span> <span class='ocrx_word' id='word_1_664' title='bbox 2829 2116 2987 2174; x_wconf 89' lang='lat' dir='ltr'><strong>Pater</strong></span> <span class='ocrx_word' id='word_1_665' title='bbox 3010 2123 3239 2194; x_wconf 83' lang='lat' dir='ltr'><strong>aliquem</strong></span> <span class='ocrx_word' id='word_1_666' title='bbox 3261 2129 3462 2204; x_wconf 85' lang='lat' dir='ltr'><strong>dirigit,</strong></span> 
     </span>
    </p>
   </div>
   <div class='ocr_carea' id='block_1_83' title="bbox 1880 2179 3460 2291">
    <p class='ocr_par' dir='ltr' id='par_1_83' title="bbox 1880 2179 3460 2291">
     <span class='ocr_line' id='line_1_83' title="bbox 1880 2179 3460 2291; baseline 0.03 -58"><span class='ocrx_word' id='word_1_667' title='bbox 1880 2179 2068 2253; x_wconf 88' lang='lat' dir='ltr'><strong>inquit,</strong></span> <span class='ocrx_word' id='word_1_668' title='bbox 2103 2187 2500 2261; x_wconf 86' lang='lat' dir='ltr'><strong>nihilprohibet</strong></span> <span class='ocrx_word' id='word_1_669' title='bbox 2523 2213 2644 2254; x_wconf 90' lang='lat' dir='ltr'><strong>eum</strong></span> <span class='ocrx_word' id='word_1_670' title='bbox 2668 2179 2842 2262; x_wconf 60' lang='lat' dir='ltr'><strong>adine</strong></span> <span class='ocrx_word' id='word_1_671' title='bbox 2867 2211 3071 2268; x_wconf 89' lang='lat' dir='ltr'><strong>venire.</strong></span> 
     </span>
    </p>
   </div>
   <div class='ocr_carea' id='block_1_84' title="bbox 1876 2272 3458 2372">
    <p class='ocr_par' dir='ltr' id='par_1_84' title="bbox 1876 2272 3458 2372">
     <span class='ocr_line' id='line_1_84' title="bbox 1876 2272 3458 2372; baseline 0.03 -48"><span class='ocrx_word' id='word_1_672' title='bbox 1876 2272 1972 2341; x_wconf 87' lang='lat' dir='ltr'><strong>git,</strong></span> <span class='ocrx_word' id='word_1_673' title='bbox 2002 2273 2169 2332; x_wconf 87' lang='lat' dir='ltr'><strong>Nemo</strong></span> <span class='ocrx_word' id='word_1_674' title='bbox 2191 2292 2352 2350; x_wconf 86' lang='lat' dir='ltr'><strong>potest</strong></span> <span class='ocrx_word' id='word_1_675' title='bbox 2386 2289 2552 2344; x_wconf 76' lang='lat' dir='ltr'><strong>uenire</strong></span> <span class='ocrx_word' id='word_1_676' title='bbox 2575 2293 2645 2345; x_wconf 90' lang='lat' dir='ltr'><strong>ad</strong></span> <span class='ocrx_word' id='word_1_677' title='bbox 2662 2312 2758 2362; x_wconf 85' lang='lat' dir='ltr'><strong>me,</strong></span> <span class='ocrx_word' id='word_1_678' title='bbox 2791 2301 2889 2354; x_wconf 89' lang='lat' dir='ltr'><strong>nisi</strong></span> <span class='ocrx_word' id='word_1_679' title='bbox 2915 2301 3071 2359; x_wconf 87' lang='lat' dir='ltr'><strong>Pater</strong></span> <span class='ocrx_word' id='word_1_680' title='bbox 3087 2315 3298 2367; x_wconf 76' lang='lat' dir='ltr'><strong>traxerit</strong></span> <span class='ocrx_word' id='word_1_681' title='bbox 3324 2331 3458 2372; x_wconf 88' lang='lat' dir='ltr'><strong>eum.</strong></span> 
     </span>
    </p>
   </div>
   <div class='ocr_carea' id='block_1_85' title="bbox 1877 2363 3462 2464">
    <p class='ocr_par' dir='ltr' id='par_1_85' title="bbox 1877 2363 3462 2464">
     <span class='ocr_line' id='line_1_85' title="bbox 1877 2363 3462 2464; baseline 0.029 -45"><span class='ocrx_word' id='word_1_682' title='bbox 1877 2363 2070 2424; x_wconf 84' lang='lat' dir='ltr'><strong>Paulus</strong></span> <span class='ocrx_word' id='word_1_683' title='bbox 2102 2386 2230 2427; x_wconf 87' lang='lat' dir='ltr'><strong>vero</strong></span> <span class='ocrx_word' id='word_1_684' title='bbox 2257 2374 2409 2446; x_wconf 77' lang='lat' dir='ltr'><strong>dixit,</strong></span> <span class='ocrx_word' id='word_1_685' title='bbox 2445 2379 2560 2451; x_wconf 91' lang='lat' dir='ltr'><strong>Ipse</strong></span> <span class='ocrx_word' id='word_1_686' title='bbox 2609 2386 2769 2442; x_wconf 90' lang='lat' dir='ltr'><strong>tradit</strong></span> <span class='ocrx_word' id='word_1_687' title='bbox 2810 2405 2904 2448; x_wconf 91' lang='lat' dir='ltr'><strong>eos</strong></span> <span class='ocrx_word' id='word_1_688' title='bbox 2943 2394 3088 2452; x_wconf 88' lang='lat' dir='ltr'><strong>Patri</strong></span> <span class='ocrx_word' id='word_1_689' title='bbox 3117 2418 3130 2453; x_wconf 89' lang='lat'><strong>:</strong></span> <span class='ocrx_word' id='word_1_690' title='bbox 3159 2400 3284 2459; x_wconf 85' lang='lat' dir='ltr'><strong>Cum</strong></span> <span class='ocrx_word' id='word_1_691' title='bbox 3325 2409 3462 2464; x_wconf 87' lang='lat' dir='ltr'><strong>enim</strong></span> 
     </span>
    </p>
   </div>
   <div class='ocr_carea' id='block_1_86' title="bbox 1876 2457 3460 2565">
    <p class='ocr_par' dir='ltr' id='par_1_86' title="bbox 1876 2457 3460 2565">
     <span class='ocr_line' id='line_1_86' title="bbox 1876 2457 3460 2565; baseline 0.029 -58"><span class='ocrx_word' id='word_1_692' title='bbox 1876 2457 2138 2514; x_wconf 88' lang='lat' dir='ltr'><strong>tradiderit</strong></span> <span class='ocrx_word' id='word_1_693' title='bbox 2153 2479 2361 2534; x_wconf 86' lang='lat' dir='ltr'><strong>regnum</strong></span> <span class='ocrx_word' id='word_1_694' title='bbox 2381 2468 2488 2525; x_wconf 89' lang='lat' dir='ltr'><strong>Deo</strong></span> <span class='ocrx_word' id='word_1_695' title='bbox 2507 2481 2554 2526; x_wconf 90' lang='lat' dir='ltr'><strong>et</strong></span> <span class='ocrx_word' id='word_1_696' title='bbox 2575 2473 2720 2529; x_wconf 90' lang='lat' dir='ltr'><strong>Patri</strong></span> <span class='ocrx_word' id='word_1_697' title='bbox 2743 2483 2758 2548; x_wconf 94' lang='lat'>(</span> <span class='ocrx_word' id='word_1_698' title='bbox 2782 2481 2833 2534; x_wconf 86' lang='lat' dir='ltr'><strong>I.</strong></span> <span class='ocrx_word' id='word_1_699' title='bbox 2854 2482 2972 2540; x_wconf 85' lang='lat' dir='ltr'><strong>Cor.</strong></span> <span class='ocrx_word' id='word_1_700' title='bbox 2998 2487 3084 2543; x_wconf 80' lang='lat' dir='ltr'><strong>l5.</strong></span> <span class='ocrx_word' id='word_1_701' title='bbox 3115 2489 3184 2547; x_wconf 63' lang='grc' dir='ltr'>ἐι</span> 
     </span>
    </p>
   </div>
   <div class='ocr_carea' id='block_1_87' title="bbox 1879 2545 3457 2660">
    <p class='ocr_par' dir='ltr' id='par_1_87' title="bbox 1879 2545 3457 2660">
     <span class='ocr_line' id='line_1_87' title="bbox 1879 2545 3457 2660; baseline 0.032 -63"><span class='ocrx_word' id='word_1_702' title='bbox 1879 2545 2166 2606; x_wconf 87' lang='lat' dir='ltr'><strong>admodum</strong></span> <span class='ocrx_word' id='word_1_703' title='bbox 2190 2569 2318 2626; x_wconf 85' lang='lat' dir='ltr'><strong>ergo</strong></span> <span class='ocrx_word' id='word_1_704' title='bbox 2343 2559 2501 2617; x_wconf 79' lang='lat' dir='ltr'><strong>Pater</strong></span> <span class='ocrx_word' id='word_1_705' title='bbox 2525 2577 2646 2621; x_wconf 90' lang='lat' dir='ltr'><strong>cum</strong></span> <span class='ocrx_word' id='word_1_706' title='bbox 2668 2545 2776 2634; x_wconf 87' lang='lat' dir='ltr'><strong>dat,</strong></span> <span class='ocrx_word' id='word_1_707' title='bbox 2809 2587 2914 2630; x_wconf 89' lang='lat' dir='ltr'><strong>non</strong></span> <span class='ocrx_word' id='word_1_708' title='bbox 2943 2591 3002 2632; x_wconf 87' lang='lat' dir='ltr'><strong>se</strong></span> <span class='ocrx_word' id='word_1_709' title='bbox 3026 2545 3457 2660; x_wconf 37' lang='lat' dir='ltr'><strong>priva—tleo‘quod</strong></span> 
     </span>
    </p>
   </div>
   <div class='ocr_carea' id='block_1_88' title="bbox 1871 2634 3454 2738">
    <p class='ocr_par' dir='ltr' id='par_1_88' title="bbox 1871 2634 3454 2738">
     <span class='ocr_line' id='line_1_88' title="bbox 1871 2634 3454 2738; baseline 0.031 -50"><span class='ocrx_word' id='word_1_710' title='bbox 1871 2634 1964 2690; x_wconf 90' lang='lat' dir='ltr'><strong>dat</strong></span> <span class='ocrx_word' id='word_1_711' title='bbox 1993 2641 2107 2695; x_wconf 90' lang='lat' dir='ltr'><strong>:sic</strong></span> <span class='ocrx_word' id='word_1_712' title='bbox 2122 2652 2174 2698; x_wconf 90' lang='lat' dir='ltr'><strong>et</strong></span> <span class='ocrx_word' id='word_1_713' title='bbox 2202 2643 2366 2703; x_wconf 83' lang='lat' dir='ltr'><strong>Filius</strong></span> <span class='ocrx_word' id='word_1_714' title='bbox 2395 2664 2515 2707; x_wconf 92' lang='lat' dir='ltr'><strong>cum</strong></span> <span class='ocrx_word' id='word_1_715' title='bbox 2555 2658 2806 2730; x_wconf 86' lang='lat' dir='ltr'><strong>tradidit,</strong></span> <span class='ocrx_word' id='word_1_716' title='bbox 2836 2666 2980 2723; x_wconf 88' lang='lat' dir='ltr'><strong>nullo</strong></span> <span class='ocrx_word' id='word_1_717' title='bbox 3015 2634 3135 2728; x_wconf 71' lang='lat' dir='ltr'><strong>sese</strong></span> <span class='ocrx_word' id='word_1_718' title='bbox 3169 2634 3454 2738; x_wconf 56' lang='lat' dir='ltr'><strong>fraudavit.</strong></span> 
     </span>
    </p>
   </div>
   <div class='ocr_carea' id='block_1_89' title="bbox 1872 2724 3452 2829">
    <p class='ocr_par' dir='ltr' id='par_1_89' title="bbox 1872 2724 3452 2829">
     <span class='ocr_line' id='line_1_89' title="bbox 1872 2724 3452 2829; baseline 0.032 -50"><span class='ocrx_word' id='word_1_719' title='bbox 1872 2724 2077 2784; x_wconf 89' lang='lat' dir='ltr'><strong>Dicitur</strong></span> <span class='ocrx_word' id='word_1_720' title='bbox 2123 2744 2299 2792; x_wconf 87' lang='lat' dir='ltr'><strong>autem</strong></span> <span class='ocrx_word' id='word_1_721' title='bbox 2347 2742 2575 2813; x_wconf 88' lang='lat' dir='ltr'><strong>tradere,</strong></span> <span class='ocrx_word' id='word_1_722' title='bbox 2605 2749 2726 2818; x_wconf 90' lang='lat' dir='ltr'><strong>quia</strong></span> <span class='ocrx_word' id='word_1_723' title='bbox 2773 2766 2870 2822; x_wconf 89' lang='lat' dir='ltr'><strong>per</strong></span> <span class='ocrx_word' id='word_1_724' title='bbox 2896 2770 3020 2814; x_wconf 91' lang='lat' dir='ltr'><strong>eum</strong></span> <span class='ocrx_word' id='word_1_725' title='bbox 3048 2776 3324 2824; x_wconf 87' lang='lat' dir='ltr'><strong>accessum</strong></span> <span class='ocrx_word' id='word_1_726' title='bbox 3351 2770 3452 2829; x_wconf 87' lang='lat' dir='ltr'><strong>ha-</strong></span> 
     </span>
    </p>
   </div>
   <div class='ocr_carea' id='block_1_90' title="bbox 1867 2814 2117 2878">
    <p class='ocr_par' dir='ltr' id='par_1_90' title="bbox 1867 2814 2117 2878">
     <span class='ocr_line' id='line_1_90' title="bbox 1867 2814 2117 2878; baseline 0.028 -7"><span class='ocrx_word' id='word_1_727' title='bbox 1867 2814 2117 2878; x_wconf 87' lang='lat' dir='ltr'><strong>bnimus.‘</strong></span> 
     </span>
    </p>
   </div>
   <div class='ocr_carea' id='block_1_91' title="bbox 1937 2911 3445 3014">
    <p class='ocr_par' dir='ltr' id='par_1_91' title="bbox 1937 2911 3445 3014">
     <span class='ocr_line' id='line_1_91' title="bbox 1937 2911 3445 3014; baseline 0.033 -49"><span class='ocrx_word' id='word_1_728' title='bbox 1937 2911 1991 2966; x_wconf 78' lang='grc'><strong>5.</strong></span> <span class='ocrx_word' id='word_1_729' title='bbox 2043 2914 2200 2973; x_wconf 80' lang='lat' dir='ltr'><strong>Fides</strong></span> <span class='ocrx_word' id='word_1_730' title='bbox 2247 2921 2300 2975; x_wconf 90' lang='lat' dir='ltr'><strong><em>in</em></strong></span> <span class='ocrx_word' id='word_1_731' title='bbox 2353 2924 2604 2986; x_wconf 85' lang='lat' dir='ltr'><strong>Christum</strong></span> <span class='ocrx_word' id='word_1_732' title='bbox 2653 2937 2821 3006; x_wconf 86' lang='lat' dir='ltr'><strong>gratia</strong></span> <span class='ocrx_word' id='word_1_733' title='bbox 2859 2956 2987 3012; x_wconf 87' lang='lat' dir='ltr'><strong>opus</strong></span> <span class='ocrx_word' id='word_1_734' title='bbox 3030 2948 3198 3005; x_wconf 84' lang='lat' dir='ltr'><strong>habet.</strong></span> <span class='ocrx_word' id='word_1_735' title='bbox 3226 2955 3445 3014; x_wconf 90' lang='lat' dir='ltr'><strong>—Illnd</strong></span> 
     </span>
    </p>
   </div>
   <div class='ocr_carea' id='block_1_92' title="bbox 1867 3006 3442 3113">
    <p class='ocr_par' dir='ltr' id='par_1_92' title="bbox 1867 3006 3442 3113">
     <span class='ocr_line' id='line_1_92' title="bbox 1867 3006 3442 3113; baseline 0.032 -58"><span class='ocrx_word' id='word_1_736' title='bbox 1867 3016 2014 3069; x_wconf 90' lang='lat' dir='ltr'><strong>vero,</strong></span> <span class='ocrx_word' id='word_1_737' title='bbox 2043 3006 2144 3062; x_wconf 85' lang='lat' dir='ltr'><strong>Per</strong></span> <span class='ocrx_word' id='word_1_738' title='bbox 2165 3027 2332 3079; x_wconf 86' lang='lat' dir='ltr'><strong>quem,</strong></span> <span class='ocrx_word' id='word_1_739' title='bbox 2361 3016 2428 3072; x_wconf 89' lang='lat' dir='ltr'><strong>de</strong></span> <span class='ocrx_word' id='word_1_740' title='bbox 2445 3015 2602 3077; x_wconf 89' lang='lat' dir='ltr'><strong>Patre</strong></span> <span class='ocrx_word' id='word_1_741' title='bbox 2623 3040 2833 3098; x_wconf 87' lang='lat' dir='ltr'><strong>quoque</strong></span> <span class='ocrx_word' id='word_1_742' title='bbox 2855 3006 3071 3105; x_wconf 81' lang='lat' dir='ltr'><strong>dicitur,</strong></span> <span class='ocrx_word' id='word_1_743' title='bbox 3097 3052 3152 3096; x_wconf 91' lang='lat' dir='ltr'><strong>ut</strong></span> <span class='ocrx_word' id='word_1_744' title='bbox 3179 3042 3279 3099; x_wconf 87' lang='lat' dir='ltr'><strong>hoc</strong></span> <span class='ocrx_word' id='word_1_745' title='bbox 3300 3047 3442 3113; x_wconf 90' lang='lat' dir='ltr'><strong>loco.</strong></span> 
     </span>
    </p>
   </div>
   <div class='ocr_carea' id='block_1_93' title="bbox 1868 3093 3445 3209">
    <p class='ocr_par' dir='ltr' id='par_1_93' title="bbox 1868 3093 3445 3209">
     <span class='ocr_line' id='line_1_93' title="bbox 2641 3093 3442 3113; baseline 0.031 -21"><span class='ocrx_word' id='word_1_746' title='bbox 2641 3093 2645 3094; x_wconf 25' lang='grc' dir='ltr'><em>γ</em></span> <span class='ocrx_word' id='word_1_747' title='bbox 2747 3093 2759 3098; x_wconf 77' lang='grc'><strong>-</strong></span> <span class='ocrx_word' id='word_1_748' title='bbox 3055 3093 3069 3105; x_wconf 84' lang='grc'><strong><em>1</em></strong></span> <span class='ocrx_word' id='word_1_749' title='bbox 3106 3093 3149 3096; x_wconf 54' lang='grc' dir='ltr'><strong>π-</strong></span> <span class='ocrx_word' id='word_1_750' title='bbox 3180 3093 3208 3096; x_wconf 95' lang='grc'><strong><em>--</em></strong></span> <span class='ocrx_word' id='word_1_751' title='bbox 3234 3093 3278 3099; x_wconf 54' lang='grc'><strong>&gt;-</strong></span> <span class='ocrx_word' id='word_1_752' title='bbox 3300 3093 3442 3113; x_wconf 67' lang='grc' dir='ltr'><strong>συν-ὀ</strong></span> 
     </span>
     <span class='ocr_line' id='line_1_94' title="bbox 1868 3093 3445 3209; baseline 0.031 -63"><span class='ocrx_word' id='word_1_753' title='bbox 1868 3093 1972 3149; x_wconf 86' lang='lat' dir='ltr'><strong>Per</strong></span> <span class='ocrx_word' id='word_1_754' title='bbox 1992 3114 2141 3168; x_wconf 77' lang='lat' dir='ltr'><strong>quem</strong></span> <span class='ocrx_word' id='word_1_755' title='bbox 2185 3109 2348 3160; x_wconf 79' lang='lat' dir='ltr'><strong>uocati</strong></span> <span class='ocrx_word' id='word_1_756' title='bbox 2390 3113 2508 3165; x_wconf 88' lang='lat' dir='ltr'><strong>estis</strong></span> <span class='ocrx_word' id='word_1_757' title='bbox 2545 3116 2598 3168; x_wconf 88' lang='lat' dir='ltr'><strong>in</strong></span> <span class='ocrx_word' id='word_1_758' title='bbox 2624 3123 3124 3184; x_wconf 84' lang='lat' dir='ltr'><strong>communicationem</strong></span> <span class='ocrx_word' id='word_1_759' title='bbox 3165 3133 3294 3189; x_wconf 82' lang='lat' dir='ltr'><strong>Filii</strong></span> <span class='ocrx_word' id='word_1_760' title='bbox 3333 3141 3445 3209; x_wconf 86' lang='lat' dir='ltr'><strong>ejus</strong></span> 
     </span>
     <span class='ocr_line' id='line_1_95' title="bbox 1868 3185 2426 3209; baseline 0.025 -1"><span class='ocrx_word' id='word_1_761' title='bbox 1868 3185 1913 3209; x_wconf 80' lang='grc' dir='ltr'>η</span> <span class='ocrx_word' id='word_1_762' title='bbox 1985 3187 2083 3209; x_wconf 68' lang='lat' dir='ltr'><strong>1v-.-</strong></span> <span class='ocrx_word' id='word_1_763' title='bbox 2154 3194 2170 3209; x_wconf 88' lang='lat'><strong>-</strong></span> <span class='ocrx_word' id='word_1_764' title='bbox 2232 3194 2283 3209; x_wconf 67' lang='lat' dir='ltr'><strong>In</strong></span> <span class='ocrx_word' id='word_1_765' title='bbox 2376 3200 2388 3209; x_wconf 91' lang='lat'><strong>-</strong></span> <span class='ocrx_word' id='word_1_766' title='bbox 2413 3197 2426 3209; x_wconf 84' lang='grc'><strong>·</strong></span> 
     </span>
    </p>
   </div>
   <div class='ocr_carea' id='block_1_94' title="bbox 1864 3185 3446 3293">
    <p class='ocr_par' dir='ltr' id='par_1_94' title="bbox 1864 3185 3446 3293">
     <span class='ocr_line' id='line_1_96' title="bbox 1864 3185 3446 3293; baseline 0.03 -55"><span class='ocrx_word' id='word_1_767' title='bbox 1864 3185 1942 3256; x_wconf 86' lang='lat' dir='ltr'><strong>(I.</strong></span> <span class='ocrx_word' id='word_1_768' title='bbox 1984 3187 2102 3245; x_wconf 78' lang='lat' dir='ltr'><strong>Cor.</strong></span> <span class='ocrx_word' id='word_1_769' title='bbox 2148 3194 2198 3246; x_wconf 75' lang='grc' dir='ltr'>ι.</span> <span class='ocrx_word' id='word_1_770' title='bbox 2232 3194 2329 3263; x_wconf 84' lang='lat'><strong>9);</strong></span> <span class='ocrx_word' id='word_1_771' title='bbox 2373 3197 2426 3253; x_wconf 91' lang='lat' dir='ltr'><strong>id</strong></span> <span class='ocrx_word' id='word_1_772' title='bbox 2455 3211 2570 3269; x_wconf 88' lang='lat' dir='ltr'><strong>est,</strong></span> <span class='ocrx_word' id='word_1_773' title='bbox 2613 3219 2711 3274; x_wconf 90' lang='lat' dir='ltr'><strong>per</strong></span> <span class='ocrx_word' id='word_1_774' title='bbox 2756 3213 3080 3274; x_wconf 87' lang='lat' dir='ltr'><strong>voluntatem</strong></span> <span class='ocrx_word' id='word_1_775' title='bbox 3127 3185 3446 3293; x_wconf 54' lang='grc' dir='ltr'><strong>ς”ξξ</strong></span> 
     </span>
    </p>
   </div>
   <div class='ocr_carea' id='block_1_95' title="bbox 1861 3285 3443 3380">
    <p class='ocr_par' dir='ltr' id='par_1_95' title="bbox 1861 3285 3443 3380">
     <span class='ocr_line' id='line_1_97' title="bbox 1861 3285 3443 3380; baseline 0.027 -47"><span class='ocrx_word' id='word_1_776' title='bbox 1861 3296 2072 3338; x_wconf 89' lang='lat' dir='ltr'><strong>rursum</strong></span> <span class='ocrx_word' id='word_1_777' title='bbox 2097 3327 2113 3352; x_wconf 94' lang='lat'><strong>,</strong></span> <span class='ocrx_word' id='word_1_778' title='bbox 2146 3285 2332 3344; x_wconf 86' lang='lat' dir='ltr'><strong>Beatus</strong></span> <span class='ocrx_word' id='word_1_779' title='bbox 2359 3309 2410 3346; x_wconf 90' lang='lat' dir='ltr'><strong>es</strong></span> <span class='ocrx_word' id='word_1_780' title='bbox 2432 3333 2448 3358; x_wconf 93' lang='lat'><strong>,</strong></span> <span class='ocrx_word' id='word_1_781' title='bbox 2476 3295 2655 3352; x_wconf 88' lang='lat' dir='ltr'><strong>Simon</strong></span> <span class='ocrx_word' id='word_1_782' title='bbox 2701 3300 2807 3356; x_wconf 82' lang='lat' dir='ltr'><strong>Bar</strong></span> <span class='ocrx_word' id='word_1_783' title='bbox 2845 3304 2982 3361; x_wconf 80' lang='lat' dir='ltr'><strong>Iona</strong></span> <span class='ocrx_word' id='word_1_784' title='bbox 3004 3350 3020 3374; x_wconf 92' lang='lat'><strong>,</strong></span> <span class='ocrx_word' id='word_1_785' title='bbox 3065 3313 3183 3380; x_wconf 88' lang='lat' dir='ltr'><strong>quia</strong></span> <span class='ocrx_word' id='word_1_786' title='bbox 3232 3334 3350 3374; x_wconf 88' lang='lat' dir='ltr'><strong>caro</strong></span> <span class='ocrx_word' id='word_1_787' title='bbox 3395 3333 3443 3376; x_wconf 87' lang='lat' dir='ltr'><strong>et</strong></span> 
     </span>
    </p>
   </div>
   <div class='ocr_carea' id='block_1_96' title="bbox 1859 3377 3442 3474">
    <p class='ocr_par' dir='ltr' id='par_1_96' title="bbox 1859 3377 3442 3474">
     <span class='ocr_line' id='line_1_98' title="bbox 1859 3377 3442 3474; baseline 0.028 -48"><span class='ocrx_word' id='word_1_788' title='bbox 1859 3377 2065 3446; x_wconf 87' lang='lat' dir='ltr'><strong>sanguis</strong></span> <span class='ocrx_word' id='word_1_789' title='bbox 2091 3395 2191 3433; x_wconf 85' lang='lat' dir='ltr'><strong>non</strong></span> <span class='ocrx_word' id='word_1_790' title='bbox 2240 3384 2475 3440; x_wconf 78' lang='lat' dir='ltr'><strong>reuelauit</strong></span> <span class='ocrx_word' id='word_1_791' title='bbox 2523 3389 2612 3442; x_wconf 88' lang='lat' dir='ltr'><strong>tibi</strong></span> <span class='ocrx_word' id='word_1_792' title='bbox 2651 3391 2860 3462; x_wconf 76' lang='lat' dir='ltr'><strong>(Matth.</strong></span> <span class='ocrx_word' id='word_1_793' title='bbox 2891 3398 2976 3454; x_wconf 80' lang='grc'><strong>16.</strong></span> <span class='ocrx_word' id='word_1_794' title='bbox 3011 3377 3126 3474; x_wconf 59' lang='lat' dir='ltr'><strong>Il).</strong></span> <span class='ocrx_word' id='word_1_795' title='bbox 3165 3405 3276 3464; x_wconf 83' lang='lat' dir='ltr'><strong>Hoc</strong></span> <span class='ocrx_word' id='word_1_796' title='bbox 3321 3411 3442 3470; x_wconf 89' lang='lat' dir='ltr'><strong>loco</strong></span> 
     </span>
    </p>
   </div>
   <div class='ocr_carea' id='block_1_97' title="bbox 1860 3463 3437 3570">
    <p class='ocr_par' dir='ltr' id='par_1_97' title="bbox 1860 3463 3437 3570">
     <span class='ocr_line' id='line_1_99' title="bbox 1860 3463 3437 3570; baseline 0.027 -52"><span class='ocrx_word' id='word_1_797' title='bbox 1860 3463 1974 3521; x_wconf 68' lang='lat' dir='ltr'><strong>haec</strong></span> <span class='ocrx_word' id='word_1_798' title='bbox 2001 3466 2112 3524; x_wconf 89' lang='lat' dir='ltr'><strong>fere</strong></span> <span class='ocrx_word' id='word_1_799' title='bbox 2141 3469 2442 3530; x_wconf 89' lang='lat' dir='ltr'><strong>subindicat</strong></span> <span class='ocrx_word' id='word_1_800' title='bbox 2472 3494 2486 3533; x_wconf 90' lang='lat'><strong>:</strong></span> <span class='ocrx_word' id='word_1_801' title='bbox 2515 3478 2674 3536; x_wconf 90' lang='lat' dir='ltr'><strong>Fides</strong></span> <span class='ocrx_word' id='word_1_802' title='bbox 2695 3483 2748 3538; x_wconf 94' lang='lat' dir='ltr'><strong>in</strong></span> <span class='ocrx_word' id='word_1_803' title='bbox 2779 3501 2864 3542; x_wconf 92' lang='lat' dir='ltr'><strong>me</strong></span> <span class='ocrx_word' id='word_1_804' title='bbox 2886 3505 2990 3545; x_wconf 91' lang='lat' dir='ltr'><strong>non</strong></span> <span class='ocrx_word' id='word_1_805' title='bbox 3019 3463 3179 3563; x_wconf 73' lang='lat' dir='ltr'><strong>parva</strong></span> <span class='ocrx_word' id='word_1_806' title='bbox 3209 3463 3295 3556; x_wconf 84' lang='lat' dir='ltr'><strong>res</strong></span> 
     </span>
    </p>
   </div>
   <div class='ocr_carea' id='block_1_98' title="bbox 1857 3555 3438 3661">
    <p class='ocr_par' dir='ltr' id='par_1_98' title="bbox 1857 3555 3438 3661">
     <span class='ocr_line' id='line_1_100' title="bbox 1857 3555 3438 3661; baseline 0.025 -51"><span class='ocrx_word' id='word_1_807' title='bbox 1857 3555 1953 3611; x_wconf 90' lang='lat' dir='ltr'><strong>sed</strong></span> <span class='ocrx_word' id='word_1_808' title='bbox 1979 3571 2208 3628; x_wconf 86' lang='lat' dir='ltr'><strong>superna</strong></span> <span class='ocrx_word' id='word_1_809' title='bbox 2227 3565 2396 3632; x_wconf 87' lang='lat' dir='ltr'><strong>gratia</strong></span> <span class='ocrx_word' id='word_1_810' title='bbox 2423 3581 2558 3637; x_wconf 91' lang='lat' dir='ltr'><strong>opus</strong></span> <span class='ocrx_word' id='word_1_811' title='bbox 2579 3569 2760 3629; x_wconf 87' lang='lat' dir='ltr'><strong>habet.</strong></span> <span class='ocrx_word' id='word_1_812' title='bbox 2791 3575 2856 3631; x_wconf 88' lang='lat' dir='ltr'><strong>Et</strong></span> <span class='ocrx_word' id='word_1_813' title='bbox 2882 3579 2984 3635; x_wconf 89' lang='lat' dir='ltr'><strong>hoc</strong></span> <span class='ocrx_word' id='word_1_814' title='bbox 3009 3555 3201 3656; x_wconf 79' lang='lat' dir='ltr'><strong>ubique</strong></span> <span class='ocrx_word' id='word_1_815' title='bbox 3229 3555 3438 3661; x_wconf 63' lang='lat' dir='ltr'><strong>statuit:</strong></span> 
     </span>
    </p>
   </div>
   <div class='ocr_carea' id='block_1_99' title="bbox 1857 3649 3440 3755">
    <p class='ocr_par' dir='ltr' id='par_1_99' title="bbox 1857 3649 3440 3755">
     <span class='ocr_line' id='line_1_101' title="bbox 1857 3649 3440 3755; baseline 0.025 -53"><span class='ocrx_word' id='word_1_816' title='bbox 1857 3649 2148 3705; x_wconf 89' lang='lat' dir='ltr'><strong>ostendens</strong></span> <span class='ocrx_word' id='word_1_817' title='bbox 2171 3667 2487 3723; x_wconf 88' lang='lat' dir='ltr'><strong>generosam</strong></span> <span class='ocrx_word' id='word_1_818' title='bbox 2509 3661 2761 3731; x_wconf 84' lang='lat' dir='ltr'><strong>animam,</strong></span> <span class='ocrx_word' id='word_1_819' title='bbox 2792 3682 2821 3721; x_wconf 87' lang='lat' dir='ltr'><strong>a</strong></span> <span class='ocrx_word' id='word_1_820' title='bbox 2843 3669 2952 3726; x_wconf 87' lang='lat' dir='ltr'><strong>Deo</strong></span> <span class='ocrx_word' id='word_1_821' title='bbox 2976 3683 3276 3746; x_wconf 85' lang='lat' dir='ltr'><strong>altractam,</strong></span> <span class='ocrx_word' id='word_1_822' title='bbox 3301 3698 3440 3755; x_wconf 80' lang='lat' dir='ltr'><strong>Opus</strong></span> 
     </span>
    </p>
   </div>
   <div class='ocr_carea' id='block_1_100' title="bbox 1857 3737 3439 3834">
    <p class='ocr_par' dir='ltr' id='par_1_100' title="bbox 1857 3737 3439 3834">
     <span class='ocr_line' id='line_1_102' title="bbox 1857 3737 3439 3834; baseline 0.027 -42"><span class='ocrx_word' id='word_1_823' title='bbox 1857 3737 2055 3796; x_wconf 86' lang='lat' dir='ltr'><strong>habere</strong></span> <span class='ocrx_word' id='word_1_824' title='bbox 2101 3742 2222 3799; x_wconf 85' lang='lat' dir='ltr'><strong>ﬁde.</strong></span> <span class='ocrx_word' id='word_1_825' title='bbox 2261 3745 2364 3802; x_wconf 89' lang='lat' dir='ltr'><strong>Sed</strong></span> <span class='ocrx_word' id='word_1_826' title='bbox 2395 3749 2540 3806; x_wconf 90' lang='lat' dir='ltr'><strong>dicet</strong></span> <span class='ocrx_word' id='word_1_827' title='bbox 2569 3752 2793 3813; x_wconf 84' lang='lat' dir='ltr'><strong>fortasse</strong></span> <span class='ocrx_word' id='word_1_828' title='bbox 2821 3762 3081 3833; x_wconf 89' lang='lat' dir='ltr'><strong>quispiam</strong></span> <span class='ocrx_word' id='word_1_829' title='bbox 3115 3785 3130 3822; x_wconf 91' lang='lat'><strong>:</strong></span> <span class='ocrx_word' id='word_1_830' title='bbox 3170 3769 3224 3826; x_wconf 92' lang='lat' dir='ltr'><strong>Si</strong></span> <span class='ocrx_word' id='word_1_831' title='bbox 3266 3737 3439 3834; x_wconf 69' lang='lat' dir='ltr'><strong>omne</strong></span> 
     </span>
    </p>
   </div>
   <div class='ocr_carea' id='block_1_101' title="bbox 1855 3831 3438 3932">
    <p class='ocr_par' dir='ltr' id='par_1_101' title="bbox 1855 3831 3438 3932">
     <span class='ocr_line' id='line_1_103' title="bbox 1855 3831 3438 3932; baseline 0.027 -51"><span class='ocrx_word' id='word_1_832' title='bbox 1855 3831 1998 3899; x_wconf 87' lang='lat' dir='ltr'><strong>quod</strong></span> <span class='ocrx_word' id='word_1_833' title='bbox 2025 3832 2115 3888; x_wconf 88' lang='lat' dir='ltr'><strong>dat</strong></span> <span class='ocrx_word' id='word_1_834' title='bbox 2152 3835 2330 3903; x_wconf 89' lang='lat' dir='ltr'><strong>Pater,</strong></span> <span class='ocrx_word' id='word_1_835' title='bbox 2377 3843 2520 3896; x_wconf 86' lang='lat' dir='ltr'><strong>venit</strong></span> <span class='ocrx_word' id='word_1_836' title='bbox 2555 3843 2622 3898; x_wconf 86' lang='lat' dir='ltr'><strong>ad</strong></span> <span class='ocrx_word' id='word_1_837' title='bbox 2673 3855 2760 3916; x_wconf 91' lang='lat' dir='ltr'><strong>te,</strong></span> <span class='ocrx_word' id='word_1_838' title='bbox 2806 3851 2851 3905; x_wconf 87' lang='lat' dir='ltr'><strong>si</strong></span> <span class='ocrx_word' id='word_1_839' title='bbox 2881 3831 2957 3908; x_wconf 86' lang='lat' dir='ltr'><strong>illi</strong></span> <span class='ocrx_word' id='word_1_840' title='bbox 3001 3857 3128 3913; x_wconf 90' lang='lat' dir='ltr'><strong>item</strong></span> <span class='ocrx_word' id='word_1_841' title='bbox 3167 3876 3302 3932; x_wconf 90' lang='lat' dir='ltr'><strong>quos</strong></span> <span class='ocrx_word' id='word_1_842' title='bbox 3345 3831 3438 3925; x_wconf 75' lang='lat' dir='ltr'><strong>ille</strong></span> 
     </span>
    </p>
   </div>
   <div class='ocr_carea' id='block_1_102' title="bbox 1856 3923 3434 4022">
    <p class='ocr_par' dir='ltr' id='par_1_102' title="bbox 1856 3923 3434 4022">
     <span class='ocr_line' id='line_1_104' title="bbox 1856 3923 3434 4022; baseline 0.025 -47"><span class='ocrx_word' id='word_1_843' title='bbox 1856 3923 2037 3991; x_wconf 87' lang='lat' dir='ltr'><strong>trahit,</strong></span> <span class='ocrx_word' id='word_1_844' title='bbox 2066 3935 2118 3981; x_wconf 89' lang='lat' dir='ltr'><strong>et</strong></span> <span class='ocrx_word' id='word_1_845' title='bbox 2147 3927 2191 3982; x_wconf 92' lang='lat' dir='ltr'><strong>si</strong></span> <span class='ocrx_word' id='word_1_846' title='bbox 2219 3945 2376 3986; x_wconf 90' lang='lat' dir='ltr'><strong>nemo</strong></span> <span class='ocrx_word' id='word_1_847' title='bbox 2401 3941 2577 4002; x_wconf 88' lang='lat' dir='ltr'><strong>potest</strong></span> <span class='ocrx_word' id='word_1_848' title='bbox 2599 3938 2664 3991; x_wconf 91' lang='lat' dir='ltr'><strong>ad</strong></span> <span class='ocrx_word' id='word_1_849' title='bbox 2696 3947 2748 3994; x_wconf 90' lang='lat' dir='ltr'><strong>te</strong></span> <span class='ocrx_word' id='word_1_850' title='bbox 2768 3945 2971 4012; x_wconf 90' lang='lat' dir='ltr'><strong>venire,</strong></span> <span class='ocrx_word' id='word_1_851' title='bbox 3000 3951 3099 4006; x_wconf 91' lang='lat' dir='ltr'><strong>nisi</strong></span> <span class='ocrx_word' id='word_1_852' title='bbox 3121 3923 3220 4022; x_wconf 76' lang='lat' dir='ltr'><strong>ipsi</strong></span> <span class='ocrx_word' id='word_1_853' title='bbox 3251 3956 3434 4016; x_wconf 87' lang='lat' dir='ltr'><strong>datum</strong></span> 
     </span>
    </p>
   </div>
   <div class='ocr_carea' id='block_1_103' title="bbox 1857 4014 3433 4111">
    <p class='ocr_par' dir='ltr' id='par_1_103' title="bbox 1857 4014 3433 4111">
     <span class='ocr_line' id='line_1_105' title="bbox 1857 4014 3433 4111; baseline 0.023 -42"><span class='ocrx_word' id='word_1_854' title='bbox 1857 4014 2018 4070; x_wconf 84' lang='lat' dir='ltr'><strong>luerit</strong></span> <span class='ocrx_word' id='word_1_855' title='bbox 2052 4017 2320 4090; x_wconf 89' lang='lat' dir='ltr'><strong>desuper;</strong></span> <span class='ocrx_word' id='word_1_856' title='bbox 2374 4023 2407 4077; x_wconf 92' lang='lat' dir='ltr'><strong><em>ii</em></strong></span> <span class='ocrx_word' id='word_1_857' title='bbox 2437 4024 2630 4094; x_wconf 86' lang='lat' dir='ltr'><strong>quibus</strong></span> <span class='ocrx_word' id='word_1_858' title='bbox 2675 4044 2780 4084; x_wconf 91' lang='lat' dir='ltr'><strong>non</strong></span> <span class='ocrx_word' id='word_1_859' title='bbox 2821 4032 2872 4088; x_wconf 92' lang='lat' dir='ltr'><strong>id</strong></span> <span class='ocrx_word' id='word_1_860' title='bbox 2921 4036 3013 4092; x_wconf 86' lang='lat' dir='ltr'><strong>dat</strong></span> <span class='ocrx_word' id='word_1_861' title='bbox 3064 4014 3239 4111; x_wconf 73' lang='lat' dir='ltr'><strong>Paler,</strong></span> <span class='ocrx_word' id='word_1_862' title='bbox 3285 4014 3433 4107; x_wconf 80' lang='lat' dir='ltr'><strong>omni</strong></span> 
     </span>
    </p>
   </div>
   <div class='ocr_carea' id='block_1_104' title="bbox 1853 4109 3430 4196">
    <p class='ocr_par' dir='ltr' id='par_1_104' title="bbox 1853 4109 3430 4196">
     <span class='ocr_line' id='line_1_106' title="bbox 1853 4109 3430 4196; baseline 0.023 -37"><span class='ocrx_word' id='word_1_863' title='bbox 1853 4115 1980 4161; x_wconf 89' lang='lat' dir='ltr'><strong>sunt</strong></span> <span class='ocrx_word' id='word_1_864' title='bbox 2022 4109 2246 4166; x_wconf 89' lang='lat' dir='ltr'><strong>crimine</strong></span> <span class='ocrx_word' id='word_1_865' title='bbox 2291 4111 2465 4168; x_wconf 91' lang='lat' dir='ltr'><strong>liberi.</strong></span> <span class='ocrx_word' id='word_1_866' title='bbox 2513 4114 2640 4172; x_wconf 72' lang='lat' dir='ltr'><strong>Hinc</strong></span> <span class='ocrx_word' id='word_1_867' title='bbox 2689 4121 2848 4177; x_wconf 89' lang='lat' dir='ltr'><strong>verba</strong></span> <span class='ocrx_word' id='word_1_868' title='bbox 2893 4136 3017 4182; x_wconf 90' lang='lat' dir='ltr'><strong>snnt</strong></span> <span class='ocrx_word' id='word_1_869' title='bbox 3061 4140 3116 4186; x_wconf 91' lang='lat' dir='ltr'><strong>et</strong></span> <span class='ocrx_word' id='word_1_870' title='bbox 3159 4109 3430 4196; x_wconf 84' lang='lat' dir='ltr'><strong>obtentus.</strong></span> 
     </span>
    </p>
   </div>
   <div class='ocr_carea' id='block_1_105' title="bbox 1852 4198 3430 4289">
    <p class='ocr_par' dir='ltr' id='par_1_105' title="bbox 1852 4198 3430 4289">
     <span class='ocr_line' id='line_1_107' title="bbox 1852 4198 3430 4289; baseline 0.022 -35"><span class='ocrx_word' id='word_1_871' title='bbox 1852 4198 1982 4255; x_wconf 82' lang='lat' dir='ltr'><strong>Nam</strong></span> <span class='ocrx_word' id='word_1_872' title='bbox 2037 4211 2218 4257; x_wconf 90' lang='lat' dir='ltr'><strong>nostra</strong></span> <span class='ocrx_word' id='word_1_873' title='bbox 2271 4219 2483 4276; x_wconf 91' lang='lat' dir='ltr'><strong>quoque</strong></span> <span class='ocrx_word' id='word_1_874' title='bbox 2538 4222 2674 4278; x_wconf 89' lang='lat' dir='ltr'><strong>opus</strong></span> <span class='ocrx_word' id='word_1_875' title='bbox 2735 4221 2818 4268; x_wconf 90' lang='lat' dir='ltr'><strong>est</strong></span> <span class='ocrx_word' id='word_1_876' title='bbox 2866 4219 3140 4279; x_wconf 80' lang='lat' dir='ltr'><strong>voluntate</strong></span> <span class='ocrx_word' id='word_1_877' title='bbox 3187 4246 3200 4281; x_wconf 94' lang='lat'><strong>:</strong></span> <span class='ocrx_word' id='word_1_878' title='bbox 3247 4229 3430 4289; x_wconf 89' lang='lat' dir='ltr'><strong>doceri</strong></span> 
     </span>
    </p>
   </div>
   <div class='ocr_carea' id='block_1_106' title="bbox 1851 4293 3432 4379">
    <p class='ocr_par' dir='ltr' id='par_1_106' title="bbox 1851 4293 3432 4379">
     <span class='ocr_line' id='line_1_108' title="bbox 1851 4293 3432 4379; baseline 0.022 -35"><span class='ocrx_word' id='word_1_879' title='bbox 1851 4293 2050 4362; x_wconf 89' lang='lat' dir='ltr'><strong>quippe</strong></span> <span class='ocrx_word' id='word_1_880' title='bbox 2074 4300 2129 4347; x_wconf 90' lang='lat' dir='ltr'><strong>et</strong></span> <span class='ocrx_word' id='word_1_881' title='bbox 2170 4295 2393 4350; x_wconf 89' lang='lat' dir='ltr'><strong>credere</strong></span> <span class='ocrx_word' id='word_1_882' title='bbox 2433 4312 2498 4352; x_wconf 84' lang='lat' dir='ltr'><strong>ex</strong></span> <span class='ocrx_word' id='word_1_883' title='bbox 2545 4301 2816 4358; x_wconf 89' lang='lat' dir='ltr'><strong>voluntate</strong></span> <span class='ocrx_word' id='word_1_884' title='bbox 2859 4316 2962 4362; x_wconf 86' lang='lat' dir='ltr'><strong>est.</strong></span> <span class='ocrx_word' id='word_1_885' title='bbox 2997 4310 3092 4367; x_wconf 83' lang='lat' dir='ltr'><strong>Hic</strong></span> <span class='ocrx_word' id='word_1_886' title='bbox 3125 4330 3254 4372; x_wconf 91' lang='lat' dir='ltr'><strong>vero</strong></span> <span class='ocrx_word' id='word_1_887' title='bbox 3299 4322 3432 4379; x_wconf 83' lang='lat' dir='ltr'><strong>nihil</strong></span> 
     </span>
    </p>
   </div>
   <div class='ocr_carea' id='block_1_107' title="bbox 1850 4381 3425 4480">
    <p class='ocr_par' dir='ltr' id='par_1_107' title="bbox 1850 4381 3425 4480">
     <span class='ocr_line' id='line_1_109' title="bbox 1850 4381 3425 4480; baseline 0.02 -45"><span class='ocrx_word' id='word_1_888' title='bbox 1850 4381 1994 4437; x_wconf 86' lang='lat' dir='ltr'><strong>aliud</strong></span> <span class='ocrx_word' id='word_1_889' title='bbox 2022 4381 2255 4438; x_wconf 89' lang='lat' dir='ltr'><strong>declarat</strong></span> <span class='ocrx_word' id='word_1_890' title='bbox 2284 4385 2367 4440; x_wconf 90' lang='lat' dir='ltr'><strong>his</strong></span> <span class='ocrx_word' id='word_1_891' title='bbox 2393 4387 2589 4454; x_wconf 88' lang='lat' dir='ltr'><strong>verbis,</strong></span> <span class='ocrx_word' id='word_1_892' title='bbox 2615 4391 2764 4456; x_wconf 88' lang='lat' dir='ltr'><strong>Quod</strong></span> <span class='ocrx_word' id='word_1_893' title='bbox 2781 4395 2870 4448; x_wconf 89' lang='lat' dir='ltr'><strong>dat</strong></span> <span class='ocrx_word' id='word_1_894' title='bbox 2893 4400 3018 4453; x_wconf 83' lang='lat' dir='ltr'><strong>mihi</strong></span> <span class='ocrx_word' id='word_1_895' title='bbox 3042 4401 3218 4472; x_wconf 87' lang='lat' dir='ltr'><strong>Pater,</strong></span> <span class='ocrx_word' id='word_1_896' title='bbox 3245 4425 3425 4480; x_wconf 83' lang='lat' dir='ltr'><strong>quam,</strong></span> 
     </span>
    </p>
   </div>
   <div class='ocr_carea' id='block_1_108' title="bbox 1849 4475 3429 4566">
    <p class='ocr_par' dir='ltr' id='par_1_108' title="bbox 1849 4475 3429 4566">
     <span class='ocr_line' id='line_1_110' title="bbox 1849 4475 3429 4566; baseline 0.021 -37"><span class='ocrx_word' id='word_1_897' title='bbox 1849 4475 1964 4531; x_wconf 87' lang='lat' dir='ltr'><strong>Non</strong></span> <span class='ocrx_word' id='word_1_898' title='bbox 1992 4475 2222 4547; x_wconf 87' lang='lat' dir='ltr'><strong>vulgaris</strong></span> <span class='ocrx_word' id='word_1_899' title='bbox 2259 4493 2348 4534; x_wconf 90' lang='lat' dir='ltr'><strong>res</strong></span> <span class='ocrx_word' id='word_1_900' title='bbox 2374 4489 2457 4535; x_wconf 90' lang='lat' dir='ltr'><strong>est</strong></span> <span class='ocrx_word' id='word_1_901' title='bbox 2481 4480 2534 4537; x_wconf 90' lang='lat' dir='ltr'><strong>in</strong></span> <span class='ocrx_word' id='word_1_902' title='bbox 2560 4498 2644 4538; x_wconf 92' lang='lat' dir='ltr'><strong>me</strong></span> <span class='ocrx_word' id='word_1_903' title='bbox 2670 4486 2913 4557; x_wconf 88' lang='lat' dir='ltr'><strong>credere,</strong></span> <span class='ocrx_word' id='word_1_904' title='bbox 2942 4508 3115 4566; x_wconf 86' lang='lat' dir='ltr'><strong>neque</strong></span> <span class='ocrx_word' id='word_1_905' title='bbox 3149 4498 3200 4553; x_wconf 92' lang='lat' dir='ltr'><strong>id</strong></span> <span class='ocrx_word' id='word_1_906' title='bbox 3229 4517 3292 4558; x_wconf 79' lang='lat' dir='ltr'><strong>ex</strong></span> <span class='ocrx_word' id='word_1_907' title='bbox 3326 4505 3429 4562; x_wconf 87' lang='lat' dir='ltr'><strong>hu-</strong></span> 
     </span>
    </p>
   </div>
   <div class='ocr_carea' id='block_1_109' title="bbox 1849 4569 3430 4670">
    <p class='ocr_par' dir='ltr' id='par_1_109' title="bbox 1849 4569 3430 4670">
     <span class='ocr_line' id='line_1_111' title="bbox 1849 4569 3430 4670; baseline 0.023 -52"><span class='ocrx_word' id='word_1_908' title='bbox 1849 4581 2007 4622; x_wconf 90' lang='lat' dir='ltr'><strong>mano</strong></span> <span class='ocrx_word' id='word_1_909' title='bbox 2054 4569 2332 4624; x_wconf 87' lang='lat' dir='ltr'><strong>ratiocinio</strong></span> <span class='ocrx_word' id='word_1_910' title='bbox 2379 4571 2608 4640; x_wconf 90' lang='lat' dir='ltr'><strong>pendet,</strong></span> <span class='ocrx_word' id='word_1_911' title='bbox 2655 4577 2749 4632; x_wconf 91' lang='lat' dir='ltr'><strong>sed</strong></span> <span class='ocrx_word' id='word_1_912' title='bbox 2775 4594 2910 4650; x_wconf 85' lang='lat' dir='ltr'><strong>opus</strong></span> <span class='ocrx_word' id='word_1_913' title='bbox 2937 4594 3021 4639; x_wconf 89' lang='lat' dir='ltr'><strong>est</strong></span> <span class='ocrx_word' id='word_1_914' title='bbox 3067 4604 3298 4660; x_wconf 84' lang='lat' dir='ltr'><strong>superna</strong></span> <span class='ocrx_word' id='word_1_915' title='bbox 3344 4613 3430 4670; x_wconf 34' lang='lat' dir='ltr'><strong>re.-</strong></span> 
     </span>
    </p>
   </div>
   <div class='ocr_carea' id='block_1_110' title="bbox 1848 4660 3426 4745">
    <p class='ocr_par' dir='ltr' id='par_1_110' title="bbox 1848 4660 3426 4745">
     <span class='ocr_line' id='line_1_112' title="bbox 1848 4660 3426 4745; baseline 0.02 -32"><span class='ocrx_word' id='word_1_916' title='bbox 1848 4660 2146 4727; x_wconf 88' lang='lat' dir='ltr'><strong>velatione,</strong></span> <span class='ocrx_word' id='word_1_917' title='bbox 2193 4671 2248 4716; x_wconf 88' lang='lat' dir='ltr'><strong>ct</strong></span> <span class='ocrx_word' id='word_1_918' title='bbox 2315 4663 2399 4732; x_wconf 89' lang='lat' dir='ltr'><strong>pia</strong></span> <span class='ocrx_word' id='word_1_919' title='bbox 2448 4665 2624 4720; x_wconf 85' lang='lat' dir='ltr'><strong>anima</strong></span> <span class='ocrx_word' id='word_1_920' title='bbox 2679 4683 2799 4740; x_wconf 75' lang='lat' dir='ltr'><strong>qua:</strong></span> <span class='ocrx_word' id='word_1_921' title='bbox 2852 4675 3229 4738; x_wconf 87' lang='lat' dir='ltr'><strong>revelationem</strong></span> <span class='ocrx_word' id='word_1_922' title='bbox 3287 4690 3426 4745; x_wconf 88' lang='lat' dir='ltr'><strong>rcci-</strong></span> 
     </span>
    </p>
   </div>
   <div class='ocr_carea' id='block_1_111' title="bbox 1848 4751 3429 4838">
    <p class='ocr_par' dir='ltr' id='par_1_111' title="bbox 1848 4751 3429 4838">
     <span class='ocr_line' id='line_1_113' title="bbox 1848 4751 3429 4838; baseline 0.021 -35"><span class='ocrx_word' id='word_1_923' title='bbox 1848 4751 1975 4822; x_wconf 84' lang='lat' dir='ltr'><strong>piat.</strong></span> <span class='ocrx_word' id='word_1_924' title='bbox 2020 4751 2087 4808; x_wconf 88' lang='lat' dir='ltr'><strong>Et</strong></span> <span class='ocrx_word' id='word_1_925' title='bbox 2138 4752 2302 4818; x_wconf 88' lang='lat' dir='ltr'><strong>illud,</strong></span> <span class='ocrx_word' id='word_1_926' title='bbox 2349 4753 2449 4820; x_wconf 87' lang='lat' dir='ltr'><strong>Qui</strong></span> <span class='ocrx_word' id='word_1_927' title='bbox 2501 4758 2631 4811; x_wconf 80' lang='lat' dir='ltr'><strong>venit</strong></span> <span class='ocrx_word' id='word_1_928' title='bbox 2688 4760 2758 4813; x_wconf 89' lang='lat' dir='ltr'><strong>ad</strong></span> <span class='ocrx_word' id='word_1_929' title='bbox 2796 4779 2874 4818; x_wconf 89' lang='lat' dir='ltr'><strong>me</strong></span> <span class='ocrx_word' id='word_1_930' title='bbox 2935 4769 3104 4824; x_wconf 76' lang='lat' dir='ltr'><strong>salvus</strong></span> <span class='ocrx_word' id='word_1_931' title='bbox 3137 4775 3267 4838; x_wconf 88' lang='lat' dir='ltr'><strong>erit,</strong></span> <span class='ocrx_word' id='word_1_932' title='bbox 3323 4777 3429 4836; x_wconf 85' lang='lat' dir='ltr'><strong>hoc</strong></span> 
     </span>
    </p>
   </div>
   <div class='ocr_carea' id='block_1_112' title="bbox 1849 4842 3423 4925">
    <p class='ocr_par' dir='ltr' id='par_1_112' title="bbox 1849 4842 3423 4925">
     <span class='ocr_line' id='line_1_114' title="bbox 1849 4842 3423 4925; baseline 0.018 -29"><span class='ocrx_word' id='word_1_933' title='bbox 1849 4842 1948 4896; x_wconf 82' lang='lat' dir='ltr'><strong>sibi</strong></span> <span class='ocrx_word' id='word_1_934' title='bbox 1979 4843 2092 4897; x_wconf 90' lang='lat' dir='ltr'><strong>vult</strong></span> <span class='ocrx_word' id='word_1_935' title='bbox 2132 4865 2144 4896; x_wconf 88' lang='lat'><strong>:</strong></span> <span class='ocrx_word' id='word_1_936' title='bbox 2190 4843 2375 4914; x_wconf 82' lang='lat' dir='ltr'><strong>Magna</strong></span> <span class='ocrx_word' id='word_1_937' title='bbox 2404 4846 2609 4902; x_wconf 89' lang='lat' dir='ltr'><strong>fruetur</strong></span> <span class='ocrx_word' id='word_1_938' title='bbox 2638 4851 2986 4918; x_wconf 84' lang='lat' dir='ltr'><strong>providentia.</strong></span> <span class='ocrx_word' id='word_1_939' title='bbox 3021 4858 3124 4914; x_wconf 84' lang='lat' dir='ltr'><strong>Pro</strong></span> <span class='ocrx_word' id='word_1_940' title='bbox 3169 4863 3252 4920; x_wconf 89' lang='lat' dir='ltr'><strong>his</strong></span> <span class='ocrx_word' id='word_1_941' title='bbox 3278 4870 3423 4925; x_wconf 86' lang='lat' dir='ltr'><strong>enim</strong></span> 
     </span>
    </p>
   </div>
   <div class='ocr_carea' id='block_1_113' title="bbox 1846 4935 3424 5023">
    <p class='ocr_par' dir='ltr' id='par_1_113' title="bbox 1846 4935 3424 5023">
     <span class='ocr_line' id='line_1_115' title="bbox 1846 4935 3424 5023; baseline 0.02 -37"><span class='ocrx_word' id='word_1_942' title='bbox 1846 4935 2002 4999; x_wconf 84' lang='lat' dir='ltr'><strong>veni,</strong></span> <span class='ocrx_word' id='word_1_943' title='bbox 2056 4946 2111 4990; x_wconf 88' lang='lat' dir='ltr'><strong>et</strong></span> <span class='ocrx_word' id='word_1_944' title='bbox 2159 4950 2374 4992; x_wconf 87' lang='lat' dir='ltr'><strong>carnem</strong></span> <span class='ocrx_word' id='word_1_945' title='bbox 2433 4940 2677 5010; x_wconf 84' lang='lat' dir='ltr'><strong>servique</strong></span> <span class='ocrx_word' id='word_1_946' title='bbox 2723 4941 2946 5000; x_wconf 88' lang='lat' dir='ltr'><strong>formam</strong></span> <span class='ocrx_word' id='word_1_947' title='bbox 2992 4954 3194 5023; x_wconf 89' lang='lat' dir='ltr'><strong>accepi.</strong></span> <span class='ocrx_word' id='word_1_948' title='bbox 3223 4957 3424 5017; x_wconf 87' lang='lat' dir='ltr'><strong>Deinde</strong></span> 
     </span>
    </p>
   </div>
   <div class='ocr_carea' id='block_1_114' title="bbox 1845 5025 3424 5104">
    <p class='ocr_par' dir='ltr' id='par_1_114' title="bbox 1845 5025 3424 5104">
     <span class='ocr_line' id='line_1_116' title="bbox 1845 5025 3424 5104; baseline 0.015 -23"><span class='ocrx_word' id='word_1_949' title='bbox 1845 5025 2059 5093; x_wconf 88' lang='lat' dir='ltr'><strong>subdit,</strong></span> <span class='ocrx_word' id='word_1_950' title='bbox 2118 5027 2206 5083; x_wconf 84' lang='lat'><strong>&#39;58.</strong></span> <span class='ocrx_word' id='word_1_951' title='bbox 2274 5027 2521 5084; x_wconf 87' lang='lat' dir='ltr'><strong>Descendi</strong></span> <span class='ocrx_word' id='word_1_952' title='bbox 2541 5071 2557 5096; x_wconf 91' lang='lat'><strong>,</strong></span> <span class='ocrx_word' id='word_1_953' title='bbox 2619 5048 2725 5086; x_wconf 84' lang='lat' dir='ltr'><strong>non.</strong></span> <span class='ocrx_word' id='word_1_954' title='bbox 2773 5042 2827 5086; x_wconf 85' lang='lat' dir='ltr'><strong>ut</strong></span> <span class='ocrx_word' id='word_1_955' title='bbox 2879 5037 3066 5103; x_wconf 78' lang='lat' dir='ltr'><strong>faciant</strong></span> <span class='ocrx_word' id='word_1_956' title='bbox 3115 5046 3424 5104; x_wconf 76' lang='lat' dir='ltr'><strong>uoluntatem</strong></span> 
     </span>
    </p>
   </div>
   <div class='ocr_carea' id='block_1_115' title="bbox 1844 5119 3416 5204">
    <p class='ocr_par' dir='ltr' id='par_1_115' title="bbox 1844 5119 3416 5204">
     <span class='ocr_line' id='line_1_117' title="bbox 1844 5119 3416 5204; baseline 0.01 -34"><span class='ocrx_word' id='word_1_957' title='bbox 1844 5134 2038 5184; x_wconf 78' lang='lat' dir='ltr'><strong>nteant,</strong></span> <span class='ocrx_word' id='word_1_958' title='bbox 2095 5121 2183 5174; x_wconf 87' lang='lat' dir='ltr'><strong>sed</strong></span> <span class='ocrx_word' id='word_1_959' title='bbox 2208 5119 2513 5175; x_wconf 79' lang='lat' dir='ltr'><strong>uoluntatem</strong></span> <span class='ocrx_word' id='word_1_960' title='bbox 2563 5123 2673 5192; x_wconf 86' lang='lat' dir='ltr'><strong>ejus</strong></span> <span class='ocrx_word' id='word_1_961' title='bbox 2714 5123 2802 5193; x_wconf 86' lang='lat' dir='ltr'><strong>qui</strong></span> <span class='ocrx_word' id='word_1_962' title='bbox 2841 5129 2979 5183; x_wconf 87' lang='lat' dir='ltr'><strong>misit</strong></span> <span class='ocrx_word' id='word_1_963' title='bbox 3019 5150 3116 5188; x_wconf 86' lang='lat' dir='ltr'><strong>me.</strong></span> <span class='ocrx_word' id='word_1_964' title='bbox 3164 5138 3302 5204; x_wconf 85' lang='lat' dir='ltr'><strong>Quid</strong></span> <span class='ocrx_word' id='word_1_965' title='bbox 3329 5143 3416 5196; x_wconf 88' lang='lat' dir='ltr'><strong>di-</strong></span> 
     </span>
    </p>
   </div>
   <div class='ocr_carea' id='block_1_116' title="bbox 1841 5211 3416 5300">
    <p class='ocr_par' dir='ltr' id='par_1_116' title="bbox 1841 5211 3416 5300">
     <span class='ocr_line' id='line_1_118' title="bbox 1841 5211 3416 5300; baseline 0.017 -36"><span class='ocrx_word' id='word_1_966' title='bbox 1841 5211 1959 5265; x_wconf 83' lang='lat' dir='ltr'><strong>cis?</strong></span> <span class='ocrx_word' id='word_1_967' title='bbox 2001 5211 2177 5266; x_wconf 85' lang='lat' dir='ltr'><strong>aliane</strong></span> <span class='ocrx_word' id='word_1_968' title='bbox 2221 5222 2303 5266; x_wconf 90' lang='lat' dir='ltr'><strong>est</strong></span> <span class='ocrx_word' id='word_1_969' title='bbox 2353 5221 2438 5265; x_wconf 85' lang='lat' dir='ltr'><strong>tua</strong></span> <span class='ocrx_word' id='word_1_970' title='bbox 2465 5254 2480 5278; x_wconf 93' lang='lat'><strong>,</strong></span> <span class='ocrx_word' id='word_1_971' title='bbox 2540 5213 2642 5268; x_wconf 87' lang='lat' dir='ltr'><strong>alia</strong></span> <span class='ocrx_word' id='word_1_972' title='bbox 2691 5215 2877 5272; x_wconf 83' lang='lat' dir='ltr'><strong>illius?</strong></span> <span class='ocrx_word' id='word_1_973' title='bbox 2917 5219 2996 5277; x_wconf 82' lang='lat' dir='ltr'><strong>Ne</strong></span> <span class='ocrx_word' id='word_1_974' title='bbox 3022 5225 3142 5294; x_wconf 84' lang='lat' dir='ltr'><strong>quis</strong></span> <span class='ocrx_word' id='word_1_975' title='bbox 3175 5243 3304 5300; x_wconf 87' lang='lat' dir='ltr'><strong>ergo</strong></span> <span class='ocrx_word' id='word_1_976' title='bbox 3364 5235 3416 5290; x_wconf 90' lang='lat' dir='ltr'><strong>Id</strong></span> 
     </span>
    </p>
   </div>
   <div class='ocr_carea' id='block_1_117' title="bbox 1842 5302 3416 5385">
    <p class='ocr_par' dir='ltr' id='par_1_117' title="bbox 1842 5302 3416 5385">
     <span class='ocr_line' id='line_1_119' title="bbox 1842 5302 3416 5385; baseline 0.017 -29"><span class='ocrx_word' id='word_1_977' title='bbox 1842 5302 2160 5372; x_wconf 89' lang='lat' dir='ltr'><strong>suspicetur,</strong></span> <span class='ocrx_word' id='word_1_978' title='bbox 2189 5303 2325 5358; x_wconf 87' lang='lat' dir='ltr'><strong>hanc</strong></span> <span class='ocrx_word' id='word_1_979' title='bbox 2347 5303 2540 5359; x_wconf 91' lang='lat' dir='ltr'><strong>deinde</strong></span> <span class='ocrx_word' id='word_1_980' title='bbox 2559 5317 2771 5363; x_wconf 87' lang='lat' dir='ltr'><strong>amovet</strong></span> <span class='ocrx_word' id='word_1_981' title='bbox 2790 5313 3168 5385; x_wconf 86' lang='lat' dir='ltr'><strong>suspicionem,</strong></span> <span class='ocrx_word' id='word_1_982' title='bbox 3193 5322 3378 5382; x_wconf 87' lang='lat' dir='ltr'><strong>dicens</strong></span> <span class='ocrx_word' id='word_1_983' title='bbox 3403 5348 3416 5382; x_wconf 89' lang='lat'>:</span> 
     </span>
    </p>
   </div>
   <div class='ocr_carea' id='block_1_118' title="bbox 1840 5391 3421 5478">
    <p class='ocr_par' dir='ltr' id='par_1_118' title="bbox 1840 5391 3421 5478">
     <span class='ocr_line' id='line_1_120' title="bbox 1840 5391 3421 5478; baseline 0.009 -30"><span class='ocrx_word' id='word_1_984' title='bbox 1840 5391 1931 5448; x_wconf 74' lang='grc'><strong>40.</strong></span> <span class='ocrx_word' id='word_1_985' title='bbox 1965 5391 2089 5447; x_wconf 70' lang='lat' dir='ltr'><strong>Hinc</strong></span> <span class='ocrx_word' id='word_1_986' title='bbox 2108 5402 2182 5447; x_wconf 83' lang='lat' dir='ltr'><strong>est</strong></span> <span class='ocrx_word' id='word_1_987' title='bbox 2208 5403 2374 5448; x_wconf 81' lang='lat' dir='ltr'><strong>autem</strong></span> <span class='ocrx_word' id='word_1_988' title='bbox 2415 5395 2642 5450; x_wconf 68' lang='lat' dir='ltr'><strong>uoluntas</strong></span> <span class='ocrx_word' id='word_1_989' title='bbox 2667 5401 2776 5467; x_wconf 85' lang='lat' dir='ltr'><strong>ejus</strong></span> <span class='ocrx_word' id='word_1_990' title='bbox 2810 5402 2898 5472; x_wconf 77' lang='lat' dir='ltr'><strong>qui</strong></span> <span class='ocrx_word' id='word_1_991' title='bbox 2925 5405 3060 5461; x_wconf 79' lang='lat' dir='ltr'><strong>misit</strong></span> <span class='ocrx_word' id='word_1_992' title='bbox 3087 5426 3196 5478; x_wconf 86' lang='lat' dir='ltr'><strong>me,</strong></span> <span class='ocrx_word' id='word_1_993' title='bbox 3226 5424 3282 5467; x_wconf 84' lang='lat' dir='ltr'><strong>ut</strong></span> <span class='ocrx_word' id='word_1_994' title='bbox 3307 5433 3421 5472; x_wconf 79' lang='lat' dir='ltr'><strong>om.</strong></span> 
     </span>
    </p>
   </div>
   <div class='ocr_carea' id='block_1_119' title="bbox 1840 5483 3416 5566">
    <p class='ocr_par' dir='ltr' id='par_1_119' title="bbox 1840 5483 3416 5566">
     <span class='ocr_line' id='line_1_121' title="bbox 1840 5483 3416 5566; baseline 0.018 -30"><span class='ocrx_word' id='word_1_995' title='bbox 1840 5485 1920 5537; x_wconf 86' lang='lat' dir='ltr'><strong>nis</strong></span> <span class='ocrx_word' id='word_1_996' title='bbox 1958 5485 2044 5554; x_wconf 85' lang='lat' dir='ltr'><strong>qui</strong></span> <span class='ocrx_word' id='word_1_997' title='bbox 2085 5484 2214 5538; x_wconf 81' lang='lat' dir='ltr'><strong>uidet</strong></span> <span class='ocrx_word' id='word_1_998' title='bbox 2243 5483 2466 5551; x_wconf 80' lang='lat' dir='ltr'><strong>Filium,</strong></span> <span class='ocrx_word' id='word_1_999' title='bbox 2512 5497 2560 5540; x_wconf 90' lang='lat' dir='ltr'><strong>ct</strong></span> <span class='ocrx_word' id='word_1_1000' title='bbox 2600 5490 2758 5544; x_wconf 87' lang='lat' dir='ltr'><strong>credit</strong></span> <span class='ocrx_word' id='word_1_1001' title='bbox 2787 5492 2838 5546; x_wconf 90' lang='lat' dir='ltr'><strong>in</strong></span> <span class='ocrx_word' id='word_1_1002' title='bbox 2868 5511 2979 5549; x_wconf 88' lang='lat' dir='ltr'><strong>eum</strong></span> <span class='ocrx_word' id='word_1_1003' title='bbox 3001 5539 3016 5561; x_wconf 94' lang='lat'><strong>,</strong></span> <span class='ocrx_word' id='word_1_1004' title='bbox 3056 5501 3236 5559; x_wconf 82' lang='lat' dir='ltr'><strong>habeat</strong></span> <span class='ocrx_word' id='word_1_1005' title='bbox 3264 5510 3416 5566; x_wconf 78' lang='lat' dir='ltr'><strong>vitam</strong></span> 
     </span>
    </p>
   </div>
   <div class='ocr_carea' id='block_1_120' title="bbox 1838 5577 3417 5668">
    <p class='ocr_par' dir='ltr' id='par_1_120' title="bbox 1838 5577 3417 5668">
     <span class='ocr_line' id='line_1_122' title="bbox 1838 5577 3417 5668; baseline 0.009 -34"><span class='ocrx_word' id='word_1_1006' title='bbox 1838 5588 2095 5634; x_wconf 73' lang='lat' dir='ltr'><strong>atcrnam.</strong></span> <span class='ocrx_word' id='word_1_1007' title='bbox 2123 5579 2313 5633; x_wconf 79' lang='lat' dir='ltr'><strong>Annon</strong></span> <span class='ocrx_word' id='word_1_1008' title='bbox 2345 5577 2458 5634; x_wconf 66' lang='lat' dir='ltr'><strong>hmc</strong></span> <span class='ocrx_word' id='word_1_1009' title='bbox 2486 5589 2568 5634; x_wconf 89' lang='lat' dir='ltr'><strong>est</strong></span> <span class='ocrx_word' id='word_1_1010' title='bbox 2593 5583 2836 5640; x_wconf 79' lang='lat' dir='ltr'><strong>voluntas</strong></span> <span class='ocrx_word' id='word_1_1011' title='bbox 2865 5595 2949 5641; x_wconf 89' lang='lat' dir='ltr'><strong>tua</strong></span> <span class='ocrx_word' id='word_1_1012' title='bbox 2967 5593 2992 5644; x_wconf 82' lang='lat'><strong>?</strong></span> <span class='ocrx_word' id='word_1_1013' title='bbox 3016 5605 3111 5649; x_wconf 92' lang='lat' dir='ltr'><strong>cur</strong></span> <span class='ocrx_word' id='word_1_1014' title='bbox 3138 5611 3266 5668; x_wconf 87' lang='lat' dir='ltr'><strong>ergo</strong></span> <span class='ocrx_word' id='word_1_1015' title='bbox 3289 5602 3417 5662; x_wconf 69' lang='lat' dir='ltr'><strong>alibi</strong></span> 
     </span>
    </p>
   </div>
   <div class='ocr_carea' id='block_1_121' title="bbox 1903 5733 3379 5807">
    <p class='ocr_par' dir='ltr' id='par_1_121' title="bbox 1903 5733 3379 5807">
     <span class='ocr_line' id='line_1_123' title="bbox 1903 5733 3379 5807; baseline 0.009 -13"><span class='ocrx_word' id='word_1_1016' title='bbox 1903 5742 1918 5773; x_wconf 87' lang='grc'>¹</span> <span class='ocrx_word' id='word_1_1017' title='bbox 1956 5742 2096 5795; x_wconf 82' lang='lat' dir='ltr'><strong>Savil.</strong></span> <span class='ocrx_word' id='word_1_1018' title='bbox 2123 5751 2228 5803; x_wconf 88' lang='lat' dir='ltr'><strong>pro,</strong></span> <span class='ocrx_word' id='word_1_1019' title='bbox 2247 5733 2519 5791; x_wconf 78' lang='lat' dir='ltr'><strong>unitersum</strong></span> <span class='ocrx_word' id='word_1_1020' title='bbox 2532 5735 2713 5801; x_wconf 85' lang='lat' dir='ltr'><strong>orbem,</strong></span> <span class='ocrx_word' id='word_1_1021' title='bbox 2751 5738 2892 5807; x_wconf 87' lang='lat' dir='ltr'><strong>legit,</strong></span> <span class='ocrx_word' id='word_1_1022' title='bbox 2917 5757 3103 5797; x_wconf 65' lang='lat' dir='ltr'><strong>omnem</strong></span> <span class='ocrx_word' id='word_1_1023' title='bbox 3124 5747 3379 5806; x_wconf 64' lang='lat' dir='ltr'><strong>hominum</strong></span> 
     </span>
    </p>
   </div>
   <div class='ocr_carea' id='block_1_122' title="bbox 3040 5847 3102 5904">
    <p class='ocr_par' dir='ltr' id='par_1_122' title="bbox 3040 5847 3102 5904">
     <span class='ocr_line' id='line_1_124' title="bbox 3040 5847 3102 5904; baseline -0.016 0"><span class='ocrx_word' id='word_1_1024' title='bbox 3040 5847 3102 5904; x_wconf 84' lang='grc'><strong>16</strong></span> 
     </span>
    </p>
   </div>
  </div>
