4070 6214
458 282 573 338 ωδ

468 399 624 462 dicis,
657 395 835 466 Ignem
863 393 969 448 veni
1000 392 1190 445 mittere
1218 392 1270 444 in
1297 401 1502 453 terram,
1530 399 1575 442 et
1602 388 1722 457 quid
1753 387 1865 441 volo
1889 427 1901 450 ,
1955 384 2052 438 nisi

470 501 524 540 ut
557 490 863 544 accendatur
892 482 1043 554 (Luc.
1077 481 1163 537 12.
1193 481 1322 551 b9)?
1349 480 1500 547 Quod
1526 480 1569 533 si
1600 490 1653 533 tu
1684 478 1786 533 hoc
1812 478 1891 532 vis
1912 518 1928 543 ,
1961 490 2052 545 pa-

471 581 575 631 lam
621 585 704 630 est
754 590 910 628 unam
953 587 1072 630 esse
1107 572 1431 626 voluntatem
1468 588 1482 623 :
1515 586 1637 624 nam
1683 568 1810 623 alibi
1846 580 2056 638 quoque

467 673 595 727 dicit
625 690 637 724 :
668 670 809 725 Sicut
840 668 995 722 Pater
1039 672 1249 721 suscitat
1296 673 1518 718 mortuos
1544 674 1590 718 et
1618 663 1833 730 viviﬁcat
1852 702 1866 726 ,
1907 662 1979 714 sic
2007 667 2055 712 et

468 760 639 815 Filius
667 774 793 829 quos
821 759 923 811 vult
965 758 1202 827 viviﬁeat.
1234 756 1363 824 Quae
1388 764 1470 809 est
1502 768 1629 822 ergo
1668 752 1914 805 voluntas
1956 750 2056 804 Pa-

468 850 602 907 tris?
624 864 806 903 annon
834 858 889 903 ut
918 862 984 902 ne
1011 855 1195 917 pereat
1222 861 1290 901 ex
1315 847 1392 900 eis
1422 843 1740 915 quisquam?
1771 842 1879 896 lloc
1907 850 1958 895 et
1999 849 2054 895 tu

469 945 571 999 vis.
604 941 722 998 Non
744 949 827 994 est
855 955 983 1009 ergo
1010 940 1109 992 alia
1142 937 1290 1004 haec,
1326 938 1428 991 alia
1455 936 1543 990 illa
1582 934 1856 992 voluntas.
1884 931 1973 987 Sic
2002 940 2057 985 et

467 1036 592 1092 alibi
621 1048 832 1103 quoque
874 1032 1229 1101 aequalitatem
1260 1045 1379 1084 cum
1411 1029 1567 1084 Patre
1605 1027 1809 1081 ﬁrmius
1834 1024 2050 1088 statuit,

466 1143 588 1182 cum
618 1127 777 1181 dicit:
805 1124 916 1195 Ego
938 1134 983 1178 et
1013 1121 1170 1176 Pater
1194 1123 1444 1176 veniemus
1464 1161 1477 1183 ,
1508 1129 1551 1173 et
1576 1119 1882 1173 mansionem
1911 1115 2049 1184 apud

468 1238 580 1274 eum
620 1221 864 1289 faciemus
914 1217 1094 1289 (Joan.
1142 1216 1234 1271 14.
1281 1215 1395 1285 23).
1430 1213 1540 1267 lloc
1592 1220 1675 1267 est.
1707 1228 1720 1265 :
1753 1209 1867 1263 Non
1912 1205 2055 1261 aliud

473 1313 707 1366 facturus
758 1310 908 1371 veni,
963 1324 1122 1377 quam
1175 1306 1303 1361 illud
1344 1304 1484 1375 quod
1544 1304 1701 1359 Pater
1754 1302 1900 1365 vult;
1958 1314 2057 1354 nec

467 1403 627 1456 aliam
676 1417 832 1472 quam
867 1400 1037 1454 Patris
1070 1399 1393 1452 voluntatem
1437 1395 1631 1450 habeo.
1676 1392 1864 1448 Omnia
1911 1391 2054 1445 enim

469 1508 586 1560 qua:
620 1491 789 1546 Patris
813 1499 961 1555 sunt,
993 1504 1109 1542 mea
1137 1497 1293 1553 sunt,
1344 1495 1399 1541 et
1426 1491 1541 1556 quin
1570 1499 1684 1539 mea
1718 1493 1839 1537 sunt
1862 1522 1876 1547 ,
1915 1481 2057 1536 illius

468 1592 589 1635 sunt
615 1581 773 1651 (Ibid.
808 1582 890 1634 Π.
925 1580 1034 1648 10).
1067 1580 1120 1632 Si
1150 1579 1306 1647 igitur
1335 1578 1503 1632 Patris
1532 1587 1583 1630 et
1614 1576 1729 1630 Filii
1753 1572 2057 1629 communia

468 1674 675 1736 omnia,
728 1673 846 1740 jure
878 1673 988 1726 ait:
1047 1670 1168 1723 Non
1217 1680 1271 1723 ut
1322 1671 1508 1740 faciam
1537 1671 1844 1723 voluntatem
1872 1683 2053 1720 meam.

478 1765 674 1818 Verum
711 1765 793 1818 hic
825 1780 930 1817 non
979 1764 1047 1817 ita
1094 1763 1344 1831 loquitur,
1390 1762 1482 1816 sed
1516 1761 1639 1815 illud
1670 1761 1735 1815 ad
1768 1760 1928 1814 ﬁnem
1973 1774 2059 1813 re-

470 1858 652 1911 mittit.
681 1856 812 1910 Nam
842 1856 1087 1911 sublimia
1111 1896 1125 1921 ,
1160 1865 1217 1909 ut
1257 1855 1387 1919 dixi,
1415 1854 1588 1910 adhuc
1627 1854 1799 1919 celat,
1823 1862 1877 1907 et
1905 1853 2054 1908 velut

470 1948 568 2001 sub
592 1947 777 2001 umbra
813 1948 979 2016 tegit,
1016 1956 1071 2000 ut
1097 1946 1377 2009 ostendat,
1406 1945 1546 2015 quod
1578 1944 1621 1999 si
1643 1945 1900 2011 dixisset,
1932 1944 2058 2000 llaec

469 2048 550 2093 est
593 2038 840 2092 voluntas
871 2053 985 2091 mea
1010 2078 1026 2102 ,
1072 2037 1525 2106 contempsissent
1572 2034 1666 2089 illi.
1700 2034 1789 2089 Ait
1833 2049 1962 2104 ergo
1998 2049 2059 2089 se

471 2129 617 2181 illius
644 2126 901 2181 voluntati
930 2125 1231 2195 coeperari,
1267 2135 1324 2179 ut
1349 2126 1516 2195 magis
1541 2125 1659 2180 illos
1684 2132 1901 2188 terreat,
1929 2138 1993 2178 ac
2012 2124 2059 2178 si

469 2218 672 2271 diceret
696 2235 708 2269 :
739 2216 873 2282 Quid
904 2216 1142 2285 putatis?
1169 2232 1235 2269 an
1263 2215 1403 2284 quod
1430 2232 1533 2269 non
1564 2214 1835 2271 credendo
1866 2229 1951 2270 me
1978 2215 2056 2269 ir-

470 2306 682 2360 ritetis?
735 2306 943 2359 Patrem
1011 2320 1185 2358 meum
1250 2304 1317 2359 ad
1384 2304 1709 2360 iracundiam
1753 2304 2051 2360 concitatis.

480 2394 606 2449 11αέ
633 2406 703 2451 est
727 2397 857 2449 enim
886 2396 1111 2449 voluntas
1134 2397 1239 2465 ejus
1264 2397 1351 2467 qui
1382 2396 1514 2448 misit
1542 2412 1650 2463 me,
1681 2405 1735 2449 ut
1762 2413 1909 2451 omne
1927 2398 2060 2467 quod

478 2488 613 2541 dedit
640 2487 763 2539 milii
789 2529 802 2551 ,
835 2502 934 2539 non
962 2487 1170 2556 perdam
1200 2502 1263 2539 ea:
1308 2501 1384 2539 eo.
1436 2486 1533 2540 Hic
1576 2485 1810 2541 ostendit
1848 2501 1906 2543 se
1952 2501 2058 2541 non

482 2594 665 2631 eorum
710 2577 853 2631 cultu
902 2576 1181 2647 indigere,
1234 2591 1408 2645 neque
1435 2576 1497 2631 ad
1528 2590 1659 2630 usus
1705 2577 1790 2632 vel
1828 2576 2061 2631 honores

471 2684 596 2722 suos
616 2708 631 2731 ,
659 2667 753 2722 sed
785 2667 851 2721 ad
877 2668 1086 2721 illorum
1123 2668 1345 2720 salutem
1375 2667 1622 2730 venisse;
1655 2664 1795 2735 quod
1824 2668 1981 2720 etiam
2006 2666 2058 2719 in

472 2760 749 2829 superiore
778 2759 1037 2813 concione
1066 2759 1198 2811 dixit
1222 2800 1237 2823 ,
1270 2756 1497 2811 Gloriam
1538 2758 1599 2809 ab
1630 2758 1915 2810 hominibus
1960 2774 2059 2811 non

472 2850 701 2917 m'cipio;
731 2859 785 2904 et
810 2850 1001 2903 iterum
1028 2891 1042 2914 ,
1076 2848 1199 2902 Ηαέ
1225 2849 1337 2901 dico
1361 2888 1376 2911 ,
1404 2858 1458 2901 ut
1486 2865 1572 2901 vos
1593 2848 1718 2902 salvi
1748 2849 1876 2903 sitis.
1907 2849 2063 2904 Sem-

474 2954 571 3009 per
594 2942 735 2995 enim
767 2952 819 2995 et
851 2941 1043 3010 ubique
1076 2943 1174 2993 hoc
1196 2938 1478 2994 ostendere
1504 2941 1731 3010 satagit,
1763 2956 1820 2995 se
1849 2940 2059 2996 illorum

472 3030 661 3085 salutis
702 3046 862 3086 causa
891 3034 1118 3086 venisse.
1172 3031 1306 3084 Dicit
1334 3040 1513 3085 autem
1552 3046 1610 3086 se
1649 3031 1790 3086 Patri
1831 3032 2058 3101 gloriam

472 3137 693 3191 parare,
724 3130 782 3175 ut
815 3122 944 3177 nulli
975 3123 1044 3176 sit
1071 3122 1359 3190 su5picioni
1389 3121 1669 3177 obnoxius.
1705 3122 1855 3188 Quod
1881 3133 2061 3178 autem

472 3213 592 3268 ideo
633 3214 709 3269 sic
737 3214 985 3290 loquutus
1018 3214 1114 3279 sit,
1162 3214 1214 3268 in
1252 3216 1598 3285 sequentibus
1627 3198 1867 3270 ostendit.
1895 3234 1908 3271 :
1960 3215 2059 3283 Qui

471 3308 774 3361 voluntatem
817 3324 958 3360 suam
1008 3308 1224 3375 qua'rit,
1277 3308 1486 3377 inquit,
1544 3308 1759 3378 gloriam
1798 3309 2059 3378 prapriam

472 3400 783 3468 quterit;qui
812 3411 975 3450 autem
1004 3400 1182 3467 quaerit
1230 3399 1445 3466 gloriam
1469 3400 1579 3467 ejus
1622 3400 1707 3468 qui
1736 3401 1872 3453 misit
1916 3400 2058 3453 illum

482 3492 561 3543 hic
592 3504 744 3542 verna:
763 3498 855 3552 est,
888 3499 932 3540 et
960 3488 1209 3555 injustitia
1256 3489 1308 3539 in
1339 3488 1428 3540 illo
1458 3504 1557 3540 non
1588 3498 1679 3543 est.
1713 3488 1840 3543 Uter:
1867 3500 1938 3543 est
1959 3506 2056 3542 au-

475 3593 570 3635 tem
593 3580 821 3633 voluntas
845 3577 1035 3644 Patris,
1063 3589 1115 3631 ut
1133 3580 1292 3632 omnis
1315 3580 1401 3647 qui
1424 3579 1554 3634 videt
1577 3578 1790 3645 Filium,
1834 3591 1879 3635 et
1904 3582 2059 3635 credit

474 3677 524 3727 in
552 3690 685 3738 eum,
721 3673 897 3725 habeat
927 3671 1076 3723 vitam
1104 3680 1345 3725 attentam
1365 3713 1378 3735 ,
1409 3681 1455 3724 et
1500 3688 1590 3741 ego
1614 3673 1919 3725 resuscitabo
1947 3688 2059 3726 eum

474 3768 525 3818 in
557 3766 823 3819 novissimo
853 3764 935 3817 die
987 3761 1166 3833 (Joan.
1196 3762 1249 3817 7.
1302 3762 1413 3831 18).
1447 3762 1554 3817 Cur
1604 3772 1710 3816 tam
1755 3762 2062 3833 frequenter

476 3855 923 3910 resurrectionem
949 3862 1212 3907 memorat
1237 3853 1260 3906 ?
1308 3852 1385 3908 Ne
1416 3853 1766 3923 prmscntihus
1792 3856 1962 3909 Solum
2005 3855 2057 3909 in

476 3943 636 4000 rebus
660 3944 753 4000 Dei
784 3943 1169 4013 providentiam
1196 3952 1431 3999 statuant
1456 3961 1469 3998 :
1500 3952 1559 3998 ut
1582 3942 1628 3997 si
1660 3944 1741 3997 hic
1767 3944 1921 3999 bouis
1951 3961 2056 4001 non

476 4041 736 4100 fruantur,
769 4052 835 4089 ne
867 4034 986 4089 ideo
1016 4035 1291 4104 segniores
1322 4036 1448 4101 sint,
1481 4034 1576 4089 sed
1597 4033 1771 4089 futura
1796 4045 2052 4104 sperent;

475 4140 527 4184 et
552 4132 593 4182 si
618 4129 668 4182 in
693 4128 937 4197 praesenti
960 4142 1064 4180 non
1088 4128 1386 4196 puniantur,
1414 4142 1480 4181 ne
1500 4127 1670 4196 ipsum
1689 4136 2053 4193 contemnant,

474 4221 568 4276 sed
611 4221 766 4274 aliam
806 4228 1114 4289 exspectent
1144 4220 1329 4274 vitam.

544 4320 597 4373 4.
631 4316 823 4371 Verum
850 4317 894 4369 si
922 4311 999 4369 illi
1032 4313 1161 4367 nihil
1190 4313 1375 4368 lucrati
1402 4320 1545 4379 sunt,
1575 4326 1674 4367 nos
1701 4312 1894 4368 lucrari
1941 4323 2056 4369 stu-

474 4412 734 4475 deamus,
785 4409 853 4462 de
904 4405 1303 4460 resurrectione
1337 4418 1480 4474 smpe
1526 4404 1824 4473 loquentes.
1876 4405 1933 4461 Si
1976 4405 2053 4460 di-

474 4499 710 4557 tescendi
734 4542 746 4566 ,
778 4499 1039 4569 rapiendi,
1071 4507 1163 4552 aut
1194 4512 1419 4566 pravum
1449 4496 1577 4566 quid
1604 4496 1830 4552 faciendi
1866 4499 2058 4553 volun-

476 4604 557 4648 tas
583 4593 768 4647 subeat
793 4636 807 4655 ,
843 4592 1020 4645 statim
1053 4588 1192 4642 diem
1234 4589 1379 4642 illam
1409 4588 1724 4657 cogitemus,
1751 4598 1801 4643 et
1830 4589 2060 4643 tribunal

472 4685 602 4741 illud
632 4685 783 4739 nobis
807 4682 1214 4745 describamus;
1246 4679 1468 4749 h:ccque
1492 4680 1741 4748 cogitatio
1768 4680 2056 4747 efﬁcacius,

473 4792 632 4845 quam
663 4776 865 4830 frenum
894 4774 1191 4844 quodlibet,
1218 4772 1381 4826 animi
1414 4773 1585 4825 nostri
1616 4773 1869 4842 impetum
1902 4790 2058 4829 coer-

473 4868 635 4921 cebit.
667 4867 732 4921 Et
765 4868 884 4920 aliis
913 4877 966 4922 et
996 4866 1148 4921 nobis
1171 4879 1382 4933 semper
1408 4862 1648 4919 dicamus
1678 4884 1689 4918 :
1723 4866 2062 4922 ltesurrectio

475 4969 589 5024 est,
636 4969 689 5014 et
735 4959 971 5013 terribile
999 4957 1227 5013 tribunal
1279 4971 1378 5010 nos
1411 4964 1611 5010 manet.
1655 4955 1712 5011 Si
1758 4960 2060 5027 quempiam

476 5053 653 5106 ltetnm
684 5064 734 5106 et
760 5052 825 5105 de
854 5050 1203 5119 praesentibus
1229 5049 1384 5104 bonis
1414 5056 1707 5103 tumentem
1744 5049 2021 5106 videamus
2043 5094 2059 5119 ,

476 5145 703 5214 idipsum
733 5146 973 5199 dicamus
996 5184 1010 5207 ,
1056 5142 1390 5198 declarantes
1417 5140 1593 5193 omnia
1621 5141 1707 5195 hic
1748 5157 1868 5196 esse
1912 5160 2061 5198 man-

476 5249 638 5296 sura;
671 5237 751 5288 sin
782 5236 948 5288 alium
995 5232 1273 5287 dolentem
1301 5230 1658 5301 :crumnisque
1697 5246 1939 5301 pressum
1984 5234 2060 5286 vi-

476 5326 736 5388 deamus,
770 5326 998 5389 idipsum
1049 5324 1124 5378 illi
1169 5306 1654 5392 reprasscntcmus,
1708 5339 1900 5392 nempe
1952 5324 2065 5380 hinc

481 5417 648 5471 tristia
683 5416 841 5470 ﬁnem
875 5415 1119 5469 habitura
1142 5430 1298 5480 esse;
1330 5416 1410 5469 sin
1441 5416 1687 5484 supinum
1717 5425 1770 5470 ct
1798 5416 2020 5471 ell'usum
2045 5456 2060 5480 ,

481 5508 707 5579 idipsum
747 5507 820 5562 illi
851 5508 1155 5561 accinatnns
1177 5548 1193 5573 ,
1242 5506 1414 5577 ipsum
1443 5522 1634 5577 nempe
1679 5506 1923 5577 segnitiei
1954 5521 2063 5561 sua:

484 5616 667 5671 parias
709 5601 978 5667 daturum.
1040 5600 1149 5655 Iloc
1191 5599 1387 5655 dictum
1432 5599 1547 5668 plus
1598 5615 1755 5669 quam
1804 5599 2065 5653 medicina

484 5707 599 5764 quae
612 5694 687 5750 vis
716 5694 950 5747 animam
979 5702 1215 5747 nostram
1244 5691 1467 5746 curabit.
1502 5691 1596 5748 Est
1622 5691 1765 5746 enim
1796 5704 2065 5746 resurrec-

1178 275 1231 326 s.
1275 271 1545 328 lOtvalS
1584 269 2058 328 cnnvsosrout
2101 268 2413 326 AltCtllEP.
2454 272 2982 335 consumma.

3637 289 3738 344 236

2166 385 2238 438 tio
2260 427 2272 449 ,
2305 396 2359 439 et
2388 390 2712 444 resurrectio
2739 391 2795 445 in
2832 391 3008 461 januis
3035 402 3136 460 est,
3167 382 3293 449 non.
3314 395 3496 463 procul
3542 400 3735 466 posita.

2162 479 2338 531 Adhuc
2364 481 2493 533 enim
2522 485 2770 537 modicum
2794 525 2809 550 ,
2845 486 3013 555 inquit
3041 486 3257 550 Paulus,
3291 490 3375 556 qni
3404 501 3638 543 venturus
3667 503 3738 544 est

2161 572 2350 635 veniet,
2383 584 2431 625 et
2461 590 2559 627 non
2606 575 2825 629 tardabit
2851 576 3033 647 (Hebr.
3083 580 3168 633 10.
3213 580 3343 651 57);
3378 592 3430 635 et
3482 597 3690 637 rursum
3725 627 3736 645 ,

2164 660 2349 715 Omnes
2386 674 2579 733 oportet
2628 682 2717 720 nos
2766 669 3079 739 manifestari
3133 680 3249 723 ante
3292 672 3512 725 tribunal
3556 672 3742 727 Christi

2163 753 2238 821 (Ξ.
2286 752 2404 808 Cor.
2436 755 2486 807 5.
2521 755 2630 824 10);
2664 756 2714 810 id
2747 767 2829 810 est
2853 798 2868 823 ,
2897 768 2949 811 et
2977 758 3147 813 malos
3173 767 3227 814 et
3258 758 3465 825 bonos;
3498 761 3614 817 illos
3638 804 3652 826 ,
3684 775 3740 815 ttt

2160 861 2340 901 coram
2367 847 2613 901 omnibus
2645 848 2930 918 ignominia
2961 850 3295 916 afﬁciantur;
3329 852 3446 918 hos,
3477 862 3535 907 ut
3560 869 3739 909 coram

2160 940 2408 993 erunibus
2428 940 2818 1008 Splendidiores
2841 942 3085 998 evadant.
3110 943 3571 1010 Quemadmodum
3596 947 3738 1000 enim

2157 1028 2366 1097 jndiecs
2396 1030 2480 1083 hic
2509 1030 2679 1085 malos
2718 1032 2889 1100 palam
2922 1033 3183 1101 puniunt,
3231 1033 3400 1089 bonos
3428 1035 3637 1103 publice
3661 1039 3740 1090 af-

2160 1121 2345 1176 ﬁciunt
2390 1122 2630 1176 honore:
2675 1126 2753 1178 sic
2776 1133 2832 1179 et
2862 1124 2969 1179 illic
3018 1124 3146 1189 ﬁet;
3194 1124 3266 1179 ita
3316 1133 3374 1179 ut
3422 1125 3528 1181 illis
3566 1128 3741 1196 pudor

2162 1212 2351 1281 major,
2385 1212 2469 1268 his
2494 1213 2663 1283 gloria
2696 1213 2957 1269 illustrior
2984 1223 3260 1284 appareat.
3296 1214 3422 1270 Hac
3449 1217 3627 1287 itaque
3648 1235 3741 1272 no-

2162 1302 2243 1359 bis
2290 1303 2510 1372 singulis
2557 1304 2743 1359 diebus
2773 1306 3203 1373 prtescribamns.
3254 1305 3381 1362 Hatc
3430 1308 3475 1361 si
3529 1324 3742 1379 semper

2160 1408 2451 1459 versemus,
2482 1395 2624 1450 nulla
2664 1410 2842 1453 rerum
2874 1396 3211 1464 prmsentium
3239 1405 3293 1451 et
3317 1397 3577 1453 noxarum
3602 1402 3618 1431 ¹
3647 1416 3740 1454 nos

2162 1499 2424 1553 occupare
2473 1486 2687 1553 poterit.
2716 1485 2848 1540 Nam
2890 1502 3011 1556 quae
3058 1487 3307 1543 videntur
3363 1499 3737 1560 temporanea,

2162 1593 2281 1647 quae
2307 1592 2415 1634 non
2443 1577 2694 1633 videntur
2720 1588 2918 1634 mterna
2948 1588 3090 1633 sunt.
3124 1580 3248 1636 llmc
3280 1597 3408 1652 ergo
3439 1581 3741 1653 frequenter

2158 1670 2318 1723 nobis
2351 1669 2478 1738 ipsis
2504 1680 2556 1724 et
2588 1679 2771 1724 mutuo
2817 1670 3056 1725 dicamus
3088 1688 3101 1724 :
3150 1670 3493 1729 Resurrcctio
3532 1683 3647 1739 est,
3691 1687 3740 1728 et

2157 1760 2452 1830 judicium;
2482 1770 2535 1814 et
2564 1776 2788 1830 operum
2828 1760 3097 1815 reddenda
3125 1763 3281 1815 ratio.
3325 1762 3597 1834 Quotqum
3644 1781 3736 1835 pn-

2164 1862 2275 1907 tant
2299 1866 2416 1907 esse
2442 1850 2627 1918 fatum,
2660 1853 2759 1907 hoc
2782 1850 2979 1919 dicant,
3011 1860 3064 1905 et
3092 1867 3210 1906 mox
3244 1852 3401 1922 hujus
3427 1855 3596 1909 morbi
3624 1856 3741 1909 tabe

2158 1948 2553 2002 liberabuntur.
2585 1946 2713 2001 Nam
2763 1947 2806 2001 si
2856 1947 3175 2001 resurrectio
3217 1956 3300 2001 est
3349 1956 3403 2002 et
3446 1948 3738 2017 judicium,

2164 2055 2269 2094 non
2297 2048 2379 2094 est
2407 2038 2569 2093 fatum
2597 2081 2610 2101 ,
2642 2039 2979 2109 quantumvis
3025 2039 3123 2109 ipsi
3174 2039 3515 2095 contendant.
3552 2041 3739 2095 Vermn

2162 2131 2326 2200 pudet
2351 2145 2437 2184 me
2480 2130 2816 2185 Christianos
2844 2129 3040 2185 docere
3089 2131 3556 2185 resurrectionem.
3606 2131 3738 2185 Nam

2163 2224 2250 2293 qui
2280 2222 2549 2277 docendus
2578 2232 2661 2277 est
2708 2238 2827 2278 esse
2868 2223 3345 2287 resurrectionem,
3380 2238 3478 2278 nec
3522 2239 3742 2293 persua-

2164 2332 2283 2371 sum
2312 2314 2470 2370 habet
2495 2315 2692 2368 nullam
2715 2330 2833 2369 esse
2858 2315 3226 2369 necessitatem
3250 2356 3269 2381 ,
3297 2329 3395 2369 nec
3418 2330 3508 2370 res
3534 2330 3660 2371 casu
3684 2332 3743 2370 ac

2165 2419 2367 2465 temere
2412 2408 2572 2472 ferri,
2624 2409 2670 2462 is
2719 2416 2865 2463 certe
2896 2422 3001 2461 non
3051 2417 3133 2462 est
3179 2408 3536 2463 Christianus.
3585 2410 3743 2476 Ideo,

2164 2516 2345 2571 quaeso
2374 2511 2427 2553 et
2455 2501 2678 2553 obsecro
2705 2540 2716 2562 ,
2750 2500 2815 2552 ab
2842 2499 3090 2553 omnibus
3123 2513 3219 2553 nos
3244 2500 3398 2553 malis
3426 2516 3705 2569 purgemus
3724 2542 3742 2567 ,

2168 2593 2403 2660 nihilque
2436 2608 2540 2645 non
2570 2606 2789 2661 agamus
2825 2600 2884 2644 ut
2910 2606 3303 2660 consequamur
3328 2594 3539 2647 veniant
3585 2608 3744 2648 excu~

2166 2685 2535 2751 sationemque
2580 2683 2632 2735 in
2665 2682 2759 2735 illo
2786 2681 2894 2735 die.
2937 2681 3042 2736 Sed
3092 2680 3227 2737 forte
3253 2682 3398 2738 dicet
3438 2684 3697 2753 quispiam
3729 2703 3740 2735 ε

2164 2772 2511 2843 Quandonam
2554 2774 2969 2840 consummatio,
3017 2773 3228 2842 quando
3252 2774 3575 2829 resurrectio
3607 2777 3743 2830 erit?

2165 2873 2419 2935 quantum
2448 2863 2706 2932 temporis
2731 2862 2936 2919 efﬂuxit
2956 2905 2969 2931 ,
3007 2873 3063 2919 et
3107 2864 3238 2919 nihil
3264 2863 3455 2919 horum
3484 2866 3697 2937 contigit
3722 2869 3743 2917 't

2170 2953 2274 3009 Sed
2301 2953 2425 3016 erit,
2464 2952 2690 3009 credite.
2716 2952 2847 3007 Nam
2880 2962 3003 3009 ante
3027 2953 3287 3009 diluvium
3329 2955 3431 3011 hoc
3471 2955 3741 3019 dicebant,

2162 3056 2217 3104 et
2244 3047 2557 3103 deridebant
2585 3046 2734 3104 Noe:
2782 3048 2875 3103 sed
2904 3048 3047 3104 venit
3075 3048 3333 3105 diluvium
3355 3089 3371 3116 ,
3404 3059 3460 3104 et
3501 3049 3599 3105 hos
3624 3066 3741 3105 om-

2166 3156 2260 3196 nes
2292 3156 2395 3195 non
2423 3139 2705 3195 credentes
2726 3139 3033 3206 absorbuit,
3063 3140 3151 3195 ille
3190 3142 3335 3194 solus
3366 3140 3592 3195 credens
3623 3156 3735 3196 ser-

2164 3242 2319 3286 vatus
2338 3239 2437 3286 est.
2474 3232 2537 3285 Et
2570 3240 2810 3301 tempore
2836 3230 2952 3285 Loti
2996 3230 3250 3286 divinitus
3283 3231 3574 3286 immissam
3608 3233 3743 3286 illam

2171 3325 2381 3393 plagam
2408 3337 2515 3377 non
2565 3322 2981 3393 exspectabant,
3023 3321 3193 3377 donec
3240 3322 3391 3392 ignes
3417 3332 3471 3377 et
3511 3324 3741 3379 immissa

2166 3418 2384 3471 fulmina
2414 3430 2601 3470 omnes
2649 3422 3114 3484 consumpserunt.
3149 3413 3330 3483 Neque
3367 3424 3490 3469 tunc
3534 3426 3742 3480 autem,

2167 3522 2340 3576 neque
2367 3516 2608 3575 tempore
2633 3505 2745 3561 Noe
2774 3506 2866 3560 fuit
2890 3505 3080 3575 aliquis
3108 3505 3404 3560 futurorum
3430 3506 3586 3562 index
3614 3524 3743 3576 prae-

2166 3600 2314 3662 vius;
2347 3596 2439 3651 sed
2466 3597 2713 3650 omnibus
2751 3596 3441 3660 convivantibus,ebrietati
3473 3595 3743 3667 indulgen-

2121 3703 2128 3711 '
2168 3690 2326 3754 tibus,
2349 3687 2701 3741 intolerabilia
2733 3687 2824 3740 illa
2844 3686 2980 3740 mala
3013 3686 3305 3741 irruerunt.
3336 3685 3423 3741 Sic
3446 3688 3547 3741 erit
3572 3702 3747 3741 resur-

2165 3780 2333 3834 rectio
2379 3797 2393 3834 :
2449 3778 2577 3832 nihil
2630 3793 2746 3831 eam
2805 3777 3221 3847 prtenuntiabit,
3287 3777 3381 3832 svd
3448 3778 3745 3833 hominibus

2168 3871 2471 3926 laetantibus
2511 3876 2565 3923 et
2592 3870 2753 3923 rebus
2785 3869 3091 3939 prosperis,
3120 3870 3480 3939 superveniet.
3530 3869 3649 3924 Ideo
3677 3871 3745 3923 ait

2170 3964 2365 4019 Paulus
2394 3980 2407 4015 :
2437 3961 2563 4016 Cum
2589 3962 2721 4014 enim
2747 3961 2913 4013 dicent
2952 3976 3126 4030 pacem
3167 3971 3212 4013 et
3250 3963 3597 4026 securitatem,
3632 3972 3745 4014 tunc

2165 4055 2458 4123 repentinus
2485 4054 2609 4123 ipsis
2635 4053 2944 4123 superveniet
2975 4053 3209 4106 interitus
3236 4069 3254 4106 :
3283 4055 3411 4107 sicut
3436 4065 3483 4107 et
3525 4054 3669 4107 dolor
3697 4057 3744 4105 in

2167 4158 2305 4202 utero
2336 4147 2572 4211 habenti,
2608 4156 2779 4199 etnon
2820 4143 3058 4215 e/I’ugient
3094 4147 3169 4216 (Ι.
3210 4144 3389 4200 Thess.
3422 4147 3477 4201 5.
3508 4146 3560 4216 5)
3619 4146 3745 4199 Illud

2166 4248 2343 4293 antem
2374 4238 2492 4292 ideo
2520 4238 2588 4290 ita
2625 4235 2856 4306 providit
2883 4234 3048 4302 Deus,
3078 4244 3134 4287 ut
3164 4249 3373 4302 semper
3399 4236 3563 4288 simus
3590 4252 3747 4303 expc-

2166 4332 2259 4386 diti
2292 4330 2355 4383 ad
2382 4328 2676 4384 cavendum
2727 4326 2914 4392 nobis,
2950 4342 3047 4382 nec
3090 4328 3171 4380 vel
3222 4328 3272 4381 in
3308 4328 3419 4397 ipsa
3468 4327 3749 4381 securitate

2170 4422 2415 4475 fidamus.

2240 4511 2496 4565 Probatur
2537 4522 2585 4564 et
2613 4512 3025 4564 resurrectionem
3064 4518 3110 4562 et
3128 4510 3383 4579 judicium
3410 4524 3516 4563 esse
3558 4512 3748 4579 futura.

2164 4635 2235 4646 --
2255 4603 2391 4671 Quid
2418 4603 2594 4657 dicis?
2622 4617 2726 4657 non
2756 4610 3035 4670 exspectas
3060 4602 3509 4656 resurrectionem
3534 4610 3589 4655 et
3610 4600 3753 4668 jndi.

2166 4699 2348 4753 cimn‘t
2380 4696 2492 4750 bare
2516 4694 2787 4749 daemones
2817 4694 3158 4757 conlitentur,
3185 4702 3239 4747 et
3280 4702 3333 4745 tu
3372 4707 3475 4744 non
3524 4695 3751 4744 counte-

2168 4791 2243 4845 ris
2264 4789 2329 4842 ’2
2374 4785 2560 4841 Venisti
2588 4787 2705 4849 huc,
2741 4785 3019 4855 inquiunt,
3052 4792 3167 4835 ante
3191 4792 3384 4849 tempus
3406 4791 3634 4849 torquere
3663 4799 3753 4834 nos

2170 4880 2378 4951 (Matth.
2410 4878 2463 4933 8.
2496 4878 2609 4947 Q9).
2642 4878 2739 4945 Qui
2780 4893 2909 4931 vero
2934 4874 3221 4929 cruciatum
3269 4874 3500 4926 futurum
3534 4871 3743 4936 dicunt,

2170 4972 2241 5027 illi
2270 4981 2325 5026 et
2361 4970 2615 5039 judicium
2640 5012 2655 5038 ,
2686 4978 2739 5022 et
2766 4969 3000 5021 rationes
3027 4963 3323 5019 reddendas
3343 5005 3358 5029 ,
3401 4971 3455 5017 et
3496 4963 3749 5032 supplicia

2169 5072 2380 5118 norunt.
2425 5062 2498 5116 Ne
2548 5061 2723 5129 itaque
2770 5060 2933 5112 Deum
2980 5070 3360 5125 provocemus,
3412 5056 3535 5108 dum
3589 5053 3749 5108 stulta

2169 5154 2447 5219 audemus,
2480 5162 2533 5207 ct
2560 5150 2933 5205 resurrectioni
2969 5165 3075 5203 non
3107 5148 3393 5202 credimus.
3434 5147 3582 5201 Sicut
3610 5148 3749 5200 enim

2172 5248 2223 5300 in
2252 5247 2367 5299 aliis
2403 5243 2554 5297 nobis
2586 5242 2899 5310 principium
2929 5238 3028 5292 fuit
3054 5238 3297 5292 Christus
3321 5278 3335 5300 ,
3386 5238 3456 5291 ita
3482 5246 3537 5291 et
3568 5237 3618 5290 in
3653 5238 3750 5291 hoc

2172 5358 2403 5411 quiiqne.
2438 5339 2566 5394 Nam
2600 5338 2718 5391 ideo
2769 5335 3158 5405 primogenitus
3188 5343 3519 5386 mortuorum
3560 5330 3752 5385 dicitur

2173 5436 2304 5505 (Col.
2340 5435 2388 5488 l.
2422 5433 2531 5500 18).
2565 5429 2714 5496 Quod
2745 5430 2787 5484 si
2818 5426 3138 5481 resurrectio
3163 5441 3264 5479 non
3293 5433 3455 5491 esset,
3486 5420 3751 5492 quomodo

2238 5573 2251 5603 ¹
2293 5570 2363 5619 lta
2392 5566 2553 5616 Morel.
2595 5565 2651 5614 In
2674 5561 2812 5611 Savil.
2840 5566 3003 5607 autem
3046 5558 3245 5619 legitur,
3270 5557 3403 5609 nulla
3438 5568 3598 5607 rerum
3622 5565 3752 5619 pra‘

2173 5635 2374 5684 sentiunt
2398 5642 2531 5677 cura.
2997 5680 3004 5686 _
3107 5680 3114 5686 _

2238 5680 2266 5726 ιθ
2291 5694 2429 5743 savii.
2456 5692 2621 5749 habet,
2646 5693 2689 5735 et
2712 5691 2761 5733 tu
2786 5696 2877 5731 non
2902 5680 3138 5730 erubescis
3168 5681 3191 5729 ν
