3984 6196
297 269 377 326 157
1289 264 1357 319 IN
1397 264 1710 321 JOANNEM
1751 265 1831 322 ιιι]

1937 267 1982 323 ξι.
2028 268 2211 325 XLVI.
2253 272 2323 325 al.
2368 272 2528 328 XLV.

290 380 642 455 primogenitus
674 380 880 433 futurus
909 385 1084 442 esset,
1129 377 1280 432 nullo
1303 393 1368 432 ex
1419 377 1640 433 mortuis
1669 378 1844 449 ipsum

282 473 551 542 sequente?
592 471 648 525 Si
681 470 1006 526 resurrectio
1057 483 1163 523 non
1190 477 1293 533 est,
1326 469 1598 540 quomodo
1637 469 1841 539 justilia

281 566 356 620 Dei
382 562 694 627 servabitur,
744 577 867 617 cum
909 569 988 616 tot
1034 561 1262 630 Improbi
1316 562 1369 615 in
1423 564 1726 631 prosperis,
1764 571 1842 616 tot

275 656 408 730 probi
463 656 512 710 in
563 653 820 710 aerumnis
865 653 1029 706 vitam
1074 652 1326 721 exigant?
1372 650 1599 708 Ubinam
1649 651 1839 706 horum

271 749 442 818 singuli
471 748 765 802 secundum
793 745 980 801 merita
1020 746 1317 814 accipient,
1345 745 1389 800 si
1419 760 1524 799 non
1551 745 1621 799 sit
1660 759 1841 800 resur-

269 841 458 897 rectio?
500 839 672 895 Nemo
702 847 848 894 recte
898 837 1188 894 viventium
1238 837 1686 893 resurrectionem
1733 852 1840 890 non

265 933 456 995 credit;
504 931 601 985 sed
647 930 796 1000 probi
827 929 1063 1000 quotidie
1088 927 1229 983 diem
1263 928 1407 982 illam
1457 935 1683 996 optant,
1715 941 1840 980 san-

266 1035 390 1078 rtam
421 1024 560 1079 illam
589 1037 776 1078 vocem
804 1012 1432 1091 proferentes,’.Adueniat
1465 1037 1672 1090 regnum
1701 1029 1841 1073 luunt

267 1114 458 1182 (Jlottli.
503 1115 559 1168 6.
598 1113 711 1183 10).
743 1112 970 1179 Quinam
1002 1127 1132 1182 ergo
1176 1122 1302 1166 sunt
1341 1111 1433 1181 qui
1487 1110 1840 1166 resurrectio-

265 1224 374 1262 nem
404 1221 504 1275 non
533 1206 804 1261 credunt!
845 1205 945 1273 Qui
976 1205 1030 1259 in
1078 1205 1178 1259 viis
1210 1203 1498 1273 inquinatis
1527 1202 1837 1266 ambulant,

264 1310 310 1354 et
333 1299 584 1368 impuram
608 1297 770 1351 vitam
796 1297 1019 1360 ducunt,
1048 1305 1107 1351 ut
1129 1297 1204 1350 ait
1228 1294 1524 1366 propheta:
1553 1293 1843 1365 lnquinalte

264 1384 365 1442 s'nnt
392 1391 480 1442 sic
504 1389 649 1443 illius
678 1392 728 1442 in
752 1371 892 1443 omni
917 1399 1140 1457 tempore
1163 1405 1184 1443 .'
1210 1390 1516 1457 auferuntur
1533 1386 1728 1454 iudicia
1752 1395 1840 1438 tua

262 1498 290 1532 α
312 1480 430 1549 [acie
445 1481 559 1550 ejus
594 1478 747 1551 (Psal
801 1481 855 1536 9.
887 1480 1000 1550 26).
1027 1478 1143 1534 Non
1175 1487 1258 1535 est
1284 1478 1464 1542 enim,
1493 1486 1704 1532 nonest
1733 1475 1838 1531 uti-

3439 294 3546 350 253

1950 381 2246 451 quehomo
2271 390 2435 440 vitam
2464 388 2663 444 ducens
2691 405 2914 459 puram,
2963 397 3051 467 qui
3083 415 3189 455 non
3219 405 3401 462 credat
3447 420 3535 460 rc-

1947 475 2270 530 surreetioni
2296 495 2332 529 :.
2358 480 2541 548 aequi
2571 482 2770 539 nullius
2814 487 2915 542 sibi
2961 493 3161 546 conscii
3202 507 3326 552 sunt
3372 505 3532 561 mali.

1947 564 2162 630 dicunt,
2208 577 2461 636 sperant,
2493 579 2548 626 et
2583 574 2846 641 credunt,
2895 582 3303 640 retributionem
3333 603 3393 645 se
3420 607 3540 648 esse

1947 667 2286 728 accepturos.
2313 660 2392 716 Ne
2421 663 2598 733 itaque
2627 665 3114 742 Deumrir-ritcntus,
3143 678 3236 733 sed
3259 682 3539 741 audiamus

1948 763 2068 802 eum
2098 750 2364 806 dicentem
2391 792 2407 817 ,
2460 754 2654 811 Timete
2701 775 2816 813 eum
2841 765 2932 832 qui
2971 777 3130 835 potest
3157 781 3202 824 et
3229 788 3454 831 animum
3483 789 3536 832 et

1946 854 2132 932 corpus
2159 843 2367 909 perdere
2386 843 2438 897 in
2464 847 2744 915 gehennam
2769 851 2980 911 (Matt/ta.
3015 859 3101 914 lO.
3133 859 3263 932 28.);
3298 875 3354 919 ut
3391 877 3538 924 metu

1946 929 2199 986 meliores
2253 932 2494 999 factum
2522 937 2623 993 hac
2648 943 2883 1009 pernicie
2929 946 3137 1004 liberati
3182 929 3349 1025 regno
3376 959 3538 1015 czelo-

1949 1036 2063 1074 rum
2086 1021 2229 1092 digni
2263 1024 2553 1083 habeantur
2584 1046 2596 1083 :
2627 1034 2767 1101 quod
2797 1037 2997 1094 utinam
3023 1058 3211 1100 omnes
3236 1021 3534 1121 consequa-

1946 1127 2088 1178 mur,
2113 1115 2280 1184 gratia
2302 1127 2356 1172 et
2386 1118 2710 1191 benignitate
2735 1127 2941 1184 Domini
2969 1136 3136 1189 nostri
3163 1137 3290 1193 Jesu
3312 1115 3532 1209 Christi,

1950 1220 2046 1274 per
2071 1220 2229 1302 quem
2263 1218 2318 1264 et
2347 1225 2466 1264 cum
2519 1230 2626 1283 quo
2656 1216 2800 1272 Patri
2844 1221 3013 1290 gloria
3043 1240 3165 1280 cum
3217 1230 3492 1288 adorando
3514 1277 3533 1302 ,

1945 1300 2286 1355 sanctissimo
2315 1313 2368 1358 et
2397 1306 2606 1362 vivitico
2633 1310 2750 1378 ejus
2777 1311 3000 1382 Spiritu,
3032 1334 3174 1374 nunc
3200 1331 3256 1376 et
3288 1300 3524 1395 semper,

1950 1400 2006 1446 et
2036 1392 2090 1447 in
2121 1393 2323 1449 inlinita
2350 1397 2545 1452 Saecula
2570 1402 2909 1460 saeculorum.
2940 1407 3134 1463 Amen.

1589 1682 1940 1745 HOMILIA
1984 1683 2232 1746 XLVI”
2828 1743 2833 1748 .

261 1833 374 1888 ΕΑΡ.
403 1833 454 1888 6.
507 1849 564 1886 ν.
605 1832 713 1887 41..
731 1831 1122 1886 Μαηιιιηναὺαιιι
1151 1847 1273 1902 ergo
1289 1829 1327 1884 J
1335 1830 1468 1884 υάωὶ
1495 1829 1847 1899 de.illo.qttod
1952 1843 2142 1898 [1.08861
2165 1831 2285 1916 quia
2317 1835 2384 1890 id.
2407 1839 2638 1896 maxime
2674 1844 2902 1914 probat,
2924 1850 3262 1911 .volumatem
3295 1870 3530 1916 nostra."

324 1926 546 1986 dixisset,
579 1923 690 1995 Ego
710 1941 820 1978 sunt
852 1925 998 1993 panis
1029 1964 1044 1988 ,
1071 1924 1157 1993 qui
1177 1923 1239 1976 de
1263 1921 1669 1976 cado-descendit
1698 1963 1714 1988 ,
1734 1920 1840 1974 .42.

325 2025 369 2066 et
389 2015 621 2069 dicebant
655 2030 676 2070 :
699 2013 889 2069 Nonne
909 2015 991 2068 Itic
1008 2023 1081 2070 est
1104 2013 1260 2068 Jesus
1287 2014 1428 2083 ﬁlius
1449 2012 1664 2082 Joseplt,
1693 2011 1840 2081 cujus

323 2123 412 2159 nos
439 2107 787 2178 cognoscimus
814 2117 1009 2174 patrem
1047 2116 1093 2160 et
1135 2105 1391 2160 matrem?
1421 2105 1685 2172 Quomodo
1718 2119 1837 2173 ergo

325 2197 440 2249 dicit
465 2213 516 2251 se
555 2214 582 2251 e
604 2197 731 2251 calo
757 2197 1074 2252 descendisse
1100 2197 1126 2249 ?

329 2290 381 2342 l‘.
411 2287 633 2351 Quorum
664 2288 798 2343 Dens
826 2301 993 2344 uenter
1029 2299 1101 2344 cst
1131 2329 1146 2352 ,
1176 2297 1222 2344 et
1263 2289 1428 2357 gloria
1469 2289 1520 2342 in
1556 2288 1837 2359 ignominia

266 2379 700 2451 eornnttl’ltilipp.
721 2384 772 2439 5.
796 2383 910 2451 19),
931 2382 1098 2453 inquit
1134 2383 1201 2439 de
1239 2382 1553 2452 quibusdam
1582 2381 1834 2446 Paulus‘,

262 2471 687 2542 I‘ltilippensibus
704 2476 962 2530 scribens.
989 2475 1140 2542 Quod
1162 2485 1339 2531 autem
1371 2474 1423 2530 hi
1448 2474 1616 2530 Judaei
1634 2483 1833 2541 essent,

259 2568 426 2635 palam
455 2575 537 2621 est
564 2583 593 2620 a
617 2566 1060 2638 praecedentibus,
1094 2567 1266 2636 palam
1294 2566 1421 2622 item
1447 2575 1528 2620 est
1547 2560 1836 2636 abiis'quze

255 2656 519 2711 Christum
557 2658 818 2713 adeuntes
855 2657 1122 2714 dicebant.
1156 2657 1286 2712 Nam
1314 2671 1436 2712 cum
1475 2671 1674 2727 panem
1708 2655 1836 2726 ipsis

255 2749 429 2813 dedit,
463 2750 815 2822 ipsorumque
838 2759 1050 2806 ventres
1077 2750 1358 2821 implevit,
1391 2749 1835 2820 prophetamvvo-

259 2840 442 2895 (aibant
462 2881 480 2906 ,
523 2852 582 2896 et
609 2858 790 2913 regem
817 2843 1145 2898 constituere
1173 2841 1420 2898 volebant
1448 2859 1466 2905 ;
1490 2855 1624 2896 cum
1654 2849 1838 2895 autem

252 2933 779 3000 spiritualerncibum
802 2944 855 2988 et
878 2935 1043 2990 vitam
1065 2943 1321 2990 aeternam
1349 2933 1549 3000 docuit,
1571 2948 1691 2988 cum
1715 2933 1834 2988 illos

249 3039 276 3076 δ
300 3025 592 3080 sensilibus
619 3025 879 3092 abduxit,
911 3025 1132 3082 cumde
1160 3026 1552 3080 resurrectione
1584 3025 1832 3093 loquutus

247 3127 318 3170 est
343 3159 360 3180 ,
402 3117 761 3186 ipsorumque
799 3126 1032 3172 mentem
1072 3117 1249 3172 erexit
1274 3132 1298 3180 ;.
1339 3131 1460 3170 cum
1511 3115 1831 3185 oportuisset

247 3206 385 3261 illum
416 3210 663 3264 maxime
707 3209 886 3263 mirari
905 3218 1080 3275 ,-tunc
1121 3217 1448 3262 murmurant
1480 3217 1531 3262 ct
1560 3208 1828 3262 resiliunt.

242 3301 393 3369 Atqui
424 3302 468 3354 si
491 3299 591 3354 hic
619 3309 735 3354 erat
762 3300 1023 3370 propheta
1052 3340 1069 3365 ,
1102 3307 1159 3352 ut
1195 3302 1340 3369 prius
1365 3300 1609 3355 dixerant
1636 3301 1695 3352 ἐ
1734 3297 1832 3353 Hic

241 3402 308 3444 est
335 3393 468 3446 cnim
494 3393 570 3446 de
587 3409 687 3462 quo
707 3394 838 3446 dixit
869 3391 1093 3463 Moyses,
1114 3393 1434 3463 .Propltetum
1459 3391 1595 3447 vobis
1609 3393 1829 3448 suscita-

236 3483 300 3534 l-it
329 3481 589 3538 Dominus
628 3481 768 3536 Deus
795 3485 858 3537 de
896 3484 1137 3552 fratribus
1175 3487 1388 3549 vestris,
1413 3493 1668 3553 tamquam
1715 3499 1832 3539 me:

235 3575 396 3641 ipsum
422 3576 609 3628 audite
639 3575 660 3647 (
691 3574 846 3630 Deut.
880 3575 968 3630 l8.
1000 3575 1067 3631 l5
1093 3573 1112 3646 )
1137 3591 1152 3639 ;
1176 3575 1413 3644 oportuit
1436 3575 1612 3645 ipsum
1641 3575 1830 3631 audire

233 3665 523 3732 dicentem,
567 3664 644 3720 De
681 3667 806 3720 caelo
831 3665 1086 3721 descendi.
1125 3665 1320 3722 Verum
1353 3682 1456 3720 non
1493 3665 1824 3732 audiebant,

232 3755 320 3809 sed
363 3755 1033 3811 murmurabant..Adhuc
1061 3756 1203 3811 enim
1237 3755 1408 3824 ipsum
1448 3755 1830 3812 reverebantur

230 3848 294 3900 ob
338 3863 546 3904 recens
599 3863 792 3917 panum
842 3848 1178 3903 miraculum.
1230 3847 1356 3903 Ideo
1395 3863 1501 3903 non
1550 3848 1832 3904 manifeste

228 3941 711 4007 contr-adicebant;
741 3941 1126 3996 murmurando
1179 3950 1357 3998 tamen
1412 3941 1826 4012 indignationem

228 4049 332 4102 pra:
375 4033 762 4098 sea-nabant,
817 4035 940 4104 quia
991 4048 1097 4088 non
1135 4034 1346 4104 qualem
1399 4033 1648 4088 volebant
1700 4035 1828 4104 ipsis

229 4141 475 4181 mensam
526 4125 779 4195 parabat.
816 4124 882 4180 Et
921 4133 1316 4180 murmurantes
1337 4123 1608 4188 dicebant,
1642 4125 1829 4180 Nonne

224 4216 302 4270 ωε
328 4228 402 4271 est
430 4218 592 4286 ﬁlim
618 4213 812 4286 Ioseph
834 4216 860 4269 .9
893 4215 1042 4272 Unde
1065 4214 1242 4285 palam
1255 4225 1339 4271 est
1359 4216 1505 4287 ipsos
1525 4213 1826 4271 mirabilem

221 4309 332 4376 ejus
387 4309 810 4378 generationem
852 4309 1088 4363 nondum
1135 4306 1371 4363 novisse.
1419 4305 1624 4361 Idcirco
1651 4306 1828 4362 adhuc

217 4416 336 4456 eum
356 4399 599 4469 Iosephi
628 4400 790 4454 lilium
819 4400 1023 4455 dicunt.
1043 4398 1228 4469 Neque
1254 4409 1432 4454 tamen
1457 4399 1679 4468 corripit
1708 4413 1823 4465 eos,

217 4508 388 4563 neque
431 4492 615 4557 dicit,
648 4490 760 4546 Non
796 4506 916 4546 sum
950 4491 1091 4545 lilius
1130 4489 1351 4560 Iosephi
1379 4508 1391 4545 :
1425 4505 1529 4544 non
1561 4489 1702 4560 quod
1728 4489 1824 4544 Jo-

215 4583 362 4651 sepbi
397 4583 558 4637 ﬁlius
582 4589 726 4636 esset
763 4580 908 4646 ,sed
948 4579 1088 4650 quod
1133 4579 1368 4634 nondum
1410 4589 1628 4649 possent
1654 4579 1825 4634 admi-

213 4679 445 4732 rabilcm
479 4678 638 4732 illum
686 4687 896 4746 partum
934 4674 1140 4730 audire.
1179 4673 1332 4740 Quod
1358 4673 1404 4728 si
1436 4681 1644 4742 partum
1673 4674 1823 4730 illum

213 4769 530 4823 seem-dum
575 4781 791 4822 carnem
837 4765 1072 4821 nondum
1104 4774 1351 4835 poterant
1392 4765 1577 4820 audire
1603 4806 1618 4832 ,
1654 4765 1836 4820 multo.

209 4863 388 4914 minus
452 4856 786 4914 inelIabilem
843 4857 992 4911 illum
1062 4867 1117 4912 et
1185 4871 1500 4927 supernum.
1552 4857 1609 4912 Si
1679 4856 1818 4928 quod

215 4951 489 5006 hinniilius
549 4960 670 5005 erat
733 4965 853 5005 non.
895 4948 1198 5014 revelavit,
1250 4947 1420 5004 multo
1489 4949 1665 5004 minus
1729 4949 1818 5003 illa

206 5044 434 5100 dixerit.
502 5043 663 5112 Atqui
724 5044 826 5098 hoc
889 5041 1032 5112 ipsos
1097 5039 1403 5097 oll‘endebat
1462 5040 1604 5112 quod
1677 5049 1823 5095 esset

1948 1921 1998 2022 in
2029 1934 2209 2022 nostra
2239 1942 2357 2022 esse
2389 1940 2672 1998 potestate.
2701 1935 2806 1991 Sed
2835 1939 2880 1993 si
2911 1942 3030 2010 quis
3074 1946 3214 2000 venit
3241 1948 3308 2002 ad
3339 1951 3482 2006 illum
3510 1995 3527 2019 ,

1947 2015 2141 2084 inquit,
2167 2017 2292 2086 quid
2327 2034 2462 2088 opus
2483 2023 2640 2080 habet
2669 2034 2727 2081 ut
2766 2029 3010 2088 trahatur
3033 2036 3058 2087 'I
3082 2035 3277 2094 Verum
3306 2041 3408 2098 hoc
3435 2015 3533 2098 no;

1944 2111 2114 2158 strum
2139 2121 2244 2161 non
2287 2109 2424 2164 tollit
2459 2112 2740 2170 arbitrium
2775 2160 2790 2182 ,
2819 2119 2913 2175 sed
2945 2123 3123 2192 potius
3166 2127 3402 2186 declarat
3431 2149 3529 2190 nos

1947 2194 2146 2292 auxilio
2167 2211 2300 2266 opus
2332 2200 2551 2259 habere.
2578 2203 2672 2260 llic
2698 2217 2876 2264 autem
2901 2227 3006 2268 non
3033 2215 3207 2286 agitur
3243 2219 3310 2275 de
3339 2224 3530 2292 quovis

1948 2283 2164 2344 homine
2193 2289 2486 2348 accedente
2513 2335 2531 2361 ,
2561 2296 2655 2352 sed
2689 2297 2757 2354 de
2779 2301 2874 2356 illo
2900 2303 2989 2374 qui
3019 2283 3187 2362 multo
3214 2283 3405 2368 fruitur
3429 2331 3528 2370 au-

1948 2375 2095 2431 xilio.
2130 2379 2338 2438 Deinde
2384 2385 2600 2442 modum
2646 2391 2884 2448 ostendit
2924 2410 3032 2466 quo
3063 2399 3244 2456 trahit.
3279 2403 3356 2460 Ne
3383 2408 3528 2463 enim

1943 2471 2197 2568 sensibile
2217 2475 2487 2546 quidpiam
2515 2479 2584 2536 de
2610 2480 2720 2538 Deo
2740 2490 3141 2556 suspicarentur
3162 2535 3178 2559 ,
3207 2496 3480 2568 subiunxit
3509 2520 3525 2558 :

2215 2569 2334 2662 quia
2354 2569 2520 2627 Deum
2550 2575 2673 2629 vidit
2696 2580 2983 2650 quisquam,
3005 2585 3104 2639 nisi
3126 2587 3212 2657 qui
3237 2562 3320 2644 est
3337 2608 3369 2645 a
3398 2591 3524 2662 Deo,

1942 2653 2025 2709 Itic
2064 2657 2186 2748 non
2213 2657 2460 2716 Patrem-
2487 2665 2768 2731 Quomodo
2815 2671 3019 2728 trahit?
3061 2653 3236 2748 inquit
3263 2653 3525 2740 illc..lloe
3600 2727 3614 2736 .

1945 2746 2200 2818 propheta
2241 2751 2350 2820 jam
2391 2754 2516 2809 olim
2547 2756 2838 2816 declaravit
2867 2761 2964 2818 his.
2993 2746 3172 2824 verbis
3195 2809 3210 2835 ,
3244 2771 3333 2827 45.
3361 2772 3532 2828 Erunt

1942 2852 2113 2934 omnes
2138 2840 2384 2898 docibiles
2402 2842 2512 2898 Dei.
2546 2845 2790 2905 Vidistin’
2812 2851 2934 2908 ﬁdei
2959 2854 3291 2928 dignitatem,
3323 2871 3376 2918 et
3396 2879 3531 2934 quo-

1941 2930 2103 3028 modo
2131 2947 2235 2988 non
2262 2934 2331 2990 ab
2358 2935 2662 2997 hominibus
2685 2983 2700 3007 ,
2730 2959 2830 3000 nec
2859 2961 2952 3015 per
2974 2947 3264 3010 hominem:
3301 2957 3396 3013 sed
3414 2930 3528 3028 iper

1943 3020 2108 3077 Deum
2141 3022 2314 3092 ipsum
2340 3026 2469 3082 illud
2499 3029 2755 3088 edocendi
2788 3035 2895 3092 sint
2921 3038 2945 3090 ?
2976 3039 3204 3111 Ideoque
3235 3054 3292 3100 ut
3319 3020 3529 3105 sermo-

1941 3111 1992 3165 ni
2023 3127 2121 3200 suo
2151 3114 2350 3172 faceret
2378 3117 2535 3173 iidem
2560 3161 2576 3185 ,
2608 3121 2676 3176 ad
2723 3125 3008 3195 prophetas
3036 3130 3180 3200 ipsos
3205 3136 3428 3192 remisit.
3458 3139 3528 3196 Et

1939 3204 1982 3258 si
2012 3191 2210 3259 dictum
2237 3216 2317 3262 est
2341 3249 2356 3272 ,
2386 3209 2577 3279 inquit,
2609 3191 2755 3282 ipsos
2801 3191 2917 3273 fore
2946 3191 3209 3278 docibiles
3238 3223 3332 3280 Dei
3365 3267 3382 3292 ,

1939 3296 2098 3366 aliqui
2147 3312 2252 3353 non
2307 3302 2730 3372 credunt?Quia
2764 3306 2896 3364 illud
2937 3310 3006 3366 de
3035 3312 3276 3382 pluribus
3318 3317 3520 3377 dictum

1937 3394 2040 3442 est.
2069 3388 2320 3460 Alioquin
2351 3401 2529 3448 autem
2559 3410 2664 3451 non
2694 3411 2883 3455 omnes
2904 3416 3126 3472 prorsus
3148 3446 3164 3471 ,
3213 3408 3307 3463 scd
3334 3423 3524 3468 omnes

1937 3479 2024 3574 qui
2057 3480 2355 3549 voluerint,
2385 3499 2481 3555 per
2507 3487 2822 3558 pr0phetam
2849 3493 3236 3564 significantur.
3273 3500 3525 3574 Magister

1937 3573 2081 3628 enim
2107 3576 2357 3632 omnibus
2383 3583 2725 3651 pr0p0nitur,
2755 3595 2970 3655 paratus
2995 3588 3063 3644 ad
3092 3605 3187 3646 sua
3221 3573 3477 3652 tradenda
3507 3640 3522 3662 .

1935 3663 2024 3732 qui
2051 3663 2350 3748 doctrinam
2380 3673 2803 3730 suamomnibus
2822 3676 3063 3734 effundit.
3102 3679 3168 3736 Et
3195 3699 3286 3755 ego
3305 3690 3494 3743 musci
3502 3717 3524 3730 -

1937 3755 2051 3808 tabo
2076 3773 2188 3810 eum
2217 3758 2270 3812 in
2300 3760 2572 3816 nouissimo
2593 3765 2693 3818 die.
2728 3765 3036 3839 Nonparva
3068 3769 3171 3828 hoc
3205 3775 3258 3830 in
3285 3777 3401 3833 loco
3433 3779 3525 3836 Fin

1935 3847 1989 3901 lii
2017 3847 2248 3919 dignitas
2279 3866 2293 3905 :
2323 3855 2586 3923 siquidem
2618 3856 2776 3914 Pater
2797 3861 2958 3916 trahit
2978 3901 2992 3925 ,
3026 3871 3079 3918 et
3107 3863 3192 3920 hic
3213 3872 3528 3935 resuscitat,

1934 3955 2039 3994 non
2072 3941 2317 3998 dividens
2339 3944 2510 4000 Patris
2534 3956 2589 4002 et
2619 3949 2736 4004 Filii
2802 3968 2968 4023 opera
3011 3977 3024 4013 :
3072 3959 3342 4025 quomodo
3374 3961 3518 4018 enim

1932 4044 2114 4104 posset
2134 4035 2157 4088 ?
2173 4035 2266 4090 sed
2283 4038 2572 4094 ostendens
2588 4042 2870 4111 potestatis
2883 4046 3264 4115 aequalitatem.
3295 4051 3428 4108 Nam
3458 4067 3519 4111 ut

1934 4126 2173 4194 illoloco,
2191 4127 2254 4182 Et
2265 4131 2352 4198 qui
2368 4131 2503 4185 misit
2515 4148 2594 4186 me
2622 4131 2795 4203 Pater,
2825 4137 3162 4194 testimonium
3193 4144 3418 4212 perhibet
3453 4148 3518 4202 de

1933 4234 2031 4284 me,
2065 4218 2259 4276 deinde
2279 4235 2348 4277 ne
2374 4221 2585 4292 quidam
2607 4223 2675 4281 de
2691 4241 2820 4283 voce
2848 4231 3114 4288 curiosius
3135 4233 3468 4303 inquirerent
3499 4281 3515 4304 ,

1931 4311 2138 4366 remisit
2177 4311 2296 4367 illos
2322 4313 2387 4368 ad
2413 4315 2717 4384 Scripturas
2745 4334 2760 4372 :
2791 4319 2860 4375 ita
2884 4332 2937 4377 et
2967 4322 3055 4379 hic
3080 4327 3303 4382 remittit
3330 4344 3424 4385 eos
3445 4332 3514 4385 ad

1933 4403 2241 4472 prophetas,
2257 4404 2356 4460 hos
2381 4405 2608 4464 subinde
2640 4408 2935 4479 adducens,
2967 4423 3024 4468 ut
3052 4417 3302 4473 ostendat
3322 4436 3380 4477 se
3405 4437 3512 4478 non

1931 4509 2051 4550 esse
2079 4495 2220 4551 Patri
2247 4498 2594 4554 contrarium.
2626 4503 2714 4568 At,
2744 4502 2972 4574 inquies,
2995 4509 3373 4578 quidantehac
3399 4515 3514 4572 fuc-

1929 4588 2088 4640 runt‘t
2112 4601 2288 4642 annon
2309 4588 2888 4649 docibilesDeierant?
2907 4599 3031 4668 quid
3057 4598 3157 4655 hoc
3182 4602 3376 4658 inloco
3400 4605 3518 4660 cxi.

1928 4677 2094 4732 mium
2121 4679 2245 4734 est?
2271 4679 2424 4747 Quod
2452 4690 2581 4739 tunc
2600 4698 2695 4754 per
2720 4685 2964 4744 homines
2994 4707 3081 4746 res
3107 4692 3312 4750 divinas
3337 4695 3515 4753 disce-

1927 4780 2084 4834 rent;
2119 4786 2261 4828 nunc
2288 4785 2465 4829 autem
2496 4790 2594 4845 per
2615 4777 2940 4849 unigenitum
2971 4781 3174 4838 Filium.
3199 4784 3312 4841 Dei.
3336 4797 3389 4842 et
3421 4803 3522 4858 per.

1925 4861 2181 4930 Spiritum
2218 4875 2488 4925 sanctum.
2525 4868 2728 4926 Deinde
2777 4871 2934 4926 init-rt
2964 4892 2978 4928 :
3004 4873 3125 4930 Non
3145 4877 3281 4946 quod
3309 4879 3518 4935 Patrem

1925 4955 2104 5008 uiderit
2134 4956 2400 5028 quisquam
2419 5000 2434 5025 ,
2464 4958 2563 5012 nisi
2589 4960 2633 5014 is
2651 4961 2790 5031 quia
2820 4961 2923 5016 Deo
2944 4974 3036 5021 est.
3063 4965 3180 5022 Non
3212 4971 3506 5026 secundum

1928 5061 2105 5104 causa:
2133 5049 2395 5106 rationem
2431 5049 2520 5106 hic
2550 5051 2785 5122 loquitur
2807 5093 2822 5119 ,
2852 5055 2944 5109 sed
2967 5059 3261 5113 secundum
3290 5061 3506 5117 modum

1925 5139 2257 5197 substantiae.
2288 5141 2419 5196 Nam
2446 5141 2492 5196 si
2517 5141 2810 5197 secundum
2841 5159 3018 5200 causa:
3061 5147 3320 5202 rationem
3350 5149 3502 5206 dice-

1921 5243 2006 5290 ret
2037 5275 2054 5302 ,
2083 5250 2272 5291 omnes
2301 5250 2335 5290 a
2365 5235 2472 5290 Deo
2498 5251 2685 5290 sumus
2711 5253 2725 5302 ;
2756 5237 2808 5290 in
2860 5253 2968 5308 quo
3009 5249 3094 5295 est
3121 5242 3425 5312 praestantia
3457 5253 3512 5298 et

1921 5325 2219 5381 differentia
2252 5325 2368 5380 Filii
2399 5325 2422 5378 ἲ
2454 5325 2521 5380 Et
2547 5341 2645 5382 cur
2672 5368 2686 5392 ,
2715 5327 2921 5398 inquies
2954 5370 2969 5396 ,
3017 5345 3123 5385 non
3155 5331 3283 5386 illud
3311 5333 3510 5390 clarius

1921 5420 2187 5489 expressit
2213 5419 2236 5472 Ἰ
2265 5416 2345 5473 Ob
2375 5417 2587 5473 illorum
2620 5418 3005 5476 inﬁrmitatem.
3033 5419 3167 5477 Nam
3199 5423 3246 5478 si
3276 5438 3396 5480 cum
3425 5424 3506 5482 dio

1920 5511 1997 5568 xit
2025 5551 2040 5577 ,
2075 5509 2148 5564 De
2171 5510 2296 5565 ctrto
2321 5509 2576 5576 descendi,
2608 5509 2676 5564 ita
2717 5509 3059 5567 scandalizati
3087 5523 3243 5580 sunt;
3266 5513 3392 5585 quid
3423 5513 3508 5570 fu-

201 5150 266 5188 cat
343 5136 444 5189 vili
514 5146 665 5203 patre
724 5142 880 5188 natus
911 5151 926 5187 :
955 5141 1190 5186 attamen
1243 5145 1347 5186 non
1395 5130 1652 5186 revelatit
1681 5172 1718 5197 ,.
1750 5146 1819 5186 ne

199 5225 355 5279 aliwl
392 5223 606 5278 tollens
631 5222 1008 5278 olTendiculum
1041 5263 1055 5286 ,
1100 5221 1244 5276 aliud
1287 5223 1527 5277 inferret.
1559 5221 1663 5276 Sed
1686 5221 1816 5290 quid

201 5315 308 5368 illis
336 5313 819 5368 summurantibus
864 5311 1196 5382 respondet?
1222 5312 1313 5366 44.
1349 5309 1513 5365 Nemo
1539 5321 1700 5382 potest
1729 5327 1814 5366 ve-

196 5408 310 5461 nire
329 5407 410 5459 ad
445 5421 556 5469 me,
579 5406 672 5459 nisi
697 5403 872 5472 Pater,
897 5407 984 5476 qui
1005 5405 1140 5458 misit
1171 5419 1250 5458 me
1276 5445 1292 5469 ,
1323 5404 1531 5457 traxerit
1552 5420 1700 5458 eum-
1717 5404 1814 5460 llic

197 5497 524 5569 bunt-guns
546 5495 814 5553 Mauichai
840 5497 1102 5565 dicentes,
1133 5497 1386 5552 nihilnos
1416 5511 1492 5552 ex.
1511 5497 1665 5554 nobis
1688 5498 1816 5570 ipsis

1923 5613 2095 5658 turum
2121 5609 2238 5658 erat
2267 5641 2286 5670 ,
2333 5601 2378 5657 si
2424 5600 2553 5656 illud
2582 5600 2923 5658 addidisset?
2949 5602 3147 5660 Panem
3175 5613 3352 5660 autem
3383 5615 3506 5662 vim

254 5652 269 5679 '
307 5647 418 5698 Atii
449 5647 656 5709 habent,
679 5649 845 5713 inquit,
871 5649 933 5700 de
955 5647 1141 5700 Juda‘is
1166 5647 1359 5712 loquens
1383 5647 1579 5702 Paulus.
1923 5647 2095 5708 “”ἶ“”””
2124 5647 2238 5658 ”“’
2267 5647 2286 5670 '
2333 5647 2378 5657 ”’
2425 5647 2553 5705 ”ζ“’“
2581 5647 2876 5705 ῗ“”“”“”.’
2903 5647 2917 5658 ’
2949 5647 2967 5658 ’
2991 5647 3147 5706 “ἶ“’“’
3175 5647 3352 5660 “’“”“””
3392 5647 3505 5662 mm

257 5716 280 5747 ⁸
305 5714 416 5763 .uii
444 5710 643 5769 tegunt,
668 5712 921 5769 dixcratis,
947 5725 1053 5769 pro,
1074 5711 1316 5762 dixerant.
1920 5711 2155 5769 sctpsum
2191 5704 2366 5766 vocat,
2393 5709 2516 5768 quia
2545 5702 2706 5752 vitam
2738 5694 2894 5753 ll0blS
2930 5705 3069 5767 parit
3093 5704 3146 5753 et
3168 5694 3306 5752 hanc
3338 5705 3390 5752 et
3420 5697 3505 5754 fu-

257 5716 280 5747 ⁸
305 5714 416 5763 .tlii
444 5710 643 5774 legunt,
668 5710 921 5776 discretis,
947 5725 1053 5776 pro,
1074 5710 1316 5762 dixerunt.
