3984 6196
550 292 657 351 ano

555 423 726 467 turam
756 423 769 459 :
802 403 921 459 ideo
950 397 1133 468 adjicit
1159 413 1172 449 :
1200 392 1256 447 Si
1282 388 1395 459 quis
1426 385 1799 441 manducauerit
1826 398 1887 435 et:
1917 380 2008 432 hoc
2039 390 2131 445 ραι

558 517 635 567 ne,
667 501 795 555 vivet
821 500 874 551 in
897 504 1162 551 atomum.
1194 487 1391 542 Panem
1416 498 1543 536 vero
1572 480 1659 537 hic
1687 478 1817 533 dicit
1835 472 2135 529 doctrinam

550 593 843 649 salutarem
872 629 887 653 ,
915 585 1070 639 tidem
1104 582 1155 635 in
1182 594 1261 644 se,
1286 577 1397 632 sive
1417 588 1613 642 corpus
1633 585 1812 625 suum.
1838 567 2135 633 Utrumque

552 686 695 740 enim
718 680 949 737 animam
971 676 1207 730 roborat.
1235 669 1391 736 Atqui
1420 666 1543 720 alibi
1573 664 1727 723 dixit,
1758 661 1819 716 Si
1861 659 1974 728 quis
2017 672 2129 710 scr-

550 788 750 828 monem
777 785 943 825 meum
969 764 1222 829 audierit,
1256 776 1356 813 non
1392 754 1607 828 gustabit
1633 760 1842 808 mortem
1872 747 2049 821 (Joan.
2077 744 2132 799 8.

552 864 643 935 69.)
669 906 684 928 ,
715 872 769 918 et
793 856 1134 917 scandalizati
1179 861 1304 908 sunt
1334 868 1348 904 :
1382 850 1469 903 hic
1493 862 1622 901 vero
1649 859 1756 897 non
1792 840 1919 895 item
1950 854 1965 903 ;
1997 837 2134 891 forte

552 934 674 1027 quia
686 953 858 1009 adhuc
874 947 1254 1006 reverebantur
1275 956 1395 998 eum
1410 938 1480 995 ob
1496 934 1837 992 subministra
1846 940 1926 984 tos
1948 941 2134 997 panes.

620 1047 676 1105 ‘2.
711 1043 1011 1112 Di/I'erentia
1038 1042 1168 1093 inter
1184 1051 1370 1090 manna
1400 1042 1445 1088 et
1468 1046 1649 1102 panem
1671 1041 1840 1082 verum
1870 1033 1917 1077 et
1944 1023 2128 1076 vivum.

568 1133 999 1191 —Animadvcrte
1027 1137 1203 1184 autem
1232 1140 1389 1196 quam
1422 1131 1585 1193 ponat
1610 1121 1749 1175 inter
1779 1118 1919 1172 hunc
1944 1127 2134 1182 panem

549 1240 603 1284 et
640 1240 833 1283 manna
881 1219 1235 1277 differentiam
1271 1257 1285 1280 ,
1313 1231 1380 1269 ex
1434 1214 1711 1281 utriusque
1759 1221 1950 1276 nempe
2004 1206 2132 1258 line.

551 1318 701 1388 Quod
723 1317 866 1372 enim
897 1315 986 1369 ille
1011 1311 1162 1366 cibus
1191 1307 1324 1362 nihil
1350 1320 1543 1361 novum
1568 1302 1805 1358 intulerit
1837 1341 1852 1367 ,
1900 1297 2084 1366 adjicit
2115 1314 2129 1350 :

547 1414 638 1469 49.
674 1411 851 1465 Patres
880 1407 1029 1463 vestri
1057 1403 1487 1457 manducaverunt
1511 1411 1699 1450 manna
1727 1394 1780 1447 in
1818 1392 2021 1446 deserto
2042 1430 2056 1455 ,
2086 1397 2134 1443 et

550 1505 735 1559 mortui
760 1511 896 1556 sunt.
924 1498 1124 1554 Deinde
1158 1494 1208 1549 id
1239 1491 1502 1563 pra‘cipue
1532 1489 1641 1558 agit
1660 1496 1716 1540 ut
1746 1486 1849 1539 illis
1870 1481 2131 1547 suadeat,

548 1615 609 1654 se
637 1596 806 1651 multo
841 1590 1134 1661 majoribus
1159 1589 1415 1657 dignatus
1431 1598 1553 1639 esse
1581 1580 1736 1636 bonis
1763 1593 1922 1648 quam
1953 1583 2131 1645 patres

550 1692 785 1758 ipsorum
814 1727 827 1750 ,
869 1684 937 1738 de
978 1682 1160 1751 Moyse
1204 1677 1539 1747 subobscure
1582 1673 1805 1741 loquens
1831 1678 1885 1722 et
1909 1668 1976 1722 de
2005 1666 2133 1723 viris

549 1780 655 1835 illis
710 1775 1063 1831 mirabilibus.
1113 1770 1237 1825 Ideo
1283 1783 1404 1824 eum
1437 1766 1661 1821 dixisset
1688 1777 1781 1817 eos
1816 1760 1905 1830 qui
1935 1772 2129 1812 manna

546 1870 895 1925 comederant
920 1872 1162 1920 mortuos
1187 1875 1339 1925 esse,
1384 1857 1563 1913 intulit
1591 1873 1601 1908 :
1639 1854 1740 1921 Qui
1768 1851 2036 1905 mandarat
2064 1862 2129 1901 ex

548 1965 641 2017 hoc
663 1976 793 2031 pane
812 2000 827 2025 ,
858 1959 983 2012 vivet
1027 1957 1079 2009 iu
1109 1964 1371 2009 wternum.
1410 1948 1544 2005 illud
1583 1962 1712 2001 vero
1737 1987 1750 2011 ,
1782 1943 1845 1998 In
1885 1944 2079 1996 deserto
2110 1980 2126 2006 ,

549 2071 653 2110 non
681 2055 797 2109 sine
822 2065 981 2107 causa
1010 2047 1188 2123 posuit
1220 2088 1234 2110 ,
1263 2044 1357 2100 sed
1410 2041 1651 2096 indicans
1681 2080 1697 2105 ,
1739 2036 1869 2092 illud
1904 2051 2007 2090 non
2037 2034 2129 2094 diu

544 2148 767 2202 durasse
794 2186 809 2209 ,
842 2156 1013 2213 neque
1052 2141 1105 2195 in
1137 2148 1332 2194 terram
1362 2131 1727 2205 promissionis
1767 2129 1996 2184 venisse.
2033 2128 2129 2181 llic

544 2250 721 2294 autem
764 2237 917 2307 panis
946 2250 1051 2289 non
1080 2242 1161 2288 est
1193 2227 1514 2299 bnjusmodi.
1562 2224 1650 2279 52.
1692 2222 1760 2276 Et
1807 2222 1951 2292 panis
1980 2236 2128 2291 quem

543 2348 633 2401 ego
655 2329 805 2393 dabo,
832 2343 950 2381 caro
981 2342 1090 2379 mea
1110 2334 1202 2388 est,
1223 2338 1375 2395 quam
1401 2334 1491 2390 ego
1517 2317 1665 2380 dabo,
1694 2332 1785 2386 pro
1811 2314 1985 2368 mundi
2005 2312 2124 2365 vita.

543 2421 733 2477 Merito
759 2419 876 2495 quis
915 2416 1161 2472 dubitans
1183 2415 1271 2467 bic
1294 2410 1569 2482 quatsierit
1596 2448 1611 2473 ,
1639 2422 1734 2460 cur
1750 2406 1852 2459 hoc
1883 2415 2126 2473 tempore

544 2518 662 2570 lucc
682 2514 930 2582 loquutus
957 2510 1047 2574 sit,
1079 2523 1197 2578 qurc
1223 2505 1354 2560 nihil
1381 2501 1721 2575 proﬁcerent,
1742 2500 1871 2553 nihil
1894 2498 2123 2552 aedifica-

543 2612 680 2670 rent,
704 2604 811 2657 imo
834 2602 1008 2672 potius
1036 2596 1307 2654 tediiicatis
1339 2604 1597 2649 nocerent
1624 2594 1664 2645 ⁸.
1694 2590 1777 2646 Ex
1793 2591 1908 2657 hoc,
1935 2589 2122 2658 inquit,

542 2695 687 2748 multi
724 2710 787 2747 ex
812 2693 1075 2763 discipulis
1102 2693 1209 2759 ejus
1252 2698 1383 2742 retro
1409 2685 1639 2739 abierunt
1669 2683 1885 2736 dicentes
1908 2721 1923 2746 ,
1952 2680 2125 2733 Durus

540 2796 613 2839 est
639 2785 718 2838 hic
745 2800 926 2847 sermo,
957 2784 1067 2855 quis
1093 2789 1250 2851 potest
1279 2795 1392 2832 eum
1417 2776 1595 2831 audire
1616 2776 1641 2828 .’
1660 2773 1827 2828 Erant
1846 2773 1987 2826 enim
2011 2770 2125 2824 haec

539 2877 670 2933 solis
722 2875 996 2944 discipulis
1047 2869 1490 2927 communicanda
1524 2910 1538 2933 ,
1573 2876 1629 2921 ut
1676 2865 1957 2921 lli-attinens
2002 2864 2120 2929 ait,

540 2970 765 3025 Scorsim
794 2968 1086 3036 loquebatur
1114 2965 1183 3018 eis
1213 2962 1401 3034 (Marc.
1430 2962 1486 3015 4.
1513 2958 1624 3028 54).
1655 2957 1791 3026 Quid
1820 2956 1886 3010 ad
1916 2956 2014 3009 hoc
2037 2954 2121 3009 di-

538 3075 725 3116 cemus
754 3061 776 3113 ?
802 3072 1043 3129 quamam
1074 3055 1260 3109 borum
1309 3053 1506 3106 utilitas
1536 3052 1559 3104 ?
1598 3051 1782 3118 Magna
1812 3057 1957 3102 certe
1983 3046 2123 3101 utili-

538 3165 619 3207 tas
642 3161 694 3207 et
722 3151 1030 3205 necessitas.
1056 3146 1186 3215 Quia
1205 3145 1346 3201 enim
1370 3143 1637 3199 instabant
1657 3142 1833 3197 cibum
1857 3146 2117 3209 petentes,

538 3243 633 3298 sed
674 3254 990 3311 corporeum
1025 3281 1038 3303 ,
1072 3247 1127 3292 et
1156 3236 1449 3308 majoribus
1484 3235 1594 3289 suis
1639 3233 1914 3303 praibitam
1943 3245 2120 3286 escam

539 3343 898 3390 memorantes
922 3374 937 3398 ,
968 3346 1163 3384 manna
1209 3343 1457 3397 magnum
1503 3325 1774 3396 quidpiam
1806 3339 1926 3379 esse
1970 3323 2121 3378 dice-

540 3427 688 3488 bant,
717 3423 1003 3478 ostendens
1037 3421 1121 3474 illa
1150 3421 1325 3473 omnia
1359 3418 1576 3490 ﬁguram
1600 3426 1654 3470 et
1683 3417 1923 3470 umbram
1955 3429 2074 3469 esse
2102 3456 2119 3481 ,

544 3517 687 3570 hunc
710 3530 838 3568 vero
863 3513 1038 3567 cibum
1062 3512 1141 3565 rei
1166 3512 1443 3564 veritatem
1463 3550 1477 3574 ,
1506 3522 1685 3563 escam
1718 3516 1980 3561 memorat
2009 3507 2120 3579 spi-

537 3605 804 3661 ritualem.
841 3604 951 3667 At,
985 3600 1193 3671 inquies
1214 3640 1227 3663 ,
1261 3597 1545 3653 dicendum
1577 3606 1726 3662 erat,
1758 3596 1942 3651 Patres
1958 3597 2120 3651 vestri

541 3695 1000 3749 manducaverunt
1030 3706 1223 3745 manna
1278 3690 1327 3744 in
1372 3688 1621 3752 deserto,
1654 3704 1753 3759 ego
1776 3703 1902 3743 vero
1928 3704 2119 3759 panem

537 3790 658 3845 dedi
690 3787 864 3842 vobis.
909 3786 1014 3843 Sed
1060 3800 1308 3854 magnum
1340 3793 1454 3838 crat
1483 3784 1772 3839 discrimen
1800 3801 1812 3836 :
1838 3784 1940 3838 hoc
1967 3784 2118 3839 vide-

537 3881 692 3935 batur
734 3879 909 3933 minus
935 3893 1054 3934 esse
1078 3918 1093 3942 ,
1120 3876 1261 3947 quod
1294 3875 1422 3929 illud
1448 3874 1515 3930 de
1543 3875 1677 3929 cazlo
1729 3876 1986 3938 venisset,
2016 3876 2117 3929 hoc

536 3983 715 4028 autem
747 3986 943 4047 panum
970 3968 1285 4025 miraculum
1319 3968 1369 4022 in
1397 3977 1537 4023 terra
1580 3968 1776 4022 factum
1800 3975 1960 4022 esset.
1985 3967 2118 4033 Quia

535 4079 665 4134 ergo
703 4061 1015 4133 quaerebant
1053 4059 1232 4114 cibum
1262 4058 1327 4114 de
1355 4058 1487 4114 caelo
1514 4058 1748 4113 delatum
1780 4100 1795 4125 ,
1825 4056 1947 4113 ideo
1972 4073 2119 4127 smpe

536 4152 747 4208 dicebat
774 4191 789 4217 ,
825 4150 902 4205 De
928 4149 1053 4204 cwlo
1082 4148 1338 4203 descendi.
1368 4148 1423 4205 Si
1448 4149 1566 4219 quis
1605 4164 1732 4203 vero
1772 4149 2072 4204 sciscltetur
2098 4187 2113 4214 ,

536 4264 631 4302 ιτιιι·
650 4247 717 4303 de
742 4244 1011 4317 mysteriis
1038 4244 1286 4312 loquutus
1302 4242 1392 4308 sit,
1421 4242 1884 4312 respondebimus,
1910 4251 2118 4311 tempus

534 4349 895 4409 opportunum
938 4336 1099 4391 fuisse
1129 4334 1243 4389 lucc
1277 4334 1513 4390 dicendi.
1548 4334 1681 4389 Nam
1709 4334 1993 4389 verborum
2024 4336 2118 4390 ob-

535 4432 764 4485 scuritas
804 4430 1098 4486 auditorem
1138 4444 1352 4500 semper
1392 4428 1590 4484 excitat
1621 4468 1637 4494 ,
1683 4435 1737 4481 et
1776 4425 2115 4481 attentiorem

543 4522 727 4577 et‘iicit.
758 4522 873 4576 Non
904 4537 1031 4593 ergo
1056 4520 1250 4577 oii’endi
1278 4520 1533 4591 oportuit,
1562 4518 1655 4575 sed
1689 4517 1861 4588 potius
1892 4517 2119 4570 interro—

539 4628 687 4683 gare.
712 4612 866 4668 Nunc
886 4622 1063 4667 antem
1093 4613 1168 4666 illi
1193 4612 1409 4665 abeunt.
1453 4610 1584 4664 Nam
1612 4609 1655 4663 si
1688 4608 2002 4678 prophetam
2033 4606 2115 4679 ip-

540 4721 656 4760 sum
685 4720 804 4761 esse
837 4704 1127 4760 credebant
1157 4744 1172 4768 ,
1201 4701 1358 4756 dictis
1381 4700 1603 4756 credere
1640 4699 1897 4768 Oportuit.
1935 4696 2117 4767 itaque

538 4798 679 4865 quod
710 4796 896 4851 oll‘ensi
924 4797 1049 4860 sint,
1087 4795 1138 4849 id
1169 4810 1237 4850 ex
1266 4808 1451 4848 eorum
1484 4791 1785 4860 insipientia
1809 4789 1974 4853 venit,
2010 4802 2115 4841 non

538 4904 603 4941 ett
631 4889 954 4942 obscuritate
994 4886 1279 4941 sermonis.
1324 4885 1401 4939 Tu
1448 4899 1577 4938 vero
1618 4880 1930 4937 consideres
1956 4880 2114 4935 velim

538 4976 809 5046 quomodo
831 4976 1122 5046 discipulos
1150 4991 1277 5031 suos
1304 4975 1558 5045 paulatim
1590 4974 1786 5028 alliciat
1814 4989 1829 5038 ;
1864 4973 1917 5026 hi
1970 4974 2113 5029 enim

534 5078 657 5123 sunt
678 5070 765 5138 qui
791 5068 993 5131 dicunt,
1010 5068 1170 5123 Verba
1192 5070 1305 5123 vita
1323 5069 1472 5123 habes
1498 5084 1628 5135 :quo
1652 5068 1832 5121 ibimus
1857 5067 2032 5139 (Joan.
2061 5069 2113 5124 6.

535 5159 652 5230 b8)?
678 5160 941 5215 Caeterum
960 5160 1042 5214 hic
1069 5175 1127 5214 se
1154 5160 1395 5215 datorem
1423 5158 1570 5225 dicit,
1601 5176 1706 5213 non
1730 5158 1940 5214 Patrem
1967 5178 1979 5213 :
2010 5159 2116 5213 Pa-

536 5255 611 5305 uis
628 5255 647 5285 ²
666 5270 812 5321 quem
837 5270 929 5327 ego
960 5254 1105 5319 dabo,
1128 5268 1245 5305 caro
1264 5268 1373 5307 mea
1388 5264 1460 5307 est
1483 5270 1575 5321 pro
1594 5254 1768 5307 mundi
1790 5254 1910 5307 vita.
1919 5252 2113 5307 Verum

611 5385 614 5389 σ
650 5371 792 5433 ᾳυκιέι
815 5362 977 5433 Met-pl.
1007 5362 1273 5433 legendum
1290 5372 1501 5433 esset._...
1546 5364 1861 5433 "reclamans
1880 5364 1941 5415 sit
1960 5401 1985 5433 ⁸,,
2008 5377 2116 5427 qua:

540 5425 771 5475 neminem
793 5425 1122 5494 tediﬁcarent,
1129 5426 1311 5494 nemini
1328 5428 1622 5489 prodessent,
1648 5427 1743 5476 imo
1765 5428 1919 5490 potius
1952 5425 2114 5477 iisne-

537 5494 698 5538 carent
720 5486 803 5548 qui
832 5486 972 5551 ltuit?“
1004 5486 1409 5551 wdi/icrttierant.

602 5552 620 5579 ‘
645 5556 784 5596 Juxta
808 5548 970 5620 Savil.,
998 5548 1113 5617 post
1141 5550 1274 5620 illud,
1298 5564 1407 5599 suos
1436 5548 1667 5620 partimin:
1690 5549 1871 5601 alliciat
1897 5588 1908 5605 ,
1944 5551 2114 5617 legen-

536 5610 648 5677 dum
666 5620 827 5660 esset:
855 5612 942 5661 Hic
964 5612 1087 5661 enim
1107 5624 1156 5661 se
1176 5610 1367 5661 dantem
1389 5610 1591 5669 inducit,
1618 5625 1710 5662 non
1736 5622 1962 5665 Patrem:
1995 5610 2113 5669 εἶινα-

538 5684 628 5730 ‘m,
662 5680 756 5722 etc.
784 5689 805 5719 ι

1292 277 1332 329 S
1391 270 1664 327 JOANNIS
1701 254 2174 324 CllliYSOSTOMi
2215 257 2529 318 ARCiliEP.
2570 266 3101 324 CONSTANTINOP.

3710 263 3816 319 9κο

2245 392 2349 429 non
2372 377 2449 431 sic
2480 379 2647 434 turbae
2669 421 2686 449 ,
2711 382 2806 436 sed
2833 394 3021 437 centra
3042 424 3058 451 ,
3098 380 3272 436 Durus
3298 393 3370 435 es!
3396 384 3478 436 hic
3501 398 3661 436 sermo
3683 422 3697 445 ν
3730 399 3812 434 ηι-

2237 469 2451 537 quiunt.
2486 470 2714 543 Ideoque
2743 475 3021 529 recedunt.
3045 476 3206 545 Atqui
3238 490 3344 529 non
3374 490 3509 528 nova
3539 483 3652 528 erat
3672 515 3688 538 ,
3715 489 3810 529 ne-

2239 575 2346 630 que
2396 563 2634 618 variabat
2680 564 2919 620 doctrina
2965 585 2979 621 :
3022 580 3145 620 nam
3193 566 3426 621 Joannes
3455 566 3582 619 illud
3612 566 3629 599 ⁸
3657 580 3811 635 supra

2239 650 2693 721 subindicaverat,
2708 664 2833 705 cum
2854 651 3065 727 Agnum
3088 656 3261 725 ipsum
3294 656 3519 711 vocavit.
3549 656 3654 711 Sed
3688 698 3703 721 ,
3735 658 3818 709 in—

2240 744 2413 811 quies,
2450 746 2547 815 ipsi
2576 762 2681 799 non
2710 746 3104 802 intellexerant.
3133 748 3245 803 Hoc
3290 759 3343 803 et
3366 763 3482 818 .ego
3520 749 3642 803 novi
3672 764 3687 807 :
3716 747 3810 802 sed

2240 851 2415 906 neque
2448 838 2695 909 discipuli
2738 840 2787 893 id
2819 841 3079 896 sciebant.
3110 842 3240 895 Nam
3280 842 3325 897 si
3369 843 3810 897 resurrectionem

2240 930 2477 983 nondum
2502 931 2631 985 satis
2656 932 2803 987 clare
2837 933 3222 1003 iutelligebant,
3254 935 3478 1003 ideoque
3502 933 3813 1003 ignorabant

2238 1020 2364 1089 quid
2396 1020 2522 1075 illud
2556 1030 2718 1089 esset,
2746 1023 2940 1079 Solvite
2966 1026 3206 1095 templum
3233 1026 3345 1089 hoc,
3375 1035 3421 1078 et
3447 1026 3497 1077 in
3521 1024 3678 1078 tribus
3700 1026 3811 1077 Δίες

2243 1111 2335 1165 bus
2354 1112 2580 1166 excitabo
2607 1114 2739 1167 illud
2765 1114 2783 1187 (
2814 1113 2971 1169 Joau.
2995 1116 3051 1172 2.
3081 1115 3147 1170 19
3178 1121 3195 1184 )
3219 1132 3232 1182 ;
3264 1116 3435 1171 multo
3456 1116 3630 1170 minus
3654 1132 3807 1185 supra

2237 1202 2376 1258 dicta
2422 1207 2703 1273 capiebant
2732 1248 2747 1271 ,
2780 1224 2897 1276 qua:
2928 1209 3238 1263 obscuriora
3266 1217 3436 1263 erant.
3470 1207 3625 1276 Quod
3663 1209 3807 1263 enim

2239 1297 2510 1368 prophetat
2541 1298 2988 1370 surrexissent(a)
3017 1342 3030 1367 ,
3064 1309 3274 1365 norant,
3302 1299 3429 1355 licet
3454 1300 3504 1353 id
3524 1300 3810 1369 Scriptura:

2238 1406 2342 1445 non
2374 1393 2519 1447 clare
2548 1393 2727 1447 dicant
2761 1410 2774 1446 :
2805 1393 2946 1464 quod
2979 1408 3103 1448 vero
3134 1408 3351 1447 carnem
3384 1394 3504 1462 quis
3529 1393 3813 1446 manduca-

2236 1485 2369 1538 verit
2395 1526 2410 1551 ,
2440 1499 2599 1539 nemo
2629 1500 2813 1540 eorum
2841 1485 3064 1539 dixerat.
3100 1486 3351 1541 Attamen
3378 1484 3811 1554 obtemperabant

2235 1586 2288 1630 et
2304 1576 2681 1645 sequebantur,
2710 1587 2868 1645 atque
2886 1576 3275 1631 conlitebantur
3296 1576 3469 1645 ipsum
3502 1577 3661 1631 verba
3692 1577 3807 1629 vita:

2236 1675 2452 1721 πίει-ηας
2494 1666 2711 1722 habere.
2762 1666 2890 1721 Illud
2932 1668 3075 1722 enim
3116 1667 3359 1736 discipuli
3402 1677 3485 1722 est
3514 1709 3528 1732 ,
3575 1668 3806 1737 magistri

2236 1757 2396 1813 verba
2426 1773 2529 1812 non
2548 1758 2811 1813 curiasius
2840 1758 3131 1829 inquirere,
3162 1758 3257 1813 sed
3288 1759 3472 1814 audire
3495 1766 3549 1814 et
3566 1759 3805 1828 obsequi,

2234 1864 2297 1903 ac
2345 1859 2556 1920 tempus
2595 1851 2660 1905 ad
2706 1851 3027 1906 solutionem
3071 1859 3434 1921 Opportunum
3480 1861 3803 1920 exspectare.

2232 1941 2341 1997 Cur
2367 1957 2495 2011 ergo
2531 1942 2859 1996 cetitrarium
2884 1983 2899 2005 ,
2942 1941 3171 2007 accidit,
3219 1941 3459 2011 inquient
3485 1981 3500 2007 ,
3528 1952 3579 1996 et
3608 1950 3806 1997 retror-

2232 2048 2349 2088 sum
2381 2034 2670 2089 abierunt?
2697 2034 2751 2088 id
2779 2050 2843 2088 ex
2872 2033 3081 2089 illorum
3110 2033 3406 2103 insipientia
3425 2033 3616 2088 evenit.
3634 2032 3807 2100 Quan-

2233 2126 2302 2180 do
2329 2127 2469 2181 enim
2501 2126 2643 2180 subit
2665 2126 2903 2180 animum
2936 2124 3020 2179 illa
3060 2126 3284 2194 quaestio
3305 2166 3318 2188 ,
3353 2122 3651 2191 Quomodo,
3680 2133 3803 2178 tunc

2235 2232 2337 2271 una
2362 2216 2656 2286 ingreditur
2686 2216 3054 2271 incredulitas.
3085 2215 3174 2271 Sic
3198 2225 3251 2271 et
3275 2215 3593 2270 Nicodamus
3628 2213 3805 2269 turba-

2232 2306 2388 2362 batur
2410 2308 2591 2362 dicens
2614 2324 2627 2361 :
2659 2307 2923 2373 Quomodo
2941 2316 3098 2376 potest
3120 2307 3270 2359 homo
3298 2307 3487 2359 intrare
3507 2307 3560 2358 in
3584 2315 3797 2358 ventrem

2231 2401 2405 2453 matris
2431 2398 2587 2453 sure?
2630 2400 2707 2454 sic
2749 2407 2803 2454 et
2852 2398 2903 2452 hi
2939 2413 3079 2453 nunc
3107 2397 3386 2453 turbantur
3408 2396 3643 2451 dicentes
3669 2414 3681 2449 :
3712 2398 3801 2451 52.

2210 2491 2496 2557 Quomodo
2526 2500 2685 2559 potest
2722 2491 2805 2543 hic
2848 2492 2990 2544 nobis
3016 2506 3217 2543 carnem
3244 2506 3387 2543 suam
3416 2490 3541 2543 dare
3564 2489 3630 2541 ad
3656 2506 3803 2541 man-

2229 2584 2519 2637 ducandum
2539 2583 2565 2636 Ρ
2592 2581 2724 2636 Nam
2756 2582 2800 2636 si
2834 2581 2982 2648 illud,
3010 2580 3299 2648 Quomodo,
3324 2581 3545 2650 inquiris
3570 2623 3583 2646 ,
3616 2596 3711 2635 cur
3733 2579 3803 2635 de

2229 2674 2455 2746 panibus
2486 2690 2593 2728 non
2623 2673 2757 2728 dicis
2781 2716 2795 2741 ,
2849 2673 3129 2742 Quomodo
3170 2673 3406 2742 quinque
3451 2687 3616 2742 panes
3645 2672 3695 2725 in
3728 2682 3803 2726 tot

2229 2769 2362 2822 alios
2385 2765 2756 2836 mnitiplicavit
2781 2766 2805 2818 ’ἒ
2832 2764 2964 2819 Nam
3004 2773 3130 2819 tunc
3159 2765 3385 2818 saturari
3427 2764 3682 2817 curabant
3708 2778 3798 2817 so-

2228 2858 2502 2913 lummodo
2526 2900 2540 2925 ,
2593 2873 2693 2913 nec
2716 2857 3127 2912 considerabant
3154 2856 3489 2910 miraculum.
3513 2854 3616 2910 Sed
3642 2868 3803 2922 espe-

2228 2951 2435 3014 rientia,
2470 2949 2693 3019 inquies,
2729 2957 2850 3003 tunc
2876 2947 3071 3002 docuit.
3104 2946 3243 3016 Ergo
3266 2946 3334 3000 ob
3356 2945 3498 2999 illam
3525 2945 3803 3014 experien-

2229 3043 2353 3096 tiam
2384 3041 2499 3095 hmc
2526 3040 2734 3095 facilius
2759 3038 2904 3095 credi
2931 3040 3186 3109 oportuit.
3229 3036 3353 3091 Ideo
3385 3052 3611 3107 namque
3640 3037 3785 3106 prius

2228 3134 2359 3189 illud
2398 3144 2503 3188 tam
2532 3132 2773 3187 mirabile
2794 3131 3058 3201 patravit,
3083 3138 3141 3184 ut
3166 3130 3258 3184 illo
3285 3128 3457 3185 edocti
3485 3169 3499 3193 ,
3528 3142 3631 3182 non
3664 3127 3802 3181 ultra

2226 3228 2382 3283 dictis
2405 3226 2560 3280 iidem
2590 3232 2865 3294 negarent.
2890 3222 2968 3276 Illi
3000 3222 3213 3292 quidem
3241 3230 3366 3275 tunc
3389 3218 3641 3289 temporis
3667 3217 3800 3271 nihil

2225 3320 2468 3375 utilitatis
2514 3334 2577 3374 ex
2625 3317 2780 3371 dictis
2808 3316 3152 3382 retulerunt,
3181 3329 3278 3369 nus
3319 3312 3491 3383 reipsa
3539 3311 3805 3365 beneﬁcio

2227 3411 2472 3465 fruimur.
2504 3409 2838 3480 Quapropter
2880 3406 3191 3463 discendum
3233 3404 3359 3475 quid
3388 3404 3458 3458 sit
3484 3402 3798 3456 inimcuium

2226 3504 2602 3575 mysteriorum
2634 3543 2648 3567 ,
2679 3517 2777 3557 cur
2806 3501 2926 3556 data
2958 3501 3064 3554 sint
3093 3541 3107 3567 ,
3153 3514 3271 3569 qua:
3315 3498 3527 3552 illorum
3577 3495 3801 3548 utilitas.

2228 3596 2397 3650 Unum
2431 3611 2612 3664 corpus
2634 3609 2826 3658 sumus,
2852 3592 3047 3660 inquit,
3077 3601 3123 3644 et
3152 3590 3372 3644 membra
3396 3604 3460 3644 ea:
3480 3602 3629 3640 carne
3652 3595 3698 3637 et
3726 3601 3808 3636 os-

2222 3688 2358 3741 sibus
2378 3687 2487 3757 ejus
2515 3685 2736 3757 (Epltes.
2761 3685 2814 3739 5.
2842 3685 2910 3739 ε’νο
3006 3681 3197 3738 lnitiati
3236 3681 3391 3737 dictis
3417 3679 3800 3749 obsequantur.

2299 3779 2351 3832 '5.
2398 3777 2465 3833 Ut
2494 3793 2622 3847 ergo
2647 3792 2750 3830 non
2783 3776 2954 3830 solum
3004 3789 3100 3843 per
3124 3773 3462 3828 dilectionem
3480 3813 3494 3835 ,
3520 3770 3613 3825 sed
3638 3770 3799 3823 etiam

2224 3869 2419 3937 reipsa,
2448 3882 2569 3921 cum
2601 3866 2688 3921 illa
2714 3880 2876 3920 carne
2914 3863 3394 3919 commisceamur:
3439 3861 3490 3915 id
3517 3859 3654 3930 quod
3686 3857 3806 3913 elli-

2222 3960 2361 4014 citur
2404 3975 2499 4030 per
2523 3958 2699 4014 cibum
2730 3971 2887 4027 quem
2941 3956 3033 4011 ille
3080 3954 3245 4021 dedit,
3278 3961 3334 4007 ut
3378 3951 3622 4007 ostendat
3647 3950 3805 4003 nobis

2223 4059 2422 4121 quanto
2452 4066 2576 4120 erga
2604 4064 2703 4105 nos
2730 4049 2928 4105 ferveat
2953 4062 3155 4102 amore.
3190 4046 3313 4101 Ideo
3356 4059 3417 4099 se
3459 4042 3613 4098 nobis
3654 4056 3805 4095 com-

2222 4142 2455 4206 miscuit,
2478 4149 2533 4195 et
2561 4142 2613 4194 in
2642 4155 2806 4194 unum
2833 4151 3028 4208 corpus
3054 4146 3219 4192 totum
3244 4134 3536 4197 constituit,
3563 4141 3617 4186 ut
3638 4147 3805 4184 unum

2222 4233 2412 4297 simus,
2443 4231 2594 4300 quasi
2626 4245 2823 4300 corpus
2869 4230 3111 4299 junctum
3158 4226 3339 4296 capiti.
3386 4223 3519 4278 Nam
3564 4221 3808 4279 ardentis

2222 4325 2422 4378 amoris
2473 4323 2574 4378 hoc
2616 4332 2699 4378 est
2748 4321 3023 4377 indicium.
3054 4321 3167 4375 Hoc
3194 4318 3534 4373 subindicans
3564 4314 3689 4379 Job,
3736 4313 3810 4369 de

2222 4416 2395 4471 servis
2444 4416 2554 4471 suis
2584 4414 2816 4481 dicebat,
2846 4430 2875 4469 a
2904 4413 3096 4483 quibus
3145 4412 3223 4468 sic
3263 4410 3560 4473 amabatur,
3592 4418 3650 4463 ut
3690 4407 3815 4477 ejus

2221 4507 2473 4561 carnibus
2515 4505 2797 4560 admisceri
2846 4511 3188 4574 peroptarent
3217 4518 3230 4555 :
3260 4510 3318 4555 ut
3353 4501 3494 4555 enim
3525 4499 3811 4553 ardentem

2222 4614 2461 4655 amorem
2500 4597 2883 4662 ostenderent,
2930 4594 3218 4649 dicebant:
3255 4592 3379 4659 Quis
3428 4591 3513 4643 det
3563 4590 3705 4643 nobis
3746 4589 3819 4640 de

2221 4692 2455 4748 carnibus
2499 4691 2621 4756 suis,
2656 4699 2708 4743 ut
2745 4697 3031 4743 saturentur
3062 4686 3181 4759 (Job
3225 4686 3313 4740 '51.
3370 4684 3507 4753 δην
3546 4682 3700 4750 Quod
3748 4693 3814 4736 et

2220 4786 2468 4843 Christus
2500 4784 2645 4849 fecit,
2677 4781 2743 4837 ad
2770 4781 3028 4849 majorem
3071 4793 3169 4833 nos
3200 4777 3488 4832 amicitiam
3519 4775 3814 4840 inducens,

2221 4887 2276 4933 et
2307 4892 2458 4931 suum
2486 4874 2640 4930 nobis
2662 4872 3037 4927 demonstrans
3066 4882 3340 4931 amorem;
3380 4880 3553 4935 neque
3581 4879 3641 4919 se
3670 4878 3816 4918 con~

2190 4982 2197 4987 ‘
2222 4965 2616 5039 cupiscentibus
2646 4962 2933 5019 videndum
2970 4960 3129 5016 modo
3156 4958 3421 5029 praebuit;
3448 4956 3543 5012 sed
3577 4966 3818 5026 tangeri-

2220 5062 2370 5127 dum,
2396 5056 2807 5123 comedendum,
2835 5054 3085 5110 dentibus
3125 5050 3426 5115 terendum,
3448 5049 3820 5105 commisceno

2221 5149 2350 5206 dum
2394 5166 2409 5216 ;
2523 5149 2955 5217 desideriumque
2981 5144 3219 5215 implevit
3241 5158 3420 5199 omne.
3444 5144 3526 5198 Ab
3553 5141 3642 5196 illa
3674 5156 3817 5211 ergo

2285 5309 2300 5339 ι
2338 5306 2394 5357 In
2411 5303 2549 5356 Savil.
2573 5302 2838 5365 legitur....
2865 5312 2955 5365 pro
2976 5298 3143 5365 mundi
3178 5298 3287 5349 rita.
3320 5307 3497 5347 rerum
3518 5309 3681 5365 ,_u_ora
3705 5295 3819 5345 Iure

2222 5368 2441 5418 doctrina
2457 5373 2542 5425 est,
2557 5359 2794 5428 inquiunt,
2812 5359 3094 5428 et'iuaudita
3108 5375 3124 5409 :
3138 5369 3343 5428 .(oaunes
3368 5368 3526 5409 tamen
3539 5359 3686 5428 illud,
3707 5364 3817 5405 etc.

2219 5430 2401 5478 Morelli
2430 5424 2688 5477 lectionem
2701 5427 2972 5488 sequimur,
2985 5437 3130 5488 quam
3151 5424 3273 5488 item
3297 5428 3543 5488 sequutus
3568 5427 3646 5470 est
3666 5427 3818 5488 Fran-

2220 5494 2376 5540 ciscus
2392 5493 2630 5541 aretiuus.
2660 5480 2846 5539 V'ertitn
2868 5480 3027 5537 ιωῢώ
3052 5485 3303 5545 lectiones,
3329 5480 3505 5547 siquis
3520 5490 3720 5534 attente
3740 5480 3819 5528 le-

2222 5560 2321 5614 gat,
2350 5552 2524 5601 eodem
2546 5552 2778 5600 redeunt.

2282 5605 2355 5675 (ὰ)
2388 5616 2460 5661 sic
2484 5614 2665 5665 habent
2687 5606 3183 5675 omniaexemplarta.
3207 5606 3296 5659 Sed
3320 5605 3474 5660 fateor
3499 5617 3597 5654 non
3623 5614 3816 5666 capere

2220 5671 2300 5728 me
2323 5671 2438 5739 quid
2457 5676 2532 5725 hic
2553 5676 2643 5724 sibi
2678 5672 2799 5723 velit
2820 5671 3201 5735 Cbrysostonius.
