3984 6196
291 230 364 288 εει
1206 223 1270 279 IN
1309 218 1621 279 mansa.“
1664 218 1895 276 neme.
1938 221 2146 282 xavu.
2185 232 2256 286 al.
2300 235 2482 296 xm,

284 342 430 384 mensa
461 325 780 386 recedamus,
817 333 1085 392 tamquam
1115 326 1296 379 leones
1326 329 1498 393 ignem
1530 329 1813 396 spirantes,

277 416 458 472 diabolo
480 415 760 479 terribiles,
785 417 1083 484 engitautes
1108 417 1249 485 quod
1282 419 1350 470 sit
1370 428 1528 487 caput
1555 428 1814 484 nostrum,

272 515 570 576 etquantam
603 505 752 560 nobis
798 505 1139 561 dilecuonem
1188 507 1510 563 exhibuerit.
1561 510 1817 565 Parentes

269 615 390 669 sa-pe
412 598 598 651 liberos
614 612 738 652 suos
754 597 979 668 aliisque
996 598 1219 654 alendos
1238 601 1485 667 tradunt;
1512 615 1610 672 ego
1627 610 1815 659 contra

268 691 486 746 carnibus
515 689 629 743 illos
652 690 789 744 meis
818 690 923 751 alo,
956 691 1216 762 meipsum
1244 707 1477 766 appono,
1503 709 1599 748 vos
1627 709 1815 751 omnes

266 782 443 836 nobiles
467 796 584 836 esse
607 781 745 845 volo,
771 790 823 836 et
879 782 1074 836 bonam
1115 782 1183 838 de
1214 783 1403 838 futuris
1428 801 1576 855 spem
1603 785 1809 844 adiero.

263 871 374 927 Nam
399 873 479 941 qui
522 873 572 925 in
605 871 704 926 hac
734 872 840 928 vita
874 886 934 927 se
960 873 1116 927 vobis
1156 875 1402 939 tradidit,
1436 877 1602 930 multo
1645 877 1814 946 magis

262 969 306 1020 in
349 966 505 1019 futura
553 965 766 1021 favebit.
799 965 988 1022 Frater
1026 981 1147 1022 esse
1193 975 1372 1022 vester
1397 969 1560 1036 volui,
1594 979 1814 1038 propter

262 1075 340 1113 vos
361 1073 685 1114 communem
715 1058 871 1112 habui
895 1074 1111 1114 carnem
1137 1068 1192 1114 et
1215 1061 1526 1131 sanguinem
1550 1079 1563 1114 :
1597 1077 1809 1116 rursum

262 1151 391 1206 vobis
413 1166 622 1206 carnem
664 1161 719 1206 et
746 1154 1061 1223 sanguinem
1088 1153 1241 1208 trado
1272 1169 1368 1224 per
1395 1169 1514 1224 quae
1544 1168 1813 1226 congener

260 1242 388 1296 vobis
413 1242 573 1297 factus
606 1257 747 1296 sum.

317 1335 572 1405 Sanguinis
609 1334 796 1389 Christi
825 1338 1073 1391 encomia.
1097 1367 1168 1377 —
1197 1335 1291 1391 llic
1315 1338 1533 1408 sanguis
1573 1338 1623 1392 in
1654 1338 1810 1395 nobis

258 1427 448 1496 regiam,
473 1424 824 1496 ﬂoridamque
863 1427 1082 1483 exhibet
1109 1428 1418 1498 imaginem,
1451 1430 1804 1499 pulchritudi-

257 1534 358 1572 nem
386 1518 511 1588 parit
557 1518 950 1583 incredibilem,
979 1521 1173 1576 animat
1215 1523 1545 1578 nobilitatem
1596 1540 1805 1581 marceo

256 1624 384 1664 scere
421 1628 518 1665 non
561 1613 713 1679 sinit,
752 1611 880 1667 dum
932 1613 1240 1684 frequenter
1283 1617 1465 1687 irrigat
1511 1628 1565 1673 et
1616 1621 1800 1674 nutrit.

255 1699 452 1770 Smgnis
493 1703 633 1756 enim
684 1718 790 1757 non
821 1705 999 1759 statim
1051 1706 1104 1760 in
1154 1707 1307 1762 nobis
1344 1709 1400 1762 ιιι
1429 1725 1494 1764 ex
1541 1710 1682 1778 cibo,
1710 1711 1804 1766 sed

253 1793 374 1847 aliud
398 1795 660 1866 quidpiam
693 1816 707 1852 :
743 1796 829 1853 hic
873 1813 1000 1854 vero
1043 1801 1258 1869 sanguis
1296 1803 1576 1857 confestim
1620 1805 1804 1876 irrigat

251 1885 481 1947 animm,
511 1896 565 1941 et
607 1903 855 1959 magnam
897 1890 1002 1944 vim
1045 1891 1197 1945 indit.
1229 1891 1325 1948 llic
1370 1895 1614 1964 sanguis‘
1645 1897 1805 1968 digne

250 1985 471 2042 acceptus
505 1977 780 2033 dmmonas
808 1983 987 2050 procul
1018 1983 1185 2052 pellit,
1217 1986 1435 2053 angelus
1464 1987 1528 2041 ad
1565 2003 1661 2042 nos
1703 1989 1800 2044 ad-

253 2077 424 2132 vocat,
478 2069 758 2141 ipsumque
804 2075 1115 2144 angelorum
1165 2077 1467 2134 Dominum.
1522 2081 1804 2138 Dmmones

249 2161 421 2228 quippe
449 2163 679 2234 fugiunt,
715 2166 802 2221 ubi
849 2167 1029 2223 vident
1072 2171 1385 2241 sanguinem
1429 2174 1799 2242 Dominicum;

249 2265 506 2309 accurrunt
541 2267 723 2313 autem
770 2260 967 2332 angeli.
998 2261 1095 2316 llic
1127 2265 1344 2334 sanguis
1390 2265 1591 2322 ell'usus
1633 2278 1800 2326 totum

251 2343 418 2398 orbem
445 2347 658 2402 abluit’.
691 2349 849 2405 Multa
879 2351 948 2408 de
977 2352 1077 2408 hoc
1103 2357 1361 2426 sanguine
1391 2357 1578 2412 beatus
1606 2359 1802 2417 Paulus

252 2432 299 2488 in
341 2435 554 2505 Epistola
581 2441 649 2494 ad
695 2441 951 2498 ﬂebrznos
1001 2445 1372 2516 philosophice
1422 2449 1661 2505 tradidit.
1705 2453 1802 2509 Hic

247 2532 442 2598 sanguis
467 2533 612 2605 adyta
642 2544 697 2590 et
723 2545 906 2592 sancta
935 2547 1243 2594 sanctorum
1273 2541 1539 2610 purgavit.
1572 2543 1723 2612 Quod
1753 2546 1800 2601 si

247 2618 346 2687 ejus
387 2622 536 2693 ligura
577 2635 786 2681 tantam
819 2629 924 2682 vim
957 2628 1141 2685 habuit
1173 2630 1226 2686 in
1270 2631 1616 2689 Hebraeorum
1661 2644 1796 2691 tem-

245 2712 337 2778 plo,
375 2715 421 2766 in
454 2715 622 2770 media
677 2715 928 2789 Egypto,
981 2718 1255 2777 liminibus
1306 2739 1580 2794 aspersus,
1632 2727 1800 2782 multo

246 2805 468 2874 majorem
496 2808 605 2878 ipsa
633 2811 832 2864 veritas
855 2810 1034 2866 habet.
1058 2813 1154 2868 llic
1175 2816 1390 2886 sanguis
1407 2832 1551 2871 aram
1578 2833 1797 2875 auream

243 2898 444 2950 sacravit
468 2918 482 2952 ι
510 2900 636 2955 sine
668 2898 771 2955 hoc
799 2917 902 2956 non
927 2902 1155 2958 audebat
1181 2905 1429 2976 princeps
1455 2909 1796 2964 sacerdotum

245 2985 288 3040 in
305 2988 442 3062 adyta
468 2992 700 3062 ingredi.
747 2993 844 3049 Hie
887 2997 1106 3066 sanguis
1135 3000 1445 3055 sacerdotes
1492 3002 1795 3071 ordinabat,

244 3078 316 3135 hic
349 3083 393 3136 in
421 3083 596 3154 ﬁguris
630 3095 846 3155 peccata
893 3088 1162 3144 abluebat.
1191 3090 1246 3145 Si
1289 3091 1350 3146 in
1378 3093 1562 3163 ﬁguris
1594 3103 1796 3150 tantam

241 3174 329 3226 vim
351 3174 540 3242 habuit,
569 3179 620 3235 si
661 3180 902 3234 umbram
944 3180 1014 3234 ita
1045 3197 1193 3238 mors
1221 3183 1462 3253 horruit;
1491 3187 1794 3250 veritatem,

238 3280 412 3336 quaso,
437 3282 697 3340 quantum
727 3270 1078 3329 l'ormidabit?
1126 3275 1223 3331 llic
1249 3279 1466 3347 sanguis
1492 3279 1637 3335 salus
1667 3281 1799 3334 ani-

238 3371 413 3413 marum
461 3373 772 3418 nostrarum
814 3373 942 3419 est:
992 3366 1095 3421 hoc
1133 3367 1400 3422 abluitur'
1443 3373 1653 3437 anima,
1696 3371 1796 3428 hoc

236 3464 452 3521 ornatur,
502 3455 610 3512 hoc
669 3456 970 3513 incenditur
1018 3477 1033 3513 :
1089 3459 1175 3515 hic
1209 3462 1330 3530 igne
1377 3463 1795 3532 splendidiorem

235 3556 435 3603 sterilem
463 3559 713 3607 nostram
744 3541 920 3608 reddit
952 3566 967 3606 :
1013 3551 1100 3609 hic
1128 3556 1348 3625 sanguis
1372 3555 1574 3611 etinsus
1603 3557 1792 3612 cadum

235 3639 439 3704 pervium
471 3641 626 3698 fecit.

290 3729 335 3783 ι.
371 3730 674 3788 Tremenda
709 3749 836 3790 vere
860 3735 1112 3804 mysteria
1140 3737 1429 3804 Ecclesize;
1464 3739 1791 3796 horrendum

234 3832 339 3876 rere
360 3823 538 3882 altare.
572 3827 661 3882 Ex
689 3827 935 3896 paradiso
966 3829 1084 3884 fons
1112 3831 1353 3885 scaturiit
1379 3833 1609 3888 sensiles
1637 3835 1789 3888 emit-

232 3915 332 3967 ιω
379 3915 608 3973 ﬂuvios:
648 3933 712 3973 ex
767 3917 867 3975 hac
920 3936 1104 3976 mensa
1160 3921 1280 3978 fons
1332 3924 1556 3979 scaturit
1602 3925 1792 3981 ﬂuvios

229 4004 449 4064 mittens
478 4010 816 4082 spirituales.
843 4012 924 4068 Ad
952 4013 1093 4070 hunc
1122 4013 1321 4072 fontem
1361 4017 1642 4086 eriguntur
1686 4033 1792 4073 non

231 4095 397 4153 salices
449 4101 836 4168 inlructuosaz,
866 4105 960 4161 sed
1009 4106 1230 4164 arbores
1280 4108 1347 4164 ad
1401 4110 1574 4179 ipsum
1603 4111 1791 4166 caelum

231 4190 588 4263 pertingentes,
633 4210 752 4266 qua:
790 4195 992 4253 fructus
1019 4213 1233 4269 semper
1257 4201 1561 4270 producunt
1591 4211 1794 4272 tempe-

231 4280 394 4346 stivos,
424 4286 512 4355 qui
561 4301 862 4357 ntnnquam
907 4301 1265 4346 marcescunt.
1308 4291 1364 4348 Si
1411 4294 1532 4362 quis
1575 4305 1791 4359 aestuat,

230 4366 350 4427 bene
367 4373 518 4431 adeat
549 4376 782 4444 fontem,
798 4387 851 4434 et
873 4379 1122 4436 ardorem
1146 4389 1428 4453 temperet.
1447 4381 1580 4440 Nam
1602 4393 1792 4441 aestum

227 4460 369 4532 (ngat,
394 4475 446 4520 et
474 4468 673 4523 adusta
701 4470 880 4524 omnia
911 4474 1192 4542 refrigerat
1223 4492 1236 4528 :
1272 4493 1377 4530 non
1420 4493 1538 4545 qum
1570 4493 1636 4531 ex
1663 4478 1794 4531 solis

227 4555 396 4612 ardore
424 4571 684 4628 :cstuam,
712 4562 804 4616 sed
833 4579 950 4633 qute
983 4565 1151 4634 igneis
1197 4568 1404 4636 sagittis
1431 4580 1618 4623 exusta
1645 4581 1786 4624 sunt.

227 4645 503 4720 Supernum
530 4654 682 4710 enim
725 4655 881 4712 habet
923 4660 1243 4731 principium
1269 4671 1325 4716 et
1363 4663 1620 4729 radicem,
1652 4665 1794 4720 unde

278 4804 291 4879 _'
323 4805 408 4879 gilii
424 4807 624 4879 legunt,
647 4808 728 4879 hic
748 4812 944 4876 sanguis
959 4813 1204 4879 mysticus.

270 4867 292 4940 ξ
315 4875 449 4940 {una
472 4867 646 4940 iure].
661 4867 956 4940 legendum,
979 4867 1175 4940 eripuit,
1205 4893 1319 4940 pro,
1344 4881 1514 4934 abluit.

276 4927 293 4956 ³
325 4929 452 4980 Ιώιιιι
479 4934 627 4996 legit,
653 4927 1070 5001 Ιωῖὶβεαιιινξρνοξ
1093 4927 1324 4992 abluitur:

3404 260 3511 316 (ἐπὶ

1925 332 1978 376 et
2007 323 2276 394 irrigatur.
2311 331 2384 384 Ex
2431 331 2530 388 hoc
2575 334 2719 391 fonte
2766 341 2914 394 multi
2962 344 3061 398 rivi
3105 361 3342 416 manant,
3371 371 3505 422 quos

1925 417 2120 472 emittit
2136 419 2458 485 Paraeletus,
2478 425 2748 498 Filiusth
2766 432 3026 488 mediator
3042 447 3123 491 est
3141 458 3152 492 :
3169 455 3272 493 non
3293 417 3508 504 bidente

1922 507 2062 558 viam
2113 520 2282 576 parat,
2311 513 2402 566 sed
2452 515 2696 570 atiectum
2730 531 2972 576 nostrum
3005 529 3192 593 aperit.
3245 529 3342 588 llic
3391 533 3509 591 fons

1924 595 2058 651 lucis
2087 609 2190 665 est,
2224 605 2463 659 veritatis
2493 609 2668 664 radios
2701 611 3016 671 diffundens.
3051 619 3182 673 lluie
3220 623 3380 678 etiam
3415 629 3508 681 ad-

1921 696 2065 741 stant
2119 705 2366 759 superna:
2414 697 2674 765 virtutes,
2729 703 3001 760 alveorum
3053 711 3504 778 pulchritudinem

1924 777 2193 836 intuentes
2229 800 2240 834 :
2274 785 2395 850 quia
2425 787 2620 843 clarius
2669 797 2954 861 proposita:
2998 800 3072 852 rei
3102 803 3226 864 vim,
3261 815 3313 858 et
3360 807 3506 862 inae-

1918 885 2103 926 cessos
2146 875 2326 930 radios
2372 880 2718 948 perspiciunt.
2750 884 2816 940 Ut
2842 887 2984 941 enim
3015 890 3060 944 si
3095 893 3215 960 quis
3246 897 3297 949 in
3331 897 3503 966 lique-

1919 965 2112 1020 factum
2141 984 2329 1024 aurum
2363 989 2578 1029 manum
2620 979 2701 1032 vel
2747 981 2976 1048 linguam
3007 985 3224 1056 injiciat,
3250 993 3293 1044 si
3325 1003 3501 1050 tamen

1919 1055 1968 1110 id
1996 1057 2107 1112 lleri
2146 1062 2332 1128 possit,
2361 1066 2538 1118 statim
2573 1066 2865 1124 inauratam
2896 1074 3102 1140 reddit;
3137 1079 3186 1132 id
3232 1087 3499 1152 proposita

1917 1150 2165 1220 mysteria
2200 1151 2356 1221 longe
2381 1157 2568 1210 melius
2597 1161 2789 1216 anima:
2815 1176 3084 1232 prtestant.
3122 1150 3340 1228 Flavius
3355 1177 3498 1232 enim

1917 1240 2036 1309 igne
2076 1243 2366 1300 ferventius
2402 1247 2620 1316 ebullit;
2672 1263 2725 1305 at
2753 1269 2858 1308 non
2906 1258 3028 1324 urit,
3059 1261 3151 1315 sed
3185 1264 3346 1318 abluit
3380 1277 3498 1321 tan-

1917 1341 2047 1385 tum.
2091 1333 2242 1389 Htutc
2277 1339 2588 1407 sanguinem
2613 1342 2741 1396 olim
2786 1347 3193 1416 prtelignrahant
3221 1353 3273 1406 in
3311 1356 3496 1410 altari-

1912 1423 2032 1490 lms,
2060 1425 2112 1479 in
2141 1426 2388 1497 legitimis
2410 1432 2679 1487 ca'dibus:
2709 1434 2806 1489 hoc
2834 1447 2917 1492 est
2942 1441 3088 1494 orbis
3115 1443 3361 1509 pretium,
3398 1446 3499 1503 hoc

1913 1525 1995 1569 est
2020 1531 2126 1585 quo
2153 1519 2397 1575 (lhristns
2447 1521 2736 1579 Ecriesiam
2785 1529 2945 1589 emit.
2991 1532 3091 1586 hoc
3140 1533 3283 1587 illam
3330 1546 3495 1591 totam

1912 1608 2141 1661 ornavit.
2174 1609 2239 1664 Ut
2265 1611 2405 1664 enim
2437 1614 2526 1682 qui
2557 1630 2741 1670 servos
2765 1620 2912 1681 emit,
2942 1635 3128 1675 aurum
3159 1625 3269 1684 dat.
3300 1636 3353 1681 et
3381 1627 3496 1683 illos

1911 1696 1955 1748 si
1986 1711 2183 1752 ornare
2222 1701 2369 1768 velit,
2401 1716 2532 1756 auro
2558 1716 2713 1759 ornat
2739 1724 2751 1760 :
2783 1706 2851 1760 ita
2882 1719 2935 1762 et
2961 1709 3203 1766 Christus
3243 1731 3292 1766 Ill
3313 1730 3344 1770 s
3367 1733 3493 1771 san-

1909 1787 2068 1856 guine
2091 1803 2190 1842 suo
2219 1801 2272 1844 et
2292 1793 2854 1866 emitetornavit.Qui
2889 1799 3046 1868 hujus
3073 1806 3345 1874 sanguinis
3373 1823 3497 1877 par-

1911 1879 2096 1949 ticipes
2124 1893 2265 1948 sunt,
2295 1899 2416 1937 cum
2443 1888 2644 1955 angelis
2689 1899 2833 1943 stant
2861 1900 2914 1946 et
2943 1893 3283 1964 archangelis
3308 1908 3362 1954 et
3402 1915 3495 1955 su-

1909 1971 2090 2039 peruis
2119 1977 2490 2041 potestatibus,
2515 1980 2656 2048 regia
2679 1980 2874 2036 Christi
2901 1986 3034 2041 stola
3064 1986 3228 2042 induti
3255 1998 3310 2044 et
3332 1993 3494 2046 armis

1909 2061 2272 2130 Spiritualihus
2309 2066 2574 2122 instructi.
2607 2070 2713 2125 Sed
2766 2073 2893 2127 nihil
2944 2091 3190 2145 magnum
3239 2079 3496 2138 hactenus

1907 2153 2015 2207 disi
2050 2171 2065 2208 :
2099 2171 2218 2210 nam
2253 2157 2369 2226 ipso
2401 2169 2526 2214 sunt
2571 2161 2739 2216 induti
2789 2180 2934 2234 rege.
2966 2166 3069 2220 Sed
3119 2170 3255 2224 sicut
3295 2187 3382 2226 res
3411 2183 3493 2228 est

1907 2260 2096 2316 magna
2141 2256 2196 2302 et
2239 2251 2533 2305 mirabilis:
2564 2252 2632 2307 ita
2675 2255 2720 2309 si
2758 2271 2878 2310 cum
2909 2260 3138 2328 puritate
3179 2265 3492 2331 accesseris,

1906 2336 1973 2390 ad
2023 2337 2251 2394 salutem
2300 2343 2602 2409 occessisti;
2633 2346 2677 2399 si
2707 2361 2826 2401 cum
2868 2349 3005 2402 mala
3039 2351 3396 2416 censcit-ntia,
3427 2354 3492 2409 ad

1907 2427 2222 2496 supplicium
2251 2440 2306 2485 et
2346 2431 2620 2488 ultionem.
2667 2434 2765 2502 Qui
2801 2437 2933 2491 enim
2977 2441 3269 2506 mauducat,
3301 2443 3490 2513 inquit,

1906 2528 1952 2572 et
1992 2519 2110 2573 bibit
2152 2521 2356 2592 indigne
2403 2522 2653 2590 Domino,
2689 2527 2941 2598 judicium
2989 2531 3083 2585 sibi
3127 2533 3400 2587 mrmdttcat
3448 2545 3493 2588 et

1907 2609 2027 2664 bibit
2061 2612 2137 2683 (I.
2163 2612 2280 2667 Cor.
2315 2615 2402 2669 ll.
2439 2615 2553 2686 29).
2582 2616 2635 2672 Si
2669 2617 2845 2688 itaque
2874 2619 2908 2674 ii
2934 2621 3022 2690 qui
3057 2623 3253 2690 regiam
3287 2639 3487 2694 purpu-

1905 2717 2018 2756 ram
2064 2702 2361 2774 inquinant,
2393 2722 2456 2761 ac
2498 2709 2542 2762 si
2589 2709 2974 2777 diseindereut,
3006 2715 3332 2783 puniuntur:
3365 2717 3488 2785 quid

1907 2794 2097 2849 mirunt
2127 2797 2168 2849 si
2194 2797 2226 2850 ii
2251 2799 2338 2868 qui
2362 2798 2636 2854 immundo
2655 2801 2836 2856 animo
2861 2802 2963 2858 hoc
2979 2819 3174 2872 corpus
3200 2807 3482 2878 accipiunt,

1905 2884 2044 2941 idem
2085 2888 2309 2942 subeant
2353 2890 2691 2958 supplicium,
2724 2892 2865 2962 quod
2914 2893 2948 2948 ii
2990 2894 3080 2961 qui
3127 2895 3254 2950 illud
3295 2912 3494 2964 corpus

1903 2976 2074 3033 clavis
2129 2979 2558 3035 trausﬂseruut?
2605 2982 2736 3037 Vide
2781 3000 2938 3054 quam
2994 2987 3232 3043 terribile
3295 2989 3489 3043 Paulus

1904 3070 2152 3125 exhibeat
2169 3073 2519 3140 supplicium:
2545 3073 2754 3128 lrritam
2771 3077 2882 3145 quis
2900 3078 3092 3144 faciens
3114 3078 3270 3150 legent
3296 3079 3484 3151 Moysi,

1903 3163 2012 3216 sine
2039 3161 2147 3216 ulla
2172 3163 2493 3218 miseratione
2515 3164 2709 3219 duobus
2729 3166 2806 3220 vel
2825 3166 2983 3222 tribus
3003 3169 3208 3222 testibus
3241 3173 3486 3226 moritur:

1901 3265 2090 3328 quanto
2128 3257 2289 3326 magis
2342 3257 2532 3326 putatis
2579 3257 2828 3312 deteriora
2867 3261 3051 3314 mereri
3095 3262 3368 3331 supplicia,
3398 3265 3485 3334 qui

1903 3346 1953 3401 F
1954 3349 2096 3401 ilium
2124 3345 2222 3401 Dei
2256 3349 2644 3414 consultaverit,
2669 3359 2714 3403 et
2741 3352 3036 3419 sanguinem
3062 3361 3344 3409 testamenti
3372 3356 3487 3425 ρυε-

1903 3437 2064 3492 latum
2107 3439 2336 3501 duxerit,
2368 3439 2420 3492 in
2455 3455 2555 3509 quo
2577 3441 2922 3508 sanctiﬁcatus
2959 3452 3032 3496 est
3062 3441 3245 3515 (Hebr.
3278 3444 3363 3500 10.
3391 3447 3481 3502 Ξ8.

1899 3531 2032 3600 29)?
2055 3530 2409 3586 Attendamus
2430 3531 2589 3602 igitur
2614 3531 2771 3586 nobis
2797 3532 3164 3602 ipsis,dilecti,
3181 3551 3301 3590 cum
3325 3538 3484 3591 tantis

1899 3623 2138 3679 fruamur
2185 3622 2373 3688 bonis;
2405 3635 2459 3678 et
2503 3639 2626 3678 cum
2653 3633 2808 3695 turpe
2834 3625 3105 3695 quidpiam
3151 3628 3296 3699 loqm
3342 3631 3484 3685 subit

1899 3717 2156 3782 animum,
2188 3716 2270 3770 vel
2317 3715 2529 3786 quando
2561 3717 2658 3783 ira,
2690 3717 2771 3771 vel
2820 3733 2984 3788 pravo
3013 3721 3260 3789 quopiam
3291 3719 3483 3775 aﬂectn

1898 3823 1998 3864 nos
2048 3808 2245 3876 corripi
2296 3808 2588 3875 cernimus,
2622 3808 2897 3863 nobiscum
2940 3822 3248 3880 reputemus
3292 3813 3483 3882 quibus

1895 3899 2097 3971 dignati
2129 3900 2294 3954 simus
2326 3898 2615 3962 beneﬂciis,
2635 3914 2791 3968 quem
2814 3899 3070 3968 Spiritum
3097 3903 3481 3970 acceperimus.

1901 3993 2024 4050 lec
2042 3992 2293 4063 cogitatio
2321 4001 2532 4046 nostros
2555 3989 2902 4058 temperabit‘
2933 3991 3173 4064 allectus.
3197 3992 3482 4062 Quousque

1897 4087 2040 4141 enim
2091 4085 2250 4139 rebus
2274 4081 2626 4153 prtesentibus
2654 4081 3014 4138 hmrebimus?
3059 4098 3336 4153 quousque
3377 4100 3481 4139 non

1898 4175 2293 4230 excitahimur?
2326 4187 2604 4244 quousque
2636 4173 2831 4226 nullam
2861 4173 3046 4228 salutis
3075 4185 3271 4229 nostra:
3299 4189 3480 4230 curam

1900 4265 2251 4322 habebimus?
2281 4264 2587 4335 Cogitemus
2610 4264 2928 4330 quibusnam
2957 4281 3053 4318 nos
3079 4265 3217 4320 Deus
3237 4264 3484 4336 dignatus

1899 4360 1989 4421 sit,
2031 4357 2229 4427 gratias
2273 4368 2514 4425 agamus,
2555 4354 2776 4424 gloriam
2811 4353 3124 4417 referamus,
3175 4371 3280 4410 non
3326 4355 3484 4412 modo

1902 4465 1996 4520 per
2020 4449 2198 4510 iidem,
2225 4447 2318 4502 sed
2350 4447 2509 4501 etiam
2544 4462 2636 4515 per
2658 4460 2818 4514 opera
2843 4463 2856 4498 :
2900 4455 2958 4501 ut
2990 4446 3164 4502 futura
3192 4463 3483 4518 consequa-

1900 4555 2022 4595 nmr
2053 4540 2212 4600 bona,
2242 4536 2405 4608 gratia
2437 4546 2492 4590 et
2531 4535 2856 4606 benignitate
2903 4537 3108 4591 llondui
3149 4539 3315 4592 nostri
3359 4537 3484 4593 ,ιι-ευ

1899 4631 2121 4693 Christi,
2142 4629 2354 4700 quicum
2389 4628 2527 4682 l‘atri
2559 4627 2750 4697 gloria,
2772 4643 2874 4681 una
2900 4642 3019 4682 cum
3048 4638 3233 4683 sancto
3258 4627 3481 4695 Spiritu,

1901 4738 2044 4780 nunc
2065 4733 2118 4778 et
2142 4736 2358 4792 semper
2382 4729 2436 4775 et
2466 4720 2518 4774 iu
2547 4719 2744 4775 saecula
2771 4719 3118 4774 smeulorum.
3151 4721 3340 4776 Amen.

1969 4924 1984 4957 ι
2023 4918 2117 4971 Αιίὶ
2141 4918 2346 4977 habent,
2371 4919 2619 4978 temperet.

1336 5013 3490 5148 ᾖ

219 5166 330 5224 Car.
368 5170 421 5234 ϐ,
477 5189 528 5227 v.
573 5175 661 5230 53.
707 5175 848 5232 Dixit
890 5194 1009 5249 ergo
1049 5180 1121 5233 eis
1163 5178 1314 5235 Iesus
1352 5199 1371 5236 :
1413 5182 1606 5247 Amen,
1652 5202 1800 5240 anteit

280 5262 388 5316 dico
414 5265 578 5328 vobis,
606 5267 701 5321 nisi
737 5271 1162 5325 ntanducaoeritis
1197 5289 1401 5325 carnem
1433 5272 1556 5328 Filii
1582 5275 1799 5330 hominis

280 5365 322 5404 et
341 5353 368 5407 b
391 5355 570 5409 beritis
592 5359 700 5426 ejus
731 5361 1050 5431 sanguinem,
1082 5379 1181 5414 non
1203 5363 1444 5418 [rubebitis
1470 5366 1622 5418 vitam
1647 5377 1798 5419 teter-

282 5461 391 5497 που·
444 5448 498 5500 in
547 5449 702 5503 vobis.
733 5451 822 5506 54.
857 5451 958 5516 Qui
998 5463 1167 5507 autem
1196 5456 1468 5509 manducet
1497 5473 1658 5510 nteant
1685 5474 1798 5512 rar-

283 5551 388 5589 ttsm
411 5580 426 5602 ,
474 5551 522 5592 et
575 5540 690 5593 bibit
742 5559 908 5596 anteum
955 5546 1255 5617 sanguinem
1280 5587 1295 5612 ,
1357 5548 1504 5602 liabet
1548 5549 1701 5602 vitam
1745 5549 1797 5602 in

282 5634 569 5700 semetipso.

290 5721 333 5775 Ι.
370 5725 510 5780 Cum
543 5724 616 5782 de
657 5728 817 5786 rebus
862 5731 1227 5802 splrilualibus
1270 5734 1613 5804 disserimus,
1661 5732 1790 5792 nihil

1904 5182 2160 5240 saeculare
2206 5180 2276 5233 sit
2315 5177 2366 5232 in
2411 5175 2603 5231 animis
2648 5172 2869 5236 nostris,
2904 5172 3032 5227 nihil
3074 5182 3364 5238 terrenum,
3394 5173 3486 5228 sed

1906 5275 1989 5330 his
2015 5271 2262 5326 omnibus
2289 5266 2548 5322 abdicatis
2572 5280 2635 5318 ac
2659 5264 3128 5334 depulsis,divinis
3154 5267 3487 5320 sermonibus

1905 5368 2001 5422 toti
2029 5364 2350 5418 ltrereamus.
2377 5359 2509 5413 Nam
2559 5356 2604 5412 si
2635 5371 2758 5425 rege
2787 5357 2839 5409 in
2883 5356 3065 5410 urbem
3109 5357 3374 5418 veniente,
3410 5367 3489 5410 tu-

1901 5457 2103 5514 multus
2148 5452 2324 5509 omnis
2361 5449 2677 5520 depellitur;
2721 5447 2888 5501 multo
2934 5447 3101 5517 magis
3143 5447 3342 5517 Spiritu
3391 5463 3488 5502 nos

1903 5549 2230 5618 alloquente,
2277 5557 2398 5597 cum
2444 5539 2611 5595 multa
2655 5539 2856 5608 quiete,
2901 5553 3023 5593 cum
3066 5538 3234 5592 multo
3284 5547 3488 5594 terrore

1901 5641 2087 5696 audire
2135 5652 2232 5691 nos
2283 5651 2378 5706 par
2427 5643 2528 5689 est.
2567 5631 2802 5690 Horrore
2839 5646 3068 5701 namque
3118 5630 3277 5700 digna
3331 5630 3489 5686 hodie

1908 5733 2041 5789 lecta
2071 5738 2212 5787 sunt.
2245 5727 2376 5784 Audi
2423 5726 2586 5782 cnim.
2638 5723 2794 5778 Amen
2832 5723 2945 5776 dico
2974 5719 3129 5787 vobis,
3163 5719 3349 5792 inquit,
3383 5720 3485 5775 nisi
