3984 6196
553 323 655 382 9.63

554 436 664 501 quis
692 427 1066 484 manducauerit
1095 437 1294 477 cantent
1336 437 1523 484 meant,
1552 429 1596 472 et
1634 414 1808 469 biberit
1836 409 2130 479 sanguinem

554 540 739 585 meum,
755 536 854 574 non
876 518 1072 572 habebit
1091 515 1245 568 vitam
1269 514 1320 566 in
1337 511 1601 578 semetipso
1616 509 1654 559 ¹.
1668 505 1799 573 Quia
1824 502 1966 572 prius
1983 498 2135 551 dixe-

558 622 678 669 rant
723 611 772 664 id
805 605 1135 678 impossibile
1165 620 1305 666 esse.
1338 601 1573 656 ostendit
1621 597 1681 651 id-
1705 609 1810 648 non
1842 589 2001 645 modo
2031 602 2136 642 non

561 701 925 772 impossibile,
991 700 1088 754 sed
1140 697 1299 753 etiam
1362 691 1517 746 valde
1575 685 1933 742 necessarium
1996 692 2136 733 esse.

557 793 914 859 Quamobrem
947 791 1125 847 subdit
1155 805 1167 840 :
1202 787 1300 852 Qui
1343 782 1613 836 manducat
1661 790 1819 829 nteant
1843 786 2065 832 carnem,
2092 776 2140 821 et

559 888 678 940 bibit
707 901 872 942 meum
898 884 1213 955 sanguinem,
1238 876 1383 930 habet
1410 875 1563 928 vitam
1588 879 1848 930 (sternam,
1876 872 1923 917 et
1951 878 2041 932 ego
2061 875 2140 914 re-

562 979 816 1035 suscitabo
835 992 944 1031 eum
985 951 1039 1027 in
1078 969 1345 1025 novissimo
1370 966 1470 1020 die.
1494 962 1628 1031 Quia
1657 961 1797 1015 enim
1823 957 2048 1013 dixerat.
2079 951 2142 1007 Si

562 1071 673 1140 quis
703 1064 1079 1121 manducauerit
1102 1077 1168 1116 ea:
1191 1060 1285 1112 hoc
1330 1072 1481 1127 pane,
1514 1069 1615 1107 non
1642 1051 1879 1104 morietur
1902 1046 1955 1099 in
1999 1055 2144 1099 atter-

565 1136 728 1220 num;
773 1154 1166 1222 verisin'tileque
1202 1159 1318 1206 erat
1356 1147 1479 1200 hinc
1506 1145 1626 1198 illos
1663 1141 1896 1194 ofl'cnsos
1923 1136 2054 1200 fore,
2087 1143 2145 1188 ut

567 1254 711 1322 prius
749 1264 870 1304 cum
909 1247 1172 1306 dicerent,
1224 1240 1482 1295 Abraham
1526 1245 1752 1288 mortuus
1792 1239 1888 1295 est,
1931 1239 1977 1282 et
2022 1243 2142 1297 pro-

567 1318 731 1411 pheta:
764 1339 949 1394 mortui
975 1345 1112 1397 sunt,
1146 1344 1192 1388 et
1219 1327 1470 1402 quomodo
1519 1337 1574 1380 tu
1618 1326 1765 1385 dicis,
1799 1339 1896 1376 non
1928 1318 2145 1391 gustabit

568 1430 826 1486 mortem?
876 1426 1319 1484 resurrectionem
1361 1421 1508 1490 ponit
1533 1417 1746 1474 solvens
1772 1412 2146 1484 quaestionem,

568 1535 622 1577 et
661 1521 950 1578 ostendens
979 1533 1085 1573 non
1117 1515 1430 1572 moriturum
1477 1524 1599 1566 eSSe
1649 1521 1814 1575 usque
1865 1505 1915 1558 in
1961 1501 2141 1556 ﬁnem.

573 1615 905 1684 Frequenter
943 1619 1121 1665 autem
1153 1609 1204 1662 in
1236 1603 1504 1676 mysteriis
1533 1607 1797 1664 versatur,
1821 1605 1880 1650 ut
1903 1591 2148 1648 ostendat

569 1720 725 1774 quam
755 1701 1052 1758 necessaria
1085 1715 1172 1754 res
1204 1699 1294 1762 sit,
1323 1705 1378 1752 et
1403 1693 1543 1764 quod
1581 1692 1800 1747 omnino
1836 1687 1956 1742 fieri
1990 1701 2151 1755 opor-

573 1805 697 1850 teat.
723 1793 854 1849 Nam
880 1792 970 1848 55.
997 1791 1127 1846 Caro
1154 1806 1262 1842 mea
1284 1803 1396 1841 vere
1415 1796 1484 1841 est
1509 1785 1668 1846 cibus,
1692 1792 1738 1835 et
1763 1780 1969 1850 sanguis
2010 1794 2149 1832 meus

572 1901 682 1938 vrre
707 1891 780 1938 est
820 1892 988 1953 potus.
1016 1878 1151 1948 Quid
1177 1879 1277 1934 sibi
1306 1878 1416 1930 vult
1456 1875 1624 1930 illud?
1673 1874 1780 1927 Aut
1805 1871 1918 1925 vult
1947 1868 2152 1938 signifi-

570 1990 714 2039 care,
747 1974 888 2028 hunc
936 1987 1057 2027 esse
1086 1985 1266 2025 verum
1298 1968 1473 2023 cibum
1493 2007 1508 2030 ,
1539 1965 1626 2036 qui
1666 1963 1896 2018 animam
1939 1969 2147 2024 servet;

573 2079 662 2121 ant
693 2066 806 2121 vult
833 2065 990 2120 dictis
1034 2065 1150 2120 suis
1198 2061 1353 2116 fidem
1401 2059 1596 2124 facere,
1627 2073 1692 2111 ne
1722 2064 1906 2126 putent
1931 2053 1982 2108 id
2009 2051 2149 2122 quod

572 2162 774 2214 dictum
803 2157 920 2222 fuit,
953 2158 1176 2226 arnigma
1207 2155 1288 2210 vel
1319 2152 1622 2223 parabolam
1648 2165 1806 2214 esse,
1846 2147 1939 2202 sed
1983 2145 2154 2200 sciant

573 2261 821 2320 «quatere
874 2249 1092 2302 omnino
1139 2260 1331 2314 corpus
1380 2241 1682 2298 comedere.
1711 2237 1912 2294 Deinde
1937 2237 2032 2302 ait,
2061 2235 2149 2291 56.

578 2343 676 2406 Qui
705 2340 977 2394 manducet
1017 2354 1179 2392 meam
1219 2351 1441 2399 carnem,
1481 2335 1535 2387 in
1565 2349 1643 2387 me
1691 2339 1881 2396 manet,
1911 2338 1967 2383 ιιι
1992 2327 2157 2398 signi-

577 2435 698 2488 ficet
739 2430 881 2503 quod
929 2446 986 2485 se
1015 2445 1134 2485 cum
1168 2430 1282 2497 ipso
1312 2427 1622 2481 admisceat.
1659 2423 1807 2491 Quod
1837 2431 2012 2476 autem
2063 2436 2154 2475 se-

573 2525 774 2593 quitur,
798 2536 903 2575 non
925 2519 1198 2574 cohaerere
1234 2518 1462 2580 videtur,
1498 2515 1598 2569 nisi
1626 2512 1980 2567 attendamus.
2000 2512 2152 2578 Qum,

577 2617 768 2683 inquit,
800 2623 882 2669 est
909 2611 1308 2677 consequentia,
1335 2618 1612 2678 postquam
1634 2607 1860 2671 dixerat,
1891 2605 1991 2672 Qui
2012 2621 2156 2658 man-

576 2709 726 2760 ducnt
768 2722 930 2759 meam
982 2720 1204 2765 carnem,
1235 2704 1287 2755 in
1339 2719 1416 2756 me
1458 2710 1644 2764 manet,
1689 2698 2029 2768 subjungerc,
2061 2698 2154 2752 57.

578 2800 722 2853 Sicut
760 2798 893 2850 misit
933 2813 1012 2850 me
1050 2797 1216 2849 vivens
1247 2793 1422 2858 Pater,
1455 2793 1527 2844 ita
1570 2799 1616 2845 et
1660 2806 1750 2861 ego
1800 2790 1907 2843 vivo
1954 2799 2157 2859 promer

581 2891 833 2946 Patrem?
879 2889 991 2943 lmo
1044 2889 1158 2941 lure
1189 2901 1430 2954 magnam
1487 2883 1686 2937 habent
1730 2882 2156 2936 consonantiam.

578 2983 710 3037 Nam
740 2997 861 3035 cum
889 2981 1050 3034 vitam
1081 2987 1336 3033 aeternam
1368 2991 1509 3044 saepe
1538 2975 1776 3037 dixisset,
1807 2973 1872 3028 ad
1925 2972 1976 3026 id
2026 2988 2156 3026 eon-

579 3071 896 3126 ﬁrmandum
945 3070 1110 3132 addit,
1157 3067 1219 3121 In
1246 3084 1324 3122 me
1351 3076 1532 3120 manet.
1571 3065 1626 3119 Si
1665 3065 1806 3118 enim
1839 3065 1891 3117 in
1927 3078 2012 3118 me
2043 3077 2158 3116 ma-

581 3173 689 3225 nel,
735 3171 787 3217 et
814 3177 912 3233 ego
943 3162 1084 3224 vivo,
1119 3159 1291 3228 palam
1322 3169 1405 3212 est
1447 3167 1501 3212 et
1546 3157 1691 3212 illum
1723 3170 1842 3211 esse
1872 3156 2155 3210 victurum.

581 3255 784 3310 Deinde
811 3254 931 3308 ait:
979 3253 1121 3308 Sicut
1165 3251 1300 3304 misit
1348 3266 1428 3304 me
1476 3250 1640 3303 vivens
1687 3248 1863 3302 Pater.
1912 3248 2036 3302 llaec
2080 3255 2163 3301 est

581 3345 909 3414 eornparatio
935 3353 985 3398 et
1013 3343 1328 3402 similitudo.
1347 3357 1410 3395 ac
1436 3341 1480 3394 si
1502 3341 1721 3402 diceret,
1740 3339 1875 3392 Vivo
1902 3354 2002 3405 ego
2025 3339 2162 3391 sicut

581 3447 633 3490 et
681 3437 857 3489 Pater.
904 3433 969 3487 Et
1007 3449 1074 3486 ne
1106 3431 1395 3500 ingenitum
1449 3439 1681 3498 putares,
1710 3429 1888 3482 statim
1935 3427 2158 3490 addidit,

587 3527 802 3592 Propter
854 3521 1082 3586 Patrem,
1115 3537 1218 3573 non
1269 3518 1408 3588 quod
1455 3518 1763 3586 operatione
1814 3517 2042 3586 quadam
2095 3515 2160 3570 ad

583 3612 865 3666 vivendum
897 3624 1034 3680 opus
1065 3609 1274 3664 habeat.
1297 3607 1553 3675 Superius
1575 3607 1719 3660 enim
1747 3611 1883 3660 hanc
1909 3620 2162 3661 amovens

585 3702 945 3770 suspicionem
995 3699 1206 3754 diccbat
1261 3715 1273 3751 :
1328 3697 1475 3753 Sicut
1522 3695 1678 3750 Pater
1732 3696 1877 3750 habet
1916 3697 2068 3750 vitam
2110 3697 2164 3750 in

585 3793 865 3862 semetipso,
896 3807 969 3847 sic
1001 3791 1140 3845 dedit
1168 3799 1213 3844 et
1241 3788 1378 3843 Filio
1411 3789 1562 3842 vitam
1589 3788 1770 3842 habere
1798 3789 1849 3841 in
1875 3789 2158 3854 semetipso.

586 3882 738 3952 Quod
767 3883 810 3936 si
834 3890 986 3952 egeat
1011 3881 1346 3952 Operatione,
1375 3887 1628 3948 sequetur
1669 3887 1761 3931 aut
1805 3877 2014 3931 Patrem
2057 3893 2161 3932 non

585 3974 818 4036 dedisse,
836 3982 889 4027 et
910 3972 960 4026 id
990 3971 1174 4026 falsum
1198 3987 1351 4035 esse;
1389 3970 1471 4024 vel
1492 3970 1535 4022 si
1562 3967 1788 4031 dederit,
1811 3967 1956 4021 nullo
1979 3977 2165 4038 postea

585 4064 878 4132 opitulante
933 4077 1069 4131 Opus
1121 4061 1422 4116 habiturum
1475 4074 1614 4114 esse.
1677 4057 1816 4124 Quid
1866 4058 1966 4114 sibi
2021 4059 2161 4124 vult,

588 4156 806 4226 Propter
832 4153 1082 4208 Patrem?
1129 4153 1352 4209 Causam
1396 4151 1568 4206 solum
1613 4149 1831 4206 indicat.
1865 4150 1976 4206 Hoc
2008 4166 2166 4221 porro

590 4249 696 4302 vult
727 4246 1070 4318 significare:
1114 4247 1263 4302 Sicut
1302 4245 1428 4299 vivit
1478 4244 1653 4308 Pater,
1681 4252 1734 4297 et
1760 4258 1862 4314 ego
1906 4244 2046 4298 vivo.
2099 4243 2166 4299 Et

585 4343 670 4412 qui
717 4340 989 4394 manducet
1034 4355 1130 4401 me,
1161 4348 1206 4392 et
1235 4338 1322 4391 ille
1346 4338 1468 4390 vivet
1499 4347 1704 4405 praptcr
1748 4353 1844 4391 me.
1876 4336 2046 4391 Vitam
2079 4336 2166 4391 hic

587 4433 716 4486 dicit
751 4446 855 4486 non
881 4429 1338 4500 qualemcumque,
1368 4426 1462 4482 sed
1500 4426 1862 4496 conspicuam.
1895 4427 2043 4494 Quod
2072 4443 2168 4482 au-

589 4533 695 4575 tem
735 4521 785 4576 id
818 4535 921 4574 non
951 4519 1017 4574 de
1045 4518 1269 4588 simplici
1293 4518 1397 4572 vita
1439 4517 1600 4580 dicat,
1625 4516 1716 4572 sed
1743 4517 1811 4572 de
1839 4518 2068 4587 gloriosa
2113 4527 2168 4574 et

589 4611 840 4666 ineil'ubili
880 4609 991 4673 illa,
1023 4609 1147 4664 hinc
1182 4609 1354 4678 palam
1381 4617 1482 4674 est,
1516 4607 1656 4677 quod
1687 4623 1874 4662 omnes
1925 4608 2166 4665 infideles

587 4715 640 4758 et
691 4720 796 4759 non
846 4703 1035 4758 initiati
1079 4702 1277 4765 vivant,
1307 4700 1431 4754 licet
1455 4699 1521 4753 de
1549 4699 1667 4768 ejus
1695 4715 1855 4755 carne
1881 4715 1986 4755 non
2018 4717 2168 4756 man-

587 4797 804 4848 ducent.
836 4794 1024 4848 Viden‘
1063 4792 1202 4863 quod
1232 4807 1336 4845 non
1380 4790 1446 4844 de
1495 4790 1593 4844 hac
1620 4792 1724 4846 vita
1749 4806 1928 4847 sermo
1957 4793 2044 4855 sit,
2071 4793 2166 4848 sed

589 4887 656 4939 de
688 4885 814 4939 illa?
843 4885 995 4953 Quod
1024 4895 1198 4940 autem
1227 4883 1375 4946 dicit,
1409 4880 1710 4952 huiusmodi
1755 4892 1856 4938 est.
1881 4885 1982 4951 Qui
2018 4900 2170 4938 man-

586 4979 746 5031 ducat
796 4991 967 5031 meam
1017 4991 1255 5042 carnem,
1288 4974 1564 5030 moriendo
1594 4989 1699 5028 non
1748 4976 1960 5044 peribit,
1994 4992 2167 5047 neque

593 5069 859 5136 pllttiCllﬂ'.
891 5065 1001 5122 lmo
1033 5083 1136 5122 non
1165 5067 1232 5124 de
1274 5067 1543 5122 communi
1573 5066 1962 5121 resurrectione
1995 5067 2166 5138 loqui-

593 5168 712 5224 tur;
764 5172 954 5214 omnes
997 5159 1195 5228 quippe
1246 5168 1560 5228 resurgent;
1611 5156 1705 5212 sed
1753 5156 1822 5212 de
1868 5157 2060 5212 eximia
2113 5168 2170 5214 et

588 5250 818 5316 gloriosa
869 5249 1279 5312 resurrectione,
1310 5264 1467 5318 quam
1518 5263 1725 5303 merces
1774 5258 2045 5319 sequetur.
2075 5249 2164 5304 59.

593 5336 640 5390 11
649 5342 690 5391 ic
715 5350 786 5392 est
815 5342 960 5409 panis
986 5342 1071 5408 qui
1095 5348 1158 5394 de
1196 5341 1318 5394 cwlo
1339 5341 1597 5395 descendit
1618 5358 1637 5394 :
1667 5358 1768 5395 non
1795 5343 1924 5395 sicut
1948 5343 2167 5395 mandu-

589 5443 821 5483 cnveruut
849 5441 1016 5500 patres
1037 5434 1181 5485 vestri
1203 5449 1410 5493 manna,
1437 5442 1482 5485 et
1510 5433 1696 5485 mortui
1733 5442 1868 5486 sunt.
1904 5433 2004 5499 Qui
2027 5450 2168 5487 man-

588 5524 738 5574 dncnt
783 5522 915 5574 [tunc
958 5539 1158 5591 panem,
1190 5527 1312 5578 vivet
1349 5525 1401 5577 in
1444 5533 1706 5579 retentum.
1759 5521 2088 5593 Frequenter
2119 5523 2167 5577 id

589 5613 795 5680 ιιιιροιίι,
824 5621 877 5664 ιιι
905 5613 957 5666 in
986 5623 1217 5667 mentem
1239 5614 1540 5668 auditorum
1569 5614 1751 5683 inligat
1784 5614 2002 5682 (ultima
2024 5613 2164 5668 enim

653 5725 666 5750 ⁸
707 5723 835 5772 Atiae
857 5722 1054 5787 legitur,
1075 5737 1165 5775 non
1191 5727 1327 5778 habet
1353 5734 1493 5779 t'tlttm
1517 5735 1619 5778 a’tc:
1636 5740 1758 5778 nam.

1287 307 1341 361 S.
1379 303 1659 363 JOANNIS
1696 284 2167 354 CIIRYSOSTOMI
2210 281 2526 338 ARCIIIEP’.
2567 277 3091 338 CONSTANTINOI’.

3709 277 3814 332 28d

2244 398 2357 454 lucc
2395 407 2508 452 erat
2539 392 2838 466 doctrina),
2884 404 2942 448 et
2981 392 3048 448 de
3097 391 3509 456 resurrectione.
3539 403 3591 447 et
3619 393 3683 450 de
3711 399 3816 449 vita

2243 499 2440 546 aeterna
2468 487 2602 542 fides
2631 487 3058 543 confirmaretur.
3109 483 3334 552 Ideoque
3375 484 3818 538 resurrectionem

2245 581 2422 645 addit;
2449 589 2557 633 tum
2576 578 2695 647 quia
2723 577 2887 640 dixit,
2904 574 3068 628 Vitam
3092 583 3351 635 teter-nam,
3371 583 3477 626 tum
3503 580 3559 626 ut
3579 573 3822 627 OStcndat

2245 675 2388 729 illam
2420 673 2580 726 vitam
2610 686 2714 725 non
2743 683 2882 723 nunc
2909 682 3048 731 esse,
3082 665 3176 720 sed
3211 675 3328 734 post
3356 665 3821 720 resurrectionem.

2247 765 2313 821 Et
2342 764 2631 828 nndenam,
2663 762 2890 832 inquies,
2923 759 3026 814 hoc
3051 757 3344 828 probatur?
3383 756 3464 810 Ex
3512 755 3821 825 Scripturis.

2247 858 2377 914 Nam
2405 858 2598 926 ubique
2627 855 2749 909 illos
2776 868 2841 908 eo
2868 852 3052 916 mittit,
3072 858 3128 905 ut
3152 849 3275 904 inde
3299 847 3529 903 discant.
3547 848 3676 902 Cum
3700 864 3827 903 vero

2247 953 2398 1015 dixit,
2433 951 2530 1017 Qui
2557 949 2645 1003 dat
2671 949 2822 1003 vitam
2851 945 3061 1008 mundo,
3087 945 3138 997 in
3169 941 3560 997 aemulationem
3592 941 3822 1000 deducit.

2249 1053 2307 1098 ut
2333 1044 2466 1098 alios
2489 1041 2629 1096 dono
2657 1049 2802 1094 tanto
2831 1037 2933 1092 f‘rui
2956 1037 3218 1100 videntes,
3248 1049 3351 1088 non
3383 1045 3531 1088 extra
3555 1043 3824 1088 maneant.

2250 1135 2583 1203 Frequenter
2609 1141 2785 1184 autem
2810 1143 3002 1182 manna
3029 1134 3436 1189 commemorat,
3456 1133 3566 1178 tum
3598 1135 3651 1178 ut
3678 1123 3826 1177 diffe-

2249 1224 2475 1280 rentiam
2500 1221 2718 1286 indicet,
2752 1229 2862 1274 tum
2892 1228 2946 1272 ut
2979 1219 3098 1272 illos
3125 1216 3189 1269 ad
3219 1215 3376 1270 fidem
3420 1216 3650 1270 inducat.
3694 1217 3826 1271 Nam

2250 1317 2296 1371 si
2320 1315 2491 1386 potuit
2523 1313 2662 1367 Deus
2687 1311 2803 1366 sine
2851 1324 3052 1374 messe,
3075 1308 3189 1362 sine
3215 1307 3503 1366 frumento.
3532 1316 3586 1362 et
3626 1308 3829 1374 reliquo

2251 1414 2504 1477 apparatu
2538 1405 2656 1458 illos
2695 1418 2788 1472 per
2821 1401 3170 1472 quadraginta
3218 1414 3385 1454 annos
3431 1401 3609 1463 alere;
3661 1400 3831 1452 multo

2254 1500 2421 1568 magis
2451 1514 2614 1563 nunc,
2647 1505 2927 1567 postquam
2973 1493 3039 1548 ad
3069 1494 3270 1564 majora
3301 1494 3555 1562 patranda
3588 1495 3744 1556 venit,
3769 1493 3826 1546 id

2255 1591 2470 1662 poterit.
2501 1589 2750 1658 Alioquin
2781 1590 2823 1641 si
2864 1587 2952 1641 illa
2992 1585 3174 1656 figura:
3203 1595 3376 1651 erant,
3407 1596 3459 1639 ct
3497 1587 3610 1640 sine
3637 1587 3833 1640 sudore

2255 1681 2541 1749 laboreque
2567 1677 2887 1748 colligebant
2910 1691 3088 1731 escam
3112 1692 3127 1739 ;
3177 1675 3344 1729 multo
3373 1677 3538 1744 magis
3567 1693 3700 1730 nunc
3728 1677 3832 1729 hoc

2253 1773 2376 1836 erit,
2411 1772 2498 1826 ubi
2531 1779 2673 1824 tanta
2703 1768 3022 1834 differentia,
3064 1767 3149 1822 ubi
3195 1766 3340 1821 nulla
3386 1783 3512 1822 vere
3547 1783 3707 1832 mors,
3738 1769 3829 1821 ubi

2257 1867 2362 1919 vita
2397 1881 2517 1920 vera
2543 1865 2788 1918 fruimur.

2325 1957 2429 2013 Cur
2463 1957 2693 2012 Christus
2737 1970 2870 2025 saepe
2913 1954 3063 2006 vitam
3110 1961 3372 2006 meruerat.
3403 1981 3474 1992 —
3499 1952 3538 2006 E
3569 1968 3625 2005 re
3652 1961 3831 2006 autem

2255 2052 2375 2104 vita:
2405 2064 2547 2118 smpe
2574 2047 2836 2112 meminit,
2868 2045 2986 2114 quia
3014 2043 3138 2098 illud
3167 2041 3306 2112 apud
3336 2041 3577 2097 homines
3607 2042 3654 2095 in
3682 2053 3835 2108 opta-

2259 2141 2324 2194 tis
2370 2148 2484 2201 est;
2536 2138 2774 2207 nihilque
2818 2135 3057 2200 suavius,
3101 2150 3394 2204 quamnon
3438 2133 3590 2187 mori.
3621 2131 3743 2186 Nam
3774 2134 3831 2187 in

2258 2229 2435 2284 Veteri
2475 2229 2818 2283 Testamento
2862 2227 3180 2280 diuturnitas
3229 2224 3351 2278 vita:
3399 2224 3830 2292 promittebatur;

2257 2323 2350 2378 sed
2383 2336 2529 2375 nunc
2569 2335 2670 2374 non
2713 2319 3034 2388 diuturnitas
3080 2313 3261 2379 modo,
3301 2313 3392 2369 sed
3441 2315 3543 2368 vita
3584 2315 3695 2370 sine
3726 2314 3835 2370 fine

2258 2414 2601 2484 pronuttitur.
2644 2409 2814 2466 Simul
2853 2409 3013 2463 etiam
3063 2407 3173 2461 vult
3203 2406 3508 2471 ostendere,
3547 2421 3604 2460 se
3629 2408 3835 2474 suppli-

2258 2504 2396 2559 cium
2425 2519 2453 2557 a
2494 2511 2710 2572 peccato
2740 2500 3010 2555 inductum
3040 2514 3180 2553 nunc
3219 2512 3490 2562 revocare,
3521 2498 3835 2553 sententiam

2260 2595 2404 2649 illam
2423 2593 2607 2646 mortis
2624 2591 2899 2657 solvendo,
2921 2591 3046 2645 dum
3067 2591 3223 2644 vitam
3249 2605 3353 2642 non
3377 2588 3832 2659 qualemcumque,

2260 2683 2351 2738 scd
2400 2693 2678 2749 aeternam,
2722 2691 2908 2735 contra
2955 2695 3115 2750 quam
3160 2680 3304 2749 prius
3347 2687 3598 2733 statutum
3645 2679 3839 2745 fuerat,

2261 2772 2559 2827 induceret.
2584 2772 2670 2827 59.
2701 2769 2825 2825 "rec
2851 2771 2977 2824 dixit
3001 2771 3053 2823 in
3082 2786 3339 2841 synagoga
3361 2769 3541 2823 docens
3567 2772 3616 2824 in
3646 2770 3843 2836 Caper-

2261 2881 2432 2929 naum,
2480 2863 2567 2917 ubi
2615 2863 2781 2917 multa
2825 2861 3084 2916 mirabilia
3119 2871 3352 2932 patrarat
3371 2877 3391 2927 ;ν
3414 2878 3577 2932 quare
3606 2863 3846 2917 maxime

2261 2955 2555 3010 audiendus
2579 2962 2714 3009 erat.

2331 3047 2385 3101 ‘2.
2427 3049 2534 3101 Cur
2565 3061 2722 3115 porro
2753 3046 2806 3100 in
2833 3059 3096 3116 synagoga
3124 3044 3369 3110 docebat,
3417 3053 3471 3098 et
3519 3044 3576 3098 in
3609 3043 3848 3113 templo?

2261 3137 2399 3192 Tum
2431 3146 2487 3190 ut
2511 3136 2905 3190 multitudinem
2933 3136 3186 3201 traheret,
3219 3146 3326 3190 tum
3358 3145 3414 3190 ut
3451 3135 3753 3191 ostenderet
3784 3151 3848 3189 se

2266 3245 2369 3282 non
2398 3227 2721 3282 contrarium
2750 3242 2868 3282 esse
2899 3227 3064 3282 Patri.
3094 3227 3179 3281 60.
3215 3226 3366 3280 Multi
3406 3237 3569 3280 autem
3598 3243 3659 3281 ea:
3685 3227 3817 3280 disci
3829 3256 3850 3266 ο

2265 3320 2398 3390 palis
2423 3321 2679 3372 audientes
2707 3317 2952 3380 dicebant,
2988 3316 3158 3368 Durus
3178 3325 3248 3370 est
3272 3316 3350 3369 hic
3372 3332 3552 3370 sermo.
3577 3315 3712 3382 Quid
3742 3318 3854 3370 sibi

2264 3411 2377 3480 vult
2404 3409 2524 3473 hoc,
2559 3408 2730 3462 Durus
2757 3409 2868 3462 est?
2898 3408 2951 3462 Id
2982 3417 3084 3470 est,
3117 3423 3292 3477 aSper,
3342 3407 3657 3462 laboriosus.
3690 3409 3855 3477 Atqui

2268 3504 2395 3558 nihil
2429 3504 2530 3557 talc
2557 3501 2806 3556 dicebat:
2843 3516 3013 3570 neque
3053 3500 3195 3555 enim
3227 3499 3294 3554 de
3340 3500 3461 3552 vita:
3501 3499 3740 3554 instituto
3773 3501 3864 3554 lo-

2266 3596 2545 3663 quebatur,
2603 3593 2697 3648 sed
2753 3591 2820 3647 de
2872 3591 3138 3654 doctrina,
3199 3589 3483 3644 ident3dcm
3541 3590 3608 3644 dc
3653 3590 3755 3645 fide
3801 3593 3856 3644 in

2265 3689 2535 3742 Christum
2565 3685 2804 3741 habenda
2838 3685 3074 3755 loquens.
3114 3683 3220 3739 Cur
3247 3699 3374 3753 ergo
3413 3683 3580 3737 durus
3632 3694 3712 3737 est
3737 3701 3861 3737 ser-

2267 3779 2388 3834 mo?
2416 3781 2496 3832 An
2521 3778 2658 3847 quod
2689 3779 2846 3831 vitam
2881 3776 3152 3846 promittat
3197 3783 3250 3830 et
3275 3775 3755 3830 resurrectionem?
3789 3797 3798 3825 :
3827 3793 3871 3828 ni

2267 3870 2409 3940 quod
2436 3869 2579 3925 dicat
2611 3884 2669 3924 se
2696 3885 2764 3922 ex
2797 3869 2928 3922 cado
2971 3866 3349 3921 descendisse?
3390 3881 3456 3919 an
3507 3865 3645 3934 quod
3695 3882 3871 3921 nemo

2268 3963 2446 4018 salvus
2476 3977 2598 4018 esse
2625 3962 2814 4031 possit,
2846 3961 2945 4014 nisi
2969 3973 3182 4013 carnem
3211 3957 3322 4026 ejus
3350 3956 3672 4032 manducet?
3701 3953 3863 4010 lla-c-

2267 4055 2407 4116 cine,
2439 4067 2641 4125 quaeso,
2672 4053 2799 4107 dura
2827 4052 2993 4106 sunt?
3016 4051 3144 4117 Quis
3193 4050 3291 4104 hoc
3320 4050 3551 4104 dixerit?
3575 4050 3710 4118 Quid
3752 4051 3871 4104 siti

2268 4147 2379 4199 vult
2406 4159 2533 4214 ergo
2576 4143 2724 4209 illud,
2753 4141 2968 4196 Durus?
3005 4140 3171 4210 Captu
3215 4139 3464 4204 difﬁcilis,
3493 4141 3871 4194 infirmitatem

2270 4239 2476 4294 illorum
2500 4252 2781 4306 superans,
2801 4245 3001 4291 terrore
3016 4235 3221 4304 plenus.
3243 4233 3503 4287 Putabant
3521 4234 3662 4289 enim
3683 4234 3871 4303 ipsum

2269 4347 2329 4385 ea
2357 4331 2497 4401 loqui
2531 4345 2650 4401 quzc
2693 4327 2810 4398 ejus
2853 4328 3162 4397 dignitatem
3189 4339 3237 4381 et
3267 4325 3486 4397 gradum
3516 4339 3870 4397 superarent.

2271 4424 2394 4480 Ideo
2437 4424 2705 4488 dicebant,
2744 4423 2867 4489 Quis
2918 4431 3078 4493 potest
3128 4439 3241 4475 eum
3284 4421 3501 4475 audire?
3530 4421 3696 4490 idque
3724 4419 3872 4475 fOILL'

2271 4516 2336 4570 ad
2381 4515 2460 4571 sui
2513 4516 2932 4579 excusationem,
2967 4514 3106 4586 quod
3163 4524 3340 4569 essent
3394 4515 3706 4568 discessuri.
3767 4515 3870 4568 Gl.

2272 4608 2450 4663 Sciens
2498 4617 2664 4662 autent
2702 4606 2853 4660 Iesus
2893 4606 3033 4674 apud
3067 4606 3382 4674 semetipsum
3407 4646 3421 4670 ,
3463 4605 3585 4674 quia
3627 4621 3872 4657 murmu-

2270 4699 2449 4752 rabant
2501 4698 2563 4751 de
2599 4699 2694 4751 ltoc
2740 4697 2974 4766 discipuli
3017 4697 3125 4765 ejus
3173 4696 3314 4765 (hoc
3361 4695 3502 4749 enim
3558 4695 3871 4749 divinitatis

2272 4789 2410 4843 illius
2435 4797 2566 4852 erat,
2600 4795 2803 4842 secreta
2836 4787 2886 4840 in
2915 4786 3145 4840 medium
3178 4784 3438 4854 proferre)
3467 4785 3663 4840 deinde
3681 4784 3826 4839 dicit
3853 4803 3866 4836 :

2274 4881 2387 4935 Hoc
2411 4898 2496 4935 vos
2519 4880 2869 4935 scandalizat?
2907 4878 2994 4949 52.
3029 4878 3091 4932 Si
3129 4895 3246 4949 ergo
3285 4878 3506 4931 videritis
3531 4875 3730 4929 Filium
3764 4877 3840 4930 ho
3861 4911 3872 4917 -

2273 4974 2419 5026 minis
2455 4973 2820 5036 ascendentem,
2876 4971 2959 5024 ubi
3004 4979 3110 5023 erat
3142 4971 3302 5039 prius.
3349 4969 3491 5023 Idem
3544 4967 3871 5024 Nathanacli

2271 5064 2404 5119 dixit
2433 5083 2444 5118 :
2482 5066 2613 5132 Quia
2643 5066 2750 5118 dixi
2776 5064 2884 5130 tibi,
2922 5063 3040 5117 Vidi
3083 5073 3130 5117 te
3159 5064 3250 5117 sub
3276 5064 3395 5132 ﬁcu,
3424 5062 3627 5116 credis?
3664 5063 3872 5127 maiorr

2273 5158 2349 5208 his
2373 5156 2556 5210 ridebis
2587 5157 2604 5223 (
2623 5155 2780 5211 Joau.
2812 5157 2857 5208 l.
2883 5157 2996 5226 50);
3026 5164 3080 5210 et
3103 5153 3416 5217 Nicodemo,
3449 5151 3615 5205 Nemo
3634 5154 3872 5205 ascendit

2271 5250 2322 5302 in
2355 5249 2551 5313 cadum,
2584 5249 2680 5303 nisi
2710 5248 2877 5303 Filius
2901 5249 3138 5315 hominis,
3171 5248 3256 5318 qui
3283 5256 3355 5300 est
3377 5247 3428 5298 in
3459 5245 3583 5299 (σξιο
3606 5245 3802 5315 (Joan.
3826 5246 3871 5298 5η

2275 5341 2385 5407 15).
2433 5341 2566 5408 Quid
2614 5340 2810 5410 igitur?
2853 5339 3194 5393 difficultates
3236 5335 3642 5391 difficultatibus
3680 5333 3872 5387 addit?

2272 5433 2502 5495 Minime,
2553 5432 2729 5497 absit;
2777 5431 2869 5486 sed
2915 5431 3173 5485 doetrina:
3221 5427 3588 5499 magnitudine
3625 5434 3686 5480 et
3715 5428 3872 5493 cana

2274 5523 2416 5592 ipsos
2465 5525 2682 5580 allicere
2721 5532 2966 5578 conatur.
3018 5522 3151 5576 Nam
3201 5521 3290 5590 qui
3343 5521 3572 5583 dixerat,
3618 5516 3699 5571 De
3749 5516 3872 5569 σατις

2275 5616 2541 5682 descendi,
2574 5617 2617 5670 si
2665 5615 2792 5670 nihil
2840 5615 3061 5670 ulterius
3085 5613 3396 5678 addidisset,
3431 5611 3605 5680 majus
3635 5609 3872 5663 offendi

2277 5710 2454 5766 culum
2479 5709 2756 5765 obtulisset
2783 5725 2794 5762 :
2823 5723 2941 5763 cum
2985 5721 3110 5762 vero
3141 5705 3284 5773 dicit,
3319 5703 3515 5772 Corpus
3558 5718 3734 5754 meum
3783 5704 3872 5754 riu:
