3984 6196
266 291 338 346 265
1154 281 1224 337 LV
1259 280 1574 340 'JO.\NNEM
1615 277 1794 336 "Olli!

1901 275 2097 332 XLVII.
2142 277 2211 332 al.
2256 276 2438 333 XLVI.

255 415 311 461 (st
329 399 518 461 mandi;
542 404 620 464 et,
648 395 796 452 Sicut
817 395 955 449 misit
986 393 1249 449 meuivens
1276 392 1452 459 Pater,
1487 401 1536 447 et
1562 406 1652 460 ego
1679 389 1786 443 vivo

250 503 420 565 propter
447 489 689 552 Patrem;
729 495 806 552 cl,
839 488 902 540 de
943 486 1066 540 carlo
1096 483 1351 547 descendi,
1383 483 1472 538 ille
1499 481 1786 536 difﬁculta-

248 596 330 641 tem
354 582 516 637 solvit.
547 580 646 648 Qui
677 579 820 634 enim
849 577 1048 648 aliquid
1077 591 1326 647 magnum
1351 575 1420 630 de
1441 589 1500 629 se
1526 572 1784 642 loquitur,

244 684 484 746 suspectus
527 673 630 726 erit
660 669 926 726 mendacii
952 683 967 733 ;
997 667 1087 738 qui
1127 681 1259 723 vero
1289 666 1410 720 talia
1438 664 1631 719 deinde
1656 662 1786 716 sub-

241 767 319 831 dit,
364 779 565 819 omnem
610 762 750 816 tollit
790 759 1170 830 suSpicionem.
1200 757 1339 810 Nihil
1386 770 1512 810 vero
1539 770 1642 808 non
1681 753 1790 823 agit

240 874 290 913 ac
314 857 446 921 dicit,
475 871 542 910 ne
572 862 757 926 putent
782 867 904 906 eum
930 848 1285 918 esseJosephi
1314 847 1501 901 lilium.
1524 845 1637 900 Non
1661 859 1789 914 ergo

237 953 334 1006 hate
379 950 522 1014 dixit,
582 957 642 1001 ut
693 943 1002 1000 scandalum
1052 948 1291 1011 augeret,
1337 939 1428 994 sed
1459 947 1515 992 ut
1557 937 1784 991 tolleret.

238 1039 452 1109 Quisquis
477 1037 622 1093 enim
653 1051 774 1091 eum
803 1033 969 1088 lilium
994 1031 1211 1101 Joseplii
1235 1038 1490 1100 putasset,
1513 1028 1652 1082 dicta
1680 1041 1788 1080 non

236 1132 501 1202 accepisset
536 1147 549 1183 :
577 1129 668 1200 qui
714 1141 842 1182 vero
871 1137 1160 1195 persuasus
1184 1131 1328 1178 esset
1364 1122 1534 1189 ipsum
1564 1119 1629 1174 de
1654 1118 1789 1176 caelo

237 1221 568 1286 descendisse,
597 1229 651 1275 et
669 1232 740 1274 eo
763 1230 1111 1271 ascensu-rum
1133 1227 1252 1268 esse
1274 1213 1479 1266 facilius
1504 1208 1786 1264 libentius-

235 1331 322 1386 que
363 1313 513 1369 dictis
556 1307 897 1365 attendisset.
937 1304 1048 1361 Sub
1077 1303 1372 1359 htecaliam
1400 1301 1620 1356 adduxit
1642 1301 1788 1355 solu-

238 1411 407 1463 tionem
434 1424 446 1460 :
478 1404 574 1460 63.
607 1402 838 1472 Spiritus
856 1408 946 1465 est,
972 1398 1161 1468 inquit,
1183 1397 1271 1468 qui
1288 1397 1524 1464 viviﬁcat,
1550 1410 1669 1448 caro
1690 1411 1791 1448 non

237 1499 408 1568 prodest
451 1496 776 1567 quidquam:
804 1493 908 1546 hoc
958 1499 1059 1555 est,
1107 1488 1238 1557 Quae
1285 1487 1354 1544 de
1404 1503 1488 1542 me
1516 1487 1787 1552 dicuntur,

235 1588 550 1659 spiritualiter
571 1594 696 1641 sunt
723 1582 1030 1653 accipienda
1056 1599 1069 1635 :
1103 1597 1224 1636 nam
1255 1581 1344 1651 qui
1374 1580 1660 1634 carnaliter
1695 1594 1792 1632 au-

235 1681 314 1746 dit,
339 1679 456 1734 nihil
487 1679 744 1741 lucratur,
795 1673 924 1729 nihil
954 1671 1183 1744 prolicit.
1215 1670 1443 1726 Carnale
1490 1678 1608 1725 erat
1631 1669 1789 1723 dubi-

235 1784 329 1827 tare
352 1768 614 1842 quomodo
639 1769 708 1823 de
733 1766 864 1821 caelo
884 1763 1268 1829 descendisset,
1289 1772 1590 1832 putareque
1617 1761 1790 1830 ipsum

233 1879 334 1918 esse
373 1864 532 1917 lilium
581 1859 838 1928 Iosephi;
885 1872 1092 1913 necnon
1140 1855 1289 1920 illud,
1339 1853 1602 1920 Quomodo
1630 1861 1791 1923 potest

234 1955 357 2010 nobis
374 1969 571 2008 carnem
596 1968 742 2006 suam
763 1950 887 2003 dare
905 1949 972 2001 ad
995 1945 1444 2001 manducandum?
1467 1944 1593 2000 lianc
1613 1944 1790 1998 omnia

232 2047 472 2111 carnalia;
503 2059 625 2114 qua:
651 2040 935 2112 Oportebat
975 2039 1200 2110 mystice
1242 2048 1296 2093 et
1331 2037 1678 2107 spiritualiter
1705 2037 1784 2092 in-

233 2139 467 2208 telligere.
501 2136 572 2191 Et
619 2133 892 2206 quomodo
923 2141 1190 2202 poterant,
1217 2131 1444 2200 implies,
1494 2130 1793 2199 intelligere

234 2228 343 2299 quid
367 2238 502 2284 esset
526 2242 744 2283 carnem
765 2223 1088 2280 comedere?
1114 2221 1407 2292 Oportebat
1425 2230 1572 2276 certe
1598 2236 1795 2291 Oppor-

234 2330 404 2372 tunum
432 2328 637 2385 tempus
682 2324 993 2385 exSpectare
1013 2322 1074 2369 et
1128 2312 1485 2382 interrogare,
1517 2325 1616 2365 nec
1651 2310 1795 2365 desi-

237 2420 388 2464 stere.
420 2408 584 2463 Verba
628 2424 734 2477 quae
778 2424 871 2478 ego
914 2405 1147 2475 loquutus
1173 2421 1284 2456 sum
1328 2403 1485 2468 vobis,
1515 2402 1723 2470 spiritus
1748 2411 1794 2456 et

236 2503 329 2556 rita
353 2510 498 2564 sum;
524 2499 574 2554 id
606 2508 702 2565 est,
731 2498 911 2553 divina
941 2507 990 2551 et
1019 2495 1310 2566 spiritualia
1342 2504 1488 2559 sunt,
1537 2492 1668 2548 nihil
1695 2495 1794 2546 ha-

233 2593 348 2647 bent
391 2592 619 2658 carnale,
673 2606 772 2646 nec
825 2588 1124 2644 naturalem
1177 2586 1652 2657 consequentiam;
1699 2585 1793 2640 sed

232 2687 359 2740 omni
405 2685 708 2756 hujusmodi
745 2685 1090 2748 necessitate,
1142 2691 1197 2737 et
1240 2680 1396 2751 hujus
1441 2681 1562 2733 vita:
1594 2679 1796 2748 legibus

235 2777 381 2831 libera
410 2786 554 2838 sunt,
586 2776 856 2845 alitunque
906 2784 959 2830 et
1008 2773 1275 2828 diversum
1314 2785 1536 2826 sensum
1576 2769 1793 2825 habent.

233 2865 363 2921 Sicut
388 2884 512 2937 ergo
539 2866 646 2921 hoc
671 2866 789 2921 loco
833 2864 1077 2935 spiritum
1117 2878 1215 2933 pro
1249 2862 1616 2933 spiritualibus
1639 2862 1793 2926 dixit,

232 2960 297 3013 sic
321 2974 432 3012 cum
453 2973 674 3013 carnem
703 2957 850 3023 dicit,
871 2972 974 3010 non
1001 2956 1232 3010 carnalia
1264 2955 1536 3024 intelligit;
1562 2953 1654 3009 sed
1679 2968 1796 3007 car-

232 3050 402 3104 naliter
436 3065 534 3106 eos
578 3050 764 3104 audire
810 3047 1134 3112 subindicat,
1181 3047 1271 3117 qui
1317 3059 1533 3114 semper
1559 3045 1798 3098 carnalia

229 3141 514 3209 cupiebant,
561 3154 682 3194 eum
732 3139 1058 3209 oportuisset
1099 3137 1392 3207 spiritualia
1436 3145 1709 3207 appetere.
1741 3136 1798 3192 Si

229 3231 330 3298 quis
353 3233 490 3286 enim
520 3232 624 3285 hoc
653 3231 938 3285 carnaliter
960 3231 1206 3300 accipiat,
1231 3230 1360 3284 nihil
1385 3230 1638 3284 lllCl‘allll'.
1661 3228 1796 3297 Quid

226 3322 369 3389 ergo?
394 3337 458 3375 an
486 3337 624 3377 caro
653 3321 769 3391 ejus
795 3336 898 3376 non
924 3329 1006 3376 est
1025 3321 1190 3376 caro?
1217 3320 1308 3374 Est
1331 3329 1496 3375 certe.
1520 3319 1798 3387 Quomodo

225 3427 340 3480 ergo
363 3414 516 3479 dixit,
553 3412 684 3467 Caro
715 3430 812 3467 non
841 3413 1044 3482 prodest
1069 3412 1346 3484 quidquam
1364 3411 1390 3464 ?
1413 3410 1528 3466 Non
1555 3411 1622 3465 de
1637 3425 1799 3466 carne

223 3517 306 3558 sua
333 3506 606 3577 intelligit,
658 3505 834 3567 absit;
879 3505 973 3561 sed
1016 3504 1083 3559 de
1108 3505 1174 3558 iis
1200 3505 1289 3574 qui
1332 3503 1470 3559 dicta
1515 3503 1800 3559 carnaliter

225 3601 540 3666 accipereut.
594 3597 731 3666 Quid
775 3607 858 3654 est
904 3608 1084 3653 autem
1131 3599 1422 3653 carnaliter
1462 3597 1800 3669 intelligere?

222 3688 477 3758 Proposita
543 3689 858 3759 simpliciter
887 3690 1202 3760 intelligere,
1237 3706 1408 3760 neque
1460 3691 1598 3745 ultra
1641 3690 1798 3761 quid-

224 3784 346 3850 piam
397 3785 737 3854 excogitare.
791 3783 900 3838 lloc
948 3791 1032 3839 est
1084 3783 1371 3838 carnaliter
1421 3783 1621 3839 videre.
1681 3783 1797 3838 Non

219 3886 409 3942 oportet
435 3888 630 3932 autem
654 3876 720 3930 de
753 3875 815 3930 iis
844 3889 964 3946 qua:
991 3874 1237 3930 videntur
1266 3876 1336 3929 ita
1355 3874 1612 3944 judicium
1635 3873 1797 3941 ferre,

219 3966 301 4018 sed
344 3970 532 4021 omnia
591 3967 843 4038 mysteria
885 3966 1231 4022 interioribus
1259 3965 1429 4021 oculis
1471 3966 1796 4036 perspicere,

218 4054 264 4108 id
286 4066 385 4122 est,
414 4058 799 4127 Spiritualiter.
831 4059 908 4110 An
939 4057 984 4112 is
1013 4058 1100 4128 qui
1127 4072 1234 4111 non
1263 4058 1550 4113 mandueat
1581 4073 1798 4114 carnem

217 4147 339 4216 ejus,
370 4166 470 4205 nec
498 4150 645 4205 bibit
687 4149 803 4220 ejus
844 4150 1178 4221 sanguinem,
1210 4167 1315 4205 non
1346 4150 1511 4206 habet
1553 4153 1714 4206 vitam
1747 4152 1798 4206 in

214 4241 495 4312 semetipso
530 4259 553 4296 :
579 4239 849 4310 quomodo
897 4257 1025 4313 ergo
1070 4257 1197 4297 caro
1247 4258 1352 4298 non
1387 4244 1601 4312 prodest
1642 4243 1798 4313 quid-

214 4343 380 4397 quam,
409 4334 538 4388 sine
568 4347 670 4401 qua
695 4347 799 4386 non
833 4347 1112 4402 possumus
1141 4333 1360 4388 vivere?
1391 4333 1504 4388 Non
1532 4333 1600 4389 de
1637 4349 1800 4390 carne

216 4418 366 4488 ipsius
395 4426 502 4478 hoc
529 4422 736 4478 dictum
760 4439 880 4478 esse
910 4425 1077 4490 vides,
1106 4425 1198 4479 sed
1229 4425 1296 4478 de
1323 4425 1520 4478 carnali
1551 4424 1798 4482 audiendi

212 4514 378 4566 nudi.
411 4517 505 4570 64.
551 4514 659 4568 Sed
680 4526 796 4568 sunt
822 4515 1027 4586 quidam
1067 4532 1129 4568 ex
1153 4515 1286 4568 vobis
1315 4516 1401 4585 qui
1430 4533 1528 4568 non
1565 4516 1796 4569 credunt.

212 4603 431 4656 ltursum
485 4620 594 4674 pro
635 4620 784 4658 more
809 4619 907 4658 suo
937 4605 1244 4675 dignitatem
1277 4605 1450 4658 verbis
1475 4605 1675 4672 adjicit,
1715 4605 1799 4660 fu-

210 4701 423 4762 turaque
448 4691 702 4762 praedicit
729 4705 786 4748 et
811 4694 1062 4761 ostendit,
1094 4709 1154 4749 se
1177 4709 1284 4747 non
1329 4701 1387 4746 ut
1410 4693 1634 4762 gloriam
1660 4694 1798 4764 apud

206 4775 322 4834 [llus
355 4790 635 4848 captaret,
677 4780 770 4836 sed
816 4782 957 4851 quod
1003 4796 1188 4837 eorum
1232 4782 1393 4838 saluti
1447 4789 1802 4856 prospiceret,

205 4863 300 4922 hoc
319 4871 536 4925 direre.
561 4874 698 4923 tium
720 4870 853 4924 dicit
873 4881 1077 4936 autem,
1099 4870 1345 4936 Quidam,
1371 4873 1662 4940 discipulos
1684 4874 1802 4924 sub-

205 4959 368 5012 duxit.
400 4961 570 5015 Initio
620 4977 851 5029 namque
896 4962 1130 5026 dixerat,
1167 4960 1233 5013 Et
1263 4962 1459 5015 uidistis
1487 4977 1588 5026 me,
1611 4973 1656 5014 ct
1700 4978 1804 5016 non

198 5050 490 5105 credidistis
524 5053 683 5114 mihi;
713 5053 798 5106 hic
849 5067 994 5116 vero,
1031 5051 1166 5107 Sunt
1194 5051 1406 5120 quidam
1433 5067 1496 5105 ex
1541 5053 1678 5107 vobis
1716 5052 1805 5122 qui

198 5154 296 5192 κο·
324 5148 575 5196 (πάνυ.
607 5144 814 5198 Sciebat
836 5144 971 5196 enim
997 5144 1059 5196 ab
1088 5144 1259 5206 initia,
1286 5143 1495 5210 quinam
1524 5155 1687 5197 essent
1714 5145 1802 5214 qui

194 5251 292 5285 ιοη
322 5237 621 5299 crederent,
647 5248 694 5290 et
721 5240 837 5307 quis
862 5238 1146 5290 traditurus
1169 5247 1295 5290 esset
1322 5253 1457 5290 eum.
1490 5237 1589 5290 hii.
1615 5235 1680 5290 Et
1715 5240 1770 5290 di
1780 5268 1797 5278 -

193 5329 356 5388 abut,
393 5327 538 5381 Ideo
574 5330 680 5383 dixi
709 5331 873 5396 vobis,
903 5329 1069 5384 Nemo
1101 5341 1264 5398 potest
1293 5330 1463 5384 venire
1483 5331 1551 5383 ad
1580 5347 1674 5391 me,
1699 5330 1796 5384 nisi

195 5425 347 5485 juer‘t
393 5424 448 5474 ei
493 5422 672 5474 datum
724 5424 942 5492 desuper
979 5439 1011 5476 α
1052 5422 1211 5477 Patre
1255 5440 1386 5478 meo.
1434 5424 1795 5494 Spontaneam

190 5513 307 5576 ejus
333 5514 708 5568 monomiam
741 5513 826 5570 hic
853 5515 1179 5582 evangelista
1210 5515 1512 5570 subindicat
1531 5556 1546 5581 ,
1571 5515 1796 5586 ejnsipte

189 5603 546 5671 ιυιὶριειίιιη.
577 5604 613 5660 ll
638 5607 836 5677 uilque,
870 5609 941 5661 Ab
983 5609 1151 5674 initio,
1185 5623 1294 5662 non
1344 5609 1460 5663 sine
1506 5622 1666 5662 ean~a
1711 5608 1798 5664 hic

187 5708 449 5764 μυλίας
497 5699 594 5753 sed
625 5711 677 5757 nt
708 5701 825 5770 ejus
874 5703 1266 5774 prwscientiam
1315 5702 1603 5774 intelligas,
1638 5711 1797 5774 atque

3368 284 3474 341 266

1896 387 2068 457 ipsum
2097 389 2364 445 antelucc
2400 389 2581 457 verba,
2627 407 2800 463 neque
2846 405 3124 468 postquam
3170 397 3242 454 illi
3287 403 3474 461 ofl‘eiisi

1896 491 2384 546 murmuraverant,
2432 481 2756 551 proditorem
2785 487 3032 552 novisse;
3080 488 3130 542 id
3170 490 3311 560 quod
3341 493 3479 546 divi-

1894 569 2074 623 nitatis
2102 580 2236 624 erat.
2268 571 2468 626 Deinde
2491 573 2691 642 adjicit,
2723 574 2840 629 Nisi
2869 578 3018 648 fuerit
3046 579 3090 632 ei
3117 581 3296 636 datum
3322 583 3471 638 desii-

1893 677 1984 730 per
2012 678 2043 712 α
2073 659 2232 716 Putre
2259 680 2387 727 meo,
2419 665 2650 720 suadens
2678 667 2756 722 eis
2783 680 2839 722 ut
2883 669 3090 725 Patrem
3124 688 3278 728 suum
3321 689 3476 746 puta-

1894 760 2014 804 rent
2058 753 2247 820 Deum,
2288 770 2392 809 non
2439 755 2753 826 Joscphum,
2800 770 2850 814 et
2897 763 3187 818 ostendens
3217 781 3328 820 rem
3371 784 3475 822 non

1893 855 2012 896 esse
2059 845 2351 912 vulgarem,
2399 846 2449 899 in
2493 861 2615 901 eum
2645 849 2866 906 credere
2897 870 2912 906 :
2945 868 3009 907 ac
3035 856 3079 908 si
3103 854 3327 921 diceret,
3363 859 3476 915 Non

1897 931 2132 997 turbant,
2163 948 2267 987 non
2299 933 2727 1004 ohstupeliiciuut
2766 955 2870 1006 me,
2917 943 3005 1011 qui
3053 960 3158 1000 non
3201 947 3472 1006 credunt:

1895 1020 1999 1076 hoc
2020 1022 2130 1090 jam
2158 1023 2286 1078 olim
2309 1025 2436 1080 novi
2459 1036 2743 1099 antequam
2776 1031 2928 1086 fieret
2956 1050 2971 1086 :
3001 1036 3122 1089 novi
3156 1037 3476 1107 quibusnam

1894 1111 2052 1166 Pater
2076 1112 2302 1168 dederit.

1963 1203 2018 1257 5.
2059 1203 2192 1259 Cum
2233 1206 2358 1260 illud
2389 1207 2560 1276 audis,
2598 1210 2765 1275 Dedit,
2806 1229 2872 1268 ne
2921 1224 3074 1283 putes
3106 1233 3228 1274 esse
3272 1232 3473 1278 sortem

1895 1297 2214 1366 quamdam;
2243 1299 2334 1352 sed
2362 1301 2520 1354 crede
2549 1317 2672 1356 eum
2696 1305 2786 1374 qui
2823 1321 2882 1360 se
2908 1307 3124 1376 dignum
3169 1311 3474 1379 praebuerit,

1897 1386 1948 1440 id
1976 1389 2238 1458 accipere.
2265 1390 2351 1444 06.
2389 1391 2468 1446 Ea:
2493 1393 2586 1446 hoc
2612 1397 2757 1449 multi
2795 1399 3160 1464 discipulorum
3190 1403 3300 1474 ejus
3338 1405 3478 1458 abie-

1893 1487 2012 1531 runt
2059 1489 2211 1545 retro,
2265 1490 2310 1534 et
2344 1482 2458 1550 jam
2503 1499 2602 1537 nou
2647 1501 2759 1539 cum
2807 1488 2898 1541 illo
2935 1489 3278 1547 ambulabant.
3316 1494 3479 1550 liecte

1894 1571 2217 1641 evangelista
2245 1588 2349 1626 non
2380 1575 2533 1640 dixit,
2559 1576 2938 1642 necasset-unt,
2980 1583 3092 1646 sed,
3125 1583 3367 1637 Abierant
3392 1603 3476 1640 re.

1894 1669 1992 1727 tre,
2037 1664 2326 1719 ostendens
2370 1681 2399 1720 a
2447 1668 2658 1722 virtutis
2705 1670 2944 1738 profectu
2989 1674 3218 1743 excisos,
3267 1685 3322 1732 et
3360 1693 3479 1734 eam

1895 1769 2052 1824 quam
2102 1757 2228 1810 olim
2280 1757 2576 1814 habuerant
2621 1762 2778 1816 fidem
2829 1765 3146 1833 perdidisse.
3191 1785 3313 1824 cum
3359 1785 3480 1827 sese

1894 1845 2292 1902 abscinderent.
2323 1848 2517 1904 Verum
2563 1851 2844 1908 duodecim
2893 1855 2964 1909 illi
3009 1872 3114 1912 non
3157 1858 3304 1915 item.
3335 1862 3477 1929 Qua-

1900 1948 2117 2005 propter
2144 1939 2275 1993 dixit
2328 1941 2453 2005 illis,
2503 1943 2589 1997 (i7.
2623 1942 2884 2013 Numquid
2907 1957 2953 1999 et
2983 1963 3066 2002 vos
3112 1950 3262 2005 uultis
3302 1953 3484 2008 abire!

1895 2028 2185 2084 ostendens
2233 2047 2292 2086 se
2341 2032 2546 2087 illorum
2575 2036 2872 2091 ministerio
2901 2047 2956 2092 et
2997 2040 3140 2095 cultu
3169 2057 3272 2098 non
3299 2059 3478 2114 egere,

1897 2134 2070 2189 neque
2115 2121 2234 2175 ideo
2280 2121 2400 2176 illos
2444 2126 2864 2182 circumducere.
2897 2128 3175 2196 Quomodo
3209 2134 3350 2188 enim
3380 2135 3483 2191 ills

1898 2225 2033 2280 opus
2059 2211 2262 2267 habere
2290 2215 2460 2283 potuit
2488 2215 2577 2285 qui
2617 2215 2732 2272 ha'c
2775 2219 2946 2273 dixit?
2972 2221 3078 2274 Cur
3101 2237 3196 2276 eos
3237 2240 3341 2279 non
3372 2226 3485 2280 lau-

1898 2301 2074 2357 davit?
2102 2320 2197 2358 cur
2226 2321 2330 2359 non
2366 2309 2712 2375 ριἰυύιοεινίιῖ
2741 2310 2938 2377 l‘rimo,
2966 2320 3022 2365 ut
3050 2314 3287 2384 magistri
3313 2318 3485 2388 digni-

1898 2403 2059 2449 tatem
2085 2408 2346 2464 servaret,
2395 2409 2554 2468 atque
2599 2409 2656 2453 ut
2698 2401 3028 2469 ostenderet,
3059 2405 3139 2460 sic
3185 2406 3309 2461 illos
3347 2410 3482 2464 trahi

1897 2489 2220 2558 oportuisse.
2250 2489 2381 2543 Nam
2409 2491 2452 2543 si
2487 2491 2774 2558 laudasset,
2809 2505 3053 2562 putantes
3079 2511 3137 2552 se
3158 2500 3380 2567 gratiam
3409 2502 3483 2556 illi

1901 2580 2233 2647 pra-stitisse,
2281 2581 2481 2649 aliquid
2527 2583 2814 2638 humanum
2864 2589 3005 2655 passi
3057 2587 3328 2646 fuissent:
3361 2608 3481 2647 cum

1899 2680 2076 2726 autem
2107 2672 2337 2726 ostendit
2366 2687 2424 2728 se
2447 2673 2657 2728 illorum
2688 2692 2793 2730 non
2821 2693 2983 2747 egere
3011 2686 3286 2744 eomltatu,
3318 2685 3486 2752 magis

1899 2777 1993 2816 eos
2035 2764 2319 2817 continuit.
2372 2764 2433 2818 lit
2480 2767 2845 2823 animadverte
2887 2787 3046 2839 quam
3098 2773 3488 2842 prndenterlu-

1899 2864 2112 2924 quatur.
2146 2856 2262 2912 Non
2283 2857 2434 2921 dixit,
2469 2859 2662 2915 Abite:
2695 2860 2746 2914 id
2777 2862 2918 2918 enim
2945 2865 3251 2934 repellentis
3279 2867 3483 2935 fui~set;

1899 2947 1992 3001 sed
2023 2949 2333 3020 interrogat,
2365 2950 2502 3005 Num
2531 2962 2576 3006 et
2600 2967 2688 3008 uos
2714 2956 2862 3010 uultis
2885 2957 3064 3012 abire?
3090 2959 3240 3028 Quod
3271 2977 3484 3017 omnem

1899 3042 2175 3098 auferebat
2203 3047 2305 3099 vim
2337 3055 2390 3101 et
2415 3049 2816 3114 necessitatem,
2847 3066 2914 3104 ne
2943 3051 3144 3120 pudore
3179 3054 3484 3110 detineren-

1903 3141 2007 3195 tur,
2039 3134 2134 3188 sed
2163 3142 2217 3187 et
2258 3137 2481 3204 gratiam
2521 3135 2799 3192 haberent.
2849 3139 2983 3193 Cum
3013 3149 3189 3195 autem
3231 3142 3349 3198 illos
3379 3162 3485 3200 non

1904 3225 2078 3295 palam
2107 3227 2396 3289 accusavit,
2429 3226 2521 3282 sed
2571 3228 2812 3284 modeste
2859 3231 3051 3300 tetigit.
3093 3234 3327 3288 ostendit
3353 3252 3487 3306 quo-

1902 3319 2064 3374 tnodo
2092 3329 2336 3390 Oporteat
2365 3321 2415 3374 in
2443 3321 2706 3375 similibus
2751 3322 3135 3392 philosiiphari.
3178 3325 3284 3381 Nos
3303 3338 3483 3384 autem

1897 3411 2018 3483 jure
2039 3415 2306 3467 contraria
2335 3413 2585 3484 patimur,
2617 3415 2740 3484 quia
2759 3419 2939 3469 omnia
2954 3416 3140 3485 gloria:
3166 3435 3324 3473 causa
3356 3420 3484 3477 faci-

1902 3519 2039 3570 mus,
2090 3503 2316 3574 ideoque
2360 3521 2426 3559 ex
2474 3505 2791 3560 famulorum
2851 3523 3064 3564 recessu
3113 3521 3292 3567 nostra
3322 3515 3485 3572 minui

1904 3605 2170 3666 putamus.
2223 3596 2312 3652 Sic
2368 3613 2529 3668 porro
2578 3613 2676 3654 nec
2719 3600 2964 3656 adulatus
3005 3613 3108 3666 est,
3142 3620 3242 3660 nee
3268 3608 3481 3676 repulit,

1903 3687 1998 3742 sed
2043 3687 2411 3758 interrogavit.
2440 3688 2555 3744 Non
2597 3705 2726 3759 ergo
2751 3695 3054 3761 spernentis
3100 3695 3199 3750 hoc
3225 3709 3359 3763 erat,
3392 3701 3484 3756 sed

1903 3779 2135 3834 nolentis
2160 3795 2255 3834 eos
2292 3781 2342 3834 vi
2365 3789 2420 3836 et
2445 3783 2763 3838 necessitate
2793 3784 3072 3850 detinere;
3105 3805 3226 3843 nam
3271 3791 3338 3846 ita
3369 3810 3486 3849 ma-

1903 3885 2054 3937 nere,
2104 3871 2244 3928 idem
2295 3873 2484 3929 fuisset
2531 3885 2691 3941 atque
2716 3877 2885 3932 abire.
2933 3879 3070 3946 Quid
3107 3896 3235 3950 ergo
3263 3884 3489 3944 Petrus?

1904 3961 1993 4018 68.
2027 3963 2108 4016 Ad
2134 3981 2278 4035 quem
2321 3965 2543 4019 ibimus?
2604 3965 2762 4019 Verba
2811 3969 2924 4022 uiue
2963 3981 3168 4024 (clerate
3190 3973 3360 4028 habes.
3394 3979 3486 4035 69.

1903 4055 1970 4109 Et
2015 4073 2106 4110 nos
2147 4057 2454 4110 credidimus
2500 4067 2546 4109 et
2587 4045 2928 4127 cognorimus,
2959 4061 3078 4128 quia
3099 4069 3150 4113 tu
3179 4078 3231 4116 es
3260 4063 3488 4121 Christus

1903 4144 2072 4200 Filius
2104 4146 2199 4199 Dei
2246 4148 2358 4200 viri.
2395 4147 2582 4201 Viden’
2609 4165 2713 4202 non
2740 4149 2898 4204 verba
2941 4149 3289 4208 oﬂ‘ensionem
3323 4172 3486 4226 pepe-

1903 4238 2060 4302 risse,
2085 4237 2178 4292 sed
2202 4237 2522 4302 socordiam,
2568 4238 2851 4304 desidiam,
2883 4251 2937 4296 et
2974 4243 3367 4312 improbitatem
3390 4263 3486 4301 au-

1903 4327 2172 4382 ditorum?
2195 4327 2322 4381 Nam
2353 4328 2559 4382 etiamsi
2595 4328 2695 4382 hoc
2722 4345 2825 4382 non
2868 4330 3110 4398 dixisset,
3142 4333 3486 4393 nihilominus

1903 4419 2090 4474 offensi
2120 4418 2363 4484 fuissent,
2381 4436 2476 4472 nec
2504 4419 2852 4486 destitissent,
2868 4421 3044 4476 cilium
3062 4437 3276 4493 semper
3296 4441 3488 4496 carpo.

1904 4526 2054 4565 reum
2081 4521 2349 4575 curantes,
2377 4524 2439 4564 ac
2467 4520 2622 4564 terrm
2649 4510 2813 4564 afﬁxi.
2844 4512 3090 4582 Alioquin
3107 4523 3284 4568 autem
3310 4517 3361 4570 hi
3382 4534 3484 4573 una

1903 4617 2022 4656 cum
2053 4601 2154 4655 illis
2176 4602 2479 4665 audierunt,
2503 4599 2596 4654 sed
2626 4602 2897 4656 contrarie
2920 4603 3092 4658 allecti
3139 4604 3297 4660 modo
3331 4605 3488 4661 dixe-

1905 4702 2050 4758 runt,
2079 4693 2158 4745 Ad
2184 4709 2329 4762 quem
2357 4691 2584 4748 ibimus!
2609 4691 2844 4750 Verbum
2886 4696 3061 4765 magni
3089 4695 3312 4752 allectus
3349 4698 3492 4753 indi-

1908 4779 2075 4833 cium.
2108 4780 2388 4848 Significat
2415 4800 2558 4837 ειιιιιι
2605 4785 2912 4856 Magistrum
2951 4791 3050 4842 sihi
3099 4793 3348 4847 omntbus
3375 4808 3498 4849 esse

1909 4871 2199 4936 cariorem,
2246 4876 2506 4941 patrihus,
2561 4880 2840 4944 matribus,
2890 4883 3248 4950 facultatibus,
3291 4901 3494 4956 eosque

1909 4961 2000 5029 qui
2031 4963 2100 5017 ab
2131 4964 2250 5034 ipso
2277 4964 2583 5032 discedunt,
2617 4985 2720 5024 non
2763 4971 2960 5027 habere
2987 4990 3092 5041 quo
3121 4991 3181 5031 se
3210 4977 3492 5047 recipiant.

1911 5049 2113 5109 Deinde
2163 5069 2231 5111 ne
2282 5057 2446 5112 videri
2467 5067 2552 5114 tur
2599 5059 2764 5127 illul,
2806 5064 2885 5116 Ad
2932 5080 3078 5134 quem
3123 5067 3346 5123 ibimus?
3375 5069 3494 5122 ideo

1910 5143 2130 5211 dixisse,
2160 5149 2303 5218 quod
2327 5165 2432 5205 non
2464 5161 2646 5207 essent
2674 5155 2764 5224 qui
2795 5157 2942 5224 ipsos
2968 5159 3288 5228 reciperent,
3311 5170 3419 5216 stat
3442 5177 3492 5216 in

1901 5239 2105 5307 adjicit,
2135 5240 2299 5297 Verba
2329 5244 2442 5298 vita:
2464 5256 2667 5302 interna:
2690 5251 2866 5307 habes.
2893 5253 2994 5308 Alii
3021 5255 3162 5308 enim
3200 5256 3486 5312 carnaliter

1903 5342 1956 5386 et
1986 5331 2213 5389 humana
2248 5345 2427 5392 mente
2457 5341 2775 5407 audiebant;
2811 5342 2862 5397 hi
2892 5360 3018 5400 vero
3042 5346 3413 5415 spiritualiter,
3436 5359 3491 5405 et

1905 5422 2024 5478 ﬁdei
2045 5435 2212 5480 totum
2231 5431 2650 5488 committentes.
2666 5433 2788 5489 ldeo
2801 5435 3045 5492 Christus
3057 5439 3269 5495 dicebat
3289 5458 3302 5495 :
3324 5439 3490 5495 Verba

1903 5536 2017 5588 qua:
2046 5521 2282 5590 loquutus
2311 5539 2424 5578 sum
2452 5526 2624 5594 vobis,
2653 5530 2865 5601 spiritus
2894 5543 3048 5596 sunt;
3079 5533 3130 5589 id
3161 5544 3264 5601 est,
3295 5534 3371 5590 Ne
3399 5550 3491 5588 su-

1903 5612 2128 5680 spiceris
2169 5613 2468 5672 doctrinam
2515 5634 2712 5688 meam,
2757 5637 2935 5679 rerum
2983 5625 3382 5696 consequentiae
3425 5640 3490 5681 ae

1903 5701 2209 5761 necessitati
2232 5705 2532 5778 subjaeere.
2556 5711 2670 5772 Non
2703 5713 3006 5788 hujusmodi
3033 5730 3157 5776 sunt
3185 5717 3490 5788 spiritualta
