3984 6196
577 299 677 356 237

583 430 676 470 nec
701 414 932 468 terrenis
962 409 1168 480 legibus
1193 409 1346 463 subdi
1388 411 1680 479 patiuntur.
1711 409 1764 463 ld
1795 409 1988 462 Paulus
2022 421 2153 476 quo-

571 521 678 578 que
705 505 941 560 declarat
970 503 1052 557 his
1085 502 1262 556 verbis
1289 519 1305 558 :
1341 503 1421 556 Ne
1449 504 1589 555 diras
1632 505 1683 557 iu
1709 502 1861 556 corde
1894 514 1997 564 tuo,
2035 501 2160 563 Quis

573 597 809 651 ascendet
858 597 910 647 in
953 593 1174 647 eiciunt?
1221 595 1316 645 hoc
1345 602 1436 657 est,
1465 591 1720 646 Christum
1761 592 2040 655 deducere;
2071 597 2159 642 aut

574 689 687 757 quis
712 685 975 738 descendet
1001 686 1054 736 iu
1081 683 1355 752 abyssum?
1397 684 1490 735 hoc
1518 692 1610 746 est,
1647 682 1903 734 Christum
1930 697 1992 734 ea:
2019 695 2158 734 mor-

575 779 674 830 tuis
695 791 926 830 revocare
949 775 1121 844 (Rom.
1147 775 1232 828 10.
1269 773 1322 827 6.
1343 774 1423 840 Ἰ).
1454 771 1613 825 Verba
1640 773 1964 825 vitwwterme
1984 771 2152 826 habes.

572 869 689 922 lam
743 867 795 921 bi
845 867 1293 921 resurrectionem
1323 873 1674 932 acceperant,
1717 871 1771 916 et
1813 871 1977 915 totam
2013 861 2156 914 illam

572 971 795 1013 sortem.
842 959 994 1022 Vide,
1044 972 1249 1026 (IIRBSO,
1304 956 1524 1009 fratrum
1555 964 1841 1016 amantem,
1890 953 2157 1022 quomodo

576 1052 735 1104 totius
762 1062 933 1105 catus
954 1063 1169 1102 causam
1197 1057 1320 1116 agat
1349 1064 1363 1100 :
1394 1061 1498 1100 non
1526 1047 1660 1099 dixit
1700 1046 1863 1108 enim,
1895 1044 2153 1114 Cognovi,

574 1142 688 1207 Sed,
719 1140 1095 1209 Cognovimns:
1127 1139 1232 1192 imo
1277 1139 1454 1207 potius
1499 1137 1865 1191 animadverte
1887 1137 2156 1206 quomodo

573 1232 637 1285 ad
668 1236 778 1302 ipsa
806 1231 1038 1298 Magistri
1069 1229 1228 1283 verba
1255 1229 1493 1292 accedat,
1519 1243 1624 1282 non
1645 1228 1828 1281 eadem
1851 1244 1968 1297 quae
1987 1227 2156 1282 Jttdtei

575 1322 816 1391 loquens.
851 1320 928 1373 llli
953 1321 1094 1374 enim
1121 1319 1390 1380 dicebant,
1419 1317 1520 1371 Hic
1548 1328 1619 1372 est
1649 1319 1786 1387 ﬁlius
1813 1316 2042 1389 Ioseph;
2071 1317 2158 1374 hic

572 1423 772 1476 autem,
800 1412 879 1465 Tu
909 1429 962 1466 es
983 1412 1212 1465 Christus
1241 1409 1388 1464 Flius
1419 1409 1516 1463 Dei
1557 1412 1687 1474 vivi;
1718 1419 1790 1475 et,
1849 1409 2013 1463 Verba
2044 1411 2159 1466 vita:

572 1519 774 1560 tt'terttte
817 1507 990 1560 habes.
1036 1503 1199 1558 Forte
1241 1505 1364 1573 quia
1393 1519 1537 1572 saepe
1567 1503 1740 1573 ipsum
1771 1503 2036 1559 dicentem
2063 1519 2157 1558 au-

571 1602 743 1655 dierat
772 1618 786 1656 :
818 1600 919 1664 Qui
945 1600 1102 1652 credit
1126 1600 1177 1652 in
1199 1615 1294 1661 me,
1321 1599 1466 1652 Itabet
1483 1598 1635 1651 vitam
1654 1607 1914 1651 (eternam.
1937 1599 2158 1652 Demon-

571 1701 704 1745 strat
729 1692 874 1744 enim
915 1705 976 1744 se
1019 1690 1160 1744 dicta
1186 1691 1363 1743 omnia
1409 1690 1660 1755 retinere,
1694 1703 1815 1743 cum
1848 1691 1958 1760 ipsa
1995 1691 2154 1745 verba

572 1793 811 1853 usurpat.
839 1783 974 1850 Quid
1004 1797 1133 1851 ergo
1153 1781 1435 1835 Christus?
1462 1779 1576 1835 Non
1606 1780 1859 1846 laudavit,
1887 1797 1986 1836 nec
2016 1782 2157 1838 cele-

573 1875 743 1929 bravit
771 1875 1006 1938 Petrum,
1029 1871 1169 1943 quod
1194 1881 1370 1926 tamen
1393 1872 1515 1926 alibi
1547 1870 1689 1926 fecit.
1714 1871 1818 1927 Sed
1842 1873 1968 1942 quid
1988 1872 2160 1926 dicit?

575 1965 661 2020 70.
717 1966 901 2018 A‘oune
944 1981 1034 2034 ego
1082 1980 1167 2018 vos
1195 1964 1459 2017 duodecim
1489 1964 1634 2032 elegi,
1684 1972 1730 2017 et
1773 1980 1900 2017 unus
1927 1981 1992 2018 ex
2019 1964 2157 2017 vobis

570 2059 800 2113 diabolus
827 2060 942 2112 est?
984 2058 1116 2126 Quia
1156 2058 1298 2112 enim
1331 2057 1421 2111 ille
1457 2057 1687 2119 dixerat.
1720 2057 1784 2111 Et
1813 2075 1905 2112 nos
1933 2060 2153 2112 credidi-

571 2169 701 2212 mus.
733 2152 930 2221 excipit
970 2168 1036 2205 ex
1068 2166 1290 2205 numero
1333 2150 1545 2206 Judam.
1579 2152 1716 2206 Alibi
1749 2153 1889 2206 enim
1929 2153 2057 2207 nihil
2089 2154 2156 2210 de

570 2243 847 2312 discipulis
873 2243 1007 2296 dixit
1033 2259 1044 2294 :
1073 2243 1168 2296 sed
1193 2257 1312 2296 eum
1334 2241 1577 2297 Christus
1598 2243 1841 2308 dixisset,
1873 2242 1976 2297 Vos
1992 2254 2157 2297 autem

569 2351 716 2402 quem
747 2351 823 2388 me
866 2351 974 2386 esse
994 2334 1197 2387 dicitis?
1227 2335 1522 2402 respondit,
1551 2333 1629 2387 Tu
1653 2352 1703 2388 es
1734 2335 1964 2390 Christus
1991 2335 2158 2390 Filius

573 2425 663 2479 Dei
693 2426 935 2492 uiventisl
966 2423 1153 2477 Matth.
1185 2425 1270 2478 ib.
1302 2425 1369 2478 l5
1391 2426 1434 2492 ).
1480 2425 1576 2479 llic
1605 2440 1733 2479 vero
1777 2427 1896 2494 quia
1925 2427 2154 2492 dixerat,

572 2516 637 2570 Et
666 2533 758 2570 nos
787 2517 1112 2580 credidimus,
1143 2517 1334 2569 merito
1355 2515 1545 2569 Judatn
1564 2517 1748 2569 eximit
1770 2533 1832 2571 ex
1855 2517 1945 2570 illo
1966 2517 2154 2582 choro;

571 2607 621 2662 id
650 2623 776 2662 vero
805 2607 947 2672 facit,
978 2608 1086 2675 jam
1115 2606 1203 2660 ditt
1233 2616 1356 2660 ante
1401 2606 1687 2674 proditoris
1731 2608 2004 2674 perﬁdiam
2035 2623 2160 2676 pro-

571 2702 809 2767 [niis-aus.
841 2697 1053 2752 Gnarus
1095 2712 1153 2751 se
1203 2695 1334 2750 nihil
1367 2696 1647 2764 prolicere,
1698 2696 1919 2766 quodin
1959 2711 2018 2752 se
2045 2706 2160 2752 erat

570 2793 718 2847 fecit.

645 2886 700 2938 4.
742 2884 807 2938 Et
838 2883 1046 2938 intuere
1087 2881 1400 2951 sapientiam
1435 2896 1578 2937 :non
1625 2881 1772 2937 illum
1817 2880 2156 2938 manifestum

577 2968 829 3042 reddidit,
863 2991 1035 3045 neque
1077 2975 1245 3029 latere
1272 2978 1491 3028 omnino
1522 2975 1795 3044 permisit;
1831 2984 1938 3028 tum
1968 2989 2034 3028 ne
2060 2975 2158 3029 im-

571 3067 853 3137 pudentior
896 3066 1332 3136 pervicaciorque
1372 3065 1563 3128 ﬁeret;
1619 3075 1729 3119 tum
1772 3080 1840 3120 ne
1887 3080 1947 3120 se
1988 3066 2158 3121 latere

569 3169 780 3229 putans,
825 3156 1078 3212 audacius
1111 3158 1240 3212 illud
1291 3156 1496 3212 facinus
1519 3157 1710 3212 adiret.
1740 3156 1943 3212 Idcirco
1969 3156 2022 3211 in
2067 3172 2156 3212 se-

567 3251 853 3322 quentibus
879 3251 1113 3321 apertius
1159 3251 1306 3304 illum
1346 3250 1605 3320 coarguit.
1641 3250 1795 3304 Prius
1819 3257 1967 3305 certe
2007 3249 2154 3304 illum

567 3360 690 3398 cum
713 3344 835 3398 aliis
861 3345 1288 3408 connumeravit,
1318 3359 1439 3397 cum
1485 3343 1651 3408 dixit,
1701 3342 1834 3398 Sunt
1860 3345 2064 3412 quidam
2093 3360 2156 3399 ea:

568 3435 703 3488 vobis
729 3435 813 3504 qui
842 3450 940 3487 non
965 3433 1178 3487 credunt
1197 3475 1212 3501 ,
1244 3434 1294 3487 id
1323 3433 1464 3502 quod
1508 3434 1746 3488 declarat
1786 3437 2108 3506 evangelista
2136 3453 2149 3489 :

569 3527 770 3580 Sciebat
817 3526 949 3579 enim
976 3525 1038 3578 ab
1063 3525 1206 3578 initio
1235 3527 1320 3590 qui
1345 3535 1506 3578 essent
1530 3540 1632 3578 non
1660 3527 1933 3593 credentes,
1969 3537 2013 3582 et
2041 3528 2153 3596 quis

569 3620 846 3673 traditurus
865 3628 989 3671 esset
1006 3619 1192 3687 ipsum.
1209 3617 1340 3684 Quia
1365 3632 1493 3670 vero
1518 3617 1603 3671 ille
1625 3618 1962 3688 persistebat,
1977 3620 2152 3675 acrius

567 3711 768 3779 arguit,
801 3709 944 3764 Unus
990 3726 1051 3762 ea:
1091 3708 1227 3762 vobis
1278 3708 1506 3762 diabolus
1557 3718 1668 3775 est,
1708 3723 2153 3780 communemque

567 3803 815 3858 omnibus
845 3811 1044 3856 metum
1071 3801 1292 3867 incutit,
1323 3812 1378 3856 nt
1419 3801 1562 3855 illum
1592 3802 1883 3871 obtegeret.
1913 3803 2009 3858 llic
2032 3803 2152 3873 jure

567 3904 877 3965 quaeratur:
907 3894 1016 3948 Cttr
1043 3894 1170 3947 nihil
1211 3894 1455 3962 discipuli
1497 3908 1636 3948 nunc
1673 3894 1876 3959 dicunt,
1909 3895 2006 3949 sub
2038 3896 2153 3950 haec

567 3997 745 4040 autem
765 3985 1014 4039 dubitant
1036 4025 1051 4049 ,
1089 3985 1277 4039 timent
1299 4026 1312 4049 ,
1344 3999 1402 4039 se
1431 3995 1616 4039 mutuo
1641 3987 1932 4055 respiciunt
1962 4001 2152 4056 rogan-

570 4090 667 4142 tes,
696 4077 958 4147 Numquid
1002 4093 1091 4148 ego
1135 4093 1264 4140 sum,
1300 4075 1512 4130 Domine
1542 4076 1561 4148 (
1586 4076 1770 4130 Matth.
1799 4077 1890 4132 26.
1913 4077 1984 4131 22
2006 4078 2058 4148 )?
2086 4077 2153 4132 Et

566 4171 756 4226 Joatmi
789 4170 976 4225 Petrus
1016 4171 1208 4233 innuit,
1235 4178 1288 4223 ut
1315 4169 1622 4238 Magistrum
1663 4179 2007 4239 percontetur
2033 4171 2166 4239 quis‘

566 4263 636 4317 sit
663 4263 919 4332 proditor.
948 4261 1061 4329 Qua
1110 4276 1241 4330 ergo
1281 4261 1350 4316 de
1389 4275 1547 4317 causa
1572 4263 1595 4314 ?
1623 4261 1868 4316 Nondum
1913 4263 2153 4318 audierat

567 4357 778 4420 l‘etrus,
819 4354 960 4409 Vade
1003 4365 1115 4426 post
1153 4372 1267 4418 me,
1302 4365 1500 4408 satana.
1554 4355 1678 4410 ideo
1727 4370 1831 4409 non
1883 4356 2148 4410 timebat:

568 4459 846 4518 postquam
873 4459 1048 4503 autem
1079 4449 1382 4517 increpatns
1407 4459 1508 4512 est,
1541 4457 1594 4502 et
1621 4449 1789 4502 multo
1813 4464 1931 4502 cum
1958 4448 2148 4502 affectu

565 4543 818 4612 loquutus
843 4583 857 4606 ,
891 4557 994 4596 non
1024 4541 1267 4595 laudatus
1295 4554 1376 4596 est
1404 4582 1418 4606 ,
1450 4541 1545 4596 sed
1587 4551 1639 4596 et
1667 4555 1878 4596 satanas
1905 4543 2104 4598 audivit
2133 4561 2148 4610 ;

567 4635 667 4688 hac
698 4642 944 4702 percepta
973 4647 1123 4698 voce,
1157 4631 1300 4686 Unus
1337 4647 1401 4686 ex
1426 4634 1564 4686 vobis
1605 4635 1767 4688 tradet
1796 4651 1874 4688 me
1897 4675 1909 4695 ,
1938 4634 2059 4703 jure
2087 4636 2153 4688 ti-

567 4725 719 4778 muit.
752 4725 1000 4794 Alioquin
1023 4766 1037 4789 ,
1072 4738 1177 4777 non
1206 4722 1331 4776 dicit
1359 4739 1500 4776 nunc
1520 4764 1532 4786 ,
1577 4723 1720 4778 Unus
1745 4741 1806 4778 ατ
1827 4726 1963 4778 vobis
1990 4729 2151 4780 tradet

567 4833 679 4878 me;
711 4815 828 4880 sed,
863 4815 1004 4870 Unus
1028 4832 1090 4868 ea:
1114 4815 1254 4868 vobis
1273 4823 1346 4866 est
1374 4813 1624 4866 diabolus.
1659 4815 1831 4880 Quare
1859 4831 1962 4870 non
1996 4817 2153 4872 intel-

566 4907 803 4976 ligehant
827 4907 952 4974 quid
976 4907 1242 4960 diei-retur
1267 4946 1280 4968 ,
1309 4904 1406 4960 sed
1432 4905 1683 4958 malitiam
1730 4915 1930 4961 tantum
1965 4924 2149 4977 repre-

566 4999 726 5054 bendi
756 5000 1029 5068 putabant.
1057 5000 1166 5052 Cur
1195 5006 1374 5050 autem
1399 4995 1558 5065 dixit,
1591 4996 1775 5052 Nonne
1804 5017 1893 5069 ego
1919 5016 2003 5052 ros
2025 5001 2151 5054 duo-

564 5094 724 5146 decim
751 5091 896 5162 elegi,
933 5101 976 5145 et
1007 5107 1138 5145 unus
1174 5106 1236 5144 es;
1259 5090 1395 5143 vobis
1437 5090 1665 5144 diabolus
1707 5092 1819 5144 est?
1847 5091 2147 5147 Doctrinam

565 5200 716 5237 suam
743 5183 890 5236 outui
936 5183 1239 5238 adulatione
1285 5197 1502 5236 vacuam
1551 5183 1809 5237 indicans.
1841 5183 1974 5239 Cum
2005 5187 2145 5240 enim

564 5275 972 5331 abscedentibus
991 5276 1276 5340 omnibus,
1310 5275 1407 5344 ipsi
1440 5275 1539 5329 soli
1565 5287 1840 5331 manerent
1863 5321 1877 5343 ,
1909 5288 1962 5331 et
2006 5278 2147 5333 Petri

565 5383 658 5422 ore
680 5367 948 5422 Christum
985 5368 1406 5429 conﬂ'crentur;
1436 5383 1503 5421 ne
1529 5377 1771 5436 putarent
1793 5384 1852 5423 se
1875 5369 1991 5423 ideo
2022 5369 2148 5439 ip-is

565 5459 906 5514 adulatorum
955 5475 1074 5514 esse
1099 5498 1116 5524 ,
1151 5459 1287 5512 hanc
1337 5467 1550 5512 amovet
1596 5459 1986 5527 suspicionem;
2015 5477 2076 5515 ac
2106 5464 2147 5515 si

565 5553 768 5607 diceret
795 5569 808 5604 :
833 5549 974 5606 Nihil
1003 5565 1090 5604 me
1129 5548 1342 5602 cohibet
1371 5549 1656 5616 quominus
1686 5550 1855 5602 malos
1885 5566 2098 5618 arguam
2133 5569 2144 5603 :

566 5659 634 5697 ne.
656 5643 850 5714 putetis
877 5656 965 5696 me
992 5641 1167 5706 vobis,
1195 5640 1312 5708 quia
1344 5641 1592 5704 manetis,
1623 5639 1960 5694 adulaturnm
1987 5657 2105 5696 esse
2130 5659 2144 5708 ;

567 5746 654 5792 aut
684 5739 803 5805 quia
849 5753 932 5792 me
981 5735 1300 5806 sequimini,
1330 5734 1602 5807 improbos
1644 5749 1750 5790 non
1787 5733 2146 5806 reprehensu-

1316 293 1373 348 S.
1415 290 1691 348 JOANN’IS
1718 284 2069 348 CllRYSOST
2074 282 2191 343 0M1
2244 285 2556 348 ARClllEP.
2597 293 3127 356 CONSTANTINOP.

3750 318 3849 378 E’lS

2273 425 2410 462 rmn.
2440 409 2570 465 Nam
2599 412 2738 484 quod
2773 415 2937 488 magis
2968 429 3147 487 posset
3184 421 3493 493 Magistrum
3522 429 3760 503 nectere,
3795 440 3846 495 id

2269 516 2373 555 non
2406 515 2490 556 me
2520 503 2703 561 ﬂectit.
2735 506 2834 572 Qui
2866 521 3045 565 manet
3067 551 3081 572 ,
3106 516 3303 571 amoris
3337 517 3422 573 sui
3451 519 3542 576 dat
3575 525 3842 587 indicium.

2267 591 2367 660 Qui
2394 595 2594 650 electus
2631 607 2710 652 est
2741 615 2770 652 a
2799 599 3069 670 MagiStro,
3095 605 3163 660 ab
3195 606 3589 680 insipientibus,
3615 632 3677 672 ac
3699 622 3740 674 si
3771 623 3842 677 in-

2265 686 2436 739 saniat
2461 727 2476 752 ,
2507 689 2815 758 repelletur.
2848 695 3094 750 Attamen
3148 713 3317 769 neque
3357 701 3460 758 hoc
3500 720 3585 762 me
3612 724 3639 760 a
3669 726 3846 781 repre-

2266 775 2551 832 hendendo
2602 779 2835 837 abducit.
2869 783 2976 838 Hac
3019 785 3088 841 de
3134 803 3194 843 re
3243 793 3402 846 etiam
3445 811 3585 852 nunc
3622 775 3846 869 gentiles

2263 867 2534 923 Christum
2584 885 2868 940 accusant,
2899 876 2993 931 sed
3038 877 3226 948 frigide
3261 892 3314 937 et
3352 887 3531 943 stulte.
3564 867 3678 946 Non
3707 897 3845 950 enim

2264 961 2583 1017 necessitate
2630 963 2719 1018 aut
2769 967 2818 1020 vi
2868 967 3008 1024 Deus
3054 970 3221 1026 bonos
3249 974 3425 1032 facere
3475 982 3645 1049 solet,
3677 1002 3846 1056 neque

2263 1054 2454 1108 electio
2484 1055 2600 1125 ejus
2629 1065 2711 1112 est
2738 1059 2969 1116 violenta
2995 1105 3009 1130 ,
3053 1065 3145 1119 sed
3186 1083 3216 1122 a
3259 1069 3507 1128 suasione
3555 1054 3842 1145 perﬁcitur.

2263 1144 2332 1200 Ut
2377 1157 2554 1203 autem
2609 1150 2783 1204 discas
2814 1155 3146 1211 vocationem
3184 1175 3290 1215 non
3331 1162 3434 1218 vim
3465 1144 3696 1237 inferre,
3729 1187 3846 1240 per-

2264 1239 2436 1306 pende
2481 1252 2609 1310 quot
2641 1244 2810 1297 vocati
2844 1247 3118 1313 perierint.
3151 1251 3302 1308 Unde
3331 1257 3504 1325 palam
3530 1271 3632 1328 est,
3665 1239 3846 1317 inno-

2261 1339 2374 1384 stro
2419 1332 2574 1387 sitam
2620 1349 2738 1391 esse
2772 1338 2994 1395 arbitrio
3038 1342 3120 1397 vel
3150 1346 3400 1416 salutem,
3431 1352 3510 1406 vel
3556 1359 3844 1424 perniciem

2262 1430 2520 1478 nostram.

2332 1515 2384 1571 5.
2428 1515 2553 1572 Haec
2597 1517 2773 1588 itaque
2815 1523 3090 1582 audientes
3115 1571 3129 1591 ,
3159 1529 3501 1589 instituamur
3536 1536 3602 1590 ad
3643 1555 3844 1596 caven-

2260 1605 2385 1660 dutn
2415 1609 2842 1681 vigilandumqne
2869 1629 3099 1687 semper.
3117 1619 3244 1675 Nam
3276 1623 3321 1678 si
3352 1625 3440 1680 ille
3468 1628 3556 1697 qui
3583 1630 3634 1682 in
3657 1646 3845 1686 sanun

2261 1699 2352 1754 illo
2382 1700 2547 1757 choro
2577 1705 2895 1762 censebatur
2915 1750 2930 1774 ,
2962 1711 3050 1778 qui
3103 1721 3302 1769 tantum
3341 1731 3698 1788 consequutus
3726 1739 3846 1780 erat

2259 1789 2480 1861 donum,
2515 1795 2602 1864 qui
2631 1797 2780 1866 signa
2815 1798 3011 1855 fecerat
3043 1804 3061 1872 (
3090 1807 3286 1860 etenim
3337 1824 3457 1865 cum
3495 1814 3611 1868 aliis
3649 1818 3845 1872 miSSns

2259 1883 2430 1938 fuerat
2465 1885 2532 1940 ad
2573 1899 2814 1944 mortuos
2845 1894 3181 1952 suscitandos
3211 1898 3557 1973 leprososque
3583 1909 3847 1964 mundan.

2259 1973 2401 2046 dns),
2426 1976 2546 2045 quia
2576 1979 2890 2045 gravissimo
2918 1985 3153 2040 avaritia!
3182 1990 3370 2045 morbo
3399 2004 3580 2064 captus
3604 2010 3707 2062 est,
3735 2001 3845 2052 Do-

2260 2065 2461 2120 minum
2507 2084 2659 2122 suum
2709 2072 2958 2141 prodidit,
3001 2077 3238 2148 nihilque
3268 2081 3341 2136 illi
3372 2087 3614 2153 profuere
3639 2090 3846 2145 benefi-

2259 2156 2339 2210 cia
2364 2199 2377 2222 ,
2407 2158 2542 2212 dona
2566 2202 2581 2226 ,
2631 2175 2734 2216 non
2784 2169 3144 2235 consuetudo,
3173 2187 3278 2226 non
3313 2173 3438 2228 lotio
3465 2177 3655 2247 pedum
3674 2221 3691 2246 ,
3734 2199 3842 2236 non

2262 2265 2457 2304 mensze
2489 2253 2739 2320 societas,
2771 2271 2876 2310 non
2905 2258 3196 2316 loculorum
3242 2267 3482 2321 custodia
3511 2285 3526 2332 ;
3576 2269 3682 2326 imo
3728 2275 3844 2327 haec

2263 2341 2333 2395 illi
2363 2343 2536 2397 aditus
2558 2344 2622 2398 ad
2648 2348 2962 2416 supplicium
2995 2349 3146 2407 fuere
3175 2371 3188 2406 :
3223 2357 3501 2412 timeamus
3530 2369 3582 2414 et
3611 2377 3708 2414 nos
3732 2403 3750 2428 ,
3777 2381 3845 2419 ne

2261 2435 2473 2502 quando
2493 2436 2679 2492 Judam
2705 2454 2804 2508 per
2825 2442 3103 2498 avaritiam
3128 2443 3417 2503 imitemur.
3445 2449 3711 2506 Christum
3737 2471 3842 2508 ηυιι

2263 2527 2477 2594 prodis?
2501 2527 2603 2583 Sed
2630 2531 2843 2600 quando
2874 2547 3156 2603 pauperem
3181 2523 3318 2592 fame
3342 2540 3725 2610 tabescentem,
3759 2557 3849 2600 aut

2262 2615 2455 2687 frigore
2507 2632 2753 2676 enectum
2821 2628 3160 2694 contemnis,
3219 2629 3393 2684 eidem
3455 2632 3722 2690 obnoxius
3791 2653 3846 2692 es

2259 2708 2608 2767 damnationi.
2646 2713 2708 2768 Et
2737 2729 2856 2768 cum
2892 2717 3103 2787 indigne
3148 2721 3397 2791 mysteria
3427 2725 3810 2795 participamus
3830 2769 3845 2791 ,

2260 2802 2500 2856 eamdem
2531 2803 2581 2857 in
2606 2807 2895 2874 perniciem
2927 2809 3084 2877 imus,
3110 2829 3267 2883 quam
3294 2815 3382 2885 qui
3407 2813 3674 2873 Christum
3705 2824 3847 2876 occi-

2259 2893 2474 2950 derunt.
2509 2894 2638 2951 Cum
2667 2901 2920 2970 rapimus,
2955 2918 3073 2957 cum
3103 2920 3298 2974 egenos
3325 2908 3700 2978 Opprimimus,
3729 2931 3844 2967 ma-

2259 2986 2455 3039 ximam
2508 2989 2658 3045 nobis
2705 2992 2956 3047 ultionem
3001 2996 3347 3066 attrahimus;
3379 3015 3441 3055 ac
3473 3001 3594 3072 jure
3623 3007 3841 3059 merito.

2261 3075 2545 3149 Usquequo
2571 3081 2712 3135 enim
2739 3099 2914 3139 rerum
2939 3089 3279 3156 prmsentium
3307 3107 3476 3159 amor,
3501 3095 3769 3152 inutilium
3796 3111 3848 3153 rt

2258 3185 2704 3241 supervacuarum
2748 3191 2846 3231 nos
2871 3181 3190 3249 occupabit?
3217 3183 3419 3240 Divitiae
3446 3201 3678 3258 namque
3707 3190 3847 3244 inter

2258 3263 2523 3332 superflua
2555 3275 2608 3320 et
2654 3267 2854 3323 inutilia
2885 3283 3250 3329 numerantur.
3286 3275 3571 3349 Usquequo
3595 3281 3851 3338 inanibus

2256 3355 2414 3410 rebus
2441 3356 2583 3411 afﬁxi
2625 3363 2861 3416 erimus?
2892 3379 3166 3434 usquequo
3212 3384 3316 3423 non
3359 3372 3712 3442 respiciemus
3738 3391 3846 3430 cm-

2258 3447 2380 3502 los?
2409 3464 2511 3504 non
2541 3452 2896 3522 vigilabimus,
2925 3473 3029 3511 non
3061 3459 3111 3512 in
3144 3459 3412 3517 fastidium
3440 3463 3704 3522 ﬁnitarum
3741 3479 3848 3523 ter-

2255 3555 2607 3614 renarmnquc
2654 3561 2831 3601 rerum
2881 3551 3194 3606 veniemus?
3245 3569 3420 3610 annon
3471 3561 3846 3624 esperimento

2256 3633 2461 3688 illarum
2489 3636 2746 3694 vilitatem
2775 3639 3102 3697 ediscimus?
3149 3643 3456 3716 Cogitemus
3484 3647 3682 3704 divites
3728 3652 3847 3706 illos

2254 3727 2498 3796 quiante
2544 3747 2640 3786 nos
2687 3730 2922 3788 fuerunt.
2955 3738 3144 3792 Annon
3178 3738 3292 3795 hzec
3336 3743 3515 3797 omnia
3569 3746 3846 3798 somnium

2255 3818 2417 3871 sunt?
2458 3834 2634 3875 annon
2683 3824 2866 3877 umbra
2916 3835 2969 3880 et
3024 3827 3161 3882 flos?
3199 3845 3375 3885 annon
3427 3832 3565 3886 unda
3616 3846 3847 3903 prmter-

2255 3908 2463 3963 ﬂuens?
2491 3927 2668 3967 annon
2701 3914 2859 3969 verba
2907 3928 2958 3971 et
3003 3917 3235 3973 fabulae?
3266 3919 3356 3975 llle
3383 3921 3534 3978 dives
3576 3925 3715 3990 fuit;
3750 3928 3847 3980 sed

2253 4018 2362 4072 quo
2387 4004 2632 4060 abierunt
2658 4007 2900 4063 divitia}?
2928 4010 3227 4079 Perierunt,
3256 4027 3522 4084 corrupta:
3548 4027 3675 4071 sunt
3705 4035 3720 4083 ;
3753 4022 3846 4072 5rd

2257 4105 2466 4162 peceata
2498 4110 2592 4164 per
2615 4097 2825 4153 divitias
2853 4111 3000 4169 parta
3034 4112 3270 4171 manent,
3304 4114 3357 4158 et
3379 4115 3596 4175 propter
3624 4122 3850 4176 peccata

2253 4188 2592 4256 Supplicium.
2628 4189 2738 4244 lmo
2768 4208 2893 4245 vero
2929 4195 3027 4248 etsi
3061 4211 3157 4249 nec
3184 4196 3498 4266 supplicium
3530 4208 3697 4264 esset,
3750 4216 3855 4254 nec

2255 4295 2496 4348 regnum,
2531 4283 2880 4351 contribules,
2908 4301 3234 4356 congeneres
3278 4297 3332 4342 et
3374 4298 3656 4344 consortes
3688 4307 3857 4346 rere-

2255 4375 2358 4426 reri
2389 4384 2682 4442 Oportcret.
2713 4378 2782 4430 At
2830 4394 2970 4433 nunc
3012 4395 3175 4435 canes
3221 4381 3445 4446 alimus;
3476 4383 3626 4435 multi
3682 4385 3855 4437 etiam

2253 4483 2504 4536 onagros,
2536 4485 2704 4533 ursos,
2736 4472 3014 4540 variasque
3049 4471 3187 4527 feras
3216 4473 3291 4544 (a)
3317 4489 3331 4526 :
3359 4473 3630 4528 Immineat
3663 4485 3859 4530 autem

2255 4561 2393 4614 fame
2420 4562 2720 4618 confectum
2763 4565 3098 4634 negligimus,
3126 4581 3189 4620 ac
3220 4567 3383 4634 pluris
3430 4565 3657 4621 facimus
3712 4569 3860 4622 alic-

2255 4668 2379 4706 num
2409 4668 2576 4723 genus
2601 4696 2614 4719 ,
2644 4670 2801 4725 quam
2831 4667 3092 4710 nostrum.
3127 4659 3315 4711 Annoit
3343 4656 3566 4726 pulchra
3597 4673 3689 4712 res
3724 4670 3818 4714 est
3843 4703 3856 4722 ,

2254 4746 2385 4810 ales,
2415 4745 2722 4815 splendidas
2752 4747 2893 4802 ardes
2923 4757 3233 4803 construere
3261 4789 3274 4810 ,
3306 4748 3504 4802 multos
3530 4763 3730 4803 servos
3761 4751 3856 4803 ha-

2256 4834 2382 4889 bere
2409 4877 2423 4900 ,
2457 4852 2614 4891 aurea
2662 4837 2924 4906 laquearia
2951 4837 3192 4906 iacentes
3237 4839 3588 4906 conspicere?
3618 4837 3740 4894 Res
3775 4852 3864 4894 est

2255 4941 2644 4995 supervacanea
2671 4938 2724 4982 et
2757 4930 2974 4984 inutilis.
3003 4930 3134 4984 Sunt
3161 4930 3260 4983 alia
3292 4929 3513 4984 mdificia
3546 4929 3631 4982 his
3673 4933 3864 4984 multo

2255 5023 2614 5089 splendidiora
2669 5036 2722 5078 et
2778 5022 3082 5077 honestiora
3130 5041 3144 5078 :
3195 5021 3275 5076 his
3333 5023 3522 5077 oculos
3565 5021 3868 5076 oblectare

2254 5135 2430 5190 opera:
2458 5117 2683 5186 pretium
2715 5115 2870 5169 fuerit
2903 5130 2917 5166 :
2948 5129 3011 5167 ac
3037 5129 3195 5168 nemo
3217 5113 3410 5183 estqui
3442 5112 3728 5186 impediat.
3771 5115 3870 5167 Vis

2256 5223 2452 5267 tectum
2502 5210 2914 5278 pulcherrimum
2964 5207 3198 5262 intueri?
3253 5209 3554 5277 Appi-tento
3615 5219 3867 5274 veSpera

2253 5306 2373 5360 vide
2422 5304 2611 5359 callum
2661 5301 2832 5356 stellis
2883 5309 3150 5354 ornatum.
3199 5298 3307 5352 Sed
3359 5312 3461 5351 non
3508 5305 3594 5351 est
3642 5304 3868 5349 tectum

2255 5414 2430 5452 meum
2459 5439 2473 5461 ,
2499 5395 2725 5465 inquies.
2754 5394 2863 5448 lnto
2907 5392 3075 5461 magis
3117 5402 3294 5452 tuum,
3323 5404 3479 5459 quam
3509 5387 3638 5442 illud
3672 5387 3863 5440 aliud.

2254 5489 2478 5554 Pl‘ttltlt'l'
2505 5497 2554 5539 te
2599 5501 2826 5554 namque
2858 5487 3048 5536 factum
3075 5490 3158 5536 est
3180 5523 3197 5548 ,
3226 5490 3281 5535 et
3325 5495 3608 5534 commune
3639 5478 3744 5533 tibi
3779 5491 3868 5532 (‘.\l

2253 5593 2374 5634 cmn
2415 5579 2664 5634 fratribus
2691 5579 2814 5632 tuis.
2846 5575 2958 5630 lloc
2987 5585 3166 5628 autem
3194 5572 3334 5626 aliud
3371 5586 3475 5626 non
3514 5581 3665 5624 tuum
3727 5582 3858 5632 est,

2319 5740 2392 5803 (a)
2416 5740 2498 5790 ttic
2530 5735 2658 5788 feras
2691 5734 2850 5786 alendi
2873 5749 2978 5788 mos
3020 5736 3338 5801 chrysostomt
3363 5737 3506 5782 aetate
3556 5726 3798 5788 vlg-eluit.
