3984 6196
300 233 366 287 269
1183 232 1246 286 IN
1285 232 1593 288 JOANNEM
1637 231 1861 285 II().\III..
1897 231 2127 284 XLVIII.
2167 233 2236 286 al.
2282 233 2487 286 XLVII.

294 346 355 400 sed
380 341 587 396 heredum
637 349 750 406 post
801 349 1027 395 mortem
1061 352 1224 394 tuam.
1259 343 1388 396 Illud
1423 345 1650 396 maxime
1680 344 1771 394 tiht

289 449 371 488 esse
389 433 494 486 utile
521 433 715 499 poterit,
746 446 867 485 cum
918 447 982 485 ex
1027 432 1420 498 pulchritudine
1469 448 1560 485 sna
1612 443 1661 485 te
1715 431 1778 485 ad

282 527 519 579 Creatorem
541 520 788 585 advocet;
824 521 924 576 hoc
971 533 1148 577 autem
1177 524 1315 576 aliud
1354 525 1581 578 maxime
1624 538 1782 577 noce-

281 618 365 679 hit,
391 626 516 683 teque
558 612 779 682 graviter
819 614 872 666 in
897 614 981 668 die
1002 615 1186 682 jndicii
1235 617 1506 669 accusabit
1531 658 1543 676 ,
1569 614 1780 684 quando

278 707 408 773 ipsum
441 703 625 772 quidem
653 720 784 757 auro
810 704 1044 774 undique
1088 705 1346 774 fulgebit,
1378 705 1620 760 Christus
1653 721 1781 758 vero

277 812 326 850 ne
346 803 464 849 veste
489 793 681 862 quidem
710 795 1008 850 necessaria
1041 803 1317 849 contectus
1343 797 1463 848 erit.
1495 796 1569 849 Ne
1601 798 1779 864 itaque

273 887 312 938 in
354 893 512 937 tantam
553 883 804 938 inSaniam
855 885 1187 947 incidamus;
1222 901 1288 940 ne
1331 886 1672 954 insequamur
1701 884 1782 938 fu-

271 975 442 1041 gientia,
469 988 527 1026 ne
554 972 810 1042 fugiamus
832 975 1120 1041 manentia,
1146 990 1213 1029 ne
1244 976 1526 1044 prodamus
1552 975 1778 1028 salutem

271 1077 477 1129 nostram,
505 1065 584 1118 sed
638 1064 830 1119 futurae
880 1068 993 1135 spei
1045 1066 1384 1121 hmreamus:
1429 1073 1608 1131 senes,
1639 1066 1779 1134 quod

271 1156 454 1209 sciamus
492 1170 696 1223 parvum
728 1156 882 1211 nobis
907 1157 1031 1211 vitae
1059 1173 1272 1212 cursum
1327 1141 1643 1226 superesse;
1690 1158 1779 1224 ju.

3365 238 3470 292 9.ἷο

1888 357 2072 400 renes,
2095 343 2232 411 quod
2268 345 2503 411 persuasi
2537 345 2642 397 sint
2673 358 2774 398 non
2805 345 3030 398 multum
3061 345 3161 400 sibi
3191 362 3471 416 superesse

1888 433 2161 498 temporis.
2200 431 2264 486 Ut
2308 435 2438 485 enim
2461 438 2544 502 fur
2573 434 2623 486 in
2654 445 2796 488 nocte
2821 478 2833 499 ,
2867 437 2938 489 ila
2984 437 3090 490 dies
3132 438 3216 490 ille
3247 440 3472 492 adveniet

1887 523 1905 589 (
1937 524 1987 574 1.
2012 513 2188 574 Thess.
2221 524 2272 576 5.
2301 522 2336 574 Ξ
2355 524 2396 591 ).
2428 521 2551 575 llrcc
2579 523 2752 590 itaque
2774 540 2893 578 cum
2923 527 3173 589 sciamus,
3198 537 3252 581 et
3283 543 3472 582 uxores

1887 612 2030 666 viros
2061 613 2355 677 hortentur,
2389 623 2441 667 et
2484 612 2581 666 viri
2616 631 2814 669 uxores
2844 626 3116 682 moneant,
3147 617 3385 684 juniores
3413 633 3474 674 ac

1887 705 2118 773 virgines
2146 699 2450 768 doceamus,
2486 721 2687 775 nosque
2718 722 2903 758 omnes
2927 717 3106 759 mutuo
3136 708 3476 762 instituamus

1889 794 1954 847 ad
1982 798 2263 864 prmsentia
2292 798 2706 860 eontenmeuda,
2740 808 2793 851 et
2827 797 2997 850 futura
3028 800 3473 866 concupiscenda,

1891 894 1946 936 ut
1988 885 2074 937 illa
2116 886 2365 954 consequi
2410 889 2690 953 possimus,
2719 889 2884 955 gratia
2926 897 2978 942 et
3025 888 3350 958 benignitate
3375 890 3477 942 Do-

1889 973 2016 1026 mini
2045 974 2209 1026 nostri
2237 971 2362 1027 .lesu
2405 975 2617 1040 Christi,
2647 991 2739 1044 per
2778 992 2933 1044 quem
2964 989 3014 1029 et
3054 993 3174 1032 cum
3205 993 3309 1047 quo
3337 979 3475 1033 Patri

1890 1066 2076 1134 gloria,
2107 1081 2312 1132 unaque
2339 1065 2556 1134 Spiritui
2595 1077 2798 1131 sancto,
2826 1083 2964 1121 nunc
2991 1081 3043 1123 et
3069 1083 3284 1138 semper
3308 1111 3322 1132 ,
3344 1076 3399 1124 et
3425 1071 3476 1124 itt

1891 1151 2083 1209 saecula
2115 1140 2457 1210 satculorum'.l
2487 1160 2676 1210 Amen.

1511 1362 1860 1423 HOMILIA
1904 1363 2189 1422 XLVIII.

269 1502 369 1557 CAP.
417 1491 461 1556 Ἰ.
489 1506 604 1558 v.1.
638 1502 768 1557 Post
811 1506 917 1557 licet:
950 1515 1112 1557 autem
1141 1502 1591 1558 ambulabatJesus
1613 1504 1661 1554 in
1683 1503 1785 1556 Ga-

323 1594 464 1646 tilwa:
489 1612 576 1647 non
601 1597 736 1648 enim
767 1596 963 1649 volebat
1001 1598 1052 1648 in
1101 1595 1288 1648 ludam
1341 1595 1625 1659 ambulare,
1664 1595 1784 1664 quia

322 1684 560 1750 quaebant
585 1685 1214 1752 eumJudaaiinter/icere.
1247 1684 1302 1737 2.
1349 1682 1477 1736 Erat
1526 1693 1693 1736 autem
1733 1685 1786 1736 in

323 1773 510 1838 proximo
551 1774 650 1826 dies
712 1778 866 1843 festus
889 1774 1207 1838 Judworum,
1241 1773 1574 1840 Scenopegia.

326 1863 362 1914 l.
389 1860 560 1915 Invidia
585 1874 830 1932 quantum
857 1864 1068 1916 malum.
1120 1890 1192 1904 -ι-
1229 1865 1369 1918 Nihil
1403 1865 1590 1929 livore,
1649 1863 1781 1918 nihil

267 1953 425 2006 invidia
450 1954 666 2007 deterius
693 1971 710 2018 ;
745 1971 838 2022 per
860 1971 976 2008 eam
1007 1969 1150 2010 mors
1181 1958 1231 2010 in
1258 1956 1512 2010 mundum
1548 1957 1783 2010 intravit.

266 2044 370 2107 Quia
388 2045 506 2098 enim
545 2046 671 2100 vidit
699 2045 944 2101 diabolus
969 2047 1238 2102 hominem
1271 2048 1321 2101 in
1349 2047 1551 2101 ItOIIOl‘c
1575 2046 1783 2112 haberi,

265 2136 360 2201 ejus
385 2135 654 2192 felicitatem
692 2155 796 2191 non
828 2139 1022 2203 ferens,
1083 2138 1208 2192 nihil
1251 2154 1356 2193 non
1405 2140 1512 2208 egit
1559 2147 1610 2192 ut
1663 2153 1785 2191 eun

267 2225 507 2299 perderet(
536 2228 656 2297 Sap.
693 2229 748 2284 2.
777 2229 848 2284 2f
879 2232 971 2300 ).A
1004 2231 1089 2284 ta!i
1115 2231 1292 2285 radice
1343 2230 1501 2284 talem
1557 2227 1785 2283 fructum

261 2330 500 2384 erumpere
525 2335 730 2388 semper
776 2321 1040 2375 videmus.
1083 2322 1186 2376 Per
1215 2322 1353 2375 hanc
1402 2321 1532 2376 Abel
1578 2320 1787 2375 occisus

262 2415 364 2467 est;
387 2422 467 2472 per
493 2406 608 2462 hanc
641 2411 808 2463 David
839 2413 890 2464 in
917 2413 1105 2466 mortis
1148 2413 1445 2482 periculum
1474 2413 1618 2465 venit
1645 2428 1658 2476 ;
1693 2428 1788 2481 per

262 2495 382 2548 hanc
400 2499 532 2552 muIti
558 2500 634 2554 alii
659 2502 790 2570 justi
822 2503 962 2571 passi
996 2513 1154 2567 sunt;
1206 2517 1301 2573 per
1323 2503 1459 2557 hanc
1512 2502 1782 2556 Christum

262 2583 402 2639 Juda'i
426 2589 810 2647 imerfecerunt.
845 2594 954 2648 Hoc
975 2590 1255 2648 declarans
1283 2595 1607 2663 evangelista
1638 2593 1786 2646 dice-

260 2675 361 2730 b‘tt:
382 2676 600 2736 Post/nec
625 2683 923 2736 ambulabat
950 2684 1099 2738 Jesus
1130 2686 1180 2737 in
1210 2683 1424 2738 Gallitta
1448 2701 1466 2738 :
1509 2702 1610 2738 non
1655 2685 1786 2738 enim

261 2776 417 2830 Poterat
443 2774 507 2839 (a)
520 2774 566 2825 in
589 2774 780 2828 Juda'a
800 2777 1077 2841 ambulare,
1104 2778 1222 2844 quia
1250 2777 1536 2846 qua'rrb'ant
1563 2794 1672 2848 eum
1688 2775 1786 2830 Ju-

254 2857 608 2928 tltriinlerﬁcere.
641 2866 783 2932 Quid
800 2866 955 2929 dicis,
986 2867 1387 2922 beateJoannes
1405 2870 1425 2918 ’ἰ
1445 2868 1560 2922 Non
1583 2879 1786 2936 poterat

257 2950 326 3012 qui
354 2961 503 3017 potest
527 2960 705 3011 omnia
735 2973 851 3028 qua:
877 2957 1120 3028 vult?qui
1149 2959 1302 3023 dixit,
1333 2957 1493 3024 Quem
1539 2961 1781 3028 quwritis,

253 3047 294 3090 et
318 3054 394 3094 eos
411 3053 540 3099 retro
567 3050 753 3116 pulsos
785 3050 1104 3117 prostravit?
1127 3051 1213 3120 qtti
1244 3067 1475 3120 prreseus
1507 3067 1611 3105 non
1637 3052 1786 3106 vide-

252 3136 338 3193 tur,
375 3131 558 3191 hiccine
585 3146 909 3207 potestatem
937 3155 1042 3193 non
1075 3140 1296 3193 habuit?
1323 3139 1599 3207 Quomodo
1631 3145 1780 3211 post-

253 3231 300 3268 ea
325 3219 366 3272 in
386 3224 540 3277 medio
573 3242 790 3292 eorum,
824 3229 875 3282 in
907 3231 1128 3297 templo,
1152 3231 1201 3284 in
1252 3230 1586 3285 solemuilate
1607 3273 1620 3294 ,
1653 3227 1782 3298 ipsis

247 3317 561 3380 congregatis,
608 3319 971 3386 praesentibus
1005 3320 1322 3384 bomicidis,
1358 3335 1418 3374 ea
1470 3319 1786 3390 loquebatur

247 3414 342 3464 qua:
365 3409 512 3475 magis
541 3410 660 3464 illos
716 3413 1140 3479 exasperarent?
1185 3411 1295 3466 Iloc
1344 3412 1418 3466 illi
1457 3413 1785 3468 mirabantur

242 3488 680 3558 dicentes,-Nonne
710 3499 792 3551 hic.
817 3510 890 3552 est
919 3518 1064 3568 quem
1099 3512 1331 3570 quwrunt
1359 3503 1640 3568 inter/icere
1662 3504 1687 3556 .9
1717 3501 1784 3556 Et

244 3595 331 3634 me
345 3587 492 3645 palam
521 3590 770 3658 loquitur,
800 3601 845 3644 et
873 3593 1000 3645 nihil
1025 3594 1103 3646 illi
1119 3595 1309 3645 dicunt.
1343 3594 1470 3660 Quae
1503 3604 1627 3648 sunt
1669 3595 1784 3649 ha‘c

240 3675 521 3744 anigmata?
548 3684 736 3752 Apage
761 3700 775 3735 :
809 3697 913 3736 non
941 3685 1083 3737 enim
1109 3685 1220 3738 lnec
1245 3685 1399 3750 dixit,
1429 3695 1486 3738 ιιι
1505 3685 1783 3753 :enigmata

242 3776 336 3815 esse
361 3779 700 3833 putarentur;
731 3773 822 3826 sed
870 3773 1248 3829 utdeclararet
1297 3785 1349 3829 et
1395 3775 1686 3829 divinitatis
1731 3785 1785 3829 et

242 3849 542 3913 humanitatis
571 3875 745 3930 opera
781 3862 1014 3917 exhibita
1050 3864 1232 3918 fuisse.
1265 3865 1395 3918 Cum
1437 3867 1578 3919 enim
1606 3867 1780 3930 dixit,

243 3937 506 4000 Potestatent
526 3967 625 4003 non
658 3952 915 4016 habebat,
966 3956 1115 4022 quasi
1148 3954 1214 4008 de
1241 3955 1457 4007 homine
1513 3956 1780 4024 loquitur,

233 4031 368 4084 multa
394 4034 619 4093 humano
647 4057 804 4094 more
831 4054 1052 4112 agente:
1079 4060 1196 4098 cum
1214 4061 1342 4098 vero
1367 4045 1494 4098 dicit
1527 4047 1695 4114 ipsum
1729 4049 1780 4101 in

236 4122 381 4171 medio
408 4141 588 4182 eorum
618 4132 862 4196 stetisse,
895 4148 993 4186 nec
1009 4137 1404 4201 apprehensum
1437 4137 1616 4197 fuiSse,
1650 4137 1783 4190 divi-

233 4209 381 4266 nitatis
408 4218 582 4285 utique
633 4229 958 4289 potestatem
1003 4225 1219 4278 indicat.
1265 4227 1396 4280 Nam
1450 4225 1684 4294 fugiebat
1728 4237 1782 4280 ut

233 4296 383 4365 homo,
413 4312 706 4376 apparebat
734 4321 791 4364 ut
817 4313 990 4376 Deus;
1026 4325 1308 4384 utrumque
1329 4332 1450 4369 vere
1482 4330 1780 4383 repraesen-

231 4394 343 4439 laus.
369 4393 497 4449 Cum
524 4401 671 4452 enim
714 4401 766 4452 in
807 4402 996 4455 mediis
1036 4403 1430 4457 insidiatoribus
1462 4413 1565 4457 no‘n
1597 4406 1778 4474 capie-

227 4475 372 4540 batur,
417 4487 673 4541 invicmtn
707 4500 1026 4556 potestatem
1053 4505 1202 4545 suam
1233 4494 1601 4559 significabat;
1657 4509 1776 4546 cum

225 4578 329 4616 't'm
350 4576 646 4643 secederet,
708 4582 1059 4638 incarnationi
1093 4583 1247 4637 fidem
1280 4586 1544 4651 faciebat;
1591 4596 1643 4638 ut
1680 4602 1778 4640 nec

222 4656 387 4715 l’aulus
436 4667 846 4731 Samosatcnus,
878 4688 976 4726 nec
1006 4674 1236 4728 Marcion
1266 4716 1280 4739 ,
1328 4691 1426 4728 nec
1455 4677 1540 4744 qui
1587 4677 1776 4730 eodem

221 4753 380 4806 morbo
404 4759 676 4823 laborant,
706 4764 1072 4817 contradicere
1091 4776 1326 4833 possent.
1359 4765 1446 4818 liis
1470 4767 1628 4834 igitur
1659 4768 1778 4818 illo-

214 4851 312 4892 rum
338 4849 571 4902 omnium
599 4853 613 4882 ¹
644 4868 705 4905 os
723 4853 969 4906 obstruit.
1008 4853 1128 4907 Post
1149 4835 1375 4908 {redierat
1395 4861 1546 4924 festus
1567 4856 1778 4908 Juda'o-

213 4946 324 4992 ιιηι,
342 4935 679 5010 Scenopegia.
697 4943 818 4996 llaec
831 4946 1107 5013 particula,
1133 4944 1252 4998 Post
1270 4950 1398 5012 lucc,
1419 4947 1541 4998 nihil
1557 4947 1697 5000 aliud
1713 4949 1775 5000 si-

207 5025 421 5091 gnificat,
443 5047 607 5098 quam
645 5035 868 5088 multum
897 5045 1083 5106 postea
1113 5039 1362 5105 ICIIIpul‘IS
1387 5039 1769 5095 intercessisse.

263 5154 390 5230 :AAl'ii
413 5159 620 5230 legunt,
635 5164 900 5230 utriusque,
923 5181 1026 5230 pro.
1053 5167 1244 5230 illorum
1265 5169 1494 5220 omnium.

255 5215 321 5276 (α)
353 5218 416 5287 In_
430 5215 580 5272 titqu
597 5215 814 5287 legitur:
832 5215 1141 5284 no'n'notebal,
1177 5215 1646 5281 téédbiiéii'iiiirauo
1662 5247 1768 5284 mu-

332 5283 533 5353 rfttlguta
551 5277 710 5353 otiati,
733 5277 885 5350 inquit
907 5299 1006 5338 Jac.
1037 5277 1215 5341 Miltius
1235 5277 1307 5339 id
1323 5277 1645 5352 litin—elocuti),
1663 5277 1768 5344 ⁷ιζ’(ἶιι

201 5334 394 5415 ﬂuet,
416 5334 508 5415 iui,
534 5334 709 5396 risum.
733 5334 812 5398 Eii
821 5334 1024 5400 iii-asia
1037 5334 1298 5415 etiam;
1307 5334 1764 5415 ,",;;a‘.;.‘.a‘,;;i;t;5';

196 5397 283 5465 {Vm
326 5401 604 5455 Monac...
647 5397 874 5459 auratum
897 5397 1061 5460 autem
1077 5397 1254 5462 assa
1268 5397 1481 5462 'vblreh'ai
1491 5397 1768 5465 ἓὶτίῖξίὦῖὦὴ

195 5461 402 5533 Elymus
424 5475 470 5513 et
491 5469 721 5527 Grotius,
749 5484 779 5517 α
802 5472 1055 5531 delicatis,
1084 5461 1221 5533 quasi
1251 5461 1430 5523 Christi
1454 5461 1766 5526 pereundi);

373 5526 580 5596 faceret.
610 5523 756 5596 nocte
787 5541 952 5581 autem
985 5523 1154 5596 probat
1177 5523 1543 5596 Chrysostumtts
1562 5523 1607 5585 id
1634 5523 1766 5587 fibri-

193 5585 242 5624 ἰι
263 5588 522 5641 {dentiam
544 5601 647 5634 non
676 5590 868 5640 laedere.

502 5664 781 5729 Parant.
830 5670 945 5733 Gn.
996 5671 1065 5732 LI
1079 5676 1156 5740 Χ,

1890 1503 2018 1557 Inde
2045 1517 2170 1556 vero
2197 1503 2381 1572 liquet,
2413 1503 2551 1571 quod
2572 1515 2692 1556 cum
2725 1503 2774 1555 in
2806 1510 2988 1554 monte
3013 1501 3249 1564 sederet,
3280 1499 3470 1554 festum

1890 1602 2030 1646 esset
2055 1592 2304 1656 Paschaz;
2363 1593 2447 1646 hic
2490 1601 2664 1645 autem
2719 1591 3060 1660 Scenopegiaz
3109 1592 3384 1655 meminit,
3415 1599 3472 1644 et

1891 1682 2123 1751 quinque
2148 1683 2410 1736 mensium
2436 1683 2607 1751 Spatio
2627 1681 2758 1735 nihil
2792 1681 2931 1734 aliud
2967 1681 3202 1734 narravit
3253 1682 3335 1734 vel
3359 1680 3462 1733 do-

1889 1773 2020 1835 cuit,
2051 1788 2207 1842 quam
2237 1789 2428 1842 panum
2463 1773 2775 1826 miraculum
2805 1811 2820 1833 ,
2872 1781 2924 1825 et
2957 1774 3270 1826 concionem
3312 1771 3466 1825 habia

1894 1873 1998 1916 tam
2024 1863 2087 1915 iis
2113 1864 2202 1932 qui
2234 1863 2612 1917 comederunt:
2655 1862 2861 1915 etiamsi
2904 1862 2990 1915 ille
3020 1876 3126 1914 non
3171 1862 3464 1915 cessaverit

1891 1954 2041 2023 signa
2071 1955 2243 2008 facere
2270 1965 2322 2009 et
2348 1955 2674 2015 concionari,
2710 1967 2814 2006 non
2861 1953 2947 2007 die
2973 1962 3172 2006 tantum
3201 1961 3254 2007 et
3289 1969 3471 2020 vestie-

1891 2059 1971 2108 ra,
2001 2045 2094 2099 sed
2116 2046 2274 2099 etiam
2303 2060 2446 2114 saepe
2474 2055 2649 2098 nocte.
2682 2043 2761 2097 Ad
2788 2043 3082 2111 discipulos
3099 2043 3246 2096 enim
3278 2043 3355 2096 sic
3377 2043 3472 2095 ad.

1891 2135 2056 2198 venit,
2087 2145 2143 2188 ttt
2167 2150 2355 2189 omnes
2383 2135 2720 2204 evangelista:
2762 2143 3000 2188 narrant.
3043 2132 3150 2188 Cur
3172 2151 3299 2204 ergo
3345 2134 3472 2188 illud

1893 2224 2227 2277 omiserunt?
2247 2224 2377 2291 Quia
2407 2239 2512 2278 non
2539 2224 2974 2292 poterantomnia
2994 2238 3300 2278 recensere.
3331 2223 3471 2277 Alio.

1893 2313 2019 2382 quin
2053 2314 2137 2367 illa
2162 2315 2344 2370 dicere
2399 2315 2741 2380 studuerunt,
2773 2327 2839 2368 ex
2871 2315 3064 2382 quibus
3101 2315 3345 2383 quadam
3388 2331 3472 2369 re-

1895 2404 2181 2471 prehensio
2214 2405 2296 2459 vel
2327 2405 2681 2459 contradictio
2734 2421 2802 2458 ex
2847 2403 3045 2458 ludatis
3075 2415 3472 2474 consequuturu

1893 2503 2029 2548 crat.
2066 2495 2226 2548 Multa
2250 2497 2392 2550 enim
2425 2497 2540 2548 istis
2561 2496 2753 2548 similia
2769 2506 2938 2549 erant.
2963 2496 3112 2562 Quod
3142 2497 3283 2549 enim
3306 2511 3472 2566 :cgros

1869 2595 2139 2651 .curaret,
2172 2598 2415 2640 mortuos
2441 2589 2742 2652 suscitaret,
2771 2586 2910 2654 quod
2939 2587 3277 2639 admirationi
3306 2598 3471 2648 esset,

1891 2690 2036 2744 smpe
2057 2677 2387 2746 scripserunt
2413 2695 2424 2729 :
2456 2677 2543 2731 ubi
2570 2687 2744 2730 autem
2777 2677 2974 2746 aliquid
2999 2677 3232 2731 insolens
3255 2693 3472 2730 narran.

1892 2766 2016 2819 dum
2045 2768 2312 2836 suppetit,
2371 2767 2455 2822 vel
2509 2767 2793 2836 quamdam
2847 2767 3318 2835 reprehensionem
3374 2768 3472 2836 ipsi

1891 2859 2124 2913 oblatam
2155 2859 2484 2914 referendam
2513 2853 2728 2920 habent,
2761 2859 2871 2912 lucc
2901 2868 3174 2928 apponunt
3203 2876 3217 2924 ;
3245 2868 3303 2913 ut
3330 2871 3472 2913 nunc

1893 2961 2132 3012 narrant,
2166 2950 2358 3005 fratres
2406 2951 2524 3019 ejus
2551 2965 2656 3004 non
2689 2951 2786 3018 ipsi
2837 2950 3130 3005 credidisse
3162 2969 3176 3004 :
3219 2966 3337 3019 quae
3383 2966 3470 3004 res

1893 3043 2138 3095 odiosum
2162 3041 2432 3110 quidpiam
2459 3057 2569 3110 pra:
2591 3055 2650 3095 se
2680 3040 2820 3094 ferre
2850 3041 3081 3094 videtur.
3138 3042 3206 3095 Et
3234 3049 3316 3095 est
3337 3049 3466 3095 sane

1894 3145 1980 3186 res
2012 3131 2292 3196 mirabilis,
2324 3147 2481 3200 quam
2530 3141 2747 3186 veraces
2798 3131 2898 3200 ipsi
2928 3131 3160 3194 fuerint;
3193 3129 3464 3200 quomodo
3518 3152 3522 3156 λ

1889 3238 1948 3275 ea
1983 3239 2086 3276 non
2109 3231 2390 3276 vereantur
2429 3221 2648 3285 referre,
2679 3235 2796 3292 qua:
2828 3222 3078 3290 Magistro
3103 3237 3203 3276 suo
3229 3225 3462 3292 ignomi~

1891 3315 2038 3367 niosa
2063 3328 2182 3367 esse
2205 3314 2480 3374 videntur;
2533 3315 2640 3366 imo
2670 3312 2782 3366 haec
2811 3313 2990 3382 potius
3016 3322 3206 3366 curent
3250 3322 3468 3367 cnarta-

1890 3421 1965 3469 rc,
1994 3420 2150 3474 quam
2185 3414 2399 3458 caetera.
2455 3405 2520 3458 Et
2574 3419 2715 3458 nunc
2755 3405 2935 3472 itaque
2984 3403 3236 3468 Joannes,
3288 3405 3468 3457 multis

1892 3497 2264 3565 praetermissis
2291 3497 2480 3564 signis,
2515 3497 2795 3565 prodigiis,
2829 3496 3200 3561 concionibus,
3241 3495 3305 3549 ad
3331 3497 3467 3550 hanc

1889 3605 2002 3642 rem
2031 3589 2352 3643 narrandam
2401 3591 2652 3642 accurrit.
2713 3589 2765 3642 5.
2828 3587 3098 3647 Dixerunt,
3149 3588 3348 3657 inquit,
3401 3590 3466 3642 ait

1888 3695 2000 3730 eum
2018 3679 2200 3746 fratres
2230 3681 2340 3748 ejus
2364 3695 2382 3731 :
2411 3677 2592 3732 Transi
2617 3679 2798 3731 ltiucin
2828 3676 3100 3742 Jadwam,
3133 3687 3187 3730 ut
3235 3690 3280 3731 et
3317 3681 3468 3732 disci-

1890 3769 1996 3833 puli
2027 3770 2101 3821 tui
2126 3769 2326 3821 videant
2355 3783 2508 3831 apera
2531 3784 2642 3836 qua:
2667 3768 2814 3837 facis.
2863 3768 2916 3820 4.
2974 3766 3142 3820 Nemo
3180 3767 3368 3836 quippe
3416 3770 3468 3821 in

1887 3857 2082 3909 occulto
2105 3858 2301 3924 aliquid
2326 3858 2468 3926 facit,
2491 3867 2536 3909 et
2558 3858 2738 3925 quierit
2767 3857 2874 3924 ipse
2925 3856 3096 3924 palam
3135 3869 3262 3909 esse.
3293 3855 3466 3910 Matti-

1889 3949 2012 4016 festa
2032 3949 2245 4015 teipsum
2274 3950 2483 4000 mundo.
2514 3948 2567 4001 5.
2595 3945 2774 4016 Neque
2800 3947 2930 3997 enim
2953 3947 3137 4014 fratres
3164 3948 3274 4014 ejus
3293 3947 3465 4000 crede-

1887 4037 2003 4089 bant
2031 4039 2083 4090 in
2111 4055 2244 4091 eum.
2272 4038 2470 4106 Ecqua,
2506 4038 2734 4104 inquies,
2769 4036 2894 4089 hinc
2942 4035 3307 4102 incredulitas,
3335 4036 3461 4090 dtttn

1887 4135 2076 4194 rogant
2105 4142 2228 4179 eum
2254 4136 2309 4178 ut
2353 4128 2500 4194 signa
2533 4125 2707 4179 edat?
2753 4125 2934 4193 Magna
2977 4125 3180 4193 utique.
3234 4125 3362 4178 Nam
3411 4137 3464 4180 ct

1886 4217 2069 4278 verba,
2101 4215 2417 4277 etaudacia,
2450 4224 2503 4268 et
2527 4215 2894 4282 intempestiva
2914 4214 3152 4280 libertas,
3181 4215 3461 4268 increduli-

1888 4315 2047 4360 tatem
2079 4306 2358 4359 denotant.
2385 4305 2804 4359 Pntabantenim
2826 4321 2883 4358 se
2911 4307 3244 4372 cognationis
3291 4321 3452 4360 causa

1886 4397 2114 4450 fidenter
2143 4399 2284 4466 loqui
2305 4413 2480 4466 posse.
2510 4397 2576 4450 Et
2623 4398 2833 4451 videtur
2859 4398 3074 4465 quidem
3120 4400 3463 4467 compellatio

1884 4488 2178 4540 amicorum
2218 4503 2370 4554 esse;
2420 4487 2515 4541 sed
2546 4487 2685 4540 dicta
2740 4489 3033 4541 acerbitate
3079 4499 3206 4542 sunt
3262 4490 3451 4558 plena:

1883 4580 2077 4632 ctenim
2114 4580 2210 4646 ipsi
2241 4588 2294 4632 et
2325 4580 2658 4632 timiditatem
2686 4587 2738 4632 et
2779 4594 2967 4632 vanam
2994 4579 3214 4648 gloriam
3261 4596 3456 4649 exproo

1884 4669 2058 4722 brant.
2086 4671 2218 4723 Cum
2251 4671 2392 4723 enim
2420 4671 2604 4724 dicunt
2629 4711 2644 4734 ,
2674 4665 2838 4724 Nemo
2861 4673 2912 4724 in
2935 4674 3132 4724 occulto
3176 4673 3365 4740 aliquid
3390 4679 3460 4726 rte

1881 4763 1968 4826 cit,
1999 4764 2363 4816 accusantium
2388 4773 2564 4831 partes
2591 4773 2774 4833 agunt,
2825 4765 2912 4832 qni
2948 4764 3284 4819 timiditatem
3318 4766 3460 4836 obji-

1880 4853 2022 4904 ciant
2052 4861 2103 4904 et
2130 4861 2278 4920 gesta
2332 4853 2450 4920 ejus
2493 4864 2742 4921 suspecta
2795 4855 3024 4907 habeant
3062 4872 3074 4906 :
3113 4871 3234 4910 cum
3277 4870 3454 4912 autem

1881 4941 2115 5007 addunt,
2171 4943 2363 5006 Quwrit
2391 4945 2560 5013 palam
2587 4961 2692 4999 esse
2719 4986 2733 5011 ,
2783 4960 2973 4998 vanam
3017 4945 3240 5015 gloriam
3282 4949 3460 5016 suspi-

1879 5044 2088 5087 Cantur.

1947 5125 2001 5180 ‘2.
2029 5127 2107 5180 Tu
2135 5142 2263 5182 vero
2290 5127 2486 5182 Christi
2509 5129 2752 5182 virtutem
2773 5129 3072 5184 considera.
3098 5131 3176 5186 Ex
3201 5130 3286 5186 his
3309 5131 3450 5186 enim

1876 5219 1963 5286 qui
2011 5219 2131 5272 talia
2169 5220 2413 5273 (licebant
2453 5221 2654 5288 primus
2703 5220 2798 5274 fuit
2845 5221 3296 5294 Jerosolymorum
3337 5225 3453 5294 epi-

1876 5323 2085 5376 scopus,
2110 5308 2294 5362 beatus
2315 5309 2545 5364 Jacobus
2563 5311 2656 5377 (a),
2677 5309 2743 5364 de
2763 5325 2867 5378 quo
2886 5311 3078 5369 Paulus
3096 5313 3226 5368 dicit
3249 5332 3260 5367 :
3286 5315 3454 5367 Alium

1875 5412 2041 5453 autent
2067 5403 2408 5469 apostolorum
2436 5403 2539 5454 ridi
2565 5404 2809 5456 neminem
2837 5406 2933 5458 nisi
2961 5405 3209 5461 Jacobum
3246 5409 3452 5474 fratrem

1878 5489 2080 5544 Domini
2107 5490 2248 5556 (Gal.
2280 5492 2328 5544 f.
2362 5491 2473 5561 19).
2501 5492 2699 5546 Dicitur
2725 5501 2777 5547 et
2799 5492 2960 5549 Judas
2990 5496 3245 5550 mirabilis
3268 5497 3446 5552 fuisse.

1937 5601 2008 5661 (ιι)
2032 5601 2229 5648 Jacobus
2254 5599 2398 5649 frater
2417 5599 2608 5651 Domini
2643 5604 3042 5667 terosolymatum
3070 5608 3342 5668 episcopus.

3004 5692 3064 5746 17
