3984 6196
526 317 622 372 ίῖῖῐ

529 436 686 506 Atqui
719 431 770 484 iu
796 425 933 480 Cana
957 419 1198 479 aderant,
1228 426 1345 466 cum
1378 422 1565 478 aquam
1595 405 1647 457 in
1685 398 1862 453 vinum
1884 407 2112 448 conver.

1207 503 1213 506 Α
1274 503 1285 506 -
1447 499 1457 506 .
1597 504 1603 506 Α
1661 491 1704 506 εν
1767 489 1805 506 I,
1851 500 1965 506 __._-
2010 481 2110 506 2112,

660 481 915 578 sednihil
941 511 1112 566 adhuc
1131 503 1252 561 inde
1274 499 1461 556 lncrati
1488 504 1632 550 sunt.
1661 489 1815 547 Unde
1843 500 1973 555 ergo
2010 481 2113 536 illis

530 626 678 672 tanta
729 602 1107 666 incredulitas?
1153 598 1229 652 Ex
1277 592 1412 648 mala
1455 588 1726 643 voluntate
1773 588 1828 634 et
1873 593 1938 632 ex
1984 572 2117 627 invi-

535 711 622 764 dia
649 703 723 774 (a)
750 719 764 756 :
788 715 911 756 nam
933 694 1170 765 cognatis
1190 687 1276 758 qui
1302 677 1576 750 conspicui
1601 682 1743 736 sunt,
1766 668 1939 725 solent
1957 664 2115 720 etiam

537 754 622 764 ""'
651 754 720 774 \"I
753 754 762 756 ‘
790 754 840 756 -νν
1001 754 1029 765 ν
1209 754 1220 758 -

536 798 744 871 cognati
775 811 878 849 non
911 793 978 845 ita
1008 781 1275 853 conspicui
1313 775 1568 832 invidere.
1597 768 1867 834 Quosnam
1902 758 1988 812 hic
2013 754 2122 808 dis-

811 869 815 871 “
1745 869 1790 871 μί
1845 844 2116 871 Δαμίης...

539 844 744 962 ςίιῗιιιος
795 869 1008 939 dicunt?
1045 875 1281 932 Turbam
1311 871 1648 936 sequentem,
1697 869 1802 909 non
1839 844 2118 905 duodecim

542 946 683 1042 ill'os.
712 976 848 1047 Quid
874 988 999 1041 ergo
1027 961 1306 1023 Christus?
1346 956 1481 1011 Vide
1524 963 1681 1022 quam
1725 946 2002 999 mansuete
2032 949 2120 988 re-

543 1027 683 1042 ...μω
718 1027 847 1047 κων
937 1027 964 1041 υ

543 1073 822 1147 spondeat.
862 1065 1042 1132 Neque
1081 1057 1222 1112 enim
1261 1049 1390 1105 dixit
1422 1064 1436 1100 :
1466 1043 1566 1110 Qui
1567 1038 1722 1147 "estis
1754 1047 1871 1098 vos,
1910 1027 1997 1098 qui
2037 1038 2122 1078 me

545 1127 648 1220 brae
665 1159 884 1218 Consilio
913 1127 1152 1207 docetis?
1177 1141 1272 1198 sed
1295 1137 1459 1210 quid?
1488 1127 1788 1197 6.sTempus
1811 1135 1976 1175 meum
1999 1130 2128 1169 non-

547 1206 1042 1310 dum‘eaoe-nitJlic
1068 1237 1195 1293 mihi
1234 1206 1374 1288 aliud
1404 1224 1671 1299 quidpiam
1698 1206 2125 1310 subintlicari‘vi-

549 1351 722 1402 detur.
755 1341 912 1395 Forte
946 1335 1087 1390 enim
1117 1327 1312 1384 invidia
1350 1319 1480 1377 moti
1516 1316 1662 1370 illum
1690 1306 1887 1364 Judaeis
1920 1298 2128 1356 tradere

551 1390 980 1492 invadit-absinthium
1024 1424 1249 1488 ideoque
1294 1414 1347 1469 id
1388 1409 1668 1466 declarans
1711 1399 1860 1492 dicit,
1911 1390 2130 1460 Tempus

553 1543 716 1583 meum
752 1521 976 1578 nondum
1001 1511 1222 1576 advenit,
1263 1507 1314 1562 id
1342 1514 1440 1568 est,
1475 1511 1685 1567 tempus
1708 1489 1882 1547 crucis
1904 1493 1959 1540 et
1989 1495 2132 1583 utor-

554 1623 645 1674 tis.
673 1617 783 1671 Cur
811 1627 896 1668 me
927 1617 1050 1662 ante
1094 1613 1302 1670 tempus
1338 1593 1581 1650 occidere
1625 1576 1957 1657 properatis?
1988 1572 2134 1627 Tem-

557 1726 652 1780 pus
677 1685 1081 1761 autem'vestrum
1105 1705 1300 1761 semper
1329 1693 1562 1757 paratum
1589 1687 1678 1732 est.
1718 1673 1840 1755 Hoc.
1866 1675 1949 1723 est
1979 1682 1993 1718 :
2028 1662 2135 1715 Vos

558 1763 748 1860 intimi,
795 1791 892 1848 etsi
931 1799 1145 1856 semper
1184 1795 1305 1837 cum
1357 1775 1462 1832 illis
1500 1763 1808 1829 versemini,
1847 1767 2134 1823 numquam

561 1887 826 1948 occident,
867 1885 1048 1946 utpote
1083 1873 1270 1929 eadem
1309 1865 1629 1922 sentientes;
1671 1869 1756 1909 me
1794 1862 1921 1904 vero
1958 1843 2135 1899 statim

559 1938 825 2033 occidere'
847 1938 1143 2026 tentabant.
1187 1961 1369 2028 Itaque
1414 1952 1565 2007 vobis
1603 1957 1816 2013 semper
1859 1938 1982 1994 licet
2017 1947 2136 1987 cum

565 2073 670 2127 illis
697 2081 817 2123 esse
840 2064 959 2116 sine
987 2053 1221 2129 periculo
1249 2069 1262 2104 :
1291 2046 1418 2102 mihi
1462 2056 1592 2097 vero
1629 2049 1753 2092 tunc
1780 2042 1988 2097 tempus
2017 2023 2138 2086 erit,

563 2177 685 2214 enim
713 2151 946 2222 cruciﬁgi
979 2112 1032 2204 et
1057 2144 1191 2201 mori
1217 2135 1500 2209 oportebit.
1532 2130 1664 2186 Nam
1693 2122 1834 2194 quod
1858 2120 1958 2172 hoc
1982 2112 2143 2222 intel-

568 2253 696 2320 ligat
720 2263 783 2301 ex
829 2203 1174 2312 sequentibus
1223 2203 1426 2299 liquet:
1458 2225 1513 2277 7.
1563 2218 1686 2272 Non
1727 2217 1886 2284 potest
1930 2203 2144 2260 mundus

1463 2315 1475 2320 _
1598 2311 1611 2320 ,
1961 2295 2143 2320 ηληη

570 2295 736 2396 odisse
769 2350 874 2390 uos.
915 2325 1193 2396 Quomodo
1221 2323 1385 2381 enim,
1433 2315 1477 2371 si
1513 2311 1699 2370 eadem
1740 2301 1920 2365 vultis,
1958 2295 2144 2352 eadem

573 2421 992 2502 persequimini?
1021 2417 1106 2472 Me
1143 2423 1310 2467 autem
1340 2408 1464 2468 odit,
1509 2403 1629 2471 quia
1673 2390 1984 2466 reprehendo
2014 2399 2145 2445 eum,

571 2479 707 2589 quod
733 2479 867 2571 mala
890 2513 989 2566 sint
1031 2520 1187 2576 opera
1228 2505 1375 2570 eius;
1405 2499 1504 2550 hoc
1534 2499 1635 2554 est,
1668 2486 1798 2556 Quia
1829 2479 2144 2552 perstringo.

1711 2579 1741 2589 ..
2011 2564 2124 2589 ML,

577 2564 696 2679 quia
731 2619 914 2676 arguo,
949 2600 1068 2655 ideo
1092 2593 1310 2650 odiosus
1336 2602 1474 2642 sum.
1500 2583 1632 2637 llinc
1659 2579 1977 2634 ediscamus,
2005 2564 2154 2622 cohi-

575 2656 952 2757 bendamoesse
990 2690 1120 2743 iram
1150 2694 1204 2738 et
1241 2676 1678 2748 indignationem,
1710 2663 1917 2722 etiamsi
1956 2656 2151 2728 abjecti

575 2795 684 2846 siut
709 2789 797 2858 qui
825 2785 953 2840 dant
977 2776 1278 2836 consilium.
1310 2769 1438 2824 Nam
1460 2765 1505 2820 si
1531 2778 1635 2818 non
1661 2754 1992 2815 credentium
2023 2765 2152 2803 con-

579 2840 754 2936 silium
781 2875 1028 2932 Christus
1062 2866 1332 2924 moderate
1363 2858 1499 2923 tulit,
1540 2850 1749 2909 etiamsi
1786 2847 1874 2902 illa
1904 2840 2154 2900 consulc-

579 2983 720 3036 rent,
751 2983 868 3041 qua:
905 2979 1008 3020 non
1037 2958 1317 3018 decebant,
1355 2952 1515 3020 idque
1536 2961 1642 3002 non
1673 2958 1740 2999 ex
1769 2940 1910 2994 bono
1937 2933 2154 2994 animo;

577 3081 738 3136 quant
766 3076 864 3117 nos
887 3065 1276 3123 consequemur
1309 3045 1541 3106 veniam,
1582 3038 1671 3110 qui
1704 3046 1890 3090 sumus
1928 3037 2067 3085 terra
2105 3033 2162 3080 et

580 3113 738 3220 diuis,
775 3162 826 3207 ct
856 3145 1194 3204 consulentes
1240 3138 1421 3206 iniquo
1447 3133 1625 3186 animo
1668 3127 1906 3186 ferimus,
1952 3113 2162 3174 etiamsi

583 3213 774 3315 objecti
799 3251 854 3296 et
891 3239 1024 3293 viles
1053 3231 1266 3304 quidam
1307 3227 1414 3280 sint
1441 3223 1537 3287 illi,
1577 3233 1691 3274 rem
1737 3213 2006 3284 indignam
2044 3219 2165 3262 esse

583 3306 832 3404 νηίςιιιιοε
850 3329 874 3370 7
915 3321 1292 3380 Animadverte
1322 3328 1450 3383 ergo
1477 3325 1596 3367 cum
1623 3315 1817 3378 quanta
1862 3306 2168 3356 mansuetu-

585 3389 711 3478 dine
757 3414 1182 3475 criminationem
1228 3403 1522 3476 propulset.
1575 3399 1706 3452 Nam
1758 3407 1878 3447 cum
1929 3389 2170 3444 dicerent

587 3518 685 3578 illi,
718 3510 992 3575 Manifesta
1021 3504 1232 3572 teipsum
1255 3493 1480 3557 mundo;
1509 3487 1796 3557 respondet
1824 3485 1848 3538 ε’
1868 3482 1988 3536 Non
2009 3487 2170 3549 potest

589 3607 808 3662 inundus
834 3601 997 3654 odisse
1019 3570 1126 3658 vos,
1154 3606 1232 3644 me
1272 3597 1436 3641 autem
1481 3583 1630 3644 odit;
1673 3591 1856 3634 eorum
1895 3570 2171 3642 depclleus

591 3695 1008 3755 accusationem.
1040 3686 1266 3739 Tantum
1295 3679 1466 3743 abest,
1499 3673 1688 3744 inquit,
1725 3681 1781 3724 ut
1808 3680 2040 3739 quaeram
2069 3661 2169 3716 ho-

593 3792 795 3846 minam
845 3781 1088 3853 gloriam,
1140 3783 1199 3828 ut
1245 3787 1351 3827 non
1406 3769 1563 3824 finem
1613 3765 1802 3820 faciam
1849 3755 2170 3828 coarguendi

594 3882 755 3943 illos;
783 3870 991 3931 etiarnsi
1034 3865 1270 3923 noverim
1299 3861 1428 3916 mihi
1460 3860 1583 3913 hinc
1609 3866 1663 3911 et
1699 3854 1877 3909 odium
1899 3860 1954 3906 et
1988 3863 2172 3904 necem

594 3967 859 4042 apparari.
892 3965 959 4020 Et
994 3961 1102 4026 ubi,
1146 3956 1370 4028 inquies,
1416 3949 1654 4020 coarguit
1685 3947 1816 4003 eos?
1854 3944 1966 3999 lmo
2006 3957 2176 4010 quan-

595 4031 791 4116 donam
838 4055 941 4110 hoc
981 4051 1159 4106 facere
1191 4044 1458 4102 cessavit?
1509 4054 1687 4096 nonne
1727 4035 1957 4100 dicebat,
2003 4031 2178 4086 Nolite

599 4163 780 4223 putare
807 4147 924 4219 quia
948 4160 1034 4198 vos
1059 4149 1389 4195 accusaturus
1415 4149 1525 4188 sum
1543 4131 1682 4202 apud
1711 4127 1919 4182 Patrem
1946 4142 1964 4179 :
1991 4135 2062 4178 est
2092 4123 2178 4193 qui

601 4203 910 4297 :tccusatpos
940 4237 1174 4306 Moyses;
1202 4240 1276 4296 et,
1303 4229 1411 4299 Ego
1438 4225 1646 4295 cognoui
1673 4238 1780 4283 vos,
1802 4219 1922 4288 quia
1948 4203 2215 4270 dilectioo’

604 4355 717 4392 nem
747 4335 838 4388 Dei
865 4347 967 4384 non
1009 4327 1235 4386 habetis;
1270 4331 1344 4387 et,
1395 4316 1661 4385 Quomodo
1703 4311 1909 4383 potestis
1954 4307 2176 4368 credere,

605 4430 688 4496 qui
733 4425 946 4496 gloriam
972 4421 1034 4472 ab
1058 4415 1341 4470 hominibus
1386 4409 1633 4478 accipitis,
1663 4415 1709 4458 et
1741 4402 1975 4474 gloriam,
2014 4412 2126 4467 qua:
2149 4412 2182 4449 a

607 4490 714 4572 ialo
733 4490 849 4568 beo
878 4518 970 4571 est,
1001 4523 1100 4561 non
1127 4501 1391 4576 quaeritis?
1427 4495 1613 4552 Viden’
1643 4490 1911 4562 quomodo
1939 4502 2034 4558 per
2068 4501 2183 4540 om~

608 4610 694 4662 nia
723 4599 1038 4659 ostenderit,
1083 4595 1262 4649 odium
1305 4590 1586 4643 adversum
1617 4598 1677 4638 se
1714 4591 2016 4649 susceptum
2062 4575 2185 4629 inde

609 4707 785 4752 ortum
815 4706 956 4751 esse,
987 4684 1128 4755 quod
1161 4673 1302 4750 ipso's
1331 4680 1494 4733 libere
1516 4674 1879 4741 redargueret,
1913 4682 2020 4722 non
2042 4663 2185 4734 quod

612 4787 888 4852 sabbatum
913 4753 1190 4834 solveret?
1214 4771 1322 4826 Cur
1355 4778 1532 4822 autem
1564 4764 1681 4816 illos
1709 4761 1774 4814 ad
1808 4759 1995 4813 festum
2026 4753 2189 4809 mittit

613 4878 799 4929 dicens
828 4871 927 4926 :8.
987 4867 1084 4919 i’os
1129 4859 1379 4916 ascendite
1426 4854 1496 4908 ad
1540 4853 1671 4906 diem
1721 4853 1917 4912 festum.
1954 4861 2045 4914 ego
2088 4859 2190 4898 non

615 4962 885 5019 ascendam
909 4957 1078 5012 adhuc
1097 4955 1123 5009 ?
1154 4953 1222 5009 Ut
1251 4946 1496 5005 ostendat
1523 4959 1582 4999 se
1612 4958 1715 4996 non
1754 4941 1840 4992 illa
1878 4937 2098 4997 dixisse,
2129 4949 2191 4989 se

616 5049 904 5109 excusandi
934 5046 1016 5102 vel
1046 5040 1292 5098 adulandi
1316 5050 1496 5101 causa,
1533 5032 1627 5087 sed
1653 5039 1710 5084 ut
1739 5027 2069 5098 permitteret
2095 5023 2193 5076 Ju-

618 5146 800 5200 daicos
829 5152 1047 5196 servare
1070 5135 1223 5189 ritus.
1243 5130 1352 5185 Cur
1371 5141 1499 5198 ergo
1516 5121 1776 5184 ascendit,
1801 5133 1921 5174 cum
1947 5116 2188 5178 dixisset,

622 5236 744 5290 Non
770 5230 1037 5286 ascendant
1053 5226 1078 5281 .9
1097 5219 1212 5278 Non
1237 5220 1370 5276 dixit
1391 5214 1725 5286 simpliciter,
1746 5209 1863 5266 Non
1879 5205 2192 5270 ascendam;

622 5324 716 5377 sed
733 5321 898 5382 addit,
923 5316 1097 5379 Nunc,
1129 5313 1176 5367 id
1202 5319 1301 5372 est,
1323 5309 1629 5370 vobiscum;
1661 5303 1792 5371 Quia
1823 5311 2016 5370 tempus
2033 5313 2197 5350 meum

625 5411 848 5467 nondum
872 5408 1131 5476 impletum
1156 5412 1250 5455 est.
1278 5397 1436 5469 Atqui
1465 5398 1517 5451 iu
1539 5395 1785 5476 proximo
1807 5389 2064 5444 Paschate
2083 5400 2199 5440 cru-

620 5499 919 5574 citigeudus
939 5505 1075 5553 erat.
1104 5493 1211 5550 Cur
1238 5506 1366 5562 ergo
1390 5505 1497 5545 non
1527 5488 1640 5559 ipse
1671 5471 1949 5539 ascendit?
1975 5477 2031 5534 Si
2055 5476 2196 5532 enim

685 5613 769 5676 (α)
792 5608 1056 5676 Quodvero
1074 5602 1279 5676 {acubus
1307 5599 1457 5670 frater
1480 5595 1664 5676 Domini
1689 5607 1756 5664 ex.
1773 5602 1978 5676 numerp
1999 5586 2198 5676 fratrum

628 5650 742 5725 ne;
751 5650 1064 5722 ich-dentium
1085 5650 1248 5723 fuerit,
1275 5661 1442 5712 nescio
1458 5673 1518 5709 an
1539 5658 1661 5706 alius
1678 5655 1914 5717 quispiam
1937 5650 2133 5699 dixerit.

1260 295 1316 348 S.
1347 285 1622 347 JOANNIS
1659 266 2128 339 CllRYSOS'l'UiH
2172 260 2484 320 AllClllEP.
2514 255 3046 316 CONSTANTINOP.

3680 253 3786 311 9.7-2

2225 398 2329 437 non
2361 374 2779 446 ascendit,un
2807 373 3041 428 nondum
3070 378 3271 438 tempus
3301 376 3463 430 esset,
3499 383 3603 422 non
3633 385 3791 438 opor.

2223 473 2363 525 lebat
2391 467 2608 523 omnino
2633 465 2943 520 ascendere.
2967 461 3161 515 Verum
3200 473 3301 511 non
3333 457 3450 510 ideo
3480 458 3708 511 ascendit
3738 467 3793 512 ut

2224 571 2513 630 pateretur,
2542 559 2634 613 sed
2674 567 2732 611 ut
2769 557 2890 611 illos
2924 553 3178 608 crudiret.
3218 550 3326 604 Cur
3351 549 3488 603 clam
3527 551 3795 604 ascendit?

2223 651 2352 707 Nam
2381 657 2587 719 poterat
2615 646 2785 717 palam
2808 643 3098 700 ascendere
3122 647 3176 695 et
3203 639 3254 693 in
3277 638 3453 692 medio
3482 637 3797 698 consistere,

2225 745 2619 811 violentumque
2657 739 2863 793 illorum
2919 738 3170 804 impetum
3219 746 3506 794 coercere,
3564 737 3623 783 ut
3660 745 3800 799 δίκερε

2227 836 2369 891 fecit.
2393 834 2498 889 Sed
2521 830 2732 886 nolebat
2757 827 2805 882 id
2830 823 3154 896 frequentius
3180 823 3375 878 facere.
3407 821 3535 876 Nam
3558 821 3602 875 si
3633 821 3801 890 palam

2228 925 2572 986 ascendisset,
2604 934 2894 987 rursustpte
2920 917 3040 970 illos
3064 914 3212 985 quasi
3240 927 3411 967 ctecos
3432 909 3802 976 continuisset,

2229 1015 2556 1070 divinitatem
2589 1027 2740 1066 suam
2769 1009 2964 1063 clarius
2993 1005 3323 1061 exhibuisset
3349 1010 3472 1056 ante
3495 1011 3724 1071 tempus,
3750 1010 3801 1054 et

2233 1108 2398 1177 magis
2438 1105 2561 1159 inde
2590 1101 2880 1158 revelasset
2923 1114 3062 1153 eam.
3110 1096 3238 1152 Cum
3270 1109 3398 1148 vero
3447 1103 3691 1164 putarent
3732 1093 3804 1147 illi

2232 1195 2404 1265 ipsum
2435 1204 2577 1246 metu
2608 1190 2852 1251 detineri,
2899 1199 3084 1243 contra
3132 1183 3365 1239 ostendit
3404 1198 3464 1237 se
3501 1191 3556 1237 et
3585 1181 3803 1236 fidenter

2231 1299 2286 1340 et
2313 1282 2604 1354 prudenter
2624 1294 2803 1350 agere,
2832 1289 2887 1334 et
2907 1291 3126 1348 gnarum
3154 1274 3408 1343 temporis
3428 1288 3532 1342 quo
3561 1287 3806 1341 passurus

2234 1385 2416 1439 esset;
2445 1376 2538 1429 illo
2565 1374 2899 1435 adveniente,
2929 1385 2987 1424 se
3015 1369 3152 1421 ultro
3174 1364 3558 1434 Jerosolymam
3588 1377 3807 1418 concess

2235 1483 2418 1523 surum
2450 1480 2589 1520 esse.
2626 1464 2750 1519 Mihi
2779 1476 2939 1532 porro
2975 1459 3183 1514 videtur
3213 1456 3366 1523 illud,
3405 1454 3508 1509 Vos
3535 1456 3806 1518 ascendite.

2239 1558 2342 1612 hoc
2369 1555 2470 1612 sibi
2514 1555 2650 1610 velle
2678 1575 2690 1609 :
2716 1553 2794 1608 Ne
2828 1551 3022 1622 putetis
3047 1565 3133 1604 me
3162 1564 3257 1602 vos
3285 1561 3478 1616 cogere
3520 1556 3574 1600 ut
3606 1561 3809 1600 meeum

2239 1647 2387 1701 inviti
2419 1645 2679 1698 maneatis
2710 1660 2725 1699 :
2751 1656 2872 1697 cum
2890 1648 3066 1694 autem
3087 1637 3253 1701 addit,
3285 1635 3530 1689 Nondum
3553 1635 3810 1704 impletum

2237 1747 2310 1792 est
2338 1747 2530 1805 tempus
2559 1749 2744 1798 meum,
2775 1732 2876 1785 hoc
2901 1728 3218 1800 significare,
3247 1725 3389 1796 quod
3427 1724 3629 1779 scilicet
3651 1740 3812 1793 opor-

2242 1835 2349 1882 teat
2379 1827 2527 1895 sigua
2553 1824 2686 1888 fieri,
2721 1832 2776 1877 et
2793 1821 3077 1876 conciones
3107 1816 3314 1882 haberi,
3346 1816 3415 1870 ita
3446 1825 3500 1870 ut
3527 1831 3590 1870 ex
3621 1816 3812 1884 populo

2244 1917 2412 1970 multo
2437 1917 2612 1984 plures
2632 1913 2934 1977 crederent,
2957 1919 3012 1965 et
3034 1907 3280 1976 discipuli
3300 1906 3542 1962 videntes
3562 1913 3812 1961 constan-

2247 2007 2371 2062 tiam
2404 2005 2756 2074 liduciamque
2781 2001 3011 2072 Magistri
3040 2000 3142 2064 sui,
3171 2007 3330 2068 atque
3355 2012 3448 2052 eos
3468 2011 3601 2066 quos
3627 2011 3811 2066 passus

2245 2107 2326 2153 est
2351 2097 2636 2160 cruciatus,
2661 2095 2926 2150 ﬁrmiores
2955 2091 3262 2148 evaderent.

2319 2189 2373 2244 '5.
2416 2186 2708 2259 Benignitas
2751 2184 2940 2239 Christi
2982 2179 3428 2236 imitanda.—Ex
3471 2192 3626 2247 supra
3665 2176 3818 2231 dictis

2252 2295 2412 2352 porro
2455 2281 2570 2349 ejus
2613 2277 2993 2347 benignitatem
3032 2283 3086 2329 et
3115 2271 3572 2326 mansuetudinem
3613 2268 3817 2322 edisca-

2253 2387 2371 2428 tnus
2404 2389 2417 2425 :
2452 2371 2637 2425 Discite
2672 2387 2705 2424 a
2754 2385 2852 2436 me,
2882 2369 3002 2440 quia
3041 2367 3176 2420 mitis
3206 2380 3318 2418 sum
3359 2373 3406 2417 et
3443 2361 3649 2415 humilis
3678 2360 3821 2413 corde

2254 2465 2273 2533 (
2298 2462 2480 2516 Matth.
2516 2462 2603 2516 Η.
2633 2459 2739 2532 29)
2767 2477 2781 2514 :
2811 2471 3133 2526 omnemque
3163 2454 3505 2510 acerbitatem
3543 2451 3813 2506 exsciudao

2255 2568 2393 2608 mus.
2425 2552 2480 2606 Si
2520 2551 2640 2621 quis
2669 2550 2823 2604 nobis
2857 2547 3208 2612 insultaverit,
3260 2559 3358 2599 nos
3405 2544 3672 2596 humiliter
3707 2555 3817 2610 agas

2255 2658 2408 2709 mus;
2441 2643 2484 2697 si
2523 2643 2642 2711 quis
2683 2639 2932 2696 ferociter
2969 2639 3154 2710 egerit,
3208 2638 3377 2706 ipsum
3414 2635 3821 2704 mitigemus;si

2257 2732 2626 2800 momorderit,
2660 2733 2950 2787 traduxerit
2988 2741 3043 2786 et
3079 2729 3347 2795 deriseril,
3393 2743 3461 2782 nc
3495 2726 3822 2797 dcjiciamur,

2261 2843 2395 2882 neve
2423 2827 2592 2881 vicem
2620 2825 2915 2895 rependere
2934 2823 3192 2894 aggressi,
3233 2837 3329 2876 nos
3359 2823 3501 2890 ipsos
3527 2819 3826 2889 perdamus.

2262 2917 2396 2973 Fera
2427 2917 2623 2988 quippe
2661 2923 2744 2970 est
2781 2916 2878 2980 ira,
2915 2914 3024 2969 fera
3050 2914 3337 2968 vehemens
3361 2922 3414 2966 et
3437 2909 3656 2964 ardens.
3697 2910 3830 2963 Cano

2265 3020 2438 3063 temus
2480 3007 2659 3076 itaque
2709 3006 2862 3062 nobis
2904 3005 3096 3060 divina:
3141 3003 3428 3072 Scriptura:
3474 3000 3731 3064 carmina,
3781 3009 3828 3054 et

2265 3099 2503 3154 dicamus
2535 3112 2549 3149 :
2575 3095 2738 3152 Terra
2759 3103 2813 3151 et
2839 3095 2974 3150 cinis
2994 3109 3052 3149 es
3079 3093 3226 3164 (Gen.
3259 3095 3311 3149 5.
3346 3093 3458 3165 i9),
3492 3091 3626 3158 Quid
3661 3107 3831 3159 super-

2269 3191 2338 3244 bit
2366 3199 2498 3243 lerra
2521 3197 2567 3242 et
2603 3187 2732 3240 cinis
2757 3183 2864 3254 (Ib.
2896 3186 2982 3241 18.
3008 3184 3100 3238 27.
3128 3183 3288 3238 Eccli.
3325 3183 3412 3237 lt).
3442 3181 3540 3250 9)?
3564 3187 3641 3245 et,
3673 3178 3834 3246 Impe-

2270 3291 2349 3334 tus
2378 3280 2489 3344 ira,
2515 3277 2662 3330 ruina
2695 3286 2765 3329 est
2793 3274 2872 3328 illi
2899 3273 3088 3344 (Eccli.
3114 3274 3166 3328 1.
3204 3271 3296 3327 28.
3338 3271 3469 3335 22);
3501 3280 3575 3332 et,
3629 3268 3721 3321 Vir
3745 3269 3835 3320 iraa

2270 3370 2485 3439 candus,
2519 3385 2617 3421 non
2646 3366 2898 3420 modestus
2927 3373 2998 3418 est
3037 3363 3216 3434 (Prov.
3246 3363 3332 3417 Η.
3374 3361 3489 3430 25).
3531 3359 3676 3415 Nihil
3705 3359 3839 3413 enim

2275 3463 2480 3532 turpius
2498 3457 2778 3515 furibundo
2791 3465 3023 3526 aspectu,
3045 3455 3173 3509 nihil
3192 3451 3618 3524 ingratius.de
3635 3452 3681 3506 si
3699 3463 3841 3519 aspe-

2273 3564 2382 3619 ctu,
2423 3551 2588 3607 multo
2613 3551 2779 3620 magis
2812 3548 3009 3602 animo.
3039 3544 3492 3613 Quemadmodum
3531 3543 3676 3598 enim
3707 3555 3844 3596 como

2275 3655 2419 3702 moto
2445 3658 2599 3700 eteae
2625 3641 2780 3698 fauor
2808 3639 3094 3695 effunditur
3132 3655 3144 3691 :
3179 3637 3256 3691 sic
3277 3636 3458 3690 animo
3482 3634 3556 3688 ira
3585 3640 3842 3702 permoto,

2275 3739 2439 3793 multa
2469 3737 2671 3792 orietur
2699 3732 2968 3803 turpitudo
2992 3738 3046 3785 et
3071 3729 3335 3785 molestia.
3363 3727 3454 3792 At,
3486 3725 3712 3795 inquies,
3745 3739 3846 3778 non

2277 3829 2392 3884 fero
2432 3815 2812 3882 contumeliam
2837 3823 2904 3876 ab
2931 3819 3160 3875 inimicis
3202 3819 3423 3872 illatam.
3470 3814 3620 3869 Cur?
3649 3826 3847 3884 quaso.

2278 3920 2410 3975 Nam
2441 3919 2486 3974 si
2514 3932 2639 3972 vere
2664 3915 2813 3979 dicit,
2841 3914 3000 3968 etiam
3027 3925 3209 3965 coram
3253 3909 3346 3962 illo
3371 3906 3671 3976 compungi-
3695 3919 3851 3974 opor-

2282 4019 2438 4073 teret,
2479 4016 2534 4062 et
2557 4005 2780 4076 gratiam
2812 4004 2910 4073 ipsi
2938 4001 3170 4066 habere;
3215 3998 3295 4052 sin
3326 4011 3455 4051 vero
3497 3995 3771 4058 mentitur,
3803 3991 3852 4046 id

2280 4109 2585 4156 contemne.
2635 4097 2928 4165 Pauperem
2981 4089 3175 4147 vocat?
3222 4088 3374 4144 Ride.
3433 4085 3724 4156 lgnobilem
3774 4083 3855 4138 vel

2283 4191 2501 4247 stultum
2530 4185 2796 4258 appellat?
2837 4183 3128 4253 Ingemisce
3153 4194 3249 4251 pro
3274 4179 3384 4233 illo.
3413 4177 3566 4240 Nam,
3611 4174 3714 4242 Qui
3740 4174 3859 4226 dicit

2284 4281 2433 4352 fratri
2473 4295 2586 4345 suo,
2633 4276 2820 4341 Fatue,
2851 4290 2964 4328 reus
3005 4274 3098 4326 erit
3136 4272 3376 4342 gehennw
3397 4268 3529 4339 ignis
3558 4266 3779 4336 (Matth.
3807 4266 3859 4320 5.

2283 4371 2400 4439 22).
2432 4370 2490 4425 Si
2517 4366 2894 4424 contumeliam
2925 4362 3138 4428 inferat,
3169 4361 3342 4430 cogita
3371 4357 3696 4428 supplicium
3726 4352 3862 4424 quod

2286 4462 2460 4531 ipsum
2502 4466 2703 4522 manet,
2737 4470 2838 4510 nec
2881 4453 3044 4508 modo
3083 4452 3216 4506 iram
3243 4448 3538 4513 cohibehis,
3575 4447 3678 4500 sed
3707 4446 3867 4500 etiam

2287 4552 2550 4619 lacrymas
2594 4547 2856 4602 cffundes.
2900 4543 3084 4613 Neque
3127 4542 3268 4609 epim
3313 4541 3548 4594 irritatur
3598 4538 3866 4607 quispiam

2291 4653 2475 4697 contra
2510 4640 2927 4702 febricitantem,
2957 4644 3048 4689 aut
3067 4642 3221 4688 acuto
3241 4631 3428 4686 morbo
3458 4629 3868 4688 inflammatum,

2292 4732 2384 4787 sed
2413 4731 2613 4785 similes
2657 4730 2802 4783 viros
2829 4727 3112 4780 miseratur
3143 4732 3199 4776 et.
3243 4720 3504 4790 deplorat.
3555 4718 3873 4788 llujusmodi

2294 4833 2374 4878 est
2400 4823 2518 4877 irati
2544 4822 2770 4876 animus.
2788 4818 2893 4876 Sed
2914 4818 2958 4873 si
2985 4818 3064 4871 vis
3086 4825 3137 4871 te
3154 4813 3355 4875 ulcisci,
3375 4821 3514 4879 tace,
3536 4819 3590 4866 et
3607 4820 3875 4881 Opportm

2296 4929 2417 4967 nam
2439 4912 2537 4982 ipsi
2559 4912 2767 4982 plagam
2788 4909 3013 4979 indiges.
3038 4907 3128 4962 Sin
3155 4906 3528 4960 contumeliam
3549 4904 3878 4957 contumelia

2296 5003 2553 5071 depellas,
2584 5002 2756 5071 ignem
2781 4996 3121 5055 succendisti.
3145 4996 3232 5059 At,
3261 4994 3486 5064 inquies,
3511 4993 3554 5046 si
3578 5005 3879 5056 taceamus,

2301 5093 2474 5163 pusilli
2503 5091 2665 5146 animi
2701 5103 3004 5160 urguemur.
3029 5085 3146 5140 Non
3174 5093 3225 5138 te
3254 5084 3429 5152 pusilli
3469 5083 3629 5136 animi
3660 5098 3881 5136 accusa-

2300 5184 2450 5249 bunt,
2477 5183 2571 5238 sed
2599 5180 2988 5253 philosophiam
3017 5187 3161 5232 tuam
3189 5175 3536 5229 mirabuntur.
3563 5172 3622 5227 Si
3657 5186 3794 5228 vero
3821 5187 3880 5225 es

2301 5274 2615 5329 contumelia
2662 5269 3029 5332 inﬂammeris,
3080 5267 3256 5321 locum
3294 5264 3447 5320 dabis
3493 5263 3721 5332 putandi
3763 5277 3886 5315 vera

2302 5380 2421 5419 esse
2444 5379 2564 5434 qua:
2590 5362 2934 5432 objiciuntur.
2960 5359 3088 5422 Cur,
3116 5371 3321 5427 quaeso,
3350 5355 3490 5410 ridet
3519 5354 3681 5409 dives
3716 5355 3808 5422 qui
3833 5367 3886 5404 sc

2306 5471 2592 5525 pauperem
2618 5454 2870 5524 appellari
2893 5451 3080 5506 audit?
3099 5463 3275 5504 annon
3297 5447 3418 5518 quia
3445 5448 3556 5516 ipse
3578 5446 3689 5500 scit
3703 5460 3768 5499 se
3789 5458 3886 5497 twn

2305 5561 2425 5601 esse
2452 5542 2870 5616 pauperem‘flla
2897 5551 2950 5597 et
2973 5555 3070 5596 nos
3092 5540 3138 5594 si
3159 5538 3226 5592 de
3244 5535 3574 5592 contumeliis
3589 5534 3885 5592 rideamus.

2309 5638 2410 5693 hoc
2450 5650 2817 5710 argumentum
2857 5633 2958 5691 erit
2994 5629 3306 5697 maximum,
3351 5640 3449 5683 nos
3482 5624 3605 5701 talis
3640 5623 3727 5680 rei
3771 5637 3886 5677 eous
