3984 6196
276 379 352 430 ,τε
1165 350 1234 406 IN
1271 349 1577 406 JOANNEM
1617 348 1843 404 HOMIL.
1885 350 2066 406 XLIX.
2109 351 2177 406 ai.
2223 354 2446 411 XLVI”;

267 489 377 540 scitis
399 478 535 534 nobis
559 488 660 528 non
683 484 822 525 esse.
858 465 938 522 Ad
963 464 1076 518 haec
1101 477 1376 532 quousque
1406 460 1674 515 hominum
1702 475 1793 515 ac-

262 574 518 631 cusationes
555 559 886 619 metuemus?
931 568 1207 628 quousque
1235 566 1571 607 communem
1616 550 1796 604 Domi-

259 680 361 721 num
383 657 739 727 despiciemus,
771 658 826 706 et
844 647 992 704 carni
1023 643 1338 715 al’ligemur?
1369 642 1492 698 Cant
1514 642 1646 696 enim
1669 642 1796 694 inter

255 771 323 806 ros
345 753 401 804 sit
425 745 664 802 contentio
703 751 748 795 et
778 737 1035 794 a'mulatio
1061 745 1108 788 et
1136 734 1426 796 seditiones,
1475 747 1640 785 nonne
1679 747 1792 784 car-

252 844 368 896 nales
393 840 498 893 estis
549 836 626 907 (1.
674 831 792 888 Cor.
842 831 896 883 5.
937 827 1027 897 '5)?
1069 825 1247 881 Simus
1294 838 1424 893 ergo
1472 821 1792 890 spirituales,

251 933 366 986 hanc
390 926 722 984 deterrimam
761 920 931 975 feram
963 917 1252 971 fronemus.
1288 913 1426 967 Iram
1456 913 1592 965 inter
1619 918 1673 964 et
1711 909 1793 962 fu-

252 1037 402 1078 rorem
441 1019 636 1074 nullnm
681 1013 1007 1073 discrimen;
1053 1006 1147 1062 sed
1190 1003 1537 1073 temporarius
1580 999 1791 1070 quidam

250 1119 428 1171 da-tnon
456 1122 562 1175 est;
593 1110 702 1162 imo
739 1103 1067 1159 dmmoniaco
1104 1098 1273 1168 pejor.
1301 1095 1430 1150 Nam
1467 1093 1793 1148 dzcmoniaco

248 1207 372 1260 venia
393 1203 564 1264 datur;
597 1196 882 1252 iracundus
919 1202 1097 1247 autem
1125 1189 1272 1244 mille
1300 1185 1570 1255 suppliciis
1605 1183 1793 1252 dignus

244 1299 343 1357 erit,
369 1292 448 1362 qui
483 1305 539 1346 se
581 1296 773 1357 sponte
814 1285 866 1338 in
910 1280 1163 1352 perniciei
1213 1275 1459 1362 baratltra
1494 1272 1693 1341 dejicit,
1726 1279 1782 1324 et

247 1395 346 1438 ante
365 1361 579 1436 futuram
604 1375 902 1446 gehennam
935 1370 1021 1424 hic
1056 1369 1166 1436 jam
1197 1379 1382 1436 poenas
1410 1361 1537 1416 dare
1569 1361 1788 1429 incipit:

3379 364 3484 419 271

1909 463 2030 522 dum
2062 472 2284 525 tumultu
2323 481 2576 542 perpetuo
2607 481 2659 527 et
2685 482 2816 528 a‘stu
2861 474 3179 530 intolerabili
3210 477 3485 546 cogitatio.

1905 576 2029 613 num
2075 571 2228 616 nocte
2256 561 2446 631 dieque
2486 563 2802 632 esagitatur.
2834 564 2903 620 Ut
2945 566 3120 634 itaque
3149 576 3202 620 et
3231 569 3480 636 pra-senti

1903 654 2158 721 supplicio
2189 662 2241 707 et
2271 656 2439 707 futura
2475 654 2702 708 vindicta
2732 670 2831 709 nos
2856 656 3167 721 liberemus,
3200 656 3301 711 hoc
3328 657 3482 726 pulso

1903 745 2063 798 animi
2111 744 2318 809 morbo,
2357 760 2570 799 omnem
2611 745 2954 800 exhibeamus
2993 747 3476 812 mansuetudinem,

1904 843 1960 888 ut
1986 834 2220 903 requiem
2257 834 2534 888 animabus
2563 835 2760 890 nostris
2786 836 3113 889 inveniamus
3142 845 3198 890 et
3231 836 3318 890 hic
3347 845 3400 890 et
3427 836 3479 889 in

1902 940 2065 994 regno
2104 925 2386 990 canorum;
2440 925 2579 994 quod
2630 926 2833 980 utinam
2873 941 3059 980 omnes
3108 939 3472 994 assequamur,

1901 1016 2064 1085 gratia
2109 1025 2164 1070 et
2217 1015 2540 1084 benignitate
2586 1016 2794 1069 Domini
2849 1016 3015 1070 nostri
3059 1015 3186 1070 Jesu
3237 1014 3469 1078 Christi.

1902 1123 1995 1176 per
2023 1122 2178 1176 quem
2233 1115 2287 1160 et
2335 1123 2454 1161 cum
2499 1121 2604 1176 quo
2644 1107 2788 1160 Patri
2835 1106 3000 1174 gloria
3051 1105 3313 1175 simulque
3360 1105 3478 1172 Spi-

1901 1197 2022 1249 ritui
2053 1204 2256 1261 sancto,
2297 1211 2438 1250 nunc
2483 1205 2538 1249 et
2581 1210 2814 1264 semper,
2857 1205 2911 1248 et
2956 1196 3005 1248 in
3034 1194 3227 1249 sarcula
3252 1195 3478 1249 sa‘culo-

1905 1307 2039 1348 rum.
2073 1294 2260 1344 Amen.

1569 1522 1913 1584 HOMILIA
1958 1520 2183 1580 XLIX.

242 1671 346 1726 Cir.
371 1669 418 1722 'l.
447 1683 494 1720 ν.
515 1665 571 1720 9.
607 1663 733 1717 Ilaec
757 1675 871 1713 cum
904 1656 1108 1710 dixisset
1139 1652 1240 1706 illis
1264 1692 1278 1717 ,
1303 1651 1490 1703 mansit
1536 1647 1590 1700 in
1638 1644 1783 1698 Gali-

299 1764 398 1812 tam.
422 1758 501 1812 10.
549 1753 622 1810 Ut
650 1763 816 1807 autent
844 1748 1172 1802 ascenderunt
1209 1745 1388 1812 fratres
1431 1741 1558 1803 eius,
1593 1747 1708 1790 tunc
1737 1745 1782 1788 et

298 1851 388 1918 ipse
424 1846 642 1901 ascendit
690 1842 758 1894 ad
800 1842 930 1893 diem
972 1840 1174 1908 festum,
1220 1848 1318 1885 non
1363 1829 1643 1896 manifeste,
1695 1827 1782 1880 sed

295 1939 421 2008 quasi
439 1939 485 1990 in
516 1935 739 1990 occulto.

299 2033 340 2086 1.
363 2029 574 2085 Christus
608 2027 828 2078 humano
870 2036 1005 2074 more
1033 2019 1198 2072 vivens
1239 2013 1462 2068 homines
1497 2012 1673 2065 docere
1700 2010 1780 2062 in-

240 2122 387 2174 tendit.
416 2120 507 2173 Cur
529 2115 764 2173 Christus
785 2113 869 2182 qui
892 2111 1062 2182 palam
1087 2123 1278 2176 semper
1306 2102 1614 2172 loquebatur,
1648 2116 1781 2153 nunc

235 2214 278 2264 in
316 2212 488 2264 occulto
515 2202 990 2276 (equitum—Qua:
1028 2200 1263 2252 humano
1300 2209 1450 2249 more
1495 2208 1525 2246 a
1567 2190 1780 2246 Christo

235 2305 598 2371 dispensantur,
629 2313 732 2352 non
766 2296 887 2350 ideo
935 2301 1136 2347 tantum
1179 2290 1310 2342 liunt
1357 2297 1412 2341 ut
1459 2285 1781 2340 incarnatio-

243 2410 348 2448 nem
375 2395 689 2451 conlirment,
722 2388 818 2442 sed
849 2385 1008 2440 etiam
1037 2391 1094 2435 ut
1123 2395 1220 2434 nos
1250 2378 1314 2432 ad
1344 2378 1589 2431 virtutem
1624 2373 1778 2428 insti-

238 2496 388 2538 tuant.
429 2485 479 2539 Si
507 2483 642 2538 enim
665 2481 847 2534 omnia
875 2486 1141 2544 tamquam
1188 2472 1326 2524 Deus
1370 2469 1600 2530 iecisset,
1650 2479 1782 2534 quo-

235 2578 374 2629 modo
417 2587 684 2643 possemus
728 2584 847 2634 nos,
897 2581 1016 2620 cum
1067 2564 1272 2631 ingrata
1324 2557 1602 2619 accidunt,
1653 2554 1778 2624 quid

233 2666 496 2722 faciendum
523 2665 599 2718 sit
627 2659 904 2717 ediscere?
932 2665 988 2709 nt
1022 2653 1169 2708 verbi
1219 2651 1382 2720 gratia
1425 2649 1526 2702 hoc
1552 2649 1603 2701 in
1636 2647 1776 2712 loco,

231 2758 268 2808 si
293 2756 468 2809 Iudaeis
493 2767 681 2807 necem
722 2747 1062 2817 spirantibus,
1113 2743 1166 2796 in
1206 2741 1438 2795 medium
1471 2737 1780 2813 procedens

230 2848 382 2902 statim
421 2860 608 2899 eorum
655 2844 909 2910 impetum
962 2837 1306 2891 coercuisset.
1350 2832 1404 2886 Si
1457 2831 1633 2900 itaque
1678 2829 1778 2883 hoc

229 2939 412 2994 assidue
441 2937 678 2998 fecisset,
710 2947 810 2986 nos
853 2930 904 2983 in
935 2927 1123 2982 eadem
1171 2922 1486 2984 incidentes,
1515 2937 1634 2974 cum
1670 2934 1774 2973 non

230 3043 470 3096 pttsSClIIUS
513 3027 662 3081 idem
713 3030 986 3092 praestare,
1031 3014 1299 3088 quomodo
1343 3013 1599 3068 sciremus
1650 3010 1773 3080 quid

224 3122 448 3188 agendum
475 3117 666 3173 esset?
692 3125 867 3169 utrum
894 3111 1026 3166 mori
1048 3113 1336 3179 oporteret,
1365 3120 1432 3158 an
1456 3102 1599 3158 aliud
1624 3102 1774 3172 quid-

225 3211 340 3278 piam
368 3209 666 3279 providere,
713 3215 768 3259 ut
811 3216 989 3258 sermo
1039 3195 1388 3268 procederet?
1436 3193 1567 3259 Quia
1617 3193 1774 3262 igitur

222 3317 320 3365 nos,
347 3303 427 3370 qui
456 3302 571 3369 pari
623 3304 884 3368 potestate
929 3291 1134 3361 praediti
1175 3303 1280 3342 non
1324 3299 1528 3346 sumus,
1559 3282 1686 3353 quid
1718 3285 1770 3336 in

220 3392 419 3445 medium
447 3383 1032 3460 ingreSSislacicndum
1064 3385 1209 3434 esset
1233 3391 1335 3430 non
1361 3374 1767 3437 didicissemus;

217 3482 311 3537 hac
337 3482 445 3536 ideo
465 3482 532 3534 ab
563 3470 660 3534 illo
690 3477 964 3530 docemur.
993 3471 1123 3525 Nam
1150 3469 1247 3534 ait,
1286 3465 1407 3520 ch
1427 3481 1536 3518 cum
1566 3463 1770 3516 dixisset

214 3573 357 3637 Iesus,
383 3573 565 3625 mansit
600 3573 652 3622 in
691 3568 923 3621 Galilam.
977 3562 1044 3616 Ut
1087 3569 1251 3612 autem
1295 3555 1623 3610 ascenderunt
1662 3557 1768 3622 fra-

213 3673 292 3716 tres
330 3665 450 3732 ejus,
499 3672 630 3715 tunc
678 3669 722 3711 et
753 3659 861 3726 ipse
899 3651 1142 3713 ascendit,
1201 3664 1301 3702 non
1345 3646 1629 3714 manifeste,
1677 3641 1765 3695 sed

211 3754 329 3819 quasi
350 3731 401 3806 in
421 3753 647 3805 occulto.
688 3747 828 3810 lla'c,
866 3741 1208 3796 Ascenderuut
1239 3742 1420 3807 fratres
1450 3735 1578 3804 ejus,
1605 3731 1768 3801 signi-

211 3844 344 3898 licant
387 3843 556 3913 ipsum
613 3838 844 3892 noluisse
870 3849 990 3888 cum
1023 3831 1122 3884 illis
1149 3825 1459 3882 ascendere.
1500 3821 1769 3890 Quamob-

210 3949 303 3988 rem
332 3935 393 3988 ibi
411 3912 648 3996 manet,
678 3941 850 3996 neque
895 3938 1014 3978 sese
1048 3918 1330 3975 manifeste
1359 3913 1611 3978 ostendit,
1645 3912 1768 3965 licet

208 4023 250 4076 id
273 4024 337 4078 illi
370 4025 686 4079 suaderent.
709 4019 814 4074 Cur
835 4030 962 4070 vero
998 4015 1088 4084 qui
1130 4011 1300 4080 palam
1341 4020 1551 4074 semper
1580 4005 1766 4073 loque-

208 4113 357 4180 batur,
406 4131 548 4170 nunc
597 4111 744 4182 quasi
792 4110 844 4164 in
875 4107 1085 4162 occulto
1133 4103 1184 4158 id
1238 4102 1401 4156 facit?
1441 4098 1558 4152 Non
1609 4096 1762 4162 dixit,

207 4207 415 4272 Occultc,
444 4207 566 4270 sed,
607 4203 765 4270 Quasi
789 4202 843 4254 in
884 4199 1102 4253 occulto.
1144 4195 1232 4250 Sic
1281 4193 1423 4246 enim
1461 4188 1762 4258 oportebat,

185 4296 637 4362 ‘quemadmodum
668 4293 800 4357 disi,
834 4300 889 4345 ut
911 4305 1009 4344 nos
1033 4288 1252 4342 doceret
1285 4284 1399 4338 lucc
1425 4284 1635 4351 negotia
1674 4295 1765 4349 ge-

205 4403 324 4443 rere.
353 4390 557 4458 Alioqui
600 4401 704 4439 non
735 4400 829 4454 par
857 4391 971 4436 erat
1000 4380 1106 4435 illis
1147 4377 1296 4432 iratis
1324 4385 1378 4430 et
1419 4373 1766 4428 frementibus

203 4490 310 4535 tunc
349 4495 690 4550 comparere,
728 4479 822 4534 sed
861 4485 980 4546 post
1021 4474 1163 4528 diem
1208 4471 1421 4525 festum.
1467 4468 1554 4521 11.
1593 4465 1764 4519 Judaei

202 4588 301 4639 ergo
324 4576 614 4638 σιυωτεὺηηι
635 4589 766 4632 eum,
794 4580 840 4624 et
861 4569 1107 4630 dicebant,
1139 4564 1236 4620 Ubi
1256 4572 1328 4616 est
1355 4562 1480 4615 ille?
1505 4561 1762 4615 Prmclara

197 4673 322 4715 certe
353 4665 402 4716 iu
442 4663 533 4716 die
595 4660 729 4715 festo
767 4658 967 4728 opera!
1002 4656 1068 4710 ad
1114 4654 1313 4708 cmdetn
1361 4657 1668 4722 properant,
1710 4648 1761 4701 in

200 4751 317 4803 festo
339 4755 656 4807 consultant.
681 4750 945 4819 quomodo
972 4748 1180 4816 capiant
1227 4746 1393 4798 illum.
1443 4741 1532 4796 Sic
1561 4749 1615 4795 et
1639 4739 1763 4793 alibi

195 4839 359 4894 dicunt
389 4859 405 4895 ε
435 4841 581 4907 Quid
609 4841 813 4908 putatis,
853 4839 970 4907 quia
1012 4853 1112 4889 non
1161 4836 1290 4888 venit
1315 4833 1382 4884 ad
1407 4833 1538 4884 diem
1578 4830 1762 4898 festum

169 4927 358 4993 ,(Ioan.
409 4932 498 4985 11.
547 4931 685 4999 56)?
723 4928 790 4982 Et
833 4928 918 4981 hic
955 4925 1223 4988 dicebant,
1279 4921 1375 4976 Ubi
1417 4929 1487 4973 est
1529 4919 1658 4972 ille?
1685 4917 1763 4972 Ex

194 5019 348 5075 nimio
381 5020 510 5075 odio
559 5035 627 5073 ne
672 5017 947 5071 nominare
990 5013 1203 5082 quidem
1233 5012 1538 5081 dignantur.
1578 5007 1762 5076 Magna

192 5118 321 5163 certe
341 5110 462 5164 festi
497 5108 821 5173 reverentia,
854 5110 1037 5175 ingens
1076 5103 1274 5174 pietas!
1307 5101 1393 5154 die
1429 5098 1562 5153 festo
1593 5098 1764 5167 ipsum

190 5213 370 5268 capere
399 5201 678 5254 volebant.
703 5199 788 5253 12.
817 5197 886 5252 Et
913 5211 1141 5250 murmur
1177 5194 1389 5247 multant
1418 5200 1523 5245 erat
1549 5191 1609 5244 de
1629 5206 1686 5244 eo
1714 5191 1766 5243 iu

190 5290 344 5342 mbo.
378 5290 520 5344 Puto
543 5301 718 5343 autem
756 5289 874 5342 illos
912 5289 963 5341 in
998 5286 1226 5340 furorem
1261 5293 1411 5338 actos
1435 5297 1463 5335 a
1501 5281 1638 5345 loco,
1679 5279 1765 5333 ubi

189 5378 386 5444 signum
421 5381 628 5434 factum
658 5379 846 5443 fuerat,
875 5388 1034 5447 atque
1066 5384 1431 5444 exasperatos,
1461 5388 1567 5426 non
1603 5373 1671 5426 ita
1699 5373 1767 5426 de

193 5481 245 5518 re
266 5477 416 5535 gesta
459 5468 765 5537 indignatos
792 5482 932 5532 esse,
958 5476 1014 5520 ut
1046 5466 1302 5520 timebant
1348 5461 1566 5532 nequid
1595 5461 1768 5516 simile

195 5557 375 5613 iterum
406 5562 636 5615 faceret.
678 5562 1013 5615 Contrarium
1041 5571 1202 5627 porro
1241 5554 1452 5618 accidit,
1495 5553 1577 5608 vel
1620 5551 1766 5607 inviti

190 5650 382 5704 clarum
424 5653 610 5721 ipsum
648 5651 1010 5708 reddiderunt.
1067 5649 1287 5714 Quidam
1334 5646 1598 5710 dicebant,
1651 5643 1768 5714 quia

190 5737 340 5794 Mus
366 5751 467 5810 est,
497 5739 616 5809 alii,
657 5739 795 5810 Non,
837 5740 934 5794 sed.
967 5739 1158 5795 seducit
1205 5736 1393 5792 turbas.
1449 5735 1590 5791 Illam
1643 5741 1768 5805 puto

1892 1641 2054 1696 fuisse
2082 1641 2435 1696 multitudinis
2464 1642 2800 1712 Opinionem;
2828 1644 2984 1698 aliam
3022 1660 3149 1699 vero
3176 1647 3480 1716 principum

1890 1740 1945 1784 et
1967 1730 2302 1784 sacerdotum
2335 1747 2347 1782 ε
2383 1746 2502 1783 nam
2534 1731 2844 1785 calumniari
2875 1732 2939 1786 ad
2973 1733 3182 1786 illorutn
3216 1735 3492 1789 invidiam.

1888 1831 1942 1876 ct
1986 1822 2274 1890 nequitiam
2315 1822 2637 1892 pertinebat.
2681 1822 2889 1878 Seducit
2935 1825 3162 1888 turbam,
3206 1827 3492 1897 inquiunt..

1888 1912 2186 1978 Quomodo,
2214 1915 2433 1983 qumso?
2455 1914 2587 1968 Num
2605 1916 2724 1984 quia
2750 1917 2896 1984 signa
2922 1917 3155 1984 simulat,
3177 1934 3280 1972 non
3312 1920 3478 1974 facit?

1886 2007 2044 2075 Atqui
2071 2006 2395 2060 contrarium
2424 2007 2750 2075 experientia
2776 2007 2950 2061 docet.
2985 2009 3071 2063 15.
3103 2007 3270 2064 Nemo
3301 2019 3469 2064 tamen

1886 2099 2057 2166 palam
2095 2097 2392 2168 loquebatur
2439 2098 2501 2151 de
2537 2098 2628 2151 illo
2675 2109 2877 2168 propter
2917 2111 3102 2152 metum
3143 2100 3464 2154 Judteorunt.

1889 2189 2048 2244 Vides
2078 2189 2272 2258 ubique
2298 2189 2580 2257 optimates
2605 2199 2906 2258 corruptos,
2933 2191 3138 2258 plebem
3171 2205 3297 2244 vero
3318 2201 3483 2246 recte—

1885 2279 2223 2342 scntientem,
2255 2278 2347 2332 sed
2389 2291 2494 2331 non
2540 2278 2815 2346 pratditam
2867 2293 2928 2332 ea
2964 2278 3273 2334 fortitudine
3305 2295 3465 2348 quant

1884 2370 2195 2440 oportebat?
2225 2370 2310 2423 14.
2339 2368 2459 2422 Jam
2489 2380 2655 2421 autem
2685 2369 2767 2421 die
2787 2371 2914 2438 festo
2941 2370 3209 2434 mediante,
3239 2370 3485 2423 ascendit.

1883 2461 2049 2521 Jesus.
2095 2471 2141 2514 et
2183 2460 2405 2514 docebat.
2459 2459 2799 2527 Exspectatio
2846 2459 3158 2513 attentiores
3208 2459 3458 2514 reddidit.

1882 2551 2013 2606 Nam
2040 2553 2126 2622 qui
2173 2552 2435 2620 prioribus
2461 2550 2648 2605 diebus
2688 2549 2996 2619 qurrebant
3037 2566 3157 2604 cum
3201 2551 3455 2616 dicentes,

1888 2642 1986 2697 Ubi
2035 2651 2105 2696 est
2144 2643 2269 2694 ille?
2325 2649 2544 2709 repente
2588 2640 2735 2693 illum
2785 2639 3045 2704 videntes,
3096 2640 3460 2695 animadverte

1883 2732 2150 2803 quomodo
2176 2731 2408 2796 adstent,
2463 2740 2516 2786 et
2556 2731 2857 2800 loquentem
2903 2730 3206 2794 observent,
3244 2738 3350 2784 tam
3382 2731 3456 2784 illi

1881 2827 1967 2895 qui
1998 2827 2212 2890 bonum,
2243 2839 2397 2894 quam
2427 2823 2512 2877 alii
2539 2823 2630 2893 qui
2657 2822 2850 2877 malum
2874 2821 3019 2878 illum
3050 2821 3298 2876 dicebant
3327 2822 3460 2877 :sed

1882 2918 1956 2970 illi
2006 2926 2061 2970 ut
2109 2917 2378 2985 quidpiam
2425 2916 2551 2969 lucri
2605 2924 2972 2984 reportarem,
3029 2915 3456 2987 mirarenturque

1881 3008 2085 3076 ipsum;
2117 3007 2203 3059 alii
2249 3015 2305 3058 ut
2343 3003 2856 3072 comprehenderent
2901 3015 2955 3060 et
2999 3016 3270 3074 caperent.
3319 3007 3455 3061 lllttd

1878 3107 2076 3161 autem,
2107 3097 2313 3151 Seducit
2351 3099 2567 3159 turbam,
2614 3110 2710 3166 per
2734 3096 3026 3150 doctrinam
3076 3099 3298 3158 scilicet,
3345 3115 3450 3153 non

1878 3188 2234 3256 intelligentes
2257 3185 2382 3255 quid
2406 3185 2609 3240 diceret
2641 3203 2654 3239 :
2683 3186 2808 3240 illud
2835 3201 2982 3252 vero,
3013 3186 3206 3254 Bonus,
3234 3203 3263 3242 a
3287 3189 3452 3258 signis

1875 3277 2170 3333 dicebatur.
2197 3277 2391 3332 Sedato
2439 3275 2615 3345 itaque
2646 3275 2853 3330 illorum
2897 3276 3075 3332 lurore
3122 3278 3193 3332 ita
3239 3278 3447 3343 institit,

1876 3378 1934 3424 ut
1957 3369 2116 3424 verba
2146 3382 2240 3422 sua
2269 3367 2550 3436 diligenter
2575 3367 2840 3432 audirent,
2883 3382 3054 3437 neque
3090 3369 3319 3437 amplius
3363 3371 3447 3422 in-

1873 3458 2070 3528 dignati
2101 3471 2256 3512 aures
2280 3456 2640 3512 obstruerent.
2673 3455 2808 3523 Quid
2837 3456 3096 3522 docuerit,
3126 3472 3229 3512 non
3270 3469 3449 3514 narrat

1872 3551 2225 3620 evangelista;
2272 3549 2322 3603 id
2367 3547 2540 3603 solum
2587 3547 2712 3603 dicit
2752 3547 2891 3618 quod
2935 3547 3247 3605 mirabiliter
3272 3550 3341 3604 sit
3365 3551 3446 3604 lo-

1871 3655 2085 3716 quutus,
2116 3645 2257 3715 quod
2287 3645 2433 3714 ipsos
2455 3643 2786 3708 dcmulserit,
2819 3651 2876 3696 et
2904 3643 3120 3697 mutarit
3145 3659 3158 3695 :
3191 3652 3334 3697 tanta
3360 3643 3445 3697 di-

1870 3746 2076 3792 ctorum
2104 3739 2270 3790 virtus
2285 3744 2419 3790 erat.
2439 3733 2539 3802 Qui
2569 3749 2694 3788 vero
2710 3733 2976 3801 dicebant,
2999 3733 3206 3789 Seducit
3227 3735 3445 3799 turbam,

1870 3827 2054 3880 mutati
2077 3827 2186 3896 jam
2214 3825 2629 3889 admirabantur,
2672 3823 2896 3893 ideoque
2939 3825 3018 3878 sic
3053 3824 3442 3893 loquebantur:

1871 3919 1956 3972 15.
1994 3916 2255 3983 Quomodo
2284 3917 2376 3967 scit
2404 3915 2594 3977 literas,
2625 3914 2710 3981 qui
2739 3929 2837 3964 non
2863 3913 3079 3966 didicit?
3106 3912 3293 3967 Viden’
3313 3929 3446 3982 quo-

1869 4006 2028 4060 modo
2054 4004 2455 4058 admirationem
2501 4017 2682 4056 eorum
2723 4001 2953 4068 nequitia
2985 4001 3194 4068 plenam
3222 4001 3444 4056 demons

1869 4097 2042 4150 stret?
2070 4094 2184 4148 Non
2230 4096 2371 4146 enim
2402 4091 2528 4146 dicit
2558 4091 2702 4159 ipsos
2728 4089 3022 4145 doctrinam
3055 4091 3272 4145 miratos
3301 4105 3442 4155 esse,

1871 4189 1956 4241 vel
1985 4186 2123 4240 dicta
2154 4184 2432 4238 admisisse
2464 4201 2476 4236 :
2508 4181 2600 4235 sed
2632 4191 2854 4245 tantum,
2881 4180 3234 4244 Mirabautur;
3266 4181 3315 4235 id
3339 4192 3442 4245 est,

1870 4277 1922 4331 in
1951 4289 2218 4345 smporcm
2247 4273 2553 4328 deciderant
2579 4272 2836 4335 dicentes,
2869 4270 3020 4327 Unde
3042 4272 3118 4326 illi
3147 4272 3460 4327 haec?cum.

1869 4383 1933 4422 ex
1965 4367 2294 4421 dubitatione
2325 4365 2412 4418 tali
2464 4363 2766 4434 perspicere
2799 4362 3110 4418 debuissent
3151 4363 3279 4417 nihil
3325 4366 3442 4433 puri

1871 4459 2100 4514 hominis
2131 4459 2180 4512 in
2226 4457 2317 4511 illo
2363 4456 2544 4510 luisse.
2579 4454 2774 4510 Verum
2806 4455 2927 4525 quia
2956 4455 3056 4509 hoc
3088 4455 3162 4509 illi
3203 4456 3443 4510 conliteri

1871 4550 2140 4616 nolebant,
2167 4549 2263 4604 sed
2292 4547 2618 4602 mirabantur
2647 4546 2843 4613 solum,
2863 4545 2984 4601 audi
3006 4545 3130 4616 quid
3161 4546 3247 4601 ille
3267 4545 3441 4601 dicat:

1875 4643 1960 4697 16.
2001 4639 2120 4694 Mea
2161 4639 2388 4692 doctrina
2414 4653 2514 4690 non
2547 4646 2620 4690 est
2663 4652 2792 4690 mea.
2825 4637 3028 4691 Rursus
3055 4651 3239 4690 eorum
3268 4637 3442 4705 suspi-

1869 4732 2009 4786 cioni
2035 4728 2340 4799 respondet,
2369 4726 2435 4781 ad
2467 4727 2677 4781 Patrem
2725 4727 2844 4782 illos
2885 4727 3172 4791 abducens,
3216 4733 3273 4779 ut
3321 4725 3444 4781 inde

1872 4827 1973 4881 illis
1999 4828 2266 4882 silentium
2298 4829 2534 4897 imponat
2562 4845 2574 4880 :
2609 4827 2697 4881 17.
2741 4826 2804 4880 Si
2830 4825 2938 4894 quis
2970 4825 3179 4878 voluerit
3206 4823 3444 4876 volunta-

1871 4929 1967 4972 tem
1991 4921 2103 4989 ejus
2131 4923 2315 4991 facere,
2355 4928 2614 4991 cognoscet
2660 4919 2722 4971 de
2751 4918 2999 4983 doctrina,
3037 4927 3206 4972 utrum
3244 4932 3308 4972 ea:
3340 4915 3444 4970 Deo

1870 5010 1950 5072 sit,
1977 5026 2042 5062 an
2064 5025 2154 5078 ego
2179 5028 2210 5062 a
2237 5011 2427 5079 meipso
2455 5010 2651 5078 loquar.
2685 5007 2795 5062 Hoc
2815 5016 2916 5070 est,
2943 5005 3260 5077 Nequitiam,
3287 5006 3439 5069 iram,

1872 5098 2119 5152 invidiam
2147 5099 2350 5168 ejicite;
2379 5113 2582 5153 necnon
2610 5096 2788 5151 odium
2816 5095 2954 5164 quod
2994 5105 3174 5150 contra
3212 5107 3299 5149 me
3326 5093 3445 5148 sine

1872 5200 2028 5241 causa
2055 5188 2383 5258 suscepistis,
2413 5195 2468 5241 ct.
2493 5185 2623 5240 nihil
2662 5183 2914 5252 impediet
2938 5184 3063 5253 quin
3110 5183 3445 5252 cognoscatis

1877 5276 2036 5330 verba
2065 5292 2180 5331 mea
2207 5293 2332 5332 vere
2366 5277 2455 5331 Dei
2487 5290 2625 5330 esse.
2660 5273 2807 5328 Nunc
2837 5274 2950 5327 haec
2975 5289 3068 5327 vos
3100 5272 3330 5326 tenebris
3361 5272 3445 5326 of-

1873 5365 2118 5428 fundunt.
2141 5376 2193 5420 et
2222 5376 2423 5421 rectum
2454 5365 2590 5434 apud
2629 5379 2722 5418 vos
2741 5363 2997 5432 judicium
3025 5371 3370 5432 pervertunt;
3402 5364 3444 5418 si

1876 5458 1988 5513 lucc
2012 5459 2314 5521 eliminetis,
2348 5473 2452 5511 non
2485 5455 2613 5510 illud
2656 5455 2946 5525 patiemini.
2977 5454 3080 5510 Sed
3108 5471 3213 5509 non
3259 5455 3328 5509 ita
3369 5455 3448 5510 lo.

1875 5557 2069 5618 quuttts
2096 5555 2195 5612 est,
2223 5563 2290 5602 ne
2330 5547 2486 5601 nimis
2527 5546 2645 5601 illos
2675 5544 3090 5616 perstringeret;
3120 5561 3302 5600 verum
3332 5545 3446 5600 lure

1877 5641 2052 5696 omnia
2079 5638 2450 5703 subindicavit,
2478 5653 2596 5694 cum
2619 5638 2839 5702 diceret,
2867 5637 2966 5706 Qui
2995 5639 3114 5708 facit
3143 5639 3445 5692 voluntatem

1877 5734 2006 5800 ejus,
2036 5741 2294 5802 cognoscet
2334 5730 2394 5784 de
2423 5730 2669 5795 doctrina,
2711 5739 2873 5782 utrum
2904 5745 2967 5784 ca:
2994 5727 3099 5784 Deo
3127 5730 3212 5798 sit,
3253 5745 3317 5783 an
3352 5744 3446 5798 ego
