3984 6196
561 320 663 377 ﬂii

557 456 587 491 η
616 437 804 502 meipso
832 432 1048 501 loquar;
1078 429 1126 484 id
1158 437 1260 493 est,
1294 428 1426 482 Num
1472 429 1701 481 alicnntn
1738 425 1885 496 quid,
1916 438 2003 480 aut
2035 441 2127 479 n0:

555 546 700 591 vntn,
725 536 816 580 aut
841 526 1165 580 contrarium
1197 521 1485 588 proteram.
1513 520 1641 573 Nam
1674 520 1821 582 illud,
1848 521 1886 571 Α
1920 520 2129 589 meipso,

554 633 767 686 semper
796 615 862 671 ad
908 615 1008 671 hoc
1051 613 1295 677 rel'ertur,
1322 611 1461 680 quod
1504 611 1629 663 nihil
1658 620 1840 678 pra'tet
1880 609 2129 678 placitum

548 709 666 774 ejus
699 708 921 771 loquar;
953 704 1045 759 sed
1089 704 1266 759 omnia
1304 719 1423 772 qua:
1455 702 1611 756 Pater
1640 700 1766 765 vult,
1810 700 1923 754 hrec
1951 709 2004 753 et
2032 714 2130 768 ego

549 798 691 851 \‘ulo.
726 796 789 851 Si
821 798 931 866 quis
962 795 1262 849 voluntatem
1306 794 1414 865 ejus
1443 794 1611 862 faciat,
1660 800 1919 861 cognoscet
1947 791 2007 843 de
2046 793 2131 843 do-

549 890 731 947 ctrina.
765 888 900 955 Quid
931 889 1030 943 sibi
1078 888 1189 941 vult
1236 885 1384 949 illud,
1435 884 1496 938 Si
1542 885 1654 949 quis
1688 884 1990 936 voluntatem
2020 883 2129 949 ejus

550 982 702 1048 faciat
725 979 821 1039 IId
839 990 940 1044 est,
965 979 1019 1034 Si
1045 979 1161 1047 quis
1179 976 1387 1031 virtutis
1411 976 1477 1029 sit
1494 983 1718 1037 amator,
1737 973 1999 1027 dictorum
2023 971 2127 1026 vim

546 1083 866 1141 cognoscet;
898 1072 941 1123 si
988 1070 1107 1138 quis
1149 1068 1275 1122 velit
1320 1066 1614 1136 prophetiis
1655 1065 1952 1130 attendere,
1999 1080 2127 1118 num

546 1161 841 1217 secundum
869 1176 961 1215 eas
986 1161 1190 1229 loquar,
1215 1174 1402 1213 necne.

618 1253 675 1306 2.
709 1251 972 1318 Quomodo
1003 1252 1166 1304 dicere
1190 1250 1403 1319 potuerit
1426 1246 1654 1301 Christus
1680 1247 1904 1301 eamdem
1934 1247 2127 1301 doctri-

544 1359 661 1394 nam
689 1358 793 1395 esse
818 1350 863 1394 et
894 1356 992 1394 non
1021 1356 1126 1393 esse
1153 1356 1316 1393 suam.
1349 1338 1649 1408 ngostasis
1673 1338 1775 1391 alia
1802 1338 1994 1403 Patris,
2023 1341 2128 1393 alia

543 1432 691 1487 Filii.
714 1462 784 1472 —
804 1430 1082 1497 Quomodo
1101 1446 1194 1484 sua
1218 1445 1337 1483 esse
1362 1436 1551 1498 potest,
1578 1437 1631 1482 et
1657 1444 1759 1481 non
1788 1442 1881 1482 sua
1900 1428 1923 1480 ?
1942 1428 2126 1497 Neque

544 1526 690 1578 enim
710 1523 862 1587 dixit,
890 1522 1136 1576 Doctrina
1166 1520 1282 1575 haec
1311 1536 1416 1574 non
1440 1529 1521 1573 est
1543 1536 1659 1574 mea
1683 1536 1696 1585 ;
1721 1519 1814 1574 sed
1835 1535 1956 1575 cum
1980 1520 2126 1589 prius

542 1631 717 1679 ineant
748 1615 989 1679 dixisset,
1011 1622 1065 1669 et
1092 1613 1189 1667 sibi
1222 1613 1487 1682 propriam
1518 1612 1752 1677 fecisset,
1778 1621 1902 1667 tunc
1927 1614 2122 1677 intulit,

543 1706 667 1759 Non
697 1717 768 1760 est
799 1722 929 1762 mea.
963 1704 1241 1771 Quomodo
1273 1712 1445 1772 potest
1478 1703 1705 1771 idipsum
1734 1718 1853 1758 esse
1890 1720 2043 1758 suum
2069 1714 2125 1758 et

542 1812 648 1853 non
687 1798 877 1852 suum?
913 1795 1018 1851 Sua
1040 1836 1055 1861 ,
1087 1795 1208 1865 quia
1252 1810 1355 1848 non
1393 1794 1443 1849 id
1481 1795 1701 1849 edoctus
1736 1794 1983 1861 dicebat;
2016 1813 2119 1852 non

541 1904 634 1944 sua
656 1932 672 1956 ,
701 1891 823 1958 quia
854 1889 1094 1944 doctrina
1123 1888 1298 1942 Patris
1323 1896 1459 1941 erat.
1490 1888 1770 1954 Quomodo
1798 1902 1926 1957 ergo
1953 1889 2118 1954 dicit,

544 1979 726 2035 Omnia
754 1995 867 2049 quae
890 1989 1007 2033 sunt
1036 1978 1209 2032 Patris
1236 1994 1345 2031 mea
1372 1988 1488 2032 sunt
1506 2020 1521 2042 ,
1554 1988 1601 2031 et
1632 1994 1745 2048 quia
1774 1996 1917 2045 mea,
1950 1978 2121 2035 Patris

538 2070 716 2137 (Joan.
752 2070 839 2124 17.
870 2068 1000 2139 10)?
1027 2069 1082 2125 Si
1108 2070 1249 2122 enim
1279 2069 1399 2138 quia
1426 2069 1600 2123 Patris
1623 2077 1737 2134 est,
1767 2068 1886 2124 ideo
1913 2086 2017 2123 non
2040 2078 2122 2124 est

540 2172 626 2216 tua
648 2203 663 2225 ,
695 2162 888 2220 falsum
928 2170 1012 2216 est
1056 2161 1220 2224 illud;
1262 2160 1381 2215 ideo
1421 2176 1649 2230 namque
1676 2172 1761 2215 tua
1793 2175 1913 2216 esse
1939 2162 2117 2217 debet.

536 2254 643 2310 Sed
675 2254 803 2313 illud
827 2296 842 2318 ,
878 2254 998 2308 Non
1037 2266 1109 2307 est
1147 2270 1291 2317 mea,
1323 2269 1472 2307 suam
1499 2262 1554 2307 et
1586 2252 1756 2307 Patris
1795 2254 2117 2308 voluntatem

540 2360 696 2399 unam
718 2360 839 2398 esse
864 2345 1120 2412 majorem
1144 2344 1196 2401 in
1215 2343 1428 2398 modum
1450 2343 1684 2399 declarat
1706 2360 1721 2409 ;
1743 2358 1806 2399 ac
1826 2344 1870 2399 si
1892 2344 2114 2409 diceret,

536 2434 676 2499 Nihil
717 2435 874 2489 habet
912 2435 1211 2499 diversum,
1242 2434 1394 2503 quasi
1436 2435 1656 2489 alterius
1694 2445 1855 2489 esset.
1896 2434 2115 2491 Etiamsi

534 2530 677 2583 enim
710 2527 1013 2597 bypostasis
1048 2528 1119 2580 sit
1150 2526 1272 2590 alia,
1302 2527 1379 2580 sic
1408 2526 1614 2595 loquor,
1643 2527 1721 2580 sic
1749 2542 1868 2595 ago,
1902 2543 1970 2581 ne
1998 2529 2112 2582 exi-

534 2619 780 2673 stimetur
806 2618 948 2672 aliud
988 2633 1017 2672 a
1057 2617 1247 2679 Patre,
1280 2615 1375 2670 sed
1416 2616 1556 2669 idem
1592 2616 1762 2684 ipsum
1792 2618 1931 2686 quod
1961 2619 2117 2672 Pater

534 2711 691 2775 facit,
720 2718 775 2767 et
811 2711 892 2779 agi
929 2718 983 2765 ct
1016 2709 1139 2763 dici.
1184 2706 1385 2765 Deinde
1424 2706 1586 2761 alium
1634 2708 1848 2761 adducit
1894 2708 2112 2778 syllogi~

533 2818 705 2857 smum
729 2842 745 2867 ,
777 2801 863 2856 cui
892 2801 1183 2859 contradici
1233 2810 1482 2869 nequeat,
1517 2800 1748 2853 humano
1776 2808 1830 2854 et
1857 2809 2114 2854 consueto

532 2892 779 2962 exemplo
826 2894 1028 2948 nixum.
1068 2891 1345 2957 Quodnam
1394 2891 1520 2946 illud
1551 2891 1672 2945 est?
1707 2892 1793 2946 i8.
1829 2893 1926 2959 Qui
1964 2910 1997 2944 a
2031 2908 2113 2945 se-

531 2985 642 3049 ipso
668 2983 914 3051 loquitur,
939 2983 1197 3051 propriam
1222 2980 1438 3051 gloriam
1464 2982 1661 3049 quaerit.
1688 2982 1741 3036 Id
1763 2992 1864 3047 est,
1891 2983 1977 3051 qui
2001 2984 2113 3037 vult

530 3075 629 3130 sibi
663 3074 931 3145 pr0prinm
961 3082 1198 3129 statuere
1232 3071 1530 3129 doctrinam
1551 3114 1565 3135 ,
1596 3073 1723 3127 nihil
1753 3074 1894 3128 aliud
1924 3082 2071 3142 optat
2093 3114 2108 3139 ,

530 3185 691 3239 quam
720 3178 778 3224 ut
805 3168 905 3224 sibi
933 3168 1157 3237 gloriam
1183 3166 1305 3219 hinc
1330 3166 1500 3235 pariat
1523 3167 1561 3219 ⁸.
1588 3165 1644 3221 Si
1664 3177 1842 3221 autem
1864 3182 1963 3237 ego
1988 3169 2111 3223 nolo

530 3260 657 3315 mihi
684 3259 908 3329 gloriam
951 3272 1176 3327 parere,
1213 3272 1309 3311 cur
1354 3257 1619 3326 propriam
1666 3257 1962 3312 doctrinam
1996 3268 2109 3312 sta-

529 3361 677 3406 tuere
703 3350 901 3421 cupio?
932 3349 1034 3416 Qui
1060 3365 1092 3401 a
1118 3348 1380 3416 semetipso
1408 3347 1659 3415 loquitur;
1691 3346 1741 3401 id
1767 3356 1869 3409 est,
1896 3346 1995 3413 Qui
2025 3348 2109 3401 di-

527 3459 735 3497 versum
765 3442 1034 3512 quidpiam
1064 3451 1117 3495 et
1147 3440 1246 3494 sibi
1282 3439 1550 3508 proprium
1586 3438 1757 3502 alien,
1792 3439 1910 3493 ideo
1941 3440 2111 3509 loqui-

528 3546 611 3586 tur
634 3542 687 3585 ut
706 3533 926 3599 gloriam
949 3531 1047 3585 sibi
1081 3539 1245 3598 paret.
1273 3530 1325 3584 Si
1348 3539 1526 3583 autem
1553 3545 1652 3598 ego
1680 3546 1860 3598 qumro
1884 3531 2105 3599 gloriam

525 3623 639 3690 ejus
659 3622 748 3690 qui
772 3620 914 3674 misit
940 3634 1046 3685 me,
1071 3635 1166 3673 cur
1190 3620 1290 3672 alia
1314 3618 1509 3673 docere
1530 3620 1726 3673 velim?
1748 3619 1933 3675 Viden'
1959 3622 2105 3675 illum

524 3711 751 3777 quadam
791 3710 859 3764 de
900 3724 1060 3764 causa
1104 3710 1282 3763 dicere
1322 3726 1383 3765 se
1429 3710 1559 3764 nihil
1604 3725 1633 3764 a
1673 3711 1849 3781 seipse
1893 3712 2107 3767 facere?

524 3803 779 3868 Qumnam
812 3801 899 3856 illa
930 3815 1089 3855 causa
1122 3802 1245 3856 est?
1272 3801 1337 3857 Ut
1362 3801 1645 3856 crederent
1669 3817 1727 3857 se
1752 3819 1855 3857 non
1880 3804 2106 3873 gloriam

522 3893 659 3964 apud
688 3895 900 3964 vulgum
931 3903 1165 3963 captare.
1190 3893 1525 3963 Quapropter
1545 3908 1666 3948 cum
1694 3894 1911 3953 humilia
1938 3897 2106 3965 loqui-

521 3996 627 4049 tur,
654 3985 764 4056 Ego
789 3984 958 4039 Patris
984 3986 1197 4055 gloriam
1216 4001 1406 4054 qttwro,
1435 3985 1623 4055 inquit,
1652 3996 1708 4039 ut
1734 3987 1977 4040 ostendat
2001 3988 2106 4043 illis

521 4076 737 4144 ubique,
769 4091 828 4130 se
859 4090 961 4130 non
992 4090 1235 4145 quaerere
1269 4074 1511 4142 gloriam.
1543 4075 1653 4129 Cur
1680 4086 1856 4131 autem
1887 4076 2103 4133 humilia

521 4170 787 4237 loquatur,
819 4168 999 4224 multa:
1026 4177 1146 4221 sunt
1180 4182 1395 4232 causa';
1429 4178 1551 4237 puta
1572 4209 1586 4233 ,
1617 4184 1683 4233 ne
1714 4170 1977 4239 ingenitus
2005 4187 2103 4240 pu-

519 4268 660 4314 tetur
684 4275 805 4317 esse
827 4301 841 4324 ,
881 4276 948 4315 ne
994 4259 1102 4315 Deo
1136 4260 1506 4321 adversarius.
1540 4271 1595 4314 ttt
1621 4276 1835 4315 carnem
1868 4263 2105 4318 induisse

517 4353 785 4419 credatur,
816 4366 870 4407 ut
899 4353 1190 4407 inﬁrmitati
1222 4354 1523 4409 auditorum
1551 4355 1813 4422 consulat,
1838 4364 1895 4408 ut
1921 4355 2103 4410 mode-

517 4442 674 4496 stiam
713 4444 906 4499 sectari
950 4453 1004 4498 et
1045 4444 1353 4513 jactantiam
1383 4445 1564 4515 fugere
1592 4446 1799 4502 doceat.
1843 4446 2103 4501 Sublimia

1337 314 1394 368 S.
1436 313 1711 367 JO.\.\'NIS
1749 310 2215 367 CHliYSOSTOMI
2259 309 2570 363 AIiCIllEP.
2611 308 3145 370 CONSTANTINOP.

3712 322 3821 379 276

2241 425 2328 477 alii
2360 425 2529 489 multi,
2560 426 2653 479 sed
2682 426 2830 493 quasi
2864 426 3135 494 pr0prinm
3164 426 3262 481 sibi
3291 438 3337 482 et
3370 430 3621 483 eximium
3651 433 3699 485 id
3728 433 3817 487 di-

2239 524 2405 576 ceret,
2431 515 2552 568 hinc
2572 516 2744 583 palam
2767 524 2868 570 est.
2895 516 3039 569 Multi
3063 532 3206 585 swpe
3233 527 3435 585 patrem
3458 536 3610 573 suum
3634 522 3818 577 dixere

2240 605 2406 661 Deum
2441 624 2455 660 :
2483 608 2706 675 exempli
2738 622 2915 672 causa,
2941 607 3075 661 Deus
3098 626 3226 663 unus
3255 612 3437 663 creavit
3465 629 3577 677 nos,
3606 627 3653 666 et
3676 629 3826 682 pater

2237 713 2369 751 unus
2390 708 2460 750 est
2485 700 2704 751 onmium
2732 709 2956 753 nostrum
2979 700 3131 769 (Mal.
3165 702 3219 755 2.
3250 703 3375 771 10);
3409 720 3506 758 nec
3535 720 3817 776 propterea

2237 788 2465 856 populus
2493 789 2709 857 mqualis
2745 788 2853 843 Deo
2892 800 3024 843 erat.
3056 793 3392 861 Quapropter
3430 812 3533 849 non
3573 798 3818 854 oll‘ende~

2236 877 2430 931 bantur
2448 893 2567 932 cum
2596 877 2709 932 haec
2726 880 2989 935 audirent.
3014 881 3081 936 Ut
3099 898 3223 951 ergo
3244 898 3362 938 cum
3381 886 3620 942 dicereut
3642 891 3816 958 ipsum

2234 983 2301 1024 ex
2332 968 2438 1022 Deo
2468 983 2572 1021 non
2604 983 2753 1033 esse,
2790 970 2931 1038 ipsos
2960 986 3101 1040 sape
3127 977 3397 1039 correxit,
3429 986 3484 1031 et
3509 979 3577 1033 de
3607 982 3814 1038 sabbati

2235 1056 2495 1111 solutione
2534 1073 2653 1113 sese
2692 1060 2928 1115 defendit
2956 1079 2970 1116 :
3002 1064 3071 1116 ita
3103 1065 3144 1117 si
3176 1080 3239 1119 ex
3282 1066 3490 1122 illorum
3527 1072 3810 1139 munione,

2236 1163 2340 1201 non
2371 1164 2435 1202 ex
2464 1165 2557 1203 sua
2588 1152 2849 1205 sententia
2878 1152 2979 1207 hoc
3007 1154 3205 1207 dictum
3233 1155 3438 1223 fuisset,
3468 1161 3811 1230 corripuisset

2236 1238 2371 1291 haud
2394 1239 2553 1293 dubie
2575 1240 2712 1303 illus,
2733 1241 3077 1312 dixissetque,
3101 1244 3206 1298 Cur
3225 1262 3310 1301 me
3332 1250 3526 1316 putatis
3548 1254 3809 1319 aequalem

2232 1344 2351 1383 esse
2382 1330 2534 1385 Deo?
2563 1332 2676 1385 Non
2709 1347 2823 1385 sum
2854 1335 3093 1403 azqualis.
3130 1336 3322 1391 Verum
3352 1340 3478 1394 nihil
3506 1341 3811 1411 huiusmodi

2230 1419 2396 1485 dixit,
2428 1422 2534 1475 imo
2572 1424 2807 1477 ostendit
2842 1424 2894 1479 in
2936 1427 3278 1495 sequentibus
3303 1444 3361 1484 se
3393 1446 3516 1485 vere
3549 1435 3810 1503 :equalent

2232 1510 2331 1578 ipsi
2361 1525 2498 1565 esse.
2531 1511 2661 1565 Illud
2691 1513 2833 1567 enim
2859 1554 2874 1575 ,
2907 1514 3054 1568 Sicut
3090 1514 3246 1571 Pater
3280 1521 3487 1573 suscitat
3512 1534 3731 1577 mortuos
3762 1537 3813 1578 et

2230 1602 2479 1668 vieiﬁcat,
2516 1604 2587 1656 sic
2626 1612 2672 1655 et
2716 1602 2919 1669 Filius;
2945 1614 3031 1671 et,
3065 1606 3131 1661 Ut
3158 1625 3326 1662 omnes
3353 1612 3681 1680 honoriﬁcent
3708 1617 3811 1669 Fi-

2231 1692 2373 1757 lium,
2398 1703 2452 1745 ut
2478 1696 2810 1761 honori/ierint
2836 1696 3041 1752 Patrem
3064 1718 3082 1763 ;
3110 1709 3184 1765 et,
3216 1701 3383 1770 Opera
3407 1722 3516 1772 qua:
3534 1708 3643 1776 ipse
3660 1710 3808 1772 facit,

2228 1783 2335 1837 htec
2363 1794 2407 1837 et
2435 1782 2483 1836 F
2486 1785 2603 1837 ilius
2640 1787 2869 1839 similiter
2905 1789 3027 1855 facit
3055 1807 3073 1841 :
3104 1791 3217 1845 hate
3243 1796 3419 1847 ninnia
3448 1799 3808 1865 mqualitatent

2226 1874 2563 1928 conﬁrmant.
2590 1876 2664 1929 Dc
2685 1876 2801 1947 lege
2821 1895 3026 1949 quoque
3046 1882 3141 1941 ait.
3171 1882 3344 1937 Nolite
3363 1897 3539 1954 putare
3559 1891 3675 1955 quia
3697 1894 3811 1945 teni

2225 1964 2417 2017 solvere
2442 1965 2600 2035 legem
2639 1977 2725 2019 aut
2765 1959 3273 2043 prophetas‘Ulatt/z.
3306 1977 3360 2029 5.
3404 1978 3515 2048 I7).
3554 1980 3640 2035 Sic
3670 1985 3812 2037 solet

2225 2054 2393 2108 malas
2436 2057 2770 2126 suspiciones
2818 2077 2884 2113 ex
2924 2064 3191 2118 mentibus
3218 2067 3468 2123 evellere.
3503 2070 3596 2125 Hic
3624 2087 3809 2129 autem

2224 2148 2579 2216 aequalitatem
2600 2165 2719 2204 cum
2748 2152 2906 2207 Patre
2933 2170 3035 2208 non
3063 2157 3219 2211 modo
3246 2174 3348 2213 non
3381 2162 3534 2227 tollit,
3559 2163 3649 2218 sed
3674 2182 3811 2220 cou-

2225 2238 2421 2293 Iirmat.
2468 2240 2645 2308 Quare
2686 2243 2811 2298 alibi
2860 2245 3159 2303 dicentibus
3208 2250 3343 2317 illis,
3394 2251 3546 2307 Facis
3587 2256 3811 2323 teipsnm

2224 2328 2409 2392 Deum.
2439 2334 2798 2403 suspicionem
2829 2353 2933 2389 non
2963 2338 3185 2407 depulit,
3220 2341 3326 2395 imo
3359 2351 3532 2397 ve‘ram
3562 2348 3811 2415 probavit

2223 2420 2306 2474 his
2335 2422 2510 2475 verbis
2540 2440 2553 2476 :
2586 2422 2653 2478 Ut
2678 2435 2846 2479 autent
2874 2429 3043 2482 sciatis
3070 2430 3189 2499 quia
3217 2442 3507 2501 potestatem
3533 2435 3678 2489 habet
3709 2437 3810 2489 Fi—

2221 2512 2320 2565 lius
2337 2513 2552 2567 hominis
2567 2515 2852 2569 dimittendi
2870 2531 3072 2586 peccata
3093 2521 3143 2573 in
3166 2533 3317 2585 terra,
3342 2526 3462 2578 dicit
3482 2530 3763 2598 paralytico
3788 2548 3807 2585 :

2224 2602 2366 2657 Tolle
2398 2605 2695 2675 grabbatum
2722 2620 2895 2674 tuum,
2930 2621 2976 2664 et
3000 2613 3202 2666 ambula
3230 2615 3442 2684 (Matth.
3472 2618 3523 2673 9.
3555 2621 3631 2689 6).
3665 2620 3808 2676 ΙΗυά

2220 2695 2380 2764 igitur
2408 2699 2549 2765 quod
2582 2700 2727 2768 prius
2753 2702 2950 2755 dictum
2978 2714 3080 2768 est,
3106 2708 3406 2770 confirmat,
3434 2712 3573 2780 quod
3604 2729 3808 2780 nempe

2217 2790 2475 2858 aequalem
2507 2807 2565 2846 se
2594 2793 2750 2847 faciat
2778 2795 2890 2848 Deo
2915 2813 2930 2860 ;
2962 2798 3300 2868 ostenditque
3324 2817 3383 2856 se
3410 2818 3510 2856 non
3539 2820 3655 2858 esse
3687 2806 3811 2860 Deo

2217 2880 2603 2950 adversarium,
2625 2884 2718 2937 sed
2742 2886 2949 2951 eadem,
2972 2904 3089 2955 qua:
3113 2890 3201 2943 ille
3220 2892 3367 2956 dicit,
3389 2893 3583 2959 dicere,
3608 2897 3808 2951 eadem

2216 2971 2448 3037 docere;
2494 2973 2706 3029 demum
2753 2976 2821 3030 dc
2864 2977 3067 3033 sabbati
3112 2981 3375 3038 solutione
3416 2986 3523 3053 agit
3564 2986 3751 3040 dit-ens
3787 3006 3803 3041 :

2218 3060 2405 3116 Nonne
2431 3063 2634 3135 Moyses
2662 3067 2798 3121 dedit
2827 3069 2960 3123 vobis
2986 3069 3161 3141 legem,
3193 3083 3239 3126 et
3268 3091 3411 3127 nemo
3440 3091 3500 3128 ea:
3524 3078 3657 3131 vobis
3684 3094 3807 3131 ser—

2216 3164 2295 3206 uat
2314 3154 2509 3224 legem?
2528 3158 2603 3210 Ac
2624 3159 2667 3211 si
2684 3158 2886 3213 diceret
2910 3177 2923 3213 :
2950 3161 3055 3215 Lex
3078 3166 3284 3231 statuit,
3305 3165 3417 3220 Non
3441 3168 3678 3230 occides;
3698 3185 3811 3223 vos

2215 3254 2392 3299 autem
2414 3247 2676 3314 occiditis,
2700 3259 2858 3305 etme
2885 3260 2941 3304 ut
2963 3252 3094 3322 legis
3118 3263 3561 3324 transgressmetn
3579 3274 3811 3313 accusa-

2218 3334 2328 3387 tis?
2351 3334 2459 3389 Cur
2484 3347 2659 3391 autem
2690 3338 2839 3409 dixit,
2875 3339 3078 3395 Nemo?
3106 3344 3237 3411 Quia
3278 3361 3463 3415 onmes
3487 3351 3813 3415 qumrebant

2215 3440 2335 3479 eum
2366 3425 2689 3483 iuterlieere.
2723 3430 2868 3500 Ego,
2900 3432 3107 3503 inquit,
3135 3436 3179 3488 si
3211 3412 3380 3505 legem
3411 3412 3577 3502 solvi,
3612 3440 3661 3492 id
3692 3442 3811 3498 reci

2214 3526 2272 3569 ut
2297 3516 2567 3575 hominem
2593 3536 2865 3577 servarem
2892 3541 2906 3586 ;
2933 3540 3026 3578 vos
3046 3536 3220 3580 autem
3248 3529 3312 3581 ad
3340 3531 3533 3583 malum
3560 3532 3813 3587 inferen-

2213 3610 2341 3663 dum
2362 3614 2567 3667 solvitis
2594 3614 2758 3667 illam.
2793 3615 3011 3670 Etiamsi
3042 3620 3454 3687 transgrederer,
3486 3622 3535 3675 id
3562 3624 3625 3677 ad
3652 3628 3813 3678 salu-

2215 3713 2320 3758 tem
2348 3704 2504 3771 facio,
2530 3721 2701 3774 neque
2721 3718 2993 3777 oporteret
3011 3726 3095 3765 me
3116 3728 3146 3764 a
3170 3712 3337 3773 vobis.
3360 3715 3448 3783 qui
3472 3717 3524 3769 in
3548 3716 3814 3784 gravibus

2213 3795 2354 3850 illam
2384 3798 2836 3864 transgredimini,
2863 3801 3114 3856 incusari.
3147 3802 3277 3857 Nam
3309 3808 3448 3873 quod
3478 3821 3569 3858 vus
3601 3809 3807 3871 tacitis,

2212 3885 2342 3954 legis
2371 3890 2582 3942 eversio
2610 3905 2827 3957 prorsus
2859 3900 2957 3946 est.
2996 3892 3194 3948 Deinde
3223 3895 3380 3949 etiam
3409 3896 3660 3956 decertat.
3693 3900 3811 3953 etsi

2213 3978 2361 4045 plura
2384 3980 2511 4033 olim
2534 3980 2907 4049 disseruisset;
2937 3984 3027 4038 sed
3054 3994 3177 4039 tunc
3200 3987 3495 4049 sublimius,
3526 3998 3579 4043 et
3602 4004 3816 4043 secun-

2211 4068 2336 4123 dum
2366 4071 2673 4141 dignitatem
2703 4090 2888 4140 suam;
2917 4093 3057 4131 nunc
3079 4088 3257 4132 autem
3287 4080 3552 4134 humilius.
3578 4081 3815 4148 Quare?

2209 4164 2342 4229 Quia
2375 4166 2587 4221 nolebat
2618 4176 2723 4221 tam
2764 4168 3071 4237 frequenter
3109 4171 3228 4226 illos
3265 4187 3580 4241 exasperare
3605 4191 3619 4233 ;
3649 4192 3819 4232 nunc

2209 4272 2339 4309 vero
2377 4257 2455 4312 ira
2494 4258 2933 4325 incendebantur,
2969 4271 3023 4315 et
3056 4261 3109 4315 itt
3146 4262 3342 4317 caedem
3385 4264 3817 4333 processissent.
3844 4300 3869 4317 .

2209 4347 2543 4417 Quapropter
2581 4351 2777 4405 insistit
2801 4360 2859 4406 ut
2893 4367 3077 4406 eorum
3107 4354 3321 4407 sedaret
3343 4357 3611 4419 animum,
3645 4358 3822 4413 hisco

2209 4440 2417 4494 duobus
2443 4450 2597 4496 utens
2627 4444 2819 4508 modis,
2849 4452 2903 4498 et
2933 4444 3136 4499 facinus
3161 4461 3453 4515 coarguens
3484 4448 3563 4500 his
3590 4448 3817 4511 verbis,

2211 4532 2346 4597 Quid
2376 4548 2454 4586 me
2479 4536 2699 4603 quwritis
2724 4537 3040 4603 interﬁcere?
3063 4546 3118 4592 et
3144 4538 3385 4593 modeste
3413 4539 3612 4593 addens
3630 4579 3644 4601 ,
3688 4539 3826 4595 Hoc

2207 4624 2411 4689 minem,
2439 4627 2525 4694 qui
2555 4629 2809 4681 veritatem
2833 4630 3066 4699 loquutus
3093 4646 3226 4694 sum,
3252 4640 3305 4683 et
3332 4630 3617 4684 ostendens
3643 4630 3820 4697 illos,

2206 4734 2327 4773 cum
2358 4718 2559 4772 caedem
2590 4719 2814 4785 spirent,
2843 4735 2947 4773 non
2971 4720 3166 4774 debere
3192 4721 3259 4773 de
3285 4720 3401 4773 aliis
3424 4720 3689 4788 judicare.
3728 4723 3825 4780 Tu

2205 4824 2334 4862 vero
2365 4808 2492 4862 tnihi
2524 4809 2832 4863 consideres
2862 4809 3040 4873 velim,
3070 4826 3228 4878 quam
3257 4811 3326 4863 sit
3353 4809 3563 4863 humilis
3590 4809 3826 4868 Christi

2207 4899 2571 4968 interrogatio,
2600 4915 2756 4965 quam
2788 4900 3081 4954 truculenta
3114 4901 3324 4954 illorum
3358 4901 3627 4968 responsio
3651 4917 3671 4951 :
3713 4904 3825 4958 (ἐς).

2206 4988 2527 5043 Damtonium
2566 4988 2718 5044 [tabes
2744 5006 2763 5044 :
2791 4993 2900 5059 quis
2929 5001 2975 5044 te
3001 4992 3179 5059 quierit
3207 4992 3525 5059 interﬁcere?
3553 4990 3826 5049 Verbum

2207 5082 2299 5136 ira:
2329 5092 2383 5135 ct
2412 5082 2606 5135 furoris
2626 5123 2640 5146 ,
2670 5083 2937 5151 animique
2979 5084 3030 5137 in
3074 5084 3451 5152 impudentiam
3480 5085 3616 5146 acti,
3643 5091 3829 5153 quod

2208 5173 2569 5241 inexspectato
2612 5174 2771 5229 modo
2818 5174 3295 5243 redarguerentur,
3329 5185 3383 5230 et
3421 5190 3478 5228 se
3512 5176 3829 5232 lacessitos

2206 5276 2471 5335 putarent.
2504 5265 2572 5322 IJt
2595 5266 2735 5321 enim
2767 5266 2999 5320 latrones
3028 5268 3079 5320 in
3106 5268 3308 5321 insidiis
3329 5275 3563 5331 cantant,
3591 5265 3827 5325 deinde

2206 5367 2266 5414 ut
2294 5359 2608 5427 imparatum
2640 5358 3048 5426 aggrediantur,
3083 5358 3294 5412 silentio
3332 5373 3443 5411 rem
3487 5369 3770 5425 peragunt
3805 5380 3822 5413 :

2206 5452 2274 5505 ita
2305 5459 2359 5504 et
2394 5450 2583 5503 iudici.
2628 5447 2746 5517 Ipse
2792 5463 2951 5513 vero,
2991 5449 3189 5502 omissa
3234 5447 3688 5515 reprehensione,
3746 5464 3821 5502 ne

2207 5542 2624 5612 impndentiorcs
2655 5540 2933 5600 redderet.
2961 5539 3029 5593 de
3058 5540 3262 5594 sabbati
3286 5554 3496 5592 rursum
3522 5536 3829 5595 solutione

2206 5649 2324 5689 sese
2354 5642 2560 5702 purgat,
2592 5647 2656 5687 ex
2688 5633 2800 5701 lege
2830 5645 2948 5685 cum
2980 5631 3083 5685 illis
3107 5630 3403 5697 disputans.

2280 5728 2329 5781 5.
2365 5727 2429 5789 Et
2460 5726 2577 5782 ride
2612 5740 2768 5803 quam
2816 5723 3122 5794 prudenter.
3153 5722 3291 5785 Nihil
3320 5722 3515 5785 mirum
3537 5760 3551 5788 ,
3586 5720 3778 5791 inquit
3800 5767 3818 5793 ,

517 4548 643 4592 vero
670 4534 916 4604 loquendi
947 4550 1047 4588 una
1075 4537 1246 4590 solum
1273 4537 1567 4603 reperiatur
1588 4552 1769 4602 causa,
1798 4553 1988 4606 nempe
2010 4552 2104 4591 na-

518 4638 651 4679 turte
681 4628 1009 4696 prarstantia.
1036 4628 1142 4682 Sed
1172 4628 1217 4681 si
1244 4630 1365 4691 quia
1396 4629 1557 4693 dixit,
1593 4646 1652 4686 se
1678 4640 1803 4686 ante
1831 4630 2099 4688 Abraham

515 4718 700 4785 fuisse,
724 4719 910 4773 oﬁ'ensi
934 4728 1077 4784 sunt,
1104 4734 1209 4786 quo
1235 4734 1339 4773 non
1369 4721 1756 4788 prorupissent,
1785 4724 1827 4775 si
1855 4722 2101 4778 sublimia

515 4822 730 4876 semper
766 4810 1085 4865 audissent?
1112 4809 1199 4864 I9.
1244 4809 1429 4863 Nonne
1475 4811 1673 4881 Moyses
1700 4815 1837 4867 dedit
1864 4816 1999 4868 vobis
2030 4816 2101 4869 le-

513 4915 625 4968 gem
644 4939 660 4964 ,
696 4910 742 4952 et
776 4916 919 4954 nemo
952 4917 1015 4959 ex
1049 4902 1187 4957 vobis
1225 4903 1349 4972 facit
1385 4904 1583 4971 legem?
1611 4903 1745 4969 Quid
1772 4923 1850 4958 me
1879 4908 2100 4976 quwritis

512 4990 794 5057 inter/icere
812 4990 838 5044 .9
861 4991 1031 5057 Quam
1056 4993 1513 5061 consequentiam.
1543 4995 1668 5063 quid
1696 5010 1977 5051 commune
2005 4997 2103 5050 ha-

514 5080 643 5136 bent
674 5081 789 5136 bzcc
817 5097 937 5136 cum
971 5083 1396 5151 prmeedentibus
1425 5084 1637 5139 verbis?

586 5169 817 5226 Christus
851 5190 904 5225 se
943 5177 1185 5246 (aqualem
1227 5173 1331 5228 Deo
1360 5184 1407 5228 et
1434 5172 1581 5229 Patri
1610 5176 1749 5231 dicit.
1781 5206 1853 5218 -—
1880 5176 1993 5229 Duo
2022 5177 2097 5231 illi

513 5262 739 5317 crimina
768 5248 1135 5329 intentabant;
1166 5266 1331 5330 aliud,
1356 5268 1495 5335 quod
1523 5269 1800 5323 sabbatum
1833 5268 2095 5333 solveret;

515 5355 678 5418 aliud,
711 5357 850 5427 quod
885 5358 1050 5414 Deum
1084 5359 1291 5413 Patrem
1327 5360 1548 5425 diceret,
1578 5376 1740 5431 seque
1783 5362 1891 5415 Deo
1916 5356 2097 5430 arqua-

521 5445 623 5506 lem
667 5444 883 5501 faceret.
916 5448 1065 5515 Quod
1103 5452 1245 5503 enim
1286 5464 1389 5504 non
1422 5468 1486 5505 ex
1519 5451 1729 5504 illorum
1760 5452 2095 5520 suspicione,

519 5536 610 5593 sed
636 5553 700 5594 ex
742 5542 952 5609 propria
981 5543 1240 5597 sententia
1268 5544 1344 5596 sic
1370 5543 1715 5613 loqueretur;
1747 5555 1799 5598 at
1831 5562 1933 5599 non
1962 5546 2100 5601 sicut

584 5673 599 5701 ⁸
635 5669 877 5742 In._slorel.
905 5670 1101 5742 legitur,
1119 5672 1200 5740 qui
1222 5672 1319 5722 vult
1341 5686 1371 5721 a
1395 5674 1645 5742 semetipso
1669 5676 1796 5741 loqui
1818 5677 1937 5727 nihil
1959 5676 2094 5727 aliud

521 5730 718 5789 attendit
743 5745 885 5793 quam
908 5730 1020 5785 inde
1041 5730 1244 5799 gloriam
1268 5738 1507 5804 consequi.
