3984 6196
285 316 360 370 m
1332 321 1396 378 ιιι
1433 308 1747 381 J'OANNEM
1783 324 2013 383 nouit.
2059 331 2123 387 ι.
2162 337 2232 391 al.
2275 338 2455 397 xux.

270 454 306 506 si
330 452 442 505 mild
469 466 567 506 non
593 468 797 508 ruerent
826 456 1028 525 geritis,
1058 459 1270 526 quando
1300 477 1366 516 ne
1396 464 1566 534 legem
1598 468 1811 536 quidem

262 541 455 606 auditis,
481 552 532 597 et
555 559 711 614 quam
734 558 764 597 a
789 544 968 617 Moyse
994 547 1171 602 datam
1197 552 1416 619 putatis,
1437 570 1551 608 eam
1582 558 1808 614 violatis.

259 630 381 687 Nihil
406 648 525 703 ergo
551 650 767 702 novom,
791 638 836 691 si
863 637 1040 692 verbis
1066 641 1198 695 meis
1223 658 1328 697 non
1357 647 1647 701 attenditis.
1678 649 1810 716 Quia

257 724 380 778 enim
404 722 669 788 dixerant,
705 724 877 798 Moysi
913 727 1148 796 loquutus
1173 740 1246 785 est
1278 731 1446 799 Deus,
1477 737 1609 790 hunc
1645 751 1811 793 autent

253 816 474 868 nescimus
500 818 633 870 unde
657 818 723 871 sit
746 817 925 886 (Joan.
960 820 1012 876 9.
1040 821 1154 892 29),
1181 826 1412 880 ostendit
1437 829 1564 896 ipse,
1592 830 1806 901 Moysen

246 910 307 963 ab
331 910 424 964 illis
448 914 829 969 contumeliose
860 914 1096 970 habitum
1121 934 1133 969 :
1160 933 1279 972 cum
1312 920 1402 975 ille
1429 920 1600 990 legem
1632 925 1810 980 dedis-

246 1010 318 1056 set
339 1043 352 1066 ,
379 1017 527 1070 quam
559 1004 659 1072 ipsi
688 1020 793 1058 non
828 1006 1095 1062 audirent.
1122 1007 1212 1063 2i.
1247 1009 1417 1066 Unum
1450 1030 1577 1083 opus
1602 1018 1731 1086 feci,
1761 1028 1807 1071 et

245 1109 397 1147 omnes
418 1094 690 1149 miramini.
717 1097 1097 1154 Animadverte
1126 1102 1396 1171 quomodo
1418 1104 1505 1158 ubi
1535 1120 1655 1160 sese
1678 1124 1805 1176 pur-

244 1199 353 1247 gare
372 1195 655 1253 oporteret,
685 1196 738 1240 et
764 1186 1002 1243 oblatum
1024 1189 1226 1244 crimen
1251 1194 1547 1260 confutare,
1582 1196 1668 1251 ille
1698 1213 1803 1252 non

246 1273 433 1328 Patrem
469 1289 891 1343 commemoret,
924 1279 1018 1333 sed
1055 1296 1336 1350 personam
1376 1299 1525 1339 suam
1568 1287 1799 1345 inducat.

249 1364 397 1419 L'uum
420 1382 543 1437 opus
566 1369 688 1438 feci.
716 1369 840 1424 Vult
870 1374 1174 1439 ostendere,
1205 1378 1250 1430 si
1279 1393 1382 1433 non
1412 1380 1640 1446 fecisset,
1676 1393 1803 1439 tunc

246 1456 393 1524 legem
418 1458 642 1513 solutam
672 1460 776 1516 dici
808 1466 1061 1531 potuisw,
1092 1476 1145 1520 et
1174 1468 1337 1524 multa
1367 1485 1485 1526 esse
1513 1473 1800 1530 observata

241 1548 490 1617 digniora,
530 1566 695 1620 quam
747 1554 917 1623 legem
957 1573 970 1608 :
1008 1556 1352 1630 Moysemque
1398 1574 1578 1618 contra
1630 1566 1797 1636 legem

241 1638 514 1693 ivsandatum
534 1630 834 1710 accepisse,
858 1645 998 1713 quod
1023 1646 1139 1717 lege
1159 1649 1370 1718 dignius
1394 1663 1555 1709 esset.
1585 1630 1799 1726 Dignior

237 1730 408 1798 quippe
445 1732 670 1787 sabbato
708 1735 1045 1797 circumcisio
1080 1749 1228 1803 erat,
1261 1747 1502 1812 quamvis
1531 1764 1592 1801 ea
1630 1765 1733 1803 non
1765 1766 1794 1803 a

237 1820 367 1891 lege,
394 1836 481 1879 sed
510 1842 539 1879 a
573 1828 816 1896 patribus
854 1830 1065 1886 inducta
1102 1832 1306 1888 fuisset.
1354 1837 1467 1909 Ego
1509 1856 1639 1897 vero
1682 1860 1793 1898 rem

235 1913 498 1982 digniorem
539 1918 929 1991 melioremque
969 1921 1107 1986 feci,
1141 1941 1298 1993 quam
1337 1927 1408 1984 sit
1437 1930 1792 1989 circumcisio.

236 2002 382 2063 l'orro
405 2022 503 2061 non
528 2010 775 2065 meminit
806 2012 988 2081 legalis
1015 2016 1248 2070 mandati
1273 2034 1287 2082 ;
1322 2036 1514 2092 nempe
1542 2024 1681 2099 quod
1709 2040 1795 2078 sa-

235 2098 453 2154 cerdotes
472 2098 754 2157 sabbatum
779 2107 1252 2177 transgrediuntur,
1275 2124 1328 2165 ut
1348 2113 1456 2182 jam
1479 2126 1600 2170 ante
1621 2118 1753 2172 dixit
1776 2138 1787 2173 :

232 2187 315 2242 sed
349 2204 461 2245 cum
504 2195 697 2262 majori
738 2200 1054 2255 auctoritate
1104 2200 1352 2270 loquitur.
1401 2205 1529 2267 Illud
1576 2218 1789 2277 autem,

234 2274 493 2344 Miramini,
518 2283 568 2337 id
596 2295 697 2352 est,
734 2288 1035 2345 turbamini.
1064 2290 1195 2346 Nam
1219 2294 1262 2347 si
1290 2294 1459 2365 legem
1490 2300 1558 2355 ita
1584 2300 1788 2356 firmam

234 2381 344 2421 csse
368 2373 698 2438 oportuissu,
728 2377 1065 2435 circumcisio
1090 2399 1193 2436 non
1227 2384 1313 2437 illa
1346 2390 1685 2455 prmstantior
1705 2407 1784 2446 es-

232 2467 341 2524 set;
369 2475 527 2531 neque
549 2465 783 2532 dixisset,
814 2483 873 2523 se
899 2473 1069 2540 majus
1094 2474 1364 2544 quidpiam
1394 2478 1602 2545 fecisse,
1630 2497 1787 2551 quam

230 2552 701 2623 rircumcisioncm;
730 2560 824 2615 sed
853 2576 916 2616 ex
937 2559 1264 2621 auctoritate
1297 2569 1534 2624 confutat
1568 2586 1661 2627 eos
1701 2574 1787 2628 di-

228 2656 341 2696 cens
363 2661 376 2695 :
399 2642 484 2700 23.
510 2646 576 2702 Si
596 2650 1023 2709 circumcisione»:
1053 2657 1235 2726 accipit
1259 2660 1426 2715 homo.
1455 2662 1642 2719 Viden‘
1663 2676 1787 2724 tunc

229 2734 436 2790 maxime
459 2748 607 2793 stare
650 2740 856 2811 legem,
887 2759 1009 2799 cum
1046 2746 1212 2817 ipsam
1244 2750 1434 2805 solvit?
1460 2754 1634 2811 viden'
1659 2758 1787 2811 sab-

230 2822 320 2877 bati
354 2827 675 2886 solutionem
719 2848 838 2888 esse
884 2835 1013 2904 legis
1054 2838 1517 2910 observationem;
1550 2846 1621 2905 ita
1654 2857 1710 2902 ut
1738 2848 1785 2902 si

228 2930 316 2969 non
342 2916 517 2974 fuisset
542 2923 783 2977 solutum
824 2926 1105 2982 sabbatum
1128 2969 1145 2994 ,
1185 2930 1352 3000 legem
1393 2935 1526 2989 solvi
1564 2954 1786 2996 necesse

227 3007 393 3062 inierit?
421 3013 607 3082 Itaque
630 3015 802 3086 legem
827 3033 927 3089 ego
955 3022 1179 3077 lirmavi.
1206 3024 1320 3080 Non
1348 3027 1500 3093 dixit,
1529 3030 1652 3085 Mihi
1680 3033 1785 3088 ira-

222 3099 404 3163 scimini
425 3144 438 3167 ,
470 3107 619 3177 quod
651 3123 762 3163 rem
791 3110 1196 3171 circumcisione
1225 3117 1480 3187 majorem
1510 3121 1733 3181 fecerim
1766 3145 1782 3182 :

222 3190 301 3243 sed
333 3208 437 3249 rem
465 3206 677 3253 tantum
707 3216 1013 3271 exponens,
1040 3205 1298 3278 judicium
1338 3211 1465 3280 ipsis
1500 3218 1780 3284 permisit,

220 3298 331 3349 nutu
370 3290 531 3357 magis
581 3293 883 3347 necessaria
927 3296 995 3351 sit
1034 3296 1235 3371 integra
1270 3301 1496 3358 hominis
1534 3308 1739 3363 curatio
1762 3352 1780 3377 ,

219 3388 356 3445 quam
380 3379 743 3441 circumcisio.
779 3383 845 3440 Ut
870 3386 1079 3456 signum
1108 3392 1331 3462 accipiat
1365 3393 1527 3451 homo
1554 3398 1681 3453 nihil
1713 3402 1780 3457 ad

216 3467 545 3528 valetudinem
576 3475 895 3543 conferens,
928 3480 1009 3535 lex
1037 3483 1278 3550 solvitur,
1316 3489 1521 3556 inquit;
1554 3500 1609 3545 ut
1637 3502 1781 3550 tardo

214 3562 378 3623 inorbo
400 3566 685 3636 liberetur,
715 3570 1099 3636 indignamini?
1126 3576 1214 3632 2i.
1246 3577 1420 3633 Nolite
1433 3582 1673 3650 judicare
1696 3603 1775 3640 se-

212 3653 407 3708 cundum
438 3658 654 3727 faciem.
686 3659 821 3735 Quid
850 3670 964 3728 est,
993 3664 1279 3719 Secundum
1306 3669 1489 3737 [aciem
1509 3673 1630 3728 i'Ne
1655 3676 1774 3744 quia

213 3743 397 3815 Moyses
420 3749 471 3802 in
500 3750 717 3819 majore
744 3754 883 3821 apud
914 3770 1006 3810 vos
1035 3758 1427 3818 existimatione
1453 3774 1533 3818 est
1552 3807 1567 3831 ,
1596 3781 1625 3818 a
1657 3743 1777 3836 per-

209 3849 435 3893 sonarum
477 3843 747 3913 dignitate
797 3848 1057 3903 calculum
1110 3849 1332 3918 feratis;
1385 3856 1478 3910 sed
1521 3872 1549 3910 a
1597 3873 1773 3914 rerum

210 3938 413 3985 ιιιιιιης
444 3933 583 3988 illud
625 3951 855 4005 namque
896 3948 978 3993 est
1012 3940 1155 4010 juste
1187 3942 1448 4013 judicare.
1478 3946 1587 4003 Cur
1616 3964 1774 4004 nemo

207 4014 401 4090 Moysen
429 4025 732 4081 incusavit?
751 4044 847 4084 cur
871 4047 1028 4088 nemo
1048 4034 1252 4090 obstitit
1268 4036 1474 4106 jubenti
1497 4041 1630 4099 solvi
1651 4043 1775 4099 sab-

206 4106 363 4165 batum
388 4130 485 4181 pro
525 4130 805 4189 praecepto
832 4122 1164 4181 extrinsecus
1194 4127 1295 4196 legi
1324 4128 1547 4185 addito?
1574 4131 1769 4188 Verum

206 4195 281 4252 ille
303 4204 497 4270 patitur
537 4219 866 4279 pra‘ceptum
905 4212 1034 4268 illud
1078 4216 1193 4286 lege
1230 4195 1324 4272 sua
1364 4220 1573 4290 dignius
1610 4238 1765 4288 esse;

196 4504 308 4562 Car.
337 4510 386 4563 7.
412 4527 463 4567 ν.
487 4513 588 4569 25.
623 4512 867 4569 Dicebant
919 4536 1038 4590 ergo
1064 4525 1269 4591 quidam
1312 4541 1375 4579 es
1394 4524 1727 4600 Jerosolymis
1752 4548 1771 4587 :

260 4598 437 4656 A'onne
466 4604 551 4659 hic
576 4616 652 4659 est
678 4624 826 4676 quem
846 4624 1077 4679 quierunt
1108 4614 1425 4682 interﬁcere?
1447 4617 1537 4672 26.
1563 4598 1629 4673 Et
1658 4637 1771 4677 ecce

258 4694 422 4756 pulum
443 4695 676 4765 loquitur
695 4738 711 4763 ,
741 4708 787 4752 et
816 4700 948 4754 nihil
965 4703 1011 4755 ei
1037 4703 1228 4758 dicunt.
1260 4705 1524 4776 Numquid
1548 4726 1659 4766 vere
1681 4729 1771 4767 co-

254 4798 529 4853 gnoverunt
562 4790 837 4858 principes,
866 4794 999 4863 quia
1035 4795 1117 4849 hic
1139 4809 1213 4851 est
1243 4814 1352 4854 uere
1371 4798 1646 4859 Christus?
1676 4804 1766 4859 27.

257 4876 358 4929 Sed
376 4881 517 4933 hunc
539 4882 729 4936 sciurus
749 4884 881 4937 unde
905 4886 990 4942 sit.

256 5011 302 5069 Ι.
332 5011 399 5068 In
423 5017 617 5071 diuinis
638 5018 919 5088 Scripturis
948 5023 1079 5077 nihil
1103 5034 1284 5081 temere
1302 5030 1522 5098 positum
1564 5063 1634 5074 —
1666 5033 1761 5089 Ni-

194 5100 327 5156 hitin
353 5105 563 5164 divinis
605 5109 896 5181 Scripturis
946 5126 1150 5173 temere
1192 5122 1423 5193 positum
1475 5134 1595 5191 est;
1646 5137 1769 5182 sunt

189 5195 321 5247 enim
346 5195 592 5265 Spiritus
610 5204 778 5265 sancti
804 5203 970 5260 dicta.
1012 5206 1371 5279 Quamobrem
1404 5215 1581 5269 omnia
1613 5231 1769 5272 accu-

188 5294 293 5338 rate
312 5288 705 5358 disquiramns.
732 5296 814 5350 Ab
841 5312 942 5351 una
971 5301 1169 5369 quippe
1205 5301 1436 5361 dictione
1464 5315 1631 5361 totum
1661 5324 1767 5362 ste-

189 5388 252 5440 ιιιο
275 5391 496 5435 sensium
528 5382 805 5452 discimus,
836 5391 1079 5444 utetiam
1118 5408 1260 5447 mnu:
1302 5397 1585 5467 contingit.
1615 5399 1767 5453 Multi

187 5470 307 5520 enim
335 5489 399 5524 ea:
427 5473 879 5546 Jerosolymitanis
905 5483 1177 5538 dicebant:
1217 5484 1337 5541 Non
1381 5489 1463 5542 hic
1503 5500 1575 5545 est
1619 5509 1767 5560 quem

190 5572 409 5623 φατιιιι
434 5565 723 5634 interﬁcere
747 5570 775 5622 1
804 5571 868 5625 Et
890 5589 1002 5627 ecce
1025 5576 1197 5645 palam
1228 5579 1469 5648 loquitur,
1491 5591 1538 5635 et
1564 5583 1693 5638 nihil
1720 5587 1767 5639 ei

184 5650 374 5704 dicunt.
416 5653 537 5708 Cur
590 5654 1015 5732 Jerosolymitani
1070 5673 1474 5725 memorantur?
1524 5670 1766 5730 Ostendit

187 5742 514 5813 evangelista
539 5760 631 5802 cos
653 5753 901 5821 maxime,
923 5756 1011 5835 qui
1036 5766 1110 5814 tot
1132 5758 1293 5829 signis
1307 5760 1506 5832 dignati
1535 5762 1761 5834 fuerant,

1598 4360 1845 4372 —.—_.._

1922 463 2268 520 prteceptnm,
2302 457 2535 528 inquam,
2565 478 2594 516 a
2627 465 2742 535 lege
2769 485 2873 524 non
2904 472 3088 538 latum.
3122 478 3216 532 sed
3243 486 3504 542 extrinse-

1904 556 2013 596 cus
2050 546 2303 613 allatum;
2328 553 2469 621 quod
2498 563 2579 610 est
2611 558 2792 628 utique
2823 563 3014 618 mirum
3045 584 3059 619 :
3089 583 3183 622 vos
3206 581 3382 628 autem
3412 578 3502 646 qui

1917 649 2023 687 non
2048 638 2178 691 estis
2208 638 2557 709 legislatores.
2589 645 2727 701 ultra
2759 651 2972 707 modum
2999 656 3170 727 legem
3196 638 3500 721 vindicatis.

1917 728 2111 784 Verum
2138 731 2243 788 fide
2265 734 2475 805 dignior
2501 738 2649 794 vobis
2676 753 2761 797 est
2796 743 3024 816 Moyses,
3051 751 3138 817 qui
3168 752 3338 823 legem
3366 759 3502 814 solvi

1913 822 2154 890 praecipit
2196 823 2266 877 ob
2313 836 2634 897 praeceptum
2682 848 2787 888 non
2827 836 3014 905 legale.
3047 842 3179 896 Cum
3216 822 3345 917 ergo
3372 848 3501 906 dicit

1913 918 2081 965 tutum
2130 911 2401 970 hominem
2429 957 2442 981 ,
2491 919 2728 977 declarat
2776 926 3237 989 cireumcisionem
3293 949 3496 1006 partem

1914 1012 2115 1056 tantum
2147 1006 2464 1063 valetudinis
2492 1024 2631 1066 esse.
2674 1013 2741 1067 Et
2770 1031 2888 1085 qutc
2922 1029 3006 1073 est
3033 1024 3234 1079 sanitas
3261 1029 3496 1083 circnm-

1909 1093 2126 1149 uisionis
2146 1096 2170 1150 ?
2194 1097 2398 1164 Anima,
2427 1102 2616 1171 inquit,
2639 1106 2814 1160 omnis
2835 1125 2950 1175 quae
2973 1128 3072 1165 non
3097 1115 3493 1186 circumciditur,

1909 1187 2318 1242 exterminabitur
2347 1189 2509 1259 (Gen.
2543 1194 2628 1247 ΓΙ.
2664 1196 2785 1267 M).
2827 1198 2941 1268 Ego
2980 1217 3108 1257 vero
3151 1219 3254 1260 non
3300 1211 3490 1277 partim

1906 1292 2104 1346 :rgrum
2135 1280 2313 1345 modo,
2348 1284 2441 1337 sed
2475 1294 2639 1339 totum
2668 1301 2976 1359 corruptum
3010 1297 3282 1351 suscitavi.
3316 1299 3496 1356 Nolite

1905 1385 2023 1439 ergo
2048 1372 2285 1442 judicare
2312 1377 2601 1435 secundum.
2617 1383 2817 1449 facient.
2847 1384 2957 1440 Ilnc
2984 1397 3227 1456 putemus
3254 1406 3359 1447 non
3387 1394 3490 1450 illis

1906 1470 2108 1516 tantum
2137 1464 2333 1519 dictum
2364 1468 2545 1531 fuisse.
2575 1471 2670 1527 sed
2701 1473 2852 1530 nobis
2874 1492 3106 1549 quoque,
3136 1496 3203 1535 ne
3228 1482 3331 1538 ulla
3356 1484 3406 1539 in
3430 1502 3488 1541 re

1899 1551 2156 1621 justitiam
2187 1571 2610 1629 corrumpamns,
2640 1564 2733 1618 sed
2768 1582 2862 1634 pro
2902 1569 2989 1622 illa
3021 1573 3195 1626 omnia
3226 1589 3483 1644 agamus;

1904 1659 1969 1698 ne
1997 1648 2334 1704 attendamus
2364 1667 2428 1705 an
2457 1668 2656 1723 pauper
2679 1672 2747 1710 an
2772 1658 2928 1714 dives
2956 1663 3074 1731 quis
3096 1664 3199 1729 sit,
3231 1681 3329 1721 nec
3361 1683 3485 1738 per-

1900 1749 2059 1790 sonas
2079 1778 2095 1802 ,
2127 1738 2220 1792 sed
2249 1755 2335 1794 res
2364 1743 2723 1811 exploremus.
2756 1747 2875 1803 Non
2905 1752 3246 1821 misereberis,
3281 1756 3482 1826 inquit.

1899 1828 2136 1896 pauperis
2160 1829 2212 1882 in
2235 1831 2430 1899 judicio
2453 1832 2645 1903 (Exod.
2674 1838 2764 1893 23.
2795 1840 2874 1908 3).
2898 1841 3031 1909 Quid
3060 1843 3159 1897 sibi
3187 1846 3296 1900 vult
3318 1846 3485 1901 illud?

1899 1916 1975 1972 Ne
2006 1918 2285 1989 frangaris,
2319 1924 2507 1993 inquit,
2540 1942 2606 1982 ne
2632 1928 2879 1997 flectat-is,
2913 1933 2959 1987 si
3000 1950 3199 2004 pauper
3222 1938 3289 1992 sit
3319 1939 3366 1994 is
3390 1940 3480 2010 qui

1898 2008 2050 2064 la-sit.
2093 2012 2242 2077 Quod
2275 2017 2318 2069 si
2350 2020 2563 2087 pauperi
2599 2036 2700 2076 non
2732 2023 3111 2094 ignoscendum
3136 2071 3152 2095 ,
3185 2031 3353 2088 multo
3378 2008 3479 2086 mi-

1896 2116 1997 2155 nus
2021 2102 2189 2157 diviti.
2218 2105 2342 2161 Ha-c
2370 2123 2529 2176 porro
2554 2111 2674 2166 dico
2700 2130 2805 2168 non
2839 2116 3106 2185 jndicibus
3134 2128 3354 2188 tantum,
3384 2124 3477 2181 scd

1895 2199 1949 2245 ct
1973 2194 2239 2259 omnibus,
2265 2213 2330 2251 ne
2353 2215 2598 2271 umquam
2617 2203 2705 2272 jus
2731 2205 2978 2274 violetur,
3001 2210 3094 2264 sed
3116 2211 3478 2283 incorruptum

1895 2297 2108 2353 semper
2136 2298 2398 2343 servetur.
2441 2290 2650 2362 Diligit,
2683 2296 2884 2367 inquit,
2921 2300 3174 2369 justitiam
3207 2301 3477 2359 Dominus.

1897 2373 1998 2439 Qui
2022 2386 2185 2430 autem
2211 2379 2374 2448 diligit
2401 2382 2731 2453 iniquitatem,
2763 2388 2865 2441 odit
2885 2391 3107 2444 quintam
3132 2409 3275 2446 suam
3302 2393 3474 2462 (Psal.

1895 2467 1980 2523 l0.
2011 2469 2089 2537 6).
2121 2470 2198 2525 Ne
2223 2513 2237 2535 ,
2268 2489 2483 2542 quaeso.
2516 2477 2720 2533 animas
2749 2489 2957 2536 nostras
2995 2481 3119 2538 odio
3149 2483 3472 2549 habeamus,

1892 2574 1991 2614 nec
2015 2562 2345 2631 iniquitatem
2371 2566 2670 2636 diligamus.
2699 2569 2833 2626 llinc
2855 2583 2997 2627 certe
3020 2590 3207 2644 parum
3234 2580 3315 2632 vel
3343 2578 3474 2635 nihil

1893 2648 2022 2704 lucri
2055 2668 2192 2707 tiunc
2222 2655 2578 2724 percipimus;
2612 2660 2704 2715 srd
2737 2662 2788 2715 in
2817 2663 2995 2719 futuro
3029 2681 3275 2737 magnum
3303 2668 3476 2724 aderit

1889 2738 2140 2796 damnum
2168 2746 2204 2798 ¹.
2242 2745 2353 2799 lmo
2382 2763 2449 2803 ne
2478 2748 2562 2803 hic
2587 2766 2795 2822 quoque
2825 2754 3101 2824 iniquitate
3128 2767 3308 2813 nostra
3335 2762 3476 2814 frue—

1891 2845 2027 2884 mur.
2060 2831 2284 2899 Quando
2312 2837 2454 2890 enim
2487 2853 2608 2899 cum
2650 2842 2786 2897 mala
2829 2846 3151 2901 conscientia
3186 2848 3236 2901 in
3267 2848 3473 2906 deliciis

1890 2935 2200 2990 versamur,
2231 2915 2555 2984 annon'hoc
2597 2932 2863 2988 cruciatus
2900 2944 2955 2990 et
2999 2937 3315 3020 supplicium
3352 2941 3474 2995 est?

1890 3011 2178 3083 Diligamus
2215 3033 2341 3085 ergo
2372 3020 2633 3089 jusuitlam
2679 3035 2733 3079 et
2779 3042 3064 3097 numquam
3114 3029 3250 3087 hanc
3276 3011 3464 3101 legem

1889 3104 2168 3160 violemus.
2195 3106 2330 3175 Quid
2362 3111 2503 3165 enim
2537 3111 2737 3168 fructus
2757 3130 2823 3169 ex
2850 3114 2950 3172 bac
2977 3118 3080 3172 vita
3102 3122 3352 3191 consequi
3377 3138 3470 3191 po-

1889 3196 2141 3263 terimus,
2179 3200 2281 3254 nisi
2319 3201 2444 3257 hinc
2468 3214 2588 3257 cum
2634 3206 2826 3263 virtute
2868 3209 3312 3276 migraverimus?
3341 3216 3466 3283 quid

1886 3287 1995 3342 illic
2024 3288 2177 3343 nobis
2211 3293 2666 3358 patrocinabitur?
2693 3312 2759 3350 an
2790 3299 3018 3353 amicitia
3039 3342 3052 3363 ,
3084 3317 3148 3355 an
3180 3306 3426 3372 cognatio
3449 3347 3465 3370 ,

1886 3394 1951 3432 an
1996 3381 2207 3449 gratia?
2246 3382 2448 3452 Ecquid
2490 3386 2713 3455 gratiam
2753 3387 3034 3457 cujuslibet
3063 3390 3227 3447 dico?
3262 3394 3316 3449 Si
3355 3394 3468 3451 Noe

1887 3484 2088 3543 patrem
2120 3471 2408 3527 habeamus
2431 3515 2446 3539 ,
2479 3476 2523 3529 si
2560 3475 2750 3531 Jobum
2776 3519 2791 3542 ,
2823 3479 2867 3534 si
2913 3479 3179 3536 Daniclem
3199 3525 3215 3547 ,
3254 3484 3303 3538 id
3335 3486 3464 3543 nihil

1888 3560 2041 3615 nubis
2068 3561 2332 3629 proderit,
2363 3564 2408 3619 si
2437 3575 2611 3620 nostra
2641 3581 2739 3621 nos
2764 3582 2923 3638 opera
2954 3570 3197 3638 prodant.
3229 3574 3333 3630 Sed
3360 3591 3463 3631 una

1886 3665 2020 3718 opus
2062 3651 2319 3709 habemus
2349 3654 2581 3723 virtute;
2613 3655 2727 3712 ba~c
2771 3674 2868 3714 nos
2904 3675 3119 3717 servare
3156 3665 3381 3734 poterit.
3410 3677 3465 3722 et

1885 3741 1953 3795 ab
1980 3752 2181 3797 interno
2225 3745 2343 3815 igne
2387 3746 2634 3805 liberare.
2677 3749 2800 3805 ΙΙωο
2838 3766 2936 3807 nos
2960 3755 3131 3809 mittet
3158 3756 3209 3811 in
3242 3773 3459 3829 regnum

1885 3833 2173 3900 cielorum;
2202 3837 2342 3906 quod
2372 3841 2570 3894 utinam
2611 3857 2799 3897 omnes
2841 3859 3264 3917 consequamur,
3291 3852 3457 3918 gratia

1883 3932 1936 3976 et
1968 3923 2288 3994 benignitate
2318 3928 2522 3983 Domini
2561 3931 2725 3984 nostri
2764 3931 2891 3987 Jesu
2916 3934 3148 4002 Christi,
3181 3953 3273 4005 per
3299 3955 3459 4009 quem

1881 4023 1935 4067 et
1960 4030 2079 4070 cum
2110 4031 2215 4085 quo
2241 4016 2380 4071 Patri
2406 4019 2596 4088 gloria,
2624 4036 2834 4091 unaque
2853 4032 3037 4076 saneto
3057 4023 3295 4093 Spiritui,
3318 4043 3459 4085 nunc

1880 4115 1929 4161 et
1962 4122 2191 4176 semper,
2216 4119 2268 4161 et
2297 4110 2346 4162 in
2377 4111 2569 4166 smcula
2597 4112 2932 4166 steculorum.
2957 4114 3150 4169 Amen.

1945 4196 2044 4269 inin
2068 4197 2173 4248 aliis
2197 4199 2456 4261 legitur....
2483 4199 2612 4252 lucri
2626 4215 2752 4253 nunc
2773 4202 3084 4265 percipimus,
3108 4206 3196 4256 sed
3220 4206 3271 4256 in
3291 4206 3455 4269 futuro

1875 4257 2153 4320 peribimus.

1883 4515 2118 4569 omnium
2148 4515 2479 4571 miserrimos
2505 4532 2626 4573 esse
2646 4557 2666 4584 ,
2703 4521 2792 4590 qui
2822 4536 2943 4577 cum
2973 4524 3263 4584 divinitatis
3290 4529 3455 4599 ipsius

1877 4605 2086 4674 signum
2147 4606 2435 4661 maximum
2497 4607 2790 4680 vidissent,
2856 4623 3022 4669 totum
3079 4628 3453 4687 corruptorum

1879 4695 2176 4765 principum
2199 4696 2404 4766 judicio
2425 4699 2789 4758 remittebant.
2812 4704 3006 4763 Annon
3039 4708 3329 4764 maximum
3377 4714 3451 4766 si-

1876 4801 2040 4855 gnum
2061 4797 2194 4852 erat,
2225 4789 2365 4859 quod
2395 4789 2650 4859 furentes,
2680 4794 2881 4851 caedem
2906 4799 3191 4867 spirantes,
3220 4802 3455 4857 circnm-

1876 4889 2175 4947 cursantes,
2198 4889 2360 4951 atque
2383 4883 2685 4943 interficere
2708 4899 3051 4957 qtuerentes,
3105 4906 3227 4948 cum
3282 4895 3454 4966 ipsum

1881 4986 1990 5039 pra:
2017 4973 2262 5027 manibus
2291 4985 2540 5032 tenerent
2560 5017 2575 5041 ,
2606 4980 2786 5034 statim
2808 4981 3184 5050 quiescerent?
3206 4986 3327 5057 quis
3349 4986 3453 5042 hoc

1879 5059 2132 5117 fecisset?
2151 5064 2271 5134 quis
2301 5072 2505 5121 tantum
2535 5067 2773 5124 furorem
2797 5071 2876 5126 sic
2903 5074 3287 5131 exstinxisset?
3306 5080 3453 5132 Atta-

1876 5164 1998 5204 men
2022 5162 2144 5220 post
2173 5163 2248 5207 tot
2276 5153 2444 5225 signa,
2478 5155 2597 5212 vide
2616 5158 2894 5214 stultitiam
2914 5170 2971 5216 et
2990 5163 3243 5219 furorem.
3268 5162 3456 5222 Nouus

1875 5242 1957 5296 hic
1971 5255 2042 5298 est
2056 5260 2199 5313 quem
2222 5257 2453 5314 quierunt
2467 5248 2746 5314 interﬁcere
2756 5252 2783 5303 Ρ
2803 5250 2933 5308 Vide
2945 5253 3213 5323 quomodo
3230 5270 3289 5311 se
3312 5257 3457 5325 ipsos

1874 5334 2252 5389 condemnant.
2273 5335 2432 5400 Quem
2454 5350 2683 5407 quarum
2709 5341 3008 5410 interﬁcere,
3028 5344 3292 5415 inquiunt,
3310 5348 3453 5403 etui-

1876 5424 1950 5478 liil
1965 5426 2012 5478 ei
2030 5425 2225 5480 dicunt.
2256 5426 2363 5483 Nec
2384 5428 2543 5483 modo
2555 5431 2685 5485 nihil
2702 5432 2905 5501 dicunt,
2922 5436 3016 5490 sed
3029 5451 3201 5507 neque
3214 5439 3386 5507 palam
3401 5446 3446 5495 ct

1874 5514 2041 5572 libere
2066 5517 2368 5586 loquentem
2400 5521 2647 5592 ipsosque
2690 5537 3095 5595 exasperantem
3134 5530 3444 5599 reprimunt.

1870 5603 2142 5677 Numquid
2161 5623 2274 5663 vere
2285 5622 2642 5680 cognouerunt,
2672 5614 2791 5685 quia
2816 5615 2900 5670 hic
2922 5626 2994 5671 est
3017 5615 3262 5672 Christus.
3291 5617 3453 5674 Vobis

1872 5708 2050 5754 autem
2084 5699 2210 5769 quid
2239 5703 2497 5760 videtur?
2520 5722 2681 5778 quam
2704 5708 2773 5765 de
2790 5708 2884 5765 illo
2915 5708 3066 5765 fertis
3091 5710 3450 5766 sententiam?

1874 5789 2241 5863 Contrarium,
2275 5795 2535 5870 inquiunt.
2562 5799 2684 5858 idco
2715 5800 2965 5859 dicebant
2997 5818 3008 5854 :
3046 5801 3151 5859 Sed
3180 5802 3311 5861 hunc
3344 5802 3443 5863 tti-
