3984 6196
558 328 661 384 279

560 462 666 498 mus
686 440 817 495 unde
841 438 925 494 sit.
950 436 994 491 0
1021 432 1310 503 nequitiam
1340 431 1354 483 '.
1387 445 1419 481 o
1446 420 1921 481 contradictionem
1950 415 1966 470 ἓ
2019 413 2137 469 Non

483 604 492 610 ἢ
558 550 678 589 cum
710 530 1032 602 principibus
1070 522 1335 580 calculum
1390 518 1599 581 ferunt,
1627 513 1722 567 sed
1768 510 1929 565 aliam
1956 520 2146 562 corru-

481 604 514 702 i
560 597 949 694 mam-efferunt
972 614 1288 673 sententiam
1315 608 1535 665 stultitia
1556 618 1650 659 sua
1666 602 1900 670 dignam.
1917 597 2140 659 Scimus,

561 713 826 785 inquiunt,
850 708 982 763 unde
1005 708 1065 761 sit
1089 720 1107 759 :
1149 702 1376 758 Christus
1404 707 1571 750 autem
1598 708 1711 746 cum
1738 688 1925 744 uenerit
1950 727 1965 751 ,
1999 700 2143 738 nemo

562 777 681 862 sciet
708 804 842 857 unde
861 803 946 857 sit.
980 796 1139 867 Atqui
1172 792 1439 864 principes
1463 785 1627 842 vestri
1659 778 1968 848 interrogati
1990 777 2142 830 dice-

564 897 692 951 bant
713 935 728 960 ,
761 896 816 949 in
842 864 1156 946 Bethlehem
1189 882 1537 938 nasciturum.
1569 876 1633 929 Et
1658 885 1866 927 rursum
1897 867 2008 932 alii,
2030 864 2142 918 Nos

561 991 746 1044 scimus
765 986 884 1058 quia
911 982 1077 1051 Moysi
1098 980 1332 1043 loquutus
1358 981 1429 1026 est
1474 968 1613 1023 Deus
1635 983 1653 1031 ;
1684 965 1815 1017 hunc
1843 968 2009 1013 autem
2055 973 2143 1010 ne-

562 1082 747 1135 scimus
773 1047 907 1132 unde
927 1047 1203 1145 sitfloan.
1226 1067 1282 1122 9.
1303 1064 1430 1128 29).
1462 1059 1745 1115 Ebriorum
1771 1051 1932 1107 verba
1959 1047 2141 1104 consi-

563 1173 693 1225 dera
711 1171 752 1223 ¹.
802 1138 1166 1230 Rursumque,
1191 1157 1332 1213 Num
1350 1170 1412 1209 ex
1437 1150 1652 1206 Galiltea
1680 1146 1810 1199 venit
1855 1142 2084 1197 Christus
2113 1138 2138 1190 .9

565 1278 736 1316 annon
761 1275 823 1313 ea:
850 1229 1139 1311 Bethlehem
1164 1251 1271 1303 uico
1294 1248 1318 1300 1’
1345 1242 1529 1300 Videu’
1556 1239 1828 1295 ebriorum
1855 1229 2144 1293 calculum?

566 1354 797 1415 Scimus,
824 1346 1132 1403 nescimus;
1183 1355 1249 1395 ex
1309 1333 1621 1401 Bethlehem
1652 1328 1800 1383 venit
1853 1323 2141 1383 Christus;

566 1409 796 1495 Christus
824 1444 991 1489 autem
1012 1447 1130 1486 cum
1156 1426 1364 1503 venerit,
1392 1437 1537 1477 nemo
1559 1419 1679 1473 sciet
1710 1415 1841 1469 unde
1885 1414 1968 1469 sit.
2009 1409 2145 1478 Quid

570 1531 670 1585 hac
698 1528 960 1583 dictorum
982 1536 1153 1592 pugna
1184 1502 1520 1572 manifestius
1545 1510 1569 1563 ‘l
1622 1508 1677 1564 Id
1704 1520 1864 1561 unum
1892 1502 2151 1570 respicie-

569 1624 717 1685 bant,
747 1628 893 1674 utne
921 1615 1221 1670 crederent.
1270 1606 1409 1676 Quid
1439 1619 1567 1674 ergo
1610 1600 1678 1655 ad
1708 1600 1824 1653 hinc
1851 1595 2096 1651 Christus
2124 1592 2147 1645 ?

567 1713 659 1767 28.
702 1711 767 1765 Et
796 1725 874 1763 nte
893 1707 1069 1771 nostis,
1109 1712 1157 1759 et
1185 1700 1319 1755 unde
1346 1699 1443 1753 sim
1470 1695 1645 1751 scitis:
1676 1701 1722 1745 et
1752 1707 1784 1743 a
1804 1688 1997 1758 meipso
2045 1700 2147 1738 non

569 1801 700 1865 veni,
717 1799 806 1853 sed
825 1808 896 1852 est
916 1812 1059 1850 verus
1077 1793 1161 1862 qui
1188 1790 1320 1845 misit
1359 1803 1457 1851 me,
1511 1799 1654 1853 quem
1692 1796 1779 1835 vos
1817 1777 2034 1833 nescitis.
2082 1774 2148 1828 Et

570 1872 804 1954 rursum,
836 1888 896 1943 Si
922 1902 998 1939 me
1012 1883 1225 1945 sciretis,
1255 1888 1300 1933 et
1331 1876 1540 1931 Patrem
1566 1888 1732 1926 meum
1758 1869 1970 1923 sciretis.
1998 1867 2146 1933 Quo-

570 1980 732 2035 modo
760 1994 888 2049 ergo
913 1976 1041 2031 dicit
1072 1988 1164 2029 eos
1192 1980 1246 2026 et
1264 1971 1461 2037 ipsum,
1483 1974 1537 2019 et
1568 1962 1709 2017 unde
1736 1960 1806 2014 sit
1835 1972 1996 2012 nosse
2026 1972 2042 2022 ;
2092 1963 2147 2009 et

569 2071 693 2125 alibi
718 2111 734 2137 ,
762 2083 861 2123 nec
885 2068 1056 2137 ipsum
1085 2076 1264 2125 nosse,
1296 2072 1395 2112 nec
1412 2049 1801 2110 Patrem?Non
1831 2062 2014 2103 secum
2044 2060 2147 2115 pu-

569 2172 727 2230 gnat,
757 2158 935 2221 absit;
986 2154 1081 2209 sed
1111 2151 1267 2207 valde
1292 2148 1393 2203 sibi
1420 2151 1651 2200 constat.
1679 2141 1755 2195 De
1774 2138 1879 2192 alia
1914 2137 2150 2205 loquitur

569 2226 870 2319 cOgnitione
898 2287 914 2313 ,
955 2260 1076 2312 cum
1110 2242 1260 2307 dicit,
1284 2238 1401 2293 Non
1452 2234 1655 2297 nostis,
1701 2226 2147 2299 quemadmodum

568 2316 689 2395 cum
718 2338 891 2392 dicit:
922 2334 1045 2389 Filii
1075 2332 1196 2387 Πειὶ
1224 2371 1238 2395 ,
1272 2328 1367 2397 mu
1388 2327 1709 2397 pestilentes,
1741 2320 2009 2374 nescientes
2034 2316 2149 2370 Do-

569 2434 761 2485 minum
806 2429 885 2498 (l.
910 2428 1037 2496 Reg.
1059 2425 1114 2478 2.
1142 2422 1253 2493 i2);
1276 2436 1339 2475 ac
1383 2432 1594 2473 rursum
1622 2455 1637 2480 ,
1672 2410 1839 2466 Israel
1864 2421 2031 2464 autem
2071 2425 2151 2463 me

569 2540 670 2577 non
690 2519 916 2593 cognovit
936 2515 1089 2584 (lsai.
1116 2516 1168 2569 1.
1194 2514 1269 2581 ὅ).
1305 2509 1370 2564 Ut
1396 2519 1448 2562 et
1476 2505 1673 2560 Paulus
1698 2502 1773 2556 ait
1796 2517 1808 2555 :
1838 2501 2150 2567 Conﬁtentur

568 2631 621 2669 se
646 2589 791 2667 nosse
809 2609 972 2663 Deum
990 2648 1004 2672 ,
1031 2605 1178 2676 factis
1197 2610 1365 2657 autem
1394 2604 1577 2666 negant
1596 2592 1724 2661 (Tit.
1756 2592 1806 2646 l.
1828 2591 1937 2657 16).
1965 2589 2149 2645 Potest

569 2720 696 2774 ergo
715 2701 803 2772 qui
838 2702 957 2762 scit,
990 2698 1216 2752 nescire.
1252 2692 1364 2746 Hoc
1390 2690 1566 2757 itaque
1582 2684 1743 2738 dicit:
1774 2683 1827 2737 Si
1858 2696 1945 2736 me
1970 2694 2149 2734 nosse-

571 2767 658 2859 tis:
691 2767 901 2848 sciretis
928 2804 1014 2842 me
1034 2800 1153 2840 esse
1171 2782 1365 2837 Filium
1399 2776 1511 2833 Dei.
1560 2773 1697 2828 illud
1735 2779 1913 2826 autem
1940 2810 1955 2835 ,
2002 2767 2150 2822 Unde

570 2858 685 2948 sim,
712 2896 814 2936 non
837 2880 1012 2934 locum
1044 2875 1130 2929 hic
1154 2873 1396 2930 denotat.
1414 2876 1474 2924 ut
1492 2867 1662 2934 liquet
1690 2877 1753 2917 ex
1776 2858 2148 2929 sequentibus:

572 2972 639 3029 Et
666 2990 696 3024 a
722 2972 911 3039 meipso
933 2984 1032 3020 non
1050 2967 1183 3029 ueni,
1212 2962 1300 3018 sed
1322 2974 1465 3013 verus
1481 2966 1550 3011 est
1573 2954 1657 3025 qui
1682 2952 1815 3005 misit
1840 2965 1918 3002 me
1946 2989 1961 3013 ,
2001 2964 2148 3019 quem

573 3082 656 3119 vos
694 3062 912 3117 nescitis.
930 3060 1036 3114 llic
1056 3055 1290 3126 loquitur
1313 3052 1381 3107 de
1406 3046 1698 3119 ignorantia
1729 3042 1977 3112 operibus
1997 3054 2148 3094 com-

573 3158 793 3226 probata
821 3195 834 3219 ,
882 3153 949 3208 de
997 3165 1101 3221 qua
1145 3145 1341 3203 Paulus
1383 3140 1543 3197 dicit:
1592 3136 1907 3204 Conﬁtentur
1932 3148 1986 3187 se
2007 3147 2153 3187 nosse

573 3223 735 3304 beam
763 3287 779 3311 ,
810 3244 959 3317 {actis
978 3252 1143 3296 autem
1164 3245 1366 3308 negant.
1410 3232 1592 3302 Neque
1635 3230 1779 3284 enim
1822 3223 2140 3298 ignorantia:

576 3315 850 3414 peccatum
881 3344 1017 3399 erat,
1045 3332 1140 3387 sed
1190 3328 1438 3398 nequitia:
1463 3334 1518 3384 et
1548 3321 1699 3376 malte
1726 3318 2035 3373 voluntatis.
2082 3315 2152 3370 Et

572 3406 698 3488 cum
742 3430 843 3484 hoc
871 3426 1107 3484 scirent,
1162 3420 1408 3488 ignorare
1457 3410 1727 3466 volebant.
1765 3406 1870 3462 Sed
1906 3419 2149 3476 quasnam

578 3522 691 3576 haec
706 3510 1127 3585 consequentia?
1154 3503 1420 3577 quomodo
1447 3511 1503 3556 ut
1532 3502 1653 3555 illos
1680 3497 1937 3560 confutet,
1962 3495 2150 3549 eadem

578 3623 698 3679 qum
728 3605 826 3674 ipsi
858 3584 1092 3671 laquitur
1116 3598 1140 3650 ν
1166 3596 1295 3651 Nam
1328 3607 1448 3646 cum
1481 3590 1557 3644 illi
1585 3587 1842 3650 dicerent,
1880 3584 2031 3638 Iluuc
2058 3600 2153 3636 au-

582 3676 680 3753 tem
696 3696 883 3750 scimus
905 3690 1039 3745 unde
1058 3689 1150 3754 sit,
1181 3683 1437 3748 subdidit,
1468 3680 1533 3734 Et
1563 3696 1641 3733 me
1659 3678 1817 3731 scitis.
1843 3676 1978 3744 Quid
2010 3677 2151 3729 enim

581 3785 829 3843 dicebant
854 3782 973 3837 illi?
998 3795 1064 3833 an
1091 3776 1233 3848 quod
1255 3772 1563 3829 nescirent?
1594 3770 1705 3823 lmo
1730 3782 1856 3822 vero
1879 3767 1975 3835 ipsi
2005 3766 2154 3821 dice-

582 3880 734 3945 bant,
785 3875 1006 3930 Scimus.
1042 3870 1235 3925 Verum
1267 3882 1388 3920 cum
1434 3864 1677 3919 dicerent
1720 3874 1780 3921 se
1828 3861 1967 3914 scire
2014 3858 2154 3913 unde

584 3978 748 4033 esset,
769 3966 899 4021 nihil
928 3962 1069 4017 aliud
1100 3959 1491 4031 significabant,
1514 3969 1671 4025 quam
1700 3953 1849 4007 illum
1881 3951 1952 4005 de
2012 3962 2153 4005 terra

582 4075 704 4116 esse
731 4068 786 4114 et
827 4056 956 4110 fabri
984 4055 1168 4108 tilium.
1213 4051 1307 4109 ille
1349 4062 1479 4102 vero
1517 4045 1569 4099 in
1598 4044 1759 4100 caelos
1783 4042 2023 4111 erigebat
2062 4054 2157 4095 eos

581 4151 787 4213 dicens,
811 4147 969 4202 Scitis
991 4143 1131 4199 unde
1148 4142 1270 4201 sim;
1304 4138 1354 4193 id
1381 4146 1483 4201 est,
1524 4134 1639 4190 Non
1668 4132 1809 4187 unde
1848 4130 2160 4200 suspicami-

583 4242 638 4299 ni
661 4239 809 4305 veni,
837 4236 931 4292 sed
959 4237 1098 4290 unde
1126 4235 1169 4287 is
1194 4232 1284 4301 qui
1315 4228 1464 4283 misit
1489 4241 1595 4280 me.
1625 4223 1757 4280 Cum
1781 4222 2090 4283 dicitenim,
2113 4220 2159 4272 Α

584 4334 778 4401 meipso
808 4347 909 4385 non
926 4328 1057 4394 veni,
1091 4326 1193 4380 hoc
1217 4320 1537 4382 subindicat,
1574 4319 1718 4388 ipsos
1747 4330 1935 4384 nempe
1970 4314 2109 4367 scire
2141 4352 2157 4378 ,

589 4423 731 4494 quod
760 4437 787 4474 a
812 4422 971 4476 Patre
998 4419 1193 4472 missus
1218 4422 1384 4479 esset,
1417 4412 1517 4467 etsi
1542 4411 1592 4464 id
1625 4424 1728 4463 non
1756 4406 2157 4462 confiterentur.

590 4509 796 4580 Duplici
818 4524 946 4579 ergo
975 4507 1136 4561 modo
1175 4504 1294 4558 illos
1318 4502 1578 4557 confutat.
1613 4500 1792 4554 Primo
1814 4511 1875 4550 ea
1919 4510 2037 4565 qtue
2077 4507 2162 4547 se-

590 4613 741 4662 creto
770 4601 1144 4671 loquebantur,
1174 4596 1226 4650 in
1248 4594 1486 4649 medium
1532 4601 1729 4646 etcum
1757 4589 1991 4643 clamore
2040 4599 2165 4655 pro-

586 4695 710 4760 fert,
745 4701 802 4747 ut
829 4692 949 4746 illos
972 4687 1304 4758 pudefaciat;
1333 4683 1523 4737 deinde
1546 4690 1779 4735 mentem
1806 4679 2016 4734 illormn
2038 4690 2164 4744 ape-

588 4786 677 4846 rit,
706 4799 769 4838 ac
790 4784 835 4837 si
855 4782 1056 4837 diceret
1079 4798 1092 4833 :
1116 4778 1232 4833 Non
1260 4775 1501 4842 abiectus
1527 4787 1642 4826 sum
1665 4811 1680 4836 ,
1720 4786 1825 4824 non
1855 4770 1970 4824 sine
2005 4780 2164 4821 causa

589 4874 749 4937 veni;
782 4872 888 4927 Sed
921 4886 1065 4923 verus
1088 4879 1158 4923 est
1187 4867 1274 4936 qui
1317 4864 1449 4918 misit
1495 4878 1606 4923 me,
1643 4876 1786 4929 quem
1816 4875 1902 4912 vos
1941 4857 2163 4910 nescitis.

591 4963 729 5031 Quid
758 4962 1022 5032 significat
1049 4958 1175 5014 illud
1200 4999 1214 5021 ,
1253 4956 1413 5010 Verus
1434 4962 1503 5007 est
1521 4952 1606 5022 qui
1622 4951 1753 5003 misit
1777 4949 1894 5002 me?
1920 4948 1975 4999 Si
2007 4962 2167 5001 verus

592 5065 673 5112 est
695 5094 711 5122 ,
755 5056 808 5111 in
849 5054 1079 5108 veritate
1102 5066 1185 5104 nte
1208 5049 1350 5103 misit
1376 5064 1389 5100 :
1418 5047 1461 5101 si
1491 5059 1648 5099 verus
1672 5052 1773 5109 est,
1802 5040 2043 5109 sequitur
2071 5053 2165 5092 ve-

591 5162 710 5203 rum
745 5147 894 5199 illum
920 5158 1040 5198 esse
1067 5142 1154 5210 qui
1186 5141 1380 5193 missus
1400 5138 1515 5190 fuit.

663 5239 720 5291 2.
749 5237 869 5291 Alio
890 5248 1101 5305 quoque
1124 5231 1283 5286 modo
1316 5230 1365 5283 id
1396 5230 1603 5298 probat,
1637 5225 1868 5294 propriis
1901 5224 2018 5277 illos
2037 5238 2161 5276 ver—

592 5329 675 5383 bis
701 5328 936 5397 capiens.
969 5326 1102 5394 Quia
1132 5325 1273 5379 enim
1292 5322 1559 5383 dicebant,
1592 5317 1820 5373 Christus
1842 5331 1956 5368 cum
1983 5314 2165 5378 veniet,

593 5436 739 5476 uerno
758 5421 877 5475 sciet
901 5421 1034 5472 unde
1050 5420 1112 5472 sit
1136 5458 1151 5481 ,
1201 5417 1324 5470 hinc
1355 5413 1585 5469 ostendit
1628 5426 1687 5465 se
1707 5409 1978 5463 Christum
2020 5420 2159 5459 esse.

594 5514 726 5570 Nam
749 5513 848 5583 ipsi
882 5511 1032 5575 illud,
1088 5507 1253 5563 Nemo
1283 5508 1423 5573 sciet,
1477 5502 1767 5560 secundum
1816 5497 2168 5554 differentiam

662 5606 679 5636 ⁸
716 5606 800 5653 Hic
815 5602 957 5670 locus
974 5601 1047 5649 sic
1071 5597 1275 5670 edertur
1295 5597 1419 5670 apud
1444 5592 1621 5670 savii...
1655 5610 1679 5637 ι
1696 5590 1820 5660 Inmc
1837 5596 1997 5670 autem
2020 5584 2169 5670 nesci-

595 5650 851 5732 nutsjunde
870 5662 929 5713 sit
948 5679 972 5732 ιε
985 5699 994 5708 .
1022 5678 1045 5705 ι
1067 5658 1248 5732 Scimus
1271 5650 1397 5709 unde
1419 5662 1508 5719 est,
1525 5661 1570 5707 et
1593 5653 1826 5710 nescimus
1848 5650 1975 5702 unde
1998 5654 2066 5701 est
2098 5664 2119 5694 ν
2153 5659 2165 5693 :

600 5726 853 5783 ebriorum
877 5722 1016 5775 verba
1038 5718 1307 5773 considera.

1296 314 1353 370 S.
1392 306 1669 369 JOANNIS
1704 295 2187 361 CHRVSOSTOML
2221 297 2533 354 ARCHIEP.
2555 296 3081 355 CONSTANTlNOP.

3720 289 3830 343 280

2254 414 2491 469 locorum
2517 412 2905 481 loquebamur;
2950 419 3005 464 et
3035 408 3155 462 hinc
3197 407 3287 461 ille
3321 404 3556 459 ostendit
3584 420 3641 459 sc
3668 403 3829 457 Chri-

2248 517 2386 560 stum
2416 520 2557 571 esse,
2596 505 2717 573 quia
2745 518 2772 555 a
2796 503 2951 557 Patre
2980 499 3187 555 venerit
3211 516 3227 564 ;
3269 508 3323 553 et
3352 496 3546 566 ubique
3570 497 3826 550 testifica.

2249 608 2334 653 tur
2356 597 2524 652 Patris
2553 596 2908 665 cognitionem
2938 591 3039 647 sibi
3067 590 3169 645 soli
3212 598 3547 659 competere,
3600 587 3789 640 dicens
3810 627 3828 650 ,

2251 688 2373 743 Non
2400 688 2536 756 quod
2560 686 2765 739 Patrem
2793 685 2904 755 quis
2932 685 3081 748 uidit,
3105 682 3203 734 nisi
3221 681 3305 749 qui
3328 690 3400 733 est
3428 696 3461 732 a
3494 678 3667 732 Patre.
3692 678 3831 742 Qui-

2250 779 2348 833 bus
2365 778 2544 832 verbis
2569 776 2619 830 iu
2649 776 2780 830 iram
2807 773 3230 831 coueitabantur.
3268 769 3398 823 Nam
3426 784 3548 823 cum
3590 768 3827 832 diceret,

2251 868 2372 923 Non
2393 871 2548 922 nostis
2573 884 2706 930 eum,
2733 875 2787 920 et
2805 880 2924 920 eum
2950 865 3238 923 evinceret,
3262 862 3406 930 ipsos
3422 862 3561 914 scire
3578 858 3824 927 quidem,

2246 962 2339 1015 sed
2366 960 2718 1031 ignorantiam
2745 957 2995 1011 simulare
3016 997 3031 1021 ,
3053 956 3171 1024 jure
3198 954 3340 1023 ipsos
3367 951 3645 1006 mordebat
3673 959 3731 1004 et
3752 951 3826 1002 ir-

2248 1051 2462 1106 ritabat.
2482 1050 2570 1106 50.
2599 1047 2899 1116 Quwrebant
2916 1062 3035 1117 ergo
3052 1061 3161 1098 eum
3187 1044 3581 1114 apprehendere,
3610 1051 3659 1095 et
3681 1057 3826 1094 nemo

2247 1142 2380 1195 misit
2403 1142 2455 1194 in
2480 1140 2627 1193 illum
2645 1155 2851 1191 manum
2870 1177 2885 1200 ,
2906 1137 3024 1207 quia
3056 1135 3281 1189 nondum
3309 1144 3508 1187 venerat
3535 1132 3665 1187 hora
3694 1134 3825 1200 ejus.

2251 1232 2436 1288 Viden‘
2457 1233 2577 1287 illos
2603 1230 2943 1286 invisibiliter
2959 1226 3245 1289 cohibitos,
3277 1234 3332 1281 et
3356 1224 3567 1279 illorum
3612 1223 3826 1277 coerci-

2250 1334 2359 1377 tum
2379 1321 2653 1377 furorem?
2677 1318 2786 1374 Cur
2818 1334 2946 1373 vero
2970 1334 3078 1371 non
3108 1317 3279 1379 dixit,
3308 1316 3449 1384 quod
3482 1313 3830 1368 invisibiliter

2247 1428 2341 1469 eos
2361 1411 2669 1472 detinuerit,
2700 1408 2818 1474 sed,
2852 1407 3001 1474 Quod
3044 1406 3267 1458 nondum
3306 1404 3513 1466 venisset
3537 1402 3667 1457 hora
3689 1404 3826 1473 ejus.

2250 1503 2475 1557 Volebat
2500 1501 2822 1571 evangelista
2850 1498 3086 1555 humano
3140 1495 3528 1563 bumilioreque
3552 1494 3711 1548 modo
3742 1494 3829 1545 lo-

2250 1595 2358 1663 qui,
2391 1602 2448 1645 ut
2478 1591 2639 1644 homo
2662 1590 2821 1644 etiam
2848 1602 2969 1641 esse
2992 1595 3286 1655 putaretur.
3304 1585 3437 1651 Quia
3457 1584 3597 1638 enim
3630 1582 3830 1651 ubique

2251 1681 2501 1735 sublimia
2523 1680 2675 1744 dicit,
2704 1680 2821 1733 ideo
2840 1678 2953 1732 btec
2981 1677 3103 1730 hinc
3127 1675 3250 1729 inde
3268 1675 3469 1729 inserit.
3491 1674 3623 1728 Cum
3645 1683 3827 1726 autem

2250 1773 2397 1838 dicit,
2429 1772 2501 1825 Ab
2530 1773 2640 1840 ipso
2663 1787 2797 1835 sum,
2820 1785 2925 1823 non
2960 1768 3197 1839 loquitur
3221 1776 3276 1820 ut
3304 1767 3580 1835 pr0pheta,
3609 1764 3696 1833 qui
3722 1763 3829 1818 hoc

2251 1863 2539 1932 acceperit,
2562 1860 2653 1916 sed
2671 1860 2813 1930 quod
2841 1859 2990 1913 illum
3009 1857 3206 1924 videat,
3237 1873 3299 1910 ac
3326 1871 3445 1910 cum
3470 1856 3581 1924 ipso
3610 1856 3694 1907 sit.
3728 1853 3826 1913 29.

2254 1953 2389 2007 Novi
2424 1954 2569 2006 illum
2597 1992 2611 2016 ,
2658 1952 2875 2021 inquit,
2927 1951 3044 2020 quia
3081 1949 3145 2002 ab
3173 1949 3281 2018 ipso
3310 1965 3439 2001 sum.
3486 1946 3668 2001 Viilen’
3718 1964 3829 2014 quo

2249 2053 2406 2119 pacto
2427 2045 2528 2100 hoc
2577 2043 2769 2112 ubique
2808 2040 3015 2110 probet,
3048 2041 3087 2093 Α
3113 2041 3300 2107 meipso
3327 2056 3427 2092 non
3460 2038 3585 2101 veni,
3616 2046 3686 2097 et,
3726 2037 3830 2103 Qui

2252 2140 2387 2193 misit
2406 2154 2483 2190 me
2511 2153 2655 2190 verus
2678 2146 2751 2190 est
2779 2135 2804 2188 ἱ)
2830 2134 2878 2187 id
2901 2131 3251 2194 contendens,
3292 2148 3358 2186 ne
3377 2147 3406 2185 a
3456 2131 3564 2185 Deo
3618 2130 3832 2182 alit-nus

2250 2238 2485 2297 putetur.
2539 2228 2605 2280 Et
2630 2225 3027 2289 animadverte,
3060 2234 3256 2290 quanta
3305 2222 3375 2274 sit
3434 2221 3485 2274 in
3535 2218 3830 2272 humilibus

2252 2318 2428 2374 verbis
2456 2318 2675 2372 utilitas.
2705 2316 2834 2370 Post
2869 2313 3000 2379 hinc,
3033 2313 3224 2382 inquit,
3252 2310 3402 2365 multi
3425 2309 3699 2362 dicebant:
3730 2308 3793 2361 3|
3813 2348 3826 2359 .

2253 2410 2483 2465 Christus
2533 2425 2649 2462 cum
2693 2407 2914 2471 venerit,
2984 2403 3226 2473 numquid
3274 2402 3420 2471 plura
3463 2401 3607 2469 signa
3651 2399 3828 2467 faciet,

2250 2518 2401 2572 quant
2427 2516 2541 2572 qua:
2565 2499 2646 2552 hic
2685 2497 2852 2568 facit?
2885 2495 3014 2564 Quae
3063 2493 3265 2564 signa?
3313 2492 3469 2561 Atqui
3525 2492 3620 2543 tria
3669 2498 3831 2542 erant

2251 2594 2423 2663 signa,
2452 2591 2582 2656 vini,
2614 2587 2910 2658 paralytici,
2943 2594 2998 2640 et
3026 2584 3119 2638 filii
3149 2582 3315 2653 reguli
3348 2599 3361 2634 :
3412 2580 3646 2651 nihilque
3681 2581 3827 2630 ultra

2252 2685 2488 2741 narravit
2513 2682 2854 2751 evangelista.
2881 2678 3034 2735 Unde
3056 2677 3242 2748 liquet,
3266 2684 3320 2728 ut
3342 2690 3484 2747 saepe
3506 2673 3611 2725 dixi
3633 2713 3646 2734 ,
3677 2672 3831 2737 ipsos

2252 2780 2416 2834 multa
2442 2776 2785 2848 prasmittcre,
2818 2772 2945 2826 dum
2987 2787 3048 2825 ea
3098 2776 3379 2823 recensent
3428 2781 3545 2835 quae
3594 2765 3833 2830 maligne

2253 2869 2522 2943 principes
2552 2864 3011 2920 machinabantur.
3039 2859 3361 2927 Quaerebam
3382 2872 3507 2925 ergo
3550 2855 3689 2909 illum
3726 2870 3831 2920 apo

2254 2958 2594 3031 prehendere
2637 2966 2688 3011 et
2730 2955 3051 3009 interlicere.
3093 2946 3486 3016 Quinam?Non
3517 2944 3829 3007 multitudo,

2252 3068 2371 3122 quae
2397 3049 2749 3121 principatum
2777 3061 2881 3099 non
2904 3041 3205 3105 allectabat,
3236 3053 3335 3092 nec
3357 3036 3546 3090 invidia
3571 3033 3835 3101 corripie-

2252 3143 2442 3208 batur;
2472 3140 2566 3195 sed
2593 3136 2919 3194 sacerdotes.
2974 3132 3147 3187 Turba
3178 3131 3320 3184 enim
3353 3126 3530 3199 populi
3568 3122 3787 3178 dicebat
3813 3138 3829 3174 :

2254 3235 2481 3288 Christus
2510 3248 2623 3285 cum
2640 3228 2844 3292 venerit,
2876 3222 3118 3291 numquid
3149 3221 3295 3292 plura
3323 3219 3465 3288 signa
3496 3216 3639 3286 faciet
3668 3214 3694 3265 γ
3725 3212 3833 3265 At-

2257 3334 2432 3380 tamen
2458 3322 2571 3376 lucc
2592 3319 2723 3374 fides
2751 3333 2878 3373 sana
2908 3331 3012 3371 non
3035 3322 3181 3375 erat,
3226 3310 3321 3365 sed
3365 3318 3421 3361 ut
3450 3306 3583 3361 Solet
3627 3305 3837 3358 intimae

2254 3414 2423 3486 plebis
2449 3426 2587 3467 esse.
2614 3408 2743 3463 Illud
2773 3407 2932 3469 enim,
2969 3394 3093 3457 Cum
3121 3401 3339 3471 venerit,
3390 3413 3490 3451 non
3526 3403 3641 3449 erat
3692 3408 3827 3446 cre-

2254 3506 2495 3561 dentium
2523 3505 2663 3556 bunc
2682 3514 2803 3555 esse
2846 3496 3138 3550 Christum.
3171 3492 3275 3545 Aut
3303 3491 3369 3543 ita
3404 3486 3678 3542 dicendmn
3712 3494 3835 3547 est;

2256 3606 2350 3654 aut
2379 3596 2515 3650 forte
2535 3595 2587 3648 in
2610 3604 2872 3646 concursu
2901 3585 3097 3656 populi,
3120 3598 3240 3638 cum
3262 3581 3529 3650 principes
3560 3592 3651 3647 pro
3681 3576 3836 3629 virili

2257 3687 2542 3743 ostendere
2569 3685 2866 3738 niterentur
2892 3679 3064 3748 ipsum
3090 3690 3193 3729 non
3217 3688 3339 3727 esse
3362 3671 3650 3732 Christum,
3672 3668 3844 3722 dixe-

2258 3782 2327 3835 rit
2358 3777 2511 3832 turba
2539 3794 2553 3830 :
2586 3775 2849 3829 Ponamus
2877 3785 2984 3823 non
3011 3782 3133 3821 esse
3155 3764 3446 3827 Christum,
3490 3776 3612 3814 nunt
3635 3759 3840 3812 melior

2264 3871 2368 3925 erit
2392 3864 2672 3922 Christus?
2698 3861 2768 3918 Ut
2795 3874 3007 3928 semper
3038 3857 3167 3921 dixi,
3196 3853 3433 3908 infimum
3466 3851 3649 3917 vulgus
3670 3889 3684 3910 ,
3719 3864 3833 3902 non

2260 3977 2289 4016 a
2332 3960 2595 4021 doctrina,
2616 3971 2722 4010 non
2752 3969 2781 4008 a
2807 3949 3178 4009 concionibus,
3209 3946 3301 4001 sed
3325 3962 3352 3997 a
3384 3944 3548 4012 signis
3572 3942 3832 3996 allicitnr.

2261 4055 2349 4110 52.
2374 4052 2653 4111 Audierunt
2678 4045 2927 4100 Phariscei
2950 4044 3144 4096 turbam
3167 4046 3580 4097 murmurantem,
3604 4045 3647 4087 et
3676 4034 3839 4086 πηξα-

2261 4142 2668 4200 runlministros,
2698 4148 2750 4192 ut
2781 4132 3213 4207 apprehenderent
3248 4145 3382 4183 eum.
3416 4125 3602 4180 Viden‘
3623 4124 3840 4179 sabbati

2262 4235 2578 4293 solutionem
2601 4232 2875 4286 obtentum
2904 4226 3063 4280 fuisse
3087 4224 3110 4278 ἲ
3134 4220 3284 4290 Quod
3314 4229 3488 4273 autem
3515 4218 3631 4270 illos
3655 4217 3848 4269 acrius

2264 4326 2579 4386 mordebat,
2637 4322 2738 4375 hoc
2809 4326 2942 4374 erat.
3008 4316 3103 4369 llic
3150 4313 3292 4367 enim
3353 4324 3475 4364 cum
3518 4306 3644 4361 nihil
3686 4306 3847 4374 quod

2264 4417 2672 4473 criminarentur
2695 4410 2974 4471 haberent,
3005 4405 3117 4458 sive
3141 4400 3388 4465 indictis,
3420 4399 3534 4451 sive
3560 4397 3611 4449 in
3636 4396 3843 4464 gestis,

2267 4518 2483 4580 propter
2508 4503 2716 4559 turbam
2760 4500 3009 4554 volebant
3054 4497 3200 4550 illum
3254 4489 3672 4561 apprehendere.
3732 4485 3857 4541 Nec

2266 4577 2532 4655 audebant
2580 4592 2874 4665 periculum
2903 4588 3257 4656 suspicantes,
3287 4582 3379 4636 sed
3410 4580 3682 4634 ministros
3736 4577 3855 4628 mi-

2267 4697 2452 4746 serunt
2506 4686 2595 4755 qui
2659 4687 2945 4737 tentarent.
3005 4675 3050 4731 Ο
3098 4668 3451 4726 violentiam!
3496 4668 3793 4723 ofuroretn
3839 4669 3857 4719 Ξ

2264 4785 2383 4839 sive
2433 4778 2610 4849 potius
2639 4817 2654 4839 ,
2690 4789 2725 4829 o
2765 4768 3067 4826 insaniam!
3121 4765 3252 4822 Cum
3303 4762 3354 4815 id
3398 4759 3496 4827 ipsi
3538 4772 3676 4825 sa-pe
3728 4766 3866 4809 ten-

2272 4880 2517 4931 tassent,
2572 4882 2671 4921 nec
2724 4863 3057 4933 potuissent,
3115 4854 3375 4910 ministris
3428 4865 3541 4905 rem
3590 4847 3865 4901 commit-

2272 4974 2390 5019 ttmt
2418 5001 2435 5027 ,
2484 4957 2648 5013 furori
2701 4955 2986 5019 animoque
3010 4961 3108 5003 suo
3132 4956 3331 4998 temere
3362 4938 3713 5005 indulgentes.
3752 4936 3868 4987 At.—

2272 5056 2361 5125 qni
2417 5025 2584 5106 multa
2630 5048 2777 5114 juxta
2836 5040 3090 5109 piscinam
3152 5036 3404 5103 loquutus
3456 5038 3581 5089 est,
3642 5034 3699 5077 ct
3770 5025 3870 5075 ni-

2276 5123 2346 5199 liil
2401 5142 2504 5195 tale
2556 5135 2725 5191 moliti
2772 5139 2934 5193 sunt;
2990 5126 3082 5181 sed
3128 5123 3452 5193 qumsierunt
3491 5158 3505 5181 ,
3562 5130 3666 5169 non
3731 5124 3871 5165 ten-

2276 5240 2471 5288 tarunt.
2504 5229 2597 5285 llic
2626 5238 2755 5279 vero
2796 5238 2909 5276 rem
2942 5220 3083 5274 ferre
3122 5231 3227 5269 non
3261 5220 3524 5284 possunt:
3558 5220 3677 5259 cum
3713 5205 3878 5258 futu-

2274 5342 2390 5381 rum
2440 5330 2584 5377 esset
2631 5328 2687 5371 ttt
2740 5314 2890 5368 turba
2966 5317 3290 5364 accurrerit.
3334 5300 3470 5368 Quid
3524 5313 3648 5367 ergo
3687 5296 3864 5349 Chri-

2274 5417 2424 5474 stus?
2454 5415 2540 5469 55.
2573 5411 2750 5464 Adhuc
2776 5403 3027 5458 modicum
3048 5410 3240 5466 tempus
3269 5394 3521 5447 vobiscum
3547 5405 3678 5442 sum.
3714 5386 3866 5439 Cum

2277 5517 2458 5581 posset
2487 5503 2757 5558 auditores
2792 5505 2847 5552 et
2888 5495 3102 5549 ﬂectere
3128 5498 3182 5542 et
3210 5495 3435 5543 terrere.
3465 5481 3625 5534 verba
3659 5476 3873 5545 profert

2281 5600 2575 5656 humilitate
2617 5594 2801 5663 plena,
2831 5602 2893 5641 ac
2919 5586 2962 5639 si
2991 5583 3191 5637 diceret
3220 5596 3232 5630 :
3262 5577 3368 5630 Cur
3405 5589 3491 5626 me
3522 5569 3834 5626 interficere
3858 5610 3875 5630 ,

2283 5709 2376 5751 cur
2420 5657 2663 5767 persequi
2694 5677 2966 5762 quwritis?
2992 5671 3253 5745 Modicum
3290 5671 3597 5736 exspectate
3613 5702 3631 5731 ,
3664 5669 3721 5715 et
3751 5657 3878 5713 sine
