4070 6214
289 254 373 314 281
1297 227 1360 293 ῙΝ
1399 227 1710 292 MAN-NE.“
1750 225 1977 283 ιΙΟλιξμ.
2015 223 2074 282 L.
2111 235 2180 283 at.
2224 216 2408 280 XLIX.

287 380 424 427 tanto
454 371 634 422 vestro
663 367 854 419 conatu
896 374 979 414 me
1016 355 1333 426 'capiendum
1377 351 1616 404 oll'eram.
1659 344 1858 400 Deinde

281 478 343 516 ne
370 459 489 529 quis
517 469 852 512 communem
883 451 985 505 dici
1014 457 1238 502 mortem
1264 445 1613 499 arbitraretur
1639 439 1718 492 bis
1745 452 1862 492 ver-

281 554 390 613 bis,
433 549 614 603 Adhuc
647 546 904 601 modicum
941 553 1137 610 tempus
1161 537 1409 592 vobiscum
1440 550 1549 586 sum
1571 533 1590 601 (
1612 545 1730 584 nam
1760 529 1860 582 hoc

279 639 599 710 putabant);
629 638 767 691 hanc
796 635 1097 704 opinionem
1130 639 1188 684 ut
1216 635 1510 688 amoveret,
1543 624 1712 692 ipsum
1742 617 1861 688 post

277 709 503 785 mortem
540 709 668 783 nihil
697 733 1034 796 aperaturum
1075 731 1192 775 esse
1212 759 1227 784 ,
1256 714 1489 772 subdidit
1523 729 1535 766 :
1565 711 1650 766 54.
1687 710 1746 762 Et
1776 709 1860 762 ubi

275 838 388 874 sum
417 837 509 891 ego
532 861 546 883 ,
579 833 665 872 vos
694 832 794 870 non
826 814 1027 884 potestis
1056 811 1238 864 venire.
1280 807 1336 860 Si
1375 815 1552 858 autem
1596 803 1649 856 itt
1691 807 1859 854 morte

273 926 559 966 mansurus
589 917 731 970 erat,
763 907 838 961 ire
869 920 997 959 sane
1029 900 1324 971 potuissent
1352 912 1366 950 :
1396 909 1462 950 eo
1494 907 1716 961 namque
1741 905 1857 943 ont-

275 1019 370 1056 ues
399 1003 706 1071 migrantus.
738 995 1038 1064 Simplicior
1064 993 1238 1060 itaque
1265 981 1545 1040 multitudo
1573 982 1653 1035 his
1685 980 1860 1033 verbis

273 1091 621 1153 ﬂectebatur;
658 1089 886 1143 ferocior
921 1083 1173 1146 timebat;
1205 1077 1495 1133 studiosior
1533 1073 1597 1128 ad
1637 1072 1858 1125 audien-

270 1182 400 1236 dmn
445 1181 794 1250 properabat,
826 1177 967 1247 quod
1011 1185 1195 1244 parum
1233 1171 1536 1238 superesset
1568 1163 1819 1233 temporis
1842 1204 1857 1228 ,

274 1287 374 1326 nec
417 1285 628 1339 semper
673 1279 892 1338 possent
933 1266 1023 1320 tali
1067 1263 1170 1317 frui
1209 1261 1470 1315 doctrina.
1511 1257 1618 1311 Nec
1657 1264 1859 1308 tantum

273 1361 429 1423 dixit,
458 1361 554 1414 llic
573 1375 712 1420 sum,
738 1358 852 1422 sed,
891 1355 1156 1409 Vobiscum
1178 1368 1288 1405 sum
1311 1366 1330 1412 ;
1357 1349 1404 1402 id
1433 1355 1531 1411 est,
1553 1346 1652 1400 etsi
1683 1359 1862 1412 perse-

271 1451 530 1522 quamini,
557 1451 656 1505 etsi
687 1448 987 1517 exagitetis,
1018 1459 1084 1498 ne
1111 1441 1372 1496 tantillum
1403 1437 1614 1507 quidem
1641 1433 1861 1488 cessabo

271 1542 428 1596 vobis
455 1541 782 1611 prositicere,
806 1547 859 1590 et
882 1550 1001 1605 qua:
1023 1535 1088 1586 ad
1119 1532 1342 1586 salutem
1366 1533 1595 1582 vestram
1623 1531 1864 1593 spectant

270 1633 586 1702 pratdicare.
619 1629 686 1682 Et
712 1629 840 1682 vado
865 1629 930 1680 ad
970 1642 1084 1679 eum
1107 1624 1191 1694 qui
1220 1623 1353 1675 misit
1381 1636 1475 1674 me.
1507 1619 1632 1672 Haec
1663 1627 1863 1670 terrere

268 1734 521 1793 poterant
550 1732 604 1776 et
630 1734 847 1790 angere.
880 1718 1009 1772 Nam
1050 1717 1162 1771 fore
1192 1723 1247 1768 ut
1285 1713 1401 1781 ejus
1444 1723 1546 1779 0pc
1591 1708 1861 1775 indigeant

267 1814 536 1884 praedicit.
570 1811 815 1876 Quwretis
841 1825 951 1874 me,
982 1806 1190 1875 inquit;
1221 1819 1326 1858 non
1367 1801 1537 1856 solum
1579 1812 1684 1852 non
1719 1796 1855 1849 obli-

265 1902 549 1958 viscemini
575 1942 590 1965 ,
621 1900 713 1956 sed
743 1899 900 1953 etiam
931 1895 1175 1962 Qumetis
1205 1909 1283 1946 me
1306 1933 1320 1954 ,
1353 1901 1398 1945 et
1439 1904 1540 1944 non
1578 1886 1854 1941 invenietis.

267 1996 335 2047 lit
382 1992 598 2046 ubinam
645 1990 971 2060 qmesierunt
1015 2000 1137 2041 eum
1182 1982 1387 2039 Judaei?
1440 1981 1633 2035 Narrat
1687 1978 1857 2032 Lucas

266 2083 423 2152 (Cap.
445 2082 534 2135 23.
565 2081 681 2146 49),
707 2080 954 2134 mulieres
982 2079 1128 2130 illum
1157 2074 1424 2144 planxisse
1449 2090 1463 2136 ;
1496 2081 1550 2126 et
1579 2080 1636 2124 ut
1667 2070 1856 2124 verisi-

267 2173 396 2228 mile
420 2182 522 2235 est,
547 2172 699 2225 ntulti
728 2170 814 2223 alii
846 2170 1096 2223 luxerunt
1123 2182 1268 2231 eum,
1300 2181 1362 2218 ac
1393 2171 1513 2234 post
1543 2162 1687 2216 urbis
1715 2160 1857 2215 exci-

266 2263 454 2328 dium,
494 2261 610 2331 ejus
657 2261 992 2329 praesentiam
1037 2265 1317 2326 optarunt,
1360 2253 1621 2310 recordati
1667 2266 1859 2320 nempe

265 2354 465 2410 Christi
492 2363 545 2409 et
576 2352 950 2408 miraculorum
981 2350 1116 2420 ejus.
1142 2349 1266 2403 llzec
1291 2357 1469 2401 autem
1493 2344 1670 2398 omnia
1695 2343 1855 2404 dixit.

267 2455 326 2501 ut
352 2460 450 2501 eos
475 2443 733 2498 alliceret.
765 2441 896 2496 Nam
925 2440 1068 2511 quod
1098 2454 1282 2508 parum
1324 2441 1628 2505 superesset
1657 2442 1858 2500 tempo-

268 2539 364 2603 ris,
395 2535 533 2606 quod
561 2544 679 2604 post
695 2534 988 2588 discessum
1010 2530 1256 2600 optabilis
1275 2529 1426 2591 foret,
1458 2541 1576 2580 cum
1599 2539 1700 2578 non
1721 2523 1856 2576 ultra

269 2638 458 2700 posset
481 2627 726 2692 inveniri;
752 2626 885 2690 ltzec,
906 2627 1139 2695 inquant,
1163 2623 1361 2688 omnia,
1392 2631 1447 2675 ιιι
1471 2622 1568 2690 ipsi
1595 2619 1858 2673 haererent

268 2723 496 2778 suadere
513 2720 911 2791 poterant.Nam
924 2719 969 2774 si
987 2721 1215 2773 futurum
1235 2733 1337 2771 non
1356 2723 1492 2780 erat,
1515 2719 1572 2767 ut
1587 2713 1702 2782 ejus
1716 2726 1856 2780 pra:-

269 2816 442 2870 sentia
461 2815 708 2883 optabilis
738 2821 910 2876 esset,
933 2811 1064 2864 nihil
1087 2810 1213 2879 ipsis
1232 2823 1476 2878 magnum
1505 2806 1685 2860 dicere
1707 2803 1854 2858 vide-

272 2909 446 2962 batur.
472 2906 725 2970 Rursum,
749 2905 792 2959 si
815 2902 1061 2973 optabilis
1084 2902 1252 2955 tutura
1271 2901 1384 2967 ejus
1409 2897 1688 2966 prtesentia
1715 2904 1854 2960 erat,

266 2999 343 3052 ita
365 3007 423 3053 ut
442 3007 616 3051 tamen
635 2995 857 3050 inveniri
875 3001 1077 3062 posset,
1097 2991 1148 3044 id
1166 3007 1270 3044 non
1294 2990 1362 3042 ita
1381 2989 1502 3040 illos
1521 2986 1856 3041 turbavisset.

343 3095 400 3149 ὅ.
444 3091 639 3146 lterum
687 3090 732 3144 si
782 3089 949 3142 multo
997 3097 1241 3155 tempore
1290 3099 1528 3155 praesens
1576 3097 1861 3136 mansurus

263 3185 486 3249 'fuisset,
515 3181 689 3250 supini
723 3179 947 3236 fortasse
977 3178 1292 3233 evasissent.
1321 3160 1470 3228 Nunc
1500 3183 1676 3227 autem
1709 3171 1863 3224 undi-

270 3289 382 3344 que
411 3273 532 3327 illos
560 3270 790 3338 exngitat
827 3276 880 3322 et
907 3275 1091 3322 terret.
1117 3264 1250 3319 illud
1279 3278 1402 3317 vero
1422 3304 1437 3328 ,
1478 3261 1622 3314 Vada
1648 3262 1716 3313 ad
1751 3277 1862 3313 eum

269 3365 360 3432 qui
383 3363 516 3415 misit
546 3376 643 3423 me,
673 3358 910 3414 declarat
939 3357 1066 3411 nihil
1095 3356 1271 3410 damni
1301 3355 1532 3408 futurum
1561 3369 1627 3407 ex
1658 3351 1862 3406 insidiis

272 3467 501 3517 eorum,
533 3458 588 3505 et
629 3463 689 3504 se
716 3447 1015 3502 voluntarie
1060 3461 1356 3515 passurum.
1389 3447 1502 3499 Duo
1540 3446 1698 3513 igitur
1729 3459 1862 3512 prte-

268 3546 428 3608 dt'xit,
471 3554 525 3598 et
550 3556 610 3596 se
646 3541 805 3610 paulo
836 3550 953 3609 post
996 3540 1260 3593 abiturum
1289 3580 1304 3603 ,
1331 3546 1385 3592 et
1429 3537 1544 3591 illos
1573 3537 1639 3590 ad
1668 3551 1726 3590 se
1755 3551 1859 3590 non

276 3646 528 3691 venturos
549 3647 674 3687 esse
706 3649 719 3684 :
748 3631 887 3700 quod
919 3639 1195 3688 certe_non
1227 3627 1325 3682 fuit
1356 3627 1598 3681 humanae
1628 3628 1819 3681 mentis
1841 3667 1857 3692 ,

277 3738 336 3782 ut
359 3735 585 3781 mortem
611 3739 762 3780 suam
793 3722 1129 3793 prmdiceret.
1159 3720 1290 3775 Vide
1319 3734 1546 3788 namque
1565 3719 1690 3788 quid
1720 3719 1861 3773 dit-at

278 3817 445 3871 David
472 3835 486 3872 :
515 3814 711 3869 Notum
745 3814 827 3882 [ac
845 3813 999 3877 nti/ti,
1031 3811 1265 3876 Domine,
1296 3813 1448 3879 linem
1470 3825 1657 3875 meum,
1686 3820 1729 3864 et
1765 3827 1861 3862 nu-

276 3923 473 3960 merum
506 3921 756 3959 annorum
784 3919 1008 3957 meorum
1043 3903 1152 3972 quis
1182 3911 1290 3966 est,
1322 3911 1376 3954 ut
1401 3903 1556 3955 sciant
1583 3902 1704 3971 quid
1734 3901 1859 3955 desit

276 3998 444 4069 milti(
478 3998 618 4052 Psal.
645 3996 732 4052 38.
766 3995 860 4064 5).
898 3994 954 4049 Id
1001 3994 1236 4064 profecto
1259 4009 1416 4048 nemo
1455 3975 1727 4046 novin-Ex
1756 4007 1860 4045 uno

278 4097 455 4166 autem
485 4087 715 4141 alterum
743 4084 1110 4139 conﬁrmatur.
1141 4083 1252 4151 Ego
1280 4098 1407 4136 vero
1433 4091 1560 4151 puto
1589 4081 1642 4135 id
1670 4091 1723 4136 et
1759 4081 1860 4134 ml-

285 4180 473 4233 nistris
511 4177 843 4248 arnigntatice
867 4176 970 4230 dici
996 4217 1011 4242 ,
1041 4185 1095 4229 et
1123 4175 1392 4229 ministros
1437 4183 1678 4242 spectare
1697 4214 1712 4239 ,
1759 4188 1864 4241 quo

280 4269 514 4322 maxime
537 4269 659 4322 illos
698 4267 968 4330 alliceret;
998 4265 1288 4319 ostendens
1317 4279 1376 4318 se
1405 4265 1542 4317 scire
1568 4278 1664 4317 cur
1688 4263 1863 4316 venis-

281 4369 436 4424 sent;
474 4374 537 4413 ac
574 4359 617 4411 si
647 4357 880 4422 diceret,
907 4357 1221 4425 Exspectate
1252 4355 1520 4424 paulisper
1542 4395 1558 4421 ,
1590 4362 1643 4408 et
1681 4353 1858 4406 abibo.

281 4450 373 4504 35.
419 4448 661 4502 Dicebant
704 4464 826 4518 ergo
852 4447 1022 4500 Judazi
1075 4448 1202 4499 inter
1245 4461 1298 4498 se
1326 4462 1344 4502 :
1377 4445 1488 4511 Quo
1536 4444 1700 4498 iturus
1746 4444 1866 4498 est?

283 4541 520 4596 Tametsi
548 4541 622 4595 illi
651 4541 741 4609 qui
765 4539 1140 4594 desiderabant
1165 4548 1220 4592 ut
1245 4537 1452 4602 abiret,
1483 4536 1719 4605 nihilque
1759 4551 1862 4589 non

283 4630 552 4698 agebant,
597 4639 749 4685 utne
787 4630 924 4684 ultra
963 4629 1206 4682 viderent
1243 4643 1394 4691 eum,
1423 4643 1527 4680 non
1558 4627 1867 4680 debuissent

287 4722 390 4776 hoc
416 4737 691 4791 quaerere;
721 4721 812 4776 sed
840 4722 1018 4776 dicere
1038 4761 1052 4784 ,
1084 4719 1386 4774 Gaudemus
1410 4719 1549 4787 quod
1587 4718 1744 4773 abeas
1775 4735 1786 4769 :
1814 4729 1870 4772 et

285 4813 498 4882 quando
524 4813 626 4867 hoc
650 4814 790 4868 erit?
816 4813 920 4868 Sed
943 4812 1026 4865 bis
1053 4812 1226 4865 verbis
1249 4811 1615 4876 movebantur,
1643 4820 1695 4864 et
1721 4811 1788 4862 ab
1807 4824 1867 4864 se

288 4913 473 4955 mutuo
496 4918 558 4957 ac
584 4904 746 4957 stulte
773 4912 1042 4973 quierunt,
1073 4919 1180 4972 quo
1208 4904 1380 4956 iturus
1408 4913 1569 4958 esset.
1609 4901 1869 4972 Numquid

285 4993 339 5045 in
387 4993 746 5064 dispersianem
785 4995 1008 5064 gentium
1030 4995 1056 5048 ?
1079 4994 1214 5060 Quid
1247 5003 1329 5047 est
1353 5035 1367 5059 ,
1402 4992 1462 5047 In
1507 4994 1868 5064 dispersionem

287 5085 514 5154 gentium
537 5085 563 5138 Ρ
592 5085 682 5140 Sic
707 5096 894 5154 gentes
919 5086 1179 5139 vocabant
1202 5085 1392 5151 Judtei,
1420 5088 1539 5155 quia
1570 5086 1764 5154 ubique
1791 5085 1871 5138 di-

290 5189 492 5243 spersa:
515 5184 686 5239 erant,
710 5185 764 5230 et
784 5176 950 5230 libere
969 5177 1468 5231 commiscebantur.
1497 5177 1642 5230 Hanc
1663 5191 1872 5245 quoque

290 5276 347 5318 et
369 5265 445 5319 illi
468 5273 650 5334 postea
677 5265 1020 5335 ignominiam
1043 5267 1182 5336 passi
1211 5276 1336 5321 sunt
1362 5285 1375 5320 :
1402 5283 1524 5321 nam
1545 5267 1641 5336 ipsi
1664 5281 1872 5334 quoque

290 5355 557 5423 dispersio
585 5355 816 5411 luerunt.
849 5357 986 5412 Olim
1022 5369 1130 5412 tota
1161 5373 1291 5428 gens
1321 5359 1478 5415 simul
1508 5368 1693 5414 coacta
1716 5369 1829 5412 erat
1855 5401 1870 5425 ,

295 5461 399 5501 nec
443 5447 568 5501 alibi
593 5450 829 5516 reperire
854 5461 968 5504 erat
1005 5450 1246 5506 Judaeum
1267 5493 1282 5517 ,
1324 5467 1480 5521 quam
1513 5453 1566 5506 in
1595 5449 1874 5506 Palaestina

298 5547 527 5589 tantum.
557 5535 680 5590 Ideo
723 5537 890 5593 Judaei
934 5549 1117 5611 gentes
1149 5542 1407 5596 vocabant
1447 5541 1832 5612 dispersionem
1860 5584 1872 5604 ,

297 5627 688 5698 exprobrantes
726 5628 829 5685 illis
853 5669 869 5698 ,
913 5646 977 5686 ac
1019 5633 1086 5688 de
1124 5646 1183 5687 se
1221 5633 1499 5704 magniﬁce
1559 5633 1870 5689 sentientes.

3447 229 3551 284 282

1967 362 2102 431 Quid
2142 380 2268 432 ergo
2296 363 2394 416 sibi
2427 361 2536 416 vult
2568 361 2695 415 illud
2717 403 2730 421 .
2769 361 2880 426 Quo
2909 376 2997 431 ego
3035 358 3162 413 vado
3183 402 3196 425 ,
3226 378 3308 415 ros
3333 379 3432 416 mm
3455 384 3549 429 po-

1967 457 2102 508 testis
2131 456 2296 508 renire
2316 495 2328 516 ,
2359 453 2483 506 duttt
2516 467 2635 506 cum
2679 451 2782 505 illis
2807 451 2974 505 Judaei
3007 452 3199 519 ubique
3245 467 3338 519 per
3365 453 3548 506 orbem

1968 554 2227 598 terrarum
2255 542 2772 597 commiscerentur?
2800 541 2853 596 Si
2884 557 3010 610 ergo
3037 551 3224 610 gentes
3248 543 3550 610 signiﬁcare

1965 637 2239 697 \olttisset,
2272 650 2374 688 non
2407 635 2648 696 dixisset,
2685 633 2796 698 Quo
2824 649 2922 686 non
2954 635 3158 702 potestis
3195 634 3378 686 venire.
3413 634 3548 688 Cum

1965 739 2140 781 autem
2167 728 2413 780 dixerunt
2438 767 2452 792 ,
2489 725 2630 777 Nunt
2657 726 2708 778 in
2751 724 3111 794 dispersione»:
3139 726 3358 794 gentium
3387 727 3551 779 iturus

1963 815 2074 872 est?
2098 832 2199 871 non
2222 818 2557 878 addiderunt,
2585 813 2648 869 Et
2675 816 2972 884 perditurus
2999 831 3111 881 eas,
3130 809 3246 878 sed,
3279 815 3546 870 Doctores.

1967 911 2056 962 Sic
2103 911 2284 963 sedata
2334 906 2414 962 est
2462 908 2671 960 illorum
2726 907 2800 960 ira
2827 946 2842 972 ,
2887 916 2940 959 et
2969 905 3125 959 dictis
3167 905 3534 960 crediderunt.

1965 999 2096 1053 Nam
2120 1000 2162 1053 si
2187 1014 2292 1052 non
2312 998 2681 1062 credidissent,
2713 1011 2816 1050 non
2849 996 3118 1064 qumsiluri
3150 998 3287 1049 inter
3311 1010 3370 1051 se
3394 1006 3548 1050 erant

1966 1089 2090 1159 quid
2116 1090 2335 1144 diceret.
2367 1089 2560 1143 Verum
2589 1087 2700 1141 haec
2724 1088 2825 1141 illis
2854 1084 2991 1140 dicta
3012 1096 3188 1141 sunto.
3221 1087 3324 1141 Sed
3355 1087 3545 1141 timeno

1966 1180 2090 1233 dum
2113 1221 2128 1246 ,
2169 1195 2234 1233 ne
2260 1180 2410 1233 nobis
2440 1193 2653 1249 quoque
2692 1178 2777 1230 illa
2804 1185 3109 1245 competant
3133 1218 3147 1239 ,
3178 1171 3319 1246 quod
3348 1178 3434 1231 ubi
3462 1177 3552 1232 ille

1967 1281 2067 1335 est,
2100 1286 2164 1325 co
2189 1285 2287 1324 nos
2316 1285 2416 1324 nou
2447 1271 2712 1339 possimus
2739 1269 2906 1331 abire,
2929 1267 3068 1335 quod
3098 1269 3198 1320 \ita
3224 1277 3398 1322 nostra
3426 1283 3552 1336 pecs

1967 1368 2098 1419 catis
2125 1367 2190 1419 sit
2225 1367 2397 1435 plena.
2432 1365 2507 1418 De
2552 1363 2827 1431 discipulis
2865 1362 3006 1415 enim
3049 1361 3160 1424 ait,
3216 1359 3341 1413 Volo
3377 1370 3428 1412 ut
3471 1361 3555 1415 ubi

1966 1474 2077 1510 sum
2108 1470 2198 1526 ego
2231 1498 2243 1522 ,
2274 1467 2323 1510 et
2355 1456 2431 1509 illi
2461 1457 2562 1508 sint
2589 1471 2780 1507 merum
2807 1454 2822 1520 (
2847 1451 3003 1504 Joan.
3036 1442 3118 1504 l7.
3152 1450 3264 1517 24).
3297 1450 3374 1504 Dc
3404 1451 3556 1504 nobis

1967 1565 2094 1602 vero
2119 1551 2277 1602 timeo
2304 1563 2369 1602 ne
2398 1547 2727 1601 c0ntrarium
2760 1543 2966 1598 dicatur
2989 1584 3003 1608 ,
3035 1541 3130 1596 Ubi
3159 1559 3249 1611 ego
3286 1557 3420 1600 sum.
3455 1557 3556 1595 non

1967 1642 2170 1710 potestis
2213 1641 2397 1693 venire.
2449 1639 2580 1691 Cum
2629 1637 2768 1690 enim
2815 1643 2998 1688 contra
3049 1649 3206 1702 quam
3252 1633 3556 1701 prtecipitur

1965 1746 2213 1802 agamus,
2248 1728 2515 1801 quomodo
2557 1723 2849 1796 poterimus
2876 1719 2964 1779 illo
3003 1722 3189 1779 abire?
3216 1724 3345 1777 Nam
3375 1725 3424 1778 itt
3454 1725 3553 1778 Itoc

1964 1824 2181 1887 smculo,
2217 1824 2263 1876 si
2299 1824 2420 1892 quis
2451 1821 2604 1875 miles
2631 1836 2689 1874 ea
2721 1829 2838 1888 agat
2872 1833 2989 1887 qum
3013 1827 3195 1872 contra
3223 1818 3360 1881 regis
3385 1817 3555 1886 digni-

1965 1923 2125 1967 tatem
2154 1915 2280 1976 sint,
2307 1931 2410 1966 non
2440 1913 2635 1982 poterit
2661 1927 2838 1978 regem
2871 1909 3076 1975 videre,
3111 1909 3202 1962 sed
3232 1921 3551 1962 exauctora-

1965 2008 2049 2058 tus
2078 2010 2376 2058 extremum
2403 2005 2512 2057 luet
2535 2001 2876 2070 supplicium.

2037 2097 2264 2149 Avaritia
2287 2137 2301 2160 ,
2328 2095 2511 2164 rapina
2533 2093 2878 2160 injustitiaque
2911 2089 3185 2159 fugiendar.
3218 2088 3554 2158 Eleetnosyntt

1962 2186 2363 2240 commendatur.
2392 2213 2464 2224 —
2490 2183 2545 2237 Si
2575 2197 2702 2250 ergo
2735 2182 3020 2249 rapiamus,
3055 2179 3290 2232 avaritia:
3329 2179 3546 2233 studea-

1966 2294 2107 2342 ntns,
2140 2277 2332 2345 injuste
2357 2289 2596 2346 agamus,
2633 2273 3003 2342 pereutiamus,
3027 2266 3419 2341 eleemosynam
3448 2278 3552 2324 non

1963 2383 2264 2439 erogemus,
2295 2385 2399 2422 non
2430 2365 2723 2436 poterimus
2752 2359 2842 2418 illo
2868 2363 3046 2424 abire;
3078 2358 3172 2417 sed
3204 2362 3254 2416 id
3285 2363 3551 2432 patiemur

1965 2460 2104 2530 quod
2136 2454 2429 2529 virginibus
2472 2457 2663 2512 accidit
2692 2474 2703 2509 :
2731 2471 2850 2525 qua:
2893 2454 2956 2508 ad
3009 2447 3154 2508 illum
3201 2453 3404 2521 ingredi
3447 2443 3552 2507 rion

1965 2558 2252 2619 patuerunt
2273 2590 2290 2616 ,
2329 2547 2422 2603 sed
2451 2556 2830 2610 recesserunt,
2867 2545 3148 2600 exstinctis
3174 2543 3505 2612 lampadibus-
3531 2586 3548 2611 ,

1965 2641 2064 2695 hoc
2095 2651 2176 2696 est
2203 2681 2217 2705 ,
2249 2640 2417 2710 gratia
2445 2637 2748 2693 deﬁciente.
2798 2635 3093 2691 Flammam
3123 2635 3321 2704 quippe
3365 2635 3506 2688 illaut
3534 2670 3551 2701 -,

1962 2747 2117 2800 quam
2146 2749 2174 2784 :t
2205 2731 2431 2799 Spiritus
2459 2730 2628 2798 gratia
2668 2729 2846 2783 statim
2873 2726 3187 2795 accipimus,
3227 2725 3270 2779 si
3303 2725 3550 2787 velimus,

1963 2821 2323 2877 ardentiorem
2347 2821 2641 2884 efﬁcimus;
2668 2819 2751 2872 sin
2781 2817 3031 2882 nolimus,
3059 2817 3236 2870 statim
3259 2816 3402 2870 illam
3436 2831 3556 2884 pet“-

1963 2913 2168 2969 demus.
2201 2911 2293 2966 Illa
2317 2921 2490 2965 autem
2513 2911 2793 2970 exStincta,
2818 2909 2950 2962 nihil
2977 2903 3120 2962 aliud
3140 2924 3297 2976 quant
3323 2908 3552 2963 tenebrae

1965 3004 2018 3056 itt
2047 3003 2244 3056 nostris
2274 3000 2524 3055 insidebit
2547 3001 2754 3053 animis.
2780 2997 2926 3053 Sicut
2951 2999 3094 3052 cnint
3122 2997 3345 3052 ardente
3363 2988 3547 3051 lucers

1967 3109 2031 3145 na
2055 3131 2070 3159 ,
2100 3092 2263 3145 multa
2294 3092 2380 3144 lux
2409 3088 2654 3158 splendet
2687 3105 2702 3141 :
2732 3089 2809 3141 sic
2839 3085 2925 3140 illa
2956 3087 3205 3140 restincta
3233 3126 3248 3151 ,
3296 3086 3424 3139 nihil
3454 3086 3552 3138 nisi

1971 3182 2220 3236 tenebrat.
2248 3181 2370 3234 Ideo
2387 3180 2492 3232 ait:
2519 3176 2694 3231 Nolite
2711 3177 2944 3246 spiritum
2966 3176 3278 3246 exstinguere
3294 3173 3342 3247 (1
3357 3174 3551 3228 .Tltess‘.

1968 3276 2020 3329 5.
2064 3275 2124 3329 l9
2149 3276 2186 3342 ).
2221 3272 2585 3342 Exstinguitur
2611 3277 2816 3334 autem,
2845 3283 2965 3322 eum
2993 3265 3168 3321 oleum
3215 3282 3319 3321 non
3355 3265 3552 3329 habet;

1967 3367 2180 3437 quando
2225 3373 2385 3420 vento
2433 3363 2798 3418 vehementior
2845 3361 3086 3430 quatdam
3138 3361 3221 3415 vis
3268 3357 3551 3423 insufﬂat;

1967 3456 2181 3526 quando
2219 3455 2588 3524 comprimitur
2614 3461 2667 3506 et
2702 3462 3020 3506 coarctatur.
3053 3449 3140 3504 Sic
3169 3451 3312 3505 enim
3341 3450 3545 3504 exstin-

1965 3548 2143 3617 guitur
2187 3548 2340 3616 ignis.
2371 3543 2753 3617 Comprimitur
2795 3551 2971 3596 autem
3019 3557 3047 3595 a
3096 3534 3543 3596 sollicitudinibtts

1966 3626 2426 3698 εευοιιιίιινίὺυεῖει
2455 3615 2812 3704 εἱειίηευίιυν
2837 3648 2866 3686 a
2912 3632 3049 3685 mala
3094 3631 3550 3702 concupiscentia.

1966 3729 2044 3783 Ad
2078 3729 2190 3782 haec
2232 3726 2362 3782 ttiltil
2409 3727 2551 3781 illam
2583 3729 2650 3780 ita
2695 3725 2984 3795 exsdnguit
3010 3763 3025 3786 ,
3072 3737 3123 3778 ut
3159 3724 3552 3786 inhumanitas,

1965 3819 2270 3882 crudelitas,
2293 3818 2476 3887 rapina
2521 3817 2650 3871 Cum
2675 3825 2876 3879 autem,
2900 3813 3020 3869 oleo
3040 3814 3341 3882 deﬁciente,
3365 3826 3554 3882 aquam

1966 3912 2122 3966 etiam
2153 3909 2394 3978 frigidam
2424 3908 2749 3960 int‘undimus
2775 3947 2789 3970 ,
2821 3906 2922 3958 hoc
2964 3914 3046 3956 est
3073 3906 3348 3958 avaritiam
3374 3939 3389 3968 ,
3433 3918 3554 3972 quae

1969 4017 2065 4070 per
2095 4001 2341 4054 laesorum
2369 3996 2676 4053 mmstitiam
2708 3996 2913 4048 animas
2949 3995 3256 4063 exstinguit,
3288 3992 3432 4045 unde
3462 4007 3556 4060 po-

1969 4099 2146 4146 terunt
2193 4090 2385 4142 iterum
2416 4083 2678 4139 accendi?
2725 4082 3067 4153 Migrabimus
3109 4097 3236 4152 ergo
3285 4081 3555 4149 pulverem

1969 4182 2306 4246 cineremque
2334 4177 2556 4228 multum
2581 4175 2851 4229 uobiscum
2881 4172 3112 4226 ferentes
3134 4174 3438 4240 fumumque
3461 4185 3558 4225 nos

1969 4278 2332 4332 accusantem,
2362 4265 2502 4336 quod
2533 4265 2802 4333 lampadas
2833 4265 3264 4318 exstinxerimus.
3289 4260 3388 4317 Ubi
3415 4264 3556 4316 enim

1973 4363 2148 4415 fumus
2177 4368 2258 4414 est
2281 4401 2295 4423 ,
2329 4358 2400 4410 ibi
2432 4370 2651 4412 necesse
2679 4364 2762 4410 est
2790 4355 3107 4408 exstinctum
3155 4354 3331 4423 ignem
3374 4350 3555 4407 fuisse.

1976 4452 2168 4506 Verum
2195 4449 2334 4503 absit
2363 4463 2429 4501 ne
2459 4446 2717 4514 quispiam
2751 4445 2886 4498 hanc
2915 4459 3100 4497 vocem
3138 4443 3337 4507 audiat,
3369 4441 3558 4496 Nescio

1972 4558 2082 4596 vos.
2098 4539 2443 4607 Quandouam
2466 4545 2638 4590 autem
2659 4535 2770 4590 haec
2791 4549 2894 4591 vox
2917 4533 3177 4600 audietur,
3202 4531 3304 4588 nisi
3326 4533 3412 4588 ubi
3435 4547 3556 4587 cum

1976 4645 2261 4702 pauperem
2289 4625 2549 4695 videmus,
2580 4627 2803 4699 perinde
2830 4627 3002 4682 allecti
3032 4641 3218 4681 smnus
3238 4666 3254 4689 ,
3282 4641 3346 4681 ac
3374 4626 3416 4679 si
3445 4636 3548 4678 non

1975 4727 2316 4782 videremus?
2337 4719 2560 4792 Quando
2587 4739 2685 4778 nos
2709 4720 2974 4778 Christum
3003 4720 3322 4776 esurientem
3347 4720 3527 4788 ignora
3542 4745 3561 4758 -

1976 4819 2174 4881 bimus,
2210 4816 2468 4885 ignorabit
2495 4824 2549 4868 et
2572 4815 2656 4868 ille
2683 4829 2778 4868 nos
2803 4807 2923 4867 oleo
2944 4823 3164 4881 egentes
3187 4828 3200 4862 :
3225 4818 3276 4864 et
3305 4809 3424 4878 jure
3444 4811 3561 4876 qui-

1975 4911 2116 4964 dem.
2152 4909 2282 4963 Nam
2316 4908 2404 4978 qui
2439 4909 2694 4962 miserum
2722 4904 2970 4974 despicit,
3005 4917 3103 4957 nec
3127 4904 3277 4972 juvat
3310 4917 3374 4955 ex
3408 4901 3564 4953 bonis

1979 5005 2114 5064 suis,
2139 5001 2409 5072 quomodo
2433 5008 2635 5070 quaeret
2677 4999 2920 5065 accipere
2948 5007 3011 5049 ex
3041 5010 3148 5050 non
3176 4993 3328 5049 suis?
3356 4992 3556 5058 Quam-

1979 5096 2164 5147 obreut
2191 5135 2204 5158 ,
2239 5107 2368 5161 rogo
2390 5133 2406 5158 ,
2437 5092 2615 5145 omnia
2643 5089 2899 5143 faciamus
2925 5125 2938 5149 ,
2967 5087 3141 5140 omnia
3171 5095 3480 5138 moveamus
3510 5091 3569 5135 ut

1980 5185 2154 5238 oleum
2186 5184 2339 5237 nobis
2363 5198 2470 5236 non
2495 5181 2705 5236 deﬁciat
2731 5195 2746 5244 ;
2779 5178 2872 5231 sed
2903 5192 3154 5232 ornentus
3181 5170 3451 5241 lampades
3476 5213 3488 5233 ,
3517 5181 3570 5226 et

1979 5291 2098 5331 cum
2122 5273 2388 5343 sponsoin
2413 5272 2698 5324 thalamum
2729 5266 3084 5337 ingredlamnr
3116 5278 3312 5334 :quem
3335 5275 3430 5314 nos
3451 5275 3569 5312 om-

1982 5382 2077 5421 nes
2106 5365 2318 5432 assequi
2347 5363 2659 5432 contingat,
2692 5360 2856 5430 gratia
2901 5370 2955 5413 et
2998 5359 3330 5427 benignitate
3363 5351 3572 5404 Domini

1983 5454 2289 5512 nostriJesu
2307 5451 2526 5518 Christi,
2559 5467 2650 5521 per
2670 5465 2827 5521 quem
2858 5459 2910 5505 et
2936 5466 3056 5504 cmn
3086 5463 3192 5520 quo
3215 5442 3360 5501 Patri
3382 5441 3575 5509 gloria,

1982 5545 2246 5613 simulque
2269 5541 2485 5610 Spiritui
2517 5551 2703 5596 sancto
2729 5583 2743 5610 ,
2777 5557 2917 5597 nunc
2943 5551 2996 5597 et
3024 5553 3240 5611 semper
3267 5575 3282 5602 ,
3316 5541 3373 5586 et
3401 5531 3452 5582 in
3480 5543 3585 5584 Sa:-

1988 5637 2104 5691 cula
2128 5632 2461 5688 szcculot'mn.
2495 5633 2684 5688 Amen.
