3984 6196
551 241 658 295 εεξπ

1262 236 1316 289 S.
1357 232 1634 288 JOANNIS
1656 229 2125 286 CllllYSOSTOMl
2166 228 2482 285 ARClllEP.
2521 228 3049 288 CONSTANTINOP.

3731 238 3795 293 Ξέι
3804 240 3831 291 νί

1975 439 2309 500 HOMILIA
2355 440 2455 500 LI.

549 601 678 654 tite.
720 598 774 651 'i.
817 612 868 649 ν.
912 596 1000 651 '57.
1037 592 1099 647 lu
1151 591 1419 647 novissima
1462 600 1630 642 autem
1661 589 1742 642 die
1787 602 1971 655 magno
1998 585 2136 655 festi-

625 691 808 750 ritatis,
836 687 998 742 stabat
1016 685 1191 750 Iesus,
1223 695 1270 736 et
1294 684 1543 737 clamabat
1564 681 1771 734 dicens:
1795 678 1855 733 Si
1881 679 1992 747 quis
2012 679 2136 743 sitit,

624 783 789 835 veniat
817 781 888 833 ad
910 797 988 833 me
1013 789 1058 834 et
1085 778 1236 832 bibat.
1264 776 1339 849 (ιι)
1369 775 1458 831 58.
1486 774 1587 839 Qui
1606 772 1767 826 credit
1800 772 1851 824 iu
1882 787 1981 835 me,
2009 772 2139 824 sicut

623 874 744 927 dicit
776 873 1048 943 Scriptura
1067 912 1081 936 ,
1115 871 1332 941 ﬂumina
1363 868 1427 922 de
1455 877 1622 921 ventre
1665 864 1775 934 ejus
1810 863 1971 932 ﬂuent
1996 879 2142 933 aqua:

626 968 770 1020 vivtt'.
1565 959 1581 972 ’

631 1061 684 1112 1.
717 1057 984 1112 Λιιιιὶιονη
1005 1056 1162 1109 divini
1188 1054 1322 1109 verbi
1349 1055 1570 1110 sitientes
1590 1073 1697 1111 esse
1732 1063 2023 1127 oportet.-——-
2041 1050 2139 1118 Qui

555 1152 619 1204 ad
641 1149 874 1204 divinam
895 1149 1155 1203 accedunt
1177 1147 1625 1214 prmdicationem,
1648 1158 1700 1203 et
1723 1147 1880 1203 tidem
1902 1153 2135 1208 servant,

556 1259 588 1297 e
608 1258 650 1297 IS
677 1242 967 1296 sitientium
993 1238 1315 1293 desiderium
1345 1254 1454 1308 pra:
1481 1255 1540 1294 se
1569 1239 1706 1294 ferre
1726 1248 1955 1310 oportet,
1984 1245 2142 1307 atque

564 1340 762 1384 tantam
811 1332 863 1383 in
915 1329 1110 1399 scipsis
1155 1329 1443 1385 incendere
1490 1328 1993 1399 concupiscentiam.
2052 1328 2143 1383 Sic

559 1421 701 1474 enim
726 1429 973 1490 poterunt
992 1418 1129 1475 dicta
1157 1420 1363 1474 caulius
1389 1422 1638 1475 retinere.
1665 1421 1796 1475 Nam
1820 1422 1907 1490 qui
1937 1420 2139 1485 sitiunt,

560 1520 835 1581 acceptum
868 1511 1113 1581 poculum
1144 1511 1490 1579 cupidissime
1518 1511 1788 1576 hauriunt,
1818 1525 1871 1567 et
1896 1514 1965 1567 ita
1996 1514 2140 1567 sitim

561 1604 768 1659 sedant.
806 1603 897 1659 Sic
921 1604 1098 1673 itaque
1126 1604 1213 1672 qui
1243 1604 1451 1659 divinos
1482 1605 1731 1658 hauriunt
1756 1620 2033 1659 sermones
2053 1644 2067 1668 ,
2097 1603 2142 1658 si

560 1695 801 1749 sitientes
830 1694 1101 1759 sorbeam,
1130 1708 1416 1764 numquam
1439 1695 1724 1751 cessabunt
1747 1697 1919 1750 donec
1942 1694 2143 1750 exliauo

558 1785 744 1839 serint.
782 1784 933 1851 Quod
961 1784 1102 1839 enim
1132 1799 1346 1853 semper
1366 1794 1609 1854 oporteat
1637 1788 1787 1841 sitire
1817 1797 1871 1840 et
1898 1787 2103 1840 esurire
2123 1827 2138 1849 ,

556 1876 771 1941 dicitur,
800 1875 943 1930 Beati
969 1878 1055 1946 qui
1080 1878 1302 1931 esuriunt
1341 1885 1388 1930 et
1433 1878 1607 1931 sitiunt
1626 1878 1879 1946 justitiam
1904 1877 1923 1949 (
1951 1876 2139 1930 Matth.

556 1966 611 2021 5.
641 1966 729 2033 6).
765 1968 829 2022 Et
858 1967 942 2021 ltic
985 1967 1111 2021 dicit
1136 1966 1383 2021 Christus
1411 2009 1426 2031 ,
1460 1967 1522 2022 Si
1567 1970 1677 2039 quis
1700 1969 1839 2034 sitit,
1864 1970 2028 2023 ueniat
2072 1970 2143 2023 ad

554 2074 637 2111 me
661 2069 707 2111 et
728 2058 902 2123 bibat;
927 2057 975 2111 id
1003 2066 1105 2122 est,
1130 2056 1404 2113 Neminem
1428 2060 1747 2114 necessitate
1775 2069 1863 2113 aut
1892 2060 1939 2113 vi
1961 2058 2136 2124 traho;

554 2147 647 2202 sed
679 2149 719 2200 si
750 2149 871 2219 quis
894 2149 1073 2203 animo
1095 2158 1397 2218 promptus,
1426 2149 1469 2204 si
1497 2151 1616 2221 quis
1643 2150 1911 2205 desiderio
1932 2151 2140 2206 fervens

552 2239 655 2303 sit,
686 2236 827 2292 hunc
849 2254 949 2308 ego
980 2255 1137 2294 voco.
1171 2241 1239 2294 At
1264 2256 1360 2294 cur
1387 2241 1711 2312 evangelista
1741 2243 1818 2322 sic
1844 2243 2134 2312 expressit,

552 2330 619 2385 In
666 2332 933 2386 novissimo
958 2333 1040 2385 die
1079 2335 1310 2403 magno?
1335 2335 1543 2390 Etenim
1577 2336 1776 2405 primus
1826 2346 1881 2392 et
1923 2336 2140 2392 ultimus

552 2432 777 2492 magnus
798 2434 934 2491 erat,
964 2424 1122 2478 medii
1144 2438 1322 2480 autem
1341 2430 1518 2496 potius
1545 2429 1595 2481 in
1621 2427 1828 2483 deliciis
1852 2444 2136 2484 consume-

552 2512 765 2568 bautur.
809 2514 919 2569 Cur
946 2530 1076 2583 ergo
1121 2513 1190 2568 In
1221 2516 1495 2569 novissimo
1539 2517 1708 2572 dicit?
1750 2519 1882 2587 Quia
1933 2519 2024 2573 illo
2050 2519 2137 2574 die

546 2620 736 2660 omnes
759 2604 1171 2662 conveniebant.
1203 2605 1257 2661 In
1286 2608 1460 2677 primo
1490 2623 1595 2663 non
1620 2609 1763 2663 venit
1793 2608 1901 2674 ilic,
1928 2619 1982 2664 et
2009 2624 2133 2662 cau-

546 2710 659 2751 sam
686 2698 816 2752 dixit
847 2696 1116 2752 fratribus.
1148 2698 1252 2753 Sed
1279 2714 1378 2753 nec
1404 2700 1454 2754 in
1482 2701 1740 2768 secundo,
1770 2716 1869 2756 nec
1892 2702 1945 2755 in
1977 2702 2134 2756 tertio

544 2787 816 2856 quidpiam
845 2787 949 2842 tale
975 2787 1141 2854 dicit;
1169 2804 1237 2842 ne
1262 2787 1411 2843 irrita
1451 2790 1631 2845 forent
1662 2791 1823 2845 verba
1849 2833 1862 2854 ,
1894 2791 2020 2845 dum
2053 2789 2133 2845 iu-

545 2885 722 2933 turum
744 2887 858 2935 erat
887 2887 946 2936 ut
971 2880 1043 2936 illi
1086 2880 1137 2935 in
1168 2879 1376 2938 deliciis
1398 2890 1595 2939 essent.
1626 2881 1926 2940 Novissima
1948 2890 2129 2941 autem

543 2972 631 3027 die
658 3013 674 3037 ,
704 2973 919 3041 quando
947 2974 1271 3029 recedebant
1298 2974 1517 3029 domum
1546 3017 1561 3038 ,
1589 2974 1782 3032 viatica
1810 2976 1875 3030 ad
1903 2977 2129 3032 salutem

542 3061 634 3117 dat
661 3063 800 3129 illis,
840 3072 895 3118 et
932 3064 1166 3128 clamat;
1198 3073 1307 3119 tum
1334 3074 1393 3119 ιιι
1422 3064 1667 3121 ﬁduciam
1705 3077 1758 3120 et
1787 3068 2032 3135 loquendi
2063 3069 2133 3122 li-

540 3154 800 3210 bertatem
823 3155 1064 3209 ostendat
1088 3171 1103 3217 ;
1127 3165 1237 3210 tum
1259 3167 1314 3210 ιιι
1332 3164 1491 3212 tantae
1505 3158 1828 3214 multitudini
1849 3159 2129 3229 signiticet.

539 3262 598 3301 se
625 3246 692 3302 de
718 3247 978 3317 spirituali
1010 3258 1135 3318 potu
1165 3248 1441 3317 loquututn
1482 3265 1633 3315 esse,
1666 3250 1957 3321 adjicitque
1984 3269 1998 3306 :
2030 3253 2132 3321 Qui

538 3338 697 3393 credit
733 3340 786 3392 iu
819 3356 899 3394 me
920 3375 936 3405 ,
969 3341 1097 3393 sicut
1123 3340 1246 3393 dicit
1276 3339 1545 3410 Scriptura
1565 3381 1582 3404 ,
1626 3343 1842 3411 ﬂumina
1865 3346 1928 3397 tle
1953 3353 2122 3397 uentre

539 3432 647 3495 eius
671 3429 829 3499 ﬂuent
856 3445 1002 3493 aqua:
1025 3432 1166 3483 vim.
1201 3429 1454 3484 Ventrem
1482 3446 1578 3485 cor
1602 3441 1790 3496 vocat;
1823 3443 1878 3485 ιιι
1904 3442 1959 3486 et
1986 3433 2118 3488 alibi

537 3522 631 3586 ait,
654 3519 719 3572 Et
732 3521 888 3589 legem
904 3531 1042 3572 tuam
1064 3521 1115 3572 iu
1139 3519 1303 3572 medio
1318 3521 1503 3573 ventris
1519 3521 1616 3573 mei
1634 3520 1707 3592 (ὁ)
1732 3518 1901 3590 (Psat.
1923 3523 2011 3577 59.
2041 3522 2120 3592 9).

543 3610 612 3664 Et
655 3610 872 3663 ubinam
901 3607 1031 3663 dicit
1063 3609 1371 3678 Scriptura,
1418 3608 1665 3665 Flumina
1702 3611 1767 3665 de
1806 3622 1976 3666 centre
2015 3614 2124 3683 ejus

536 3706 694 3775 ﬂuent
722 3719 870 3772 aqua:
892 3702 1016 3756 uiuae
1035 3703 1061 3756 .9
1085 3701 1376 3772 Nusquam.
1398 3702 1533 3770 Quid
1561 3703 1660 3757 sibi
1684 3704 1795 3760 vult
1812 3720 1940 3777 ergo
1971 3706 2117 3771 illud,

541 3793 642 3859 Qui
672 3791 834 3846 credit
863 3793 916 3845 in
946 3806 1043 3854 me,
1072 3791 1200 3845 sicut
1226 3793 1347 3845 dicit
1375 3792 1687 3864 Scriptura?
1714 3794 1813 3850 Hic
1838 3796 2118 3866 interpun-

536 3881 768 3957 gcudunt
799 3891 919 3948 est;
949 3892 1006 3937 ut
1042 3881 1167 3937 illud
1198 3924 1213 3947 ,
1243 3882 1486 3939 Flumina
1512 3886 1574 3940 de
1600 3897 1769 3940 uentre
1792 3888 1901 3957 ejus
1925 3890 2084 3959 ﬂuent
2103 3928 2120 3955 ,

534 3975 605 4029 sit
626 3966 822 4029 Christi
851 3977 1138 4032 sententia.
1176 3976 1311 4043 Quia
1349 3978 1491 4031 enim
1519 3979 1669 4033 multi
1701 3980 1984 4044 dicebant,
2018 3980 2119 4035 llic

534 4075 605 4119 est
635 4065 904 4133 Christus;
935 4074 988 4124 et
1012 4068 1243 4123 Christus
1286 4085 1401 4123 cum
1437 4073 1623 4124 venerit
1647 4111 1663 4136 ,
1705 4071 1950 4139 numquid
1975 4073 2123 4140 plura

538 4159 686 4229 signa
711 4160 859 4231 faciet
902 4158 921 4231 (
945 4175 994 4214 υ.
1019 4161 1111 4216 26.
1138 4171 1185 4215 et
1209 4154 1271 4217 ’δι
1300 4162 1358 4231 )‘t
1382 4162 1617 4218 ostendit
1643 4173 1894 4233 Oportere
1921 4174 2118 4219 rectam

538 4258 723 4303 tenere
752 4251 1068 4305 sententiam
1089 4291 1104 4313 ,
1139 4264 1310 4320 neque
1340 4251 1409 4306 ita
1452 4268 1518 4307 ex
1554 4254 1754 4323 signis,
1788 4262 1846 4307 ut
1887 4270 1952 4309 ex
1978 4253 2124 4309 Seria

535 4342 705 4408 ptui-is
734 4341 1060 4397 credendum
1089 4359 1229 4398 esse.
1266 4344 1414 4399 Multi
1437 4346 1581 4400 enim
1624 4361 1745 4401 cum
1782 4346 1931 4403 illum
1960 4347 2123 4402 mira-

533 4433 650 4484 cula
682 4430 924 4487 edentem
952 4443 1256 4497 cernerent,
1288 4451 1392 4488 non
1420 4438 1569 4505 quasi
1596 4436 1873 4496 Christum
1898 4438 2122 4507 recipie-

537 4521 664 4576 bant
692 4537 707 4585 ;
754 4523 864 4578 imo
897 4523 1087 4578 dicturi
1115 4532 1274 4579 erant
1297 4566 1312 4587 .
1344 4525 1531 4582 Nonne
1558 4527 1849 4598 Scriptura
1893 4529 2077 4585 dicunt
2100 4569 2116 4595 .

531 4616 806 4670 Christum
853 4629 919 4671 ex
949 4618 1154 4672 semine
1200 4617 1366 4672 David
1413 4629 1696 4675 venturum
1741 4623 1900 4678 esse?
1943 4621 1999 4677 Id
2028 4623 2118 4680 ille

532 4710 842 4779 frequenter
866 4709 1149 4769 versabat.
1182 4717 1242 4764 ιιι
1268 4710 1574 4767 ostenderet
1599 4728 1659 4769 se
1679 4713 1980 4784 huiusmodi
2021 4713 2117 4769 deo

536 4800 978 4854 monstrationem
1008 4816 1111 4854 non
1141 4797 1326 4870 fugere
1356 4819 1369 4856 :
1400 4817 1691 4872 rursusque
1716 4804 1840 4859 illos
1869 4805 1935 4859 ad
1972 4805 2117 4861 Scri-

538 4901 719 4957 ptnras
766 4891 1007 4946 remittit.
1051 4892 1309 4960 Superius
1345 4893 1488 4948 enim
1530 4892 1772 4949 dixerat:
1807 4894 2118 4949 Scrutamini

537 4980 856 5051 Scripturas;
886 4989 940 5036 et
967 4995 1176 5037 rursum
1207 4998 1223 5036 :
1252 4983 1510 5052 Scriptum
1540 4988 1686 5037 estin
1716 4985 1976 5055 prophetis
2001 5027 2017 5051 ,
2048 4984 2118 5039 Et

533 5080 677 5122 mmt
715 5086 886 5125 omnes
917 5071 1155 5128 docibites
1183 5071 1279 5127 Dei
1295 5070 1474 5145 (Joan.
1505 5073 1557 5127 5.
1584 5073 1651 5128 59
1700 5083 1744 5127 ct
1778 5074 1832 5128 6.
1860 5072 1964 5144 45)
1991 5091 2007 5140 ;
2040 5084 2114 5141 et,

535 5157 741 5232 Moyses
773 5177 859 5216 vos
899 5172 1099 5217 accusat
1121 5181 1141 5229 ;
1162 5163 1249 5219 hic
1274 5148 1435 5227 vero,
1463 5162 1607 5218 Sicut
1632 5163 1761 5218 dixit
1800 5164 2114 5234 Scriptura,

598 5334 672 5399 (ᾳ)
705 5334 760 5399 in
780 5335 946 5399 ploret.
971 5347 1083 5399 gnte
1104 5341 1378 5397 sequuntur
1396 5334 1604 5399 deerant
1627 5339 1676 5388 in
1709 5338 1872 5390 titulo.

603 5394 676 5457 (b)
701 5395 947 5473 Hebraicis
971 5394 1153 5473 legitur
1173 5394 1456 5473 fama};
1473 5398 1525 5449 iu
1543 5399 1707 5451 medio
1725 5399 1966 5473 riscerutu
1986 5413 2116 5451 meo-

529 5479 658 5524 rmu,
677 5474 732 5517 ιιι
755 5469 902 5531 vet-tit
919 5466 1241 5531 Symmachus.
1255 5465 1421 5531 Aquila
1441 5475 1608 5517 autem
1624 5476 1675 5518 et
1695 5466 1976 5531 'I'heodotio,
1994 5478 2120 5531 quos

531 5537 757 5592 sequitur
800 5526 1124 5592 Hieronymus
1143 5561 1157 5586 ,
1181 5528 1232 5592 in
1261 5526 1432 5592 medio
1451 5534 1631 5592 peruris
1652 5527 1764 5579 mei.
1788 5526 2118 5592 l.xx_et_Vul-

531 5588 658 5651 gata.
682 5590 734 5641 in
757 5590 916 5641 medio
936 5588 1098 5639 cordis
1121 5588 1231 5638 uici.
1257 5588 1333 5638 Ex
1354 5596 1427 5639 ss.
1446 5590 1663 5640 Patr-ibus
1685 5599 1849 5641 autem
1867 5588 1950 5640 alii
1974 5588 2115 5649 hanc,

531 5652 612 5700 ιιιι
635 5653 764 5706 illam
789 5653 1243 5715 interpretationem
1267 5659 1557 5714 sequuntur.

2244 588 2455 688 ﬂumina
2476 591 2539 644 de
2559 603 2724 648 ventre
2743 599 2855 666 ejus
2877 602 3038 670 ﬂuent
3059 612 3074 675 (
3093 606 3249 663 Joan.
3277 611 3330 665 5.
3353 611 3423 669 45
3443 609 3461 688 )
3485 626 3499 682 ς
3530 615 3826 674 ubertatem

2245 687 2299 732 et
2336 683 2543 781 copiam
2574 690 3149 781 gratimsubindicans.
3199 716 3257 760 ιιι
3300 683 3451 766 alibi.
3479 715 3631 781 dicit,
3689 716 3830 775 Fons

2242 780 2389 871 aqua:
2411 769 2635 871 salientis
2663 774 2715 825 in
2740 777 2888 831 vitam
2914 792 3151 841 cateruam
3182 790 3199 858 (
3219 790 3355 847 Ibid.
3382 797 3436 852 4.
3479 769 3574 870 Η)
3598 769 3706 868 {id

2246 861 2464 964 multam
2488 863 2701 921 habebit
2721 875 2965 939 gratiam.
2987 880 3124 937 Alibi
3149 884 3374 953 dixerat,
3394 861 3829 964 uitam-tetanum;

2250 949 2334 1005 hic
2357 953 2505 1017 dicit,
2536 972 2720 1030 aquam
2742 963 2921 1020 vivam.
2948 968 3133 1028 Vivam
3155 990 3307 1032 vocat
3329 997 3446 1037 eam
3472 1001 3594 1054 qua:
3618 949 3829 1061 sempr;

2246 1051 2501 1110 operatur
2523 1087 2538 1111 ,
2567 1049 2798 1119 Spiritus
2823 1058 2965 1113 enim
2993 1065 3161 1132 gratia
3203 1082 3324 1124 cum
3368 1073 3423 1128 in
3465 1049 3701 1135 animam
3737 1049 3827 1137 in-

2244 1147 2428 1236 gressa
2454 1146 2511 1192 et
2536 1143 2765 1200 stabilita
2793 1147 2950 1206 fuerit
2968 1194 2984 1217 ,
3018 1154 3135 1222 plus
3160 1173 3316 1228 quam
3344 1163 3460 1222 fons
3487 1171 3663 1238 quivis
3705 1189 3826 1230 sca-

2249 1226 2409 1287 turit;
2432 1245 2612 1326 neque
2638 1248 2832 1303 cessat,
2864 1242 2945 1297 vel
2969 1226 3289 1319 evacuatur,
3321 1226 3730 1326 neque-desinit:
3761 1226 3828 1322 lit

2245 1329 2374 1422 ergo
2400 1319 2558 1428 simul
2584 1335 2637 1380 et
2664 1343 2951 1402 numquam
2978 1336 3227 1408 deiicere,
3253 1356 3307 1401 et
3330 1319 3667 1411 inerrabiliter
3685 1319 3825 1428 ope-—

2247 1411 2350 1507 rari
2381 1411 2638 1484 denotet,
2670 1419 2873 1479 fontem
2913 1435 2968 1482 et
2995 1428 3185 1488 ﬂuvios
3222 1439 3486 1507 appellat;
3521 1460 3627 1500 non
3656 1411 3820 1505 υιυῖιῖη

2247 1505 2465 1606 lluvinm
2492 1549 2506 1571 ,
2553 1512 2645 1566 sed
2695 1514 3132 1579 innumerabiles.
3162 1527 3229 1583 Et
3262 1505 3379 1586 illic
3417 1505 3694 1594 salientem
3725 1557 3823 1610 pro

2248 1594 2539 1697 inundante
2568 1602 2720 1659 dixit.
2753 1607 2905 1673 Quod
2933 1612 3078 1668 clare
3100 1618 3356 1686 percipiet
3384 1624 3428 1679 si
3460 1627 3580 1694 quis
3609 1594 3825 1697 sapien-

2250 1688 2376 1744 tiam
2407 1691 2665 1762 Stephani
2689 1738 2705 1761 ,
2735 1697 2880 1754 Petri
2911 1703 3180 1774 linguam,
3213 1709 3357 1767 Pauli
3387 1688 3494 1768 viui
3518 1688 3825 1776 considen-

2246 1781 2415 1847 verit,
2451 1798 2557 1854 quo
2590 1798 2743 1854 pacto
2771 1791 2898 1847 nihil
2934 1810 3030 1849 eos
3062 1800 3237 1855 tulerit
3263 1842 3279 1867 ,
3311 1802 3442 1859 nihil
3472 1811 3780 1867 sustinuerit
3806 1823 3821 1877 ;

2245 1885 2352 1924 non
2384 1875 2695 1943 populorum
2725 1880 2893 1950 furor,
2923 1900 3028 1941 non
3054 1898 3396 1959 tyrannorum
3422 1896 3694 1964 violentia.
3717 1875 3823 1957 non

2244 1963 2544 2063 dmmpnum
2578 1970 2802 2037 insidias,
2833 1992 2938 2033 non
2961 1982 3283 2050 quotidiana:
3303 1999 3530 2054 mortes;
3557 1993 3653 2047 sed
3674 1997 3823 2063 quasi

2250 2055 2467 2110 ﬂumina
2496 2075 2688 2131 magno
2710 2064 2911 2136 impetu
2940 2069 3176 2137 ﬂuentia,
3209 2077 3287 2129 sic
3308 2080 3485 2132 omnia
3516 2055 3705 2138 secum
3726 2093 3823 2139 tra-

2242 2145 2436 2199 xerint.
2463 2148 2552 2204 59.
2585 2150 2710 2207 lla'c
2731 2166 2898 2210 autem
2917 2159 3048 2214 dixit
3071 2162 3137 2215 de
3153 2165 3375 2233 Spiritu,
3401 2185 3547 2239 quem
3569 2177 3823 2241 accepturi

2241 2247 2385 2290 erant
2422 2240 2677 2297 credentes
2722 2245 2775 2300 iu
2803 2263 2938 2302 eum.
2981 2249 3225 2309 Nondum
3263 2258 3397 2313 enim
3437 2272 3547 2315 erat
3594 2262 3820 2333 Spiritus

2241 2339 2462 2387 sanctus.
2509 2332 2788 2403 Quomodo
2827 2355 2956 2410 ergo
3002 2346 3271 2415 praphctre
3302 2332 3721 2419 prophetarum,
3767 2366 3819 2411 et

2241 2419 2518 2478 innumera
2546 2426 2763 2485 edidere
2788 2433 3092 2491 miracula?
3122 2440 3362 2508 Apostoli
3392 2444 3534 2498 enim
3566 2461 3673 2500 non
3699 2448 3818 2516 Spi—

2239 2515 2364 2577 ritu,
2388 2517 2482 2572 sed
2504 2518 2621 2588 ejus
2643 2521 2836 2577 virtute
2854 2524 3115 2583 daemonia
3137 2530 3431 2599 eiecerunt.
3454 2544 3511 2587 ut
3532 2536 3645 2604 ipse
3666 2515 3815 2592 dicit:

2239 2608 2302 2661 Si
2328 2625 2419 2679 ego
2461 2610 2513 2664 in
2544 2611 2815 2669 Beelzebub
2851 2618 2997 2687 ejicio
3026 2621 3296 2687 dwmonia,
3326 2626 3423 2691 ﬁlii
3449 2629 3598 2683 vestri
3620 2628 3677 2685 in
3715 2645 3817 2696 quo

2237 2701 2447 2792 ejiciunt
2482 2704 2501 2773 (
2527 2702 2713 2760 blatta.
2744 2709 2830 2763 12.
2860 2711 2927 2766 27
2950 2712 2967 2780 )
2989 2714 3012 2766 τ
3037 2714 3148 2769 lloc
3180 2725 3356 2772 autem
3398 2718 3610 2777 dicebat
3654 2723 3819 2792 signi-

2237 2790 2424 2861 ﬁcans,
2443 2808 2549 2851 non
2568 2810 2758 2855 omnes
2775 2799 2974 2873 Spiritu
2990 2816 3114 2866 ante
3129 2821 3364 2878 crucem,
3381 2810 3476 2871 sed
3493 2811 3605 2883 ejus
3620 2790 3816 2872 virtute

2234 2884 2457 2956 eiecisse
2481 2889 2764 2946 dmmonia.
2789 2893 2922 2952 Cum
2950 2913 3079 2969 ergo
3104 2900 3225 2956 illos
3245 2904 3501 2959 missurus
3520 2915 3660 2969 erat.
3688 2915 3818 2963 tunc

2237 2974 2388 3041 dixit,
2418 2979 2644 3049 Accipite
2668 2982 2922 3053 Spiritum
2936 2999 3190 3055 sanctum;
3214 3007 3278 3046 ac
3306 3009 3517 3051 rursum
3534 3037 3549 3057 .
3589 2994 3734 3051 Venit
3760 2999 3815 3053 in

2233 3083 2316 3123 cos
2334 3067 2555 3141 Spiritus
2569 3083 2793 3139 sanctus,
2810 3085 2857 3131 et
2869 3087 2986 3133 tunc
2999 3080 3144 3150 signa
3155 3081 3402 3149 faciebant
3422 3083 3815 3159 (1011113032).

2300 3160 2357 3214 2.
2398 3161 2529 3216 Cum
2556 3172 2732 3220 autem
2761 3169 2904 3222 misit
2922 3185 3036 3235 eos,
3065 3188 3168 3226 non
3191 3174 3342 3239 dixit,
3368 3175 3521 3232 Dedit
3540 3179 3619 3233 eis
3643 3179 3818 3249 Spiri-

2234 3261 2344 3307 tum
2370 3263 2642 3323 sanctum;
2675 3257 2790 3325 sed,
2838 3258 2993 3316 Dedit
3018 3260 3091 3319 eis
3115 3273 3429 3332 potestatem,
3475 3267 3665 3324 dicens
3689 3287 3705 3325 :
3729 3268 3818 3326 Le-

2228 3359 2409 3413 prosos
2436 3347 2721 3412 mundule)
2744 3348 2995 3404 demania
3039 3354 3225 3423 ejicite,
3272 3366 3493 3412 martuos
3532 3361 3816 3425 suscitate,‘

2226 3439 2385 3506 gratis
2406 3438 2687 3506 accepistis,
2712 3441 2872 3510 gratis
2899 3443 3016 3497 date
3041 3443 3265 3515 (Matth.
3301 3448 3384 3503 i0.
3418 3448 3470 3503 1.
3502 3459 3551 3503 ct
3576 3453 3659 3519 8).
3680 3450 3815 3507 Pro-

2228 3526 2407 3597 phetis
2434 3540 2610 3584 autem
2642 3531 2693 3585 iu
2722 3532 2969 3590 confesso
3009 3536 3149 3605 apud
3197 3553 3387 3595 omnes
3426 3551 3510 3596 est
3552 3541 3814 3612 Spiritum

2227 3630 2470 3675 sanctum
2502 3621 2665 3678 fuisse
2692 3624 2907 3692 datum;
2939 3627 3032 3682 sed
3060 3630 3225 3698 gratia
3270 3632 3357 3686 illa
3395 3642 3668 3691 contracta
3697 3646 3817 3690 erat

2227 3719 2282 3765 et
2308 3711 2510 3779 avulsa,
2541 3721 2699 3785 atque
2724 3715 2938 3772 interra
2965 3718 3199 3774 desierat
3222 3721 3291 3776 ab
3332 3722 3417 3779 illa
3454 3725 3565 3790 die,
3594 3742 3701 3796 qua
3728 3727 3814 3781 di-

2227 3808 2369 3855 ctum
2396 3800 2516 3863 fuit,
2552 3801 2869 3874 Relinquitur
2892 3807 3075 3865 domus
3099 3818 3264 3865 vestra
3291 3811 3489 3869 deserta
3522 3813 3690 3882 (Ibid.
3718 3819 3814 3871 25.

2226 3890 2339 3960 38).
2375 3891 2441 3946 Et
2464 3902 2590 3950 ante
2618 3894 2760 3948 illam
2781 3896 2920 3951 diem
2937 3897 3049 3966 jam
3069 3900 3241 3955 rarior
3259 3916 3379 3957 esse
3397 3915 3657 3972 cmperat.
3679 3904 3817 3961 Nul-

2227 3982 2309 4039 lus
2330 3983 2468 4053 apud
2495 3984 2613 4039 illos
2639 3987 2896 4059 propheta
2918 4000 3063 4057 erat;
3095 4008 3268 4063 neque
3292 3996 3457 4063 gratia
3485 3996 3703 4053 illorum
3730 4015 3819 4054 sa-

2225 4079 2331 4133 cris
2377 4080 2752 4149 prospiciebat.
2798 4082 2930 4138 Cum
2974 4085 3134 4155 igitur
3174 4086 3401 4155 Spiritus
3441 4099 3661 4145 sanctus
3700 4091 3817 4161 jam

2224 4168 2431 4223 ablatus
2456 4179 2617 4235 esset,
2663 4171 3002 4244 tutorumque
3030 4185 3172 4232 esset
3201 4185 3260 4232 ut
3290 4177 3489 4248 largius
3516 4179 3821 4237 eli'uodere-

2227 4270 2330 4325 tur,
2351 4263 2502 4333 cujtts
2515 4264 2640 4323 doni
2665 4267 2982 4337 principium
3008 4278 3128 4338 past
3149 4285 3361 4327 crucem
3381 4273 3496 4338 fuit,
3527 4289 3636 4328 non
3653 4275 3822 4331 abum

2224 4351 2434 4408 (lautius
2455 4355 2633 4422 modo,
2657 4356 2752 4412 sed
2774 4356 2934 4413 etiam
2952 4373 3072 4413 cum
3096 4360 3386 4429 majoribus
3400 4360 3823 4421 elutrismatibns

2226 4444 2547 4512 (mirabilius
2569 4448 2768 4518 quippe
2797 4449 3000 4506 donum
3027 4450 3148 4517 fuit,
3177 4461 3233 4506 ut
3257 4465 3379 4506 cum
3403 4452 3554 4517 dicit.
3589 4454 3822 4511 Nescitis

2222 4537 2369 4605 cujus
2396 4537 2605 4605 spiritus
2627 4539 2738 4594 sitis
2764 4537 2911 4611 [Lua
2935 4541 2990 4596 9.
3035 4539 3156 4613 55];
3182 4550 3239 4598 et
3272 4543 3489 4604 iterum.
3526 4540 3655 4602 Non
3685 4550 3823 4601 asini

2222 4628 2483 4697 accepistis
2502 4629 2734 4697 spiritum
2755 4632 3022 4696 servitutis,
3046 4633 3136 4687 sed
3152 4634 3417 4703 accepistis
3436 4635 3826 4703 spiciam-vado-

2224 4720 2410 4789 ptiom‘s
2431 4718 2608 4790 (Rom.
2638 4723 2692 4778 8.
2727 4720 2837 4793 15].
2866 4722 2999 4777 Nam
3040 4733 3251 4783 veteres
3293 4725 3368 4781 illi
3393 4740 3611 4796 quoque
3639 4730 3825 4798 Spiri-

2225 4819 2334 4864 tum
2381 4810 2667 4875 habehastt,
2704 4812 2800 4869 sed
2842 4813 2962 4870 aliis
2993 4830 3095 4869 non
3128 4815 3506 4885 impertiebant
3536 4835 3550 4872 :
3580 4820 3824 4887 apostoli

2222 4915 2351 4955 vero
2378 4901 2687 4958 innumeros
2717 4902 2810 4957 illo
2834 4904 3163 4975 replebant);
3199 4907 3450 4975 quoniam
3478 4907 3645 4977 igitur
3672 4909 3825 4963 illam

2220 4993 2443 5062 gratiam
2474 4995 2740 5063 accepturi
2763 5005 2917 5050 erant
2935 4996 3192 5067 (nondum
3207 4998 3348 5052 enim
3370 4996 3493 5053 data
3510 4997 3676 5071 erat),
3696 4999 3829 5055 ideo

2222 5084 2314 5145 ait,
2341 5083 2584 5139 Nondum
2609 5096 2718 5140 erat
2746 5086 2972 5157 Spiritus
2992 5096 3215 5143 sanctus.
3246 5088 3321 5144 De
3346 5086 3445 5142 hac
3466 5088 3633 5159 igitur
3646 5091 3826 5159 gratia

2222 5176 2548 5245 erangelista
2587 5177 2819 5241 dicebat,
2864 5177 3110 5235 Nondum
3163 5186 3268 5233 erat
3316 5178 3546 5247 Spiritus
3576 5193 3825 5248 scaeua,

2225 5281 2419 5335 nempe
2461 5268 2649 5329 datus.
2692 5269 2813 5328 auia
2853 5269 3004 5327 Iesus
3044 5269 3272 5327 twudttm
3320 5279 3432 5325 erat
3471 5270 3825 5340 gloriﬁcatus,

2221 5359 2445 5429 gloriam
2467 5359 2744 5430 appellans
2766 5374 3002 5419 crucem.
3020 5361 3158 5430 Quia
3179 5362 3323 5418 enim
3346 5359 3553 5417 inimici
3574 5376 3824 5425 eramus.

2225 5463 2549 5521 peccatores,
2568 5455 2736 5523 gratis
2762 5454 2857 5509 Dei
2875 5454 3086 5526 privati,
3107 5453 3311 5512 inimici
3337 5453 3461 5519 Dei;
3490 5455 3670 5525 gratia
3692 5470 3828 5511 vero

2223 5554 2339 5600 erat
2366 5546 2816 5604 reconciliationis
2843 5546 3126 5612 iudicium;
3152 5547 3355 5603 donum
3383 5557 3567 5602 autem
3595 5550 3833 5603 nonini—

2222 5638 2377 5695 micis
2404 5648 2457 5694 et
2483 5640 2709 5711 perosis,
2736 5640 2831 5698 sed
2856 5639 3041 5697 amicis
3068 5648 3124 5699 et
3146 5639 3387 5712 probatis
3434 5639 3628 5709 datur;
3662 5654 3821 5710 opor-
