3984 6196
293 271 368 328 285
1356 259 1422 316 ΙΝ
1457 256 1770 316 JOANNEM

1907 254 2045 313 MIL.
2084 255 2171 312 ιι.
2207 255 2282 312 al.
2324 254 2385 310 [ι.

286 390 391 440 atat
413 382 547 450 prius
581 389 676 447 pro
710 371 866 428 nobis
899 369 1082 426 otl‘erri
1121 368 1463 436 sacrilicium,
1496 378 1551 426 et
1578 369 1806 426 inimici-

279 482 376 531 tiam
401 474 447 527 in
467 484 621 526 canae
646 466 800 531 solvi,
829 479 1036 535 nosque
1068 463 1158 519 Dei
1187 462 1388 518 amicos
1411 461 1574 528 efﬁci,
1599 471 1657 516 et
1684 471 1809 516 tunc

271 567 437 619 donum
459 560 708 628 nocituro.
738 555 870 611 Nam
900 556 944 610 si
985 553 1089 608 hoc
1117 555 1169 609 in
1196 554 1550 624 promissione
1578 553 1808 610 Abrahae

268 658 551 715 lactantest,
600 649 761 703 ιιιιιιιο
805 647 973 716 magis
1021 646 1072 700 in
1117 645 1309 716 gratia.
1353 646 1420 700 Et
1446 644 1549 700 hoc
1572 644 1804 700 declarat

266 745 430 800 l’aulus
452 743 529 795 his
557 739 759 795 verbis:
792 737 856 794 Si
883 738 1035 801 enim,
1063 738 1151 806 qui
1170 753 1239 790 ea:
1259 737 1386 808 lege,
1415 735 1640 790 luendas
1663 745 1802 804 sunt,

259 839 489 893 exinanita
509 845 580 890 est
594 835 717 903 [idea
734 850 753 887 :
771 833 856 887 lea:
878 833 1008 887 enim
1028 832 1158 885 imm
1177 840 1418 902 operatur
1432 830 1610 900 (Rom.
1637 831 1692 887 4.
1715 833 1802 888 li.

259 932 363 1000 is);
394 930 483 984 hoc
521 937 623 992 est,
674 925 926 981 Promisit
957 925 1097 980 Deus
1136 924 1366 979 Ahraha:
1388 933 1444 980 ct
1468 925 1659 980 semini
1688 925 1804 996 ejus

257 1023 472 1078 daturum
492 1035 547 1074 se
575 1028 771 1074 terram
797 1017 924 1073 :sed
947 1025 1168 1087 nepotes
1189 1015 1307 1087 ejus
1331 1016 1687 1088 promissione
1715 1018 1802 1073 illa

258 1115 430 1185 indigni
457 1113 617 1174 luere,
645 1120 702 1166 et
730 1127 798 1166 ex
845 1111 1072 1182 propriis
1116 1111 1388 1168 laboribus
1431 1111 1645 1182 placere
1696 1127 1801 1168 non

259 1215 528 1279 potuerunt.
559 1204 847 1274 Protulerea
867 1204 1079 1258 intravit
1098 1204 1252 1270 tides,
1277 1218 1363 1260 res
1393 1203 1580 1270 facilis,
1605 1212 1665 1258 ut
1683 1219 1806 1274 ενδι-

259 1304 363 1356 tiam
387 1297 685 1358 attrahetet.
712 1306 769 1352 et
791 1295 1051 1366 promissa
1079 1311 1187 1350 non
1207 1295 1534 1351 exciderent.
1561 1296 1646 1361 Et,
1675 1295 1802 1350 Ideo

257 1409 309 1446 er
327 1392 432 1460 ﬁde,
459 1390 602 1454 dicit,
633 1399 692 1442 ut
718 1387 996 1442 secundant
1013 1371 1240 1458 gratiam
1260 1387 1344 1452 sit,
1363 1397 1514 1458 utque
1535 1388 1802 1458 promissio

258 1485 381 1552 ﬁrm
405 1484 462 1536 sit
490 1481 644 1550 (Ibid.
688 1498 737 1535 ιι.
777 1481 885 1551 16).
921 1479 1042 1535 Ideo
1071 1478 1367 1534 Secundum
1403 1481 1644 1550 gratiam,
1676 1480 1800 1550 quia

259 1576 299 1627 id
320 1575 473 1630 labore
496 1573 798 1643 sndoreque
818 1586 916 1626 suo
938 1587 1042 1625 non
1063 1581 1326 1640 poterant.
1351 1570 1464 1628 Cur
1485 1580 1663 1627 autem
1680 1587 1799 1626 cum

257 1666 463 1732 dixisset,
489 1665 796 1721 Secundum
822 1663 1144 1732 Scripturas,
1192 1676 1299 1717 non
1343 1660 1524 1732 adjicit
1565 1663 1804 1717 testimos

258 1757 409 1812 uiuat?
433 1756 554 1823 Quia
583 1764 839 1824 corrupta
877 1753 1085 1808 illorum
1113 1751 1379 1808 sententia
1415 1761 1549 1808 erat.
1579 1753 1666 1808 40.
1698 1753 1803 1807 Alii

256 1851 364 1904 enim
389 1849 623 1910 dicebant,
659 1846 713 1901 11
721 1847 766 1901 ic
793 1855 864 1900 est
892 1846 980 1900 ille
1006 1846 1282 1915 propheta;
1309 1845 1394 1899 il.
1431 1844 1523 1898 alii
1551 1838 1797 1909 dicebant,

257 1941 435 1998 Salutat
474 1940 660 1994 turbam
685 1957 707 2005 ;
736 1938 848 2004 alii,
884 1937 1004 1992 Non
1048 1953 1111 1992 ea:
1139 1936 1354 1991 Galilaza
1378 1936 1512 1991 venit
1549 1936 1797 1999 Christus,

256 2032 329 2090 ii.
352 2033 430 2088 sed
451 2050 511 2087 ea:
531 2031 826 2087 Betlrleltem
847 2031 958 2083 vico
975 2045 996 2094 ;
1016 2029 1108 2082 alii
1129 2027 1384 2093 dicebant,
1427 2021 1660 2083 Christus
1685 2040 1800 2082 cum

256 2126 431 2190 uua-it,
455 2141 588 2178 nam
612 2124 712 2178 scit
739 2123 876 2175 mule
902 2121 1004 2184 sit;
1032 2131 1086 2175 et
1120 2116 1348 2174 diversm
1389 2125 1545 2174 erant.
1592 2118 1802 2188 opinio-

257 2231 357 2282 nes,
380 2226 432 2270 ut
456 2216 502 2269 in
527 2215 678 2269 turba
725 2212 969 2268 confusa.
1014 2210 1196 2281 Neque
1225 2210 1366 2264 enim
1397 2209 1555 2264 dictis
1583 2210 1802 2265 adhibe-

258 2306 371 2360 bant
394 2305 622 2370 animum,
649 2319 835 2374 neque
861 2300 1102 2357 discendi
1149 2299 1329 2370 cupidi
1354 2301 1529 2354 erant.
1566 2298 1688 2355 Ideo
1718 2299 1801 2356 his

261 2396 379 2452 nihil
413 2397 697 2466 respondet,
747 2395 849 2451 etsi
898 2394 1156 2456 dicerent,
1205 2391 1472 2462 Numquid
1495 2406 1560 2448 ea:
1587 2391 1802 2447 Galilwn

259 2489 459 2544 Christus
472 2491 614 2553 mit,-
633 2489 682 2543 Ν
687 2507 714 2540 ει
722 2487 879 2543 thana
887 2487 1023 2542 clem
1051 2495 1179 2541 vero
1193 2484 1563 2541 vehementius
1577 2492 1632 2540 et
1647 2499 1803 2554 aspe-

257 2584 352 2639 rius
375 2583 632 2647 dicentem,
670 2581 758 2636 ἔξω
783 2580 1044 2635 Nazareni
1069 2588 1229 2651 potest
1256 2578 1455 2648 aliquid
1484 2578 1602 2632 boni
1628 2577 1801 2633 exire!

257 2676 456 2729 laudavit
476 2686 526 2729 ut
553 2690 686 2730 vere
708 2672 1018 2728 lsraelitam.
1056 2671 1116 2726 lli
1145 2672 1288 2727 enim
1318 2678 1374 2726 et
1393 2665 1482 2741 qui
1511 2665 1801 2724 Nicodetno

255 2767 481 2834 dicebant,
509 2769 763 2824 Scrutare
787 2776 832 2820 et
861 2765 993 2831 ride,
1033 2765 1152 2836 quia
1197 2780 1264 2836 eo;
1311 2759 1526 2818 Galilwa
1554 2775 1655 2816 non
1694 2775 1802 2816 sur-

254 2861 359 2912 mit
389 2861 636 2929 propheta,
689 2871 798 2912 non
840 2855 1079 2910 discendi
1108 2867 1269 2909 causa
1314 2851 1588 2918 dicebant,
1619 2852 1712 2908 sed
1746 2861 1800 2907 ut

253 2954 514 3023 opinionem
543 2952 615 3008 do
636 2950 863 3006 Christo
917 2949 1222 3018 rejicerent.
1278 2947 1371 3001 ille
1419 2960 1569 3009 vero,
1615 2953 1800 3014 utpote

253 3047 449 3100 veritatis
465 3059 671 3106 amans,
694 3043 782 3113 qui
808 3049 986 3096 vetera
1013 3039 1190 3093 otnnia
1209 3045 1456 3093 accurate
1475 3047 1678 3103 nosset,
1699 3036 1802 3092 hoc

253 3136 454 3191 dicebat:
479 3137 545 3190 illi
571 3145 760 3190 autem
798 3148 960 3187 unum
991 3131 1163 3186 solum
1192 3127 1528 3199 spectabant,
1561 3139 1616 3182 ut
1645 3129 1798 3183 evin-

249 3238 399 3284 cerent
425 3229 583 3299 ipsum
623 3241 742 3280 non
786 3239 906 3280 esse
945 3223 1238 3276 Christum.
1281 3221 1616 3291 Quapropter
1661 3220 1793 3289 ipsis

251 3321 354 3374 ιιειιιΙ
395 3321 659 3376 revelnvit.
700 3317 801 3386 Qui
849 3318 990 3371 enim
1039 3315 1308 3369 contraria
1340 3313 1711 3384 loquebantur,
1744 3321 1800 3367 et

249 3412 399 3476 modo,
428 3410 585 3467 Nemo
608 3411 712 3465 scit
741 3409 876 3462 unde
907 3407 1059 3471 renit,
1093 3405 1276 3471 modo,
1314 3403 1396 3457 Ea:
1419 3402 1710 3456 Betltleliem
1729 3417 1800 3457 re-

249 3502 324 3566 nit,
348 3502 607 3568 dicebant;
633 3500 857 3557 etiamsi
885 3497 1220 3560 didicissent,
1250 3492 1628 3548 contrudit-turi
1660 3491 1798 3546 haud

247 3594 381 3650 duhie
413 3605 578 3651 erant.
613 3595 752 3650 Esto
795 3595 962 3656 enim,
995 3589 1169 3643 locum
1203 3588 1528 3657 ignorarent,
1561 3584 1701 3656 quod
1733 3599 1798 3639 ex

249 3688 520 3743 liethlelicm
565 3695 740 3748 esset,
790 3684 913 3754 quia
957 3683 1008 3736 in
1040 3677 1304 3735 Nazareth
1346 3687 1589 3733 versatus
1632 3676 1803 3730 fuerat

250 3781 475 3850 (quamvis
504 3780 606 3836 hoc
636 3777 801 3832 venia
846 3775 1061 3846 dignum
1091 3787 1196 3827 non
1225 3780 1398 3836 esset;
1449 3783 1622 3840 neque
1657 3769 1800 3824 enint

248 3877 303 3928 ibi
327 3885 464 3930 natus
487 3874 625 3946 erat)
649 3889 671 3936 ;
705 3887 830 3927 num
860 3883 1028 3940 genus
1055 3878 1271 3937 quoque
1297 3862 1630 3934 ignorabant,
1659 3860 1802 3932 quod

244 3978 363 4024 esset
380 3983 441 4025 ex
466 3969 625 4024 domo
646 3977 708 4021 et
734 3963 931 4018 lZ-ttnilia
966 3958 1168 4016 David?
1190 3954 1476 4022 Quomodo
1501 3969 1630 4025 ergo
1656 3953 1804 4009 diec-

245 4057 368 4126 bant,
395 4056 566 4115 Αιιιιοιι
605 4073 681 4114 ea:
703 4057 891 4112 semine
921 4053 1085 4107 Dat-id
1111 4053 1242 4105 venit
1269 4049 1537 4105 Christus?
1565 4046 1668 4103 Sed
1703 4047 1804 4101 hoc

246 4149 320 4203 illo
341 4147 486 4205 modo
510 4153 773 4220 ohtegcre
814 4145 1083 4206 volebant,
1125 4156 1188 4196 ac
1229 4139 1596 4195 fraudulenter
1623 4136 1802 4191 onmia

245 4243 581 4312 Its-picltantur.
608 4245 722 4298 Cur
740 4248 918 4294 autem
939 4253 1042 4292 non
1063 4241 1409 4290 accesserunt
1429 4230 1619 4286 dicturi
1640 4251 1651 4284 :
1671 4231 1802 4282 tium

245 4345 409 4390 cetera
435 4336 609 4390 omnia
641 4332 995 4393 admiremur,
1018 4327 1312 4397 iubeasque
1330 4323 1474 4379 credi
1497 4321 1587 4376 tibi
1615 4334 1799 4374 secun-

241 4425 348 4479 dum
367 4427 690 4494 Scripturas,
720 4417 806 4477 die
832 4433 929 4477 cur
958 4419 1249 4486 Scriptura:
1285 4415 1470 4469 dicant
1495 4429 1560 4468 ex
1589 4411 1806 4466 Bethle-

246 4516 345 4570 hem
373 4517 636 4572 (Jtristtsttt
677 4523 800 4570 esse
830 4520 1141 4573 venturum;
1176 4517 1229 4562 tu
1267 4515 1442 4560 autem
1483 4520 1548 4558 ex
1588 4503 1803 4559 Galiltea

243 4609 446 4663 venisti?
475 4610 545 4664 At
575 4607 712 4662 nihil
746 4607 937 4659 horum
963 4602 1238 4664 dixerunt,
1270 4613 1452 4652 verum
1476 4596 1655 4651 omnia
1687 4607 1802 4649 ma-

243 4699 366 4768 Ιὶωιο
387 4701 565 4756 animo
585 4696 1059 4756 causilicahantur.
1100 4692 1253 4759 Quod
1296 4690 1439 4745 enim
1467 4689 1673 4744 discere
1699 4701 1804 4741 non

241 4801 520 4862 quaerent
564 4801 662 4847 aut
686 4790 904 4853 vellent,
933 4789 1112 4842 statim
1140 4783 1404 4856 significat
1433 4781 1756 4852 evangelista
1787 4797 1801 4834 :

245 4885 315 4939 ιι.
343 4886 555 4954 Quidam
585 4885 818 4940 volebant
845 4879 1221 4951 apprehendere
1237 4891 1372 4939 eunt,
1394 4876 1484 4930 sed
1508 4889 1653 4929 nemo
1674 4874 1806 4928 misit

245 4995 371 5049 super
406 4980 551 5033 illum
583 4993 788 5032 manum
835 4987 998 5027 situm.
1029 4972 1160 5026 Nam
1189 4971 1288 5024 utsi
1339 4969 1467 5023 nihil
1498 4967 1660 5028 aliud,
1705 4967 1808 5022 hoc

243 5072 407 5126 saltem
458 5072 579 5126 Illos
635 5080 995 5138 compuugere
1043 5063 1363 5116 debuisset:
1407 5058 1500 5114 Sed
1533 5075 1639 5113 non
1685 5067 1808 5112 sunt

239 5164 548 5232 ennqnuncIi,
584 5173 643 5216 ut
672 5157 746 5216 ait
774 5159 1033 5230 propheta
1068 5175 1082 5210 :
1121 5153 1361 5224 Dissipati
1390 5161 1526 5216 sunt,
1557 5165 1647 5205 uec
1673 5165 1810 5204 cout-

241 5257 393 5320 μικιὶ
416 5254 590 5314 (Pani.
625 5254 709 5309 δι.
741 5251 853 5318 15).

298 5347 348 5402 5.
389 5347 607 5401 Malitia
633 5345 911 5399 character.
955 5339 1154 5395 Malitia
1187 5337 1483 5392 Judteorttm
1509 5336 1633 5406 ipsis
1658 5333 1810 5388 exitio

241 5442 341 5506 (hit.
388 5438 633 5493 inimicos
677 5437 925 5508 qumuodo
964 5433 1142 5487 ulcisci
1178 5440 1428 5500 oporteat.
1469 5429 1665 5485 Malunt
1708 5443 1811 5482 non

243 5529 382 5595 male,
409 5530 498 5585 sed
524 5530 660 5581 bono
685 5537 912 5581 sanatur.
933 5553 1004 5565 —-
1035 5523 1344 5592 llujusnmdi
1374 5523 1514 5577 enim
1543 5529 1626 5578 est
1654 5519 1808 5574 mali.

242 5621 335 5672 tia:
364 5621 568 5677 notitiai
618 5615 726 5672 vult
774 5618 990 5680 cedere,
1040 5629 1202 5668 mmm
1254 5615 1426 5670 solum
1472 5614 1710 5683 respicit,
1755 5621 1812 5665 ιιι

243 5723 358 5765 eum
385 5711 602 5784 perdat,
633 5711 714 5763 cui
743 5709 1036 5763 insidiatur.
1061 5705 1165 5760 Sed
1191 5705 1316 5770 quid
1347 5705 1471 5759 dicit
1498 5703 1809 5774 Scriptura?

564 5807 829 5869 ΡΑτιιοι..
876 5810 990 5867 (in.
1043 5808 1108 5867 Li
1127 5809 1203 5868 Χ.

1920 366 2026 433 Qui
2039 367 2169 437 fodit
2193 369 2389 439 foveam
2404 368 2656 437 proximo,
2677 368 2731 424 in
2743 384 2856 425 eum
2871 371 3055 427 incidet
3069 373 3252 442 (Prov.
3275 377 3366 434 26.
3385 380 3500 451 ιη).

1912 457 2066 525 Quod
2097 467 2222 514 tunc
2247 460 2408 514 etiam
2435 461 2680 530 contigit.
2708 461 2787 517 illi
2831 477 3059 534 namque
3085 465 3259 535 ipsum
3297 468 3500 523 interti-

1911 562 2038 604 cere
2064 550 2332 615 volebant,
2364 559 2418 605 ut
2445 551 2880 621 prtedicatiouem
2909 555 3221 613 abolerent:
3252 558 3346 614 sed
3364 575 3502 616 cono

1914 640 2135 694 Icarium
2160 641 2360 699 evertit.
2413 641 2729 699 Praedicatio
2776 661 3006 717 namque
3030 663 3128 718 per
3151 649 3351 707 Christi
3378 669 3501 724 gra-

1913 729 2040 784 tiam
2072 731 2244 797 lloret,
2277 732 2487 787 illorum
2517 749 2644 789 vero
2673 736 2851 790 omnia
2878 739 3139 794 exstincta
3175 751 3300 796 stntt
3327 753 3378 798 et
3406 760 3500 814 pe-

1910 819 2138 886 rierunt,
2166 830 2329 892 atque
2350 823 2423 878 illi
2450 825 2640 894 patria,
2681 825 2926 884 libertate
2953 839 3006 884 et
3036 831 3182 884 cultu
3222 847 3320 888 suo
3347 837 3498 890 exci-

1909 911 2125 979 derunt,
2157 923 2318 983 atque
2337 916 2483 969 mimi
2518 916 2768 972 felicitate
2797 919 3008 988 privati.
3041 923 3182 977 servi
3216 935 3272 979 et
3298 927 3497 994 captivi

1910 997 2034 1060 iacti
2061 1014 2205 1060 sunt.
2233 1007 2357 1062 llaec
2381 1023 2504 1063 cum
2542 1011 2793 1071 sciamus.
2822 1029 3110 1086 numquam
3136 1017 3254 1074 aliis
3283 1019 3502 1073 insidie-

1907 1111 2046 1164 mur,
2078 1099 2229 1169 gnari
2273 1114 2370 1154 nos
2417 1113 2604 1158 contra
2635 1107 2992 1176 nosmetipsos
3020 1108 3250 1178 gladium
3276 1127 3494 1182 acuere,

1906 1191 1961 1243 et
1983 1189 2378 1267 profundiorem
2407 1193 2560 1249 nobis
2590 1195 2827 1265 infligere
2851 1199 3076 1269 plagam.
3095 1199 3200 1256 Sed
3229 1212 3280 1256 te
3304 1203 3497 1273 aliquis

1906 1281 2060 1350 lmsit,
2094 1292 2150 1339 et
2177 1285 2256 1342 vis
2283 1287 2428 1342 illum
2457 1289 2673 1345 ulcisci?
2701 1291 2778 1346 Nc
2804 1292 3098 1360 ulciscaris,
3129 1303 3183 1350 et
3212 1295 3289 1350 sic
3311 1295 3493 1354 ulcisci

1908 1379 2130 1444 poteris.
2177 1378 2233 1433 Si
2279 1380 2577 1446 ulciscaris,
2609 1398 2716 1438 ncn
2751 1384 3045 1440 ulcisceris.
3075 1385 3184 1442 Nec
3211 1397 3362 1458 putes
3391 1390 3493 1445 hoc

1905 1467 2132 1538 aenigma
2163 1485 2304 1538 esse,
2339 1474 2431 1528 sed
2462 1490 2644 1530 verum
2675 1486 2776 1532 est.
2806 1477 3089 1545 Quomodo
3113 1490 3162 1535 et
3188 1496 3292 1552 qua
3327 1483 3494 1538 ratio-

1907 1561 2010 1615 ne?
2033 1563 2167 1629 Quia
2195 1563 2241 1620 si
2263 1581 2368 1621 non
2406 1567 2698 1633 ulciscaris,
2731 1571 2894 1625 Deum
2927 1572 3024 1640 ipsi
3061 1572 3331 1628 inimicum
3357 1589 3486 1630 eon-

1903 1650 2109 1718 stituis;
2133 1655 2176 1708 si
2201 1654 2493 1723 ulciscaris,
2515 1672 2620 1712 non
2643 1659 2792 1713 item.
2816 1658 2968 1723 Nam,
2996 1660 3128 1716 Mitti
3146 1662 3384 1729 rindicta,
3398 1682 3488 1734 ego

1905 1742 2195 1808 retribuam,
2221 1745 2350 1799 dicit
2377 1745 2817 1819 Dominus(limn.
2834 1749 2922 1804 12.
2949 1750 3038 1806 19.
3077 1750 3230 1806 Dent.
3257 1752 3344 1809 3%.
3371 1754 3479 1824 35).

1904 1831 2034 1887 Nam
2065 1835 2110 1888 si
2139 1851 2326 1892 servos
2354 1837 2647 1895 habeamus
2670 1841 2760 1912 qui
2779 1852 2962 1896 mutuo
2989 1845 3253 1909 rixentur,
3278 1860 3492 1902 necno-

1904 1922 1986 1978 bis
2015 1924 2304 1982 ulciscendi
2327 1938 2510 2000 partes
2533 1931 2849 1997 concedant,
2881 1932 2975 1988 sed
3002 1934 3138 1989 sibi:
3167 1937 3271 1991 etsi
3293 1938 3492 2008 sapius

1905 2028 2004 2070 nos
2030 2028 2239 2088 rogent,
2272 2035 2377 2074 non
2409 2021 2570 2076 modo
2599 2036 2706 2078 non
2729 2021 3060 2090 ulciscimur,
3089 2025 3187 2080 sed
3217 2028 3378 2082 etiam
3409 2029 3493 2083 in-

1903 2103 2206 2174 dignantur,
2236 2117 2291 2164 et
2315 2109 2564 2180 fugitivos
2586 2113 2964 2185 mastigiasque
2993 2121 3276 2171 vocamus:
3306 2115 3487 2188 Opor-

1901 2197 2048 2253 tebat
2073 2199 2244 2266 enim,
2268 2199 2525 2269 dicimus,
2556 2213 2616 2259 ut
2645 2213 2820 2261 totum
2862 2207 3018 2264 nobis
3049 2208 3325 2278 delcrrrs;
3367 2214 3483 2278 sed,

1898 2289 2028 2360 quia
2077 2291 2308 2362 teipsum
2350 2294 2498 2351 ultus
2543 2311 2625 2362 es,
2661 2312 2728 2352 ne
2769 2298 3075 2353 moleSIiatn
3124 2301 3262 2355 ultra
3297 2315 3482 2371 crees;

1903 2379 2072 2436 multo
2098 2382 2264 2452 magis
2292 2382 2450 2448 Deus,
2477 2383 2566 2454 qui
2589 2385 2865 2454 praecepit,
2895 2395 2953 2440 ut
2995 2384 3096 2442 sibi
3141 2388 3316 2443 omnia
3341 2401 3491 2445 com-

1903 2469 2255 2536 mitteremus,
2287 2472 2337 2527 id
2360 2472 2598 2528 dietnrus
2624 2484 2727 2530 est.
2755 2474 3035 2542 Quomodo
3061 2475 3350 2534 absurdum
3381 2495 3488 2534 non

1904 2558 2084 2629 luerit,
2103 2578 2225 2617 cum
2251 2578 2280 2616 a
2309 2565 2480 2620 servis
2510 2565 2712 2620 nostris
2736 2566 2872 2622 hanc
2896 2565 3292 2639 philosophiam
3319 2579 3374 2628 et
3400 2571 3490 2628 ob-

1903 2654 2146 2724 sequium
2175 2655 2474 2726 exigamus,
2518 2657 2745 2714 Detniuo
2786 2675 2892 2715 non
2921 2676 2984 2716 ea
3013 2663 3334 2732 ceneedere,
3366 2672 3488 2738 qua)

1905 2747 2148 2803 volumus
2171 2759 2201 2804 a
2231 2751 2404 2806 servis
2434 2752 2633 2807 mistris
2661 2753 2884 2809 concedi
2932 2755 3124 2811 nobis?
3162 2755 3288 2814 litae
3328 2774 3490 2830 porro

1903 2837 2046 2908 dico,
2073 2840 2214 2911 quod
2243 2841 2313 2896 ita
2341 2845 2572 2913 prompti
2603 2845 2719 2900 sitis
2740 2845 2806 2901 ad
2825 2845 3080 2903 ultionem
3105 2849 3487 2920 expetendam.

1903 2929 2035 2984 Nam
2067 2946 2191 2986 eum
2219 2933 2310 3002 qui
2360 2943 2486 2989 vere
2516 2935 2924 3005 pltilosOphatur
2953 2938 3003 2992 id
3035 2939 3214 2996 facere
3247 2957 3352 2998 non
3390 2943 3489 3000 dc-

1902 3030 2008 3090 cet,
2044 3021 2141 3078 sed
2181 3023 2340 3079 debet
2387 3024 2475 3080 ille
2520 3035 2735 3095 peccata
2777 3025 3048 3083 dimittere
3077 3037 3132 3085 et
3158 3031 3487 3100 condtmarc,

1903 3113 2110 3168 etiamsi
2140 3130 2247 3170 non
2277 3129 2467 3184 magna
2489 3125 2863 3184 expectaretur
2892 3127 3048 3173 mere.
3070 3133 3117 3184 s,
3150 3127 3488 3188 peccatorum

1905 3221 2096 3276 nempe
2125 3208 2389 3262 remissio.
2434 3207 2564 3263 Nam
2607 3209 2650 3263 si
2692 3208 2916 3265 danmas
2968 3221 3322 3280 peccatorum,
3369 3225 3488 3280 cur,

1902 3314 2104 3369 (pta-so,
2139 3300 2251 3370 ipse
2283 3316 2490 3370 peccas,
2521 3312 2570 3357 et
2598 3303 2652 3357 in
2676 3302 2862 3358 eadem
2883 3304 3201 3362 laberisi'l‘e
3226 3308 3346 3378 quis
3360 3323 3492 3365 con-

1907 3389 2118 3445 tumelia
2156 3390 2366 3446 alit-cit?
2396 3391 2473 3448 Ne
2499 3394 2875 3449 centunieliam
2907 3395 3192 3466 rependas,
3232 3407 3290 3452 ut
3317 3413 3386 3454 ne
3425 3399 3493 3454 il-

1907 3480 2009 3536 lam
2042 3481 2133 3537 tibi
2163 3482 2262 3552 ipsi
2289 3483 2503 3538 inieras.
2548 3481 2850 3540 Percussit?
2878 3485 2956 3540 Ne
2992 3488 3336 3557 reperctttias.
3369 3489 3492 3561 quia

1906 3573 2038 3629 nihil
2071 3573 2192 3630 inde
2225 3574 2464 3631 utilitatis
2496 3577 2775 3646 percipies.
2804 3578 3034 3634 ilicet-ore
3062 3579 3140 3634 all‘
3156 3581 3278 3635 cit?
3302 3580 3380 3638 Ne
3414 3586 3494 3637 vi-

1905 3679 2021 3719 cem
2052 3664 2272 3729 releras,
2303 3667 2425 3736 quia
2453 3667 2583 3721 nihil
2608 3668 2728 3722 inde
2752 3668 2904 3736 lucri,
2930 3669 3022 3725 sed
3055 3670 3128 3725 illi
3157 3671 3345 3728 similis
3369 3690 3486 3728 eva-

1904 3756 2007 3812 dis.
2041 3758 2130 3813 Sic
2157 3759 2305 3813 illum
2329 3759 2555 3815 fortasse
2583 3761 2634 3816 in
2667 3761 2921 3830 pudorem
2943 3763 3216 3833 cottjicies,
3244 3769 3287 3822 si
3310 3769 3492 3824 omnia

1908 3861 2188 3906 mansuete
2218 3851 2384 3917 iuras;
2419 3853 2498 3907 sic
2525 3853 2576 3907 in
2609 3852 2877 3918 ruborem,
2929 3854 2996 3906 ita
3049 3865 3106 3909 ut
3154 3855 3287 3910 iram
3317 3857 3490 3914 sedet.

1907 3940 2076 3995 Nemo
2097 3940 2292 3996 malum
2317 3942 2456 3996 malo
2479 3951 2651 4004 sanat,
2679 3943 2772 3997 sed
2795 3944 2934 3998 bono
2963 3943 3178 3998 tnalum.
3205 3945 3328 4001 llaec
3352 3951 3491 4018 apud

1907 4033 2133 4102 gentiles
2162 4032 2401 4087 nonnulli
2448 4032 2909 4102 philostqthantur.
2953 4033 3062 4089 Nos
3105 4050 3234 4105 ergo
3275 4038 3485 4108 pudeat,

1907 4123 2048 4194 quod
2079 4123 2254 4177 stultis
2295 4123 2581 4192 gentilibus
2623 4134 2880 4193 quantum
2904 4123 2970 4178 ad
3001 4124 3387 4196 philosophiam
3419 4131 3494 4184 si-

1910 4231 2030 4270 tnus
2056 4215 2354 4270 inferiores.
2380 4211 2528 4268 Multi
2561 4230 2745 4269 eorum
2769 4214 2960 4284 injuria
2988 4217 3185 4283 allecti,
3212 4233 3366 4290 sequo
3385 4222 3495 4277 ani-

1910 4321 1999 4360 mo
2026 4305 2291 4367 tulerunt;
2322 4303 2472 4360 multi
2503 4304 2798 4359 calumnias
2829 4321 2934 4360 non
2967 4307 3374 4376 propulsarunt;
3407 4311 3493 4366 itt-

1910 4397 2165 4452 sidiantes
2204 4396 2464 4451 beneﬁcio
2500 4395 2811 4450 alieeerunt.
2852 4397 3276 4470 Timemlumquc
3301 4411 3386 4457 est
3427 4418 3495 4460 na

1911 4489 2126 4561 quidam
2153 4504 2216 4545 ex
2251 4489 2353 4542 illis
2381 4489 2502 4543 vita:
2531 4487 2772 4542 instituto
2796 4489 2952 4543 nobis
2980 4491 3376 4559 prtestantiores
3405 4510 3496 4549 re-

1913 4583 2206 4653 periantur,
2252 4591 2305 4636 et
2345 4580 2467 4635 hinc
2521 4597 2618 4636 nos
2659 4583 2873 4651 gravius
2901 4583 3218 4654 supplicium
3261 4596 3494 4641 maneat.

1911 4673 2042 4730 Nam
2071 4673 2115 4729 si
2147 4687 2246 4729 nos
2273 4673 2360 4742 qui
2393 4671 2648 4742 Spiritum
2676 4674 3000 4744 accepimus,
3027 4676 3114 4745 qtti
3148 4685 3369 4746 regnum
3399 4693 3498 4732 ex-

1910 4775 2232 4836 spectamus,
2255 4764 2343 4834 qui
2379 4779 2472 4833 pro
2502 4763 2753 4820 mulorum
2784 4766 3005 4836 przrmio
3035 4764 3488 4838 pbilosophamur,

1910 4862 2000 4932 qui
2027 4860 2325 4932 gehennam
2350 4873 2454 4914 mm
2487 4859 2756 4925 timemus,
2785 4848 2872 4928 qui
2895 4859 3065 4930 angeli
3087 4874 3206 4914 esse
3221 4859 3495 4929 jubcmur.
3525 4853 3529 4870 "

1911 4953 2000 5023 qui
2033 4952 2407 5024 mysteriorum
2438 4950 2722 5020 tmrtieipes
2767 4967 2976 5016 sunms,
3019 4967 3126 5008 non
3160 4951 3279 5008 illos
3305 4953 3498 5008 virtute

1911 5045 2254 5116 attingamus,
2283 5058 2443 5114 quam
2473 5055 2864 5112 consequemur
2893 5043 3100 5097 vmiam
3120 5043 3178 5096 ίῖ
3206 5043 3412 5097 Etenim
3452 5039 3497 5098 si

1912 5136 2128 5193 Judatos
2155 5150 2410 5206 superare
2439 5143 2682 5190 tenemur
2721 5133 2884 5201 (Risi.
2929 5134 3117 5204 inquit,
3165 5132 3501 5186 abundaverit

1905 5233 2108 5302 justitia
2151 5239 2314 5282 vestra
2353 5226 2466 5296 plus
2495 5241 2646 5296 quant
2690 5226 2968 5278 scribarum
2998 5232 3046 5277 et
3094 5222 3494 5290 Pharisaeorum,

1914 5340 2014 5376 non
2031 5319 2281 5374 iutrubitis
2303 5319 2354 5370 iu
2378 5333 2584 5387 regnum
2607 5314 2845 5369 (telorum
2881 5313 3092 5386 [.llattlt.
3119 5315 3171 5370 5.
3195 5312 3492 5388 90])ςιιιιιΙο

1915 5425 1971 5470 ιο
1999 5415 2166 5483 magis
2200 5411 2451 5482 getttiles;
2480 5407 2524 5462 si
2558 5407 2874 5472 Pharismos,
2908 5407 3075 5462 multo
3104 5407 3271 5478 magis
3311 5405 3497 5462 inlideo

1918 5509 2015 5562 les.
2048 5506 2180 5560 Cum
2210 5503 2373 5567 enim,
2407 5500 2507 5556 nisi
2563 5499 2681 5554 illos
2725 5514 3058 5569 superemus,
3095 5515 3314 5568 regnum
3347 5497 3499 5554 nobis

1985 5709 1997 5738 ¹
2039 5703 2132 5754 Alii
2150 5704 2390 5760 insertt.:t,
2415 5709 2557 5762 quam
2582 5709 2711 5758 spem
2731 5710 2980 5763 possumus
3004 5694 3180 5746 iubete
3200 5695 3226 5746 .’

3057 5798 3134 5862 18
3447 5853 3478 5874 ,
