4070 6214
440 288 536 340 ‘23"!

437 401 676 454 clausum
727 394 825 457 sit;
879 391 922 445 si
969 388 1252 461 gentilibus
1286 384 1494 456 pejores
1539 383 1727 441 simus,
1760 380 2028 450 quoiuodo

440 494 540 547 hoc
563 493 736 560 ipsum
756 501 974 555 regnum
997 479 1419 550 consequenmr?
1441 479 1665 531 Omnem
1690 477 1866 544 itaque
1888 488 2029 528 acer-

441 583 684 644 bitatem,
715 581 869 644 iram,
897 578 1126 630 furorem
1159 573 1451 642 ejiciamus.
1487 568 1677 622 Eiidem
1696 569 1882 632 dicere,
1907 565 2030 618 mihi

437 675 638 745 quidem
662 688 759 725 non
789 670 1074 731 molestum,
1104 665 1239 719 vobis
1257 673 1423 717 autem
1445 670 1603 714 tutum
1632 657 1853 729 (.l’hilip.
1881 657 2028 723 5.1).

442 767 572 819 Nam
625 762 815 818 medici
857 760 1044 814 eodem
1079 758 1193 828 ipso
1223 770 1365 824 smpe
1413 761 1629 806 utuntur
1673 748 1932 803 remedio.
1966 747 2030 801 Et

442 870 540 909 nos
567 870 671 908 non
705 853 864 907 linem
894 851 1149 904 faciemus
1195 845 1382 900 eadem
1410 841 1696 903 clamandi,
1731 851 2030 892 memorau-

446 950 521 1011 di,
551 946 802 1009 dercndi,
837 941 1106 997 hortandi.
1135 939 1268 994 Nam
1296 936 1458 990 multa
1487 943 1568 988 est
1593 931 1925 986 szrcularium
1949 944 2034 982 re-

1179 275 1231 329 S.
1277 270 1552 328 JOANNIS
1587 265 2058 322 CllllYSOSTOMl
2103 264 2413 318 Allilllll'll‘.
2457 263 2982 318 CONSTANTINOP.

2134 395 2250 433 rum
2283 379 2455 444 turba,
2480 396 2596 451 qum
2616 382 2664 433 in
2695 379 2885 435 horum
2912 380 3226 436 oblivionem
3251 385 3522 451 conjiciat,
3547 400 3607 438 ae
3627 388 3734 440 do-

2132 473 2301 526 ctrina
2329 471 2588 539 li‘equcnti
2615 482 2692 526 est
2723 487 2878 542 opus.
2905 471 2984 526 Ne
3012 488 3139 542 ergo
3165 473 3266 528 huc
3294 474 3324 527 τε
3345 487 3422 526 ust
3435 491 3488 526 ra
3521 491 3731 530 conre-

2139 564 2366 624 niamus,
2392 577 2555 630 opera
2583 562 2929 617 exbibeamus
2961 562 3116 626 bona,
3153 574 3208 617 ut
3235 565 3408 617 futura
3435 567 3572 617 bona
3593 582 3698 618 con
3717 596 3732 605 -

2132 668 2440 722 sequamur,
2486 654 2653 721 gratia
2699 662 2753 705 et
2785 654 3108 723 benignitate
3155 654 3363 708 Domini
3396 657 3564 709 nostri
3594 655 3728 710 Jesu

2131 745 2350 809 Christi,
2393 761 2486 814 per
2513 761 2671 814 quem
2715 755 2768 798 et
2795 761 2914 799 cum
2947 761 3054 815 quo
3083 745 3224 800 Patri
3256 747 3423 816 gloria
3453 747 3730 816 simulque

2135 837 2352 906 Spiritui
2385 847 2587 901 saneto,
2623 851 2762 891 mine
2787 847 2839 892 et
2867 852 3100 908 semper,
3123 849 3174 893 et
3203 839 3252 892 in
3275 839 3470 894 szecula
3499 843 3731 895 aesculo-

2137 944 2274 981 rmu.
2307 930 2496 982 Amen.

3619 269 3740 322 288

1767 1118 2116 1203 manus
2163 1142 2288 1204 ιιι.

453 1303 577 1356 (ΣΑῐι.
612 1305 669 1356 7.
704 1319 752 1356 ς’.
782 1303 865 1357 iii.
898 1300 1152 1354 Venerunt
1194 1314 1310 1368 ergo
1354 1294 1567 1354 ministri
1593 1292 1659 1344 (ιιι
1687 1290 1948 1360 pontiﬁces
1975 1297 2021 1340 et

517 1395 820 1448 .Pliarisa'os
847 1436 857 1453 ,
887 1403 931 1444 ct
957 1392 1192 1445 dixerunt
1219 1389 1289 1442 cis
1317 1388 1394 1441 illi
1425 1403 1441 1440 :
1479 1385 1650 1452 Quare
1679 1399 1778 1435 non
1811 1379 2033 1447 adduxi-

518 1489 610 1540 stis
634 1487 790 1540 eum?
820 1485 906 1540 46.
937 1483 1319 1553 Responderunt
1347 1479 1564 1533 ministri
1592 1493 1609 1529 :
1645 1475 1934 1542 Numquam
1961 1473 2035 1526 sic

522 1580 759 1648 loquutus
789 1587 858 1630 est
885 1577 1035 1628 homo
1067 1583 1116 1626 ut
1146 1574 1241 1626 -hic
1264 1573 1436 1626 homo.

513 1675 576 1725 Α.
624 1671 842 1724 Veritate
880 1669 1011 1721 nihil
1036 1667 1221 1720 clarius
1243 1705 1260 1730 ,
1305 1664 1432 1717 nihil
1479 1660 1775 1722 simplicius.
1804 1689 1875 1700 ——
1898 1657 2036 1712 Nihil

453 1764 677 1818 veritate
725 1759 943 1823 clarius,
973 1758 1122 1812 'nibil
1166 1755 1478 1824 simplicius,
1528 1754 1626 1808 nisi
1670 1767 1766 1807 nos
1811 1751 2040 1817 maligne

457 1867 678 1925 agamus
704 1868 718 1908 :
746 1850 839 1905 sed
869 1851 912 1905 si
937 1849 1165 1919 maligne
1192 1860 1574 1914 nosgeramus,
1599 1841 2032 1898 nihildillicilius.

459 1948 597 2002 Ecce
622 1944 878 2000 Phariszei
908 1951 963 1998 et
986 1942 1198 2006 scribas,
1223 1942 1311 2012 qui
1339 1939 1694 2009 sapientiores
1740 1949 1861 1990 esse
1890 1935 2040 1987 \‘ide-

459 2039 672 2103 bantur,
705 2037 793 2106 qui
825 2050 945 2090 cum
975 2034 1192 2090 Christo
1221 2047 1434 2102 semper
1458 2038 1634 2096 erant,
1667 2027 1786 2098 quia
1821 2025 2043 2080 insidias

457 2131 531 2186 illi
550 2129 859 2192 struebant,
893 2127 1017 2182 licet
1045 2125 1300 2180 miracula
1325 2122 1571 2177 viderent
1601 2163 1614 2186 ,
1642 2120 1771 2174 licet
1797 2117 2042 2185 Scriptu-

458 2237 546 2277 ras
567 2222 824 2292 legerent,
855 2219 986 2274 nihil
1016 2218 1165 2282 lucri,
1197 2215 1292 2272 sed
1316 2215 1537 2270 multum
1560 2211 1739 2267 damni
1756 2210 2002 2264 tulerunt
2027 2226 2039 2260 :

462 2313 688 2375 ministri
715 2327 850 2365 ivero
875 2352 891 2375 ,
919 2311 1021 2364 etsi
1054 2309 1158 2363 illis
1189 2307 1440 2362 omnibus
1469 2313 1738 2375 capertes,
1783 2317 1889 2356 una
1915 2316 2044 2355 con-

461 2403 782 2472 cionecapti
821 2412 939 2456 -unt
969 2419 982 2453 :
1016 2409 1070 2454 et
1094 2399 1182 2468 qui
1213 2397 1279 2451 ad
1309 2399 1459 2451 illum
1509 2394 1845 2450 vinciendum
1878 2407 2044 2447 vene-

463 2505 606 2562 rant,
635 2493 988 2550 admiratione
1017 2490 1177 2545 vineti
1209 2487 1500 2543 redierunt.
1531 2485 1646 2540 Non
1674 2485 2045 2554 illorum-pru-

464 2589 644 2644 dentia
671 2594 874 2640 tantum
915 2579 1224 2637 admiranda
1252 2587 1336 2634 est
1356 2620 1369 2644 ,
1400 2577 1540 2646 quod
1557 2575 1730 2645 signis
1760 2589 1864 2626 non
1909 2587 2046 2642 Opus

469 2677 784 2741 habuerint;
828 2674 922 2730 sed
951 2673 1110 2729 etiam
1149 2670 1292 2740 quod
1335 2670 1447 2723 sola
1477 2666 1715 2721 doctrina
1761 2664 1899 2732 capti
1944 2665 2050 2717 sint

469 2772 600 2838 (non
633 2767 883 2821 dixerunt
911 2764 1076 2824 enim.
1105 2762 1270 2816 Nemo
1300 2773 1550 2828 umquam
1577 2765 1722 2812 tanta
1748 2754 1921 2810 edidit
1948 2754 2047 2807 mi-

468 2860 648 2914 racula
673 2875 688 2921 ;
716 2857 809 2912 sed
835 2855 1002 2926 quid?
1039 2853 1205 2908 Nemo
1248 2867 1486 2922 umquam
1515 2850 1586 2904 sic
1628 2849 1864 2918 loquutus
1893 2844 2001 2916 est)
2034 2862 2047 2895 :

471 2967 578 3007 non
607 2966 792 3006 eorum
812 2963 942 3018 ergo
969 2945 1244 3017 prudentia
1269 2945 1439 2998 solum
1467 2940 1795 2996 admirabilis
1825 2948 1927 3003 est,
1957 2937 2048 2992 sed

469 3043 912 3115 etiam-loquendi
943 3042 1160 3097 libertas
1183 3082 1198 3106 ,
1246 3037 1386 3110 quod
1421 3038 1533 3091 lucc
1579 3036 1642 3090 iis
1669 3035 1758 3106 qui
1804 3048 1864 3088 se
1883 3033 2052 3087 mise-

471 3147 610 3202 runt,
637 3138 904 3202 dixerint;
931 3134 1070 3206 rpiod
1095 3131 1376 3188 l’harisieis
1399 3130 1570 3200 ipsum
1598 3125 2048 3198 impugnantibus,

469 3233 556 3302 qui
588 3229 687 3285 bac
711 3229 780 3284 de
807 3243 966 3283 causa
991 3227 1121 3281 nihil
1141 3239 1246 3279 non
1269 3222 1513 3294 agebant.
1546 3219 1795 3274 Venerunt
1814 3218 2048 3281 ministri,

470 3333 517 3374 et
543 3322 716 3375 dicunt
760 3326 831 3374 eis
875 3317 1160 3381 l’haristci,
1204 3315 1385 3380 Quare
1412 3330 1527 3366 non
1571 3311 1858 3365 adduxistis
1895 3309 2054 3364 cum?

471 3411 622 3478 Quod
653 3409 896 3463 venerint
922 3447 938 3473 ,
973 3408 1131 3475 longe
1163 3405 1334 3472 majus
1373 3403 1502 3467 luit,
1535 3417 1692 3469 quam
1733 3401 1777 3453 si
1811 3400 2056 3454 mansis-

475 3512 593 3556 sent
619 3519 632 3552 ι
662 3501 739 3552 sic
764 3499 978 3565 quidem
1015 3497 1226 3549 illorum
1263 3493 1505 3547 molestia
1537 3491 1744 3544 liberati
1791 3489 2052 3552 fuissent;

463 3590 567 3645 sed
599 3603 738 3642 nunc
767 3587 962 3641 Christi
989 3585 1263 3652 sapientia:
1294 3593 1412 3637 sunt
1439 3595 1734 3650 priceoues,
1769 3581 2055 3650 majorem-

476 3697 580 3750 quc
611 3679 867 3733 exhibent
917 3675 1186 3730 ﬁduciam.
1233 3673 1342 3728 Nec
1385 3673 1601 3735 dicunt,
1631 3671 1745 3725 Non
1790 3673 2055 3742 potuimus

480 3778 698 3839 propter
719 3767 959 3831 turbam,
989 3781 1110 3836 qua:
1144 3765 1290 3818 illum
1323 3767 1470 3830 quasi
1511 3764 1822 3833 prophetam
1865 3763 2010 3816 audit
2037 3779 2054 3818 :

467 3841 572 3914 sed
601 3858 766 3928 quid?
795 3856 958 3911 Nemo
985 3872 1220 3922 umquam
1247 3855 1318 3909 sic
1345 3856 1578 3922 loquutus
1598 3864 1688 3908 est.
1721 3855 1879 3924 Atqui
1909 3865 2051 3924 poto—

478 3959 597 4004 rant
622 3951 762 4003 illam
787 3947 1183 4003 excusationem
1205 3946 1399 4002 allerre
1422 3963 1436 4002 :
1465 3945 1558 4000 sed
1585 3955 1789 4001 rectmn
1815 3946 2052 3999 animum

478 4059 602 4112 prae.
637 4057 696 4096 se
740 4041 932 4096 ferunt.
985 4040 1094 4095 llnc
1131 4039 1274 4094 enim
1320 4053 1424 4093 non
1471 4037 1845 4092 admirantium
1896 4037 2055 4092 modo

473 4145 583 4189 erat
617 4175 633 4199 ,
684 4133 776 4189 sed
827 4133 986 4188 etiam
1037 4133 1432 4187 criminantium
1487 4131 1626 4202 quod
1665 4147 1738 4186 se
1783 4131 1856 4186 ad
1909 4131 2055 4186 illum

466 4227 746 4296 .ligandum
787 4227 1076 4289 misissent,
1110 4240 1266 4295 quem
1302 4224 1478 4294 potius
1528 4224 1712 4280 audire
1741 4225 2054 4294 Oportebat.

474 4321 633 4390 Atqui
663 4335 766 4374 non
797 4319 1030 4390 longam,
1051 4319 1144 4373 sed
1175 4318 1389 4372 brevem
1410 4317 1689 4371 audierant
1713 4318 2053 4372 concionem.

475 4412 620 4466 Mens
644 4414 787 4466 enim
837 4411 1044 4466 sincera
1083 4427 1188 4464 non
1222 4409 1394 4478 loogis
1435 4425 1570 4478 Opus
1600 4407 1763 4462 habet
1793 4409 2057 4461 sermoni-

475 4506 594 4559 bus.
623 4505 789 4559 'I‘anta
817 4515 897 4559 est
922 4503 1000 4556 ris
1023 4502 1276 4556 veritatis.
1299 4501 1434 4568 Quid
1457 4515 1585 4570 ergo
1605 4500 1855 4553 I'harisari
1881 4499 1903 4552 ?
1923 4499 2055 4552 Cum

472 4597 758 4666 compungi
805 4595 1167 4665 oportuisset,
1217 4594 1290 4646 illi
1320 4601 1505 4646 eontra
1536 4593 1614 4645 sie
1645 4593 1891 4644 incusant
1934 4606 2052 4653 cos,

473 4691 560 4742 47.
599 4687 866 4759 Numquid
890 4697 936 4741 et
967 4703 1050 4740 ros
1075 4685 1263 4739 seducti
1287 4685 1449 4736 estis?
1479 4683 1664 4737 Adhuc
1694 4684 2059 4747 blandiuntur,

475 4797 573 4836 nec
610 4783 817 4850 asperis
875 4789 1090 4834 utuntur
1143 4777 1358 4841 verbis,
1423 4777 1572 4830 reriti
1623 4794 1688 4830 ne
1728 4779 1946 4830 oninino
1999 4792 2058 4829 se

457 4872 786 4926 desererent
811 4889 827 4935 ;
859 4870 953 4924 sed
977 4870 1206 4923 iurarent
1238 4876 1409 4920 tmuen
1438 4867 1675 4920 iudicant
1703 4877 1758 4920 et
1793 4877 1949 4922 caute
1979 4867 2055 4920 lo-

462 4961 887 5035 -quuntur.-C~um
910 4963 1242 5031 oportuisset
1269 4961 1598 5028 intemigare
1641 4960 1767 5029 quid
1807 4961 2052 5022 dixisset,

474 5068 531 5112 et
549 5057 689 5111 dicta
710 5056 834 5125 ejus
854 5054 1104 5108 admirari
1133 5095 1148 5119 ,
1179 5053 1228 5107 id
1262 5068 1365 5106 non
1397 5051 1596 5105 faciunt
1619 5091 1632 5116 ,
1657 5051 1804 5120 gnari
1828 5066 1887 5104 se
1918 5051 2055 5105 haud

473 5149 634 5203 dubie
685 5157 900 5219 captum
945 5146 1047 5210 iri;
1096 5145 1190 5200 sed
1234 5143 1548 5198 stultissitlm
1583 5143 1700 5196 illus
1743 5151 2059 5211 argumento

474 5242 756 5308 impetum.
787 5239 874 5294 48.
909 5237 1030 5302 Cur,
1062 5236 1326 5307 inquiunt,
1349 5250 1495 5289 nemo
1519 5233 1918 5304 exprincipilius
1943 5249 2056 5286 cre-

472 5332 609 5386 didit
641 5333 692 5384 in
718 5347 828 5385 cuin
847 5332 872 5385 7
893 5330 1058 5393 Itane,
1077 5345 1278 5399 quzeso,
1305 5328 1574 5384 Christum
1600 5341 1839 5390 accusas,
1870 5335 1924 5381 et
1951 5341 2055 5380 non

475 5422 821 5476 incredulos?
847 5421 935 5478 49.
970 5421 1076 5476 Sed
1101 5419 1405 5490 tunba,rqua.’
1430 5436 1530 5472 non
1562 5419 1699 5472 norit
1721 5418 1878 5487 legem
1903 5458 1919 5483 ,
1944 5433 2057 5469 mu-

483 5517 654 5572 lctlicti
683 5525 820 5571 sunt.
872 5517 1005 5571 llinc
1033 5517 1201 5586 magis
1232 5515 1517 5569 accusandi
1555 5516 1701 5578 estis,
1728 5514 1870 5583 quod
1903 5513 2055 5568 turba

463 5608 724 5665 credente
777 5624 872 5665 vos
923 5605 1178 5662 increduli
1225 5607 1542 5660 manseritis.
1593 5607 1882 5676 Populares
1911 5608 2053 5663 enim

478 5709 532 5752 ut
553 5698 730 5768 legem
753 5712 1136 5766 cognoscentes
1179 5695 1403 5767 agebant
1435 5715 1446 5750 :
1479 5701 1746 5767 quomodo
1785 5717 1911 5772 ergo
1943 5719 2053 5756 ma-

2153 1285 2332 1341 ledicti
2365 1288 2527 1342 sunt?
2557 1288 2664 1344 Vos
2690 1290 2778 1361 qui
2809 1291 2977 1362 legem
3027 1308 3130 1348 non
3162 1297 3390 1350 serratis
3415 1339 3431 1363 ,
3462 1299 3729 1355 maledicti

2147 1377 2314 1442 estis;
2349 1394 2454 1430 non
2490 1379 2561 1432 illi
2589 1381 2678 1448 qui
2711 1381 2810 1450 legi
2858 1369 3242 1452 obchuunt-ur.
3293 1385 3408 1440 Non
3449 1392 3730 1458 Oportebat

2143 1465 2284 1519 enim
2312 1482 2339 1518 a
2368 1483 2472 1522 non
2508 1469 2848 1526 credentibus
2873 1473 3145 1528 criminari
3175 1491 3294 1530 eum
3319 1517 3333 1540 ,
3363 1477 3448 1532 cui
3478 1496 3580 1533 non
3609 1496 3730 1536 rre-

2145 1558 2358 1614 debant.
2456 1561 2572 1616 Non
2591 1563 2898 1632 probandus
2929 1565 3013 1620 hic
3043 1567 3233 1620 modus
3264 1578 3372 1625 est.
3398 1569 3530 1625 Nam
3557 1582 3609 1626 ct
3639 1589 3732 1626 res

2149 1667 2253 1706 non
2278 1653 2580 1710 credidistis
2613 1656 2737 1718 Deo,
2762 1666 2820 1710 ut
2855 1657 3046 1711 Paulus
3067 1659 3140 1711 ait
3175 1677 3188 1713 :
3227 1661 3361 1724 Quid
3402 1664 3536 1716 enim
3559 1665 3604 1717 si
3633 1682 3731 1718 non

2145 1746 2466 1800 crediderunt
2505 1746 2752 1815 quidam?
2803 1745 3066 1816 Numquid
3099 1750 3428 1804 incredulitas
3455 1770 3627 1807 eorum
3671 1758 3733 1821 [i-

2147 1839 2258 1891 dem
2281 1837 2377 1892 Dei
2398 1839 2652 1892 evacuabit
2673 1839 2698 1891 Ρ
2728 1840 2866 1894 Absit
2897 1840 3085 1909 (Rom.
3110 1843 3165 1896 3.
3194 1844 3272 1912 5).
3303 1843 3432 1898 Nam
3455 1848 3732 1916 prophetae

2147 1945 2359 1998 quoque
2409 1929 2553 1998 lpStlS
2599 1944 2812 2000 semper
2867 1932 3190 1987 accusabant
3241 1933 3504 2001 dicentes,
3552 1938 3732 1992 Audite

2150 2021 2405 2090 principes
2433 2020 2771 2075 Sodomorum
2792 2037 2812 2085 ,°
2831 2032 2905 2086 et,
2942 2021 3208 2093 Principes
3238 2027 3310 2078 tui
3337 2041 3436 2081 non
3480 2027 3732 2098 obtempe-

2148 2122 2264 2166 rant
2302 2111 2469 2182 (Isai.
2505 2114 2551 2167 l.
2593 2112 2676 2167 10.
2709 2122 2754 2167 et
2784 2113 2931 2184 ‘25);
2959 2129 3021 2168 ac
3049 2131 3278 2180 rursum,
3313 2117 3495 2172 Annon
3511 2129 3728 2174 vestrum

2148 2213 2217 2257 est
2239 2220 2383 2258 nosse
2399 2203 2690 2274 judicium(
2718 2204 2878 2258 Mich.
2899 2205 2952 2259 ὅ.
2989 2208 3010 2260 l
3040 2203 3092 2273 )2
3129 2208 3192 2262 Et
3215 2209 3410 2278 ubique
3442 2210 3723 2266 vehemen-

2153 2296 2256 2350 tius
2312 2296 2430 2351 illos
2469 2297 2756 2352 incessunt.
2797 2297 2932 2364 Quid
2983 2299 3181 2368 igitur?
3239 2301 3475 2358 Deumne
3525 2316 3731 2374 propte-

2152 2401 2239 2440 rea
2295 2386 2556 2457 qniSpiam
2597 2388 2912 2443 accusabit?
2950 2393 3164 2459 Apage;
3227 2391 3438 2447 illorum
3477 2394 3577 2449 boc
3629 2398 3733 2449 cri-

2151 2494 2272 2534 men
2299 2491 2398 2534 est.
2446 2481 2686 2546 Quonam
2731 2489 2910 2535 autem
2953 2480 3056 2534 alio
3083 2482 3236 2550 signo
3277 2484 3396 2552 quis
3432 2485 3732 2556 deprehen-

2154 2569 2282 2624 dere
2334 2571 2497 2639 possit
2537 2587 2630 2624 vos
2660 2586 2764 2625 non
2813 2587 3134 2642 cognosci-re
3181 2573 3350 2643 legem
3376 2615 3390 2636 ,
3444 2579 3586 2648 quod
3633 2595 3733 2632 non

2157 2661 2424 2715 credatis?
2471 2660 2600 2716 Cum
2653 2673 2830 2717 autem
2885 2664 3149 2720 dixissent
3198 2668 3468 2722 neminem
3538 2672 3733 2740 princi~

2163 2767 2284 2820 pum
2326 2752 2618 2807 credidisse
2648 2754 2698 2807 in
2741 2769 2862 2809 eum
2891 2796 2905 2820 ,
2961 2756 3053 2809 sed
3081 2772 3173 2812 eos
3199 2759 3287 2828 qui
3331 2759 3500 2830 legem
3531 2763 3734 2831 ignora-

2160 2843 2326 2909 bant,
2375 2845 2568 2900 merito
2613 2845 2730 2900 illos
2783 2847 2956 2917 arguit
3006 2847 3326 2905 Nieodemus
3361 2849 3444 2906 bis
3497 2853 3668 2907 Vt'l'bis
3723 2875 3732 2908 :

2161 2938 2249 2992 5|.
2281 2936 2553 3008 Numquid
2583 2937 2664 2992 lex
2693 2949 2867 2992 nostra
2911 2941 3107 3007 iudicat
3135 2943 3416 3010 hominem,
3448 2945 3548 2998 nisi
3570 2948 3736 2998 audic~

2159 3032 2224 3085 rit
2254 3031 2316 3084 ab
2344 3031 2454 3102 ipso
2475 3033 2666 3103 .prius.’
2693 3031 2932 3088 Ostendit
2963 3049 3058 3088 eos
3089 3049 3184 3090 nec
3207 3050 3386 3101 nosse,
3412 3053 3510 3092 nec
3531 3053 3737 3093 scrvare

2163 3123 2356 3193 legem.
2388 3123 2518 3178 Nam
2561 3124 2606 3178 si
2660 3125 2743 3179 lex
2787 3133 2931 3180 vetat
2986 3142 3306 3197 quemquam
3357 3129 3604 3193 interﬁci,
3645 3133 3738 3184 nisi

2164 3215 2308 3283 prius
2332 3214 2616 3280 audiatur;
2647 3216 2744 3286 ipsi
2777 3231 2901 3269 vero
2928 3225 3214 3286 antequam
3245 3217 3510 3285 audirent,
3543 3221 3594 3274 id
3623 3237 3732 3273 mo-

2163 3305 2426 3361 liebantur
2453 3325 2466 3360 :
2497 3317 2919 3377 transgressores
2967 3319 3090 3362 sunt
3122 3308 3269 3378 legis.
3321 3309 3384 3363 Et
3427 3311 3551 3380 quia
3599 3311 3739 3364 dice-

2161 3398 2290 3452 bant
2339 3399 2606 3454 neminem
2642 3398 2949 3469 principum
2999 3399 3290 3455 ρηιιιίάίεηε
3336 3400 3386 3454 in
3434 3417 3576 3463 eum.
3628 3401 3740 3456 ideo

2164 3491 2364 3545 indicat
2389 3493 2712 3561 evangelista
2751 3493 2920 3561 ipsum
2947 3507 3012 3547 ex
3040 3508 3224 3548 eorum
3257 3509 3478 3549 numero
3504 3511 3622 3550 esse
3644 3536 3660 3561 ,
3690 3504 3741 3550 ut

2162 3582 2406 3637 ostendat
2427 3584 2585 3637 etiam
2625 3584 2892 3653 principes
2923 3586 2974 3639 in
3015 3600 3136 3640 eum
3168 3587 3476 3643 credidisse.
3501 3588 3738 3644 Nondum

2162 3683 2343 3728 tamen
2388 3671 2437 3726 id
2470 3673 2764 3741 palam,rut
2803 3675 3100 3741 decuisset,
3143 3678 3499 3734 exbibuerant
3525 3695 3542 3734 :
3570 3691 3739 3736 erant-

2163 3779 2266 3835 que
2316 3764 2662 3821 nibilominus
2697 3767 2916 3823 Christo
2961 3769 3182 3826 addicti.
3220 3771 3352 3827 Vide
3381 3781 3557 3828 autem
3587 3791 3738 3842 quam

2165 3869 2326 3923 parce
2354 3855 2543 3926 arguit.
2575 3855 2688 3911 Non
2716 3857 2838 3912 dicit
2865 3859 3030 3925 enim,
3065 3860 3169 3916 Vos
3197 3873 3379 3917 autem
3407 3864 3564 3918 vultis
3592 3864 3733 3918 illum

2163 3947 2430 4014 occidere,
2462 3957 2747 4004 etltemerc
2765 3950 3146 4006 condemnatis
3187 3953 3458 4008 hominem
3492 3963 3549 4008 ut
3581 3955 3737 4010 sedu-

2167 4047 2388 4093 ctorem.
2429 4039 2624 4094 Verum
2655 4054 2756 4094 nou
2791 4040 2859 4094 ita
2891 4040 3042 4106 dixit,
3072 4042 3165 4097 sed
3205 4043 3530 4100 moderatius
3557 4045 3736 4117 ingen-

2163 4139 2267 4184 tem
2316 4130 2523 4186 illorum
2582 4132 2839 4200 impetum
2887 4133 3210 4200 cohibebat,
3268 4151 3472 4192 necnon
3532 4139 3740 4194 illorum

2162 4223 2662 4278 inconsiderantiam
2702 4235 2754 4279 et
2799 4226 3194 4295 sanguinarium
3235 4228 3492 4282 animum.
3530 4229 3650 4284 ldco
3691 4232 3740 4284 iu

2163 4317 2330 4386 legem
2381 4333 2682 4373 sermonem
2726 4319 3019 4383 coacertit,
3076 4320 3254 4389 aitque
3303 4338 3318 4374 :
3370 4319 3486 4374 Nisi
3531 4324 3742 4376 audierit

2161 4409 2450 4480 diligenter,
2475 4419 2522 4463 et
2547 4410 2832 4480 cognoverit
2859 4410 2982 4480 quid
3002 4411 3178 4481 faciat.
3209 4409 3392 4480 Itaque
3421 4426 3524 4466 non
3557 4413 3740 4468 audire

2163 4507 2366 4553 tantum
2404 4509 2649 4570 oportet,
2676 4501 2769 4555 sed
2800 4501 3083 4570 diligenter
3111 4502 3296 4557 audire
3343 4518 3357 4556 :
3389 4503 3438 4556 id
3469 4506 3613 4558 enim
3640 4505 3738 4558 sibi

2163 4592 2274 4645 vult
2301 4592 2448 4656 illud,
2477 4591 2544 4645 Et
2569 4595 2852 4663 cognoverit
2873 4595 2997 4664 quid
3031 4595 3202 4665 faciat,
3225 4596 3351 4665 quid
3383 4596 3526 4661 velit,
3561 4613 3744 4667 quare,

2160 4693 2215 4737 et
2239 4698 2395 4752 quam
2422 4699 2533 4738 rem
2579 4694 2823 4753 spectet,
2865 4700 2931 4739 an
2959 4686 3024 4740 ad
3072 4687 3377 4756 reipublicae
3416 4690 3744 4743 eversionem

2164 4776 2346 4830 tendat
2385 4785 2440 4830 ut
2471 4777 2733 4830 inimicus.
2769 4777 3081 4832 Dubitantes
3111 4794 3238 4848 ergo
3278 4795 3399 4834 cum
3445 4781 3741 4843 dixissent,

2162 4869 2430 4923 neminem
2463 4868 2762 4937 principum
2788 4869 2838 4922 in
2860 4869 3034 4937 ipsum
3057 4869 3302 4936 credere,
3329 4885 3427 4925 nec
3455 4870 3740 4925 vehentem

2163 4971 2244 5015 ter
2275 4974 2375 5014 nec
2397 4959 2621 5014 remisse
2647 4960 2698 5013 in
2730 4975 2852 5014 eum
2880 4959 3146 5014 inritatur.

2230 5054 2284 5108 2.
2315 5057 2569 5118 Qumnam
2615 5053 2731 5108 huic
2759 5056 3138 5124 consequentia
3159 5097 3176 5121 ,
3225 5056 3316 5110 illo
3353 5056 3567 5112 dicente
3593 5100 3606 5120 ,
3641 5055 3742 5110 Lex

2161 5156 2336 5200 nostra
2365 5162 2465 5199 non
2482 5146 2685 5217 judicat
2704 5162 3027 5215 quemquam,
3059 5148 3412 5216 respondere.
3445 5149 3534 5203 52.
3573 5147 3742 5201 Num-

2160 5237 2282 5306 quid
2303 5249 2352 5291 et
2376 5248 2426 5290 tu
2447 5254 2510 5291 ex
2531 5236 2745 5291 (inlitam
2766 5253 2816 5291 es
2832 5237 2858 5290 2
2881 5239 3010 5292 Cum
3039 5241 3366 5309 oportuisset
3389 5246 3530 5295 enim
3559 5252 3742 5294 osten-

2161 5328 2292 5384 dere
2334 5344 2394 5383 se
2421 5343 2526 5383 non
2561 5337 2761 5383 temere
2791 5343 2857 5383 eo
2889 5329 3099 5384 misisse
3137 5330 3224 5399 qui
3270 5330 3418 5384 illum
3473 5342 3738 5397 vocarent,

2162 5431 2211 5476 et
2247 5436 2351 5474 non
2385 5435 2520 5492 opus
2559 5434 2678 5474 esse
2709 5420 2882 5488 ipsum
2923 5419 3164 5490 alloqui,
3206 5423 3399 5478 acerbe
3445 5419 3743 5491 furioseque

2166 5521 2430 5582 reponunt
2453 5529 2467 5566 :
2496 5512 2738 5566 Scrutare
2758 5521 2804 5565 et
2831 5511 2944 5564 vide
2967 5550 2980 5574 ,
3003 5511 3126 5580 quia
3157 5527 3221 5566 ea;
3256 5512 3472 5566 Calihea
3499 5513 3742 5583 propheta

2163 5625 2263 5662 non
2313 5607 2492 5677 surgit.
2519 5605 2656 5672 Quid
2701 5604 2842 5660 enim
2889 5603 3025 5657 dixit
3073 5603 3234 5658 homo
3274 5605 3406 5659 ille?
3435 5621 3559 5660 num
3603 5605 3739 5673 quod

2131 5725 2149 5737 ο
2165 5698 2418 5770 propheta
2464 5695 2645 5754 esset?
2691 5695 2870 5763 Dixit,
2903 5707 3008 5750 non
3054 5693 3348 5764 judicatqu
3401 5712 3504 5753 non
3574 5696 3740 5754 occidi
