4070 6214
386 240 486 297 289

378 361 646 424 oportere.
672 350 752 406 llli
781 363 908 405 vero
936 345 1325 404 contumeliose
1348 384 1366 412 ,
1397 359 1459 400 ac
1488 343 1537 399 si
1563 342 1952 412 Scripturarum

375 459 595 516 prorsus
619 445 832 514 ignarus
857 448 1022 507 esset,
1050 438 1166 493 inec
1191 444 1476 508 reponunt,
1504 449 1568 491 ac
1596 436 1642 490 si
1673 434 1950 489 dicerent:

384 536 544 600 Vade,
573 535 754 599 disce;
783 533 836 589 id
855 533 998 589 enim
1022 531 1124 588 sibi
1151 530 1263 586 vult
1295 529 1446 596 illud,
1478 529 1720 583 Scrutare
1747 535 1792 582 et
1820 526 1948 580 uide.

373 626 512 693 Quid
551 640 681 696 ergo
731 623 1012 682 Christus?
1049 622 1180 691 Quia
1227 620 1504 677 Calilmam
1545 629 1600 674 et
1636 619 1950 690 prapltetam

373 736 592 792 semper
618 721 672 776 in
708 735 803 777 ore
830 719 1119 775 versabant
1149 760 1163 783 ,
1193 731 1385 773 omnes
1404 715 1473 770 ab
1504 713 1679 770 aliena
1700 711 1951 783 opinione

373 825 682 876 removens,
712 819 766 866 et
789 810 1079 867 ostendens
1099 824 1161 865 se
1178 823 1281 862 non
1297 821 1418 863 esse
1441 820 1608 859 unum
1625 819 1690 857 ex
1718 800 1949 872 prophe-

369 904 468 969 tis,
498 903 592 958 sed
617 903 796 958 mundi
823 904 1109 957 Dominum
1129 942 1145 965 ,
1167 901 1242 955 ait
1262 899 1412 971 (Cap.
1438 897 1508 966 8)
1542 914 1556 951 :
1590 895 1676 949 12.
1705 893 1817 964 Ego
1839 909 1948 946 sum

367 996 465 1049 lux
489 994 669 1048 mundi
689 993 790 1066 (ο).
814 994 928 1049 Non
956 992 1195 1049 Galiltea:
1213 1033 1229 1054 ,
1261 1005 1366 1045 non
1391 987 1705 1051 Palaestimr,
1731 1000 1836 1040 non
1853 983 1951 1039 Ju-

364 1084 523 1140 da'ar.
549 1083 686 1152 Quid
709 1099 868 1154 porro
893 1082 1106 1139 Judzni?
1131 1083 1219 1140 15.
1245 1081 1331 1136 Tu
1349 1080 1416 1134 de
1439 1080 1597 1148 teipse
1616 1076 1950 1130 testimonium

369 1178 628 1249 perhibes,
674 1178 1010 1232 testimonium
1057 1188 1200 1232 tuum
1225 1191 1396 1230 rerum
1426 1190 1524 1228 non
1568 1181 1659 1226 est.
1689 1173 1734 1226 0
1777 1169 1951 1225 stulti-

367 1269 542 1322 tiam?
569 1267 651 1323 Ad
684 1267 989 1338 Scripturas
1016 1267 1135 1323 illus
1177 1279 1392 1335 semper
1429 1263 1622 1326 mittit,
1652 1271 1706 1316 et
1743 1260 1946 1326 dicunt,

365 1355 454 1411 Tu
480 1359 816 1412 testimonium
842 1360 1069 1428 perhibes
1103 1357 1166 1412 de
1190 1357 1363 1426 teipse.
1390 1354 1541 1420 Quod
1567 1364 1742 1408 autem
1773 1352 1952 1423 perhi-

365 1446 488 1502 buit
535 1449 932 1505 testimonium?
988 1448 1098 1518 Ego
1146 1464 1260 1502 sum
1309 1448 1400 1500 tua:
1463 1446 1660 1498 mundi.
1707 1444 1948 1514 Magnum

363 1539 599 1607 dictum,
623 1541 803 1611 utique
831 1555 1100 1610 magnum.
1132 1538 1239 1595 Sed
1263 1553 1367 1592 non
1392 1537 1544 1593 valde
1571 1537 1692 1592 illos
1719 1535 1951 1606 exagita-

368 1631 456 1684 vit
483 1671 498 1694 ,
529 1631 658 1699 quia
702 1644 804 1685 nec
825 1645 888 1684 se
906 1629 1017 1698 jam
1046 1628 1303 1700 aequalem
1328 1627 1470 1683 Patri
1497 1626 1711 1683 dicebat
1731 1667 1746 1692 ,
1774 1641 1874 1681 nec
1892 1640 1950 1681 se

366 1719 574 1776 Filium
598 1719 719 1790 ejus
735 1734 858 1775 esse
884 1719 966 1775 rel
1012 1720 1198 1778 Deum.
1225 1717 1318 1773 sed
1359 1718 1530 1772 lucem
1563 1726 1787 1771 tantum.
1816 1715 1946 1770 Illud

364 1825 592 1880 quoque
635 1817 812 1865 tamen
855 1818 1094 1865 evertere
1135 1808 1381 1863 volebant
1410 1823 1424 1860 :
1452 1822 1572 1861 nam
1602 1807 1771 1876 majus
1820 1805 1945 1860 illud

364 1910 511 1967 erat,
543 1908 702 1973 quam
731 1901 932 1967 dicere,
960 1901 1060 1968 Qui
1084 1902 1307 1970 sequitur
1343 1916 1444 1965 me,
1470 1916 1570 1953 non
1591 1897 1864 1954 ambulabit
1891 1900 1945 1954 iu

365 1995 608 2049 tenebris.
641 1994 834 2050 Lucem
861 2003 917 2048 et
943 1993 1188 2048 tenebras
1207 1993 1512 2063 spirituales
1525 1992 1654 2047 dicit
1673 2008 1688 2057 ;
1718 1996 1819 2048 hoc
1837 2001 1941 2059 est,

360 2083 484 2140 Non
513 2094 692 2140 manet
713 2086 978 2140 inerrare.
1005 2084 1101 2139 llic
1125 2084 1469 2139 Nicodemum
1492 2084 1658 2139 allicit
1687 2093 1741 2139 et
1765 2083 1942 2153 erigit,

360 2187 552 2248 utpote
576 2178 665 2248 qui
695 2177 860 2233 libere
891 2177 1139 2248 loquutus
1160 2187 1321 2240 esset.
1347 2187 1509 2248 atque
1534 2177 1803 2232 ministros
1826 2177 1944 2230 lau-

357 2268 460 2324 dat
477 2267 618 2338 quod
649 2269 717 2322 ita
739 2283 797 2322 se
815 2267 1098 2337 gesserint.
1116 2266 1360 2322 Clamare
1385 2267 1528 2322 enim
1552 2266 1625 2340 (b)
1651 2267 1752 2321 hoc
1777 2267 1943 2337 signi-

359 2360 516 2428 ﬁcat,
559 2359 702 2431 quod
730 2359 955 2414 voluerit
997 2358 1116 2413 illos
1156 2359 1222 2413 ad
1263 2357 1584 2413 audiendum
1630 2357 1882 2414 inducere
1926 2372 1941 2410 :

359 2451 634 2521 simulque
679 2449 1018 2517 subiudicat,
1058 2449 1178 2504 illos
1223 2448 1358 2504 clam
1413 2447 1568 2504 dolos
1620 2457 1848 2513 struere,
1892 2449 1944 2503 in

359 2541 612 2598 tenebris
633 2556 826 2612 nempe
851 2550 905 2596 et
931 2542 982 2595 in
1012 2555 1199 2596 errore
1222 2580 1240 2607 ,
1269 2538 1366 2595 sed
1393 2540 1568 2596 lucem
1595 2554 1701 2594 non
1724 2554 1944 2610 supera-

361 2643 520 2689 turos
547 2647 689 2688 esse.
713 2633 888 2702 Atque
903 2630 1193 2686 Nicodemo
1214 2630 1266 2686 in
1287 2639 1521 2687 mentem
1547 2639 1764 2686 revocat
1781 2629 1941 2686 verba

360 2725 456 2781 illa
505 2740 624 2795 qua:
673 2739 842 2794 nuper
881 2722 1088 2779 dixerat
1119 2741 1133 2777 :
1167 2721 1348 2777 Omnis
1389 2723 1476 2793 qui
1516 2721 1652 2776 male
1682 2730 1940 2791 operatur,

359 2817 472 2873 odit
497 2818 680 2883 lucem,
708 2825 758 2870 et
778 2831 878 2871 nou
907 2817 1037 2870 venit
1061 2815 1129 2869 ad
1151 2816 1332 2879 lucem,
1363 2831 1427 2870 ne
1464 2831 1620 2884 apere
1646 2815 1758 2885 ejus
1779 2831 1944 2886 appa-

361 2888 711 2976 manuatus.
745 2906 796 2962 5.
825 2905 947 2976 20).
981 2905 1114 2973 Quia
1143 2903 1414 2970 dicebant,
1447 2905 1718 2961 neminem
1745 2905 1943 2974 princi-

361 3013 492 3067 pum
525 2997 578 3050 itt
599 3010 719 3050 eum
748 2994 1076 3058 credidisse;
1107 2995 1227 3049 ideo
1253 2995 1329 3048 ait
1351 3035 1368 3061 ,
1402 2993 1504 3061 Qui
1531 2995 1663 3048 male
1687 2995 1813 3062 agit,
1841 3011 1943 3048 non

361 3088 500 3144 venit
526 3086 593 3140 ad
628 3085 820 3150 lucem,
851 3084 1140 3140 ostendens
1178 3099 1284 3141 non
1323 3099 1393 3140 ex
1421 3085 1556 3140 lucis
1581 3083 1944 3139 imbecillitate

361 3178 499 3232 illud
544 3191 664 3232 esse
691 3216 706 3238 ,
736 3176 830 3231 sed
858 3192 926 3232 ex
968 3177 1178 3232 illorum
1207 3191 1455 3245 perversa
1487 3176 1779 3232 voluntate.
1830 3175 1943 3230 Re-

361 3265 680 3334 sponderunt
730 3275 778 3320 et
810 3266 1048 3320 dixerunt
1083 3266 1170 3320 ei:
1200 3264 1275 3318 Tu
1299 3265 1362 3318 de
1401 3266 1560 3335 teipse
1598 3266 1935 3321 testimonium

362 3357 618 3426 perhibes.
671 3357 807 3424 Quid
847 3357 1008 3428 igitur
1049 3357 1172 3413 ille?
1205 3357 1290 3412 Η.
1323 3355 1440 3410 Etsi
1483 3372 1574 3426 ego
1609 3357 1946 3412 testimonium

359 3447 604 3518 perhibeo
637 3448 701 3502 de
746 3450 955 3519 meipso,
1011 3449 1348 3506 testimonium
1393 3464 1556 3503 meum
1602 3464 1771 3503 verum
1818 3457 1890 3504 est
1925 3465 1946 3504 :

357 3538 489 3608 quia
510 3539 619 3594 scio
647 3537 780 3593 unde
804 3540 916 3593 ueni
932 3579 950 3606 ,
991 3549 1039 3594 et
1078 3555 1176 3610 quo
1203 3538 1332 3594 ratio
1350 3555 1370 3603 ,°
1397 3554 1482 3593 vos
1525 3546 1692 3594 autent
1739 3539 1942 3595 nescitis

359 3631 498 3685 auide
522 3632 683 3687 senio.
713 3630 863 3699 Quod
893 3631 1042 3700 prius
1059 3629 1285 3696 dixerat,
1314 3630 1416 3686 hoc
1441 3639 1718 3700 opponunt
1741 3630 1937 3700 Judazi,

361 3732 631 3793 tamquam
661 3721 926 3792 pracipue
944 3722 1165 3778 dictum.
1196 3721 1333 3791 Quid
1359 3737 1486 3793 ergo
1504 3722 1782 3779 Christus?
1810 3723 1939 3778 illud

360 3814 555 3870 evertit
604 3823 761 3884 atque
802 3814 1069 3883 ostendit,
1120 3829 1180 3870 se
1229 3815 1318 3871 illa
1364 3815 1654 3872 secundum
1704 3816 1940 3886 ipsorum

361 3905 668 3975 opinionem
695 3905 893 3962 dixisse
936 3907 1049 3974 eis,
1079 3907 1220 3978 quod
1267 3923 1387 3964 eum
1430 3908 1724 3979 simplicem
1767 3910 1945 3966 homi-

361 4011 484 4051 nem
514 4012 633 4052 esse
659 3997 1062 4061 arbitrarentur.
1089 3999 1271 4070 aitque
1299 4018 1312 4054 :
1336 3998 1448 4055 Etsi
1474 4017 1564 4072 ego
1604 4003 1938 4058 testimonium

363 4088 598 4153 peritich
621 4091 682 4144 de
706 4106 784 4144 ate
801 4091 932 4162 ipso,
955 4108 1122 4146 verum
1148 4102 1224 4148 est
1248 4094 1582 4148 testimonium
1608 4113 1792 4163 meum,
1820 4097 1938 4166 quia

359 4179 465 4233 scio
487 4179 618 4233 unde
649 4179 810 4235 uenio.
854 4180 990 4250 Quid
1019 4183 1121 4238 sibi
1152 4184 1264 4238 vult
1290 4184 1434 4239 hoc?
1477 4185 1553 4239 Ex
1585 4186 1696 4242 Deo
1715 4201 1857 4253 sum,
1885 4195 1938 4243 et

363 4267 522 4336 Dens,
552 4279 607 4326 et
637 4269 800 4326 Filius
826 4270 941 4328 Dei.
975 4273 1116 4330 Deus
1142 4274 1243 4329 sibi
1267 4274 1368 4330 ﬁde
1395 4275 1586 4346 dignus
1611 4278 1761 4331 testis
1797 4296 1811 4333 :
1842 4293 1938 4333 vos

361 4373 490 4413 vero
517 4376 622 4415 non
648 4361 819 4416 nostis
843 4377 858 4428 ;
884 4371 1077 4432 sponte
1100 4371 1274 4418 vestra
1293 4364 1524 4435 maligne
1542 4365 1718 4436 agitis,
1740 4377 1792 4422 et
1814 4382 1932 4422 cum

361 4448 546 4502 sciatis
569 4491 584 4513 ,
615 4451 823 4506 nescire
850 4451 1114 4507 simulatis
1151 4469 1167 4506 :
1195 4451 1287 4508 sed
1315 4453 1604 4509 secundum
1649 4454 1934 4512 humanam

360 4540 677 4595 sententiam
721 4540 1044 4611 loquimini,
1071 4542 1310 4614 nihilque
1353 4545 1585 4614 amplius
1634 4547 1936 4620 intelligere

362 4630 542 4696 vultis,
573 4646 736 4699 quam
761 4631 815 4688 id
839 4632 983 4704 quod
1003 4643 1244 4704 apparet.
1277 4634 1363 4691 15.
1404 4633 1507 4690 Vos
1525 4639 1803 4692 secundum
1829 4656 1936 4694 car-

251 4735 255 4739 '
361 4735 476 4773 nem
487 4721 755 4792 judicatis.
784 4722 858 4780 Ut
881 4723 1179 4780 secundum
1199 4739 1416 4782 carnem
1439 4727 1620 4783 vivere
1644 4768 1660 4794 ,
1690 4731 1830 4786 male
1857 4731 1937 4787 vi-

361 4823 486 4865 vere
511 4821 598 4868 est
628 4830 642 4866 :
673 4813 752 4869 sic
775 4814 1071 4870 secundum
1099 4830 1314 4872 carnem
1336 4816 1597 4888 judicare,
1621 4830 1703 4876 est
1734 4821 1934 4892 injuste

358 4897 612 4970 judicare.
642 4901 752 4974 Ego
793 4921 894 4960 non
903 4905 1084 4977 judico
1119 4923 1415 4979 quemquam
1441 4924 1461 4963 :
1484 4910 1569 4966 l6.
1597 4920 1645 4966 et
1669 4912 1717 4966 si
1730 4913 1933 4981 judico,

361 4988 605 5051 iudicium
639 5008 805 5046 meum
841 5010 1010 5050 verum
1039 5006 1132 5052 est.
1178 4995 1290 5053 Hoc
1307 5007 1410 5062 est,
1437 4996 1637 5069 lnjuste
1657 5001 1928 5070 judicatis.

363 5076 427 5132 Et
448 5080 492 5136 si
513 5080 711 5150 injuste
731 5081 1053 5153 iudicamus,
1079 5086 1344 5156 inquiunt,
1368 5102 1466 5144 cur
1487 5105 1590 5145 non
1617 5091 1933 5164 redarguis?

359 5183 452 5225 cur
479 5187 585 5227 non
623 5174 895 5245 castigas?
919 5192 1016 5232 cur
1044 5193 1148 5234 non
1176 5181 1502 5237 condemnas
1521 5185 1546 5236 ἰ
1564 5183 1699 5252 Quia
1727 5201 1835 5242 non
1863 5191 1931 5246 ad

359 5260 458 5318 hoc
488 5265 650 5332 veni,
678 5265 866 5337 inquit.
911 5267 967 5324 ld
1008 5271 1153 5326 enim
1199 5271 1464 5342 signiﬁcat
1492 5273 1658 5329 illud:
1690 5275 1801 5347 Ego
1829 5295 1931 5334 non

420 5455 493 5524 (tt)
517 5453 603 5503 ttic
626 5460 774 5524 totam
805 5455 872 5524 de
904 5457 1114 5524 muliere
1148 5459 1199 5508 in
1234 5459 1476 5510 adulterio
1505 5461 1816 5524 deprehensa
1857 5466 1931 5517 hi-

358 5516 897 5584 Slttl"i§l[t-1W-Tltzrmiull
913 5517 1288 5584 Chrysostomus.

421 5575 491 5647 (b)
519 5564 660 5631 Illud,
682 5564 894 5650 clamare
910 5564 1547 5650 éémrri‘deturrresp’icere
1569 5585 1685 5635 illud
1717 5600 1819 5650 cap.
1849 5601 1932 5641 se-

358 5637 486 5695 ptimi
506 5635 831 5698 przwedcntis
854 5651 898 5687 ν.
923 5641 1001 5700 37,
1026 5635 1071 5693 et
1093 5643 1331 5694 chuuabat
1348 5635 1531 5696 dicens.

1369 261 1374 264 -
1489 227 1554 284 lN
1591 224 1900 284 lOANNEM
1941 221 2172 280 IlOMlL.
2212 223 2317 282 ιιι.
2351 227 2419 285 al.
2460 229 2542 289 ιι.

2059 337 2232 406 iudico
2259 357 2556 414 quemquam
2581 364 2600 400 :
2623 355 2671 402 et
2695 347 2739 401 si
2753 349 2952 419 judico,
2973 351 3225 423 judicium
3262 373 3426 415 utrum
3471 379 3639 421 vertunt

2058 440 2148 484 est.
2179 431 2312 490 Nam
2337 435 2383 490 si
2401 435 2646 506 judicare
2683 441 2899 511 vellem,
2921 460 2988 501 ex
3012 446 3387 508 damnatorum
3417 471 3657 516 numera-

2057 525 2253 624 essetis
2483 545 2614 624 vero
2641 548 2748 591 non
2773 535 3019 606 judicans
3044 539 3166 596 dice
3191 584 3206 610 ,
3235 544 3424 616 inquit.
3451 549 3638 624 Neque

2055 613 2182 706 ideo
2203 615 2330 680 dixi,
2363 618 2480 676 Non
2500 621 2746 692 judicans
2775 627 2920 694 dico,
2942 631 3087 701 quod
3118 649 3229 690 non
3265 613 3446 706 ﬁdam,
3477 613 3566 698 me
3591 645 3635 699 si

2051 705 2312 802 judiccm,
2338 725 2435 766 vos
2457 726 2576 770 esse
2600 725 2878 786 capturum
2907 722 3052 794 (nam
3079 725 3124 780 si
3150 705 3468 798 judicarem,
3492 732 3636 802 juste

2057 811 2152 887 vos
2177 799 2632 876 condemnarem)
2667 825 2682 862 :
2721 816 2778 862 at
2797 825 2936 866 nunc
2959 821 3166 885 tempus
3188 817 3375 887 jndicii
3402 799 3506 878 non
3527 833 3632 880 est.

2056 886 2316 982 liuturum
2365 908 2578 966 quoque
2618 897 2875 966 judicium
2921 886 3256 976 subiudicat,
3311 925 3434 968 cum
3482 913 3632 982 dicit,

2062 980 2196 1048 Quia
2221 983 2360 1039 solus
2390 1001 2491 1040 non
2528 1003 2662 1054 sum,
2689 992 2782 1044 sed
2800 1009 2890 1063 ego
2914 1006 2960 1049 et
2977 997 3066 1065 qui
3083 999 3217 1053 misit
3236 1017 3314 1055 me
3338 1001 3514 1058 Pater.
3538 980 3634 1062 [lie

2059 1084 2222 1139 porro
2251 1073 2441 1142 innuit,
2473 1091 2576 1132 non
2593 1092 2652 1134 se
2679 1081 2851 1136 solum
2874 1083 3018 1154 ipsos
3041 1086 3320 1158 damnare,
3340 1095 3434 1150 sed
3463 1096 3631 1151 etiam»

2055 1161 2290 1218 Patrem.
2338 1166 2541 1222 Deinde
2589 1169 2690 1226 hoc
2722 1172 2824 1228 sub
2855 1175 3039 1231 umbra
3092 1179 3317 1249 quadam
3371 1183 3523 1253 dixit,
3577 1188 3630 1243 in

2055 1253 2132 1308 rei
2166 1256 2526 1313 testimonium
2571 1260 2833 1319 inducens
2874 1283 2887 1319 :
2931 1267 3018 1322 Π.
3050 1267 3116 1322 In
3145 1271 3252 1341 lege
3277 1283 3442 1328 autent
3467 1287 3630 1332 uestra

2055 1349 2299 1417 scriptum
2326 1359 2418 1418 est,
2438 1351 2655 1406 duarum
2686 1355 2948 1412 hominum
2966 1361 3297 1418 testimonium
3321 1382 3497 1422 verum
3507 1385 3632 1426 esse.

2150 1437 2203 1495 '5.
2239 1437 2604 1497 Ha'reticorum
2631 1445 2864 1512 obiectio.
2885 1479 2959 1491 --
2977 1453 3112 1518 Quid
3139 1453 3223 1509 hic
3251 1455 3483 1513 dixerint
3520 1460 3630 1515 Ine-

2055 1529 2248 1586 retici?
2289 1532 2425 1600 Quid
2461 1535 2602 1605 plus
2647 1537 2873 1605 habeat,
2918 1557 3076 1612 quam
3138 1544 3399 1613 homines,
3440 1551 3484 1606 si
3530 1552 3633 1609 hoc

2054 1620 2256 1677 dictum
2293 1624 2608 1693 simpliciter
2631 1628 2996 1699 accipiamus?
3022 1634 3178 1704 Apud
3219 1637 3461 1696 homines
3490 1645 3633 1700 enim

2053 1709 2176 1765 ideo
2212 1710 2311 1767 hoc
2354 1721 2612 1773 statutum
2667 1717 2800 1788 fuit,
2835 1722 2958 1790 quia
3011 1738 3169 1781 nemo
3205 1729 3353 1783 solus
3393 1741 3476 1787 est
3528 1734 3633 1790 tide

2050 1801 2240 1872 dignus
2269 1823 2281 1859 :
2314 1806 2454 1875 apud
2483 1807 2652 1863 Deum
2677 1820 2857 1867 autem
2884 1815 3154 1883 quomodo
3194 1817 3297 1873 hoc
3339 1830 3484 1878 stare
3526 1838 3627 1893 po-

2051 1893 2247 1948 tuerit?
2272 1893 2378 1951 Cnr
2397 1894 2599 1952 dictum
2620 1907 2702 1955 est
2721 1941 2738 1968 ,
2779 1901 2940 1957 Duo?
2969 1919 3094 1959 num
3142 1907 3267 1976 quia
3305 1909 3411 1965 duo
3457 1923 3584 1968 sunt
3613 1957 3626 1978 ,

2048 1984 2130 2040 vel
2147 1986 2267 2055 quia
2291 1986 2532 2044 homines
2544 2000 2692 2058 sunt,
2704 1992 2825 2047 ideo
2837 2002 2963 2050 sunt
2976 1993 3086 2050 duo
3099 1999 3122 2052 ?
3149 1997 3204 2053 Si
3218 1999 3338 2068 quia
3362 2001 3466 2057 duo
3481 2016 3626 2072 sunt,

2048 2091 2145 2132 cur
2169 2094 2274 2133 non
2294 2080 2529 2152 confugit
2547 2081 2614 2137 ad
2633 2082 2916 2152 Joannem,
2945 2102 3045 2144 nec
3069 2088 3223 2156 dixit,
3242 2091 3628 2152 Testimonium

2049 2185 2150 2241 ego
2193 2170 2453 2241 perltibeo
2497 2172 2565 2230 de
2619 2175 2863 2246 meipso,
2913 2179 3164 2248 perhibet
3189 2197 3400 2255 quoque
3427 2187 3494 2241 de
3543 2203 3631 2244 me

2049 2259 2281 2318 Joannes
2295 2262 2323 2314 ?
2344 2277 2438 2318 cur
2459 2278 2568 2320 non
2586 2264 2651 2319 ad
2673 2267 2956 2337 angelum?
2977 2283 3074 2325 cur
3093 2287 3200 2327 non
3221 2273 3286 2328 ad
3309 2277 3633 2346 prophetas?

2052 2366 2172 2405 nam
2215 2361 2466 2409 sexcenta
2513 2355 2616 2413 alia
2645 2356 2886 2427 proferre
2913 2371 3118 2429 poterat
3143 2365 3467 2423 testimonia.
3515 2368 3624 2424 Sed

2051 2458 2158 2499 non
2186 2443 2287 2502 hoc
2325 2453 2528 2500 tantum
2557 2448 2668 2503 vult
2696 2449 3020 2520 signiﬁcare,
3045 2454 3187 2523 quod
3221 2455 3326 2512 duo
3353 2459 3496 2524 sint;
3531 2461 3630 2515 sed

2049 2535 2209 2590 etiam
2229 2535 2368 2606 quod
2394 2551 2462 2592 ex
2492 2537 2680 2594 eadem
2717 2541 2828 2596 sint
2850 2542 3165 2600 susbtantia.
3200 2546 3287 2602 l9.
3312 2547 3498 2604 Dicunt
3525 2551 3571 2604 ei
3607 2568 3628 2605 :

2052 2625 2176 2692 Quis
2217 2635 2292 2681 est
2334 2626 2492 2683 Pater
2540 2632 2704 2686 tuus?
2741 2629 3021 2702 Respondit
3061 2634 3213 2691 Iesus
3245 2652 3264 2691 :
3311 2636 3489 2708 Neque
3550 2657 3629 2696 me

2046 2716 2201 2784 scitis,
2231 2734 2389 2788 neque
2424 2719 2636 2776 Patrem
2661 2739 2848 2780 meum.
2895 2725 3026 2781 Cum
3055 2729 3201 2784 enim
3229 2729 3465 2788 scientes
3494 2740 3629 2790 tant.-

2045 2824 2204 2880 quam
2234 2810 2388 2868 inscii
2419 2813 2848 2887 interrogarent,
2878 2823 3030 2890 quasi
3076 2830 3341 2880 tentantes
3361 2841 3483 2882 eum
3503 2870 3518 2896 ,
3561 2845 3632 2885 ne

2047 2903 2396 2968 responsione
2462 2905 2678 2974 quidem
2743 2908 2864 2965 illos
2915 2910 3184 2982 dignatur.
3247 2916 3373 2974 ldeo
3432 2921 3643 2978 clarius

2046 2988 2301 3082 deinceps
2327 2992 2654 3065 liberiusque
2679 2995 2936 3068 loquitur,
2965 3011 3124 3072 atque
3150 3019 3214 3060 ex
3260 3009 3426 3077 signis
3455 3027 3627 3082 exque

2049 3078 2292 3135 doctrina
2341 3086 2678 3152 sequentium
2721 3101 2782 3142 se
2827 3091 3187 3148 testimonium
3229 3098 3460 3167 accipit,
3485 3078 3645 3171 quod.

2045 3169 2156 3238 jam
2178 3171 2352 3227 crucis
2378 3180 2588 3244 tempus
2632 3175 2957 3234 immineret.
2981 3180 3122 3248 Scio,
3151 3181 3353 3253 inquit,
3384 3169 3519 3243 unde
3541 3204 3626 3244 ve-

2056 3261 2237 3317 nerint.
2265 3262 2414 3331 Quod
2441 3264 2559 3321 illos
2586 3281 2692 3322 non
2716 3267 2871 3325 valde
2900 3272 3108 3336 movit;
3139 3288 3260 3331 cum
3286 3278 3491 3334 addidit
3529 3296 3625 3336 an-

2050 3361 2160 3408 tem
2183 3393 2200 3420 ,
2235 3354 2347 3422 Quo
2367 3372 2457 3428 ego
2497 3358 2644 3425 uado,
2673 3359 2842 3430 magis
2870 3361 2991 3418 illos
3015 3366 3309 3437 exterruit,
3340 3371 3488 3440 quasi
3515 3388 3639 3430 non.

2048 3453 2193 3501 esset
2241 3445 2295 3501 in
2345 3455 2520 3505 morte
2568 3463 2968 3520 permansuros.
3011 3453 3118 3512 Sed
3160 3471 3256 3514 cur
3304 3476 3413 3516 non
3450 3462 3622 3532 dixit,

2048 3533 2190 3592 Deus
2230 3549 2386 3605 sum;
2432 3538 2527 3594 sed
2552 3581 2567 3606 ,
2609 3539 2732 3597 Scio
2769 3544 2904 3599 unde
2934 3545 3117 3601 uenio?
3155 3547 3378 3621 Semper
3406 3550 3645 3615 humilia.

2042 3625 2358 3683 sublimibus
2383 3628 2662 3698 admiscet,
2695 3641 2748 3689 et
2777 3633 2892 3690 hac
2911 3637 3071 3693 etiam
3107 3640 3462 3700 suboecultat.
3489 3646 3622 3705 Cum

2043 3715 2269 3809 dixisset
2293 3721 2463 3789 enim,
2504 3722 2616 3795 Ego
2663 3727 2999 3783 testimonium
3037 3732 3272 3801 perlaibeo
3312 3737 3377 3791 de
3410 3739 3640 3809 Μάρσον

2043 3808 2202 3880 idque
2227 3813 2586 3883 ostendisset,
2625 3815 2692 3871 ad
2720 3815 3000 3875 humiliora
3021 3823 3202 3889 venit;
3226 3839 3289 3880 ac
3313 3825 3358 3881 si
3377 3808 3634 3896 dixisset,

2039 3901 2164 3958 Scio
2187 3919 2217 3960 a
2241 3920 2348 3975 quo
2372 3906 2568 3961 missus
2612 3908 2738 3975 sim,
2782 3921 2838 3965 et
2864 3911 2930 3965 ad
2957 3927 3116 3981 quem
3148 3916 3360 3972 vadam.
3390 3919 3480 3974 Sic
3516 3936 3635 3978 non.

2043 4002 2290 4062 poterant
2312 3996 2704 4064 contradicere,
2725 4013 2846 4054 cum
2874 4001 3155 4071 audirent,
3194 4006 3263 4061 ab
3300 4022 3369 4061 eo
3400 4011 3618 4068 missum

2041 4097 2181 4150 esse,
2211 4094 2267 4141 et
2287 4085 2353 4140 ad
2384 4101 2506 4141 eum
2535 4088 2750 4142 reverti.
2774 4088 2914 4145 Nihil
2941 4093 3084 4148 enim
3103 4133 3119 4159 ,
3153 4093 3361 4165 inquit,
3393 4097 3509 4155 falsi
3541 4099 3619 4155 lo-

2041 4182 2237 4242 quutus
2276 4188 2417 4229 smn.
2460 4174 2586 4230 lude
2629 4177 2785 4243 veni,
2831 4179 2954 4236 illuc
2999 4183 3263 4254 remigro,
3315 4186 3381 4242 ad
3432 4203 3618 4248 verum

2043 4266 2231 4322 Deum.
2257 4264 2364 4320 Vos
2389 4273 2567 4321 autem
2601 4267 2768 4323 Deum
2793 4286 2896 4326 non
2925 4273 3093 4329 nostis
3123 4293 3139 4330 :
3182 4275 3303 4332 ideo
3325 4281 3618 4340 secundum

2041 4373 2257 4414 carnem
2279 4357 2552 4428 judicatis.
2584 4358 2716 4414 Nam
2751 4371 2871 4431 post
2913 4371 2992 4418 tot
3017 4365 3196 4421 audita
3233 4368 3423 4424 indicia
3453 4381 3510 4426 et
3533 4390 3614 4427 ar.

2041 4461 2292 4522 gumenta
2322 4450 2500 4505 adhuc
2543 4451 2756 4519 dicitis,
2813 4452 2934 4508 Non
2958 4467 3032 4510 cst
3062 4473 3205 4514 verus
3241 4475 3260 4513 :
3307 4470 3369 4516 ct-
3402 4461 3616 4533 Moysen
3654 4511 3659 4522 ,

2042 4540 2146 4597 ﬁde
2168 4541 2384 4612 dignum
2411 4544 2627 4612 putatis,
2654 4551 2716 4598 et-
2745 4543 2813 4600 de
2849 4545 2968 4602 aliis
2994 4557 3050 4603 et
3081 4547 3150 4605 de
3181 4565 3242 4606 se
3275 4550 3614 4622 loquentem;
3651 4597 3657 4610 .

2040 4630 2309 4687 Christum
2337 4647 2466 4688 vero
2491 4649 2597 4690 non
2634 4636 2780 4691 ite.
2810 4636 2924 4694 Hoc
2968 4649 3053 4694 est
3076 4641 3370 4697 secundum
3399 4657 3615 4700 carnem
3649 4675 3655 4698 ς

2034 4722 2297 4794 judicare.
2315 4725 2423 4796 Ego
2435 4737 2598 4780 autem
2615 4730 2900 4800 nonjudico
2915 4748 3213 4803 quemquam
3227 4732 3407 4803 (Jama.
3426 4736 3480 4791 ὃ.
3497 4735 3614 4808 22).

2039 4814 2200 4885 Atqui
2228 4816 2389 4870 etiam
2420 4816 2584 4886 dicit,
2631 4817 2790 4874 Pater
2817 4822 3061 4875 nemiuem
3083 4823 3306 4893 judicat.
3359 4825 3465 4881 Cur
3489 4842 3616 4897 ergo

2040 4907 2128 4963 hic
2153 4906 2280 4964 dicit
2313 4926 2327 4963 :
2359 4907 2424 4962 Et
2459 4911 2505 4964 si
2529 4910 2748 4980 judico,
2786 4913 3040 4980 judicium
3076 4931 3239 4969 meum
3273 4918 3477 4986 iustum.
3503 4929 3614 4981 est.

2037 5001 2156 5070 quia
2181 5018 2282 5056 non
2309 5018 2421 5057 sum
2448 5004 2588 5058 solus
2608 5005 2634 5058 ?
2678 5004 2882 5059 Rursus
2925 5009 3216 5064 secundum
3259 5011 3470 5066 illorum
3503 5015 3616 5082 opi-

2038 5094 2251 5149 nionem
2300 5094 2554 5164 loquitur.
2601 5096 2714 5151 lloc
2756 5105 2878 5162 est,
2922 5096 3188 5154 Iudicium
3218 5115 3411 5157 meum
3444 5103 3618 5158 Patris

2037 5194 2163 5240 est:
2197 5200 2371 5256 neque
2411 5187 2568 5242 aliter
2613 5201 2770 5256 quam
2817 5202 2918 5258 ego
2970 5189 3128 5246 Pater
3159 5189 3418 5261 judicat,
3445 5209 3616 5264 neque

2039 5275 2196 5331 aliter
2219 5290 2343 5345 ego,
2367 5292 2525 5346 quam
2548 5277 2724 5332 Pater.
2746 5278 2857 5332 Cur
2880 5295 3007 5336 vero
3033 5281 3243 5337 Patrem
3270 5286 3616 5341 memoravit?

2037 5366 2152 5423 Non
2200 5367 2462 5438 putabant
2501 5367 2588 5422 illi
2614 5359 2718 5424 ii'de
2750 5369 2968 5441 dignum
3013 5373 3243 5439 Filium,
3295 5375 3398 5430 nisi
3445 5375 3617 5432 Patris

2039 5458 2403 5514 testimonium
2430 5458 2728 5528 accepisset
2763 5478 2777 5514 :
2820 5461 3052 5532 alioquin
3103 5463 3302 5519 dictum
3339 5465 3478 5520 illud:
3509 5481 3617 5521 non

2039 5551 2297 5607 stetisset.
2327 5549 2479 5619 Apud
2506 5548 2754 5608 homines
2782 5553 2925 5608 enim
2959 5569 3079 5610 cum
3109 5554 3216 5610 duo
3239 5554 3308 5608 de
3336 5570 3396 5611 re
3441 5555 3620 5610 aliena

2042 5642 2414 5700 testimonium
2431 5641 2642 5710 ierunt,
2683 5651 2810 5704 tunc
2836 5647 3200 5704 testimonium
3225 5660 3408 5700 verum
3453 5645 3615 5703 hebe-
