4094 6204
518 250 614 305 '2"!

518 373 639 422 tnr;
675 359 780 418 hoc
812 368 895 417 est
921 358 1086 425 enim,
1132 355 1266 412 duos
1298 355 1661 410 testimonium
1711 354 1867 409 ferre.
1899 353 1953 408 Si
1996 354 2119 424 quis

518 469 643 507 vero
660 452 729 508 de
747 468 806 509 se
824 450 1187 509 testimonium
1214 449 1366 513 ferat,
1389 463 1493 502 non
1521 448 1631 517 jam
1653 460 1760 501 auo
1778 455 1943 501 testes
1960 453 2103 501 sunt.

586 544 820 601 Christus
860 563 913 603 se
942 543 1088 597 Patri
1139 540 1614 597 consubstantialem
1661 541 1896 594 ostendit.
1920 568 1993 580 —
2019 538 2105 593 Vi-

516 635 635 691 den‘
666 636 813 690 illum
846 652 949 690 non
977 634 1077 688 alia
1107 632 1179 688 de
1201 646 1363 688 causa
1396 632 1495 686 hoc
1524 630 1745 697 dixisse,
1784 630 1885 684 nisi
1926 639 1985 684 ut
2014 645 2106 684 os--

518 729 759 786 tenderet
788 743 847 783 se
869 724 1380 785 consubstantialem
1403 738 1542 787 esse,
1568 732 1621 777 et
1647 738 1741 792 per
1760 722 2104 791 semetipsum

516 824 710 877 deinde
739 837 850 875 non
875 835 1033 890 egere
1061 834 1119 872 se
1147 818 1254 872 alio
1286 816 1591 871 testimonio
1615 832 1629 881 ;
1665 824 1825 884 utque
1856 813 2106 882 probaret

518 930 576 969 se
619 914 753 969 nihil
811 913 987 967 minus
1042 909 1261 972 habere,
1318 923 1476 977 quant
1528 904 1935 961 Patrem?Vide
1977 919 2105 974 ergo

515 1008 909 1060 auctoritatem.
942 1004 1023 1057 l8.
1054 1001 1164 1072 Ego
1182 1000 1395 1071 suntqui
1418 998 1753 1052 testimonium
1780 994 2011 1066 perhibeo
2044 996 2105 1050 de

517 1098 708 1162 uieipso
734 1138 748 1160 ,
780 1105 825 1149 et
869 1093 1204 1147 testimonium
1236 1090 1458 1160 perhibet
1510 1088 1573 1141 de
1601 1103 1679 1141 me
1720 1086 1807 1156 qui
1853 1086 1986 1139 misit
2027 1101 2106 1140 me

523 1187 697 1243 Pater.
727 1186 847 1240 Non
873 1186 921 1239 id
950 1184 1217 1255 posuisset
1241 1182 1285 1235 si
1314 1180 1536 1235 titiuoris
1561 1178 1873 1234 substantia:
1895 1177 2101 1232 fuisset.

518 1279 722 1335 Deinde
743 1295 809 1332 ne
841 1277 1049 1331 nmneri
1072 1290 1229 1330 causa
1261 1274 1311 1328 id
1357 1274 1586 1342 positum
1618 1279 1771 1341 putes
1796 1313 1811 1339 ,
1852 1271 1972 1326 vide
2009 1285 2105 1342 po-

515 1380 760 1427 testatem
785 1370 836 1423 iu
864 1368 1009 1421 nullo
1030 1367 1322 1421 diversam.
1341 1364 1681 1418 Testiﬁcatur
1702 1363 1864 1417 homo
1882 1376 2002 1415 cum
2030 1376 2099 1416 es

513 1478 572 1515 se
604 1460 705 1513 lide
735 1459 924 1529 dignus
950 1466 1053 1523 est,
1083 1471 1187 1510 non
1219 1471 1340 1510 cum
1372 1455 1680 1509 testimonio
1706 1464 1822 1523 eget
1851 1470 1865 1517 ;
1896 1452 2105 1523 hocque

516 1555 566 1607 in
596 1553 772 1607 aliena
815 1566 912 1605 re:
946 1550 997 1603 in
1042 1564 1100 1603 re
1132 1562 1261 1602 vero
1311 1562 1405 1600 sua
1434 1562 1556 1600 cum
1602 1546 1909 1600 testimonio
1958 1554 2101 1615 eget,

513 1660 621 1698 non
644 1643 753 1713 jam
783 1650 868 1696 est
894 1640 997 1695 ﬁde
1020 1639 1230 1709 dignus.
1263 1638 1358 1692 llic
1386 1653 1515 1692 vero
1540 1648 1745 1691 contra.
1788 1636 1919 1691 Nam
1966 1639 2016 1691 in
2044 1652 2103 1691 re

514 1750 610 1790 sua
639 1733 950 1796 testiﬁcans,
981 1740 1035 1785 et
1055 1744 1113 1785 se
1137 1730 1358 1784 alterius
1390 1729 1751 1784 testimonium
1786 1729 1983 1784 habere
2008 1728 2097 1782 di-

515 1840 664 1891 cens,
691 1839 750 1879 se
772 1822 874 1877 lide
904 1822 1121 1892 dignum
1153 1835 1273 1875 csse
1293 1820 1441 1887 dicit,
1473 1819 1709 1890 undique
1733 1834 1882 1875 suam
1914 1830 2099 1874 osten-

516 1917 654 1973 dens
698 1914 1094 1969 auctoritatem.
1127 1910 1238 1967 Cur
1270 1912 1413 1967 enim
1458 1927 1579 1965 cum
1617 1910 1787 1977 dixit,
1833 1910 1954 1965 Non
1992 1928 2102 1965 sum

514 2008 672 2074 solus,
701 2006 790 2060 sed
814 2021 904 2075 ego
932 2014 979 2059 et
1004 2006 1088 2074 qui
1119 2003 1251 2057 misit
1274 2020 1353 2057 me
1378 2002 1535 2057 Pater
1557 2017 1577 2067 ,°
1604 2012 1656 2059 et
1678 2044 1693 2065 .
1727 2002 1958 2056 Duorum
2002 2004 2100 2057 Ito-

514 2099 707 2153 nn'num
736 2098 1071 2151 testimonium
1098 2110 1270 2149 verum
1288 2103 1359 2149 est
1382 2112 1401 2160 ;
1424 2109 1532 2150 non
1559 2096 1737 2156 tacuit,
1763 2094 1855 2149 sed
1884 2094 2098 2163 adjecit,

514 2189 629 2262 Ego
658 2207 768 2245 sum
795 2191 881 2262 qui
914 2189 1250 2243 testimonium
1276 2188 1513 2260 per/tibeo
1536 2189 1599 2243 de
1623 2188 1814 2258 meipso
1838 2189 1866 2242 3
1903 2190 2100 2243 Aucto-

514 2284 725 2338 ritatem
767 2283 949 2352 utique
988 2280 1385 2335 demonstrans.
1435 2280 1501 2334 Et
1538 2280 1709 2349 primo
1743 2279 1974 2349 seipsum
2003 2294 2097 2349 po-

514 2374 619 2428 suit
649 2392 662 2429 :
694 2372 803 2442 Ego
828 2389 938 2427 sum
963 2373 1046 2443 qui
1071 2372 1655 2443 testimonium-perhibeo
1682 2372 1747 2426 de
1770 2373 1978 2442 meipso.
2005 2372 2101 2427 llic

515 2480 642 2519 vero
668 2463 900 2519 ostendit
928 2478 987 2519 se
1031 2464 1236 2519 honore
1277 2478 1458 2533 parem
1489 2482 1510 2519 εα
1534 2464 1770 2533 nihilque
1819 2464 1922 2519 illis
1950 2464 2102 2534 pred-

514 2572 656 2623 esse,
676 2556 722 2611 si
749 2556 915 2612 Deum
944 2556 1153 2611 Patrem
1181 2569 1241 2611 se
1262 2569 1421 2610 nosse
1446 2554 1645 2619 dicant,
1675 2554 1801 2609 sise
1826 2554 2093 2624 ignorent,

512 2648 663 2720 cujus
687 2650 762 2705 rei
788 2663 1001 2703 causam
1031 2662 1150 2703 esse
1177 2646 1339 2711 dicit,
1390 2644 1537 2715 quod
1563 2660 1621 2701 se
1652 2660 1975 2715 cognoscere
2000 2660 2099 2701 ao-

514 2741 634 2797 lint.
667 2742 803 2796 Dicit
828 2755 958 2812 ergo
986 2755 1091 2794 non
1127 2753 1283 2809 posse
1328 2738 1541 2794 Patrem
1582 2738 1832 2807 cognosci
1876 2737 1992 2792 sine
2016 2740 2098 2793 sui

511 2832 815 2904 cognitione
838 2872 853 2897 ,
882 2840 941 2887 ut
970 2832 1049 2887 vel
1090 2832 1169 2885 sic
1189 2844 1283 2884 eos
1308 2829 1374 2883 ad
1402 2829 1481 2883 sui
1513 2828 1751 2883 notitiam
1781 2828 2097 2885 attraheret.

512 2924 647 2992 Quia
701 2924 882 2991 enim,
934 2923 1049 2993 ipso
1096 2923 1313 2986 relicto,
1363 2920 1575 2977 Patrem
1625 2934 1840 2990 semper
1895 2919 2101 2976 discere

508 3016 816 3086 qumrebant
839 3054 855 3081 ,
888 3015 962 3069 ait
991 3033 1003 3068 :
1060 3014 1181 3069 Non
1226 3013 1431 3085 potestis
1460 3027 1606 3066 nosse
1634 3010 1838 3065 Putrem
1860 3012 1967 3065 sine
1996 3027 2096 3067 me.

509 3106 690 3178 Itaque
719 3106 807 3177 qui
835 3105 891 3160 in
925 3104 1119 3161 Filium
1163 3103 1535 3174 blasphemaut
1562 3117 1667 3157 non
1699 3103 1749 3157 in
1779 3102 1949 3173 ipsum
1977 3111 2096 3157 tan-

509 3208 642 3265 tum,
673 3197 765 3253 sed
791 3207 844 3253 et
870 3198 921 3252 in
954 3196 1165 3253 Patrem
1194 3195 1580 3267 blasphemant.

578 3290 632 3345 4.
663 3288 789 3345 ηειξο
819 3305 915 3344 nos
942 3303 1246 3356 caveamus,
1272 3296 1326 3343 et
1358 3287 1548 3342 Filium
1575 3286 1936 3357 gloriﬁcamus
1964 3303 1977 3339 :
2007 3286 2095 3356 qui

508 3380 553 3437 si
585 3396 691 3437 non
720 3381 960 3451 ejusdem
985 3390 1130 3435 esset
1156 3390 1381 3444 naturae,
1406 3395 1511 3432 non
1545 3379 1613 3432 ita
1654 3379 1903 3448 loquutus
1933 3388 2095 3432 esset.

508 3473 663 3540 Quod
678 3474 726 3528 si
752 3482 957 3526 tantum
987 3471 1251 3536 docuerit,
1287 3470 1408 3525 licet
1436 3471 1659 3525 alterius
1682 3481 1826 3526 esset
1852 3466 2102 3525 substan-

510 3564 597 3620 tia:
618 3601 633 3627 ,
679 3572 858 3632 posset
884 3562 1146 3632 quispiam
1176 3573 1503 3631 cognoscere
1546 3562 1754 3616 Patrem
1779 3603 1795 3629 ,
1826 3571 1882 3616 et
1923 3562 2097 3631 ipsum

510 3654 805 3724 ignorare:
859 3666 1183 3722 rursumque
1226 3652 1313 3722 qui
1341 3652 1549 3706 Patrem
1584 3663 1793 3715 nosset,
1846 3666 1952 3706 non
1978 3652 2101 3708 ideo

512 3744 707 3799 Filium
737 3752 1102 3814 cognosceret.
1130 3742 1313 3813 Neque
1339 3742 1478 3797 enim
1505 3743 1593 3813 qui
1618 3744 1764 3798 novit
1791 3742 2061 3798 hominem
2079 3784 2096 3811 ,

511 3836 659 3891 novit
683 3836 845 3891 etiam
888 3834 1158 3905 angelum.
1213 3833 1324 3889 lmo
1350 3876 1365 3901 ,
1396 3835 1637 3905 inquies;
1672 3852 1793 3889 nam
1823 3836 1910 3904 qui
1954 3836 2101 3890 novit

508 3935 805 3981 creaturam
834 3967 849 3991 ,
885 3926 1029 3980 novit
1054 3934 1108 3981 et
1133 3925 1319 3983 Deum.
1350 3925 1585 3982 Minime.
1619 3926 1768 3981 Multi
1814 3926 1957 3981 enim
1998 3941 2098 3980 no-

510 4026 632 4073 runt
658 4029 956 4073 creaturam
980 4058 993 4083 ,
1027 4017 1134 4074 imo
1164 4032 1354 4072 omnes
1380 4017 1623 4073 homines
1643 4060 1657 4083 ,
1703 4018 1791 4087 qui
1823 4016 2003 4071 vident
2031 4017 2096 4071 il-

508 4111 613 4167 lam
632 4151 647 4177 ,
689 4119 745 4166 et
774 4110 937 4165 Deum
967 4124 1072 4164 non
1114 4118 1327 4165 norunt.
1358 4108 1726 4165 Glosiﬁccmus
1754 4124 1881 4179 ergo
1905 4108 2095 4163 Filium

511 4202 639 4269 Dei,
688 4216 797 4256 non
824 4202 925 4257 hac
951 4200 1119 4273 gloria
1150 4212 1389 4269 tantum,
1438 4203 1533 4258 sed
1576 4204 1735 4259 etiam
1786 4218 1880 4274 per
1909 4216 2092 4273 opera.

1244 246 1297 300 S.
1342 243 1619 300 10.“le
1658 238 2133 297 CIIRYSOSTOMI
2173 239 2488 295 ARCIIIEP.
2531 240 3061 299 CONSTANTINOP.

3700 248 3806 303 ‘29!

2212 353 2339 408 ﬁne
2372 352 2469 407 hac
2502 354 2644 407 enim
2674 355 2871 424 gloria,
2903 355 2989 409 illa
3021 355 3150 411 nihil
3181 365 3280 411 est.
3326 354 3449 411 Vide
3476 366 3560 421 tu,
3594 359 3803 429 inquit,

2210 442 2427 497 Iudaeus
2456 446 2823 514 cognominaris
2842 488 2857 511 ,
2908 458 2953 499 et
2982 448 3032 499 in
3062 447 3170 517 lege
3197 448 3442 516 quiescis,
3477 459 3524 502 et
3568 451 3804 520 gloriaris

2212 536 2263 587 in
2296 533 2401 589 Deo
2433 536 2607 605 (Rom.
2646 536 2700 589 2.
2734 539 2844 604 l7).
2893 538 2994 602 Qui
3027 540 3184 593 alium
3223 541 3369 594 doces
3391 582 3408 609 ,
3444 542 3659 611 teipsnm
3704 562 3803 599 non

2212 626 2360 680 doces
2383 630 2397 657 ³
2418 628 2442 680 ?
2466 628 2622 697 quiin
2658 630 2764 700 lege
2789 630 3023 699 gloriaris
3043 672 3056 694 ,
3089 648 3176 701 per
3200 633 3325 702 legis
3353 638 3803 706 (mn-gressionem

2211 716 2374 771 Deum
2414 719 2686 772 inhonorus
2717 718 2876 789 (Ibid.
2923 736 2971 774 υ.
3011 721 3144 791 2|)?
3181 723 3307 779 Vide
3352 740 3420 778 ne
3464 741 3563 779 nos
3604 726 3702 795 ipsi
3748 728 3800 782 in

2211 818 2355 863 recta
2383 808 2485 862 ﬁde
2512 810 2831 878 gloriantes,
2862 811 3003 881 quod
3034 812 3195 866 vitam
3237 813 3355 869 ﬁdei
3384 826 3799 873 consmtaneam

2213 916 2318 954 non
2350 901 2718 966 exhibeamns,
2750 903 2915 957 Deum
2944 902 3323 959 inhonoremus
3343 947 3357 969 ,
3388 906 3514 961 dum
3556 908 3609 962 in
3644 923 3797 965 causa

2210 1004 2397 1045 sumus
2419 992 2558 1061 quod
2580 992 2998 1062 blasphemetur.
3028 993 3149 1048 Vult
3165 994 3413 1054 enimille
3432 996 3795 1056 Christianum

2209 1096 2330 1137 esse
2386 1081 2663 1137 doctorem
2713 1082 2893 1150 orbis,
2946 1085 3301 1153 fermentum,
3352 1087 3567 1156 lucem,
3610 1092 3791 1146 saleni.

2210 1174 2345 1242 Quid
2371 1184 2450 1229 est
2482 1175 2609 1229 lux?
2645 1174 2760 1231 Vita
2789 1176 3105 1247 Splendeus,
3148 1179 3277 1233 nihil
3306 1181 3522 1237 obscuri
3568 1184 3789 1240 habens.

2210 1267 2320 1322 Lux
2355 1282 2460 1323 non
2487 1269 2586 1322 sibi
2617 1268 2760 1323 utilis
2782 1277 2899 1335 est,
2930 1278 2985 1323 ut
3015 1284 3187 1341 neque
3214 1270 3330 1337 sal,
3352 1287 3529 1342 neque
3559 1273 3792 1331 fermen-

2211 1368 2318 1413 tum
2344 1401 2361 1427 ,
2388 1359 2482 1414 sed
2508 1361 2627 1414 aliis
2654 1359 2932 1415 utilitatem
2959 1359 3206 1415 alierum.
3235 1362 3306 1417 ita
3328 1376 3356 1415 a
3386 1364 3541 1418 nobis
3562 1380 3670 1420 non
3690 1369 3792 1422 titi-

2210 1450 2328 1504 litas
2353 1460 2553 1505 tanturn
2586 1460 2786 1519 nostra,
2814 1454 2907 1507 sed
2936 1462 2990 1507 ot
3015 1452 3238 1507 aliorum
3262 1454 3511 1525 exigitur.
3544 1456 3631 1511 Sal
3654 1461 3792 1516 enim

2208 1544 2307 1597 nisi
2336 1543 2531 1597 Salsum
2565 1543 2747 1598 reddat
2770 1585 2784 1610 ,
2818 1560 2923 1600 nou
2974 1553 3059 1600 est
3094 1547 3194 1601 sal.
3221 1545 3324 1602 Sed
3353 1549 3499 1602 aliud
3523 1550 3790 1623 quidpiam

2213 1635 2652 1704 deprehenditur.
2678 1636 2807 1690 Nam
2831 1637 2875 1690 si
2898 1652 2994 1693 nos
3015 1646 3157 1693 recte
3180 1638 3446 1707 vivamus,
3470 1642 3565 1697 alii
3582 1659 3791 1716 quoque

2208 1726 2343 1781 bene
2372 1741 2429 1781 se
2453 1735 2641 1797 gerent
2666 1744 2677 1780 :
2706 1727 2877 1783 donec
2900 1737 3078 1784 autem
3100 1738 3245 1785 recte
3272 1729 3530 1797 vivamus,
3560 1749 3671 1788 non
3694 1751 3789 1805 po-

2210 1817 2429 1871 terimus
2457 1816 2576 1872 aliis
2598 1817 2872 1888 prodesse.
2896 1818 3036 1873 Nihil
3065 1819 3287 1886 fatuum,
3313 1820 3444 1875 nihil
3468 1824 3630 1879 molle
3653 1827 3787 1895 apud

2210 1924 2307 1964 nos
2334 1911 2421 1963 sit.
2453 1909 2608 1966 Tales
2637 1921 2762 1965 sunt
2785 1927 2870 1966 res
2896 1912 3181 1967 Steculares
3206 1953 3220 1978 ,
3252 1916 3382 1969 tales
3414 1915 3571 1985 hujus
3612 1921 3786 1974 mundi

2205 2002 2612 2058 sollicitudines.
2662 2003 2787 2058 ldco
2831 2004 3061 2075 virgines
3102 2005 3260 2061 fatua:
3302 2019 3425 2063 sunt
3472 2010 3783 2079 appellate,

2205 2097 2328 2166 quia
2375 2095 2533 2150 fatuis
2564 2095 2721 2151 rebus
2773 2097 3119 2152 smcnlaribns
3165 2113 3383 2168 operam
3432 2099 3675 2156 dabant:
3707 2104 3787 2161 hic

2204 2195 2609 2257 congregantes,
2638 2202 2736 2243 nec
2761 2188 3091 2257 deponentes
3113 2189 3199 2244 ubi
3230 2189 3500 2259 depone:e
3523 2207 3618 2262 par
3655 2204 3785 2248 erat.

2204 2278 2518 2335 Timendntn
2564 2294 2789 2349 ergone
2832 2279 3059 2349 idipsum
3103 2279 3257 2335 nobis
3283 2283 3596 2352 contingat,
3651 2300 3785 2340 neve

2207 2371 2439 2426 sordidis
2485 2371 2655 2426 induti
2701 2372 2935 2427 vestibus
2986 2372 3240 2427 abeamus
3287 2373 3416 2442 illo,
3462 2375 3549 2429 ubi
3603 2391 3785 2433 omnes

2201 2462 2494 2532 splendidis
2521 2471 2645 2518 sunt
2674 2462 2861 2517 induti.
2890 2462 3028 2517 Nihil
3055 2464 3196 2518 enim
3225 2465 3495 2519 sordidius
3528 2476 3747 2536 peccato
3767 2509 3781 2533 ,

2202 2552 2333 2607 nihil
2361 2553 2641 2622 impurius.
2671 2554 3007 2623 Quapropter
3048 2555 3164 2622 ejus
3192 2564 3432 2610 naturam
3476 2556 3784 2614 describens

2204 2644 2465 2713 pmpheta
2488 2644 2786 2698 clamabat:
2819 2643 3132 2699 Htruerunt
3158 2655 3207 2699 et
3231 2656 3482 2715 corrupti:
3518 2656 3635 2701 sunt
3658 2649 3783 2702 cica-

2201 2734 2349 2789 trices
2374 2732 2694 2804 ικεω-(Ρςαι.
2725 2736 2816 2791 57.
2845 2734 2922 2807 li).
2949 2736 3005 2792 Si
3039 2736 3119 2790 vis
3144 2738 3342 2806 peccati
3388 2738 3635 2793 faetorem
3676 2740 3783 2794 edi-

2203 2843 2376 2895 scere,
2400 2838 2675 2899 postquam
2704 2830 3046 2885 commissum
3068 2840 3150 2886 est
3178 2830 3331 2898 illud,
3357 2831 3637 2887 considera
3668 2846 3780 2885 eum

2199 2920 2309 2991 jam
2332 2936 2363 2975 a
2389 2921 2823 2991 concupiscentia
2845 2922 2979 2976 liber
3002 2938 3061 2977 es
3085 2962 3100 2984 .
3125 2938 3244 2977 cum
3287 2923 3409 2993 igne
3430 2938 3536 2977 non
3567 2938 3784 2978 succen-

2200 3014 2374 3083 deris,
2405 3024 2530 3069 tunc
2555 3013 2816 3084 percipies
2845 3014 2978 3085 quid
2999 3016 3068 3069 sit
3094 3024 3389 3085 peccatum.
3432 3015 3569 3070 Iram
3614 3017 3781 3087 cogita

2202 3122 2323 3164 etim
2353 3106 2667 3179 tranquillus
2696 3122 2790 3170 cs;
2834 3107 3149 3173 avaritiam,
3181 3122 3300 3162 eum
3342 3121 3534 3178 expers
3563 3123 3623 3163 es
3650 3109 3783 3164 illius

2202 3198 2443 3254 allectus.
2471 3198 2862 3268 Nihil'turpins,
2892 3196 3019 3253 nihil
3051 3197 3243 3252 fmdius
3268 3199 3448 3267 rapina
3471 3208 3525 3254 et
3545 3201 3781 3253 avaritia.

2203 3292 2327 3347 ﬂare
2359 3291 2668 3361 frequenter
2691 3290 2939 3354 dicimus,
2972 3304 3077 3343 non
3112 3299 3169 3343 ut
3197 3289 3348 3345 vobis
3371 3290 3670 3345 molestiam
3692 3306 3783 3361 pa-

2203 3386 2423 3449 riamus,
2454 3383 2546 3439 sed
2579 3393 2634 3438 ut
2662 3397 2915 3453 magnum
2942 3397 3011 3437 ac-
3032 3382 3272 3439 mirabile
3294 3382 3566 3453 quidpiam
3612 3384 3783 3439 lucre-

2203 3492 2341 3531 mur.
2364 3476 2493 3530 Nam
2520 3476 2630 3546 qui,
2666 3491 2723 3530 re
2749 3474 2914 3529 semel
2943 3474 3144 3542 audita,
3174 3489 3283 3530 non
3311 3476 3612 3545 corrigitur,
3654 3477 3785 3533 forte

2203 3568 2248 3622 si
2275 3567 2510 3621 secundo
2536 3567 2750 3630 audiat,
2777 3565 3181 3633 emendabitur;
3215 3567 3296 3621 vel
3327 3567 3539 3621 tandem
3561 3568 3611 3623 si
3634 3571 3784 3623 tertio

2204 3668 2501 3712 moneatur.
2538 3655 2750 3712 Utinam
2779 3664 2957 3711 autem
2981 3672 3166 3712 omnes
3201 3671 3230 3710 a
3266 3657 3419 3711 malis
3450 3659 3697 3712 omnibus
3718 3658 3784 3713 li-

2205 3749 2374 3805 berati
2416 3748 2610 3802 bonum
2649 3746 2846 3803 Christi
2877 3748 3095 3804 odorem
3144 3748 3471 3815 habeamus,
3511 3751 3595 3827 cui
3622 3751 3782 3820 gloria

2205 3857 2324 3896 cum
2351 3841 2504 3897 Patre
2530 3849 2587 3895 et
2608 3842 2806 3910 Spiritu
2837 3854 3023 3896 sancto
3053 3884 3067 3908 ,
3101 3856 3243 3897 nunc
3271 3850 3325 3898 et
3367 3857 3598 3914 semper,
3629 3852 3683 3898 et
3730 3842 3780 3898 in

2202 3933 2399 3989 smcula
2428 3933 2768 3989 smculornm.
2798 3934 2989 3987 Amen.

2266 4088 2283 4119 ί
2317 4084 2445 4135 Ι·Ἀίιὶ
2468 4086 2665 4154 habent,
2686 4084 2889 4145 teipsum
2910 4098 3003 4136 non
3014 4083 3360 4179 Judicashed
3380 4085 3580 4139 Savilins
3613 4086 3783 4149 legen-

2269 4162 2314 4179 m
2340 4155 2471 4179 nisini
2508 4152 2716 4179 θοι-ισηηι
2742 4160 2830 4179 mm
2858 4146 2999 4179 Ληροο
3052 4156 3095 4179 nl
3125 4149 3349 4179 ηιιίοιι-ιιο
3362 4155 3448 4179 νεα
3493 4150 3563 4179 can
3587 4150 3760 4179 Ι.ιι1.....ο

2201 4148 2315 4196 dum
2340 4155 2491 4210 putat,
2508 4146 2719 4210 teipsum
2740 4160 2831 4210 non
2857 4146 3035 4196 doces?
3052 4156 3103 4197 et
3125 4149 3235 4210 quia
3250 4157 3351 4197 tres
3362 4155 3469 4197 Mss.
3493 4150 3563 4198 sic
3586 4146 3782 4207 habent,

2202 4210 2325 4260 hanc
2342 4208 2647 4259 restituimus
2666 4208 2947 4257 lectionem.

1849 4409 2186 4470 HOMILIA
2229 4410 2389 4470 LIII.

503 4559 633 4617 CAP.
665 4558 721 4618 8.
754 4574 804 4614 ν.
856 4559 945 4615 20.
986 4558 1108 4612 "(re
1141 4560 1287 4613 verba
1332 4558 1564 4628 loquutus
1616 4567 1689 4611 est
1711 4556 1863 4611 Iesus
1895 4557 1947 4609 iu
1990 4573 2084 4626 ga-

577 4652 902 4722 sopltylacio,
926 4650 1109 4704 docens
1140 4651 1190 4702 in
1232 4650 1417 4717 templo
1452 4664 1470 4701 :
1512 4658 1556 4702 et
1586 4665 1728 4703 nemo
1758 4647 2092 4718 apprehendit

577 4761 693 4799 eum
712 4784 724 4805 .
757 4744 876 4812 quia
906 4742 1127 4796 nondum
1156 4750 1354 4794 venerat
1381 4740 1505 4792 liora
1535 4741 1664 4809 ejus.

581 4837 629 4890 l.
657 4836 702 4888 0
722 4834 994 4888 Judaicam
1022 4833 1345 4889 dementiam
1368 4832 1382 4886 !
1417 4834 1554 4886 Ante
1581 4832 1780 4885 Pascha
1804 4848 1925 4886 cum
1948 4847 2091 4901 qure-

504 4927 716 4989 rebant,
749 4934 907 4994 atque
950 4925 1001 4978 in
1033 4924 1208 4979 medio
1249 4924 1512 4995 positum,
1561 4932 1615 4976 et
1657 4938 1750 4991 per
1789 4938 1846 4976 se
1893 4933 1946 4977 ct
1999 4939 2093 4991 per

500 5021 637 5073 alios
658 5018 828 5088 ipsum
852 5017 1307 5087 comprehendere
1329 5030 1471 5085 saepe
1496 5016 1686 5067 frustra
1717 5022 2085 5077 tentavcrant;

503 5122 679 5179 neque
708 5118 883 5164 tamen
915 5107 993 5161 sic
1022 5108 1089 5161 de
1130 5107 1270 5161 illius
1296 5106 1493 5159 virtute
1522 5104 1799 5172 stupefacti
1828 5114 1970 5167 sunt,
1996 5106 2090 5159 scd

502 5202 553 5255 in
584 5201 784 5255 malitia
816 5200 1183 5269 persﬁterunt.
1208 5198 1361 5267 Quod
1405 5200 1546 5253 enim
1576 5199 1626 5253 id
1665 5212 1877 5268 semper
1914 5209 2087 5254 tenta-

501 5301 658 5355 rent,
690 5292 886 5346 indicat
915 5290 1002 5345 ille
1035 5309 1048 5345 :
1082 5290 1206 5344 llwc
1234 5291 1466 5361 loquutus
1496 5300 1567 5343 est
1609 5290 1660 5343 in
1700 5289 2086 5360 gazophylacio,

500 5385 684 5437 docens
714 5384 764 5436 in
797 5382 982 5454 templo
1003 5426 1017 5449 ,
1050 5394 1095 5439 et
1124 5400 1267 5437 nemo
1291 5372 1623 5453 apprehendit
1645 5400 1777 5437 eum.
1807 5382 1859 5436 In
1891 5384 2088 5451 templo

502 5477 816 5548 loquebatur
845 5492 993 5532 more
1038 5475 1271 5545 magistri
1297 5516 1311 5540 ,
1340 5475 1480 5544 quod
1511 5476 1677 5546 magis
1702 5476 1818 5531 illos
1852 5476 2088 5531 excitare

500 5567 771 5625 debuisset
804 5585 818 5622 :
851 5578 901 5623 et
928 5584 989 5624 ea
1017 5567 1328 5639 loquebatur
1348 5567 1413 5621 de
1438 5568 1630 5636 quibus
1651 5566 2081 5631 oll'endcbantnr,

505 5666 558 5712 Cl
595 5662 919 5719 acetisabant
951 5677 1115 5728 eum,
1174 5660 1314 5732 quod
1361 5663 1592 5731 scipsum
1640 5664 1895 5732 aequalem
1945 5662 2081 5717 [‘atri

2198 4558 2413 4613 faceret.
2442 4558 2573 4612 Illud
2622 4558 2801 4623 enim,
2860 4557 3092 4614 Duorum
3146 4559 3407 4613 hominum
3449 4559 3786 4613 testimonium

2197 4661 2499 4716 veruinast,
2537 4650 2639 4704 hoc
2676 4650 2957 4719 signiﬁcat.
2990 4651 3235 4705 Attamen
3272 4650 3422 4717 Ηωο,
3470 4650 3673 4719 inquit,
3707 4651 3785 4704 to-

2194 4740 2440 4810 quebatnr
2476 4742 2528 4793 in
2572 4742 2791 4808 templo,
2820 4750 2875 4795 et
2900 4742 3049 4811 quasi
3103 4741 3371 4811 magister,
3428 4751 3473 4794 et
3513 4757 3655 4794 nemo
3692 4758 3787 4807 ap-

2196 4832 2456 4901 prehendit
2485 4848 2619 4895 emn,
2650 4833 2766 4900 quia
2794 4833 3016 4885 nondun;
3048 4843 3246 4885 venerat
3277 4833 3404 4884 liora
3428 4834 3571 4902 ejus;
3603 4832 3651 4883 id
3678 4841 3782 4896 cst,

2195 4935 2404 4992 tempus
2436 4923 2685 4976 idoneum
2714 4942 2816 4977 non
2849 4935 2965 4978 erat
2991 4938 3096 4992 quo
3123 4924 3357 4993 crueiﬁgi
3396 4923 3626 4975 volebat.
3674 4920 3777 4974 Ita-

2195 5030 2300 5083 que
2332 5023 2455 5067 tunc
2482 5028 2584 5067 non
2612 5015 2823 5067 illul‘ttttl
2852 5014 3126 5083 potestatis
3159 5014 3271 5076 fuit,
3310 5013 3401 5067 sed
3426 5013 3780 5083 dispensatio-

2196 5107 2277 5161 nis
2308 5106 2441 5175 ejus.
2474 5106 2573 5175 Ipsi
2596 5108 2737 5161 enim
2765 5107 2871 5173 jam
2893 5108 3019 5159 olim
3044 5106 3312 5167 volebant.
3339 5122 3435 5160 nec
3464 5114 3776 5174 potuerunt;

2196 5216 2296 5255 nec
2324 5210 2449 5253 tunc
2482 5200 2777 5268 p0tuisscnt
2800 5241 2815 5265 ,
2849 5200 2948 5253 nisi
2977 5200 3089 5267 ipse
3131 5198 3481 5267 permisisset.
3514 5197 3602 5251 21.
3640 5195 3779 5249 Dixit

2192 5309 2311 5363 ergo
2335 5295 2405 5346 eis
2449 5292 2627 5345 iterum
2652 5290 2804 5344 Jesus
2832 5305 2850 5343 :
2884 5289 2994 5359 Ego
3020 5290 3146 5342 vado
3171 5330 3185 5353 ,
3212 5298 3257 5339 et
3286 5290 3521 5356 quwretis
3547 5303 3642 5340 me.
3673 5285 3777 5341 Cur

2194 5384 2295 5437 hoc
2324 5383 2627 5453 frequenter
2654 5381 2820 5435 dicit?
2849 5381 2915 5435 Ut
2945 5380 3153 5433 illorum
3176 5379 3383 5431 animos
3415 5386 3780 5432 commoveret

2192 5491 2255 5530 ac
2296 5473 2755 5545 perterrefaceret.
2790 5472 2923 5526 Vide
2951 5486 3177 5540 namque
3208 5480 3459 5537 quantam
3494 5470 3542 5522 id
3571 5480 3779 5536 pareret

2192 5566 2547 5627 formidinem.
2576 5565 2704 5620 Nam
2734 5579 2853 5619 cum
2885 5562 3029 5617 illum
3056 5560 3355 5615 interﬁcere
3383 5562 3603 5624 vellent,
3637 5570 3692 5613 nt
3714 5560 3780 5614 ah

2190 5662 2277 5715 illo
2309 5674 2365 5714 se
2394 5668 2777 5723 exonerarent,
2820 5661 3065 5725 qmerunt
3090 5666 3193 5720 quo
3230 5651 3382 5705 vadat
3418 5670 3431 5701 :
3464 5662 3662 5706 tantam
3711 5650 3778 5706 de
