4094 6204
367 295 474 354 293

361 427 424 466 re
453 409 545 465 tali
587 410 944 475 conceperant
987 399 1314 471 opinionem.
1370 392 1529 449 Aliud
1575 406 1787 463 quoque
1825 390 1946 446 illos

357 507 564 558 docere
606 498 848 562 volebat,
898 510 1005 549 non
1051 507 1114 546 ex
1162 491 1398 560 ipsorum
1424 484 1674 540 violentia
1717 497 1831 537 rem
1881 481 1952 534 ita

357 596 482 650 lure
502 635 518 659 ,
549 591 642 648 sed
669 590 724 645 id
755 589 867 660 jam
909 585 1114 656 pridem
1147 581 1542 652 prarlignratum
1571 589 1692 630 esse
1713 616 1728 638 ,
1777 581 1832 629 et
1872 573 1955 627 his

357 684 546 740 verbis
571 679 1018 738 resurrectionem
1050 672 1310 745 prmdixit.
1356 667 1613 724 Dicebant
1656 680 1785 736 ergo
1815 681 1828 718 :
1859 663 1951 717 2'2.

359 773 642 847 Numquid
666 772 928 841 intrrﬁeiet
953 768 1275 837 semetipsum
1296 765 1322 819 ?
1343 762 1481 830 Quid
1511 773 1639 830 ergo
1674 755 1955 814 Christus?

355 867 586 924 Illorum
614 874 673 921 ut
697 870 999 920 removeret
1026 857 1408 929 suspicionem,
1434 862 1490 909 et
1508 850 1820 906 ostenderet
1840 863 1953 903 rem

355 959 520 1014 illam
545 970 665 1013 esse
695 961 992 1025 peccatum,
1018 950 1092 1004 ait
1120 967 1134 1004 :
1181 947 1272 1003 25.
1322 943 1424 998 Vos
1463 941 1695 996 deorsum
1719 941 1876 1004 estis;
1903 938 1956 993 id

355 1057 448 1104 est
474 1088 495 1115 ,
526 1047 670 1104 Nihil
699 1047 892 1101 mirum
921 1043 966 1098 si
1000 1055 1099 1096 vos
1126 1037 1370 1095 homines
1402 1034 1642 1090 carnales
1670 1032 1791 1087 talia
1815 1031 1958 1101 cogi-

361 1140 500 1196 tatis
524 1181 542 1208 ,
587 1138 678 1210 qui
709 1135 843 1192 nihil
869 1131 1152 1206 spirituale
1190 1127 1494 1198 eoneipitis.
1525 1127 1596 1181 At
1631 1139 1731 1196 ego
1756 1138 1860 1179 non
1888 1123 1959 1178 si-

359 1231 501 1288 mile
525 1229 795 1302 quidpiam
825 1226 1015 1282 faciant
1039 1241 1056 1289 ;
1081 1221 1165 1276 De
1203 1219 1442 1292 supernis
1485 1218 1620 1272 enim
1659 1232 1773 1271 sum
1806 1231 1827 1271 :
1873 1231 1960 1270 vos

360 1322 432 1378 de
454 1321 756 1377 hoc-mando
769 1318 907 1373 estis.
933 1316 1029 1372 llic
1056 1328 1269 1369 rursum
1296 1309 1592 1366 mundanas
1613 1307 1961 1377 earnalesque

359 1413 725 1484 cogitationes
755 1410 903 1465 dicit.
936 1405 1090 1463 Unde
1121 1403 1294 1475 palam
1347 1409 1430 1456 est
1482 1400 1648 1465 illud,
1699 1397 1810 1469 Ego
1859 1414 1961 1452 non

357 1521 483 1560 sum
509 1504 572 1558 de
593 1503 688 1556 hoc
715 1498 934 1564 mundo,
964 1512 1070 1552 non
1101 1492 1405 1566 signiﬁcare
1447 1490 1626 1561 ipsum
1664 1505 1770 1543 non
1803 1502 1960 1543 accc-

361 1597 521 1667 pisse
547 1608 764 1649 carnem
783 1632 800 1658 ,
842 1590 937 1646 sed
967 1587 1154 1660 procul
1183 1599 1303 1641 esse
1331 1585 1399 1638 ab
1441 1581 1654 1637 illorum
1700 1578 1959 1650 nequitia.

364 1686 589 1742 Etenim
610 1682 900 1754 discipulos
923 1696 985 1736 es
1009 1677 1209 1734 mundo
1227 1690 1334 1733 non
1360 1688 1484 1730 esse
1502 1674 1622 1728 dicit
1647 1689 1660 1737 ;
1696 1670 1962 1725 habebant

366 1788 557 1834 tamen
606 1778 683 1832 illi
711 1789 947 1832 carnem.
973 1767 1431 1841 Quemadmodum
1469 1766 1630 1832 igitur
1654 1763 1850 1819 Paulus
1873 1761 1958 1815 di-

366 1887 527 1936 cens,
556 1869 678 1925 Non
704 1869 826 1923 estis
841 1868 894 1921 in
919 1880 1074 1920 carne
1090 1861 1268 1934 (llam.
1297 1859 1350 1914 8.
1375 1856 1454 1929 9),
1479 1872 1590 1914 non
1611 1856 1959 1923 incorporeas

366 1962 626 2033 intelligit
657 1979 670 2014 :
701 1963 782 2015 sic
811 1956 1101 2028 discipulos
1132 1967 1238 2009 non
1263 1963 1389 2007 esse
1413 1948 1482 2004 de
1510 1951 1612 2003 hoc
1659 1945 1878 2013 mundo,
1906 1945 1959 2000 id

366 2054 586 2109 ilio-runt
616 2050 1006 2124 philosophiam
1033 2045 1365 2104 testiﬁcatur.
1391 2041 1482 2097 24.
1512 2039 1634 2094 Dixi
1653 2055 1774 2110 ergo
1799 2038 1956 2102 vobis,

363 2147 492 2217 quia
539 2145 585 2200 si
631 2160 732 2198 non
783 2139 1103 2197 credideritis
1143 2137 1261 2208 quia
1307 2150 1399 2205 ego
1448 2149 1565 2187 sum
1582 2172 1599 2197 ,
1642 2131 1697 2184 in
1746 2128 1960 2199 peccatis

364 2236 550 2292 vestris
598 2233 903 2289 moriemini.
952 2230 1088 2286 Nam
1123 2228 1170 2282 si
1234 2225 1360 2283 ideo
1418 2223 1598 2288 venit,
1650 2231 1709 2276 ut
1752 2219 1963 2274 tolleret

365 2337 656 2402 peccatum
698 2324 919 2393 mundi,
948 2332 1003 2380 ct
1055 2325 1242 2377 sinon
1292 2326 1466 2389 potest
1507 2314 1639 2370 exui
1686 2321 1962 2383 peccatum

365 2422 482 2478 nisi
518 2436 614 2492 per
642 2420 944 2481 lavacrum,
997 2429 1226 2472 necesse
1251 2421 1334 2466 est
1375 2425 1481 2464 non
1524 2406 1833 2462 credentem
1873 2419 1963 2458 ve-

367 2523 546 2570 terem
597 2512 799 2566 habere
843 2507 1136 2566 hominem.
1191 2502 1324 2558 Nam
1381 2499 1470 2570 qui
1527 2513 1635 2552 non
1675 2497 1786 2550 vult
1840 2509 1962 2550 sese

367 2621 472 2678 per
519 2603 680 2660 ﬁdem
727 2602 892 2658 morti
950 2598 1168 2654 tradere
1220 2605 1274 2650 et
1331 2593 1652 2663 sepultum,
1707 2602 1830 2642 cum
1870 2602 1963 2642 ve-

369 2700 478 2757 teri
510 2697 727 2754 homine
763 2695 1041 2758 morietur,
1075 2699 1130 2747 et
1181 2689 1277 2746 illo
1315 2684 1564 2757 migrabit
1616 2688 1962 2752 peccatorum

373 2805 565 2864 poenas
609 2789 851 2844 daturus.
919 2784 1051 2840 ideo
1095 2781 1307 2838 dicebat
1356 2795 1370 2832 :
1426 2776 1529 2845 Qui
1593 2788 1700 2828 non
1759 2769 1958 2838 credit,

369 2886 482 2962 iant
520 2883 782 2955 judicatus
803 2889 912 2945 est,
943 2893 1051 2934 non
1093 2875 1269 2931 solum
1287 2871 1430 2944 quod
1459 2884 1569 2924 non
1611 2866 1822 2931 credat,
1867 2864 1964 2920 sed

371 2957 543 3036 etiam
575 2977 698 3046 quia
728 2988 852 3028 cum
918 2968 1188 3042 prioribus
1235 2963 1475 3036 peccatis
1517 2960 1650 3014 abit.
1709 2957 1966 3011 Dicebant

371 3087 508 3145 ergo
535 3088 556 3126 ξ
579 3071 671 3128 23.
723 3069 806 3123 Tu
845 3068 964 3139 quis
990 3065 1086 3120 es!
1127 3063 1172 3119 Ο
1200 3060 1523 3117 dementiam
1543 3058 1562 3111 ε·
1590 3056 1718 3112 Post
1761 3061 1967 3108 tanturn

374 3141 673 3234 temporis,
707 3169 827 3231 post
862 3160 1017 3228 signa
1044 3165 1098 3210 et
1125 3153 1456 3216 doctrinam,
1489 3149 1822 3215 interrogant
1843 3185 1858 3209 ,
1885 3141 1972 3196 Tu

374 3255 495 3326 quis
510 3270 567 3309 es
579 3253 609 3308 Ρ
626 3251 763 3320 Quid
791 3250 949 3318 igitur
973 3247 1215 3304 Christus
1231 3243 1256 3297 ’Β
1272 3240 1598 3310 Principiam
1613 3238 1698 3309 qui
1721 3245 1766 3292 et
1790 3235 1969 3304 loquor

375 3325 539 3403 nobis.
573 3345 686 3401 Hoc
711 3352 814 3411 est,
848 3339 1048 3411 lndigni
1073 3337 1241 3404 estis,
1277 3333 1365 3406 qui
1388 3331 1554 3388 verba
1582 3343 1698 3384 mea
1719 3325 1965 3392 audiatis,

374 3438 580 3496 nedum
605 3435 822 3492 discetis
863 3433 984 3504 quis
1021 3444 1122 3500 ego
1150 3427 1272 3484 sim.
1304 3425 1408 3481 Vos
1447 3422 1591 3478 enim
1635 3435 1720 3474 me
1757 3432 1970 3488 semper

373 3535 647 3586 tentantes
676 3523 990 3597 loquimini,
1033 3520 1273 3590 nihilque
1294 3515 1454 3573 dictis
1478 3513 1612 3570 meis
1650 3508 1922 3565 attenditis
1951 3525 1971 3562 :

374 3633 434 3681 et
457 3622 542 3677 bis
570 3621 637 3675 de
659 3618 819 3675 rebus
841 3614 1093 3672 omnibus
1119 3625 1261 3668 nunc
1285 3620 1580 3678 coarguere
1601 3603 1835 3675 possim;
1865 3599 1970 3654 hoe

377 3716 524 3772 enim
550 3710 816 3783 significat
846 3705 973 3762 illud
994 3748 1010 3772 ,
1043 3704 1136 3758 26.
1169 3700 1337 3756 Multa
1363 3697 1522 3752 habeo
1565 3695 1628 3750 de
1666 3692 1804 3749 vobis
1831 3690 1968 3760 loqui

377 3817 425 3861 et
457 3797 461 3800 ’
473 3781 744 3882 judicare;
797 3813 896 3856 nec
937 3805 1144 3853 tantum
1182 3789 1577 3862 reprehendere
1600 3827 1616 3852 ,
1669 3783 1764 3840 sed
1805 3781 1970 3838 etiam

377 3875 593 3970 punire.
643 3892 750 3950 Sed
777 3893 869 3963 qui
907 3889 1052 3944 misit
1089 3900 1207 3952 uie,
1251 3883 1354 3941 hoc
1377 3891 1480 3945 est,
1521 3879 1699 3942 Pater,
1735 3875 1836 3928 hoc
1859 3888 1970 3930 non

377 3965 514 4046 ἓυιι.
551 3986 674 4044 Non
702 3986 832 4040 enim
874 3982 984 4038 seni
1033 3979 1276 4050 judicare
1316 3974 1597 4038 mundum,
1640 3969 1730 4024 sed
1771 3965 1968 4021 salvum

379 4085 567 4154 facere.
609 4079 730 4133 Non
777 4075 911 4131 enim
947 4073 1079 4128 misit
1101 4070 1236 4125 Deus
1266 4067 1459 4122 Filium
1483 4080 1666 4128 suum,
1698 4070 1752 4114 ut
1773 4059 1974 4132 judicet

381 4149 664 4236 mundum,
708 4168 795 4224 setl
840 4177 893 4221 ut
923 4166 1116 4221 salvum
1165 4161 1319 4233 faciat
1367 4157 1612 4212 muml‘um
1669 4152 1847 4223 (Joau.
1874 4149 1963 4204 1‘2.

381 4267 473 4324 47.
502 4275 552 4320 et
599 4261 798 4334 5.17).
843 4259 899 4316 Si
929 4273 1062 4329 ergo
1111 4254 1178 4310 ad
1229 4253 1332 4306 hoc
1361 4266 1448 4305 me
1475 4247 1649 4311 misit,
1701 4252 1756 4334 et
1805 4257 1968 4298 verax

384 4365 506 4421 est,
547 4355 669 4425 jure
708 4333 976 4406 neminem
1033 4361 1134 4417 ego
1185 4357 1327 4398 nunc
1365 4339 1570 4411 judico.
1621 4333 1726 4390 Sed
1771 4348 1834 4389 ea
1886 4333 1969 4388 lo-

386 4464 522 4519 quor
569 4461 690 4518 qua:
746 4443 813 4498 ad
872 4441 1101 4501 salutem
1153 4443 1313 4499 sunt,
1360 4446 1467 4486 non
1537 4426 1605 4482 ad
1675 4426 1970 4497 reprehen-

387 4543 613 4595 sionem.
645 4537 771 4593 llacc
807 4547 969 4606 porro
997 4530 1146 4598 dicit,
1179 4543 1247 4583 ne
1276 4532 1462 4597 putent
1497 4521 1670 4592 ipsum
1692 4560 1708 4587 ,
1747 4533 1866 4573 cum
1895 4523 1973 4570 tot

388 4645 441 4691 et
489 4643 634 4691 tanta
686 4629 945 4694 audierit,
998 4640 1113 4697 pra:
1159 4618 1522 4678 imbecillitate
1560 4629 1665 4669 non
1698 4625 1858 4682 posse
1887 4607 1970 4663 ul-

389 4729 590 4780 tionem
617 4722 844 4784 inferre,
876 4717 962 4774 vel
994 4729 1179 4772 eorum
1201 4719 1434 4767 mentem
1456 4705 1836 4774 irrisionesque
1866 4715 1971 4756 non

390 4830 734 4893 cognoscere.
767 4813 858 4870 27.
891 4809 984 4870 Illi
1007 4817 1172 4863 autem
1201 4807 1262 4860 de
1308 4803 1466 4858 Patre
1503 4813 1782 4855 sermonem
1801 4793 1973 4850 haberi

390 4883 490 4966 non
533 4907 912 4962 intellexerunt.
955 4903 999 4959 0
1045 4896 1361 4954 stultitiam!
1411 4893 1527 4950 Non
1574 4888 1866 4946 desistebat
1907 4883 1975 4940 de

392 5004 547 5063 Patre
571 5001 756 5076 loqui,
786 5007 842 5054 et
870 5013 973 5053 non
1007 4991 1391 5062 intelligebant.
1429 4987 1628 5043 Deinde
1652 4999 1773 5040 cum
1803 4993 1976 5050 neque

390 5113 455 5154 es
487 5105 570 5152 tot.
607 5094 812 5166 signis,
861 5104 1032 5158 neque
1061 5103 1126 5143 ex
1169 5082 1409 5140 doctrina
1451 5080 1570 5135 illos
1594 5077 1974 5147 pertraxisset,

393 5188 456 5244 de
473 5203 638 5244 cruce
661 5162 882 5240 demum
907 5177 1155 5238 edisserit
1178 5176 1264 5233 his
1290 5171 1466 5228 verbis
1499 5189 1513 5224 :
1540 5168 1633 5226 28.
1665 5165 1794 5222 Cum
1832 5162 1976 5218 exal-

395 5279 619 5335 taveritis
648 5276 838 5332 Filium
862 5273 1096 5333 hominis,
1121 5279 1238 5322 tunc
1266 5262 1573 5337 cognoscetis
1591 5259 1710 5329 quia
1735 5272 1824 5328 ego
1843 5271 1984 5319 sum,

391 5383 435 5428 et
456 5389 488 5425 α
511 5370 702 5440 mcipso
728 5383 828 5420 non
859 5366 1055 5433 loquor;
1081 5358 1173 5414 29.
1194 5366 1239 5410 et
1266 5354 1402 5426 quod
1413 5352 1500 5420 qui
1521 5366 1599 5404 me
1628 5348 1764 5401 misit
1787 5361 1981 5400 mecum

395 5476 486 5531 est,
509 5473 557 5519 et
584 5436 686 5516 n—on
715 5458 919 5528 reliquit.
938 5453 1189 5510 mesolum
1215 5449 1392 5504 Pater.
1424 5441 1681 5499 Ostendit.
1709 5444 1769 5496 Se
1792 5436 1982 5492 merito

395 5557 620 5624 dixisse,
650 5550 971 5620 Principium
990 5547 1075 5619 qui
1101 5555 1147 5600 et
1176 5543 1352 5612 loquor
1371 5538 1530 5593 vobis.

465 5649 519 5706 Ξ.
549 5647 734 5715 Usque
747 5641 884 5697 adeo
909 5656 1015 5696 non
1045 5635 1390 5693 attendebant
1417 5630 1626 5701 iisquae
1645 5624 1979 5681 dicebantur.

387 5731 868 5800 Cunzemltaveritis
898 5729 944 5786 [τ’
947 5730 1090 5785 ilium
1116 5724 1350 5782 hominis.
1378 5723 1566 5779 Nonne
1591 5728 1718 5775 tunc
1738 5730 1826 5772 me
1853 5714 1981 5770 sub-

1435 278 1501 336 ΙΝ
1537 276 1848 335 JOANN’EM
1890 272 2118 332 HOMIL.
2162 273 2294 330 Llll.
2336 275 2407 330 al.
2450 274 2563 330 LII.

3545 275 3651 333 ξω

2059 387 2166 443 lato
2195 387 2421 458 speratis
2445 403 2474 442 a
2506 401 2595 442 me
2621 385 2754 441 nihil
2784 385 2938 440 vobis
2962 385 3100 440 ultra
3145 385 3406 440 molestiae
3432 387 3649 442 albitnm

2061 479 2163 533 iri?
2194 478 2306 548 Ego
2333 487 2513 532 autem
2533 477 2657 532 dico
2685 477 2856 544 vobis,
2885 475 3029 531 Tunc
3057 476 3295 532 maxime
3319 483 3649 548 cognoscetis,

2058 569 2179 637 quia
2199 584 2291 640 ego
2310 585 2442 634 sunt,
2474 583 2574 639 per
2595 569 2767 639 signa,
2803 583 2902 637 per
2925 568 3399 633 resurrectionem,
3436 585 3532 640 per
3556 587 3652 625 ex-

2059 659 2280 715 cidium.
2301 660 2429 716 lia-r2
2456 661 2655 731 quippe
2675 661 2855 716 omnia
2875 661 2992 731 ejus
3020 662 3313 732 potentiam
3335 663 3653 734 comproba-

2061 749 2208 806 bant.
2238 751 2421 822 Neque
2449 752 2585 806 dixit
2609 792 2624 816 ,
2667 752 2818 808 Tune
2844 753 3181 823 cognoscetis
3207 753 3329 823 quis
3354 755 3477 808 sim.
3514 755 3649 809 Cum

2062 841 2320 905 videritis,
2354 843 2544 913 inquit,
2579 859 2664 899 me
2687 844 2819 899 nihil
2848 859 2914 900 ex
2951 834 3124 900 marte
3156 860 3434 914 passurum
3457 887 3472 912 ,
3505 846 3652 901 Tunc

2063 934 2371 1002 cognoscetis
2399 936 2517 1003 quia
2547 952 2638 1004 ego
2658 952 2770 990 sum
2800 951 2818 990 :
2849 952 3040 1008 nempe
3058 935 3305 993 Christus
3331 937 3500 994 Filius
3535 939 3648 1003 Dei,

2063 1025 2152 1094 qui
2197 1027 2374 1080 omnia
2419 1025 2532 1081 fero
2574 1036 2629 1081 et
2653 1027 2794 1082 duco
2816 1070 2832 1095 ,
2873 1043 2975 1084 nec
3001 1030 3304 1084 contrarius
3329 1029 3497 1086 Patri.
3527 1030 3653 1087 Ideo

2064 1115 2267 1184 adjicit,
2299 1115 2365 1169 Et
2390 1134 2422 1170 a
2450 1119 2645 1184 ineipso
2669 1118 2797 1172 nihil
2825 1119 3022 1186 loquor.
3058 1119 3348 1189 Utrumque
3375 1122 3519 1177 enim
3561 1137 3654 1178 co-

2064 1207 2353 1275 gnoscetis,
2383 1216 2436 1262 et
2463 1209 2754 1276 potentiam
2785 1223 2980 1273 meam,
3010 1219 3063 1263 et
3091 1225 3211 1264 cum
3237 1211 3395 1266 Patre
3422 1227 3653 1268 consen-

2066 1310 2210 1350 sum.
2237 1295 2366 1351 lllud
2394 1298 2558 1362 enim,
2588 1299 2632 1350 Α
2657 1299 2846 1369 meipso
2877 1299 3007 1353 nihil
3033 1299 3230 1368 loquor,
3261 1302 3503 1358 eamdem
3535 1319 3656 1360 esse

2067 1387 2416 1442 substantiam
2445 1388 2698 1455 denotat,
2725 1398 2780 1445 et
2807 1405 2867 1445 se
2893 1391 3026 1445 nihil
3055 1390 3189 1446 ultra
3219 1404 3498 1463 paternum
3527 1409 3653 1450 sen-

2067 1492 2186 1532 sum
2215 1478 2376 1549 loqui.
2409 1479 2686 1547 Quandoa
2709 1481 2854 1535 cultu
2888 1491 3066 1537 vestro
3093 1482 3372 1548 excidietis,
3400 1499 3497 1540 nec
3526 1500 3652 1540 con-

2069 1567 2297 1669 cedetur
2321 1568 2472 1624 vobis
2492 1570 2719 1640 pristino
2747 1585 2896 1629 more
2925 1571 3100 1640 ipsum
3114 1573 3311 1639 colere;
3336 1583 3460 1630 tunc
3475 1576 3660 1634 scietis

2066 1660 2238 1727 ipsum
2284 1675 2369 1716 me
2404 1660 2586 1716 ulcisci
2611 1700 2626 1726 ,
2661 1663 2986 1732 indignatum
3025 1663 3281 1719 adversus
3315 1681 3414 1721 eos
3443 1667 3536 1737 qui
3572 1684 3658 1726 me

2068 1763 2174 1802 non
2208 1750 2488 1808 audierunt
2513 1767 2528 1816 ;
2556 1766 2619 1808 ac
2647 1753 2692 1807 si
2717 1752 2921 1808 diceret
2945 1767 2960 1808 :
2996 1754 3054 1808 Si
3079 1755 3286 1811 alienus
3311 1765 3366 1812 et
3393 1759 3500 1813 Deo
3527 1775 3657 1816 eon-

2067 1841 2259 1896 trarius
2287 1857 2462 1898 essem
2481 1885 2496 1909 ,
2537 1859 2645 1902 non
2674 1855 2874 1900 tantam
2906 1845 2994 1902 ille
3033 1856 3220 1903 contra
3245 1864 3340 1905 vos
3369 1851 3500 1905 iram
3527 1866 3657 1907 eon-

2065 1931 2315 2001 cepisset.
2341 1933 2454 1990 Hoc
2483 1944 2538 1991 et
2569 1935 2730 1991 Isaias
2756 1936 2916 2003 dicit,
2951 1936 3103 1990 Dabit
3131 1939 3314 2010 impios
3347 1957 3440 2008 pro
3479 1944 3652 2012 sepul-

2067 2032 2180 2124 tura
2208 2024 2495 2124 ejus
2519 2029 2609 2124 iiii:
2641 2028 2696 2097 9)
2721 2045 2736 2094 ;
2766 2037 2822 2084 et
2847 2029 3028 2093 David,
3062 2029 3204 2084 Tunc
3231 2032 3462 2099 loquetur
3481 2035 3549 2087 ad
3573 2050 3659 2088 eos

2066 2115 2118 2170 in
2148 2115 2226 2168 ira
2254 2133 2349 2170 sua
2377 2117 2549 2189 (Paul.
2579 2118 2636 2173 Ξ.
2669 2119 2724 2190 5)
2749 2135 2763 2184 ;
2795 2129 2848 2175 et
2879 2121 2994 2190 ipse
3015 2163 3029 2183 ,
3066 2121 3198 2176 lt'cce
3222 2122 3531 2191 relinquetur
3558 2128 3659 2180 clo--

2067 2223 2178 2262 mus
2222 2219 2382 2264 vestra
2407 2211 2604 2269 deserta
2633 2211 2844 2283 (Matth.
2875 2214 2966 2267 25.
2993 2212 3117 2286 58);
3151 2213 3380 2285 idipsum
3405 2226 3457 2270 ct
3484 2218 3532 2270 in
3565 2234 3658 2288 pa-

2069 2297 2288 2367 rabolis,
2315 2299 2454 2368 Quid
2478 2302 2628 2371 faciet
2647 2302 2880 2357 dominus
2900 2303 3052 2357 vinea:
3076 2306 3229 2374 hujus
3257 2307 3495 2376 agricolis
3515 2307 3616 2360 illis
3635 2309 3664 2359 2‘

2069 2383 2239 2444 Malos
2279 2389 2412 2444 male
2453 2392 2628 2462 perdet
2653 2391 2880 2464 (Matth.
2908 2393 3000 2448 21.
3042 2394 3130 2449 40.
3165 2395 3288 2464 41).
3327 2395 3510 2450 Vitlcn'
3535 2413 3658 2453 eum
3699 2413 3712 2428 ⁶

2069 2477 2264 2549 ubique
2292 2482 2372 2537 sic
2398 2481 2559 2552 loqui,
2584 2483 2727 2554 quod
2753 2483 2826 2538 illi
2858 2484 3094 2541 nondum
3119 2486 3422 2542 crederent.
3439 2488 3592 2556 Quod
3613 2492 3656 2542 si

2069 2567 2211 2640 ipsos
2237 2572 2450 2642 perdat,
2481 2582 2538 2627 ut
2569 2590 2759 2631 revera
2776 2576 2984 2646 perdet;
3020 2591 3140 2630 nam
3165 2577 3260 2643 ait,
3287 2577 3540 2633 Adducite
3563 2582 3666 2634 huc

2067 2677 2153 2720 eos
2181 2663 2268 2733 qui
2296 2679 2381 2718 nte
2398 2665 2575 2719 nolunt
2599 2682 2828 2737 regnare,
2858 2677 2910 2721 et
2931 2667 3201 2736 interficite
3228 2667 3378 2740 (Luc.
3411 2670 3500 2726 l9.
3528 2671 3620 2740 Ξῖ)
3643 2690 3658 2736 ;

2067 2769 2165 2812 cur
2193 2754 2322 2810 illud
2351 2770 2461 2813 non
2487 2773 2665 2827 suum,
2693 2759 2789 2814 sed
2830 2759 3004 2816 Patris
3023 2776 3158 2830 opus
3185 2776 3306 2817 esse
3331 2762 3452 2817 dicit
3470 2765 3493 2818 ἲ
3514 2764 3576 2821 Ut
3599 2767 3662 2820 il—

2068 2843 2242 2902 lorum
2263 2862 2324 2904 se
2339 2847 2688 2905 imbecillitati
2708 2860 2757 2904 at
2767 2859 3045 2921 temperet,
3069 2853 3334 2924 sinmlque
3351 2854 3665 2912 Genitorem

2069 2953 2226 2994 suum
2257 2937 2508 2995 honoret.
2541 2940 2664 2995 Ideo
2689 2957 2793 2996 non
2837 2943 2994 3008 dixit,
3024 2943 3289 3014 Relinque
3325 2947 3542 3002 danaum
3573 2964 3662 3003 ve-

2072 3039 2242 3085 SIram
2267 3029 2534 3084 desertam
2555 3048 2573 3095 ;
2596 3029 2711 3095 sed,
2749 3029 3099 3102 Relinquetur,
3131 3034 3558 3103 itnpcrsoualiter
3582 3040 3662 3095 lo-

2073 3130 2263 3186 quens.
2294 3117 2425 3173 Cum
2450 3133 2610 3187 porro
2637 3118 2786 3182 dicit,
2817 3118 3022 3186 Quoties
3046 3121 3182 3174 volui
3204 3139 3508 3196 congregare
3528 3128 3663 3195 ﬁlios

2074 3218 2264 3266 vostros
2287 3251 2304 3279 ,
2335 3220 2387 3265 et
2410 3211 2642 3265 noluistis
2687 3210 2836 3282 (Luc.
2870 3213 2957 3268 l5.
2989 3213 3126 3282 34)?
3151 3215 3449 3286 deindeque
3477 3220 3621 3274 addit
3647 3262 3662 3287 ,

2075 3300 2429 3373 Relinquetur,
2459 3316 2518 3358 se
2545 3301 2890 3358 desolationis
2916 3313 3191 3360 auctorem
3221 3307 3478 3363 ostendit.
3505 3311 3659 3378 Quia,

2075 3395 2282 3467 inquit,
2316 3394 2590 3452 beneﬁciis
2620 3393 2866 3451 noluistis
2902 3395 2970 3451 ad
2997 3395 3322 3454 credendum
3353 3397 3566 3469 induci,
3595 3419 3662 3459 ex

2074 3486 2337 3556 supplicio
2374 3487 2706 3556 cognoscetis
2733 3486 2856 3558 quis
2879 3499 2998 3542 sum
3036 3501 3158 3559 ego.
3188 3488 3252 3543 Et
3285 3488 3442 3545 Pater
3471 3509 3663 3549 mecum

2073 3587 2164 3635 est.
2194 3577 2272 3632 Ne
2299 3586 2564 3647 putarent,
2590 3577 2744 3645 illud,
2775 3576 2875 3644 Qui
2900 3579 3036 3632 misit
3061 3595 3159 3645 me,
3186 3581 3451 3639 minorem
3488 3584 3661 3656 ipsum

2072 3667 2364 3738 declarare,
2387 3671 2554 3737 addit,
2591 3669 2796 3725 Mecum
2821 3680 2918 3726 est.
2949 3670 3106 3727 Aliud
3133 3672 3276 3728 enim
3306 3674 3662 3746 dispensatio-

2074 3760 2159 3816 nis
2179 3801 2194 3824 ,
2223 3761 2366 3816 aliud
2393 3761 2686 3817 divinitatis
2716 3771 2819 3818 est.
2863 3761 2931 3817 Et
2970 3779 3075 3817 non
3099 3765 3299 3835 reliquit
3341 3784 3420 3821 me
3456 3771 3621 3822 soluat
3644 3811 3660 3835 ,

2072 3853 2208 3922 quia,
2236 3868 2348 3925 qua:
2370 3853 2556 3923 placita
2579 3862 2696 3908 sunt
2724 3854 2791 3917 ei,
2822 3853 2955 3921 facio
2973 3871 3187 3924 semper.
3218 3857 3447 3912 Rursum
3477 3860 3541 3914 ad
3567 3861 3662 3915 bu-

2074 3942 2283 4000 niiliora
2309 3941 2618 4007 descendit,
2651 3942 2782 3996 illtul
2811 3942 3120 4012 frequenter
3159 3955 3392 4000 tractans
3411 3949 3554 4018 quod
3581 3951 3664 4006 di-

2073 4034 2303 4096 cebant,
2344 4034 2514 4103 ipsum
2545 4048 2610 4087 ex
2640 4033 2748 4086 Deo
2790 4048 2896 4085 non
2934 4047 3057 4089 esse
3080 4074 3097 4100 ,
3127 4034 3516 4108 sabbatnmqne
3555 4058 3662 4098 non

2075 4142 2290 4185 servare
2319 4143 2332 4180 :
2364 4127 2484 4182 ideo
2504 4126 2652 4191 dicit,
2683 4125 2810 4190 Qua:
2828 4125 3018 4194 placita
3039 4137 3155 4180 sunt
3176 4130 3239 4193 ei,
3270 4130 3402 4198 facio
3421 4147 3616 4200 seniper
3644 4151 3664 4188 :

2075 4218 2320 4276 indicans
2357 4217 2602 4287 placitam
2648 4215 2748 4285 ipsi
2785 4229 2905 4270 esse
2941 4216 3148 4272 sabbati
3192 4219 3539 4277 solutionem.
3572 4223 3665 4280 Sic

2076 4325 2196 4367 cum
2222 4309 2288 4365 ad
2330 4322 2544 4363 crucem
2587 4306 2908 4373 duceretur,
2938 4309 3012 4361 ait
3041 4324 3057 4360 :
3090 4308 3168 4362 An
3199 4312 3389 4378 putatis
3412 4313 3533 4383 quia
3557 4331 3662 4370 non

2079 4419 2281 4475 possunt
2305 4417 2484 4473 rogare
2509 4399 2715 4454 Patrem
2741 4399 2954 4454 meum?
2979 4398 3139 4469 Atqui
3168 4399 3268 4456 hoc
3294 4404 3464 4459 solum
3494 4405 3663 4478 dicto,

2082 4495 2241 4560 Quem
2261 4491 2524 4563 quatritt's?
2551 4489 2770 4560 supinos
2796 4488 2918 4544 illos
2947 4493 3254 4560 prostravit.
3283 4491 3392 4548 Cur
3406 4511 3532 4567 ergo
3557 4513 3663 4554 non

2079 4586 2230 4651 dicit,
2261 4586 2340 4640 An
2369 4582 2565 4654 putatis
2603 4596 2690 4637 me
2719 4595 2824 4636 non
2871 4596 3028 4652 posse
3053 4595 3148 4636 vos
3176 4581 3438 4652 perdere?
3469 4600 3588 4640 cum
3613 4587 3665 4642 id

2080 4678 2256 4747 reipsa
2302 4672 2786 4731 demonstraverit?
2814 4671 3034 4728 Illorum
3059 4671 3348 4727 inﬁrmitati
3375 4687 3435 4729 se
3472 4685 3667 4730 attent-

2081 4778 2251 4843 perat.
2283 4769 2504 4825 Multum
2530 4769 2672 4825 enim
2701 4767 2921 4823 curabat
2947 4765 3252 4832 ostendere,
3281 4781 3340 4821 se
3367 4765 3495 4821 nihil
3521 4767 3666 4824 Patrt

2081 4865 2408 4922 contrarium
2438 4863 2632 4919 facere.
2661 4861 2750 4918 Sic
2775 4868 2829 4914 et
2858 4859 2958 4913 hoc
2983 4859 3103 4913 loco
3133 4858 3366 4914 humano
3407 4875 3559 4914 more
3589 4861 3663 4915 lo-

2082 4959 2280 5033 quitur.
2313 4956 2381 5014 Ut
2407 4965 2584 5011 autem
2613 4952 2764 5018 illud,
2799 4948 2921 5004 Non
2947 4948 3146 5018 reliquit
3172 4967 3250 5004 nte
3271 4951 3668 5018 solum,dictunt

2085 5051 2182 5107 fuit
2206 5071 2221 5108 :
2247 5051 2325 5107 sic
2352 5058 2406 5106 et
2435 5047 2561 5104 illud
2583 5088 2598 5113 ,
2631 5048 2759 5114 Qua:
2800 5043 2987 5114 placita
3014 5053 3130 5096 sunt
3173 5044 3220 5095 ei
3237 5082 3252 5107 ,
3295 5045 3429 5113 facio
3454 5059 3670 5113 semper.

2085 5145 2175 5200 50.
2205 5141 2330 5198 Haec
2355 5141 2444 5195 illo
2475 5139 2726 5204 loquente,
2756 5134 2902 5188 multi
2926 5133 3249 5188 crediderunt
3279 5133 3330 5184 in
3361 5148 3494 5186 eum.
3538 5133 3671 5187 Cum

2086 5237 2152 5293 ad
2186 5234 2466 5291 humiliora
2503 5229 2809 5294 descendit,
2843 5237 2970 5282 tunc
3005 5226 3157 5281 multi
3187 5224 3550 5280 crediderunt.
3591 5227 3672 5280 An

2087 5333 2261 5390 adhuc
2301 5331 2602 5394 interrogas
2644 5336 2740 5376 cur
2783 5320 3056 5373 humiliter
3103 5317 3389 5387 loquatur?
3416 5318 3573 5386 Atqui
3620 5319 3672 5373 id

2089 5423 2368 5482 manifeste
2413 5415 2665 5472 indicavit
2702 5411 3030 5483 evangelista
3071 5409 3256 5464 dicens
3289 5426 3302 5461 :
3337 5407 3459 5460 "me
3487 5409 3578 5461 illo
3598 5409 3672 5462 lo-

2089 5523 2286 5584 quente,
2313 5509 2458 5565 multi
2483 5505 2800 5562 crediderunt
2822 5505 2873 5558 in
2901 5517 3049 5566 cum;
3079 5510 3282 5554 tantum
3312 5513 3416 5550 non
3437 5499 3674 5554 clamans

2091 5628 2156 5665 ex
2174 5607 2333 5662 rebus
2358 5603 2486 5672 ipsis
2507 5621 2520 5656 :
2539 5601 2616 5656 Ne
2634 5597 2884 5664 turheris,
2899 5597 3128 5658 auditor,
3147 5593 3189 5647 si
3213 5589 3337 5660 quid
3358 5588 3556 5642 humile
3576 5604 3674 5644 att-

2093 5704 2225 5761 dias.
2247 5698 2344 5766 Qui
2373 5693 2512 5750 enim
2533 5699 2654 5767 post
2669 5699 2866 5746 tantam
2879 5690 3170 5747 doctrinam
3195 5679 3428 5738 nondum
3443 5677 3688 5750 persuasi
