4094 6204
457 245 559 305 995

454 372 603 421 erant
629 362 800 431 ipsum
820 374 849 412 a
876 356 1032 412 l‘atre
1058 366 1196 414 esse,
1220 349 1411 403 merito
1434 345 1713 401 humiliora
1739 339 2038 407 audierunt,

457 467 514 509 ut
537 453 838 509 crederent.
871 443 1188 512 Bthteejam
1225 437 1469 494 defensio
1502 435 1834 506 prtetnittitur
1853 449 1951 503 pro
1980 432 2040 485 iis

459 564 574 617 qua:
589 555 767 616 postea
785 540 1051 597 humiliter
1061 537 1299 591 dicturus
1311 529 2040 596 est.Crcdideruntcrgo;nott

457 616 637 691 tamen
654 640 910 703 quantum
928 625 1227 699 oportebat,
1244 622 1337 677 sed
1359 630 1662 690 utcumque,
1680 618 1731 671 iu
1748 616 2043 671 humilitate

455 730 738 784 verborum
767 721 973 792 placide
1001 719 1372 775 consistentes.
1405 713 1558 782 Quod
1603 712 1745 767 enim
1770 725 1873 764 no.1
1918 725 2041 778 pcr-

458 822 648 876 fectam
719 816 977 870 haberent
1046 811 1238 873 fidem,
1295 815 1556 861 monstrat
1609 800 1929 871 evangelista
1991 799 2040 851 in

456 912 841 985 sequentibus,
889 907 976 962 ubi
1019 905 1116 975 ipsi
1156 899 1531 958 contumeliam
1587 894 1838 951 inferunt.
1890 890 2042 958 Quod

454 1020 634 1062 autent
686 1004 844 1059 iidem
886 1002 986 1071 ipsi
1015 1005 1237 1061 essent,
1283 991 1533 1048 iudicavit
1576 990 1660 1044 his
1700 987 1920 1042 verbis:
1952 987 2039 1041 5|.

462 1099 666 1153 Dicebat
696 1113 812 1167 ergo
845 1093 998 1148 Iesus
1032 1091 1099 1144 ad
1133 1106 1215 1143 eos
1253 1088 1338 1156 qui
1369 1085 1687 1139 crediderant
1715 1082 1759 1134 ei
1784 1079 1993 1133 Iudicas
2026 1094 2044 1132 :

459 1192 521 1245 Si
543 1207 627 1244 vos
649 1186 930 1241 manseritis
952 1186 1003 1237 in
1029 1196 1257 1236 sermone
1284 1195 1414 1243 meo;
1432 1174 1722 1231 ostendens
1748 1174 1890 1242 ipsos
1920 1187 2043 1225 non-

455 1282 581 1336 dum
615 1278 916 1348 suscepisse
945 1274 1242 1328 doctrinam
1269 1313 1282 1335 ,
1311 1270 1406 1325 sed
1436 1268 1591 1323 dictis
1618 1266 1899 1321 attendere
1930 1275 2044 1316 tan-

459 1384 591 1428 tum.
625 1372 959 1439 QuaprOpter
1008 1363 1377 1421 vehementius
1429 1360 1683 1429 loquitur.
1730 1357 1843 1412 lllic
1898 1355 2043 1410 enim

455 1463 769 1533 simpliciter
795 1459 1025 1524 dicebat,
1048 1455 1294 1521 Quwretis
1322 1468 1434 1516 me;
1466 1466 1605 1505 nunc
1635 1464 1762 1502 vero
1792 1446 1957 1511 addit,
1982 1444 2043 1497 In

457 1555 673 1624 peccatis
697 1551 869 1606 vestris
890 1547 1189 1602 moriemini.
1219 1546 1282 1600 Et
1303 1540 1573 1614 quomodo
1600 1540 1651 1594 id
1672 1541 1761 1593 fiat
1787 1537 2041 1601 ostendit,

454 1650 586 1715 Quia
610 1660 732 1701 eum
762 1658 827 1697 co
857 1639 1132 1701 veneritis,
1164 1654 1266 1691 nou
1301 1634 1544 1704 poteritis
1573 1648 1657 1686 me
1680 1645 1890 1700 rogare.
1918 1628 2043 1681 lla'c

454 1754 568 1809 qua:
605 1739 782 1805 loquor
818 1736 871 1789 in
910 1732 1119 1785 mundo.
1154 1729 1245 1784 llis
1273 1728 1509 1782 declarat
1536 1739 1595 1779 se
1619 1723 1729 1792 jam
1774 1722 2042 1820 exiturum

455 1830 521 1883 ad
551 1837 753 1898 gentes.
784 1826 915 1881 Cum
945 1838 1074 1877 vero
1092 1835 1196 1875 non
1220 1819 1417 1873 scirent
1440 1816 1610 1883 ipsum
1628 1813 1696 1869 de
1717 1813 1874 1867 Patre
1900 1813 2044 1879 prius

459 1924 734 1989 loquututn
761 1931 883 1972 esse
908 1956 923 1979 ,
957 1927 1166 1969 rursum
1193 1911 1262 1966 de
1292 1910 1384 1963 illo
1410 1908 1640 1978 loquitur
1664 1948 1679 1972 ,
1712 1914 1764 1959 et
1792 1918 2003 1959 causam
2023 1943 2038 1967 ,

453 2030 552 2067 cur
579 2009 848 2064 lnuuiliter
878 2007 1126 2075 loquutus
1157 2003 1246 2067 sit,
1276 2001 1430 2056 affert
1456 1998 1803 2068 evangelista.

526 2104 579 2158 5.
609 2100 663 2156 Si
692 2101 769 2156 sic
789 2115 917 2169 ergo
943 2096 1247 2168 Scripturas
1268 2101 1521 2148 accurate
1545 2088 1771 2145 scrutari
1796 2088 2041 2155 velimus,

456 2211 561 2248 nott
605 2191 1002 2261 perfunctorie,
1050 2188 1278 2243 salutem
1322 2183 1578 2254 consequi
1625 2181 1957 2253 poterimus;
1998 2180 2042 2233 si

457 2284 669 2338 assidue
696 2284 746 2336 itt
773 2282 878 2336 illis
906 2294 1182 2335 versemur
1201 2318 1217 2345 ,
1250 2286 1304 2331 et
1331 2277 1383 2330 in
1412 2290 1537 2331 vera
1564 2273 1810 2329 doctrina
1838 2282 1891 2327 et
1922 2273 2043 2328 vita:

400 2398 415 2417 ο
456 2376 722 2447 probitate
750 2374 1106 2428 iustituemur.
1138 2371 1215 2425 Ac
1260 2369 1386 2424 licet
1425 2368 1591 2423 durus
1630 2368 1701 2422 sit
1738 2368 2041 2438 quispiam,

458 2467 698 2532 immitis,
718 2465 915 2531 mollis;
947 2463 1070 2517 licet
1102 2461 1419 2531 praecedenti
1444 2469 1683 2530 tempore
1709 2459 1840 2514 nihil
1874 2459 2045 2514 lucra-

458 2570 542 2613 tus
572 2557 763 2621 fuerit,
796 2569 937 2611 nunc
981 2554 1171 2609 saltem
1228 2551 1474 2623 proticiet
1497 2591 1513 2616 ,
1543 2559 1597 2605 et
1623 2551 1854 2620 aliquam
1885 2590 1900 2615 ,
1941 2550 2044 2605 etsi

458 2667 565 2706 non
588 2652 804 2714 sentiat,
827 2647 1107 2701 utilitatem
1128 2645 1400 2713 deeerpet.
1419 2642 1551 2698 Nam
1571 2642 1616 2695 si
1641 2642 2042 2712 unguentariam

456 2744 725 2800 ofticinam
754 2742 873 2811 quis
901 2739 1087 2794 adiens
1107 2777 1121 2801 ,
1153 2737 1198 2791 si
1230 2737 1281 2790 in
1309 2735 1399 2790 illa
1431 2742 1708 2800 moretur,
1742 2733 1824 2787 vel
1849 2733 2044 2805 invitus

457 2852 676 2892 suavem
714 2834 944 2903 aliquem
986 2838 1342 2900 consequetur
1369 2826 1626 2891 odorem;
1663 2824 1834 2880 multo
1876 2822 2044 2893 magis

456 2931 546 2993 aui
574 2926 855 2982 ecclesiam
882 2923 1203 2993 frequentat.
1229 2921 1298 2977 Ut
1326 2920 1465 2976 enim
1496 2934 1560 2974 ex
1586 2918 1789 2973 desidia
1815 2958 1829 2982 ,
1872 2916 2041 2986 negli-

458 2991 634 3086 gentia
664 3036 678 3072 :
706 3017 784 3072 sic
815 3031 879 3071 ex
922 2991 1231 3085 «peratione
1256 3052 1271 3079 ,
1311 3011 1476 3066 animi
1523 3009 1683 3065 ardor
1713 3009 1903 3064 oritur.
1933 3007 2041 3062 Etsi

457 3110 610 3165 malis
636 3108 711 3163 sis
736 3105 1030 3162 innumeris
1078 3103 1330 3171 refertus,
1359 3102 1460 3157 etsi
1488 3102 1745 3172 impurus,
1767 3100 1876 3155 noli
1906 3099 2043 3155 hanc

458 3203 623 3255 vitare
651 3199 1024 3268 frequentiam.
1055 3195 1189 3263 Quid
1216 3210 1342 3250 vero
1362 3235 1375 3259 ,
1410 3193 1625 3264 inquis,
1657 3195 1700 3246 si
1725 3193 1904 3247 audita
1935 3208 2040 3246 non

456 3293 752 3363 exsequar?
781 3292 897 3347 Non
931 3306 1116 3360 parum
1144 3289 1275 3343 lucri
1305 3296 1391 3343 est
1410 3328 1425 3353 ,
1456 3288 1499 3341 si
1532 3296 1583 3342 te
1612 3288 1867 3342 anserum
1900 3301 2040 3355 pne-

452 3383 736 3447 dicaveris;
761 3398 866 3438 non
891 3381 1092 3435 inutilis
1118 3380 1205 3434 hic
1228 3380 1388 3433 timor
1410 3387 1510 3441 est,
1538 3393 1642 3431 non
1667 3377 2041 3447 intempestiva

460 3477 685 3534 formido
715 3494 726 3529 :
752 3476 795 3529 si
825 3477 997 3529 solum
1026 3471 1371 3541 ingemueris,
1398 3470 1538 3540 quod
1559 3471 1736 3524 audita
1763 3485 1867 3525 non
1885 3486 2036 3525 exse-

454 3568 638 3635 quaris
663 3607 677 3631 ,
715 3563 1001 3635 aliquando
1038 3562 1104 3615 ad
1142 3560 1406 3631 agendqu
1451 3570 1505 3615 te
1541 3561 1893 3630 comparabis.
1928 3561 2040 3615 Non

460 3666 634 3728 potest
664 3659 807 3710 enim
850 3655 939 3724 qtti
982 3655 1145 3708 Deum
1186 3653 1479 3723 alloquitur
1501 3694 1515 3717 ,
1551 3653 1829 3723 ipSumque
1857 3653 2040 3721 audit,

457 3764 564 3805 non
594 3746 791 3816 aliquid
831 3744 961 3800 lucri
1003 3744 1278 3815 consequi.
1311 3745 1499 3799 Statim
1536 3746 1682 3799 enim
1713 3761 1809 3801 nos
1834 3745 2041 3815 colligi-

458 3853 577 3907 mus
604 3850 899 3906 manusque
927 3834 1214 3902 abluitnus,
1246 3850 1370 3889 cmn
1400 3835 1592 3889 librum
1622 3836 1866 3904 accipere
1887 3835 2041 3889 volu-

457 3946 596 3985 mus.
624 3927 809 3983 Viden‘
837 3935 1034 3998 quanta
1065 3929 1147 3981 vel
1179 3936 1305 3981 ante
1343 3926 1623 3981 lectionem
1649 3925 1859 3996 pietas?
1888 3925 2040 3994 Quod

455 4024 498 4078 si
529 4022 812 4093 diligenter
840 4036 1140 4091 pergamus,
1163 4035 1406 4090 magnam
1429 4035 1709 4091 carpemus
1736 4018 2039 4074 utilitatem.

455 4116 638 4187 Neque
657 4115 800 4170 enim
829 4113 927 4168 nisi
958 4114 1132 4167 anima
1165 4113 1247 4182 pie
1272 4111 1482 4176 affecta,
1514 4128 1702 4167 manus
1725 4111 2001 4168 abluemus
2025 4129 2038 4166 :

1198 234 1255 291 S.
1296 229 1574 289 JO.\NNlS
1611 224 2083 285 CIIRYSOSTOMI
2125 223 2440 280 ARCIIIBP.
2482 226 3014 284 CONSTANTINOP.

3628 232 3732 287 206

2152 350 2199 397 ct
2236 339 2448 405 mulier,
2474 340 2517 395 si
2547 356 2651 395 non
2679 351 2862 410 operta
2883 342 2972 406 sit,
2996 342 3172 396 statim
3196 342 3369 398 velum
3396 347 3644 410 assumit,
3680 348 3727 401 iu

2146 439 2518 501 atgumcntntn
2543 432 3044 501 pietatisinterioris
3074 448 3090 489 :
3118 433 3217 499 vir,
3251 434 3296 488 si
3325 443 3515 502 operto
3545 436 3608 490 sit
3636 454 3723 490 ca-

2148 524 2288 592 pite,
2322 522 2481 577 nudat
2506 532 2683 591 caput.
2716 522 2901 577 Viden'
2926 522 3196 592 quomodo
3220 535 3474 579 externus
3519 524 3729 582 habitus

2148 614 2367 668 interna:
2404 614 2473 667 sit
2500 613 2709 682 pictatis
2737 611 3023 667 indicium?
3052 612 3176 668 lude
3203 615 3400 670 sedens
3427 614 3492 668 ad
3521 616 3726 671 audien-

2145 705 2304 770 dum,
2331 704 2582 776 frequens
2631 705 2958 777 ingemiscit,
2997 718 3050 766 et
3091 707 3413 778 prater-itam
3441 710 3602 761 vitam
3633 707 3728 762 da-

2146 810 2311 852 mnat.
2347 799 2634 869 Scripturis
2664 817 2790 871 ergo
2817 804 3050 856 animum
3074 800 3657 864 adhilmamus,dilecti,
3678 810 3729 857 et

2145 890 2331 943 saltem
2360 892 2630 961 evangelia
2659 893 2896 947 studiose
2926 903 3235 950 tractemus.
3267 893 3455 947 Statim
3478 893 3621 947 enim
3648 904 3725 947 at-

2145 996 2247 1049 que
2271 981 2459 1035 librmn
2488 984 2763 1051 aperueris
2782 1023 2797 1048 ,
2829 985 3024 1039 Christi
3064 1001 3256 1040 nomen
3292 984 3495 1039 videbis
3519 1026 3535 1050 ,
3564 995 3619 1039 et
3646 986 3722 1040 di-

2144 1083 2352 1128 centem
2400 1074 2545 1128 illum
2594 1075 2825 1133 audies:
2870 1076 2996 1130 Iesu
3039 1088 3203 1130 autent
3248 1078 3436 1133 Christi
3477 1081 3726 1149 generatio

2144 1164 2217 1217 sic
2246 1174 2370 1217 erat.
2402 1164 2527 1219 Cum
2548 1178 2674 1220 esset
2692 1168 2992 1237 desponsata
3005 1179 3163 1222 mater
3185 1170 3292 1238 ejus
3322 1169 3491 1223 Maria
3516 1168 3724 1241 Joseplt,

2145 1254 2343 1309 inventa
2372 1266 2443 1309 est
2467 1257 2517 1310 in
2542 1267 2681 1311 utero
2710 1258 2896 1312 habens
2921 1261 2983 1312 de
3012 1259 3210 1329 Spiritu
3235 1270 3408 1315 sancto
3440 1260 3654 1319 (Matth.
3676 1266 3725 1318 1.

2148 1347 2259 1417 18).
2288 1348 2385 1416 Qtti
2413 1358 2592 1405 autem
2625 1354 2740 1405 ha-c
2768 1352 3014 1419 audierit,
3043 1354 3221 1408 statim
3250 1355 3569 1425 virginitatis
3592 1372 3727 1411 amo~

2145 1454 2203 1494 re
2226 1441 2492 1509 capietur,
2538 1451 2743 1511 partum
2770 1444 3045 1499 mirabitur
3065 1487 3078 1509 ,
3107 1461 3136 1499 a
3162 1454 3300 1501 terra
3329 1449 3597 1519 migrabit.
3623 1449 3727 1508 Nec

2147 1546 2243 1602 pro
2271 1534 2480 1588 modico
2516 1535 2821 1590 habendum
2850 1545 2926 1590 est
2953 1577 2967 1601 ,
3000 1539 3042 1591 si
3075 1538 3155 1593 vel
3192 1539 3417 1607 carptim
3453 1539 3727 1611 obiterque

2148 1624 2342 1680 videris
2368 1626 2568 1694 Spiritu
2591 1638 2781 1683 sancto
2803 1629 3071 1698 diguatam
3091 1630 3383 1702 Virginem,
3412 1641 3467 1687 et
3485 1634 3725 1705 angelum

2150 1716 2316 1787 ipsam
2350 1718 2730 1785 alloquentem.
2774 1721 2898 1776 lla‘c
2938 1722 3113 1777 adhuc
3151 1724 3202 1778 in
3241 1723 3525 1794 superficie
3562 1734 3725 1781 sunt:

2147 1808 2238 1862 sed
2263 1809 2308 1863 si
2338 1808 2449 1863 lucc
2478 1811 2802 1881 speculando
2823 1829 2989 1884 usque
3012 1814 3061 1869 itt
3092 1813 3250 1870 finem
3279 1829 3613 1885 perseveres,
3634 1834 3728 1874 sa:-

2145 1900 2347 1954 cularia
2366 1902 2546 1956 statim
2572 1903 2748 1958 omnia
2778 1919 3029 1975 respues,
3061 1914 3272 1961 terrena
3308 1908 3489 1962 omnia
3523 1909 3727 1964 deride-

2146 1993 2228 2048 bis
2257 2011 2269 2046 :
2302 1994 2347 2048 si
2371 1994 2520 2051 dives
2550 1996 2645 2063 sis,
2671 1996 2883 2051 divitias
2918 1998 3047 2052 nihil
3074 2012 3194 2054 esse
3220 2001 3405 2065 duces,
3436 2002 3522 2057 ubi
3549 2000 3728 2058 audies

2147 2084 2287 2138 illam
2319 2085 2451 2140 fabri
2489 2103 2707 2142 uxorem
2744 2088 2797 2143 iu
2831 2089 3013 2143 humili
3034 2089 3230 2157 domo,
3267 2100 3488 2147 matrem
3524 2093 3727 2148 Domini

2146 2176 2337 2243 fuisse;
2364 2179 2403 2230 si
2434 2194 2633 2248 pauper
2654 2221 2669 2246 ,
2699 2179 2767 2236 de
2799 2192 3108 2251 paupertate
3135 2199 3239 2238 non
3261 2185 3551 2241 erubesces
3569 2228 3582 2251 ,
3609 2202 3727 2241 eum

2146 2267 2395 2323 didiceris
2421 2271 2725 2326 Creatorem
2750 2274 2932 2328 mundi
2958 2274 3266 2331 vilissimum
3289 2290 3471 2333 casam
3491 2293 3595 2331 non
3613 2293 3728 2333 cru-

2146 2358 2347 2415 bttisse.
2380 2360 2504 2415 lltec
2528 2363 2569 2416 si
2596 2364 2799 2435 cogites
2818 2405 2833 2431 ,
2862 2380 2967 2430 non
2996 2366 3169 2437 rapies
3188 2409 3206 2435 ,
3239 2382 3343 2423 non
3368 2383 3563 2424 avarus
3589 2370 3726 2434 eris,

2148 2465 2253 2505 non
2278 2452 2329 2506 in
2356 2452 2524 2508 aliena
2555 2454 2836 2523 involabis;
2862 2458 2957 2513 sed
2981 2461 3157 2528 potius
3177 2462 3504 2532 paupertatis
3528 2473 3730 2519 amator

2147 2546 2273 2607 eris,
2301 2546 2619 2617 divitiasque
2640 2548 2907 2620 dCSpiClCS
2938 2569 2951 2605 :
2975 2550 3098 2607 hinc
3125 2553 3262 2608 mala
3286 2554 3729 2612 omniaclituina-

2146 2640 2247 2694 bis.
2284 2640 2487 2697 Rursus
2508 2658 2629 2696 cum
2654 2644 2849 2699 videris
2875 2644 3056 2700 Jcsum
3075 2645 3127 2701 in
3158 2648 3419 2718 prazsepio
3437 2648 3726 2718 jacentctn,

2148 2746 2254 2785 non
2287 2732 2423 2786 ultra
2461 2733 2674 2788 curabis
2706 2734 2815 2789 filio
2849 2744 2942 2790 tuo
2972 2745 3219 2792 ornatum
3249 2753 3469 2793 aureum
3499 2739 3726 2794 circuat-

2149 2838 2349 2893 ponere
2368 2865 2383 2890 ,
2408 2841 2513 2879 nott
2542 2826 2734 2881 lectum
2760 2838 2981 2898 argento
3007 2829 3315 2885 decoratum
3346 2832 3495 2886 usori
3524 2847 3726 2903 parare.

2146 2912 2240 2969 llis
2265 2916 2488 2983 abjectis
2512 2917 2676 2984 euris,
2701 2917 2810 2986 jam
2839 2934 2942 2974 non
2959 2921 3197 2976 avaritia:
3225 2922 3317 2977 vel.
3336 2924 3536 2993 rapina:
3556 2924 3730 2980 stude-

2147 3003 2249 3059 bis.
2275 3005 2433 3061 t‘llnlta
2460 3007 2561 3061 alia
2600 3007 2722 3063 hinc
2766 3010 2909 3064 lucra
2955 3021 3282 3083 sequuntur,
3313 3028 3432 3084 qure
3463 3031 3604 3071 nunc
3630 3033 3729 3072 non

2147 3115 2431 3172 possumus
2457 3103 2759 3173 singulatim
2795 3120 3119 3173 recensere;
3141 3106 3235 3162 sed
3259 3109 3429 3163 scient
3459 3109 3494 3165 ii
3523 3110 3614 3181 qui
3642 3126 3732 3166 ex-

2148 3193 2451 3263 perimento
2477 3194 2783 3252 didicerint.
2811 3199 3147 3268 Quapropter
3176 3216 3325 3271 rogo,
3355 3200 3520 3257 libros
3552 3201 3732 3272 hujus-

2148 3284 2291 3339 tnodi
2322 3286 2471 3340 vobis
2509 3288 2866 3357 contparetis,
2907 3289 3165 3345 librorum
3193 3307 3359 3348 sensa
3394 3294 3730 3363 percipiatis,

2146 3386 2305 3446 atque
2333 3376 2386 3431 iu
2409 3378 2675 3434 mentibus
2704 3382 2896 3436 vestris
2922 3382 3255 3439 describatis.
3282 3385 3452 3442 Judaei
3482 3401 3730 3460 namque,

2146 3467 2269 3536 quia
2298 3482 2401 3521 non
2433 3469 2668 3524 animum
2696 3470 3042 3540 adhibebant,
3065 3473 3199 3544 jussi
3229 3487 3354 3533 sunt
3383 3477 3551 3534 libros
3575 3481 3733 3535 mani-

2145 3558 2245 3613 bus
2276 3559 2583 3628 appendere
2607 3580 2619 3615 :
2644 3578 2742 3617 nos
2762 3573 2939 3619 autem
2971 3582 3075 3620 non
3101 3568 3152 3620 itt
3175 3568 3441 3633 ntanibus,
3468 3570 3561 3627 sed
3589 3571 3731 3629 domi

2146 3648 2483 3719 deponimus,
2507 3666 2627 3707 cum
2656 3666 2926 3723 oporteret
2955 3657 3006 3711 in
3034 3658 3197 3714 corde
3221 3676 3463 3717 exarare.
3481 3661 3572 3719 Sic
3590 3665 3729 3719 enim

2146 3741 2405 3798 abstersis
2448 3746 2571 3800 vita:
2609 3747 2884 3813 sordibus,
2923 3749 3095 3806 futura
3135 3766 3526 3824 consequemur
3552 3756 3727 3812 bona:

2146 3852 2267 3907 quae
2297 3838 2497 3892 utinam
2522 3839 2902 3908 adipiscamur,
2934 3843 3103 3913 gratia
3130 3853 3185 3900 et
3209 3844 3539 3916 benignitate
3564 3849 3731 3906 Domi.

2148 3929 2202 3983 ni
2230 3932 2397 3985 nostri
2443 3930 2568 3986 .lcsu
2607 3931 2806 3988 Christi
2840 3976 2853 3999 ,
2897 3951 2991 4004 per
3029 3951 3185 4004 quem
3222 3946 3275 3992 et
3310 3953 3431 3994 cum
3459 3955 3565 4011 quo
3592 3940 3726 3996 Patri

2145 4022 2311 4093 gl-tria
2336 4064 2350 4084 .
2383 4023 2645 4093 simulque
2678 4025 2894 4093 Spiritui
2919 4038 3133 4094 sancto,
3166 4044 3309 4084 nunc
3335 4039 3387 4084 et
3413 4045 3655 4102 semper,
3677 4041 3731 4088 et

2148 4114 2200 4168 in
2231 4115 2424 4169 saecula
2461 4117 2799 4171 sa-culornm.
2835 4118 3025 4171 Amen.

1783 4301 2128 4366 HOMILIA
2168 4305 2331 4367 LIV.

452 4458 581 4515 Car.
601 4457 653 4511 8.
677 4470 730 4510 v.
753 4455 843 4510 51.
877 4450 1083 4505 Dicebat
1111 4463 1229 4519 ergo
1253 4445 1287 4500 J
1292 4463 1403 4501 esus
1422 4445 1489 4498 ad
1509 4462 1592 4500 eos
1612 4447 1695 4515 qui
1722 4445 2039 4501 crediderunt

523 4550 568 4604 ei
593 4547 806 4605 Indicos
835 4561 852 4601 :
883 4543 941 4599 Si
970 4559 1053 4596 vos
1082 4538 1361 4593 manseritis
1407 4538 1457 4590 in
1495 4553 1723 4592 sermone
1751 4552 1859 4589 meo
1879 4576 1893 4598 ,
1926 4552 2038 4591 vere

522 4644 761 4716 discipuli
804 4640 901 4694 mei
925 4636 1063 4691 erilis
1084 4673 1098 4699 ,
1144 4632 1234 4687 52.
1266 4639 1313 4682 et
1339 4631 1643 4698 cognoscetis
1672 4630 1929 4683 ceritatem
1948 4670 1964 4696 ,
1988 4639 2034 4683 et

524 4738 704 4792 veritas
733 4730 960 4786 liberabit
991 4742 1100 4779 vos.

528 4831 581 4883 1.
623 4824 784 4878 Multa
812 4820 966 4875 nobis
994 4813 1244 4886 patientia
1287 4824 1420 4879 opus
1447 4817 1554 4873 est,
1584 4808 1783 4863 dilecti.
1819 4809 2032 4865 Patien—

453 4925 525 4978 tia
551 4930 727 4974 autem
762 4925 886 4968 tunc
913 4909 1226 4980 acquiritur,
1257 4918 1378 4957 cum
1405 4902 1652 4972 dogmata
1684 4902 1733 4953 in
1766 4902 1925 4955 corde
1950 4918 2035 4956 ra-

452 5016 602 5069 (ηερε
622 5016 863 5080 (εειιτυιιι,
891 5004 957 5058 Ut
977 5002 1116 5056 enim
1143 5011 1395 5068 quercum
1421 4992 1693 5063 profundis
1721 4992 2031 5047 instructam

454 5106 720 5163 radicibus
744 5098 944 5172 quaevis
973 5093 1113 5150 venti
1146 5088 1397 5145 violentia
1430 5101 1532 5140 non
1564 5085 1744 5141 evellit
1773 5103 1786 5136 :
1811 5084 1891 5139 sic
1920 5086 2034 5139 aui-

456 5213 594 5253 mam
621 5194 802 5248 divino
826 5188 1087 5244 confixam
1122 5185 1311 5237 timore
1338 5193 1494 5233 nemo
1520 5178 1715 5248 poterit
1743 5187 1990 5233 evertere
2016 5197 2029 5234 :

454 5289 619 5342 clavis
647 5284 789 5338 enim
820 5280 1036 5335 affivutn
1065 5288 1184 5328 esse
1212 5271 1443 5339 amplius
1486 5279 1566 5323 est
1586 5310 1599 5330 .
1632 5284 1788 5338 quam
1821 5269 2032 5323 radica-

456 5393 564 5436 mm
594 5390 730 5433 esse.
762 5373 814 5426 ld
845 5368 1154 5439 precabatur
1195 5362 1449 5433 propheta
1469 5403 1483 5428 ,
1512 5361 1720 5432 Conﬁge
1746 5362 1923 5415 timore
1948 5374 2033 5417 tuo

454 5488 630 5529 carnes
658 5482 787 5520 metu
819 5460 984 5530 (Psal.
1029 5458 1142 5512 IIS.
1179 5455 1318 5524 1‘20).
1347 5454 1435 5508 Sic
1461 5464 1513 5510 et
1536 5456 1810 5523 tucouligc
1836 5463 1889 5509 et
1911 5456 2032 5510 alli-

454 5585 517 5638 ga
537 5609 550 5632 ,
579 5562 728 5634 quasi
751 5559 903 5613 clavo
926 5552 1086 5608 altius
1116 5552 1361 5619 impacto.
1389 5546 1456 5605 Ut
1477 5550 1616 5602 euittt
1645 5548 1721 5602 sic
1749 5547 1920 5602 affecti
1946 5548 2029 5603 vix

456 5659 765 5729 capiantur,
800 5651 874 5705 sic
920 5663 1071 5703 secus
1116 5642 1392 5714 compositi
1435 5644 1589 5715 captu
1637 5640 1854 5709 faciles,
1888 5641 2032 5699 nullo

2146 4452 2360 4520 negotio
2384 4452 2721 4521 dejiciuntur.
2747 4455 2896 4524 Quod
2923 4467 3046 4512 tunc
3072 4457 3243 4515 Judaei
3266 4462 3407 4531 passi
3427 4472 3571 4518 sunt.
3597 4462 3725 4519 Cum

2144 4543 2416 4599 audissent
2464 4548 2603 4600 enim
2647 4557 2700 4602 et
2740 4549 3132 4618 credidissent,
3166 4568 3350 4609 rursus
3376 4555 3546 4611 eversi
3581 4565 3727 4612 sunt.

2145 4635 2275 4691 Cum
2307 4653 2433 4707 ergo
2472 4639 2627 4693 tidem
2660 4640 2869 4695 illorqu
2896 4642 3138 4699 Christus
3182 4646 3471 4703 firmiorem
3502 4649 3726 4704 reddere

2144 4726 2328 4793 vellet,
2359 4744 2425 4783 ne
2450 4728 2581 4781 ultra
2611 4729 2661 4782 in
2686 4731 2796 4785 sola
2819 4734 3102 4802 superficie
3128 4749 3405 4806 maneret,
3432 4740 3723 4795 vehemen-

2147 4820 2279 4871 tiore
2296 4833 2544 4873 sermone
2569 4820 2805 4877 animum
2826 4827 3061 4896 contigit.
3082 4826 3425 4885 Credentium
3444 4832 3587 4887 enim
3611 4842 3727 4886 erat

2146 4908 2591 4977 reprehensiones
2609 4913 2761 4969 facile
2784 4916 3011 4972 tolerare
3037 4935 3051 4971 :
3078 4919 3152 4973 illi
3182 4937 3309 4977 vero
3326 4925 3503 4978 statim
3537 4940 3723 4980 excan-

2142 4997 2390 5053 duerunt.
2419 4999 2698 5067 Quomodo
2743 5003 2793 5057 id
2842 5007 2987 5075 agit?
3013 5007 3194 5063 Primo
3243 5012 3524 5066 hortatur:
3554 5015 3614 5069 Si
3639 5031 3721 5069 vos

2143 5091 2427 5144 manseritis
2457 5090 2509 5145 in
2536 5108 2767 5148 sermone
2798 5112 2905 5149 meo
2925 5138 2938 5161 ,
2971 5114 3082 5153 vere
3107 5100 3344 5172 discipuli
3369 5104 3467 5156 mei
3489 5105 3647 5171 eritis,
3676 5116 3723 5159 et

2141 5185 2322 5238 veritos
2348 5186 2573 5241 liberabit
2601 5204 2721 5254 vos;
2741 5204 2804 5245 ac
2825 5190 2867 5244 si
2888 5191 3088 5247 diceret
3109 5210 3122 5245 :
3150 5196 3324 5249 Altam
3348 5197 3581 5251 facturus
3602 5194 3717 5252 sum

2142 5277 2473 5345 incisionem;
2501 5280 2595 5335 sed
2624 5296 2690 5335 ne
2715 5283 3075 5352 exagitentini.
3109 5285 3220 5341 ltno
3242 5302 3369 5341 vero
3401 5288 3483 5343 his
3511 5287 3716 5342 illorum

2140 5368 2447 5439 superbiam
2473 5373 2747 5441 repressit.
2775 5374 2817 5427 Α
2842 5390 2970 5445 quo,
2993 5390 3194 5444 qumso,
3228 5378 3513 5435 liberabit?
3533 5384 3571 5434 Α
3597 5396 3715 5451 pec-

2142 5460 2297 5513 catis.
2326 5460 2459 5527 Quid
2492 5476 2618 5532 ergo
2661 5475 2970 5535 arrogantes
3010 5466 3126 5519 illi?
3155 5468 3242 5522 35.
3278 5469 3463 5524 Semen
3505 5472 3718 5526 Abraba:

2140 5568 2346 5615 sumus,
2374 5561 2418 5605 et
2466 5554 2652 5607 nemini
2694 5555 2982 5609 servirinms
3026 5572 3279 5627 umquam.
3325 5560 3513 5615 Statim
3540 5563 3717 5617 animo

2145 5641 2477 5713 deciderunt,
2514 5646 2633 5716 quia
2666 5647 2892 5701 terrenis
2924 5646 3219 5702 inhiabant.
3255 5650 3385 5705 llltttl
3408 5694 3423 5717 ,
3452 5652 3514 5707 Si
3545 5669 3730 5705 manse-
