3984 6196
223 377 299 433 997
1173 358 1235 414 IN
1274 357 1583 415 JOANNEM
1625 356 1849 413 ll0.\lll..
1894 357 2029 413 LIV.
2067 361 2140 416 al.
2180 360 2313 417 LIII.

213 489 299 545 uri:
316 485 361 539 in
378 492 588 537 seruwne
610 489 741 539 meo,
764 481 849 528 est
877 471 1164 539 indicantis
1191 471 1318 544 quid
1347 472 1403 527 in
1422 470 1586 527 corde
1607 485 1726 526 ver-

209 587 352 637 sarent
367 617 382 643 ,
406 582 455 630 ct
478 570 687 628 scientis
716 569 863 639 ipsos
888 565 1185 623 credidisse
1209 565 1423 638 quidem
1446 607 1461 633 ,
1490 579 1598 620 non
1629 579 1727 618 au-

205 683 285 728 tem
313 666 546 725 "IIIISISSC
571 664 622 718 in
651 660 781 717 ﬁde.
808 659 875 715 Et
922 673 1174 731 magnum
1204 656 1474 730 quidpiam
1504 656 1727 728 promit-

202 768 270 832 tit,
310 762 436 832 ipsos
479 769 664 825 nempe
705 751 1002 824 discipulos
1044 750 1164 822 ejus
1216 751 1354 806 fore.
1405 749 1538 805 Cum
1584 749 1727 805 enim

200 852 397 911 nonnulli
423 864 581 919 nuper
603 846 987 909 recessissent,
1021 844 1169 915 ipsos
1189 841 1545 899 subindicans
1565 840 1726 907 dicit,

197 947 243 1001 Si
268 941 521 998 manseritt's
544 955 564 991 :
590 952 713 993 nam
740 935 814 991 illi
838 934 1142 1001 audierant,
1170 931 1529 1000 crediderant,
1568 940 1623 987 et
1650 947 1730 989 re-

199 1042 444 1098 cesserant,
456 1029 700 1101 quoniam
718 1043 825 1084 non
845 1033 1178 1082 manserant.
1197 1023 1352 1079 Multi
1366 1023 1498 1079 enim
1514 1024 1731 1094 discipu-

198 1130 330 1181 lonun
352 1125 452 1194 ejus
476 1121 705 1176 abierunt
730 1128 886 1184 retro,
917 1126 963 1172 et
981 1118 1098 1187 jam
1127 1132 1230 1171 non
1253 1132 1370 1170 eum
1390 1115 1481 1170 illo
1507 1114 1680 1185 palam
1709 1116 1726 1147 ⁸

197 1216 471 1273 ambulabant
501 1212 679 1285 (1m.
705 1210 761 1267 ϐ.
807 1210 923 1279 67).
955 1208 1276 1281 Cognoscetis
1305 1208 1602 1275 ueritatem;
1624 1206 1732 1265 hoc

192 1319 255 1362 cst
272 1348 285 1369 ,
306 1322 405 1369 me;
427 1319 540 1358 nam
569 1300 683 1372 Ego
707 1317 820 1355 sum
839 1300 1042 1354 ueritas.
1068 1298 1287 1354 Judaiea
1309 1298 1525 1369 quidcnt
1548 1298 1728 1353 omnia

196 1405 319 1466 typus
334 1404 502 1456 erant;
530 1393 810 1447 veritatem
842 1400 1022 1445 autem
1050 1405 1080 1444 a
1108 1404 1194 1444 me
1212 1389 1461 1455 discetis,
1488 1404 1608 1459 qua:
1633 1403 1727 1445 vos

192 1505 216 1539 a
237 1486 432 1557 [siccatis
474 1484 740 1539 liberabit.
770 1480 1232 1549 Quemadmodum
1280 1480 1423 1535 enim
1455 1480 1559 1535 illis
1585 1481 1732 1536 dice-

195 1579 279 1645 bat,
300 1576 354 1630 In
375 1575 577 1648 peccatis
603 1573 785 1629 vestris
810 1570 1134 1637 nuriemini;
1159 1572 1237 1628 sic
1263 1583 1318 1628 et
1348 1572 1433 1627 his
1458 1570 1615 1639 dixit,
1640 1570 1731 1625 Li-

193 1670 345 1723 berabit
369 1685 464 1723 eos.

247 1760 445 1815 Servitus
468 1755 876 1829 precati—Non
898 1756 1065 1824 dixit,
1089 1755 1353 1812 Liberabo
1382 1771 1476 1812 vos
1503 1771 1535 1811 a
1560 1756 1731 1812 servi-

192 1856 305 1911 tute.
329 1848 415 1905 sed
447 1848 542 1903 hoc
566 1848 681 1903 illis
711 1846 1115 1919 intelligendum
1149 1847 1388 1918 reliquit.
1432 1846 1570 1913 Quid
1599 1861 1729 1918 ergo

191 1941 279 1995 illi?
302 1940 466 1995 Semen
492 1940 713 1994 Abram:
752 1955 928 1993 simius
949 1980 964 2005 ,
1006 1947 1051 1992 et
1090 1939 1276 1992 nemini
1302 1938 1595 1993 seruiuimus
1625 1954 1730 1991 um-

188 2047 331 2100 quam.
354 2031 495 2101 Atqui
522 2031 565 2086 si
597 2029 985 2100 indignandum
1012 2029 1229 2093 luisset,
1263 2028 1333 2085 de
1363 2030 1522 2099 priori
1548 2029 1728 2100 utique

188 2130 486 2190 oportuerat,
513 2136 638 2177 cum
666 2119 838 2187 dixit,
882 2117 1205 2192 Cognoscctis
1233 2120 1491 2174 ueritatem
1516 2161 1531 2187 ,
1558 2129 1614 2176 et
1646 2118 1729 2175 di-

187 2213 381 2268 cendum
401 2223 504 2269 erat
526 2230 538 2265 :
564 2212 709 2282 Quid
739 2214 908 2284 ergo?
938 2228 1009 2268 an
1051 2213 1328 2269 veritatem
1377 2213 1729 2285 ignoramus?

189 2304 257 2358 les
285 2320 401 2374 ergo
421 2313 471 2361 et
507 2305 709 2360 notitia:
759 2313 957 2361 nostra:
1001 2304 1277 2361 mendacia
1326 2306 1482 2362 sunt?
1531 2305 1724 2361 Verum

190 2394 290 2448 haec
317 2411 409 2450 non
432 2397 692 2462 curabant,
724 2396 821 2451 sed
848 2396 916 2451 de
938 2396 1170 2452 terrenis
1199 2404 1407 2451 tantum
1440 2395 1599 2453 rebus
1629 2396 1725 2452 do-

187 2487 346 2542 lebant
365 2530 379 2550 .
405 2498 453 2544 et
480 2487 584 2543 lucc
612 2488 926 2543 servitutem
954 2503 1077 2543 esse
1120 2488 1555 2557 suspicabantur.
1588 2484 1725 2543 Sunt

185 2580 308 2631 enim
330 2620 342 2643 ,
362 2588 471 2633 sunt
496 2579 675 2650 utique
704 2594 844 2633 tntnc
868 2578 1028 2633 etiam
1058 2576 1210 2632 multi
1236 2577 1328 2648 qtti
1358 2577 1425 2632 de
1447 2578 1608 2633 rebus
1634 2579 1720 2633 in-

185 2668 501 2725 dill‘ercntibus
522 2680 574 2726 et
604 2670 676 2726 de
700 2669 801 2725 hac
828 2671 1087 2725 servitute
1125 2668 1480 2733 erubescant;
1507 2668 1574 2724 de
1600 2685 1719 2724 scr-

188 2762 323 2815 vitute
347 2764 531 2831 peccati
561 2778 676 2815 non
706 2762 871 2817 item:
903 2775 966 2816 ac
998 2759 1222 2815 mallent
1252 2759 1448 2815 millies
1474 2759 1564 2813 illa
1598 2776 1717 2815 scr-

189 2853 321 2909 vitute
341 2855 464 2910 servi
487 2854 667 2909 vocari
684 2896 699 2916 .
725 2869 883 2924 quam
910 2854 1009 2908 hac
1027 2852 1222 2909 semel.
1243 2850 1401 2909 Tales
1430 2852 1506 2908 illi
1537 2861 1716 2920 erant,

188 2959 327 3014 tte-lue
344 2945 484 2999 aliam
507 2954 773 3000 noverant
799 2946 1108 3001 servitutem
1131 2962 1146 3011 ;
1169 2945 1497 3017 dicuntque:
1524 2944 1724 3002 Servos

188 3038 345 3091 mansti
362 3052 448 3093 eos
466 3039 550 3109 qui
577 3055 651 3093 ex
674 3053 872 3108 genere
900 3035 1128 3093 Abrahae
1153 3045 1278 3092 sunt
1297 3078 1313 3101 ,
1338 3037 1547 3093 nobiles
1575 3036 1721 3091 illos?

184 3129 408 3194 quasideo
420 3145 517 3184 non
535 3130 824 3200 oportebat
843 3144 1026 3183 servus
1054 3143 1267 3184 vocare.
1293 3126 1608 3200 Numquam,
1635 3130 1718 3184 itt-

185 3219 357 3285 quiunt,
382 3222 687 3275 seri-ibimus.
718 3221 863 3275 Talis
887 3220 1192 3275 ludat-orum
1214 3218 1380 3275 fastus
1405 3229 1510 3276 est.
1540 3221 1720 3277 Semen

184 3309 362 3363 Abrahae
379 3330 575 3381 smnus,
614 3309 867 3366 Israelita:
909 3328 1105 3367 sumus.
1146 3310 1417 3383 Nusquam
1446 3321 1595 3383 gesta
1625 3327 1719 3367 sua

183 3414 568 3459 commemorant.
608 3404 737 3458 Ideo
762 3404 814 3456 in
848 3417 941 3458 eos
968 3403 1232 3457 clamabat
1260 3402 1514 3467 Joannes,
1545 3402 1723 3458 Nolite

181 3492 331 3555 dicere,
363 3493 560 3549 Patrem
613 3495 858 3548 habemus
886 3494 1142 3548 Abraham
1168 3494 1186 3566 (
1212 3492 1399 3548 Matth.
1429 3496 1483 3550 ὅ.
1513 3493 1592 3566 9).
1616 3494 1724 3551 Cttr

183 3597 449 3640 autemnon
494 3588 745 3656 coarguit
791 3587 912 3640 illos
936 3586 1225 3641 Christus?
1270 3586 1534 3658 siquidem
1578 3602 1722 3658 sche

180 3676 434 3731 servierunt
479 3677 790 3750 :Egyptiis,
851 3677 1193 3748 Babyloniis,
1247 3678 1472 3748 aliisque
1517 3680 1722 3734 multis.

181 3765 287 3830 Quia
311 3784 403 3820 non
431 3769 493 3822 ad
524 3769 958 3834 contentionem,
987 3767 1080 3821 sed
1112 3768 1177 3821 ad
1219 3769 1443 3822 salutem
1474 3769 1724 3839 loquutus

180 3853 346 3919 fuerat,
373 3867 423 3913 et
458 3858 524 3913 ad
552 3858 820 3913 beneﬁcia
850 3858 1151 3928 precs-lauda
1174 3900 1189 3924 ,
1222 3857 1273 3912 id
1307 3859 1381 3912 illi
1410 3874 1554 3913 cura:
1584 3866 1722 3914 erat.

181 3949 407 4006 Potuisset
433 3953 576 4007 enim
613 3949 1130 4021 quadringentorum
1182 3966 1444 4005 annorum
1488 3952 1725 4007 servitu-

178 4048 260 4093 tem
293 4040 505 4107 aﬁ‘erre,
537 4044 673 4098 hinc
693 4041 1026 4112 septuaginta
1073 4057 1371 4107 annorum;
1395 4052 1450 4097 et
1478 4057 1597 4113 qum
1627 4042 1726 4098 sub

174 4129 418 4199 pulicibus,
446 4133 612 4189 modo
637 4132 854 4203 viginti,
881 4132 1041 4187 modo
1063 4131 1311 4200 duorum,
1335 4132 1497 4187 modo
1519 4128 1726 4203 septem

173 4236 423 4280 annonnu:
456 4228 726 4297 potuisset
750 4226 926 4282 dicere
956 4226 1100 4297 ipsos
1146 4241 1435 4298 numquam
1462 4224 1725 4281 serviendi

176 4316 304 4367 linem
325 4315 523 4373 let'isse.
552 4317 757 4372 Verum
780 4330 874 4371 eos
903 4331 1006 4371 non
1036 4315 1308 4372 hominum
1335 4330 1521 4371 servos
1545 4324 1728 4371 osten-

173 4403 279 4459 dere
298 4409 448 4464 voluit
467 4451 486 4476 ,
510 4409 609 4464 sed
640 4410 876 4480 peccati;
899 4424 1016 4480 quae
1042 4411 1271 4464 servitus
1294 4420 1372 4464 est
1393 4408 1728 4480 gravissima,

170 4510 294 4565 aqua
308 4500 445 4555 solus
464 4502 609 4556 Deus
638 4498 865 4555 liberare
885 4508 1077 4572 potest.
1110 4499 1420 4556 Diutittendi
1439 4503 1583 4557 enim
1605 4517 1729 4572 pec-

170 4597 265 4640 ctla
306 4600 623 4658 potestatem
680 4608 838 4647 ttettto
886 4591 1047 4646 habet
1098 4592 1199 4646 nisi
1247 4590 1428 4647 Deus:
1462 4592 1621 4664 idque
1652 4592 1726 4647 illi

168 4680 547 4736 annitebantur.
576 4681 815 4753 Ideoque
833 4681 900 4736 ad
924 4682 1028 4737 hoc
1054 4682 1174 4738 illos
1193 4683 1392 4739 inducit
1412 4682 1496 4738 his
1515 4683 1690 4739 verbis
1711 4702 1726 4739 :

171 4764 243 4820 3L
270 4768 434 4826 Omnis
451 4776 538 4845 qui
558 4775 685 4846 frtri!
709 4781 987 4843 peceatum,
1014 4790 1185 4829 seruus
1209 4786 1281 4828 est
1300 4776 1524 4845 peccati;
1550 4784 1729 4831 osten-

168 4858 279 4913 durus
307 4877 363 4917 se
403 4863 548 4935 loqui
580 4864 653 4919 de
698 4864 943 4919 libertate
986 4864 1054 4919 ab
1097 4863 1401 4934 bujusmodi
1450 4868 1727 4922 servitute.

170 4948 243 5003 55.
272 4954 450 5008 Serus
492 4965 668 5011 autem
716 4973 818 5011 non
864 4967 1030 5011 manet
1076 4958 1129 5011 in
1173 4958 1323 5012 domo
1348 4976 1367 5023 ;
1395 4959 1536 5027 ﬁlius
1562 4970 1732 5014 autem

166 5056 310 5097 Intret
333 5047 384 5099 in
420 5057 692 5100 aeternum.
724 5046 934 5102 Sensim
965 5045 1088 5101 hinc
1119 5047 1289 5119 legem
1316 5046 1529 5119 dejieit,
1555 5050 1730 5119 priora

167 5140 381 5202 tempora
411 5136 785 5192 subindieans.
818 5136 897 5192 Nc
922 5137 1064 5192 enim
1088 5153 1155 5194 eo
1179 5147 1520 5194 recurrerent
1543 5138 1730 5194 dicen-

165 5232 267 5279 tes:
296 5224 567 5284 Sacriﬁcia
620 5228 878 5283 habemus
906 5243 1027 5298 qua:
1069 5228 1278 5301 Moyses
1314 5229 1602 5300 ιιιιεεερίι,
1645 5231 1731 5285 illa

166 5326 250 5365 nos
271 5330 451 5371 eruere
477 5327 754 5388 poterunt,
780 5317 902 5374 ideo
921 5317 1036 5375 btec
1067 5318 1265 5375 intulit.
1295 5321 1541 5392 Alioquin
1570 5336 1730 5391 quam

167 5402 263 5458 Iane
284 5411 729 5480 cenaequentiam
760 5409 1023 5466 haberent
1042 5411 1068 5465 ?
1099 5408 1286 5466 Omnes
1329 5412 1464 5467 enim
1490 5427 1732 5484 peccave-

168 5507 286 5556 runt.
315 5510 358 5552 et
381 5514 530 5573 egent
558 5504 729 5574 gloria
760 5502 872 5569 Dei,
914 5502 1187 5574 jnstiﬁcati
1213 5502 1371 5575 gratis
1410 5520 1499 5575 per
1515 5503 1733 5576 gratiam

167 5583 320 5641 illius’
336 5589 515 5659 (Rom.
535 5592 594 5647 3.
614 5592 699 5648 23.
721 5592 838 5663 2t),
855 5594 1124 5664 etiamque
1144 5593 1242 5663 ipsi
1263 5594 1587 5650 sacerdotes.
1609 5592 1732 5651 Ideo

220 5723 242 5792 ἶ
268 5721 388 5778 τοῖο
412 5726 603 5784 Palatii.
639 5728 685 5792 in
705 5728 993 5792 quilmsdam
1015 5735 1123 5780 uss.
1155 5728 1317 5779 deest.

224 5782 243 5812 ⁸
270 5795 394 5849 ιιι-τ,
414 5782 479 5853 pe
524 5782 737 5855 ςυναιὶωὴ
762 5790 910 5851 illius,
931 5791 1109 5841 desunt
1136 5792 1186 5839 in
1208 5791 1513 5855 quibusdam.

3304 373 3415 431 233

1836 470 2028 525 Paulus
2046 470 2114 526 de
2129 473 2406 529 sacerdote
2421 475 2515 541 ait,
2537 475 2689 532 Debet
2712 477 2894 545 o/I‘erre
2913 496 3004 547 pro
3022 482 3187 552 seipse
3205 523 3221 546 ,
3244 495 3299 539 ut
3323 503 3414 550 pro
3470 490 3477 493 '

1833 561 2022 630 papula
2044 603 2061 629 ,
2120 564 2361 633 quoniam
2424 566 2532 637 ipse
2591 568 2930 625 circumdatus
2988 583 3064 626 est
3122 574 3417 643 inﬁrmitate

1834 652 1853 721 (
1877 652 2035 708 Ilebr.
2059 654 2114 712 5.
2137 656 2190 710 5.
2219 666 2264 710 et
2298 656 2404 730 2);
2429 667 2484 714 et
2514 658 2614 715 hoc
2638 659 2903 731 signiﬁcat
2930 664 3158 720 dicendo
3187 682 3200 718 :
3229 665 3417 722 Seruus

1834 761 1935 799 non
1977 756 2144 800 manet
2184 749 2236 801 in
2277 748 2447 804 doma.
2479 749 2579 806 llic
2615 760 2793 807 autem
2816 761 2871 808 et
2890 768 3076 825 parem
3106 772 3226 812 cum
3258 757 3417 814 Patre

1834 836 2128 905 honorem,
2165 848 2220 895 et
2262 842 2454 897 servin
2498 842 2665 899 libero
2702 843 3054 901 diﬁ'erentiam
3103 849 3366 919 signiﬁcat
3398 867 3413 904 :

1834 944 1956 985 nam
1987 930 2090 986 hoc
2117 931 2215 986 sibi
2247 931 2359 988 vult
2394 933 2679 1003 parabola;
2709 934 2760 990 id
2783 946 2903 1003 est,
2937 936 3049 992 Non
3077 936 3235 994 habet
3265 950 3416 1011 pote-

1833 1027 2024 1076 statem
2042 1036 2232 1078 servus
2255 1040 2270 1089 ;
2300 1024 2440 1094 quod
2467 1025 2730 1081 iudicatur
2753 1042 2849 1097 per
2887 1028 3013 1084 illud
3031 1070 3046 1094 ,
3073 1028 3193 1085 Non
3224 1042 3413 1088 manet.

1902 1112 1960 1166 2.
2022 1112 2129 1169 Cur
2155 1122 2334 1169 autem
2360 1130 2481 1170 cum
2524 1115 2591 1171 de
2626 1116 2858 1186 peccatis
2886 1132 3187 1175 sermonem
3219 1121 3373 1177 habet
3398 1163 3414 1185 .

1833 1200 2049 1256 dotnum
2083 1204 2437 1258 memoravit?
2460 1204 2527 1260 Ut
2555 1206 2859 1262 ostenderet
2887 1208 3024 1263 sicut
3046 1208 3099 1264 in
3128 1210 3289 1266 domo
3318 1213 3417 1267 hac

1834 1294 1927 1347 bet
1956 1292 2118 1348 herus
2140 1334 2157 1360 ,
2186 1294 2265 1349 sic
2288 1309 2347 1350 se
2377 1294 2430 1349 in
2459 1294 2635 1350 omnia
2666 1307 2982 1367 potestatem
3028 1298 3245 1357 habere.
3279 1302 3412 1358 Illud

1833 1399 1983 1451 vero,
2008 1382 2127 1439 Non
2148 1397 2338 1454 manet,
2361 1386 2413 1442 id
2436 1396 2517 1442 est
2536 1430 2551 1454 ,
2583 1405 2687 1443 non
2716 1388 2874 1445 habet
2903 1390 3157 1462 largiendi
3183 1405 3419 1464 potesta-

1835 1484 1964 1543 tem,
1996 1476 2137 1546 quod
2171 1493 2276 1532 non
2323 1476 2392 1533 sit
2430 1477 2626 1543 herus;
2661 1481 2799 1535 ﬁlius
2829 1497 2990 1552 porro
3019 1480 3183 1540 herus
3210 1497 3331 1541 est:
3361 1487 3413 1542 id

1833 1563 1977 1620 enim
2009 1565 2275 1637 signiﬁcat
2305 1564 2437 1623 illud
2461 1610 2477 1635 ,
2510 1568 2687 1624 Manet
2725 1570 2777 1625 in
2803 1571 3049 1626 sreculum
3072 1614 3087 1639 ,
3120 1575 3414 1634 secundum

1834 1655 2184 1712 humanarum
2215 1674 2392 1714 rerum
2438 1661 2803 1730 metaphoram
2830 1678 2844 1715 :
2872 1679 2937 1717 ue
2961 1662 3163 1732 dicant,
3188 1664 3268 1722 'l'u
3296 1669 3417 1739 quis

1833 1746 1935 1802 es?
1965 1744 2077 1802 Mea
2104 1755 2229 1803 sunt
2253 1748 2452 1816 omnia;
2484 1749 2648 1805 Filius
2671 1753 2813 1807 enim
2844 1767 2960 1808 sum
2982 1797 2997 1821 ,
3027 1764 3082 1811 ct
3111 1756 3163 1811 in
3195 1767 3413 1828 paterna

1833 1839 1994 1893 domo
2034 1854 2225 1895 maneo
2263 1858 2278 1895 :
2308 1839 2524 1896 domum
2560 1854 2713 1898 vocat
2742 1855 3082 1915 potestatem.
3128 1846 3259 1904 Nam
3288 1851 3413 1907 alibi

1832 1945 2044 2000 quoque
2081 1929 2297 1986 domum
2344 1931 2516 1987 Patris
2545 1943 2696 1988 vocat
2743 1934 3092 2007 principatum
3127 1954 3141 1992 :
3173 1937 3240 1993 In
3264 1940 3415 1996 domo

1837 2019 2008 2076 Patris
2035 2021 2130 2075 mei
2157 2023 2440 2078 mansiones
2485 2024 2657 2079 multa:
2683 2036 2801 2080 sunt
2834 2024 3013 2097 (Joan.
3050 2029 3134 2084 Η.
3170 2030 3250 2101 2).
3278 2031 3410 2087 Nam

1832 2127 1954 2169 cum
1984 2112 2053 2168 do.
2080 2113 2324 2170 libertate
2350 2124 2403 2171 et
2445 2116 2512 2171 dc
2549 2116 2806 2172 servitute
2839 2118 2908 2171 sit
2936 2133 3134 2187 sermo,
3160 2119 3282 2190 jure
3310 2121 3413 2179 hac

1832 2220 1959 2260 usus
1988 2212 2071 2259 est
2098 2203 2430 2276 metaphora,
2459 2204 2648 2262 dicens
2673 2206 2792 2261 illos
2823 2224 2927 2263 non
2956 2208 3203 2266 habuisse
3231 2212 3413 2267 dimit-

1833 2293 1973 2349 tendi
2013 2303 2347 2365 potestatem.
2385 2296 2475 2353 36.
2510 2296 2574 2352 Si
2610 2314 2727 2370 ergo
2769 2296 2817 2351 F
2819 2299 2934 2354 ilius
2973 2316 3057 2355 vos
3110 2301 3412 2360 liberaret-it.

1833 2383 2019 2440 Videu‘
2042 2401 2162 2440 cum
2192 2386 2331 2442 Patri
2361 2402 2482 2443 esse
2505 2389 3036 2455 consubstantialent,
3062 2402 3117 2447 et
3140 2395 3411 2466 quomodo

1830 2475 2078 2532 ostendat
2104 2493 2162 2533 se
2190 2495 2373 2549 parem
2401 2478 2601 2536 habere
2642 2485 2999 2552 potestatem?
3028 2484 3091 2540 Si
3129 2502 3214 2541 vos
3244 2486 3413 2542 Filius

1830 2567 2130 2633 liberaverit,
2154 2585 2312 2626 nemo
2328 2572 2660 2629 contradicct
2682 2574 2934 2645 amplius,
2961 2576 3055 2632 sed
3082 2575 3286 2634 ﬁrmam
3320 2578 3413 2635 ha-

1832 2660 2024 2717 bcbitis
2055 2662 2374 2719 libertatem.
2397 2664 2528 2720 Nam
2553 2665 2689 2721 Dens
2715 2676 2787 2722 est
2809 2668 3178 2739 qnijnsti/icat.
3202 2674 3314 2741 quis
3338 2683 3411 2727 est

1827 2756 1914 2824 qui
1959 2756 2291 2809 condemnet?
2323 2755 2418 2811 llic
2465 2772 2493 2811 a
2536 2768 2754 2827 pet-cato
2797 2773 2857 2814 se
2901 2776 3089 2830 purum
3137 2762 3412 2832 ostendit,

1829 2847 2081 2917 illamque
2111 2847 2375 2917 signiﬁcat
2396 2864 2514 2919 qum
2543 2852 2758 2904 nomine
2790 2860 2946 2906 tenus
2975 2861 3059 2907 est
3086 2851 3409 2918 libertatem.

1827 2954 1986 3006 quam
2016 2936 2147 2991 dant
2188 2938 2431 2992 homines
2461 2955 2474 2992 :
2504 2938 2646 2994 illam
2694 2955 2821 2994 vero
2849 2941 3039 3006 aliam,
3071 2943 3216 2997 solus
3250 2944 3410 3003 Deus.

1839 3028 1972 3083 llinc
2003 3029 2107 3082 illis
2133 3027 2320 3083 suadet
2346 3043 2414 3084 ne
2443 3040 2659 3098 propter
2686 3028 2824 3084 hanc
2868 3034 3181 3087 servitutem
3211 3034 3409 3091 erube-

1827 3127 1980 3174 scant
2001 3160 2016 3185 ,
2045 3119 2139 3174 sed
2171 3130 2390 3189 propter
2433 3121 2632 3189 peccati
2665 3122 2995 3175 servitutem.
3027 3120 3094 3176 Et
3117 3125 3407 3179 ostendere

1829 3214 2013 3267 volens
2043 3215 2217 3281 ipsos,
2248 3213 2344 3266 etsi
2374 3213 2513 3267 servi
2548 3228 2653 3266 non
2680 3214 2787 3267 sint
2809 3253 2825 3278 ,
2851 3214 2973 3283 quia
2999 3211 3140 3268 illaut
3184 3231 3407 3286 respue-

1829 3312 1954 3357 runt
2002 3303 2346 3367 servitutem,
2395 3300 2564 3372 magis
2605 3311 2781 3357 tamen
2831 3318 3017 3358 servos
3063 3306 3226 3359 tactos
3256 3323 3408 3372 esse,

1828 3395 2007 3449 statim
2050 3392 2258 3458 intulit,
2319 3392 2442 3447 I'ere
2484 3393 2628 3447 liberi
2670 3393 2846 3458 eritis;
2894 3392 3125 3464 indeque
3176 3395 3413 3452 declarat

1830 3486 1967 3541 hanc
1997 3501 2100 3539 non
2128 3501 2247 3539 esse
2275 3500 2451 3539 verum
2497 3485 2811 3541 libertatem.
2850 3484 3046 3541 Deinde
3076 3503 3143 3542 ne
3171 3486 3410 3545 dicerent

1828 3592 1888 3633 se
1933 3587 2208 3648 peccatum
2253 3593 2357 3631 non
2411 3577 2796 3647 hahere(nam
2838 3577 3095 3635 credibile
3139 3588 3254 3634 erat
3304 3579 3410 3635 hoc

1830 3685 1952 3725 esse
1981 3668 2217 3723 dicturos
2243 3668 2263 3740 )
2288 3709 2303 3734 ,
2330 3666 2451 3723 vide
2474 3668 2742 3737 quomodo
2774 3669 2890 3725 illos
2919 3678 3155 3725 accuset.
3186 3669 3414 3725 Omissis

1829 3759 2041 3817 exteris
2084 3759 2138 3814 in
2181 3758 2399 3813 illorum
2444 3759 2551 3813 vita
2598 3758 2983 3829 reproltandis,
3037 3759 3138 3816 hoc
3168 3761 3411 3826 facinus,

1830 3848 1969 3921 quod
2008 3850 2116 3920 jam
2165 3848 2472 3919 agitabant,
2515 3849 2566 3902 in
2613 3848 2846 3903 medium
2895 3848 3146 3903 adducit:
3174 3851 3261 3904 57.
3293 3850 3414 3905 Sero

1830 3943 1949 4011 quia
1993 3958 2158 3996 semen
2198 3940 2414 3995 Abralue
2439 3940 2554 3995 estis
2573 3981 2588 4006 ,
2620 3940 2709 3993 sed
2731 3940 2956 4004 qna’ritis
2992 3959 3070 3996 me
3109 3943 3410 4012 inter/icere.

1830 4032 2040 4089 Sensim
2072 4032 2217 4101 ejieit
2246 4031 2365 4085 illos
2387 4029 2456 4084 ab
2483 4028 2711 4084 Ahrahm
2731 4031 3047 4099 cognatione
3073 4032 3182 4095 illa,
3212 4032 3412 4088 docens

1834 4141 1902 4180 ne
1940 4124 2105 4179 altum
2139 4124 2226 4177 illa
2252 4122 2319 4178 de
2347 4137 2405 4177 re
2450 4130 2722 4192 saperent.
2765 4120 2915 4176 Sicut
2942 4121 3084 4177 enim
3116 4122 3331 4179 libertas
3359 4134 3416 4181 et

1832 4216 2066 4271 servitus
2093 4214 2161 4268 ab
2189 4200 2439 4284 operibus
2485 4212 2751 4284 pendent,
2803 4214 2872 4267 ita
2903 4220 2956 4268 et
3000 4216 3270 4285 cognatio.
3304 4215 3413 4272 Nec

1833 4306 2012 4362 statim
2037 4305 2209 4371 dixit,
2258 4303 2371 4360 Non
2394 4304 2522 4359 estis
2550 4303 2641 4359 ﬁlii
2683 4304 2912 4361 Abralnc
2956 4306 3099 4362 illius
3122 4306 3248 4378 justi
3269 4350 3285 4374 ,
3318 4325 3417 4366 vos

1835 4396 2152 4463 homicidae;
2195 4396 2290 4451 sed
2334 4411 2454 4451 cum
2497 4395 2600 4451 illis
2642 4394 2817 4451 adhuc
2853 4409 3113 4453 consonat
3142 4397 3413 4472 dicitque,

1835 4491 1958 4546 Srio
1985 4490 2106 4560 quia
2153 4506 2321 4543 semen
2367 4488 2585 4542 Abralua
2626 4488 2767 4551 estis:
2816 4504 3000 4544 verum
3052 4505 3155 4546 non
3187 4490 3290 4547 hoc
3332 4505 3416 4551 est

1833 4582 1975 4652 quod
2003 4582 2261 4652 qtneritur
2288 4597 2303 4634 :
2332 4589 2386 4635 et
2427 4578 2537 4650 jam
2580 4579 2824 4650 asperius
2868 4580 2920 4635 in
2959 4579 3084 4637 illos
3121 4580 3409 4639 invehitur.

1837 4674 2047 4729 Etenim
2079 4683 2136 4728 ut
2176 4674 2461 4744 plurimum
2502 4670 2897 4728 observandum
2940 4683 3061 4736 est,
3090 4676 3263 4745 ipsum
3292 4690 3416 4731 cum

1837 4781 2088 4836 maguum
2119 4764 2388 4836 quidpiam
2416 4773 2498 4821 est
2524 4775 2861 4836 operatnrus,
2893 4774 3171 4837 postquam
3198 4767 3248 4823 id
3279 4765 3423 4825 lece—

1835 4857 1926 4922 rit,
1949 4857 2153 4925 majore
2184 4857 2256 4912 uti
2285 4856 2531 4928 loquendi
2561 4855 2772 4922 ﬁducia,
2796 4866 2978 4927 utpote
2997 4872 3118 4914 cum
3147 4859 3258 4930 ipsa
3287 4876 3407 4931 cpe-

1836 4964 1896 5004 ra
1926 4949 2287 5005 contentiosos
2316 4949 2627 5021 reprimant.
2652 4948 2759 5005 Sed
2772 4949 2996 5021 qucrt'tis
3017 4967 3094 5006 me
3112 4952 3415 5021 inter/icere.

1837 5041 1995 5112 Quid,
2023 5043 2066 5097 si
2089 5043 2270 5111 juste?
2300 5043 2370 5097 At
2394 5057 2499 5097 non
2525 5040 2603 5099 sic
2639 5057 2699 5097 se
2728 5057 2815 5096 res
2843 5040 3001 5098 habet
3039 5060 3056 5100 :
3093 5053 3420 5115 quapropter

1837 5149 2052 5189 causam
2084 5134 2174 5189 ille
2199 5133 2373 5199 all'ert,
2402 5132 2524 5203 quia
2566 5131 2748 5188 Sermo
2792 5149 2929 5187 meus
2957 5149 3056 5187 non
3081 5133 3217 5201 capit
3244 5134 3296 5187 in
3327 5150 3414 5188 uo-

1838 5227 1931 5282 bis.
1960 5224 2240 5296 Quomodo
2267 5240 2395 5296 ει·εο
2419 5225 2494 5279 ait
2523 5224 2578 5279 in
2628 5224 2801 5294 ipsmn
2838 5224 3168 5280 credidisse?
3192 5223 3414 5291 Verum,

1838 5330 1896 5377 ut
1922 5319 2066 5387 dixi,
2109 5320 2300 5375 iterant
2328 5317 2516 5371 mtttati
2561 5315 2789 5372 fuerant.
2837 5314 2960 5371 Ideo
2990 5317 3332 5372 vehementer
3361 5319 3413 5373 in

1839 5414 1961 5469 illos
1990 5410 2276 5468 invehitur.
2305 5407 2435 5467 Nam
2461 5406 2505 5464 si
2540 5406 2607 5465 de
2632 5407 2947 5479 cognatione
2970 5406 3057 5462 illa
3079 5406 3415 5476 gloriamini,

1838 5517 1894 5562 ut
1923 5506 2029 5561 vita
2056 5512 2316 5562 consonet
2339 5510 2569 5573 Oportet.
2598 5499 2705 5556 Nec
2731 5500 2885 5565 dixit,
2918 5498 3033 5554 Non
3057 5499 3251 5569 capitis
3280 5514 3418 5554 ver—

1841 5601 1993 5662 bum;
2032 5596 2147 5658 sed,
2179 5594 2359 5649 Sermo
2382 5608 2519 5646 meus
2550 5607 2649 5645 non
2680 5592 2815 5660 capit
2840 5591 2893 5644 in
2920 5590 3078 5655 vobis,
3106 5587 3415 5659 dogmattun

1838 5701 2055 5744 suorum
2093 5681 2472 5739 sublimitatem
2511 5681 2807 5740 d.-clarans.
2843 5678 3002 5751 Atqui
3047 5692 3150 5735 non
3191 5677 3311 5734 ideo
3339 5678 3420 5734 in-

1846 5778 2091 5838 terﬁcere
2120 5774 2392 5848 oportuit;
2444 5774 2553 5832 imo
2596 5774 2771 5846 potius
2813 5773 3080 5830 honorare
3123 5778 3177 5829 et
3201 5769 3423 5829 colere?
