4094 6204
518 306 622 359 ἳῖὶῐ)

522 420 585 471 lit
617 417 901 471 discerent.
938 414 1041 467 Sed
1068 414 1215 483 quid,
1246 413 1289 465 si
1323 422 1376 465 ιιι
1403 427 1430 463 a
1462 410 1741 477 temetipso
1766 408 1880 461 haéc
1912 407 2096 475 loque-

522 526 593 561 ris
616 547 634 569 ,
668 518 723 560 ut
759 507 873 560 Iure
921 504 1208 575 prmveniat
1232 544 1246 560 .
1284 503 1356 553 ait
1386 518 1399 553 :
1425 502 1514 555 58.
1550 500 1680 567 Quae
1706 516 1797 569 ego
1822 498 1926 551 vidi
1966 497 2107 566 apud

523 601 729 653 Ιάιιιιιι
759 614 946 658 meum,
971 598 1075 649 hcce
1106 596 1283 665 loquor
1304 611 1322 648 :
1353 603 1398 647 et
1441 608 1526 645 vos
1564 607 1675 660 qua:
1720 590 1933 643 audistis
1966 586 2106 657 apud

521 704 714 762 patrem
746 701 959 744 vestrum
984 732 996 755 ,
1033 690 1220 759 facilis.
1256 687 1319 741 Ut
1358 700 1475 755 ego,
1510 684 1701 754 inquit,
1730 692 1784 737 et
1814 697 1873 735 re
1903 690 1956 735 et
1983 696 2104 734 ver-

520 784 603 837 bis
633 781 856 837 ostendo
889 782 1123 845 Patrem,
1151 780 1216 833 ita
1250 788 1303 833 et
1332 794 1425 831 vos
1456 792 1513 830 re
1545 784 1769 828 tantum.
1798 772 1912 827 Non
1947 771 2106 825 modo

518 874 661 928 enim
689 872 930 927 eamdem
963 869 1334 932 substantiam,
1365 866 1459 922 scd
1487 864 1729 921 eamdem
1761 878 1919 932 quam
1949 862 2106 916 Pater

522 965 796 1018 veritatem
832 963 1019 1017 habeo.
1051 962 1139 1016 '59.
1172 960 1359 1012 Dicunt
1385 959 1429 1011 ei
1457 974 1475 1011 :
1505 955 1614 1010 Nos
1646 968 1842 1025 patrem
1868 952 2103 1006 habemus

522 1055 949 1111 Abraham..Dicit
969 1056 1038 1109 eis
1056 1054 1203 1107 Iesus
1225 1070 1241 1107 :
1266 1054 1327 1107 Si
1341 1062 1534 1122 patrem
1556 1048 1801 1102 haberetis
1825 1046 2099 1111 Abraham,

518 1166 672 1217 opera
699 1148 806 1218 ejus
826 1149 1074 1218 faceretis.
1099 1147 1186 1199 40.
1221 1146 1270 1198 Ν
1277 1162 1370 1197 unc
1397 1154 1565 1196 autem
1604 1140 1825 1210 qua'ritis
1852 1154 1928 1191 me
1950 1138 2104 1191 inter-

518 1242 687 1307 ﬁcere.
722 1236 1051 1308 Frequenter
1076 1238 1160 1292 hic
1190 1236 1403 1291 illorum
1436 1234 1835 1304 sanguinarium
1866 1230 2098 1285 animum

517 1331 747 1400 exagitat
772 1370 785 1391 ,
838 1340 890 1383 et
939 1326 1299 1383 Abrahamum
1341 1332 1732 1381 commemorat
1764 1342 1775 1375 :
1809 1323 1967 1393 idque
1991 1364 2005 1387 ,
2044 1329 2103 1375 ut

517 1424 638 1477 illos
663 1422 730 1475 ab
758 1421 853 1475 hac
880 1420 1195 1489 cognatione
1226 1418 1448 1473 abducat
1474 1459 1488 1483 ,
1523 1425 1574 1471 et
1604 1414 1926 1485 superﬂuam
1955 1413 2099 1467 illam

512 1516 819 1585 jactantiam
846 1513 1072 1578 auferat,
1106 1510 1431 1583 suadentque
1462 1526 1531 1565 ne
1564 1509 1649 1563 illa
1675 1510 1725 1562 in
1751 1524 1807 1563 re
1835 1522 1982 1577 spem
2011 1520 2100 1560 sa-

515 1610 638 1662 lutis
666 1608 935 1673 habeant,
968 1620 1140 1676 neque
1184 1608 1235 1659 in
1278 1603 1596 1673 cognatione
1643 1608 1849 1653 natura:
1874 1640 1887 1663 ,
1922 1597 2016 1652 sed
2046 1596 2097 1649 in

517 1701 833 1771 cognatione
863 1699 1141 1768 propositi.
1170 1698 1280 1751 lioc
1301 1696 1442 1750 enim
1473 1693 1590 1748 illos
1615 1692 1940 1761 impediebat
1968 1702 2097 1759 quo-

515 1791 694 1846 minus
716 1790 780 1843 ad
803 1788 1078 1845 Christum
1103 1787 1441 1849 accederent,
1467 1783 1606 1854 quod
1632 1789 1879 1853 putarent
1903 1794 2099 1851 cogna-

517 1884 713 1937 tionem
748 1882 903 1935 talem
936 1881 1039 1934 illis
1070 1895 1189 1934 csse
1217 1879 1347 1933 satis
1376 1878 1440 1931 ad
1484 1877 1727 1931 salutem.
1758 1874 1928 1941 Quam
1955 1871 2093 1926 veri-

516 1978 674 2027 tatem
703 1971 862 2026 dicit?
889 1968 1041 2038 Quod
1076 1972 1144 2024 sit
1172 1970 1388 2034 aequalis
1418 1967 1581 2022 Patri.
1630 1966 1752 2020 Ideo
1775 1965 1915 2020 enim
1944 1978 2096 2033 qua:-

514 2062 699 2117 rebant
737 2059 881 2117 illum
921 2062 1088 2116 Judmi
1123 2060 1452 2123 interficere,
1498 2068 1549 2113 ut
1584 2059 1656 2112 ait
1702 2057 1826 2112 ille:
1858 2054 2097 2123 Quceritis

513 2173 591 2209 me
612 2154 910 2222 inter/icere,
933 2154 1050 2224 quia
1074 2155 1328 2209 veritatem
1359 2153 1495 2207 vobis
1525 2150 1759 2222 loquutus
1786 2167 1919 2215 sum,
1942 2166 2093 2220 quam

512 2246 683 2299 audivi
729 2264 760 2298 a
812 2246 966 2299 Patre
1013 2263 1140 2299 meo.
1173 2240 1614 2299 Ostendenshzec
1646 2257 1750 2295 non
1780 2256 1900 2297 esse
1946 2238 2090 2294 Patri

513 2337 775 2390 contraria
798 2378 811 2401 ,
845 2351 1028 2389 rursus
1074 2333 1138 2389 ad
1190 2336 1337 2389 illum
1368 2332 1623 2403 confugit.
1663 2333 1753 2387 41.
1790 2331 1973 2386 Dicunt
2002 2330 2048 2385 ei
2075 2345 2094 2384 :

517 2424 628 2482 Nos
655 2445 717 2482 ea:
742 2424 1071 2498 fornicatione
1098 2444 1195 2482 non
1218 2444 1391 2480 sumus
1418 2427 1557 2489 nati;
1581 2441 1738 2478 unum
1768 2420 1973 2477 Patrem
1998 2424 2095 2477 ha-

514 2521 706 2582 bemus,
730 2518 908 2572 Deum.
927 2518 1062 2585 Quid
1080 2517 1293 2571 dicitis?
1310 2516 1417 2571 Vos
1440 2516 1647 2570 Patrem
1668 2509 1875 2569 habetis
1903 2513 2091 2577 Deum,

513 2622 563 2663 ct
580 2612 846 2667 Christum
873 2610 1125 2664 incusatis
1148 2610 1246 2662 hoc
1259 2607 1562 2662 dicentem?
1590 2604 1773 2660 Vidcn‘
1790 2605 1937 2658 illum
1961 2619 2096 2673 pra:-

513 2705 667 2770 eipuo
692 2701 917 2768 qundam
938 2698 1095 2754 modo
1114 2700 1313 2754 dixisse
1339 2700 1505 2753 Deum
1533 2712 1650 2752 esse
1676 2697 1885 2751 Patrem
1905 2694 2095 2750 suum?

582 2792 635 2845 5.
669 2791 798 2859 Quia
833 2791 988 2859 igitur
1028 2788 1146 2844 illos
1175 2804 1240 2843 ex
1274 2785 1502 2843 Abrahze
1540 2788 1860 2856 cognatione
1896 2786 2090 2855 ejecit;

512 2900 631 2937 cum
676 2882 804 2936 nihil
850 2881 1079 2937 habeant
1121 2881 1261 2951 quod
1302 2880 1587 2949 objiciant,
1638 2876 1778 2933 aliud
1821 2876 2090 2949 quidpiam

513 2973 685 3046 majus
711 2975 908 3029 audent
940 2974 1005 3028 ad
1046 2972 1213 3029 Deum
1242 2989 1301 3030 se
1330 2971 1638 3029 referentes.
1671 2971 1775 3027 Sed
1806 2972 1904 3026 hoc
1927 2972 2090 3027 etiam

511 3070 714 3124 iuniore
747 3069 864 3124 illos
892 3068 1075 3137 dejicit
1103 3068 1284 3122 dicens
1314 3085 1328 3121 :
1354 3063 1440 3122 42.
1483 3065 1543 3122 Si
1583 3060 1718 3121 Deus
1756 3076 1899 3136 pater
1938 3077 2095 3120 vester

508 3171 652 3223 esset,
683 3160 956 3230 diligeretis
985 3160 1149 3228 utique
1172 3175 1268 3223 me,
1289 3158 1407 3228 quia
1433 3174 1522 3229 ego
1552 3174 1614 3211 ea:
1638 3150 1746 3210 Deo
1772 3157 1919 3220 exivi,
1942 3166 1988 3211 et
2014 3169 2094 3211 ve-

510 3255 593 3305 nio
624 3269 641 3305 :
670 3269 825 3322 neque
852 3270 881 3304 a
913 3252 1100 3319 meipso
1128 3252 1255 3317 veni,
1288 3251 1376 3304 sed
1400 3252 1485 3304 ille
1512 3267 1590 3303 me
1624 3251 1775 3303 misit.
1805 3246 1893 3306 45.
1925 3249 2095 3314 Quare

510 3344 758 3411 loquelam
792 3357 953 3396 meam
988 3360 1087 3395 non
1123 3342 1451 3413 cognoscitis?
1482 3342 1613 3408 Quia
1640 3359 1738 3395 non
1765 3342 1967 3411 potestis
2001 3358 2095 3395 au-

512 3434 621 3484 dire
639 3448 915 3485 sermonem
940 3447 1121 3483 meum.
1154 3431 1185 3485 4
1201 3434 1245 3487 ι.
1288 3430 1384 3484 Vos
1407 3446 1469 3482 ex
1490 3440 1630 3498 patre
1652 3432 1853 3484 diabolo
1881 3432 2015 3492 estis,
2042 3441 2090 3485 et

512 3522 758 3573 desideria
786 3521 945 3590 patris
972 3521 1119 3572 vestri
1156 3520 1302 3572 vultis
1346 3520 1531 3586 {it-cere.
1578 3519 1601 3570 l
1611 3520 1678 3572 lle
1705 3520 1957 3573 homicida
1985 3531 2092 3575 erat

511 3616 574 3665 ab
600 3612 740 3666 initio
757 3653 773 3677 ,
801 3622 847 3664 et
874 3613 926 3665 in
952 3612 1158 3664 veritate
1184 3627 1282 3664 non
1308 3610 1457 3663 stetit.
1488 3606 1611 3662 Cum
1637 3609 1857 3681 loquitur
1886 3612 2092 3665 menda-

512 3706 644 3758 cium
669 3742 685 3768 ,
716 3719 780 3756 ea:
809 3703 1029 3773 propriis
1055 3702 1293 3773 loquitur.
1336 3702 1573 3757 Exclusit
1601 3716 1692 3757 eos
1716 3716 1748 3757 ιι
1779 3704 2096 3774 cognatione

513 3793 770 3860 Abraltaz;
800 3803 853 3849 et
882 3794 1002 3864 quia
1035 3793 1235 3862 majora
1261 3793 1374 3848 ausi
1402 3800 1546 3860 sunt,
1580 3804 1703 3850 tunc
1732 3793 1946 3851 demum
1976 3796 2092 3867 pla-

511 3903 630 3957 gam
661 3886 865 3957 inﬂigit,
891 3900 1010 3941 cum
1040 3884 1170 3941 dicit
1190 3899 1282 3940 eos
1304 3901 1409 3939 non
1435 3882 1594 3940 modo
1614 3902 1677 3941 ex
1703 3886 1969 3942 Abraham
1988 3905 2091 3944 non

510 3993 652 4041 esse,
686 3978 778 4032 sed
800 3976 959 4032 etiam
990 3992 1055 4032 ex
1087 3975 1300 4031 diabolo
1330 3992 1469 4043 esse,
1500 3977 1840 4047 impudentia:
1867 3995 1962 4049 par
1979 3980 2093 4034 vul-

512 4085 611 4123 nus
640 4069 915 4138 infligens;
947 4082 1120 4138 neque
1151 4066 1201 4122 id
1228 4066 1344 4123 sine
1369 4067 1706 4133 testimonio,
1737 4067 1831 4123 sed
1856 4069 2091 4125 adhibita

511 4161 844 4230 probatione.
895 4160 1197 4215 Interlicere
1241 4157 1420 4222 enim,
1463 4159 1667 4231 inquit,
1704 4161 1979 4217 diabolica:
2011 4172 2095 4218 est

510 4253 747 4306 malitiae.
784 4252 897 4307 Nec
920 4250 1231 4323 simpliciter
1258 4268 1419 4321 opera
1448 4252 1619 4319 dixit,
1662 4253 1754 4308 sed
1787 4252 2090 4318 Desideria;

509 4345 801 4399 ostendens
830 4354 884 4399 et
917 4344 1185 4401 diabolum
1215 4355 1267 4401 ct
1293 4345 1506 4400 Judgeos
1533 4346 1768 4401 caedibus
1795 4362 1914 4401 esse
1940 4347 2093 4401 debi-

509 4446 591 4490 tos
611 4476 629 4503 ,
659 4436 817 4506 idque
847 4438 1055 4493 invidia:
1084 4452 1263 4493 causa.
1297 4440 1557 4493 Adamum
1589 4440 1729 4493 enim
1757 4438 1950 4493 occidit
1983 4456 2087 4492 non

510 4524 613 4579 alia
643 4542 799 4597 quam
837 4527 1046 4581 invidia:
1073 4543 1251 4583 causa.
1282 4526 1392 4583 Hoc
1421 4538 1474 4584 ει
1502 4544 1640 4583 nunc
1667 4544 1877 4598 quoque
1902 4528 2088 4583 subin-

512 4617 674 4671 dicat.
708 4617 777 4671 Et
805 4618 857 4669 in
887 4615 1091 4671 veritate
1120 4634 1219 4671 non
1244 4620 1411 4683 stetit;
1442 4615 1491 4672 id
1527 4630 1607 4673 est
1630 4661 1643 4683 ,
1678 4622 1727 4672 in
1759 4620 1879 4673 vita:
1912 4619 2091 4688 probi-

508 4721 632 4765 tate.
664 4710 796 4777 Quia
823 4709 965 4764 enim
989 4707 1133 4763 illum
1155 4709 1460 4778 frequenter
1489 4710 1798 4764 incusabant
1820 4706 1957 4780 quod
1983 4727 2087 4765 non

507 4813 649 4857 esset
676 4818 743 4857 ex
775 4801 883 4856 Deo
906 4843 920 4865 ,
953 4801 1079 4856 dicit
1110 4801 1210 4855 hoc
1240 4800 1362 4855 inde
1391 4802 1689 4869 provenire.
1734 4799 1829 4856 ille
1860 4818 2089 4872 namque

510 4896 655 4964 prior
687 4894 890 4964 peperit
918 4890 1249 4949 mendacium
1269 4931 1287 4960 ,
1316 4908 1435 4948 cum
1462 4892 1594 4945 dixit
1635 4910 1649 4946 :
1685 4892 1749 4946 In
1777 4911 2089 4964 quacumque

506 4990 587 5043 die
612 4987 947 5054 cometlcritis,
975 4986 1265 5059 aperientur
1282 4982 1417 5041 oculi
1446 4982 1593 5038 vestri
1619 4984 1768 5057 (Gen.
1802 4982 1851 5040 5.
1883 4987 1959 5056 5).
1994 4982 2087 5041 ille

504 5081 706 5149 primus
733 5078 1010 5133 mendacio
1035 5089 1117 5134 est
1148 5094 1292 5132 usus.
1325 5076 1577 5131 Homines
1604 5078 1745 5130 enim
1774 5076 1864 5130 illo
1894 5084 1949 5129 ιιι
1980 5094 2083 5130 non

503 5173 600 5225 sibi
646 5171 861 5240 proprio
896 5180 1132 5236 utuntur,
1163 5166 1255 5223 sed
1284 5178 1339 5224 ut
1367 5170 1574 5233 alieno;
1621 5166 1706 5222 hic
1749 5180 1802 5221 ut
1842 5170 2075 5238 proprio.

498 5263 589 5317 45.
629 5262 736 5334 Ego
761 5274 929 5315 autent
968 5264 1085 5331 quia
1120 5260 1371 5316 veritatem
1402 5260 1514 5315 dico
1533 5304 1547 5327 ,
1580 5278 1677 5315 non
1707 5262 1907 5314 creditis
1938 5262 2080 5313 mihi.

499 5354 612 5420 Qua
658 5353 1037 5422 consequentia
1080 5353 1286 5424 arguit?
1329 5348 1481 5407 Nulla
1529 5354 1705 5407 oblata
1743 5354 2081 5407 accusatione

500 5446 657 5499 vultis
685 5460 770 5498 me
798 5444 1119 5499 interﬁcere.
1142 5446 1273 5513 Quia
1297 5447 1437 5501 enim
1460 5446 1659 5501 inimici
1680 5446 1914 5500 veritatis
1931 5448 2078 5510 estis,

501 5536 617 5592 ideo
646 5552 729 5591 me
759 5536 1133 5606 persequimini
1166 5555 1177 5589 :
1208 5538 1289 5591 sin
1333 5540 1506 5592 minus
1531 5581 1545 5603 ,
1588 5548 1859 5606 peceatum
1903 5554 2075 5593 meum

498 5627 675 5681 dicite.
723 5629 846 5680 ideo
887 5628 1052 5695 pergit
1082 5646 1094 5680 :
1125 5627 1214 5682 46.
1251 5628 1373 5694 Quis
1417 5645 1478 5682 e.r.
1517 5630 1652 5683 vobis
1689 5640 1862 5699 arguet
1902 5647 1977 5681 me
2016 5630 2078 5681 de

496 5728 698 5789 peccato
718 5722 741 5777 ?
763 5718 894 5774 liiuc
923 5720 993 5774 illi
1018 5737 1029 5773 :
1062 5718 1167 5775 Nos
1191 5736 1250 5774 ex
1275 5722 1605 5791 fornicatione
1627 5723 1727 5774 nati
1754 5739 1851 5776 non
1880 5738 2068 5775 sinnns.

1268 298 1321 352 S.
1361 295 1635 351 J0.\NNIS
1658 289 2131 347 CIIRYSOSTOMI
2172 289 2491 347 ARCIIIEP.
2533 292 3053 353 CONSTANTINOP.

3684 302 3797 357 500

2219 408 2377 477 Atqui
2400 407 2547 463 multi
2576 425 2642 464 ex
2673 410 2770 465 lor.
2794 412 3023 467 icatione
3052 413 3159 467 nati
3186 424 3360 484 erant,
3390 425 3577 487 utpote
3606 419 3811 478 illicitis

2216 496 2443 551 coitibus
2478 498 2674 553 assueti
2706 519 2717 553 :
2750 517 2933 555 verum
2966 514 3067 555 n0n
3102 504 3219 557 ideo
3245 508 3452 575 arguit,
3482 509 3577 561 sed
3611 510 3663 563 in
3699 510 3807 565 hoc

2219 588 2426 643 institit.
2476 590 2609 656 Quia
2653 592 2793 645 enim
2839 594 3144 647 ostenderat
3173 595 3288 649 ilios
3316 614 3419 650 non
3450 614 3513 651 ex
3547 595 3687 665 ilen,‘
3707 602 3805 656 sed

2216 695 2282 734 ex
2306 681 2517 735 diabolo
2539 696 2677 747 esse,
2704 699 2771 737 ex
2804 683 2885 738 bis
2911 686 3157 738 omnibus
3187 688 3444 754 procedit.
3474 689 3605 743 Nam
3637 693 3806 746 inter-

2219 772 2396 838 licete,
2419 772 2735 827 diabolicum
2761 784 2860 839 est,
2891 784 2944 828 ut
2973 784 3025 828 ει
3057 777 3267 831 mentiri
3294 820 3307 841 ,
3340 780 3482 848 quod
3516 792 3806 851 utrumque

2217 863 2408 919 facitis.
2439 864 2683 920 Ostendit
2714 882 2840 921 vero
2864 882 2925 920 ex
2955 884 3137 922 amore
3162 870 3371 936 probari
3404 875 3711 943 quempiam
3735 892 3801 930 ev

2217 952 2326 1009 Deo
2351 970 2487 1009 esse.
2525 954 2694 1021 Quare
2722 956 2967 1025 loquelam
2995 974 3153 1011 meam
3182 976 3279 1012 non
3300 965 3639 1031 cognoscitis?
3666 967 3799 1019 Cum

2214 1050 2354 1103 enim
2394 1065 2607 1120 semper
2632 1051 2937 1107 dubitarent
2962 1054 3305 1125 dieerentque
3338 1073 3353 1111 :
3384 1056 3521 1122 Quid
3556 1069 3629 1110 est
3667 1059 3801 1126 qlltd

2213 1142 2354 1209 dicit,
2382 1143 2494 1207 Quo
2518 1160 2606 1214 ego
2632 1145 2759 1197 vado
2781 1187 2795 1208 ,
2829 1162 2912 1199 ros
2939 1163 3034 1199 non
3062 1148 3264 1215 potestis
3290 1148 3495 1201 venire?
3537 1148 3657 1202 ideo
3684 1151 3755 1202 ait
3780 1167 3792 1203 :

2216 1231 2336 1286 Non
2380 1234 2675 1304 cognoscitis
2718 1233 2967 1304 loquelam
3015 1251 3205 1301 meam,
3247 1237 3363 1305 quia
3394 1254 3672 1291 sermonem
3704 1239 3796 1293 Dei

2213 1342 2311 1379 non
2335 1326 2540 1380 habetis.
2573 1327 2732 1398 idque
2758 1328 2970 1392 accidit,
3003 1329 3122 1399 quia
3157 1345 3307 1383 meus
3329 1339 3501 1383 vestra
3535 1329 3680 1385 humi
3709 1347 3792 1387 rc-

2213 1417 2307 1487 pit,
2340 1426 2393 1471 ct
2430 1418 2568 1488 quod
2602 1434 2717 1474 mea
2752 1419 2904 1489 longe
2935 1421 3241 1474 sublimiora
3274 1421 3398 1474 sint.
3429 1419 3568 1489 Quid
3594 1436 3722 1492 ergo
3748 1424 3790 1477 si

2212 1510 2505 1582 intelligere
2544 1527 2648 1567 non
2696 1512 2979 1583 poterant?
3027 1513 3121 1568 iiic
3164 1530 3268 1567 non
3313 1529 3489 1582 posse,
3521 1524 3603 1568 est
3630 1513 3788 1578 nolle,

2209 1604 2341 1671 Quia
2387 1620 2479 1658 vos
2528 1605 2596 1657 ita
2647 1604 2966 1671 instituistis,
2997 1613 3054 1659 ut
3082 1605 3272 1674 abjecti
3300 1605 3436 1672 sitis,
3475 1606 3617 1675 quod
3660 1606 3786 1660 nihil

2209 1709 2455 1763 magnum
2492 1695 2753 1764 cogitatis.
2797 1694 2926 1762 Quia
2958 1695 3098 1749 enim
3128 1695 3374 1750 dicebant
3405 1711 3465 1751 se
3493 1695 3614 1751 ideo
3643 1697 3785 1751 illum

2208 1784 2490 1853 persequi,
2543 1784 2683 1854 quod
2738 1786 2830 1840 Dei
2872 1785 3036 1839 cultui
3080 1785 3385 1850 studerent;
3432 1786 3553 1841 ideo
3598 1787 3785 1857 ubique

2206 1877 2488 1931 ostendere
2508 1885 2749 1938 conatur,
2777 1877 2917 1947 quod
2940 1894 2997 1931 se
3025 1880 3265 1948 persequi
3292 1882 3360 1932 sit
3390 1879 3555 1933 Deum
3587 1878 3782 1944 odisse,

2206 1979 2390 2023 etnttra
2422 1985 2549 2024 vero
2570 1986 2627 2024 se
2650 1986 2849 2035 amare,
2872 1972 2961 2036 sit,
2985 1972 3147 2025 Deum
3173 1988 3348 2025 nosse.
3385 1970 3555 2026 Unum
3589 1971 3783 2029 Patrem

2210 2059 2468 2125 habemus,
2503 2058 2679 2113 Deam.
2704 2059 2835 2114 iiinc
2861 2061 3083 2130 gloriam
3107 2071 3436 2131 aucupantur
3462 2060 3530 2116 ab
3563 2061 3779 2129 honore,

2209 2164 2313 2202 non
2342 2150 2409 2202 ab
2430 2150 2702 2219 operibus.
2732 2149 3076 2204 incredulitas
3102 2165 3229 2222 ergo
3258 2161 3431 2205 vestra
3465 2153 3651 2222 probat
3680 2169 3776 2208 non

2208 2258 2294 2298 me
2320 2244 2547 2297 alienum
2579 2260 2607 2297 a
2639 2244 2745 2298 Deo
2772 2258 2921 2307 esse;
2956 2243 3045 2297 sed
3082 2258 3173 2297 vos
3205 2244 3366 2297 Deum
3400 2262 3503 2298 non
3529 2263 3703 2301 misse.
3730 2247 3779 2300 tn

2206 2350 2363 2391 causa
2384 2346 2560 2391 autem
2586 2336 2827 2406 estquod
2856 2336 3088 2398 mentiri,
3120 2344 3171 2389 et
3195 2335 3389 2390 diaboli
3420 2351 3582 2406 opera
3612 2337 3779 2393 facere

2206 2427 2396 2481 velitis.
2450 2426 2578 2481 illud
2626 2438 2800 2481 autem
2844 2443 2905 2480 ex
2948 2425 3157 2495 abjecto
3192 2426 3369 2480 animo
3408 2428 3776 2496 proﬁciscitur,

2207 2526 2264 2572 ut
2302 2518 2572 2587 apostolus
2612 2517 2780 2588 inquit
2805 2535 2817 2571 :
2842 2516 2966 2570 Cum
3008 2517 3139 2569 enim
3176 2516 3239 2569 sit
3283 2516 3408 2569 inter
3450 2533 3533 2570 vos
3572 2519 3710 2571 zelus
3738 2528 3780 2571 et

2205 2609 2451 2663 contentio
2472 2651 2486 2675 ,
2532 2625 2696 2662 nonne
2735 2608 2963 2661 carnales
3001 2608 3118 2661 estis
3154 2608 3229 2677 (Ι.
3256 2606 3373 2662 Cor.
3397 2609 3445 2662 5.
3472 2610 3503 2663 5
3521 2609 3575 2677 )?
3604 2611 3780 2677 Quare

2205 2710 2381 2755 autem
2413 2716 2516 2755 non
2547 2701 2801 2772 potestis?
2830 2700 2959 2767 Quia
2990 2700 3236 2754 desideria
3274 2702 3431 2772 patris
3457 2703 3600 2756 vestri
3626 2702 3778 2757 vultis

2205 2792 2401 2861 facere,
2431 2792 2479 2845 id
2508 2792 2704 2845 curatis
2724 2799 2777 2845 et
2804 2790 3146 2845 eontetiditis.

2276 2880 2572 2936 Judarorum
2602 2898 2755 2951 opera
2786 2881 3002 2935 Abralue
3027 2882 3261 2949 operibus
3291 2882 3565 2937 contraria.
3592 2908 3663 2921 —-
3691 2879 3777 2936 Vi-

2204 2972 2323 3027 den‘
2350 2973 2498 3034 illud,
2532 2972 2650 3026 Non
2682 2974 2885 3043 potestis
2904 3013 2920 3039 ,
2950 2973 3248 3043 significare
3273 2975 3412 3044 quod
3443 2992 3551 3028 non
3582 2976 3778 3028 velint?

2208 3062 2318 3117 Hoc
2340 3063 2593 3116 Abraham
2618 3079 2717 3117 non
2746 3065 2879 3134 fecit.
2906 3062 3008 3118 Sed
3030 3079 3273 3133 quaenam
3298 3075 3418 3119 sunt
3444 3065 3561 3135 ejns
3586 3068 3779 3137 opera?

2203 3153 2552 3210 Mansuetudo
2576 3197 2590 3221 ,
2622 3154 2881 3209 modestia
2908 3195 2922 3221 ,
2964 3155 3301 3225 obsequium.
3336 3155 3441 3211 Vos
3470 3167 3657 3211 contra
3689 3159 3779 3211 in-

2204 3244 2421 3301 humani
2446 3254 2500 3300 et
2525 3245 2769 3301 crudeles
2790 3246 2937 3300 estis.
2981 3245 3134 3301 Unde
3162 3257 3337 3301 autem
3367 3248 3498 3302 moti
3526 3257 3647 3302 sunt
3672 3290 3686 3313 ,
3729 3259 3780 3302 ut

2202 3339 2268 3393 ad
2293 3341 2456 3395 Deum
2476 3338 2856 3406 confugerent?
2894 3338 3013 3393 Illos
3031 3339 3332 3394 Abrahamo
3356 3341 3601 3411 indignos
3618 3351 3782 3397 usti-n-

2202 3431 2373 3486 derat.
2404 3432 2535 3489 Cum
2566 3431 2693 3486 illud
2726 3431 2892 3486 vitare
2923 3432 3118 3486 vellent
3140 3471 3157 3497 ,
3202 3432 3251 3486 in
3300 3432 3470 3501 majus
3511 3435 3777 3504 quidpiam

2202 3525 2576 3579 ascenderunt.
2607 3525 2740 3579 Cum
2763 3524 2904 3579 enim
2928 3523 3100 3579 caules
3122 3524 3225 3580 illis
3245 3526 3612 3594 exprobraret,
3633 3527 3779 3597 quasi

2201 3617 2266 3673 ad
2296 3617 2657 3675 defens30nem
2684 3618 2865 3673 dicunt
2889 3632 2948 3673 se
2974 3618 3136 3672 Deum
3160 3619 3359 3673 ulcisci.
3388 3620 3631 3675 Ostendit
3658 3637 3781 3691 ergo

2203 3710 2331 3765 illud
2361 3709 2530 3780 ipsum
2562 3724 2683 3765 esse
2706 3706 2815 3765 Deo
2839 3708 3255 3764 adversantium.
3284 3708 3413 3765 illud
3444 3719 3645 3777 autem,
3679 3710 3779 3763 Ex-

2202 3802 2289 3869 ivi,
2317 3802 2578 3872 signiftcat
2604 3798 2750 3855 illum
2782 3800 2905 3856 inde
2931 3801 3158 3855 venisse.
3203 3800 3350 3854 Exivi
3376 3801 3517 3855 enim
3546 3799 3777 3855 sobindi-

2201 3902 2290 3949 cat
2322 3894 2439 3961 ejus
2468 3895 2533 3947 ad
2563 3908 2659 3948 nos
2686 3892 2993 3947 adventum.
3039 3894 3171 3960 Quia
3210 3902 3386 3947 atttem
3419 3893 3777 3947 verisimiliter

2201 3986 2391 4041 dicturi
2424 3995 2596 4049 erant,
2631 3984 2812 4040 Aliena
2842 3993 2895 4040 et
2925 4000 3057 4039 nova
3091 3982 3321 4054 loqueris
3349 4026 3361 4047 .
3395 4001 3453 4039 se
3483 4001 3511 4037 a
3543 3986 3651 4039 Deo
3680 4002 3768 4039 ve-

2201 4079 2344 4134 nisse
2365 4077 2514 4133 dicit.
2550 4076 2672 4132 Ideo
2704 4074 2817 4132 lucc
2847 4092 2951 4132 non
2978 4076 3187 4141 auditis,
3215 4075 3403 4147 inquit,
3427 4078 3547 4145 quia
3578 4094 3641 4131 ex
3669 4078 3777 4130 dia-

2200 4170 2323 4224 bolo
2350 4170 2498 4225 εειὶς.
2546 4168 2652 4223 Cur
2698 4183 2782 4222 me
2817 4166 2974 4221 vultis
3020 4164 3350 4222 interﬁcere?
3380 4168 3503 4237 quid
3537 4168 3773 4222 Criminis

2199 4260 2391 4315 olferre
2424 4260 2682 4330 potestis?
2711 4256 2765 4314 Si
2791 4257 2922 4312 nihil
2948 4299 2963 4322 ,
2993 4273 3088 4312 cur
3115 4272 3217 4311 non
3247 4254 3462 4311 creditis
3494 4257 3663 4311 mihi?
3690 4258 3775 4311 Si.-

2198 4367 2325 4422 crgo
2350 4367 2471 4404 cum
2500 4367 2565 4405 ex
2603 4348 2878 4404 mendacio
2918 4358 2971 4403 et
3005 4342 3151 4401 caule
3180 4348 3295 4401 illos
3323 4359 3385 4403 ex
3414 4347 3627 4401 diabolo
3660 4364 3778 4401 es~e

2198 4443 2519 4498 05tendisset
2541 4484 2554 4505 ,
2589 4442 2777 4510 probat
2802 4450 2852 4493 et
2877 4441 2943 4493 ab
2970 4437 3272 4491 Abrahamo
3298 4449 3351 4491 et
3377 4452 3405 4489 a
3439 4438 3549 4491 Deo
3574 4435 3777 4490 alienos

2196 4550 2346 4597 esse;
2378 4544 2485 4587 tum
2512 4531 2653 4602 quod
2686 4531 2809 4585 odio
2840 4528 3096 4583 baberent
3122 4545 3241 4583 eum
3274 4529 3359 4598 qui
3394 4544 3451 4583 se
3474 4527 3603 4581 nihil
3632 4529 3777 4580 la-Se-

2196 4632 2301 4688 rat,
2337 4632 2445 4677 tum
2477 4620 2617 4690 quod
2649 4634 2753 4675 non
2780 4620 3022 4673 audirent
3048 4632 3350 4673 sermonem
3381 4618 3517 4687 ejus.
3552 4616 3778 4672 Denton-

2196 4722 2326 4769 strat
2352 4724 2527 4767 autem
2552 4711 2745 4780 ubique
2768 4726 2825 4766 se
2853 4726 2956 4764 non
2985 4726 3103 4764 esse
3134 4706 3242 4763 Deo
3265 4708 3650 4770 adversarium,
3688 4726 3779 4762 no-

2195 4824 2297 4878 que
2320 4806 2439 4860 ideo
2467 4806 2583 4858 illos
2610 4804 2708 4857 sibi
2734 4820 2836 4858 non
2860 4804 3101 4869 credere,
3131 4803 3223 4857 sed
3246 4803 3386 4873 quod
3414 4803 3572 4857 alieni
3596 4816 3776 4856 εεεειιι

2194 4913 2222 4950 a
2259 4896 2387 4951 Deo.
2419 4894 2550 4949 Nam
2575 4910 2694 4949 cum
2722 4895 2810 4965 qui
2842 4903 3115 4963 peccatum
3141 4909 3244 4948 non
3280 4894 3419 4958 fecit,
3446 4895 3532 4963 qui
3566 4894 3693 4946 dicit
3722 4910 3779 4946 se

2194 5004 2223 5043 a
2262 4986 2370 5042 heu
2400 4989 2581 5041 venire
2607 4996 2659 5042 et
2690 4987 2755 5041 ab
2792 4986 2907 5055 ipso
2944 4986 3166 5039 missum
3203 4998 3344 5051 esse,
3371 4984 3458 5054 qui
3491 4984 3772 5038 veritati-ni

2196 5078 2529 5148 loqui-batur,
2559 5087 2613 5131 et
2644 5076 2710 5131 ita
2740 5078 3055 5146 loquebatur
3077 5119 3092 5143 ,
3122 5084 3179 5130 ut
3204 5091 3392 5130 onmes
3417 5076 3481 5129 ad
3509 5090 3567 5128 sc
3591 5075 3777 5129 redar-

2193 5172 2457 5240 guendnm
2492 5178 2805 5239 provocaret
2827 5208 2842 5231 ,
2877 5182 3050 5238 neque
3080 5178 3255 5221 tamen
3288 5166 3607 5221 credebatur
3635 5188 3648 5220 :
3682 5182 3777 5233 pa-

2193 5261 2293 5314 lam
2336 5269 2450 5314 erat
2494 5260 2612 5314 ideo
2656 5275 2761 5312 non
2798 5258 2982 5323 credi,
3015 5257 3154 5327 quod
3188 5257 3259 5309 illi
3288 5254 3529 5309 carnales
3571 5263 3777 5309 essent.

2190 5356 2417 5409 Noverat
2443 5353 2583 5407 enim
2610 5394 2625 5415 ,
2661 5364 2878 5406 noverat
2913 5352 3090 5420 utique
3116 5360 3328 5417 peccata
3357 5348 3590 5402 animam
3622 5347 3775 5415 abje-

2189 5458 2326 5500 ciant
2359 5445 2602 5499 reddere.
2647 5443 2769 5497 Ideo
2792 5486 2804 5506 ,
2842 5442 3041 5512 inquit,
3079 5442 3327 5505 Quoniam
3356 5440 3628 5492 intbeciiles
3653 5440 3781 5505 [acti

2188 5535 2303 5590 estis
2331 5539 2395 5590 ad
2424 5536 2728 5589 audiendum
2758 5537 2774 5605 (
2799 5530 2957 5585 Hebr.
2984 5534 3035 5588 5.
3068 5533 3120 5585 ii
3152 5531 3189 5599 ).
3242 5529 3465 5597 Quando
3495 5529 3637 5581 cnim
3672 5539 3779 5582 ter-

2189 5646 2312 5682 rena
2346 5642 2449 5681 non
2482 5635 2654 5696 potest
2686 5626 2804 5691 quis
2833 5630 3195 5683 contemnere,
3231 5616 3501 5687 quomodo
3528 5619 3596 5671 de
3623 5619 3784 5673 cmic-

2187 5722 2355 5775 stib..s
2387 5719 2494 5790 phil
2522 5718 2748 5788 sophaxi
2780 5712 3002 5785 poterit?
