3984 6196
593 283 694 339 δυι

661 396 726 450 δ’.
764 395 862 449 Διὰ
890 394 1067 460 τοῦτο,
1099 397 1423 468 παρακαλῶ,
1447 398 1624 453 πάντα
1657 399 2005 470 πράττωμεν,
2035 401 2176 454 ὥστε

589 480 682 533 τδν
708 479 822 549 βίον
853 478 1014 550 ἡμῶν
1048 480 1482 552 κατορθωθῆναι,
1531 481 1671 535 ῶστε
1705 483 2042 556 καθαρθῆναι
2077 485 2176 556 τὴν

589 563 864 626 διάνοιαν,
917 562 1058 616 ὥστε
1111 563 1276 634 μηδὲν
1313 565 1446 634 ἡμῖν
1493 564 1736 636 ῥυπαρὸν
1770 567 2021 634 γενέσθαι
2063 565 2176 621 κώ-

589 646 756 716 λυμα.
809 647 1084 700 Φωτίσατε
1115 647 1224 718 γὰρ
1269 649 1482 712 ἑαυτοῖς
1513 648 1630 717 φῶς
1664 648 1936 714 γνώσεως,
1975 651 2068 703 καὶ
2100 650 2176 722 μὴ

590 730 848 801 σπείρητε
901 732 988 784 ἐπ’
1035 732 1319 796 ἀκάνθαις.
1384 733 1442 786 Ὀ
1492 732 1602 804 γάρ
1650 733 1724 804 μὴ
1776 733 1930 798 είδὼς
1979 735 2063 788 δτι
2113 735 2176 788 τὸ

591 815 933 868 πλεονεκτεῖν
983 816 1193 880 κακὸν,
1245 817 1375 870 πότε
1425 817 1631 870 εἵσεται
1664 817 1724 871 τὺ
1773 817 1988 888 μεῖζονς
2041 821 2068 873 6
2098 818 2173 891 μὴ

585 899 925 968 ἀπεχόμενος
951 899 1174 959 τούτων,
1217 900 1345 954 πότε
1374 900 1598 954 ἐκείνων
1623 899 1904 966 ἀνθέξεται
1930 917 1944 964 ;
1995 903 2174 957 Καλὸν

586 983 646 1036 τὸ
678 985 986 1054 ἁρπάζειν,
1041 985 1154 1039 ἀλλ’
1185 986 1309 1056 οὐχὶ
1356 986 1426 1038 τά
1464 985 1831 1057 ἀπολλύμενα,
1883 984 2021 1040 ἀλλά
2074 988 2173 1058 τὴν

587 1069 867 1140 βασιλείαν
894 1071 1002 1124 τῶν
1033 1070 1298 1142 οὐρανῶν.
1332 1071 1582 1125 Βιασταὶ
1611 1071 1740 1142 γὰρ,
1773 1071 1958 1142 φησὶν.
1984 1071 2174 1139 ἀρπά-

583 1154 792 1214 ζουσιν
817 1155 1031 1222 αὐτήν.
1068 1156 1182 1208 Οὐκ
1210 1156 1319 1226 ἀρα
1346 1156 1484 1226 μετὰ
1514 1157 1786 1228 ῥᾳθυμίας
1813 1156 1960 1211 ἔστιν
1985 1158 2173 1210 ὲπιτυ-

582 1241 698 1306 χεῖν
723 1237 914 1308 αὐτῆς,
939 1237 1076 1292 ἀλλὰ
1105 1242 1242 1310 μετὰ
1271 1239 1525 1310 σπουδῆς.
1553 1240 1619 1294 Τί
1637 1241 1695 1294 δέ
1718 1243 1854 1308 ἐστι,
1885 1241 2136 1296 Βιασταί
2151 1258 2172 1306 ;

588 1319 715 1385 Βίας
749 1321 907 1392 χρεία
941 1321 1141 1394 πολλῆς
1171 1323 1354 1394 (στενὴ
1378 1322 1487 1394 γὰρ
1516 1326 1550 1395 ἡ
1575 1324 1739 1394 ὁδὸς),
1773 1327 1868 1379 καὶ
1913 1326 2170 1397 νεανικῆς

581 1404 664 1457 δεῖ
691 1405 870 1476 ψυχῆς
901 1407 996 1460 καὶ
1021 1408 1294 1475 γενναίας.
1337 1409 1398 1462 Ol
1433 1408 1772 1480 ἁρπάζοντες
1801 1410 2008 1475 πάντας
2046 1411 2171 1481 βού-

581 1486 764 1542 λονται
795 1489 1086 1560 προλαϐεῖν
1111 1508 1126 1522 ο
1169 1492 1306 1564 πρὸς
1325 1491 1478 1546 οὐδὲν
1503 1492 1722 1566 ὁρῶσιν,
1747 1496 1807 1548 οὐ
1835 1496 1968 1567 πρὸς
1999 1497 2170 1551 κατά-

580 1589 802 1639 γνωσιν.
857 1573 917 1626 οὑ
971 1574 1109 1646 πρὸς
1157 1576 1515 1648 κατηγορίαν.
1563 1577 1624 1631 οὑ
1676 1579 1813 1650 πρὸς
1855 1580 2164 1653 τιμωρίαν

579 1655 697 1710 ἀλλ’
725 1657 843 1721 ἑνὸς
869 1658 1107 1726 γίνονται
1137 1659 1321 1728 μόνου,
1354 1659 1447 1713 τοῦ
1493 1660 1678 1715 λαϐεῖν
1709 1663 1853 1734 άπερ
1883 1663 2167 1734 βούλονται

580 1742 846 1812 ἁρπάσαι,
876 1743 970 1797 καὶ
991 1743 1196 1808 πάντας
1226 1745 1351 1808 τοὺς
1377 1744 1684 1817 ἔμπροσθεν
1706 1748 2161 1820 παρατρέχουσιν.

588 1828 955 1898 Ἀρπάσωμεν
993 1828 1171 1882 τοίνυν
1201 1828 1298 1895 τὴν
1329 1828 1603 1898 βασιλείαν
1635 1831 1744 1885 τῶν
1768 1831 2036 1904 οὐρανῶν.
2086 1833 2162 1888 Οὐ

576 1915 688 1985 γὰρ
737 1911 882 1966 ἐστιν
915 1913 1147 1967 ἐνταῦθα
1178 1913 1431 1985 ἔγκλημα
1461 1915 1523 1968 τὸ
1552 1917 1822 1988 ἁρπάσαι,
1858 1918 1972 1972 ἀλλ’
2000 1918 2160 1973 ἔπαι-

576 2015 666 2060 νος
691 2013 706 2029 ο
761 1995 1014 2068 ἔγκλημα
1047 1997 1126 2058 δὲ,
1166 1998 1227 2050 τὸ
1261 1998 1336 2069 μὴ
1367 1998 1634 2068 ἁρπάσαι.
1680 1999 1945 2055 Ἐνταῦθα
1969 2001 2030 2055 οὑ
2063 2002 2164 2073 τῆς

577 2080 762 2151 ἐτέρου
799 2078 999 2151 ζημίας
1027 2082 1056 2134 6
1092 2080 1362 2151 ἡμέτερος
1399 2081 1608 2150 γίνεται
1639 2083 1888 2148 πλοῦτος.
1923 2085 2164 2141 Σπουδά-

577 2181 762 2233 σωμεν
803 2160 899 2218 οὖν
946 2163 1116 2235 αὐτὴν
1146 2165 1400 2236 ,ἁρπάσαι
1425 2183 1438 2197 ο
1487 2165 1590 2219 κᾶν
1621 2167 1808 2240 ἐνοχλῇ
1840 2167 2030 2240 θυμὸς,
2057 2170 2162 2225 κᾶν

575 2247 765 2318 ἐνοχλῇ
797 2248 1082 2318 ἐπιθυμία,
1121 2248 1436 2320 βιασώμεθα
1463 2250 1564 2321 τὴν
1587 2250 1749 2321 φύσιν
1774 2269 1788 2283 ο
1823 2251 2164 2325 ἡμερώτεροι

574 2330 894 2400 γενώμεθα’
936 2331 1202 2403 κάμωμιν
1229 2333 1428 2402 ὀλίγον,
1463 2333 1549 2387 ίνα
1593 2334 2039 2406 ἀναπαυσὼμεθα
2083 2337 2160 2390 διο

573 2413 916 2485 ηνεκῶς.”Μὴ
941 2415 1194 2488 ἀρπάσῃς
1219 2417 1439 2488 χρυσὸν.
1471 2417 1608 2470 ἀλλὰ
1638 2419 1887 2490 ἅρπασον
1915 2420 2162 2486 πλοῦτον,

573 2499 667 2552 τόν
705 2499 960 2572 βόρϐορον
1002 2499 1284 2554 δεικνύντα
1325 2501 1416 2555 τὸν
1445 2504 1665 2574 χρυσόν.
1701 2505 1838 2558 Εἰπὲ
1872 2507 1982 2578 γάρ
2031 2523 2121 2578 μοι
2147 2523 2162 2538 '

573 2585 622 2636 εί
658 2585 948 2655 προύκειτο
981 2584 1240 2654 μόλυϐδος
1271 2587 1365 2640 καὶ
1407 2586 1626 2657 χρυσὸς,
1669 2588 1723 2641 τί
1759 2589 1826 2642 ἂν
1868 2590 2160 2660 ἦρπασας;

1281 279 1342 339 8.
1381 279 1499 337 1οΑ
1512 281 1668 339 NNIS
1704 279 2161 339 CllllYSOSTON

2264 279 2566 338 meum.
2605 282 3152 342 CONSTANTINOP.

3757 280 3862 339 30:!

2281 401 2382 454 οὑκ
2412 400 2631 472 εὔδηλον
2655 400 2737 454 ὅτι
2761 400 2852 453 τὸν
2878 399 3113 472 χρυσόνς
3165 393 3298 453 Εἶτα
3330 397 3460 452 ἔνθα
3498 396 3598 468 μὲν
3617 398 3649 450 6
3685 398 3863 469 ἀρπά-

2280 483 2391 549 ζων
2418 485 2722 550 κολάζεται,
2752 485 2815 538 τὸ
2846 484 3030 553 μεῖζον
3054 485 3218 554 τιμᾷς
3239 499 3253 513 ·
3302 482 3430 537 ἔνθα
3455 479 3512 535 δὲ
3541 484 3570 536 6
3600 483 3860 554 ἁρπάζων

2277 571 2528 641 τιμᾶται,
2559 569 2822 641 προδίδως
2847 570 2909 624 τδ
2940 569 3161 641 μεῖζον;
3215 569 3278 622 El
3319 566 3428 637 γάρ
3472 567 3860 638 ἀμφοτέρωθεν

2278 655 2501 718 κόλασις
2521 649 2612 724 ἦν,
2630 654 2731 708 οὑκ
2751 653 2817 708 ἂν
2836 655 2929 708 ἐπὶ
2952 653 3110 708 τοῦτο
3136 651 3336 722 μᾶλλον
3358 646 3523 722 ἦλθες
3543 668 3558 715 ;
3595 649 3860 702 Ἐνταῦθα

2277 739 2334 794 δὲ
2360 740 2512 793 οὐδὲν
2539 739 2777 793 τοιοῦτόν
2804 739 2978 803 ἔστιν,
3011 737 3148 791 ἀλλά
3178 733 3333 810 [εει]
3369 735 3462 788 καὶ
3487 734 3855 804 μακαρισμός.

2275 825 2387 878 Καὶ
2419 823 2538 887 πῶς
2570 824 2717 876 ἔστιν
2765 822 3011 892 ἁρπάσαι
3030 863 3045 885 ,
3092 823 3262 892 φησί;
3319 817 3502 887 Ῥίψον
3543 818 3613 870 τά
3642 817 3769 870 ὂντα
3801 819 3858 870 έν

2273 907 2484 977 χερσίν.
2508 908 2654 970 Ἕως
2676 907 2786 978 γάρ
2815 907 2880 960 ἂν
2903 905 3043 960 αὑτά
3068 904 3302 975 κατέχῃς
3318 915 3366 966 ι,
3405 903 3584 954 ἐκεῖνα
3610 901 3855 969 ἁρπάσαι

2273 991 2333 1045 οὑ
2362 992 2588 1064 δυνήσῃ.
2633 991 2913 1062 Ἐννόησον
2953 991 3062 1063 γάρ
3109 1006 3199 1060 μοι
3243 988 3410 1058 ἀνδρα
3456 986 3720 1057 ἀργυρίου
3761 986 3856 1048 τὰς

2273 1075 2460 1145 χεῖρας
2489 1074 2927 1147 πεπληρωμένας
2954 1075 3174 1144 ἔχοντα’
3224 1074 3298 1144 μὴ
3330 1072 3639 1142 δυνήσεται,
3661 1071 3767 1133 ἕως
3792 1070 3854 1124 ἃν

2272 1159 2478 1232 κατέχῃ
2515 1159 2700 1226 τοῦτο,
2747 1159 2993 1231 ἁρπάσαι
3035 1157 3288 1229 χρυσίον,
3336 1155 3430 1210 ὲὰν
3457 1155 3533 1226 μὴ
3565 1154 3700 1227 ῥίψῃ
3727 1153 3853 1208 αὑτὸ

2272 1245 2368 1298 καὶ
2405 1243 2628 1306 εὑλυτος
2655 1244 2921 1315 γένηται;
2967 1242 3071 1295 Τὸν
3117 1241 3224 1313 γάρ
3270 1239 3581 1312 ἁρπάζοντα
3624 1238 3852 1302 εῦζωνον

2270 1322 2409 1380 εἶναι
2439 1327 2553 1391 δεῖ,
2599 1325 2742 1380 ὥστε
2778 1326 2855 1397 μὴ
2887 1325 3308 1395 κατασχεθῆναι.
3359 1323 3470 1375 Καὶ
3504 1322 3615 1393 γάρ
3643 1321 3736 1374 καὶ
3762 1320 3850 1373 νῦν

2269 1413 2409 1466 εἰσιν
2439 1411 2682 1466 ἐναντίαι
2725 1411 2987 1481 δυνάμεις
3034 1407 3465 1478 κατατρέχουσαι
3515 1404 3711 1477 ἡμῶν,
3767 1405 3850 1457 ἱνα

2269 1497 2596 1569 ἀφέλωνται.
2648 1493 2810 1548 Ἀλλά
2841 1493 3130 1564 φεύγωμεν
3162 1491 3352 1555 αὑτάς,
3395 1489 3706 1561 φεύγωμεν,
3751 1505 3849 1558 μη-

2267 1580 2461 1653 δεμίαν
2491 1578 2874 1652 ἐπισυρόμενοι
2920 1577 3090 1648 λαϐὴν
3136 1575 3355 1642 ἔξωθεν.
3403 1573 3762 1646 Διατέμωμεν
3785 1572 3848 1626 τά

2274 1664 2503 1734 σχοινία,
2535 1663 2730 1734 γυμνοὶ
2772 1661 3056 1733 γενώμεθα
3099 1660 3207 1714 τῶν
3237 1659 3525 1731 βιωτικῶν.
3568 1657 3664 1720 Τίς
3693 1657 3846 1728 χρεία

2269 1749 2380 1802 τῶν
2407 1747 2649 1819 σηρικῶν
2683 1746 2949 1817 ἱματίων;
3000 1745 3162 1816 μέχρι
3193 1745 3322 1798 πότε
3352 1744 3446 1798 τὸν
3477 1742 3691 1812 γέλωτα
3725 1741 3844 1796 τοῦ·

2269 1850 2361 1886 τον
2389 1832 2768 1902 ἀνελίττομεν;
2820 1829 2984 1900 μέχρι
3015 1831 3148 1883 πότε
3185 1829 3246 1883 τὸ
3275 1829 3499 1900 χρυσίον
3529 1825 3845 1899 κατορύττο-

2274 1932 2374 1987 μεν
2401 1931 2416 1979 ;
2459 1915 2791 1984 Ἐϐουλόμην
2819 1915 3131 1968 παύσασθαι
3164 1912 3335 1968 ταῦτα
3375 1913 3548 1982 λέγων
3576 1912 3662 1965 ἀεί
3687 1929 3703 1943 ο
3737 1908 3843 1965 ἀλλ’

2268 2001 2427 2070 ὑμεῖς
2473 2001 2574 2055 οὐκ
2621 2002 2779 2064 ἐᾶτε,
2824 1999 2911 2053 ἀεί
2955 2017 3046 2070 μοι
3091 1999 3419 2070 παρέχοντες
3459 1995 3716 2070 ἀφορμάς
3759 1997 3844 2049 καὶ

2269 2085 2576 2149 ὑποθέσεις.
2607 2084 2768 2138 Ἀλλά
2786 2083 2881 2138 νῦν
2901 2083 3031 2152 γοῦν
3047 2084 3340 2155 ἁποστῶμε
3349 2102 3394 2148 ν,
3415 2082 3501 2136 ἵνα
3520 2083 3616 2136 καὶ
3632 2081 3843 2152 ἑτέρους

2267 2171 2356 2225 διὰ
2379 2170 2472 2225 τοῦ
2503 2171 2618 2242 βίου
2645 2171 3058 2234 παιδεύσαντες,
3087 2169 3338 2240 τύχωμεν
3363 2168 3473 2222 τῶν
3505 2167 3843 2238 έπηγγιλμέρ

2267 2273 2374 2312 νων
2421 2256 2675 2326 ἀγαθῶν,
2725 2257 2911 2329 χάριτι
2942 2257 3036 2310 καὶ
3073 2255 3451 2326 φιλανθρωπίᾳ
3498 2253 3592 2307 τοῦ
3640 2253 3838 2324 Κυρίου

2267 2340 2424 2411 ἡμῶν
2465 2339 2641 2412 Ἰησοῦ
2672 2339 2932 2412 Χριστοῦ,
2961 2341 3027 2393 δι’
3053 2333 3114 2393 οὑ
3146 2336 3238 2393 καὶ
3266 2337 3386 2408 μεθ’
3415 2332 3474 2393 οὑ
3509 2337 3587 2408 τῷ
3613 2336 3840 2407 Πατρὶὴ

2267 2425 2426 2490 δόξα,
2470 2426 2585 2495 ἅμα
2628 2423 2706 2495 τῷ
2743 2425 2886 2495 ἁγίῳ
2924 2423 3220 2493 Πνεύματι,
3253 2422 3346 2475 νῦν
3379 2421 3474 2476 καὶ
3505 2422 3607 2486 ἀεὶ,
3638 2421 3736 2475 καὶ
3773 2422 3841 2484 είς

2267 2509 2392 2571 τοὺς
2423 2507 2624 2570 αἰῶνας
2655 2507 2762 2560 τῶν
2792 2507 3023 2560 αἰώνων.
3069 2506 3262 2578 Ἀμήν.

2333 2621 2357 2650 ιι
2383 2599 2480 2650 Alii
2493 2601 2583 2664 γάρ
2605 2601 2661 2648 ἄν
2680 2601 2740 2648 τὰ
2754 2600 2964 2664 παρόντα
2981 2601 3204 2663 κατέγῃς.

2036 2758 2285 2813 ΟΜΙΛΙΑ
2319 2757 2448 2813 .NE’.
2478 2783 2486 2791 -

587 2850 1035 2917 Ἀπεκρίθησαν
1064 2847 1180 2905 οὖν
1205 2851 1261 2904 οἱ
1301 2849 1578 2906 Ἰουδαῖοι
1618 2852 1717 2907 καὶ
1745 2846 1919 2908 εἴπω·
1956 2851 2116 2918 αὐτῷ
2143 2868 2158 2884 ·

649 2939 668 2972 ι
703 2923 790 2992 Οὐ
828 2919 1029 2992 καείῶς
1063 2918 1323 2992 λέγομεν
1360 2921 1550 2990 ἡμεῖς,
1590 2921 1680 2976 ὅτι
1715 2925 2084 2992 Σαμαρείτης
2109 2924 2167 2977 εἶ

642 2991 746 3053 σὺ,
779 2991 876 3044 καί
900 2990 1210 3062 δαιμόνιον
1230 2991 1393 3060 ἔχεις
1415 3008 1435 3054 ;
1460 3010 1478 3043 ι
1509 2993 1828 3061 Ἀπεκρίθη
1847 2990 1888 3048 ὀὴ
1907 2995 2158 3062 Ἰησοῦς·

647 3079 667 3112 ι
719 3062 865 3134 Ἐγὼ
908 3059 1220 3131 δαιμόνιον
1265 3059 1380 3116 οὐκ
1430 3064 1582 3132 ἔχω,
1637 3059 1822 3117 ἀλλά
1856 3059 2000 3134 τιμῶ
2055 3063 2164 3118 τὸν

646 3131 893 3200 Πατέρα.
946 3150 964 3182 ι

643 3221 713 3268 α’.
743 3215 1120 3285 Ἀναίσχυντον
1151 3215 1184 3286 ἡ
1217 3214 1385 3270 κακία
1420 3216 1513 3269 καὶ
1545 3214 1756 3288 ἰταμὸν,
1779 3218 1873 3271 καὶ
1901 3217 2030 3272 ὅταν
2058 3235 2160 3272 κα-

571 3299 867 3354 ταδύεσθαι
890 3299 1004 3372 δέῃ,
1038 3299 1159 3353 τότε
1191 3299 1392 3370 μᾶλλον
1417 3300 1706 3372 ἀγριοῦται
1732 3318 1744 3331 ⁸
1775 3302 1913 3372 ὅπερ
1939 3303 2036 3356 καὶ
2069 3303 2163 3356 ἐπὶ

570 3384 679 3436 τῶν
723 3383 990 3436 Ἰουδαίων
1028 3383 1239 3451 γέγονε.
1270 3382 1398 3436 Δέον
1429 3383 1538 3454 γὰρ
1569 3383 1660 3436 ἐπὶ
1691 3384 1802 3447 τοῖς
1832 3384 2044 3456 ῥηθεῖσι
2073 3403 2164 3439 καο

570 3466 891 3532 τανυγῆναι,
923 3465 1313 3534 θαυμάσαντας
1340 3466 1440 3536 τὴν
1470 3467 1782 3536 παρρησίαν
1807 3469 1899 3520 καὶ
1930 3469 2028 3540 τὴν
2051 3469 2162 3522 τῶν

572 3547 880 3618 εἰρημένων
906 3546 1254 3600 ἀκολουθίαν·
1293 3549 1343 3600 οί
1365 3547 1422 3600 δὲ
1449 3548 1540 3601 καὶ
1570 3548 1873 3620 ὑϐρίζουσι,
1899 3549 2162 3621 Σαμαρεί-

571 3647 672 3699 την
699 3628 993 3692 καλοῦντες
1018 3631 1112 3682 καὶ
1141 3629 1482 3700 δαιμονῶντα
1514 3631 1784 3700 λέγοντες,
1827 3633 1921 3688 καί
1952 3650 2116 3703 φασιν
2143 3651 2156 3663 ·

576 3712 722 3780 Οὐχὶ
754 3711 950 3778 καλῶς
979 3711 1285 3782 ἐλέγομεν,
1317 3713 1406 3767 ὅτι
1440 3715 1804 3784 Σαμαρείτης
1835 3717 1888 3770 εί
1925 3717 2030 3781 σὺ,
2061 3718 2159 3772 καί

571 3795 885 3862 δαιμόνιον
913 3795 1108 3863 ἕχεις;
1153 3797 1321 3849 Ὅταν
1349 3797 1457 3868 γὰρ
1485 3797 1688 3868 ὑψηλόν
1719 3817 1772 3852 τι
1804 3802 1957 3872 εἴπῃ,
1993 3804 2163 3872 μανία

570 3877 729 3930 τοῦτο
756 3877 904 3931 δοκεῖ
932 3879 1081 3950 παρά
1111 3881 1221 3943 τοῖς
1247 3879 1365 3934 λίαν
1395 3882 1744 3954 ἀναισθήτοις
1776 3881 1936 3938 εἶναι.
1969 3886 2161 3940 Καίτοι

572 3977 634 4029 γε
674 3960 910 4032 οὐδαμοῦ
943 3962 972 4014 6
1001 3961 1392 4036 εὑαγγελιστὴς
1418 3959 1571 4019 εἶπεν
1601 3965 1928 4037 ἔμπροσθεν,
1954 3969 2036 4022 ὅτι
2061 3971 2164 4024 Σα-

571 4044 836 4116 μαρείτην
867 4044 1131 4100 ἐκάλεσαν
1151 4063 1168 4080 ο
1196 4047 1311 4100 ἀλλ’
1333 4048 1481 4112 είκδς
1497 4048 1574 4103 ’ὲκ
1596 4049 1696 4121 τῆς
1725 4052 1939 4124 ρήσεως
1958 4053 2163 4125 ταύτης

570 4127 832 4190 πολλάκις
882 4129 1012 4199 παρ’
1057 4130 1235 4184 αὑτῶν
1283 4131 1534 4204 εἰρῆσθαι
1596 4133 1773 4189 τοῦτο.
1847 4139 2163 4207 Δαιμόνιον

569 4210 745 4280 ἔχεις,
786 4212 939 4282 φησί.
993 4213 1185 4268 Καίτοι
1216 4215 1299 4280 τίς
1341 4219 1370 4270 6
1405 4217 1679 4288 δαιμόνιον
1708 4220 1878 4290 ἔχων;
1931 4225 1960 4276 ὁ
1988 4218 2163 4294 τιμῶν

567 4295 661 4348 τὸν
687 4295 842 4358 Θεὸν,
875 4295 908 4368 ἢ
941 4297 970 4349 6
999 4297 1090 4351 τὸν
1123 4299 1368 4369 τιμῶντα
1397 4300 1635 4372 ὑϐρίζων
1667 4320 1681 4368 ;
1734 4304 1801 4358 Τί
1830 4301 1923 4358 οὖν
1964 4307 1992 4359 ὁ
2023 4309 2159 4378 Χρι-

571 4380 715 4444 στὸς,
730 4381 763 4452 ἡ
776 4381 1088 4452 πραότης,ή
1105 4383 1392 4452 ὲπιείκεια;
1410 4384 1557 4454 Ἐγὼ
1573 4385 2002 4456 δαιιιόνιοιοοὺκ
2020 4391 2157 4458 ἔχω,

567 4463 729 4518 ἀλλὰ
746 4463 891 4534 τιμῶ
904 4463 1010 4518 τὸν
1029 4467 1260 4535 Πατέρα
1282 4468 1386 4520 τὸν
1405 4467 1727 4537 πέμψαντά
1744 4487 1841 4540 με.
1869 4472 2037 4525 Ἔνθα
2061 4473 2160 4544 μὲν

570 4548 777 4612 διδάξαι
829 4548 1025 4612 αὐτοὺς
1070 4550 1237 4620 ἐχρῆν
1287 4550 1378 4602 καὶ
1420 4550 1511 4604 τὸν
1559 4551 1726 4605 πολὺν
1772 4553 1950 4608 αὐτῶν
1989 4572 2156 4609 καταο

576 4631 780 4686 σπάσαι
809 4631 994 4702 τύφου,
1024 4633 1117 4686 καὶ
1143 4633 1427 4688 παιδεῦσαι
1453 4634 1528 4705 μὴ
1553 4635 1695 4705 μέγα
1725 4637 1938 4708 φρονεῖν
1967 4638 2059 4691 ἐπὶ
2081 4638 2159 4710 τῷ

581 4715 866 4786 Ἀϐραάμ,
915 4715 1141 4787 σφοδρὸς
1184 4711 1288 4787 ἦν·
1339 4716 1466 4770 ἔνθα
1497 4717 1554 4770 δὲ
1604 4718 1961 4790 ὑϐριζόμενον
1994 4721 2157 4776 αὑτὸν

565 4798 675 4850 ἔδει
701 4801 966 4866 ἐνεγκεῖν,
1004 4799 1170 4870 πολλῇ
1202 4800 1467 4871 πραότητι
1497 4801 1783 4873 κέχρηται.

641 4879 772 4933 Ὅτε
807 4883 904 4951 μὲν
929 4882 1038 4954 γὰρ
1070 4881 1276 4952 ἔλεγον,
1306 4883 1388 4936 ὅτι
1417 4883 1640 4955 Πατέρα
1672 4885 1764 4938 τὸν
1793 4884 1925 4938 Θεὸν
1958 4885 2155 4957 ἔχομεν

566 4963 665 5016 καί¹
702 4963 792 5015 τὸν
831 4963 1103 5036 Ἀϐραάμ,
1146 4966 1351 5038 σφόδρα
1399 4967 1578 5022 αὑτῶν
1627 4967 1940 5039 καθήψατο·
1976 4970 2062 5024 ὅτε
2096 4971 2154 5023 δὲ

566 5045 730 5099 αὐτὸν
755 5046 1097 5118 δαιμονῶντα
1147 5050 1396 5113 ἐκάλουν,
1431 5052 1738 5122 ὑφειμένως
1775 5052 1853 5123 τῷ
1884 5052 2027 5124 λόγῳ
2056 5054 2152 5108 κέ·-

565 5148 783 5200 χρηται.
837 5131 1107 5186 παιδεύων
1135 5133 1300 5205 ἡμᾶς,
1351 5133 1420 5187 τὰ
1461 5134 1562 5205 μὲν
1600 5133 1753 5206 [522]
1784 5139 1862 5199 είς
1889 5136 1981 5190 τὸν
2020 5137 2152 5192 Θεὸν

565 5213 830 5277 ἐκδικεῖν,
877 5215 944 5268 τά
982 5216 1040 5268 δὲ
1086 5217 1166 5280 είς
1204 5219 1353 5289 ἡμᾶς
1393 5219 1663 5290 παρορᾷν.
1721 5219 1868 5287 Ἐγὼ
1901 5221 1974 5274 οὐ
2003 5219 2152 5288 ζητῶ

565 5295 682 5363 τὴν
716 5297 906 5361 δόξαν
938 5299 1052 5366 τὴν
1077 5299 1251 5370 ἐμήν.
1287 5300 1474 5356 Ταῦτα
1517 5297 1692 5365 εἷπον,
1728 5303 1892 5372 φησι,
1935 5303 2150 5369 δεικνὺς

563 5377 647 5431 δτι
685 5378 746 5430 οὑ
788 5381 1065 5451 προσῆκεν
1109 5383 1238 5453 ὑμῖν
1266 5384 1357 5439 τὸν
1404 5385 1537 5440 Θεὸν
1571 5385 1757 5438 καλεῖν
1786 5385 2016 5457 πατέρα,
2051 5389 2148 5442 ἀν-

563 5460 843 5531 δροφόνοις
887 5459 1057 5520 οὖσιν.
1115 5466 1280 5520 Ὥστε
1335 5471 1400 5539 τῇ
1456 5471 1591 5540 τιμῇ
1639 5471 1705 5540 τῇ
1758 5468 1895 5540 πρὸς
1940 5473 2147 5526 ἐκεῖνον

561 5546 739 5599 ταῦτα
785 5547 1157 5620 ἐφθεγξάμην,
1209 5549 1304 5604 καὶ
1359 5551 1428 5604 δι’
1481 5553 1688 5605 ἐκεῖνον
1714 5554 1889 5606 ταῦτα
1940 5553 2144 5619 ἀκούω,

563 5629 658 5683 καὶ
692 5630 760 5682 δι’
785 5630 947 5683 αὑτὸν
982 5633 1276 5702 ἀτιμάζετέ
1319 5652 1406 5705 με.
1459 5635 1598 5688 Ἀλλ’
1647 5634 1801 5688 οὐδέν
1853 5653 1943 5705 μοι
1997 5636 2145 5706 μέλει

560 5711 666 5780 τῆς
716 5713 924 5783 ῦϐρεως
993 5713 1279 5784 ταύτηςα·
1322 5717 1516 5788 ἐκείνῳ
1563 5717 1672 5788 γάρ
1722 5717 1954 5781 εὐθύνας
2000 5720 2148 5788 ὀφεί-

563 5790 682 5844 λετε
728 5795 833 5845 τῶν
877 5794 1195 5864 λεχθέντων,
1238 5798 1305 5852 δι’
1335 5799 1393 5851 ὃν
1434 5799 1603 5854 ταῦτα
1630 5799 1812 5854 ἀκούω
1841 5800 1954 5855 νῦν.
2002 5794 2152 5862 Ἐγὼ

631 5880 662 5912 ι
695 5881 897 5939 Quidam
934 5890 1018 5941 τῆς
1061 5885 1292 5950 ὑϐρίσεως
1336 5889 1524 5944 ταύτης.

2265 2855 2338 2907 οὐ
2377 2853 2526 2921 ζητῶ
2566 2855 2682 2924 τὴν
2729 2855 2920 2921 δόξαν
2973 2856 3088 2926 τὴν
3131 2855 3304 2926 ἐμήν.
3353 2855 3452 2910 Διά
3496 2851 3652 2909 τοῦτο
3687 2853 3843 2926 ἀφεὶς

2265 2938 2325 2992 τὸ
2375 2939 2622 3005 κολάζειν
2669 2942 2835 3013 ὑμᾶς,
2883 2941 2976 2995 ἐπὶ
3016 2941 3334 3014 παραίνεσιν
3388 2940 3690 3014 τρέπομαι,
3755 2943 3842 2996 καὶ

2267 3024 2615 3094 συμϐουλεύω
2651 3025 2826 3079 ταῦτα
2880 3027 3070 3092 ποιεῖν,
3119 3025 3177 3093 ἐξ
3211 3019 3286 3079 ὧν
3313 3024 3375 3078 οὑ
3423 3025 3581 3095 μόνον
3620 3025 3728 3096 τὴν
3761 3026 3844 3078 κό-

2263 3107 2418 3160 λασιν
2466 3107 2836 3178 διαφεύξεσθε,
2879 3107 3014 3162 ἀλλά
3045 3109 3139 3162 καὶ
3181 3105 3283 3179 τῆς
3315 3107 3534 3160 αἰωνίου
3565 3105 3716 3177 ζωῆς
3735 3108 3842 3159 ὲπι-

2262 3191 2537 3261 τεύξεσθε.
2593 3191 2801 3263 Ἀμὴν,
2850 3191 3015 3263 ἀμὴν
3071 3193 3226 3263 λέγω
3259 3191 3424 3267 ὑμῖν,
3467 3191 3577 3245 ἐάν
3609 3193 3706 3259 τίς
3737 3209 3842 3262 μιν

2262 3277 2370 3331 τὸν
2399 3277 2588 3347 λόγον
2619 3275 2877 3345 τηρήσῃ,
2913 3275 2985 3330 οὐ
3027 3275 3113 3346 μὴ
3145 3275 3428 3344 θεωρήσει
3467 3273 3733 3330 θάνατον
3767 3276 3844 3340 είς

2263 3361 2372 3418 τόν
2409 3362 2616 3419 αιῶνα.
2675 3360 2940 3417 Ἐνταῦθα
2983 3363 3043 3416 οὑ
3076 3361 3176 3433 τὴν
3219 3362 3402 3416 πίστιν
3448 3359 3609 3432 μόνον
3664 3363 3842 3432 φησὶν,

2263 3442 2401 3500 ἀλλὰ
2434 3446 2528 3500 καὶ
2555 3443 2646 3500 τὸν
2677 3446 2791 3518 βίον
2827 3447 2920 3501 τὸν
2952 3446 3213 3517 καθαρόν.
3245 3447 3355 3500 Καὶ
3386 3447 3498 3502 ἄνω
3533 3447 3630 3518 μὲν
3665 3447 3843 3513 ἔλεγε,

2263 3529 2436 3600 Ζωὴν
2457 3530 2700 3597 αἰώνιον
2725 3531 2848 3597 ἕξει
2866 3547 2881 3564 ο
2911 3531 3143 3585 ἐνταῦθα
3171 3531 3245 3592 δὲ.
3285 3531 3439 3601 φησὶ,
3478 3528 3755 3584 Θάνατον
3781 3531 3844 3584 οὐ

2257 3615 2345 3686 μὴ
2381 3615 2702 3686 θεωρήσεν
2735 3616 2851 3686 ἅμα
2878 3615 2935 3670 δὲ
2971 3615 3064 3668 καὶ
3109 3614 3426 3678 αἰνίττεται,
3456 3613 3538 3668 ὅτι
3571 3614 3730 3668 οὐδὲν
3759 3612 3838 3666 δύ-

2263 3719 2454 3758 νανται
2489 3701 2637 3774 αὑτῶ
2677 3701 2921 3773 ποιῆσαι.
2958 3703 3021 3756 Et
3054 3701 3160 3774 γὰρ
3189 3703 3216 3757 6
3241 3698 3332 3755 τὸν
3369 3701 3529 3770 λόγον
3554 3701 3727 3755 αὑτοῦ
3759 3718 3847 3770 τη-

2267 3789 2376 3864 ρῶν
2418 3792 2519 3845 οὑκ
2569 3790 2953 3856 ἀποθανεῖται,
3004 3790 3182 3860 πολλῷ
3213 3788 3413 3860 μᾶλλον
3460 3789 3643 3853 αὑτός.
3683 3788 3847 3843 Τοῦτο

2263 3872 2394 3944 γοῦν
2419 3875 2718 3939 συνειδότες
2746 3875 2841 3930 καὶ
2867 3875 3041 3937 αὐτοὶ,
3061 3874 3280 3943 λέγουσι
3299 3889 3314 3903 ⁸
3347 3873 3478 3928 Νῦν
3504 3873 3848 3944 ἐγνώκαμεν

2264 3958 2352 4012 ὅτι
2383 3958 2693 4028 δαιμόνιον
2723 3958 2902 4028 ἔχεις.
2920 3957 3174 4026 ’Λὸραὰμ
3197 3957 3483 4022 ἀπέθανε,
3511 3956 3691 4010 καίοι
3712 3972 3850 4022 ,προ-

2265 4040 2446 4112 φῆται
2483 4041 2815 4096 ἀπέθανον-ο
2847 4042 3144 4104 τουτέστιν,
3181 4041 3230 4094 οί
3269 4041 3363 4094 τὸν
3392 4040 3547 4109 λόγον
3579 4041 3847 4094 ἀκούσαν-

2263 4143 2355 4190 τες
2391 4125 2485 4179 τοῦ
2529 4125 2664 4180 Θεοῦ
2703 4125 3002 4180 ἀπέθανον·
3050 4125 3142 4178 καὶ
3171 4123 3218 4178 οί
3262 4123 3354 4178 τὸν
3383 4124 3473 4176 σὺν
3513 4125 3848 4187 ἀκούσαντες

2263 4211 2362 4264 οὑκ
2413 4197 2836 4276 ἀποθανοῦνταις
2889 4209 2984 4278 Μὴ
3031 4208 3112 4263 σὺ
3151 4207 3364 4278 μείζων
3387 4202 3447 4263 εἴ
3479 4209 3585 4263 τοῦ
3627 4209 3848 4275 πατρὸς

2262 4295 2433 4366 ἡμῶν
2475 4294 2755 4364 Ἀϐραάμς
2807 4295 2871 4347 Ὦ
2903 4293 3004 4364 τῆς
3035 4293 3369 4358 κενοδοξίαςί
3414 4292 3578 4348 πάλιν
3616 4293 3719 4347 ἐπὶ
3753 4291 3847 4362 τὴν

2263 4379 2583 4449 συγγένειαν
2630 4379 2795 4433 αὑτοῦ
2849 4377 3272 4448 καταφεύγουσι.
3309 4375 3500 4430 Καίτοι
3551 4376 3848 4430 ἀκόλουθον

2259 4459 2327 4536 ἦν
2359 4463 2532 4518 εἰπεῖν
2552 4481 2566 4495 ·
2596 4461 2693 4530 Μὴ
2721 4463 2803 4516 σὺ
2829 4456 3042 4531 μείζων
3066 4456 3123 4515 εἷ
3152 4457 3257 4514 τοῦ
3304 4459 3489 4524 Θεοῦ;
3520 4460 3557 4531 ἢ
3590 4461 3644 4514 οἱ
3685 4458 3847 4514 ἀκού-

2262 4547 2454 4609 σαντές
2500 4563 2614 4611 σου,
2667 4546 2762 4600 τοῦ
2802 4545 3084 4617 ’Δϐραὰμς
3124 4541 3268 4598 Ἀλλ’
3305 4543 3368 4598 οὑ
3401 4542 3628 4612 λέγουσι
3657 4543 3847 4604 τοῦτο,

2259 4631 2449 4700 ἐπειδὴ
2463 4631 2556 4684 καὶ
2577 4628 2670 4683 τοῦ
2703 4629 2953 4701 ’Δϐραὰμ
2965 4626 3223 4684 ἐλάττονα
3241 4627 3403 4682 αὑτὸν
3421 4623 3561 4682 εἶναι
3579 4628 3844 4700 ἐνόμιζον.

2259 4715 2332 4768 Τὸ
2365 4715 2464 4785 μὲν
2495 4711 2586 4769 οὖν
2621 4714 2837 4785 πρῶτον
2882 4713 3082 4778 ἔδειξεν
3122 4713 3510 4784 ἀνδροφόνους,
3543 4714 3639 4766 καὶ
3675 4711 3847 4784 ταύτῃ

2259 4797 2461 4862 αὑτοὺς
2499 4799 2754 4867 ἀπήγαγε
2802 4795 2899 4869 τῆς
2934 4794 3286 4866 συγγενείας·
3321 4795 3398 4860 ὡς
3426 4795 3484 4850 δὲ
3533 4797 3843 4868 ἐνέμειναν,

2257 4882 2461 4953 ἑτέρως
2508 4881 2640 4934 αὑτὸ
2689 4879 2964 4953 μεθοδεύει
3004 4880 3186 4945 πάλιν,
3232 4879 3447 4943 δεικνὺς
3477 4879 3562 4933 ὅτι
3609 4882 3850 4952 ἀνόνητα

2256 4965 2500 5037 πονοῦσι,
2537 4966 2633 5019 καὶ
2674 4965 2798 5037 περὶ
2845 4965 2942 5035 μὲν
2986 4963 3080 5018 τοῦ
3108 4962 3340 5016 θανάτου
3369 4962 3524 5016 οὐδὲν
3554 4965 3749 5028 αὑτοῖς
3775 4965 3849 5017 δι-

2253 5033 2467 5122 ελέχθη,
2494 5049 2615 5104 οὐδὲ
2637 5033 3002 5118 ἀπεκάλυψεν,
3025 5047 3144 5101 οὑδὲ
3173 5043 3314 5114 εἷπε,
3336 5047 3485 5099 ποῖον
3510 5045 3668 5115 λέγει
3691 5047 3852 5102 θάνα-

2253 5151 2343 5188 τον
2363 5149 2376 5163 ·
2401 5133 2539 5199 τέως
2567 5134 2622 5188 δὲ
2645 5133 2840 5198 πείθει,
2867 5134 2947 5188 ὅτι
2968 5131 3062 5186 τοῦ
3101 5129 3356 5203 Ἀϐραὰμ
3381 5129 3656 5203 κρείττων
3680 5133 3847 5194 ἐστὶν,

2253 5217 2340 5270 ἵνα
2369 5216 2464 5271 καὶ
2485 5215 2658 5287 τούτῳ
2685 5215 3000 5289 δυσωπήση.
3033 5213 3286 5270 Μάλιστα
3314 5215 3414 5284 μὲν
3449 5214 3561 5286 γὰρ
3596 5218 3650 5269 εῖ
3699 5219 3792 5270 καὶ
3823 5216 3849 5268 ὀ

2251 5298 2452 5370 τυχὼν,
2488 5299 2672 5369 φησὶν,
2703 5298 2871 5370 ἢμην,
2925 5299 3027 5352 οὑκ
3055 5297 3160 5351 ἔδει
3204 5297 3498 5351 ἀποθανεῖν
3537 5300 3701 5354 οὐδὲν
3735 5300 3843 5354 ἀδι⁸

2255 5383 2500 5454 κήσαντα
2523 5400 2536 5413 ο
2581 5383 2709 5437 ὅταν
2737 5380 2794 5435 δὲ
2830 5380 2922 5455 καὶ
2951 5381 3048 5454 τὴν
3069 5379 3328 5451 ἀλήθειαν
3350 5379 3518 5450 λέγω,
3547 5384 3649 5434 καὶ
3686 5383 3839 5453 μηδε-

2257 5467 2388 5537 μίαν
2413 5466 2690 5538 ἁμαρτίαν
2727 5461 2867 5536 εχω,
2903 5465 2999 5520 καὶ
3029 5463 3178 5536 ποιρά
3203 5464 3299 5518 τοῦ
3328 5462 3465 5518 Θεοῦ
3493 5463 3844 5534 ἀπεσταλμέ-

2254 5568 2345 5614 νος
2380 5543 2446 5616 ὦ,
2493 5551 2588 5604 καὶ
2635 5548 2887 5621 Ἀϐραάμ
2925 5544 2971 5602 ὧ
3011 5549 3298 5620 κρείττων,
3347 5548 3466 5611 πῶς
3493 5548 3552 5600 οὑ
3584 5548 3842 5615 μαίνεσθε

2254 5634 2348 5686 καὶ
2377 5633 2609 5705 ἀνόνητα
2653 5635 2861 5686 πονεῖτε
2883 5671 2897 5694 ,
2928 5631 3334 5702 ἐπιχειροῦντες
3361 5630 3607 5695 ἀνελεῖν;
3645 5631 3714 5682 Τί
3754 5626 3840 5682 οὖν

2254 5718 2492 5782 έκεῖνοι;
2547 5717 2676 5772 Νῦν
2733 5717 3075 5785 ἐγνώκαμεν
3131 5714 3221 5768 ὅτι
3283 5713 3596 5781 δαιμόνιον
3662 5714 3838 5782 ἔχεις.

2270 5800 2411 5852 ⁹Λλλ’
2440 5802 2539 5872 οὐχ
2565 5802 2598 5871 ἡ
2634 5801 2961 5872 Σαμαρεῖτις
2996 5797 3168 5861 οὑτως
3189 5813 3202 5827 ·
3247 5797 3308 5850 οὑ
3339 5797 3448 5867 γάρ
3470 5791 3638 5849 εἶπεν
3663 5796 3806 5864 αὐτῷ
3825 5809 3838 5822 ’

2254 5886 2540 5957 Δαιμόνιον
2570 5887 2712 5959 ἔχεις
2734 5903 2746 5915 ·
2792 5884 2926 5939 ἀλλά
2967 5881 3221 5937 τοσοῦτον
3253 5880 3436 5952 μόνον,
3472 5879 3566 5948 Μὴ
3596 5881 3685 5934 σὺ
3709 5879 3834 5950 μεί-
