4094 6204
271 221 367 274 3t)!

339 332 393 383 4.
431 329 648 388 Hor-alis
677 332 975 391 eis/tornum.
1006 332 1204 406 Rapere
1232 343 1449 405 oportet,
1492 350 1594 386 non
1636 334 1860 403 peritura

264 423 418 487 tuum,
450 424 539 478 sed
566 441 776 496 regnum
797 425 1058 480 certamin.
1082 455 1153 464 —
1172 424 1533 490 Quamobrem
1554 463 1571 489 ,
1595 424 1821 479 obsecro
1842 466 1859 490 ,

266 514 400 569 nihil
428 531 533 569 non
557 527 777 586 agamus
798 525 1082 572 ut'rcctam
1132 514 1473 570 instituamus
1518 515 1703 581 vitam,
1743 517 1860 569 aui-

264 616 411 659 nntm
446 614 755 676 purgemus,
779 616 835 661 ut
863 606 991 660 nihil
1022 603 1260 661 sardium
1291 605 1444 658 nobis
1474 603 1860 674 impedimento

260 698 350 750 sit.
387 698 685 752 Accetnlite
705 698 855 751 vobis
884 694 1421 765 lttcem‘Coguitionis,
1445 704 1500 747 et
1523 711 1589 749 ne
1613 695 1857 750 semine-

261 790 327 842 tis
353 788 406 842 in
434 788 624 856 Splttls.
647 788 745 856 Qui
771 802 877 842 non
909 787 1155 856 intelligit
1185 785 1379 839 malam
1408 799 1529 839 esse
1558 786 1855 849 avaritiam,

174 874 177 879 ’
257 879 535 945 quomodo
562 880 611 933 id
631 879 771 949 quod
803 878 972 948 majus
1001 889 1078 933 εει
1105 876 1271 931 sciet?
1294 875 1395 944 Qui
1415 876 1483 930 ab
1505 875 1587 929 his
1608 891 1712 929 non
1739 876 1860 930 abs-

258 973 419 1037 tinet,
454 972 724 1042 quomodo
767 972 872 1027 illis
906 970 1167 1025 hai'rebit?
1204 969 1415 1038 Rapere
1444 967 1640 1022 bonum
1669 977 1771 1033 est,
1803 977 1859 1022 a‘t

257 1078 363 1115 non
413 1064 673 1131 peritura,
703 1063 797 1117 sed
840 1068 1071 1131 regnum
1119 1060 1410 1123 ea-lurum;
1446 1075 1568 1112 nam
1608 1058 1845 1125 l'lolrnti,

253 1155 448 1226 inquit,
485 1157 692 1226 rapiunt
714 1156 844 1211 illud
868 1155 1094 1228 (Matth.
1122 1156 1209 1210 ll.
1237 1153 1358 1224 1‘2).
1388 1151 1685 1222 Non-igitur
1704 1152 1851 1207 desi-

251 1244 352 1300 des
386 1252 676 1315 possumus
705 1246 831 1301 illud
883 1246 1175 1316 consequi,
1206 1245 1300 1299 sed
1335 1258 1455 1297 cum
1499 1243 1771 1313 dillgentia
1801 1253 1857 1298 et

250 1338 457 1393 studio.
488 1339 593 1393 Sed
639 1338 764 1410 quid
794 1338 896 1393 sibi
928 1340 1058 1402 vult,
1087 1335 1309 1391 'Violenti
1331 1336 1356 1390 ?
1376 1335 1649 1389 'Violentia
1681 1335 1846 1389 multa

247 1436 333 1483 est
355 1443 498 1499 npus
528 1430 546 1497 (
568 1445 689 1483 nam
717 1434 1053 1499 anguSta'est
1082 1427 1162 1481 via
1180 1426 1228 1497 '),
1257 1435 1310 1481 et
1332 1435 1553 1481 Strenuo
1597 1439 1734 1495 opus
1763 1435 1842 1481 ρει

246 1518 456 1573 animo.
498 1519 609 1586 Qui
646 1518 892 1588 rapiunt.
925 1516 1317 1572 oumesvolunt
1352 1525 1691 1570 antevertcre
1723 1516 1855 1570 :-n'r-

244 1606 322 1661 ltil
356 1609 676 1678 reSpia'unt,
709 1623 815 1662 non
847 1606 1267 1669 damnationem,
1297 1606 1850 1669 noniaccusatiouem,

245 1711 356 1752 non
376 1698 859 1769 supplieium,‘sed
890 1714 1067 1752 'unum
1127 1706 1353 1760 tantum,
1388 1695 1437 1749 id
1458 1709 1659 1763 'raperc
1707 1695 1848 1764 quod

238 1798 533 1858 appetunt,
548 1799 615 1845 ἐι
638 1804 822 1845 omnes
845 1790 1082 1860 qui=ante
1102 1796 1226 1843 sunt
1246 1794 1582 1842 antevertere
1602 1782 1840 1839 student.

244 1880 548 1949 ltupia‘m'us
576 1893 704 1950 ergo
730 1894 950 1950 regnum
998 1879 1275 1934 cmlorum.
1332 1875 1445 1930 Non
1486 1881 1572 1927 est
1611 1873 1764 1942 culpa
1796 1871 1846 1926 id

240 1984 463 2038 rapere.
497 1970 589 2025 sed
623 1970 759 2024 lamli
787 1970 978 2033 datur;
1021 1969 1176 2037 culpa
1234 1982 1362 2021 vero
1392 1975 1474 2020 est
1504 1979 1608 2018 non
1634 1978 1843 2032 rapere.

242 2059 340 2114 llic
372 2058 578 2113 divitiae
606 2069 802 2114 nostra:
839 2074 943 2114 non
975 2059 1025 2112 in
1052 2058 1272 2113 alterius
1308 2055 1690 2111 detrimentum
1720 2068 1843 2108 ver-

241 2158 380 2202 tunt.
410 2147 882 2218 Stttdeamusergo
909 2148 1032 2202 illud
1063 2162 1271 2217 rapere.
1299 2146 1485 2208 Si-ira,
1517 2144 1560 2198 si
1576 2143 1845 2212 *concupi-

237 2241 444 2297 scentia
466 2240 701 2304 ‘iustent,
733 2248 936 2294 natura:
956 2240 1065 2294 vim
1081 2238 1420 2301 inferamus,
1452 2233 1843 2289 mansuetiores

239 2334 435 2398 simus,
464 2331 735 2401 paululum
760 2330 1088 2395 laboremus,
1117 2338 1175 2383 ut
1194 2336 1457 2398 perpetuo
1479 2325 1840 2396 quiescamus.

238 2423 318 2477 Ne
360 2423 545 2492 rapias
571 2436 790 2488 aurum;
818 2420 911 2475 sed
929 2421 1059 2474 illas
1089 2435 1217 2488 rape
1243 2417 1488 2483 divitias,
1517 2431 1636 2483 qua:
1662 2423 1715 2469 te
1738 2427 1840 2468 au»

241 2528 360 2567 rum
389 2526 489 2582 pro
518 2513 631 2566 luto
659 2511 852 2567 habere
876 2508 1158 2565 suadeant.
1187 2510 1278 2563 Dic
1307 2507 1457 2571 mihi,
1488 2506 1531 2560 si
1561 2504 1835 2575 plumbum

241 2616 294 2657 et
324 2620 518 2658 aurum
547 2612 866 2672 prostarent,
888 2602 1013 2674 quid
1040 2600 1295 2672 mperes?
1315 2612 1492 2654 nonne
1513 2596 1739 2653 aurum?
1760 2594 1839 2650 Tu

1335 221 1397 277 IN
1433 221 1744 278 JOANNEM
1784 223 2015 283 ιιοιιιι.
2059 229 2169 284 LV.
2210 230 2280 285 al.
2325 231 2456 288 LlY.

3467 255 3569 311 302

1966 353 2094 395 vero
2133 342 2220 397 ubi
2253 344 2297 399 is
2320 348 2411 415 qui
2443 350 2581 418 rapit
2634 354 2868 420 punitur,
2891 359 3034 429 quod
3068 363 3239 430 majtts
3268 377 3350 419 est
3386 368 3555 424 hono-

1965 447 2085 496 ras;
2110 434 2197 489 ubi
2218 446 2397 516 autem
2424 452 2606 508 raptor
2627 443 2939 514 honoratur,
2961 452 3101 519 quod
3124 453 3302 522 majus
3325 466 3404 510 est
3431 473 3555 526 pro-

1964 523 2066 578 dis.
2093 525 2245 592 Quod
2275 530 2318 581 si
2351 532 2598 602 utrinque
2646 537 2850 604 punitio
2901 552 3067 607 esset,
3101 554 3287 599 annon
3337 548 3401 600 ad
3433 523 3552 604 hoc

1965 616 2132 686 magis
2158 619 2433 675 venisses?
2463 622 2569 679 llic
2606 634 2783 681 autem
2822 627 2949 682 nihil
2984 631 3087 685 tale
3108 635 3346 695 ‘cst.sed
3378 636 3547 692 beati-

1965 706 2113 760 tudo.
2139 707 2207 762 Et
2236 710 2523 779 quomodo,
2555 713 2763 783 inquies
2783 759 2798 782 ,
2816 719 2939 787 rapi
2982 722 3208 789 potest?
3244 724 3454 795 i’rojice
3483 744 3546 783 ea

1962 810 2079 866 (pne
2094 806 2214 868 pm
2242 803 2488 857 manibus
2516 805 2698 861 habes.
2727 809 2903 865 Donec
2929 812 3070 866 enim
3100 812 3215 870 lucc
3238 814 3258 847 ‘
3288 820 3544 880 tenueris.

1964 889 2048 942 illa
2082 902 2270 960 rapere
2298 908 2402 947 non
2435 903 2607 963 potes.
2660 898 2845 969 Cogita
2883 902 3065 957 ‘virum
3109 914 3334 976 argento
3362 908 3545 977 plenas

1962 988 2152 1037 manus
2191 983 2506 1050 habentem;
2536 998 2661 1043 num
2709 992 2901 1059 poterit
2946 994 3046 1049 hoc
3087 1006 3302 1052 retento
3356 1015 3544 1055 aurum

1958 1079 2167 1142 rapere,
2219 1074 2317 1128 nisi
2376 1076 2503 1131 illud
2550 1080 2707 1148 prius
2761 1083 3003 1150 projiciat
3031 1095 3085 1140 et
3110 1088 3388 1157 expeditus
3434 1092 3547 1147 sit?

1961 1162 2417 1233 liaptoremenim
2458 1168 2761 1239 expeditum
2793 1188 2915 1229 esse
2955 1186 3187 1244 oportet,
3217 1195 3283 1234 ne
3312 1184 3545 1238 retinea-

1960 1264 2066 1309 tur.
2111 1255 2242 1310 Nam
2285 1268 2409 1312 sunt
2451 1261 2693 1328 quautam
2738 1264 3056 1320 adversaria:
3092 1277 3390 1338 potestates
3427 1289 3546 1344 qua:

1958 1360 2059 1399 nos
2084 1345 2371 1412 invadunt,
2401 1360 2452 1402 ut
2477 1349 2610 1404 illati
2658 1351 2918 1409 auferant.
2972 1356 3078 1412 Sed
3112 1357 3372 1429 fugiamus
3402 1364 3543 1427 illas,

1959 1436 2467 1506 fugiamus.'nullam
2496 1444 2853 1514 relinquamus
2886 1446 3015 1503 furis
3035 1464 3238 1505 ansam.
3270 1452 3547 1510 Funesin-

1957 1529 2219 1597 cidamus,
2250 1532 2375 1585 nudi
2409 1533 2582 1588 rebus
2625 1536 2974 1592 sa‘cularib‘us
3002 1538 3191 1595 simus.
3237 1541 3368 1610 Quis
3415 1560 3547 1599 usus

1956 1628 2040 1673 est
2068 1620 2358 1675 sericarum
2385 1624 2611 1676 vestium
2634 1624 2657 1677 ?
2679 1632 2956 1696 quousque
2985 1626 3069 1681 bis
3091 1629 3332 1686 ridiculis
3361 1632 3544 1701 impli-

1954 1710 2236 1766 eahimur?
2258 1720 2542 1784 quousque
2565 1729 2752 1769 aurum
2792 1716 3164 1774 defodiemus?
3197 1720 3398 1778 Vellem
3430 1725 3543 1780 lure

1954 1810 2211 1872 perpetuo
2248 1803 2458 1860 dicendi
2491 1806 2649 1861 finem
2690 1806 2870 1864 facere
2900 1810 3036 1865 :‘sed
3070 1827 3166 1867 vos
3193 1829 3297 1868 non
3345 1816 3539 1880 sinitis,

1952 1893 2079 1947 mihi
2108 1909 2321 1966 semper
2349 1911 2534 1951 ausam
2565 1899 2883 1967 pra-beatos.
2933 1903 3129 1958 Verum
3160 1922 3300 1962 nunc
3328 1910 3539 1964 tandem

1951 1983 2306 2051 absistamns,
2338 1996 2393 2042 ut
2434 1989 2680 2060 exemplo
2726 1990 2862 2045 alios
2903 1991 3239 2051 insdtuentes
3280 2000 3539 2067 pt'tunissa

1949 2085 2346 2147 consequamur
2400 2080 2535 2134 bona
2566 2120 2580 2142 ,
2616 2081 2797 2149 ‘graria
2844 2089 2900 2136 et
2946 2083 3274 2154 benignitate
3329 2088 3537 2152 Domipi

1951 2169 2118 2222 nostri
2149 2167 2307 2224 Jesus
2332 2168 2554 2235 Christi,
2598 2186 2693 2239 per
2722 2180 2880 2241 quem
2903 2180 2957 2227 e‘t
2977 2188 3096 2228 cum
3122 2191 3227 2245 quo
3252 2176 3394 2233 Patri
3419 2180 3536 2248 glo-

1948 2257 2050 2321 ria,
2089 2258 2355 2327 simulque
2404 2269 2590 2314 samto
2637 2259 2882 2330 Spiritui,
2916 2277 3056 2318 nunc
3082 2273 3134 2319 et
3159 2279 3372 2337 semper
3400 2278 3451 2322 et
3484 2269 3536 2322 in

1947 2349 2142 2405 smeula
2169 2353 2509 2407 stccnlorum.
2540 2353 2735 2409 Amen.

2000 2610 2027 2642 1
2063 2608 2146 2660 alii
2164 2609 2351 2675 legunt,
2375 2613 2648 2678 prazscnn’a,
2673 2615 2928 2679 prodam.

1726 2718 3532 2749 __—_________________________

1627 2782 1980 2845 -ΗΟΜΠᾸΑ
2024 2783 2152 2844 LV.

233 2939 446 2997 tiae-8.
478 2957 527 2995 v.
560 2942 645 2998 48.
665 2926 1066 3013 “Respimderunt
1090 2958 1209 3013 ergo
1228 2928 1397 2995 Judtei
1423 2947 1467 2992 et
1492 2924 1727 2991 dixerunt
1749 2932 1791 2987 ci
1815 2948 1833 2985 :

317 3031 508 3086 Nonne
533 3035 652 3088 bene
679 3034 890 3088 dicimus
924 3050 1049 3100 nos,
1077 3034 1195 3101 quia
1222 3032 1578 3088 Samaritanus
1604 3045 1655 3082 es
1680 3038 1731 3079 tu
1748 3069 1763 3093 ,
1791 3037 1838 3080 et

311 3124 626 3179 dtetttoninm
670 3127 866 3181 habes-7
910 3126 998 3182 49.
1045 3126 1321 3193 Respondit
1363 3124 1513 3178 Iesus
1539 3140 1558 3177 :
1589 3121 1697 3193 Ego
1727 3121 1833 3174 da:-

303 3213 545 3266 anouium
572 3231 671 3267 non
699 3213 873 3281 habeo,
902 3214 991 3270 sed
1019 3215 1295 3281 honorifico
1324 3214 1555 3271 Patrem.

325 3306 376 3357 l~.
402 3304 688 3374 impudens
713 3307 1060 3376 petulansque
1085 3316 1168 3362 est
1188 3306 1405 3364 malitia.
1429 3321 1546 3376 qum
1568 3319 1687 3357 cum
1717 3319 1836 3357 ern-

241 3395 470 3449 hescere
498 3395 740 3460 deberet,
776 3398 942 3466 magis
969 3405 1352 3466 exasperatur;
1401 3406 1455 3450 ιιι
1495 3394 1695 3451 Iudaeis
1739 3409 1833 3447 usu

243 3489 410 3543 venit.
458 3488 591 3544 Cum
619 3486 944 3559 oportuisset
986 3491 1128 3544 enim
1160 3506 1224 3544 ex
1249 3490 1405 3546 dictis
1432 3484 1745 3557 compungi,
1781 3495 1835 3539 et

243 3578 496 3633 admirari
529 3580 814 3643 ﬁduciam,
844 3580 1236 3648 verborumque
1260 3579 1718 3649 cnnscqucntiam,
1738 3576 1831 3632 Je-

246 3684 359 3723 smn
389 3672 732 3726 contumeliis
752 3672 1030 3726 incessunt
1049 3706 1071 3737 ν
1100 3671 1599 3739 Samaritamnmme
1630 3684 1689 3723 ac
1717 3667 1830 3721 dae-

246 3761 541 3815 moniacn-n
572 3771 798 3826 vtmant,
829 3762 1121 3830 dicuntque
1154 3780 1169 3816 :
1200 3760 1388 3814 Nonne
1431 3761 1556 3813 bene
1584 3759 1827 3817 diximus.

245 3850 359 3918 quia
389 3851 746 3906 Samaritanus
775 3867 826 3905 es
854 3861 907 3904 tu
928 3891 942 3914 ,
962 3861 1017 3904 et
1042 3850 1346 3909 darmouinm
1379 3850 1568 3903 habet?
1606 3848 1829 3915 Quando

247 3940 385 3995 enim
419 3943 648 3997 sublime
674 3940 941 4011 quidpiam
973 3941 1177 3996 dicebat
1201 3976 1218 4003 ,
1247 3941 1296 3995 id
1322 3940 1474 3995 furor
1500 3955 1621 3993 csse
1648 3939 1716 3993 ab
1750 3938 1830 3991 in—

248 4033 469 4088 sensatis
485 4034 902 4088 existimabatur.
920 4032 1076 4102 Atqui
1093 4046 1348 4102 nusquam
1367 4030 1688 4099 evangelista
1705 4037 1827 4084 ante

246 4123 382 4180 dixit
405 4129 577 4198 ipsum
605 4127 998 4181 Samaritanum
1030 4125 1348 4194 appellatum
1381 4122 1579 4187 fuisse;
1604 4121 1727 4176 hinc
1753 4130 1831 4175 ta-

249 4230 364 4270 men
413 4217 669 4273 credibile
693 4226 775 4272 est
801 4218 971 4287 ipsum
1014 4231 1157 4285 sa-pe
1189 4215 1289 4269 hoc
1318 4213 1537 4267 nomine
1583 4219 1828 4266 vocatum

251 4305 425 4362 fuisse.
479 4307 795 4362 Daunouium
845 4306 996 4360 habes
1016 4347 1031 4369 ,
1055 4306 1257 4375 inquis.
1283 4306 1453 4374 Atque
1482 4313 1599 4355 uter
1624 4302 1828 4383 daemo-

252 4398 388 4452 nium
410 4399 606 4454 habet?
634 4414 701 4452 an
730 4399 819 4469 qui
847 4398 1012 4451 [tcum
1036 4396 1283 4457 honorat,
1314 4410 1382 4448 an
1410 4393 1497 4463 qui
1531 4392 1700 4462 ipsum
1728 4390 1828 4447 ho-

253 4502 521 4546 norantem
542 4489 862 4545 contumelia
885 4488 1086 4543 allicit?
1111 4486 1242 4553 Quid
1266 4501 1394 4555 ergo
1422 4484 1689 4548 Christus,
1713 4483 1824 4554 ipsa

253 4584 617 4650 mansuetudo,
648 4585 758 4653 ipsa
791 4580 1089 4636 modestia?
1141 4579 1248 4649 ligo
1277 4578 1581 4632 damonium
1609 4593 1706 4630 non
1736 4578 1826 4631 Ita-

253 4671 357 4737 beo,
384 4674 469 4727 sed
495 4675 774 4745 honori/ica
808 4671 1009 4726 Patrem
1028 4671 1119 4741 qui
1145 4670 1279 4723 misit
1315 4670 1435 4723 me?
1483 4668 1581 4724 Ubi
1610 4666 1826 4737 Oporte-

254 4760 339 4816 l-at
366 4764 556 4821 ducere
585 4767 723 4831 illos,
756 4764 950 4819 fastum
981 4763 1192 4817 illorum
1239 4762 1560 4831 deprimere,
1589 4769 1645 4816 et
1673 4760 1826 4815 insti-

255 4861 395 4910 tuere
423 4872 487 4911 ue
515 4856 582 4912 de
610 4856 918 4911 Abrahatno
943 4854 1109 4909 altum
1135 4862 1405 4921 saperent,
1436 4852 1504 4907 ibi
1537 4853 1827 4907 vehemens

250 4954 387 5008 erat;
419 4946 502 5000 ubi
540 4945 891 5000 contumelias
919 4944 1080 5009 ferre,
1109 4944 1268 4996 multa
1299 4942 1543 4997 utebatur
1572 4958 1822 4997 mansuc-

253 5033 445 5091 tudine.

322 5124 442 5191 Qutc
466 5139 639 5184 contra
670 5128 829 5183 Deum
859 5127 1096 5181 dicantur
1132 5116 1326 5188 ulcisci,
1354 5141 1467 5196 qua:
1489 5134 1663 5178 contra
1689 5140 1779 5177 nos
1801 5166 1816 5187 ,

253 5218 485 5278 lmtieutcr
512 5224 642 5292 ferre
691 5239 786 5293 par
812 5230 902 5275 est.
922 5219 1145 5273 —Cum
1185 5217 1453 5281 dicebant,
1487 5217 1696 5270 Patrem
1728 5214 1823 5268 ha-

253 5306 432 5365 bemus
464 5313 624 5367 Deum
650 5324 706 5369 et
732 5314 1019 5375 Abraham,
1051 5311 1103 5364 in
1133 5310 1251 5366 illos
1277 5307 1660 5371 invehebatur;
1704 5322 1823 5361 cum

252 5409 423 5455 autem
472 5404 857 5461 ammoniacum
904 5402 1260 5474 appellabant,
1293 5401 1535 5455 modeste
1576 5398 1827 5469 loquutus

252 5497 367 5552 est;
401 5503 454 5544 nt
483 5510 580 5546 nos
630 5496 951 5557 institueret,
1000 5501 1264 5563 quatenus
1293 5506 1353 5545 ea
1383 5506 1500 5559 qua:
1556 5490 1606 5543 in
1658 5484 1822 5544 Deum

253 5577 1059 5647 Pmlerebanturulcisceretnnr,
1083 5596 1198 5650 quas
1220 5582 1271 5634 in
1295 5597 1393 5634 nos
1421 5589 1596 5633 autem
1623 5579 1824 5647 patien-

256 5676 333 5717 ter
358 5667 630 5725 ferremus.
656 5670 745 5727 50.
780 5669 888 5743 Ego
905 5689 1003 5725 non
1026 5687 1198 5736 murra
1228 5668 1442 5739 gloriam
1486 5686 1664 5723 meum.
1699 5670 1823 5724 llaec

608 5775 874 5837 ΡΑτιιοι.
920 5778 1036 5835 Gn.
1088 5778 1245 5839 LIX.

1949 2920 2288 3002 dixi,‘inquit,
2315 2935 2370 2986 itt
2386 2921 2722 2990 ostenderem
2748 2938 2895 2991 vobis
2918 2956 3021 2993 non
3043 2952 3344 3011 competere
3366 2944 3530 2997 licunt

1948 3034 2140 3074 vocare
2193 3024 2417 3090 patrem,
2454 3023 2552 3092 ἰιιιί
2600 3020 2888 3080 homicida:
2930 3033 3078 3081 estis.
3107 3030 3287 3099 Itaque
3316 3029 3532 3087 honoris

1948 3110 2114 3179 ἱιείιιε
2162 3111 2323 3167 causa
2376 3112 2488 3168 ha-c
2531 3114 2659 3178 dixi,
2706 3126 2758 3170 et
2786 3130 3002 3188 propter
3029 3120 3173 3176 illum
3205 3120 3305 3177 hoc
3335 3124 3530 3191 audio,

1947 3200 2107 3270 atque
2148 3202 2363 3271 propter
2403 3204 2574 3273 ipsum
2619 3221 2705 3261 me
2751 3207 3103 3265 inhonoratis.
3145 3202 3344 3268 Verum
3396 3215 3531 3269 hanc

1947 3292 2324 3346 contumeliam
2366 3309 2469 3348 non
2501 3310 2650 3348 curo.
2681 3295 2758 3349 Illi
2803 3297 2943 3352 enim
2974 3298 3094 3353 ideo
3110 3316 3302 3368 punias
3327 3301 3532 3359 debetis

1946 3382 2230 3446 dictorum,
2261 3393 2477 3452 propter
2495 3388 2652 3455 quem
2692 3385 2812 3441 inec
2861 3392 3000 3443 n‘u'nc
3041 3382 3216 3445 audio.
3272 3386 3380 3464 ligo
3431 3412 3532 3449 tum

1942 3487 2113 3539 quer
2133 3472 2347 3542 gloriam
2376 3476 2557 3528 ineant.
2596 3474 2724 3531 ideo
2759 3471 2957 3533 ‘omiss'a
2988 3470 3214 3536 vindicta
3242 3478 3313 3539 ad
3333 3486 3528 3541 cohor-

1936 3552 2197 3616 tationem
2220 3573 2418 3626 verter,
2448 3572 2505 3619 et
2532 3574 2720 3621 auctor
2748 3561 2904 3623 ‘vob‘is
2934 3585 3073 3637 Slllll,
3102 3570 3264 3627 utilia
3296 3571 3525 3635 faciatis.

1941 3655 2167 3721 quorum
2192 3657 2368 3724 gratia
2397 3662 2505 3710 non
2543 3657 2712 3712 “modo
2759 3658 3074 3729 supplicium
3106 3663 3391 3735 eliu‘gielis,
3433 3670 3527 3723 sed

1930 3744 2098 3798 etiam
2119 3744 2286 3799 'vi'tam
2315 3752 2567 3803 :‘ctcrnam
2594 3752 3016 3821 Conseqnemini.
3046 3743 3136 3809 δι.
3171 3751 3350 3823 Amen,
3380 3776 3528 3814 amen

1939 3836 2053 3888 dico
2074 3835 2230 3903 vobis,
2255 3837 2300 3891 si
2322 3839 2433 3906 quis
2459 3847 2735 3894 sermonem
2763 3850 2923 3895 meum
2966 3847 3233 3899 servaverit
3251 3888 3266 3911 ,
3295 3864 3397 3902 non
3448 3850 3518 3903 ris

1939 3927 2071 3982 debit
2100 3936 2306 3983 mortem
2331 3931 2382 3984 in
2407 3938 2669 3986 aeternum.
2694 3931 2797 3986 llic
2836 3949 2940 3986 non
2974 3932 3134 3989 modo
3153 3936 3222 3990 ‘de
3255 3936 3358 3992 ﬁde
3377 3942 3520 4008 agit,

1930 4019 2033 4074 Sed
2064 4021 2227 4075 etiam
2265 4020 2333 4075 de
2377 4022 2479 4075 vita
2509 4027 2658 4090 pu‘ra.
2691 4024 2768 4075 Ac
2793 4024 3040 4093 superius
3063 4026 3158 4091 ait,
3198 4025 3362 4080 Vitam
3382 4040 3527 4083 mter.

1936 4114 2059 4164 ‘nam
2110 4110 2344 4174 habebit;
2396 4110 2484 4165 hic
2532 4116 2680 4179 vero,
2711 4110 2928 4167 Martem
2961 4124 3060 4168 non
3092 4116 3275 4171 videbit
3304 4133 3323 4173 :
3348 4129 3401 4174 et
3425 4137 3526 4176 una

1935 4202 2242 4258 ‘subindica't
2272 4203 2390 4257 illus
2436 4196 2564 4258 nihil
2591 4203 2873 4258 adVersum
2905 4214 2964 4261 Se
2991 4222 3166 4277 posse.
3200 4209 3332 4264 Nam
3364 4212 3409 4266 si
3437 4216 3529 4282 qui

1941 4302 2244 4351 sermonem
2275 4295 2392 4366 ejus
2419 4295 2730 4361 servaverit,
2762 4303 2865 4350 n‘ou
2895 4300 3170 4366 morietur,
3194 4313 3393 4373 quanto
3424 4308 3527 4360 mi-

1940 4388 2042 4442 tius
2064 4380 2294 4457 ipse?“
2319 4388 2440 4441 c'ttm
2473 4373 2547 4440 iIli
2593 4380 2972 4457 intelligerent,
3004 4388 3153 4445 aiunt
3180 4410 3193 4446 :
3229 4391 3318 4449 52.
3371 4394 3527 4450 Nunc

1939 4477 2286 4549 cognoscimus
2310 4478 2428 4548 quia
2456 4477 2761 4531 da'moninm
2787 4478 2938 4532 habes
2968 4495 2986 4532 :
3011 4480 3265 4536 Abraham
3298 4495 3527 4540 mortuus

1939 4570 2031 4629 est,
2062 4570 2317 4638 prophetat
2357 4568 2540 4621 mortui
2579 4576 2729 4633 sunt;
2754 4568 2804 4623 id
2833 4578 2934 4635 est,
2958 4570 3057 4638 Qui
3089 4572 3183 4629 Dei
3223 4589 3525 4631 sermonem

1939 4660 2242 4723 audierunt,
2270 4661 2463 4714 mortui
2492 4663 2637 4727 sunt,
2683 4668 2737 4715 et
2764 4662 2852 4733 qui
2877 4671 3020 4718 tuum
3067 4665 3372 4734 audierunt,
3420 4685 3524 4729 non

1938 4742 2386 4808 morientur?
2432 4746 2700 4825 Numquid
2745 4763 2799 4808 tu
2851 4757 3017 4827 major
3062 4774 3115 4811 es
3165 4769 3309 4829 patre
3355 4772 3526 4816 nostra

1938 4834 2229 4899 Abraham?
2252 4842 2296 4898 0
2317 4843 2622 4914 jactantiam
2646 4845 2658 4900 !
2686 4845 2889 4900 Rursus
2913 4846 2979 4900 ad
3007 4846 3123 4917 ejus
3151 4852 3523 4920 cognationem

1934 4938 2222 5009 refugiunt.
2253 4938 2409 5008 Atqui
2438 4954 2534 5009 par
2555 4938 2738 4992 fuisset
2766 4937 2965 5001 dicere,
2990 4937 3252 5012 Numquid
3276 4950 3331 4998 ιιι
3354 4943 3523 5012 major

1933 5035 1995 5085 es
2029 5026 2174 5083 Deo?
2194 5030 2396 5100 ‘autqni
2427 5041 2476 5084 te
2502 5029 2742 5089 audiunt.
2773 5029 3005 5098 majores
3033 5042 3159 5086 sunt
3180 5032 3523 5088 Abrahamo?

1931 5115 2040 5177 Sed
2069 5140 2171 5175 non
2201 5122 2301 5176 hoc
2329 5123 2530 5185 dicunt,
2555 5123 2675 5193 quia
2726 5122 2875 5175 illum
2913 5123 3218 5178 Abrahamo
3260 5127 3520 5179 minorem

1935 5215 2207 5284 putabant.
2237 5214 2469 5267 Primum
2518 5214 2695 5282 itaque
2739 5213 2856 5266 illos
2909 5214 3202 5269 homicidas
3251 5218 3525 5281 ostendit,

1934 5306 2094 5375 atque
2121 5304 2219 5359 hac
2246 5303 2453 5357 ratione
2472 5302 2619 5372 ipsos
2638 5318 2666 5354 a
2691 5303 3008 5372 cognatione
3034 5304 3250 5359 abducit
3282 5322 3295 5359 :
3319 5315 3368 5358 et
3399 5321 3520 5361 cum

1935 5395 2301 5466 persistereut,
2320 5393 2419 5446 alia
2450 5392 2501 5446 id
2520 5392 2825 5463 aggreditur
2851 5393 2952 5458 via,
2981 5393 3355 5449 dentoustrans
3377 5397 3520 5463 ipsus

1934 5487 2128 5541 frustra
2158 5484 2417 5537 laborare.
2456 5483 2529 5538 De
2560 5493 2734 5538 morte
2761 5498 2888 5538 vero
2916 5484 3044 5537 nihil
3073 5483 3221 5550 dicit,
3245 5495 3332 5538 aut
3362 5500 3520 5538 rere-

1934 5578 2028 5641 lat,
2057 5590 2227 5643 neque
2248 5572 2477 5640 eXplieat
2504 5574 2569 5628 de
2598 5591 2699 5646 qua
2744 5574 3052 5645 loqueretur
3078 5584 3272 5631 morte.
3300 5574 3517 5630 interim

1933 5677 2111 5722 autem
2135 5663 2317 5717 suadet
2345 5663 2447 5717 illis
2473 5677 2530 5717 se
2558 5664 2813 5735 majorem
2858 5668 3167 5724 Ahrahamo
3185 5682 3328 5726 esse.
3355 5678 3404 5719 ιιι
3438 5667 3517 5723 Sic

3113 5770 3190 5831 l9
