3984 6196
600 219 705 276 ξοδ

604 354 705 410 illis
735 352 991 422 pudorem
1020 348 1257 405 inferret.
1286 346 1443 412 Sane,
1475 347 1661 417 inquit,
1692 344 1899 400 etiamsi
1926 342 1991 397 de
2023 341 2179 409 vulgo

603 459 799 506 essem,
834 458 936 494 non
964 449 1232 510 oporteret
1260 438 1529 492 innoxium
1562 445 1733 491 morte
1759 433 2001 489 mulctari
2024 446 2181 499 ;cum

603 544 779 587 autem
808 532 1080 585 veritatem
1108 531 1300 591 dicam,
1326 528 1635 596 nullumque
1654 524 1961 580 admiserim
1984 536 2175 593 pecca-

607 634 736 687 tum,
764 632 970 693 atquea
1000 622 1110 676 Deo
1138 620 1331 676 missus
1349 621 1518 687 major
1533 619 1630 673 sim
1652 616 1977 678 Abrahamo,
1994 628 2180 667 "animo

608 714 948 783 furore-pleni
968 714 1170 767 frustra
1202 712 1477 774 laboratis,
1513 723 1635 763 cum
1666 721 1751 762 me
1775 704 1989 761 tentatis
2013 704 2179 758 inter-

609 805 802 859 ficere?
831 803 965 870 Quid
993 818 1119 873 ergo
1142 802 1256 856 illi?
1288 800 1442 854 Nunc
1468 798 1810 869 cognoscimus
1841 798 1960 867 quia
1988 795 2181 849 danno-

608 897 745 947 nium
775 896 945 949 habes.
980 896 1047 948 At
1077 908 1179 947 non
1212 894 1281 946 ita
1303 890 1630 947 Samaritana
1652 905 1668 956 ;
1690 902 1864 957 neque
1883 887 2026 942 enitn
2052 883 2185 939 dixit

610 988 704 1050 illi,
741 984 1285 1049 Dzemonium'habes;
1319 982 1412 1037 sed
1436 991 1672 1045 tantum,
1702 978 1966 1047 Numquid
1990 988 2042 1029 tu
2069 992 2182 1029 nta-

610 1079 689 1141 ior
713 1093 763 1131 es
793 1087 935 1147 patre
958 1084 1127 1129 nostro
1164 1073 1329 1127 ‘Jacob
1347 1073 1373 1126 1’
1402 1072 1461 1126 lli
1493 1071 1689 1142 quippe
1733 1067 2105 1124 contumeliosi
2130 1075 2183 1121 et

612 1178 917 1237 arrogantes
947 1176 1136 1232 erant;
1170 1165 1256 1219 illa
1288 1180 1414 1219 vero
1441 1162 1680 1219 discendi
1705 1161 1915 1232 cupida.
1946 1160 2068 1215 Ideo
2089 1158 2185 1212 du-

612 1259 812 1323 bitavit,
842 1267 895 1312 et
920 1257 1096 1312 debita
1120 1272 1239 1311 cum
1266 1256 1524 1310 modestia
1546 1253 1840 1324 respondit,
1873 1252 2186 1307 Dominum-

607 1368 710 1421 que
740 1359 895 1405 vocat
920 1350 1088 1404 illum.
1114 1348 1215 1417 Qui
1239 1349 1380 1403 enim
1410 1348 1563 1417 longe
1591 1347 1791 1417 majora
1823 1345 2109 1415 pollicitus.
2131 1350 2186 1397 et

612 1440 712 1494 fide
734 1440 924 1508 dignus
947 1448 1080 1503 erat,
1111 1454 1216 1493 non
1238 1438 1558 1494 contumelia
1576 1436 1921 1499 afficiendus,
1952 1436 2059 1490 imo
2082 1433 2184 1487 ad-

610 1534 873 1588 tuirationi
894 1532 1168 1587 habendus
1197 1540 1313 1587 erat
1341 1550 1352 1585 :
1385 1531 1438 1585 hi
1467 1546 1593 1586 vero
1623 1530 2006 1586 daemoniacum
2036 1528 2184 1582 illum

609 1626 898 1694 appellant.
931 1624 1278 1679 Samaritana:
1326 1622 1484 1678 verba
1516 1622 1805 1677 dubitantis
1853 1621 2189 1685 erant;'hacc

608 1727 783 1772 autem
834 1716 1226 1772 incredulorum
1282 1724 1335 1771 et
1389 1730 1783 1785 perversorum.
1840 1714 2104 1784 Numquid
2132 1722 2187 1766 tu

610 1809 773 1879 ntajor
797 1825 847 1862 es
877 1817 1017 1879 patre
1046 1816 1214 1862 nostra
1242 1807 1497 1862 Abraham
1525 1807 1544 1879 (
1567 1807 1720 1861 Joan.
1738 1808 1805 1862 ἦ.
1838 1804 1939 1877 12)
1963 1807 1985 1860 ?
2008 1805 2187 1874 Itaque

613 1902 712 1955 hoc
736 1917 855 1955 eum
881 1900 1138 1971 majorem
1169 1898 1313 1964 facit,
1345 1915 1501 1971 quam
1530 1899 1911 1955 Abrahamum.
1937 1898 2067 1952 Cum
2096 1908 2187 1950 au-

613 2003 716 2049 tem
758 1994 905 2047 illum
934 1994 1223 2048 exaltatum
1255 1993 1510 2059 videritis,
1556 1994 1727 2064 ipsum
1769 1993 2022 2063 majorem
2041 2006 2189 2049 -esse

610 2082 1013 2137 conlitebimini.
1050 2082 1174 2138 ldco
1220 2082 1468 2151 dicebat,
1508 2083 1635 2139 Cant
1687 2083 2024 2138 exaltareritis
2070 2098 2187 2148 me,

612 2183 728 2226 tunc
766 2173 1069 2243 cognoscetis
1095 2173 1215 2243 quia
1253 2191 1342 2246 ego
1365 2190 1496 2231 sum.
1547 2174 1616 2229 Et
1664 2175 1783 2230 vide
1837 2175 2187 2245 prudentiam.

610 2263 810 2327 Primo,
869 2263 971 2317 illis
1018 2277 1049 2317 a
1099 2264 1415 2333 cognatione
1439 2264 1683 2330 semotis,
1730 2265 1964 2320 ostendit
2012 2279 2071 2320 se
2100 2266 2191 2320 illo

614 2354 868 2422 majorem
898 2368 1039 2421 esse,
1070 2362 1125 2408 ut
1168 2354 1442 2425 prophetis
1486 2356 1639 2426 longe
1680 2355 2033 2411 excellentior
2073 2370 2192 2412 esse

614 2445 1020 2515 intelligeretur.
1066 2444 1196 2501 Cum
1244 2446 1385 2500 enim
1440 2446 1587 2501 illum
1633 2462 1847 2518 semper
1876 2448 2190 2518 praphetam

615 2539 962 2606 appellarent,
998 2538 1118 2593 ideo
1164 2537 1411 2593 dicebat:
1446 2538 1626 2593 Sermo
1664 2555 1804 2593 meus
1843 2556 1944 2593 non
1973 2540 2110 2609 capit
2139 2540 2192 2593 in

614 2629 750 2681 vobis
803 2628 879 2700 (υ.
906 2628 1030 2700 57).
1060 2629 1173 2684 illic
1219 2644 1381 2698 porro
1406 2628 1636 2696 dicebat,
1667 2644 1725 2685 se
1754 2640 1991 2685 mortuos
2023 2630 2192 2686 susci-

601 2729 767 2785 ‘tare;
798 2721 881 2776 hic
903 2737 1048 2786 vero,
1080 2722 1227 2775 illum
1258 2722 1346 2792 qui
1391 2721 1651 2788 crederet,
1681 2736 1787 2776 non
1815 2722 2052 2776 visurum
2073 2738 2191 2779 esse

615 2823 839 2868 mortem
870 2833 882 2869 :
913 2814 1051 2883 quod
1081 2816 1245 2868 multo
1266 2815 1443 2884 majus
1467 2808 1617 2882 erat,
1669 2830 1830 2886 quam
1861 2830 1967 2871 non
1993 2831 2193 2871 concc-

612 2904 742 2957 derc
772 2912 827 2957 ut
870 2920 900 2957 a
928 2913 1097 2959 morte
1132 2906 1481 2959 retineretur.
1528 2903 1649 2959 Ideo
1701 2905 1868 2974 magis
1905 2919 2191 2975 exaspera-

618 2996 824 3049 bantur.
859 2995 991 3063 Quid
1030 3012 1157 3065 ergo
1185 2996 1406 3050 dicunt?
1435 2996 1598 3063 Quem
1650 2997 1863 3068 teipsum
1906 2998 2033 3068 facis
2056 2998 2081 3050 .’
2128 2998 2194 3053 Et

617 3087 716 3139 hoc
746 3086 1162 3151 contumeliose;
1194 3087 1291 3153 Tu,
1320 3088 1580 3158 inquiunt,
1613 3096 1663 3141 te
1690 3086 1948 3142 venditas.
1973 3086 2051 3143 Ad
2081 3090 2194 3144 lucc

611 3176 855 3232 Christus
885 3193 898 3232 :
930 3178 1018 3233 54.
1049 3178 1109 3234 Si
1147 3195 1236 3249 ego
1289 3178 1517 3249 glori/ica
1567 3179 1842 3248 meipsum,
1890 3180 2056 3250 gloria
2085 3197 2194 3233 utea

615 3268 742 3320 nihil
768 3280 859 3322 est.

682 3359 740 3413 2.
784 3360 919 3426 Quid
973 3360 1060 3415 hic
1106 3359 1289 3414 dicunt
1337 3361 1617 3416 hmretici?
1664 3360 1898 3427 Audivit,
1935 3361 2195 3434 Numquid

619 3453 783 3521 major
807 3468 858 3504 es
880 3462 1021 3520 patre
1044 3461 1214 3504 nostro
1241 3452 1542 3504 Abraham?
1563 3466 1848 3506 nec-ausus
1868 3463 1947 3508 est
1970 3469 2193 3522 respon-

614 3541 768 3605 dere,
806 3541 977 3594 Etiam
1004 3558 1019 3605 ;
1071 3541 1165 3595 sed
1214 3541 1437 3595 obscure
1466 3542 1716 3612 loquitur.
1747 3542 1883 3611 Quid
1910 3544 2080 3613 ergo?
2112 3545 2193 3598 ni-

622 3632 762 3685 hilne
791 3641 873 3686 cst
896 3632 1065 3701 gloria
1096 3632 1249 3701 ejus?
1280 3633 1434 3701 Apud
1477 3634 1594 3689 illos
1632 3636 1780 3690 nihil.
1836 3636 2195 3702 Quemadmo-

618 3724 745 3778 dum
790 3726 931 3779 onim
976 3724 1126 3793 dicit,
1173 3723 1533 3781 Testimonium
1574 3744 1740 3781 meum
1767 3746 1865 3784 non
1892 3741 1961 3784 est
1988 3748 2192 3799 verum,

619 3834 811 3888 nempe
836 3819 1127 3873 secundum
1159 3819 1366 3874 illorum
1395 3821 1696 3891 opinionem
1732 3842 1743 3878 τ
1777 3823 1855 3876 sic
1880 3822 2054 3877 ethoc
2080 3824 2195 3879 loco

618 3908 766 3974 dicit,
816 3908 907 3963 Est
956 3912 1040 3980 qui
1083 3910 1333 3979 glori/ient
1359 3929 1454 3966 me.
1509 3913 1570 3966 Et
1601 3928 1695 3967 cur
1723 3927 1827 3967 non
1855 3912 2006 3980 dixit,
2042 3913 2196 3969 Pater

619 4000 704 4069 qui
740 4000 883 4054 misit
911 4001 1029 4055 me?
1062 4012 1115 4054 ut
1151 4016 1307 4071 supra
1333 4002 1485 4066 dixit,
1527 4004 1638 4068 sed,
1694 4003 1853 4071 Quem
1896 4021 1981 4059 vos
2033 4006 2195 4059 dicitis

619 4092 735 4160 quia
784 4090 917 4145 Deus
962 4101 1121 4146 vester
1169 4102 1259 4160 est,
1308 4103 1356 4148 et
1402 4110 1502 4148 non
1551 4096 1754 4149 novistis
1796 4097 1948 4151 eum?
1976 4096 2197 4152 Volebat

620 4181 903 4239 ostendere
930 4183 1075 4253 ipsos
1102 4199 1205 4239 non
1234 4184 1393 4240 modo
1433 4184 1667 4253 Patrem,
1701 4186 1795 4243 sed
1837 4186 1998 4242 etiam
2029 4188 2193 4243 Deum

622 4275 888 4343 ignorare.
924 4273 1031 4346 Ego
1058 4285 1222 4329 autent
1244 4277 1357 4331 novi
1376 4294 1508 4331 eum.
1538 4278 1860 4349 ltaqnemum
1891 4279 2030 4349 dico,
2063 4276 2197 4335 Novi

619 4384 751 4433 eum,
785 4383 887 4422 non
919 4377 1000 4422 est
1036 4368 1319 4437 jactantia;
1351 4369 1396 4422 si
1426 4369 1654 4425 dicerem
1699 4387 1784 4426 me
1839 4388 1945 4427 non
1998 4386 2191 4439 nosse,

622 4458 952 4513 mendacium
992 4468 1172 4525 esset;
1204 4474 1299 4515 vos
1329 4468 1505 4514 autem
1532 4476 1652 4515 cum
1683 4461 1859 4516 dicitis
1904 4478 2001 4518 vos
2047 4463 2193 4518 illum

620 4566 799 4617 nosse,
830 4553 1112 4607 mendaces
1134 4554 1285 4608 estis.
1330 4553 1504 4623 Atque
1538 4561 1595 4609 ut
1626 4569 1728 4609 vos
1762 4569 1920 4611 nosse
1950 4555 2081 4611 falso
2109 4555 2195 4611 di-

618 4643 757 4707 citis,
787 4642 854 4695 ila
882 4657 980 4711 ego
1007 4657 1093 4697 me
1118 4656 1222 4697 non
1251 4658 1410 4698 nosse
1440 4643 1575 4699 falso
1602 4644 1855 4700 dicerem.
1886 4645 1949 4700 Si
1971 4662 2060 4717 ego
2086 4647 2195 4717 glo-

615 4733 759 4800 ri/ico
790 4735 1052 4804 meipsum.
1075 4732 1209 4800 Quia
1256 4731 1519 4801 dicebant,
1578 4736 1735 4801 Quem
1778 4737 1990 4807 teipsum
2028 4738 2196 4806 facis?

618 4827 903 4893 respondet
932 4828 1041 4894 ille,
1072 4826 1133 4881 Si
1157 4842 1246 4897 ego
1278 4827 1521 4896 meipsum
1550 4827 1706 4895 facio,
1736 4829 1900 4900 gloria
1936 4847 2045 4883 mea
2067 4831 2195 4885 nihil

616 4926 708 4972 est.
753 4916 825 4974 Ut
872 4934 1000 4990 ergo
1048 4920 1196 4977 illum
1247 4920 1479 4991 perfecte
1526 4922 1671 4987 novi,
1701 4923 1779 4977 sic
1807 4938 1900 4979 vos
1936 4926 2190 4995 ignoratis

616 5010 813 5080 ipsum.
861 5009 929 5067 Ut
982 5027 1102 5066 cum
1133 5012 1200 5067 de
1250 5012 1555 5068 Abrahamo
1596 5024 1864 5085 ageretur,
1895 5032 2001 5070 non
2023 5025 2191 5072 totum

613 5100 846 5165 abstulit,
880 5100 971 5157 sed
1003 5101 1153 5169 dixit,
1180 5102 1303 5157 Seio
1328 5102 1451 5173 quia
1481 5118 1663 5159 semen
1697 5104 1925 5160 Abrahae
1955 5108 2103 5171 estis,
2134 5117 2194 5162 ut

615 5190 739 5245 hinc
769 5193 1022 5261 majorem
1050 5192 1268 5249 inferret
1306 5195 1695 5249 accusationem
1722 5212 1735 5260 ;
1765 5195 1842 5251 sic
1868 5204 1920 5251 et
1944 5196 2045 5252 hoc
2073 5197 2191 5253 loco

613 5298 718 5336 non
752 5294 917 5340 totum
940 5286 1176 5353 abstulit,
1226 5286 1319 5340 sed
1347 5286 1513 5357 quid?
1541 5287 1699 5353 Quem
1719 5304 1804 5341 vos
1833 5289 2016 5343 dicitis.
2044 5289 2188 5343 Illam

612 5374 913 5431 concedens
957 5377 1179 5446 gloriam
1202 5418 1216 5441 ,
1250 5378 1505 5447 majorem
1536 5378 1714 5433 effecit
1741 5380 2187 5436 criminationem.

612 5463 891 5531 Quomodo
928 5476 1105 5521 autem
1144 5467 1295 5521 illum
1346 5469 1638 5539 ignoratis?
1689 5471 1821 5538 Quia
1868 5471 2047 5535 illum.
2099 5473 2189 5541 qui

610 5556 787 5608 omnia
818 5556 882 5611 ad
909 5556 1023 5625 ejus
1046 5557 1269 5626 gloriam
1302 5558 1426 5614 facit
1450 5569 1503 5615 et
1528 5560 1676 5625 dicit,
1724 5562 2042 5615 contumelia
2073 5562 2191 5615 affi-

610 5646 757 5712 citis,
790 5646 914 5701 licet
942 5645 1009 5701 ab
1038 5647 1153 5717 ipso
1174 5646 1366 5706 missus
1400 5650 1487 5706 sit.
1520 5652 1711 5708 Verum
1741 5652 1843 5708 hoc
1870 5654 1983 5709 sine
2027 5653 2172 5708 testi—

1336 226 1394 285 ‘S.
1432 227 1708 285 JOANNIS
1745 223 2215 285 CHRYSOSTOMI
2256 224 2573 281 AnlllllEP.
2605 227 3133 288 CONSTANTINUP.

3762 239 3866 297 5M

2288 341 2467 393 mouio
2494 351 2594 405 est,
2625 343 2716 396 sed
2743 343 2882 412 quod
2910 345 3149 413 sequitur
3172 346 3234 401 ad
3261 348 3383 401 illud
3414 350 3740 418 probandum
3766 370 3866 406 usu

2286 434 2483 487 veniet.
2637 435 2701 488 Et
2722 453 2998 489 sermonem
3020 440 3129 507 ejus
3150 455 3308 493 seruo.
3340 440 3437 495 llic
3464 442 3508 495 si
3532 442 3654 510 quid
3675 456 3869 498 contra

2289 523 2616 591 habuissent,
2662 526 2895 595 objicere
2926 538 3206 597 poterant;
3248 545 3496 600 magnum
3532 534 3722 602 quippe
3760 536 3869 591 hoc

2266 624 2400 668 erat
2428 615 2700 683 indicium,
2732 618 2901 686 ipsum
2928 633 2957 673 a
2992 620 3098 673 Deo
3124 621 3341 675 missum
3371 621 3551 678 fuisse.
3585 624 3674 678 56.
3702 624 3860 679 Abra-

2288 708 2405 759 ham
2426 717 2567 775 pater
2586 710 3031 763 uester-exsultauit
3056 720 3107 764 ut
3128 712 3311 765 videret
3335 713 3465 767 diem
3487 732 3648 768 meum
3672 733 3689 780 ,°
3710 728 3754 770 et
3782 722 3860 772 ei-

2264 797 2381 863 cit,
2402 808 2447 850 et
2476 799 2675 868 gavisus
2695 810 2803 852 est.
2824 800 3065 854 vRursum
3097 804 3282 870 probat
3311 804 3426 859 illos
3462 806 3531 859 ab
3558 808 3870 864 Abrahatuo

2287 888 2488 943 alienos
2518 904 2660 957 esse,
2688 890 2899 960 quando
2919 892 2984 946 de
3010 894 3198 963 quibus
3225 896 3312 949 ille
3334 898 3614 967 gaudebat,
3643 902 3740 972 ipsi
3768 902 3870 955 do-

2281 979 2419 1034 ient.
2444 980 2590 1035 Diem
2616 990 2794 1037 autem
2814 983 2986 1037 crucis
3004 984 3092 1038 hic
3111 984 3344 1040 indicare
3368 997 3513 1056 puto,
3538 1005 3697 1059 quam
3721 993 3866 1046 aric-

2291 1072 2357 1125 tis
2380 1082 2434 1126 et
2462 1071 2621 1127 Isaaci
2648 1073 2907 1129 sacrificio
2939 1075 3385 1146 prtefiguraverat.
3416 1080 3550 1147 Quid
3580 1098 3707 1152 ergo
3750 1086 3868 1139 illi?

2289 1164 2378 1217 57.
2412 1163 2999 1235 Quadragintalvannos
3048 1170 3272 1223 nondum
3310 1171 3482 1239 habes,
3530 1184 3577 1227 et
3611 1175 3864 1230 Abraham

2290 1256 2456 1310 uidisti
2472 1257 2497 1309 ?
2538 1256 2719 1325 Itaque
2758 1258 3103 1327 quadraginta
3134 1276 3322 1316 annos
3350 1278 3516 1333 prope
3536 1264 3645 1335 jam
3674 1269 3862 1336 attige-

2270 1355 2369 1401 ‘rat
2395 1346 2655 1402 Christus.
2700 1348 2837 1404 Dixit
2872 1350 2948 1404 eis
2996 1368 3009 1405 :
3058 1350 3362 1424 Priusquam
3410 1357 3663 1411 Abraham
3688 1361 3863 1427 ﬁeret,

2266 1458 2277 1475 τ
2289 1453 2380 1507 ego
2404 1454 2532 1492 sum.
2562 1438 2646 1493 5’9.
2680 1438 2744 1493 Et
2769 1452 3065 1509 acceperunt
3094 1444 3305 1514 lapides,
3341 1456 3395 1499 ut
3410 1449 3636 1517 jacet-ent
3654 1451 3706 1503 in
3729 1468 3862 1505 cuiu.

2297 1526 2478 1583 Viden‘
2518 1530 2787 1599 quomodo
2813 1546 2879 1587 se
2916 1533 3217 1588 Abrahamo
3247 1536 3502 1605 majorem
3516 1552 3645 1593 esse
3673 1541 3862 1610 proha-

2292 1620 2585 1687 veritiQui
2616 1625 2755 1677 enim
2795 1625 3006 1694 gavisus
3049 1634 3133 1680 est
3170 1636 3227 1680 ut
3260 1628 3467 1684 videret
3515 1630 3679 1697 diem,
3727 1642 3777 1686 et
3812 1636 3857 1686 id

2293 1711 2525 1779 Optahilc
2553 1717 2777 1781 putavit,
2801 1714 2916 1769 sine
2942 1714 3103 1770 dubio
3126 1715 3175 1769 id
3206 1716 3465 1773 beneficio
3505 1734 3625 1775 esse
3644 1727 3858 1792 putavit,

2293 1801 2432 1871 quod
2460 1802 2547 1857 ille
2572 1803 2744 1872 major
2768 1814 2931 1859 esset.
2963 1805 3094 1860 Nam
3118 1822 3237 1861 cum
3264 1807 3438 1863 'Judari
3470 1810 3615 1864 illum
3641 1811 3772 1867 fabri
3808 1819 3859 1865 ti-

2294 1891 2419 1946 lium
2447 1892 2684 1947 dicerent
2713 1893 2934 1966 (Matth.
2964 1896 3049 1951 l5.
3079 1897 3187 1965 55)
3212 1939 3226 1961 ,
3258 1913 3428 1968 neque
3466 1901 3696 1969 amplius
3720 1904 3859 1971 quiil-

2268 1997 2450 2051 -quam
2474 1982 2541 2038 de
2567 1984 2656 2037 iilo
2681 1985 3071 2053 existimarent,
3110 1988 3360 2056 paulatim
3383 1992 3567 2045 cosad
3598 1993 3865 2047 sublimio-

2294 2090 2407 2129 rem
2466 2075 2868 2146 intelligentiam
2917 2078 3090 2150 erigit.
3118 2080 3265 2134 "Cum
3300 2095 3443 2151 ergo
3482 2082 3763 2140 audierunt
3809 2102 3862 2139 se

2272 2167 2461 2223 t"-‘Deum
2492 2183 2596 2222 non
2625 2183 2801 2237 nosse,
2832 2169 2883 2224 id
2907 2184 3010 2225 non
3052 2186 3193 2242 aegre
3222 2173 3485 2241 tulerunt;
3533 2191 3651 2229 cum
3692 2188 3859 2231 autem

2272 2258 2606 2324 audierunt,
2650 2260 2927 2331 Antequam
2966 2264 3221 2317 Abraham
3248 2265 3408 2334 fieret,
3440 2283 3532 2337 ego
3548 2286 3692 2336 sum,
3735 2274 3861 2324 acsi

2269 2365 2478 2406 'eorum
2501 2351 2747 2406 nobilitas
2774 2352 3143 2425 degeneraret,
3167 2368 3553 2427 exasperantur
3573 2370 3625 2414 et
3667 2361 3860 2432 lapides

2278 2443 2513 2513 'jaciunt.
2542 2442 2687 2497 Vidit
2719 2445 2849 2499 diem
2876 2462 3057 2510 meum,
3086 2456 3133 2501 et
3160 2449 3372 2520 gavisus
3415 2460 3509 2505 est.
3521 2450 3774 2508 Ostendit
3801 2470 3855 2509 se

2297 2546 2402 2588 non
2434 2534 2652 2588 invitum
2685 2534 2750 2590 ad
2779 2550 2989 2592 crucem
3018 2539 3201 2594 venire
3226 2558 3239 2594 :
3264 2540 3521 2611 siquidem
3542 2543 3723 2599 laudat
3746 2559 3864 2600 eum

2296 2626 2385 2695 qui
2413 2624 2479 2680 de
2498 2640 2655 2681 cruce
2672 2626 2885 2697 gaudet,
2913 2643 3030 2699 qum
3056 2630 3197 2685 solus
3219 2632 3399 2687 mundi
3424 2641 3552 2687 erat.
3579 2632 3659 2689 illi
3683 2646 3865 2691 autem

2298 2716 2597 2788 lapidabant
2629 2719 2737 2772 :‘ita
2768 2729 2922 2774 erant
2961 2721 3028 2775 ad
3054 2721 3229 2777 ca:ch
3251 2724 3447 2793 parati,
3495 2734 3550 2780 et
3594 2727 3716 2782 sine
3753 2728 3869 2782 ullo

2297 2809 2541 2863 examine
2581 2808 2630 2863 id
2672 2824 2815 2864 exse
2845 2810 3130 2866 faciebant.

2372 2896 2434 2951 In
2465 2898 2790 2964 Christa'vox,
2826 2900 3663 2975 Sum,perpetuitatemsigniﬁtat.
3685 2908 3865 2962 -‘-Ctn

2302 3005 2430 3046 vero
2450 3006 2553 3045 non
2580 2990 2734 3052 dixit.
2761 2991 3068 3061 Priusquam
3093 2993 3359 3049 Abraham
3387 2995 3557 3063 fieret,
3586 3014 3683 3068 ego
3704 3014 3863 3062 erant,

2301 3084 2416 3150 sed,
2450 3083 2560 3154 Ego
2587 3099 2697 3137 sum
2715 3082 2908 3139 ?'Sicut
2932 3084 3118 3155 "ipsius
3143 3085 3302 3140 Pater
3332 3086 3418 3140 illa
3442 3102 3575 3143 usus
3597 3098 3678 3143 est
3706 3106 3865 3155 voce,

2303 3176 2449 3240 Sum,
2482 3175 2557 3229 sic
2578 3182 2631 3229 et
2658 3175 2766 3229 ille.
2794 3174 2916 3231 ηερε
2936 3177 3129 3246 quippe
3152 3193 3247 3231 vox
3266 3178 3537 3248 signiﬁcat
3558 3182 3729 3250 ipsum
3754 3199 3865 3253 pcr-

2302 3276 2458 3335 pctuo
2478 3280 2616 3328 esse,
2645 3267 2884 3319 ab‘umni
2903 3265 3126 3321 liberum
3178 3277 3451 3338 tempore;
3494 3271 3720 3341 ideoque
3750 3276 3865 3343 ipsis

2302 3356 2606 3425 blasphema
2620 3369 2719 3408 vox
2732 3370 2849 3410 esse
2863 3354 3155 3410 videbatur.
3173 3357 3269 3424 Qui
3285 3374 3412 3413 vero
3424 3364 3864 3429 comparationem

2304 3447 2443 3501 illam
2466 3462 2584 3501 cum
2609 3446 2923 3501 Abrahamo
2940 3463 3043 3501 non
3067 3447 3327 3511 ferebant,
3357 3450 3478 3505 licet
3501 3452 3587 3506 illa
3606 3470 3712 3508 non
3739 3465 3867 3508 tanta

2300 3550 2441 3595 esset
2467 3558 2480 3606 ;
2508 3542 2551 3593 si
2583 3554 2725 3609 smpe
2755 3554 2813 3594 se
2841 3538 2979 3594 Patri
3008 3550 3355 3610 cnmquasset,
3379 3558 3556 3598 annon
3578 3546 3730 3599 illum
3763 3562 3871 3616 per-

2298 3639 2463 3698 petuo
2520 3630 2909 3699 impetiissent?
2960 3630 3160 3685 Deinde
3212 3630 3342 3701 fugit
3394 3635 3585 3688 iterum
3648 3636 3873 3690 humano

2301 3737 2470 3788 more,
2500 3730 2553 3775 et
2577 3722 2856 3777 abscondit
2881 3737 2958 3790 se,
2986 3738 3105 3777 cum
3133 3724 3263 3778 satis
3283 3738 3376 3779 eos
3404 3726 3760 3783 docuisset-et
3788 3744 3874 3783 sua

2303 3813 2602 3881 implesset;
2654 3814 2812 3868 exivit
2844 3814 2911 3868 de
2938 3816 3159 3884 templo,
3193 3824 3247 3870 et
3284 3818 3508 3873 secessit
3528 3818 3592 3872 ad
3619 3822 3755 3874 αιεοί
3783 3836 3874 3875 cu-

2302 3906 2583 3969 rationem,
2604 3905 2852 3974 operibus
2878 3905 3161 3961 titletn'sibi
3188 3909 3497 3973 concilians,
3524 3910 3876 3979 quodnempe

2301 4004 2427 4049 ante
2470 3994 2737 4049 Abraham
2765 4005 2926 4051 esset.
2958 3996 3061 4052 Sed
3094 3997 3229 4052 forte
3260 3998 3399 4053 dicet
3441 4000 3711 4069 quisidam
3736 4020 3749 4054 :
3775 4000 3877 4054 Cur

2303 4086 2508 4140 illorum
2538 4094 2783 4140 conatum
2818 4088 3135 4157 nontftegit?
3174 4089 3249 4143 sic
3277 4090 3579 4145 enim'forte
3615 4092 3875 4147 credidis~

2299 4183 2440 4230 sent.
2482 4175 2835 4246 Paralyticum
2876 4178 3100 4245 sanavit,
3154 4194 3253 4233 nec
3307 4180 3692 4247 crediderunt;
3743 4183 3875 4236 mille

2302 4268 2449 4337 signa
2481 4269 2622 4336 fecit,
2645 4278 2699 4325 et
2726 4268 2777 4324 in
2819 4270 2929 4339 ipsa
2956 4272 3203 4340 passione
3229 4275 3448 4342 supinos
3492 4274 3611 4329 illos
3646 4286 3876 4345 prostra.

2303 4360 2398 4426 vit,
2430 4360 2641 4414 illorum
2669 4361 2853 4415 oculos
2883 4361 3273 4426 obtenebravit,
3299 4374 3478 4419 etnon
3504 4366 3875 4429 crediderunt;

2301 4461 2355 4506 et
2383 4451 3049 4522 quomodo-credidissent,
3092 4455 3137 4509 si
3186 4456 3291 4509 vim
3333 4466 3387 4511 et
3404 4467 3668 4513 cenatum
3701 4474 3873 4514 eorum

2299 4543 2579 4597 solvisset?
2603 4544 2796 4598 Animo
2836 4545 3032 4614 quippe
3074 4545 3357 4614 desperato
3386 4549 3515 4603 nihil
3540 4548 3697 4618 pejus
3732 4568 3745 4604 :
3778 4552 3877 4603 sive

2301 4636 2449 4705 signa
2480 4635 2693 4702 viderit,
2724 4636 2836 4691 sive
2864 4637 3125 4706 prodigia.
3156 4638 3205 4692 in
3232 4638 3419 4693 eadem
3447 4650 3766 4709 perseverat
3790 4642 3877 4694 im-

2294 4725 2572 4795 pudcntia.
2605 4725 2735 4780 Nam
2765 4726 2969 4781 Pharao
2996 4728 3140 4782 mille
3164 4728 3326 4797 plagis
3355 4730 3606 4798 acceptis,
3642 4748 3769 4787 cum
3800 4750 3878 4781 ni-

2300 4818 2585 4887 stigaretur
2608 4826 2841 4885 tantum,
2870 4818 3236 4888 resipiscebat,
3264 4828 3324 4873 et
3348 4834 3516 4891 usque
3540 4821 3604 4875 ad
3641 4824 3876 4877 ultimum

2290 4909 2439 4963 diem
2468 4908 2606 4963 idem
2629 4911 2878 4978 perstitit,
2910 4911 3030 4965 illos
3051 4926 3185 4981 quos
3206 4912 3480 4967 dimiserat
3505 4927 3878 4985 persequutus.

2302 4999 2424 5054 Ideo
2473 5000 2668 5054 Paulus
2706 5016 2846 5071 saepe
2884 5000 3030 5067 dicit,
3081 5001 3164 5055 Ne
3211 5002 3488 5058 abduntur
3510 5005 3624 5073 quis
3656 5023 3723 5059 es
3753 5008 3877 5059 vobis

2298 5091 2509 5162 fallacia
2561 5094 2754 5161 peccati
2792 5091 2986 5162 (Hebr.
3014 5094 3065 5149 5.
3096 5094 3186 5163 8).
3228 5094 3695 5161 Quemadmodum
3742 5101 3873 5153 enim

2299 5182 2438 5237 vires
2458 5182 2697 5252 corporis
2721 5184 2740 5213 ²
2761 5183 2977 5238 demum
3004 5198 3069 5239 ex
3080 5185 3435 5255 stinguuntur,
3458 5196 3509 5241 et
3527 5202 3747 5242 omnem
3767 5204 3877 5241 scn-

2362 5297 2379 5327 ¹
2412 5296 2490 5361 sic
2511 5308 2682 5361 omnes
2705 5303 2809 5361 Mss.
2836 5304 2888 5346 et
2910 5296 3027 5361 εδει]
3053 5297 3393 5361 Chrysostomi,
3417 5306 3567 5361 atque
3592 5300 3662 5349 ita
3681 5300 3872 5359 legitur,

2292 5357 2537 5429 inquiunt,
2651 5358 2883 5429 quodam.
2903 5357 3163 5429 Barherino
3204 5359 3394 5429 (edice.
3420 5357 3513 5409 sed
3530 5357 3757 5429 aliorum“
3770 5363 3871 5429 aevi

2296 5419 2591 5485 testamenti
2618 5419 2970 5485 exemplarium
2987 5428 3188 5485 recepta
3212 5420 3361 5470 lectio
3384 5430 3490 5480 cst,
3513 5422 3869 5485 quinquaginta.

2359 5481 2379 5511 ⁸
2412 5478 2522 5539 Hic,
2547 5481 2700 5545 inquit
2720 5478 2883 5545 savil_.,
2902 5478 3214 5545 inserendum
3237 5478 3753 5545 conjicittloétissimus
3779 5483 3869 5529 noi-

2301 5541 2418 5606 sius,
2444 5540 2623 5606 morbis
2637 5540 2876 5606 dieiturm's
2894 5541 3171 5606 exhaustw,
3200 5551 3251 5591 et
3271 5540 3469 5604 quidem
3503 5544 3684 5606 aliquid
3713 5546 3867 5595 huius-

2295 5601 2421 5649 modi
2444 5602 2709 5650 desiderari
2733 5602 2908 5652 clarum
2929 5612 3019 5652 est.
3034 5604 3216 5653 Verum
3237 5601 3504 5657 reclamant
3524 5601 3686 5655 nausia
3709 5620 3864 5655 esciu-

2300 5662 2463 5723 plaria,
2491 5671 2542 5713 ct
2563 5665 2631 5712 sic
2656 5678 2797 5726 posse
2821 5674 2950 5715 stare
2977 5674 3167 5715 textum
3190 5667 3416 5716 arbitror.
