4094 6204
312 378 414 434 505

309 508 425 547 sum
456 489 744 546 amittunt:
766 489 845 547 sic
869 499 923 546 et
948 488 1121 545 anima
1150 488 1329 545 multis
1350 487 1632 544 affectibus
1659 486 1894 551 dmenta,

309 585 374 639 ad
403 584 657 638 virtutem
685 582 742 637 Iit
772 582 914 638 velut
941 591 1171 638 mortua.
1193 580 1457 651 Quidquid
1489 580 1588 651 ipsi
1616 579 1893 647 obtuleris,

309 674 442 730 nihil
469 676 672 741 sentit;
704 675 798 730 sed
826 674 939 732 sive
983 676 1324 746 supplicium,
1365 675 1479 731 sive
1517 672 1730 744 quidvis
1752 673 1892 728 aliud

306 768 675 835 commineris,
700 769 816 825 sine
841 783 1000 825 sensu
1023 777 1223 825 manet.

373 857 427 914 5.
460 858 651 914 Contra
666 859 900 927 invidos;
924 860 1123 915 invidus
1144 869 1197 915 ut
1221 860 1378 914 aliaat
1396 860 1593 930 perdat,
1614 860 1721 931 ipse
1739 859 1889 929 perit.

326 982 373 994 -
392 951 755 1020 Quamobrem
780 994 795 1018 ,
843 953 1067 1009 obsecro
1089 994 1123 1020 ,.
1144 953 1316 1009 donec
1339 967 1488 1023 spem
1512 952 1705 1008 salutis.
1730 951 1891 1009 babe-

303 1058 441 1109 mus,
464 1042 642 1100 donec
661 1043 898 1099 converti
921 1059 1225 1115 possumus,
1255 1044 1433 1100 omnia
1464 1043 1733 1099 iaciamus.
1757 1043 1888 1099 Nam

296 1135 385 1205 qui
413 1149 580 1190 sensu
601 1145 802 1202 carent,
829 1144 1095 1207 tamquam
1113 1135 1498 1207 gubernatores
1522 1134 1884 1205 deSperautes,

297 1239 489 1279 navem
523 1226 697 1280 ventis
725 1227 1084 1293 committunt,
1115 1225 1243 1280 nihil
1282 1240 1347 1280 ex
1377 1238 1435 1280 se
1463 1224 1782 1290 afferentes;
1811 1225 1889 1279 sic

297 1330 355 1367 se
381 1314 617 1384 denique
642 1316 728 1371 isti
755 1325 966 1386 gerunt.
999 1316 1213 1371 Invidus
1258 1315 1358 1371 hoc
1386 1331 1546 1370 unum
1577 1323 1801 1384 spectat,
1832 1323 1890 1370 ut

294 1407 649 1476 cupiditatem
690 1424 841 1463 suam
876 1408 1095 1479 impleat
1137 1408 1282 1463 :elsi
1320 1407 1639 1477 suppliciqu
1661 1415 1715 1460 ct
1741 1421 1887 1459 mor-

297 1491 401 1550 tem
427 1499 500 1553 sit
538 1499 834 1566 subiturus,
864 1499 1113 1554 morbum
1149 1498 1313 1553 animi
1341 1508 1489 1553 curat
1516 1497 1725 1563 solum;
1754 1506 1888 1551 utet

294 1588 600 1656 impudicus
641 1599 696 1645 et
749 1605 960 1645 avarus.
1002 1588 1057 1646 Si
1114 1605 1242 1645 vero
1282 1598 1423 1645 tanta
1461 1588 1532 1644 sit
1576 1588 1884 1643 morborum

290 1680 456 1734 animi
489 1682 750 1752 tyrannis,
786 1681 953 1736 multo
978 1681 1151 1751 major
1179 1682 1388 1736 virtutis
1417 1682 1497 1735 vis
1539 1695 1659 1735 esse
1702 1679 1879 1734 debet.

290 1770 348 1825 Si
378 1780 625 1840 propter
678 1771 764 1825 iila
808 1776 1039 1827 mortem
1087 1772 1408 1842 despicimus
1434 1812 1450 1838 ,
1492 1779 1709 1840 pmpter
1747 1770 1883 1823 hanc

291 1863 462 1916 multo
492 1862 661 1931 magis
695 1862 1067 1932 despiciamus.
1098 1861 1153 1918 Si
1191 1878 1340 1916 suam
1371 1860 1443 1915 illi
1470 1860 1700 1915 animam
1729 1875 1885 1929 sper-

288 1965 447 2022 nunt,
473 1956 643 2009 multo
677 1956 843 2026 magis
874 1955 1025 2011 nobis
1052 1970 1147 2026 pro
1172 1955 1343 2010 salute
1375 1952 1550 2009 omnia
1577 1946 1879 2024 spernenda

284 2053 433 2099 sunt.
469 2044 600 2113 Qua:
628 2046 768 2101 enim
800 2046 951 2099 nobis
977 2046 1081 2101 erit
1104 2045 1396 2110 excusatio,
1443 2046 1487 2099 si
1524 2058 1644 2098 cum
1690 2044 1761 2098 illi
1789 2044 1877 2114 qui

286 2146 538 2203 pereunt,
568 2144 764 2189 tantam
799 2135 1049 2207 perniciei
1077 2151 1189 2192 snzc
1215 2134 1343 2191 dant
1367 2150 1610 2206 operam,
1638 2148 1743 2190 non
1782 2149 1875 2204 pa—

286 2241 403 2282 rem
444 2242 546 2285 nos
586 2228 895 2298 pro.salnte
931 2237 1109 2282 nostra
1134 2228 1505 2293 exhibeamus,
1537 2226 1631 2283 scd
1662 2242 1878 2297 semper

285 2320 484 2379 invidia
539 2319 915 2376 tabeseatuus‘t
957 2320 1099 2375 Nihil
1156 2320 1301 2377 enim
1342 2321 1536 2375 invidia
1588 2318 1773 2390 pejus;
1819 2327 1877 2373 ut

280 2411 444 2465 alium
477 2409 669 2480 perdat
692 2411 923 2479 invidus,
955 2412 1071 2482 ipse
1110 2414 1265 2482 petit.
1292 2411 1457 2467 Invidi
1479 2413 1662 2466 oculus
1689 2411 1878 2467 dolore

282 2503 527 2569 tabescit,
562 2504 614 2557 in
642 2512 814 2559 morte
846 2505 972 2560 vivit
1016 2516 1272 2575 perpetua
1295 2547 1309 2570 ,
1348 2521 1538 2561 omnes
1581 2505 1873 2561 arbitratur

279 2592 379 2646 sibi
411 2593 679 2660 inimicos,
707 2594 980 2665 quietiam
1003 2595 1226 2654 nihilse
1252 2597 1523 2653 lmscruut.
1556 2597 1705 2652 Dolet
1729 2596 1871 2669 quod

282 2684 419 2739 Deus
461 2686 778 2754 honoretur,
809 2687 1007 2758 gaudet
1034 2688 1100 2744 de
1131 2689 1323 2755 quibus
1365 2689 1574 2745 lictatur
1605 2690 1871 2752 diabolus.

280 2777 371 2832 Ille
393 2777 690 2834 honoratur
720 2778 790 2835 ab
818 2779 1159 2837 hominibus?
1190 2781 1294 2837 Sed
1327 2798 1431 2843 non
1455 2792 1537 2838 est
1560 2781 1646 2841 hic
1678 2781 1893 2849 honor,

279 2883 349 2925 ne.
389 2869 649 2929 invideas.
686 2870 792 2932 Sed
826 2887 857 2928 a
894 2872 1006 2929 Deo
1044 2872 1375 2930 honoratur?
1418 2874 1632 2935 Imitare
1676 2874 1850 2933 illum.
1881 2925 1887 2930 .

1368 372 1431 430 IN
1466 368 1780 429 «ΙΟᾹΝΝΕΜ
1848 366 2073 426 ιιυδίιι.
2109 368 2239 426 [Νι.
2281 367 2350 428 al.
2396 369 2525 430 LV.‘

3489 383 3594 442 306

2002 483 2104 541 Sed
2137 501 2241 542 non
2273 487 2392 543 vis?
2420 486 2529 542 Cur
2555 503 2688 560 ergo
2717 490 2943 561 teipsum
2994 493 3140 564 perdi
3186 495 3210 551 ἲ
3238 511 3334 550 cur
3376 497 3590 570 projicis

2004 577 2053 632 id
2078 578 2218 650 quod
2252 579 2452 635 habes?
2477 580 2593 636 Non
2623 591 2776 653 potes
2803 583 2879 638 illi
2921 600 3015 655 par
3043 601 3165 642 esse
3185 628 3201 655 ,
3232 602 3404 660 neque
3429 590 3587 645 virtu-

2002 676 2104 723 tem
2133 669 2387 741 assequi?
2406 685 2500 725 our
2516 671 2770 727 malitiam
2794 675 3176 745 amplecteris?
3201 677 3484 747 Oportcret
3510 680 3584 733 illi

1996 762 2273 833 gratulari,
2300 771 2356 816 ut
2383 762 2425 817 si
2454 777 2559 817 non
2580 764 2753 832 possis
2781 765 3020 821 laborum
3043 782 3270 824 consors
3298 784 3438 835 esse,
3476 769 3583 824 sal—

1999 862 2103 909 tem
2125 868 2189 909 ex
2217 854 2671 925 congratulatione
2709 857 2950 914 Iucreris.
2998 858 3153 930 Sa-pe
3198 876 3428 932 namque
3460 877 3580 932 pro-

1998 944 2226 1015 positum
2268 944 2463 1001 sufficit
2495 947 2561 1000 ad
2607 963 2855 1017 magnum
2905 951 3260 1020 pra-standum
3297 967 3451 1021 Opus.
3491 952 3580 1008 Ait

1995 1035 2189 1106 quippe
2216 1034 2458 1090 Ezechiel
2495 1034 2661 1107 (Cap.
2687 1040 2776 1094 55.
2807 1041 2869 1097 15
2899 1042 2938 1105 ),
2964 1041 3083 1095 ideo
3105 1041 3361 1097 Moabitas
3381 1043 3577 1113 puniri,

1994 1126 2135 1196 quod
2208 1125 2274 1182 de
2324 1126 2679 1183 Israclitarum
2751 1131 2903 1184 malis
2967 1132 3286 1201 gauderent:
3340 1136 3579 1205 aliosque

1993 1217 2217 1273 salutem
2248 1218 2525 1288 consequi,
2549 1219 2688 1288 quod
2717 1219 2785 1275 de
2825 1221 3050 1276 aliorum
3080 1223 3231 1278 malis
3258 1224 3576 1295 ingemisce-

1994 1317 2130 1364 rent.
2159 1308 2310 1376 Quod
2336 1308 2381 1363 si
2409 1309 2608 1378 aliquid
2635 1311 2756 1365 boni
2785 1320 2847 1367 ρι’
2862 1313 3038 1367 solatii
3067 1314 3136 1368 sit
3161 1313 3226 1369 iis
3245 1316 3332 1386 qui
3360 1328 3578 1387 gemunt

1990 1400 2058 1457 de
2082 1400 2307 1456 aliorum
2338 1401 2513 1469 malis,
2534 1403 2701 1458 multo
2731 1404 2899 1474 magis
2927 1404 2992 1459 iis
3013 1404 3101 1475 qui
3132 1404 3200 1460 de
3221 1405 3445 1461 aliorum
3476 1407 3573 1463 ho.-

1993 1492 2213 1548 uoribus.
2232 1492 2483 1563 gaudent.
2510 1492 2771 1550 Moabitas
2799 1495 3077 1550 incusabat
3101 1495 3244 1567 quod
3268 1497 3334 1551 de
3361 1495 3573 1553 Israeli-

1992 1593 2161 1639 tarum
2189 1585 2341 1639 malis
2367 1584 2665 1654 gauderent
2697 1604 2710 1640 :
2744 1587 2889 1657 atqui
2924 1588 3059 1642 Deus
3088 1589 3381 1660 castigabat
3421 1590 3574 1649 illos:

1988 1678 2080 1732 sed
2105 1692 2209 1733 non
2237 1679 2469 1733 vult‘nos
2495 1679 2730 1750 gaudere
2765 1679 2832 1736 de
2861 1681 3135 1750 suppliciis
3163 1681 3231 1737 ab
3277 1697 3336 1737 se
3363 1683 3527 1738 illatis
3559 1702 3571 1738 :

1986 1786 2159 1841 neque
2182 1771 2323 1826 enim
2368 1772 2578 1826 Iactatur
2620 1772 2744 1825 dum
2778 1772 3073 1829 ulciscitur.
3118 1774 3270 1843 Quod
3299 1773 3344 1830 si
3373 1775 3570 1831 condo-

1984 1860 2199 1915 lcndum
2224 1870 2304 1916 est
2323 1862 2669 1931 patientibus.
2698 1863 2868 1917 umltu
2895 1864 3066 1934 magis
3095 1874 3309 1934 oportet
3342 1865 3575 1921 honora-

1987 1952 2182 2007 tisnon
2212 1952 2473 2009 invidere.
2503 1953 2590 2011 Sic
2613 1955 2885 2025 perierunt
2925 1954 3064 2011 Core
3114 1963 3169 2010 et
3208 1956 3433 2023 Dathan,
3482 1961 3570 2028 qui

1983 2057 2095 2110 eos,
2124 2044 2318 2115 quibus
2342 2045 2669 2113 invidebant,
2692 2045 3079 2116 Splendidiores
3097 2047 3467 2115 reddiderunt,
3487 2063 3574 2104 Sc-

1983 2153 2145 2209 seque
2172 2139 2357 2194 ultioni
2390 2138 2744 2194 tradiderunt.
2790 2138 2923 2195 Fera
2955 2140 3150 2211 quippe
3189 2149 3272 2196 est
3304 2157 3572 2197 venenosa

1940 2214 1947 2223 ’
1983 2233 2201 2302 invidia,
2231 2232 2340 2290 fera
2365 2233 2606 2304 impura;
2633 2233 2833 2288 malitia
2865 2234 3180 2299 voluntaria,
3211 2250 3331 2304 qua:
3360 2235 3569 2289 veniant

1984 2340 2089 2380 non
2118 2334 2405 2390 mereatur,
2438 2325 2672 2396 nequitia
2700 2340 2817 2396 quae
2843 2325 3056 2382 defendi
3103 2327 3306 2395 nequit,
3331 2327 3568 2380 omnium

1982 2414 2243 2469 malorum
2266 2429 2425 2470 causa
2453 2422 2510 2470 et
2534 2423 2721 2469 mater.
2756 2414 2878 2471 Ideo
2918 2416 3063 2470 illam
3089 2416 3345 2472 radicitus
3369 2416 3568 2472 evella-

1979 2506 2170 2574 lamus,
2196 2516 2253 2562 ut
2281 2516 2335 2562 et
2357 2521 2385 2560 a
2415 2508 2767 2577 przesentibus
2794 2507 2948 2563 malis
2970 2508 3279 2575 liberemur,
3309 2522 3361 2564 et
3391 2507 3567 2564 futura

1977 2612 2370 2669 consequamur
2391 2598 2561 2666 bona,
2586 2599 2752 2669 gratia
2780 2607 2836 2654 ct
2870 2599 3195 2670 benignitate
3236 2601 3442 2656 Dontini
3474 2618 3570 2655 uo-

1978 2690 2073 2746 stri
2099 2690 2231 2747 .Icsu
2251 2689 2476 2759 Christi,
2506 2705 2601 2761 per
2624 2706 2785 2762 quem
2813 2701 2867 2747 et
2904 2707 3026 2748 cum
3054 2710 3161 2764 quo
3201 2694 3343 2750 Patri
3375 2693 3566 2764 gloria,

1977 2782 2243 2855 simulque
2268 2781 2489 2855 Spiritui
2512 2792 2723 2852 sancto,
2752 2799 2894 2840 nunc
2917 2796 2987 2842 ct
3012 2801 3248 2857 semper,
3280 2795 3342 2844 et
3361 2786 3415 2843 in
3467 2800 3569 2842 sa:-

1979 2874 2097 2930 cula
2124 2872 2464 2930 smculorum.
2498 2872 2689 2929 Amen.

1681 3074 1855 3135 HOM
1865 3074 2034 3136 ILIA.
2055 3073 2221 3135 LVI.

274 3221 404 3276 Car.
451 3221 507 3277 9.
551 3237 604 3275 ν.
641 3222 689 3276 l.
721 3221 793 3276 Et
815 3222 1104 3294 pra'tcriens
1138 3221 1292 3278 Iesus
1320 3222 1441 3277 vidit
1474 3222 1729 3276 [continent
1770 3235 1869 3275 ctr-

344 3329 461 3365 cutn
491 3329 523 3365 a
554 3313 812 3367 nativitate
840 3312 930 3367 :2.
961 3323 1008 3367 et
1034 3313 1465 3382 interrogaverunt
1493 3328 1606 3366 eum
1630 3310 1868 3381 discipuli

343 3404 456 3473 ejus
473 3444 487 3468 ,
518 3404 741 3459 dicentes
766 3421 785 3459 :
815 3403 975 3460 Rubbi
991 3446 1004 3470 ,
1028 3405 1139 3476 quis
1161 3405 1400 3474 peccavit,
1420 3403 1521 3471 ln'c,
1547 3419 1614 3457 an
1637 3411 1869 3474 parentes

341 3496 481 3563 ejus,
517 3503 573 3547 ut
599 3509 760 3550 cwcus
787 3495 1114 3549 nasceretur?

345 3585 396 3641 I.
433 3583 499 3639 Et
530 3586 822 3655 prater-iens
847 3585 1002 3641 Iesus
1025 3587 1147 3641 vidit
1171 3586 1426 3642 hominem
1451 3602 1647 3642 aecum
1675 3602 1706 3640 α
1733 3586 1867 3640 nuti-

276 3677 440 3731 ritate.
503 3676 783 3733 Ilumanus
830 3692 952 3734 cum
1000 3679 1103 3744 sit,
1145 3687 1435 3734 etnostra:
1472 3678 1661 3734 salutis
1708 3677 1862 3749 cupi-

274 3767 390 3831 dus,
442 3776 502 3822 ut
549 3768 918 3838 improborum
970 3768 1453 3838 oraobstruerct,
1485 3770 1616 3826 nihil
1666 3769 1863 3824 omittit

274 3874 454 3915 eorum
482 3877 604 3932 qua:
643 3860 899 3917 adhibere
929 3877 1023 3932 par
1047 3870 1185 3933 erat,
1227 3863 1328 3919 etsi
1356 3879 1515 3919 nemo
1539 3863 1588 3919 ei
1613 3862 1860 3919 attende-

277 3957 372 4003 rct.
404 3949 514 4006 IIoc
552 3950 744 4007 videns
777 3953 1054 4023 propheta.
1077 3953 1288 4009 dicebat
1328 3972 1341 4009 :
1393 3953 1459 4010 Ut
1481 3955 1782 4026 justi/Fceris
1809 3953 1860 4008 in

275 4042 578 4098 sirmonibus
600 4044 732 4110 .tuis,
766 4054 828 4098 δι’
841 4045 1011 4101 vincas
1036 4062 1150 4100 cum
1171 4045 1428 4117 judicaris
1459 4046 1630 4121 (Psnl.
1663 4048 1753 4105 50.
1779 4047 1857 4122 ϋ).

278 4129 392 4186 Ideo
418 4148 596 4203 nunc,
635 4135 755 4204 quia
795 4136 1085 4191 verborum
1127 4137 1509 4193 sublimitatem
1538 4155 1645 4194 non
1683 4143 1863 4209 capie-

275 4221 414 4290 bant,
445 4226 537 4281 sed
566 4226 732 4283 etiam
762 4227 1153 4284 dicmoniacum
1196 4229 1344 4285 illum
1378 4226 1658 4296 vocabant,
1701 4239 1861 4301 atque

275 4314 566 4374 interﬁcere
597 4317 909 4388 tentabant,
939 4336 969 4377 e
1009 4321 1211 4390 templo
1233 4336 1503 4392 egressus,
1538 4337 1739 4378 caecum
1771 4339 1858 4378 sa-

273 4418 378 4476 nat,
410 4418 468 4464 ut
505 4420 558 4467 et
609 4411 852 4469 absentia
879 4428 975 4468 sua
1012 4413 1226 4468 illorum
1255 4412 1491 4469 htrorem
1519 4414 1731 4470 sedaret
1752 4456 1767 4480 ,
1808 4426 1861 4471 et

275 4500 419 4569 signo
445 4501 584 4559 facto
617 4503 868 4575 duritiem
896 4504 1105 4559 illorum
1136 4504 1627 4576 immanitatemque
1652 4507 1859 4562 emolli-

279 4600 388 4657 ret,
417 4607 478 4648 ac
508 4594 669 4651 Iidem
699 4595 854 4652 dictis
882 4597 1225 4663 conciliaret;
1265 4598 1583 4670 signumque
1617 4600 1727 4656 edit
1754 4617 1856 4656 non

280 4682 520 4753 vulgare,
548 4686 644 4741 sed
672 4686 814 4756 quod
847 4682 974 4743 tunc
1006 4688 1233 4759 primum
1270 4690 1441 4744 visum
1473 4689 1662 4746 fuerat.
1695 4693 1736 4746 Α
1763 4709 1859 4747 srv-

279 4773 412 4840 culo,
433 4774 622 4847 inquit,
644 4794 746 4831 non
766 4787 839 4833 est
855 4779 1105 4847 auditum,
1129 4780 1264 4849 quod
1285 4783 1538 4853 aperuerit
1556 4783 1667 4850 quis
1684 4785 1863 4839 oculos

278 4866 392 4919 cieri
419 4870 521 4922 uati
548 4868 738 4940 (Joan.
772 4870 829 4927 9.
851 4871 980 4944 52).
1026 4872 1161 4927 Casei
1192 4873 1333 4928 enim
1362 4874 1544 4929 oculos
1569 4874 1707 4931 forte
1735 4879 1854 4946 quis

278 4962 571 5027 aperuerit;
602 4962 732 5017 c:cci
762 4962 869 5018 nati
903 5004 921 5031 ,
958 4979 1061 5019 non
1099 4964 1245 5018 item.
1274 4964 1351 5021 Ac
1379 4966 1525 5035 quod
1550 4982 1797 5037 egressus
1826 4984 1867 5023 e-

279 5051 468 5119 templo
508 5053 572 5108 ad
606 5055 709 5111 hoc
734 5055 862 5111 data
889 5071 1053 5126 opera
1086 5058 1328 5125 venerit,
1365 5059 1486 5115 inde
1519 5060 1691 5129 palam
1732 5069 1811 5116 est
1837 5103 1851 5127 ,

275 5142 409 5207 «illud
440 5144 550 5213 ipse
581 5162 783 5202 ca'cum
815 5147 1038 5215 viderit,
1067 5164 1244 5206 ea'cus
1276 5165 1402 5205 vero
1428 5151 1500 5206 ad
1529 5152 1700 5221 ipsum
1747 5168 1853 5206 nun

277 5235 495 5287 venerit.
542 5237 604 5291 Et
646 5248 751 5292 tam
797 5238 1080 5311 diligenter
1128 5240 1274 5295 illttm
1318 5241 1538 5296 intuitus
1565 5251 1685 5306 est,
1716 5252 1773 5298 ut
1802 5245 1853 5298 id

274 5320 510 5394 discipuli
556 5329 936 5398 adverterent,
980 5342 1034 5388 ct
1072 5332 1137 5387 ad
1167 5333 1599 5406 interrogandum
1630 5336 1851 5392 induce-

275 5422 471 5468 rcutur.
503 5416 757 5476 Videntes
782 5423 924 5477 enint
955 5438 1078 5478 eum
1109 5423 1349 5479 studiose
1387 5427 1807 5496 conspicientem
1833 5472 1865 5495 ,.

274 5499 529 5575 interroga
542 5521 732 5566 verunt
763 5528 891 5568 eum.
916 5533 931 5571 :
963 5515 1087 5580 Quis
1111 5516 1479 5585 peccauit,_ltic,
1509 5527 1599 5570 aut
1619 5529 1851 5587 parentes

272 5591 377 5661 ejus
397 5594 423 5647 ?
446 5596 600 5655 Falso
630 5604 750 5658 nixa
780 5605 1145 5677 interrogatio.
1170 5607 1451 5676 Quomodo
1470 5610 1610 5665 enim
1635 5625 1852 5680 peccas-

270 5695 348 5735 set
371 5698 650 5757 antequam
682 5701 1310 5770 nasceretur'tqnomodo
1335 5702 1404 5757 ob
1427 5711 1703 5773 parentum
1730 5718 1848 5774 pce-

270 5787 439 5835 catum
483 5785 565 5839 hic
611 5789 823 5857 punitus
869 5794 1055 5848 esset?
1097 5794 1374 5863 Quomodo
1422 5811 1550 5870 ergo
1596 5797 1673 5851 ad
1714 5794 1848 5854 hanc

1977 3224 2247 3273 venerunt
2266 3216 2776 3287 interrogationem?
2804 3218 3042 3274 Antehac
3068 3233 3187 3276 cum
3216 3221 3567 3295 paralyticum

1970 3312 2215 3381 sanavit,
2264 3310 2398 3366 dixit
2444 3328 2457 3365 :
2502 3311 2629 3366 Ecce
2665 3328 2819 3366 sanus
2865 3313 3031 3381 factus
3073 3329 3156 3380 es;
3201 3317 3310 3372 noli
3346 3319 3568 3387 amplius

1972 3418 2180 3473 peccare
2211 3401 2406 3473 (Joan.
2439 3402 2492 3458 5.
2530 3401 2659 3473 Il).
2697 3402 2947 3472 Discipuli
2991 3421 3120 3476 ergo
3160 3407 3565 3466 considerantes

1972 3494 2117 3548 illum
2140 3500 2360 3564 propter
2385 3501 2659 3563 peccatum
2679 3493 2732 3548 in
2757 3496 3021 3568 paralysin
3047 3498 3315 3565 incidisse,
3338 3498 3520 3557 dicunt
3549 3522 3563 3559 :

1970 3588 2121 3653 Esto,
2164 3587 2256 3643 ille
2283 3596 2499 3658 propter
2527 3597 2741 3658 peccata
2773 3588 2822 3642 in
2866 3590 3135 3663 paralysin
3179 3593 3464 3661 inciderit;
3495 3596 3564 3654 de

1969 3683 2071 3740 hoc
2111 3684 2238 3755 quid
2276 3682 2508 3739 dixeris?
2538 3699 2663 3739 num
2697 3683 2782 3740 hic
2826 3672 3106 3755 peccavit?
3149 3686 3340 3744 Verum
3372 3687 3423 3744 id
3453 3689 3563 3749 dici

1967 3776 2151 3847 nequit
2185 3791 2200 3829 :
2239 3791 2361 3830 nam
2392 3792 2421 3830 a
2467 3775 2742 3830 nativitate
2787 3791 2964 3832 eiccus
2999 3785 3102 3833 est.
3135 3777 3270 3834 N'nm
3300 3779 3437 3835 forte
3465 3797 3562 3852 p1-

1966 3876 2145 3923 rentes
2178 3865 2331 3937 ejus?
2356 3864 2540 3936 Neque
2568 3866 2668 3922 hoc
2706 3866 2814 3920 dici
2853 3876 3077 3935 potest:
3117 3868 3255 3923 ﬁlius
3284 3871 3427 3924 enim
3462 3887 3561 3940 pro

1967 3968 2116 4028 patre
2147 3957 2372 4013 uondat
2399 3972 2608 4028 poenas.
2646 3955 2714 4012 Ut
2761 3971 2887 4023 ergo
2921 3972 3142 4024 puerum
3186 3959 3374 4013 morbo
3405 3960 3547 4016 labo-

1967 4059 2171 4105 rantem
2213 4047 2456 4104 videntes
2482 4047 2711 4103 dicimus
2756 4063 2769 4098 :
2815 4046 2950 4114 Quid
2982 4046 3048 4102 de
3090 4047 3191 4103 hoc
3225 4049 3552 4121 dicendum,

1964 4138 2090 4207 quid
2141 4137 2264 4191 fecit
2309 4137 2395 4192 hic
2443 4137 2611 4206 puer?
2654 4150 2759 4190 non
2805 4136 3063 4205 rogando,
3095 4137 3188 4194 sed
3218 4138 3553 4204 dubitando;

1963 4229 2042 4283 sic
2071 4226 2335 4297 discipuli
2352 4241 2455 4281 non
2488 4235 2595 4282 tam
2628 4226 3008 4296 interrogando
3026 4242 3185 4298 quam
3217 4228 3510 4285 dubitando
3535 4276 3551 4302 ,

1967 4318 2315 4374 id'dicebaut.
2345 4317 2482 4386 Quid
2500 4330 2641 4387 ergo
2664 4316 2911 4372 Christus
2932 4317 3030 4373 ιδ.
3063 4317 3115 4371 N
3121 4335 3242 4390 eque
3270 4320 3352 4374 hic
3376 4339 3554 4392 pecca-

1963 4410 2052 4475 rit,
2085 4425 2241 4478 neque
2270 4418 2499 4480 parentes
2527 4408 2657 4478 ejus.
2681 4406 2833 4474 Quod
2860 4424 2966 4462 non
2996 4407 3160 4473 dicit,
3192 4418 3249 4464 ut
3276 4426 3371 4466 eos
3400 4427 3553 4482 pror~

1962 4515 2056 4555 sus
2095 4500 2330 4571 peccatis
2358 4498 2558 4554 liberos
2595 4497 2791 4554 indicet
2821 4498 2839 4571 (
2863 4515 3037 4570 neque
3065 4502 3207 4556 enim
3236 4502 3554 4573 simpliciter

1961 4591 2095 4646 dixit
2117 4633 2131 4656 ,
2178 4590 2356 4661 Neque
2395 4591 2477 4645 hic
2511 4591 2770 4662 peccavit,
2820 4608 2979 4660 neque
3007 4604 3239 4663 parentes
3267 4596 3413 4667 ejus;
3455 4599 3548 4653 sed

1962 4682 2166 4737 addidit
2208 4682 2324 4738 :~Ut
2352 4697 2526 4738 cmcus
2553 4683 2900 4755 nasceretur)
2932 4683 3046 4758 (τι),
3076 4685 3169 4741 sed
3200 4694 3257 4740 ut
3279 4688 3550 4758 gloriﬁce-

1964 4781 2050 4827 tur
2077 4773 2242 4828 Filius
2272 4772 2388 4829 Dei.
2416 4773 2662 4829 Peccavit
2682 4791 2911 4847 namque
2939 4775 3026 4831 hic
3051 4785 3114 4833 ct'
3130 4788 3377 4847 parentes
3394 4766 3545 4850 'ejus:

1960 4863 2053 4918 sed
2087 4878 2190 4919 non
2224 4864 2346 4920 indu
2376 4865 2589 4921 emt-itas
2617 4866 2781 4921 venit.

2033 4953 2198 5010 Nemo
2236 4956 2299 5011 de
2332 4958 2550 5028 peccatis
2576 4959 2814 5025 aliorum,
2851 4975 2914 5013 ne
2952 4957 3016 5013 de
3059 4972 3319 5029 parentum
3346 4964 3543 5036 quidem

1958 5048 2045 5100 dat
2071 5064 2247 5118 pensa.
2275 5079 2348 5091 ——
2378 5050 2500 5106 ΙΙωο
2528 5065 2688 5121 porro
2712 5050 2861 5116 dicit,
2896 5065 3003 5107 non
3032 5062 3093 5107 ut
3120 5053 3399 5122 iudicaret,
3438 5073 3543 5114 non

1960 5135 2100 5192 hunc
2127 5138 2374 5207 quidem,
2406 5139 2499 5195 sed
2531 5140 2667 5196 alios
2709 5140 2793 5196 his
2819 5141 2886 5196 de
2926 5143 3104 5198 causis
3137 5159 3309 5201 czccos
3340 5146 3535 5225 fuisse,

1957 5242 2151 5298 nempe
2178 5229 2248 5285 ob
2278 5240 2554 5300 parentum
2588 5230 2914 5300 iniquitatem
2944 5250 2959 5286 :
2990 5248 3162 5305 neque
3188 5236 3330 5291 enim
3372 5238 3529 5308 licet,

1955 5321 2060 5375 alio
2087 5331 2342 5391 peccante
2364 5363 2377 5387 ,
2406 5324 2569 5378 alium
2597 5323 2877 5393 castigare.
2907 5323 3037 5380 Nam
3066 5328 3111 5383 si
3142 5328 3243 5383 hoe
3274 5331 3529 5386 conceda-

1955 5427 2093 5477 mus,
2139 5412 2267 5467 illud
2308 5411 2469 5466 etiam
2515 5411 2873 5468 concedamus
2901 5425 3131 5485 oportet,
3177 5418 3346 5488 ipsum
3384 5430 3539 5477 ante-

1955 5517 2112 5573 quam
2140 5513 2454 5557 nasccretur
2481 5502 2804 5572 peccavisse.
2840 5503 2905 5561 Ut
2926 5521 3055 5579 ergo
3081 5523 3200 5564 cum
3227 5510 3352 5566 dicit
3379 5551 3394 5577 ,
3433 5511 3539 5567 Ne-

1953 5611 2048 5665 que
2088 5594 2173 5648 ltic
2217 5594 2460 5664 peccavit,
2511 5609 2619 5650 non
2665 5595 2911 5670 intelligit
2952 5599 3021 5655 ab
3067 5610 3185 5659 ortu
3235 5603 3536 5674 quempiam

2015 5747 2087 5808 (ιι)
2110 5748 2244 5824 sumi
2283 5747 2576 5824 Inceverha,
2620 5757 2668 5805 ut
2691 5766 2850 5808 taxus
2890 5764 3161 5812 nasceretur
3224 5771 3457 5824 nusquam
3480 5761 3528 5811 in

1957 5811 2215 5872 t-Zvaugelto
2237 5811 2570 5873 reperiuntur.
