3984 6196
538 305 636 362 51ὶῖ

539 429 760 484 peccare
781 423 827 464 et
860 410 1033 484 puniti
1065 431 1076 466 :
1106 409 1183 464 sic
1208 423 1336 463 cum,
1356 407 1506 471 dicit,
1533 407 1706 477 Neque
1733 415 1962 477 parentes
1985 421 2114 473 ejus.

538 522 641 560 mm
669 503 904 562 declarat
933 499 1235 570 quempiam
1267 499 1333 554 de
1362 498 1594 569 peccatis
1626 506 1903 565 parentum
1935 508 2120 563 ιιωητιε

536 595 681 647 dare.
732 590 863 646 Nam
918 575 1214 646 Ezechielis
1260 602 1354 644 ore
1400 586 1537 644 hanc
1586 586 1722 658 tollit
1769 581 2115 654 opinionemi

549 684 667 738 l'ivo
697 699 792 752 ego
812 723 825 742 ,
854 681 974 734 dicit
1005 680 1283 748 Dominus,
1310 681 1355 734 si
1378 680 1470 733 erit
1496 679 1601 737 [tam
1628 676 1871 748 parabole
1898 676 2112 730 dicens:

541 774 720 834 Patres
763 773 1091 831 romedenuut
1127 773 1274 826 iuvant
1303 772 1571 836 acerbam,
1613 780 1660 825 et
1699 771 1869 828 dentes
1895 769 2126 838 ﬁliorum

537 867 901 936 obstupuerunt
927 861 1232 933 (EzahJﬁ.
1251 863 1342 919 ἵκει
1362 862 1438 931 2).
1465 861 1674 931 Moyses
1701 860 1828 918 item
1858 860 1932 912 ait
1956 875 1970 911 :
1996 858 2047 911 Ν
2053 875 2127 914 οη,

538 955 778 1014 morietur
809 964 952 1021 pater
977 970 1069 1023 pro
1098 953 1207 1021 ﬁlio
1233 951 1410 1016 (Deut.
1437 951 1529 1013 9.4.
1558 951 1667 1019 16).
1702 951 1763 1004 Et
1792 949 1860 1012 de
1888 948 2117 1019 quodam

537 1059 662 1114 rege
691 1045 836 1108 dicit,
869 1043 1009 1116 quod
1039 1050 1316 1113 propterea
1348 1041 1398 1095 id
1427 1058 1540 1101 non.
1561 1041 1769 1106 fecerit,
1792 1024 2012 1094 servans
2039 1039 2120 1094 le-

537 1152 663 1204 gem
684 1135 876 1206 Moysis
900 1136 974 1208 (4.
1005 1133 1130 1206 Reg,
1168 1134 1253 1190 Hi.
1283 1133 1361 1203 6).
1394 1132 1546 1201 Quod
1589 1133 1632 1187 si
1671 1131 1794 1202 quis
1817 1130 2067 1200 objecerit
2101 1147 2115 1184 :

537 1229 814 1302 Quomodo
852 1243 981 1304 ergo
1019 1227 1252 1282 dicitur:
1283 1225 1383 1292 Qui
1410 1225 1576 1282 reddit
1616 1235 1817 1292 peccata
1858 1233 2128 1293 parentum

537 1321 589 1372 in
637 1318 774 1386 ﬁlios
814 1335 972 1390 usque
1013 1318 1081 1380 ad
1128 1318 1328 1373 tertiam
1371 1326 1419 1376 et
1471 1324 1704 1386 quartam
1749 1315 2128 1384 generationem

537 1409 712 1478 (Deut.
745 1411 798 1468 5.
829 1410 924 1473 93?
956 1423 1275 1480 reponemus
1299 1450 1314 1474 ,
1357 1407 1676 1472 sententiam
1722 1420 1835 1468 non.
1855 1419 1973 1458 csse
2000 1403 2119 1460 uui-

539 1503 833 1567 vcrsalcm;
883 1501 976 1558 sed
1026 1501 1095 1555 de
1144 1499 1458 1571 quibusdam
1505 1498 1640 1563 dici,
1673 1497 1762 1567 qui
1794 1511 1857 1551 ex
1888 1497 2120 1564 Egvpto

537 1593 812 1658 exierant;
860 1590 960 1650 hoc
989 1599 1091 1656 est,
1134 1589 1267 1657 Quia
1310 1589 1342 1644 ii
1385 1589 1472 1665 qui
1500 1604 1564 1642 ex
1592 1586 1820 1659 Egypto
1847 1586 2116 1647 exierant,

537 1691 659 1757 post
687 1691 766 1744 tot
791 1685 936 1751 signa
959 1691 1011 1736 et
1034 1680 1268 1751 prodigia
1291 1679 1601 1750 parentibus
1625 1679 1738 1736 suis
1757 1678 1966 1748 pejores
1991 1691 2117 1730 cva-

537 1785 742 1834 serunt.
774 1775 862 1843 qui
909 1783 1097 1832 tanien
1135 1782 1390 1842 parentes.
1427 1771 1566 1831 nihil
1605 1770 1791 1824 horum
1839 1768 2116 1832 viderant,

537 1865 722 1925 callent
756 1866 841 1926 illa
879 1865 1166 1934 patientur,
1193 1863 1381 1931 inquit,
1412 1876 1529 1932 qua:
1556 1861 1626 1914 illi
1659 1860 1797 1930 passi
1827 1868 1971 1923 sunt,
1995 1858 2118 1927 quia

537 1957 729 2015 eadem.
753 1956 959 2009 scelera
1005 1963 1404 2033 perpetrarunl.
1429 1953 1491 2006 Et
1529 1951 1669 2022 quod
1703 1965 1788 2004 res
1814 1950 1890 2004 sic
1921 1948 2117 2003 intelli-

537 2049 715 2117 genda,
737 2049 802 2102 sit
833 2089 857 2113 ,η
882 2046 1046 2117 probe
1079 2045 1274 2115 capiet,
1298 2044 1342 2100 si
1371 2044 1494 2114 quis
1519 2043 1692 2100 locum
1722 2041 1983 2116 exploret.
2011 2039 2120 2093 Cur

535 2157 664 2209 ergo
691 2155 866 2194 rmeus
893 2148 1046 2202 natus
1076 2137 1199 2192 est?
1229 2136 1272 2194 U
1279 2145 1296 2188 ι
1325 2136 1762 2207 manifestaretur,
1795 2131 1984 2201 inquit.
2010 2131 2117 2202 glo-

537 2233 614 2284 tria
647 2231 756 2289 Dei.
780 2231 909 2290 lliuc
941 2244 1123 2289 rursus
1147 2228 1258 2284 alia
1280 2227 1516 2296 exsurgit
1537 2225 1769 2302 qumstio
1790 2240 1802 2272 τ
1827 2222 1962 2279 Nam
1991 2223 2115 2278 abs-

539 2338 642 2398 que
674 2322 828 2398 hujus
859 2321 1130 2394 punitione
1165 2360 1180 2382 ,
1211 2333 1319 2376 non
1350 2324 1557 2388 poterat
1599 2314 1770 2386 gloria
1815 2313 1904 2366 Dei
1951 2327 2115 2380 appa-

537 2415 698 2476 rere?
724 2413 882 2473 Certe
909 2429 1023 2472 non
1045 2411 1241 2470 dicitur
1267 2426 1381 2464 non.
1402 2408 1671 2478 potuisse;
1703 2413 1915 2480 poterat
1935 2404 2073 2459 enim
2100 2419 2121 2462 :~

535 2506 627 2560 scd
655 2514 713 2560 ut
748 2506 799 2560 in
833 2504 932 2562 hoc
957 2505 1115 2560 etiam
1162 2509 1458 2573 appareret.
1493 2499 1704 2570 Ergone
1725 2541 1739 2564 ,
1769 2499 2009 2568 inquies,
2039 2497 2117 2550 iu.-

532 2597 722 2667 j-nriam
765 2606 978 2666 propter
1009 2596 1099 2652 Dei
1131 2595 1355 2666 gloriam
1395 2592 1640 2664 accepit?
1664 2592 1832 2662 Quam
1854 2630 1878 2656 ,_
1897 2606 2078 2661 quaeso
2099 2629 2114 2656 ,

536 2688 779 2762 injuniam
797 2690 828 2740 ’ἔκ
845 2689 954 2762 qui,
983 2687 1035 2745 si
1054 2700 1321 2760 nunquam
1345 2684 1494 2742 illum
1518 2684 1660 2738 nasci
1685 2681 1942 2737 voluisset
1961 2682 1984 2735 ἲ
2004 2681 2116 2752 Ego

521 2769 662 2835 ~"vero
706 2780 864 2833 etiam
910 2794 976 2833 ex
1020 2777 1260 2833 excitate
1301 2773 1616 2834 beneﬁcium
1648 2772 1919 2841 accepisse
1956 2771 2114 2837 dico;

533 2886 655 2927 nam
703 2869 1044 2928 interioribus
1083 2881 1295 2938 quoque
1347 2865 1479 2923 vidit
1515 2864 1707 2919 oculis.
1751 2863 1884 2931 Quid
1931 2862 2122 2933 juvant

532 2963 670 3019 oculi
717 2961 973 3018 Judazos?
1014 2959 1191 3029 Majus
1231 2957 1372 3016 enim
1418 2955 1735 3026 supplicium
1783 2954 2118 3020 habuerunt,

531 3053 672 3124 quod
703 3051 930 3107 videndo
955 3050 1081 3106 cruci
1110 3056 1308 3104 essent.
1341 3047 1478 3117 Quid
1508 3061 1637 3102 vero
1667 3045 1788 3100 huic
1815 3045 1995 3104 damni
2019 3045 2121 3100 fuit

531 3162 599 3202 ex
639 3143 928 3201 excitate?
950 3142 1174 3211 Propter
1203 3139 1346 3196 illam
1373 3139 1544 3195 visum
1586 3137 1810 3205 accepit.
1853 3135 2032 3205 Itaque
2059 3143 2118 3198 ut

532 3239 666 3296 mala
700 3237 856 3312 hujus
878 3237 1028 3304 vitta,
1053 3234 1191 3294 mala
1233 3248 1340 3288 non
1383 3239 1544 3294 sunt;
1583 3230 1663 3285 sic
1690 3231 1827 3284 bona
1858 3244 1962 3283 non
1993 3236 2121 3284 sunt

534 3330 709 3395 bona;
749 3327 842 3383 sed
875 3341 1037 3390 unum
1066 3332 1340 3395 peccatum
1377 3323 1575 3379 malum
1601 3330 1683 3376 est
1702 3362 1717 3388 ,
1745 3321 1961 3384 caecitas
1987 3335 2123 3376 vero

533 3435 645 3474 non.
665 3419 823 3479 mala.
855 3417 962 3488 Qui
981 3427 1157 3472 autem
1181 3429 1246 3473 ex
1279 3413 1458 3472 nihilo
1476 3412 1740 3482 producit,
1772 3411 1941 3484 potuit
1966 3411 2112 3466 illum

523 3512 607 3568 sic
634 3510 956 3580 relinquere.
984 3507 1209 3574 Quidam
1237 3519 1364 3560 vero
1405 3505 1593 3565 dicunt.
1632 3503 1768 3563 hanc
1799 3502 2120 3573 particulam.

532 3620 639 3660 non
690 3618 810 3658 esse
853 3600 1150 3666 causalem,
1175 3597 1268 3655 sed
1310 3613 1375 3654 ex
1417 3606 1610 3653 eventu
1642 3595 1744 3653 dici
1771 3611 1792 3662 ;,
1820 3605 1876 3649 ut
1899 3594 2114 3665 quando

528 3697 657 3754 dicit
684 3713 697 3750 :
725 3693 796 3748 lu
813 3691 1066 3764 judicium
1095 3690 1204 3746 veni
1245 3690 1298 3743 in
1338 3688 1470 3744 hunc
1500 3687 1744 3742 mumlum
1763 3727 1776 3752 ,
1810 3695 1863 3739 ut
1893 3703 1992 3738 non
2033 3686 2110 3740 vi.

529 3789 702 3840 dentes
742 3785 960 3846 rideant,
991 3791 1037 3836 et
1061 3782 1148 3852 qui
1174 3780 1362 3844 rident,
1390 3779 1509 3838 ςατὶ
1540 3779 1665 3846 ﬁant
1693 3776 1872 3845 (Joan.
1905 3777 1959 3832 9.
1992 3776 2108 3846 59).

528 3879 641 3938 Nm
669 3877 809 3932 enim
836 3875 979 3930 venit
1019 3882 1078 3928 ut-
1118 3873 1358 3928 vitlentcs
1402 3871 1538 3926 (ξωοὶ
1562 3870 1767 3926 fierent.
1802 3869 1870 3929 Et
1901 3884 2116 3924 rursum

529 3970 723 4026 Paulus
757 3984 770 4022 :
814 3968 949 4028 Nam
979 3966 1119 4038 quod
1140 3974 1314 4020 notum
1341 3974 1419 4019 est
1452 3961 1575 4025 Dei,
1605 3964 1926 4032 manifestum
1957 3971 2028 4018 est
2057 3961 2110 4013 in

526 4065 654 4127 iliis,
680 4073 740 4116 ut
764 4063 870 4116 sint
893 4059 1255 4120 inexcusabile:
1284 4058 1468 4128 (llam.
1494 4057 1550 4118 1.,
1579 4055 1686 4124 19).
1717 4055 1830 4114 Etsi
1857 4070 1965 4112 non
1992 4054 2110 4107 ideo

527 4153 982 4215 uiauil‘eseiverit,
1035 4160 1092 4210 ut
1135 4149 1478 4209 excusatione
1525 4148 1881 4217 privarentur,
1928 4145 2020 4200 scd
2054 4155 2112 4199 ut

526 4248 670 4326 illam
699 4246 976 4304 lutbercut.
1012 4243 1077 4297 Et
1109 4257 1316 4297 t‘tl-BSlllll
1344 4239 1467 4294 alibi
1489 4279 1504 4306 ,
1538 4238 1646 4294 Lex
1673 4246 1839 4292 autem
1867 4237 2111 4294 subitura.

526 4327 615 4405 uit,
661 4347 712 4394 ut
755 4334 1034 4392 abtmdmtet
1076 4333 1310 4387 delictum
1341 4328 1533 4401 (Rom.
1566 4328 1619 4383 5.
1650 4327 1785 4398 9.0-).
1817 4327 1979 4398 Atqui.
2003 4343 2111 4382 non

525 4432 646 4490 ideo
671 4427 1010 4494 subintravit,
1036 4425 1127 4480 sed
1159 4433 1216 4483 ut
1239 4423 1577 4478 cohiberctur
1609 4427 1906 4489 peccatum.

595 4521 651 4578 2.
700 4519 884 4575 Vitlen‘
915 4517 1110 4591 ubique
1152 4513 1462 4571 adverbium
1497 4527 1565 4568 ex
1593 4521 1784 4570 eventu
1833 4508 1997 4579 poni?
2044 4507 2108 4564 Ut

526 4615 666 4670 enim
711 4609 1036 4666 architectus
1083 4605 1317 4675 optimus
1363 4612 1564 4674 partem
1619 4602 1812 4664 mdium
1861 4600 2103 4672 perfecit,

523 4711 729 4773 partem
773 4699 1134 4770 turpet-lectam
1164 4695 1409 4765 reliquit,
1441 4703 1495 4748 ut
1522 4708 1585 4749 es
1615 4693 1829 4753 residuo
1859 4691 1995 4763 apud
2027 4691 2107 4745 in-

526 4793 774 4848 credulos
813 4792 880 4845 de
919 4800 1030 4843 toto
1073 4801 1192 4842 sese
1221 4784 1510 4841 defendat:
1541 4784 1608 4840 ita
1649 4793 1702 4836 et
1743 4783 1884 4839 Deus
1912 4797 2106 4853 corpus

524 4891 763 4940 nostran
809 4881 1137 4951 conglutth
1191 4886 1246 4938 et
1299 4875 1520 4945 perlicit,
1577 4883 1844 4944 tamquam
1887 4873 2103 4928 domum

522 4975 803 5045 quamdam
833 4972 1120 5042 labantem,
1146 4983 1267 5028 cum
1297 4982 1510 5026 manum
1533 4964 1736 5022 aridam
1758 4972 1929 5030 sanat,
1955 4979 2104 5032 para—

524 5069 672 5139 lytici.
688 5065 923 5123 membra
949 5064 1142 5123 ﬁrmat,
1167 5058 1384 5115 claudos
1405 5057 1581 5128 erigit,
1602 5057 1841 5127 leprosos
1863 5054 2102 5119 mundat,

523 5174 694 5236 trgros
719 5164 891 5220 sanat,
921 5167 1073 5211 crura
1101 5150 1292 5208 debilia
1319 5147 1620 5211 confirmat,
1659 5154 1899 5204 mortuos
1930 5145 2102 5198 susci-

525 5263 596 5309 tat
621 5291 634 5312 ,
665 5249 876 5303 clausos
901 5246 1085 5302 oculos
1114 5243 1306 5314 aperit,
1341 5257 1444 5294 non
1479 5237 1694 5294 habenti
1722 5236 1907 5293 oculos
1930 5237 2100 5291 visum

525 5343 632 5397 dat.
663 5341 793 5410 Quae
819 5339 995 5398 omnia
1027 5336 1251 5394 infirma:
1294 5345 1495 5392 natm—re
1527 5330 1649 5390 vitia
1687 5328 1812 5382 dum
1844 5327 2099 5397 corrigit,

526 5441 842 5504 "aestatem
881 5429 1115 5486 ostendit
1141 5442 1314 5482 suam.
1341 5426 1472 5482 Cum
1501 5423 1628 5480 dicit
1657 5431 1832 5476 autem
1851 5463 1864 5486 ,
1897 5420 1964 5475 Ut
1990 5437 2099 5473 ma-

521 5528 783 5594 nifestatur
809 5523 970 5594 gloria
1014 5519 1146 5585 Dei,
1186 5518 1255 5574 de
1293 5531 1384 5584 se,
1419 5531 1523 5576 nou
1552 5514 1619 5575 de
1649 5513 1807 5568 Patre
1848 5511 2098 5580 loquitur.

523 5617 668 5669 Illius
697 5614 889 5684 quippe
916 5613 1081 5682 gloria
1114 5607 1390 5664 manifesta
1420 5615 1556 5663 erat.
1584 5605 1718 5670 Quia
1743 5603 1884 5658 cnim
1911 5601 2099 5656 audie-

521 5717 659 5773 rant,
701 5707 901 5774 Deum,
934 5720 1054 5760 cum
1102 5701 1372 5758 hominem
1418 5699 1691 5766 formarat,
1734 5695 2004 5766 accepisse
2033 5695 2096 5750 li-

1277 296 1333 348 S.
1373 293 1650 352 JOANNIS
1687 291 2165 352 CHRYSOSTOMI
2193 291 2500 346 ARCIIIICP‘.
2542 289 3073 352 CONSTANTINOP.
3699 302 3785 355 δυρι

2226 416 2371 456 mum
2400 403 2467 460 de
2496 413 2638 460 terra
2663 421 2680 463 :
2711 404 2832 460 ideo
2860 407 2937 459 sic
2963 406 3049 460 ille
3078 406 3246 464 lutum
3292 408 3556 466 formavit.
3579 406 3631 463 Si
3660 416 3782 466 enim

2223 492 2483 548 dixisset:
2516 495 2633 566 Ego.
2651 511 2765 550 sum
2803 498 2890 566 qui
2934 498 3116 568 accepi
3151 498 3418 570 pulverem
3445 498 3512 554 de
3551 511 3714 569 terra,
3741 515 3784 559 et

2225 582 2493 639 hominem
2532 587 2790 648 formavi,
2828 588 2876 642 id
2908 587 3240 644 auditoribus
3267 590 3545 653 olTetisioni
3584 592 3782 661 fuisset;

2224 675 2310 730 ubi
2340 692 2467 732 vero
2493 677 2543 736 id
2573 678 2688 749 ipso
2714 693 2876 748 opere
2897 681 3152 752 ostendit,
3177 697 3288 737 non.
3311 698 3604 754 repugnare
3625 697 3782 757 potue-

2225 779 2370 828 runt.
2401 771 2634 840 Accepto
2661 771 2836 841 itaque
2860 774 3105 842 pulvere,
3136 791 3294 846 quem
3321 791 3442 832 cum
3471 786 3627 848 sputo
3651 795 3780 836 com.

2224 858 2467 926 miscuit,
2485 860 2561 914 sie
2587 861 2850 916 occultam
2880 863 3113 934 gloriam
3132 879 3281 918 suam
3311 867 3646 924 manifestam
3676 871 3780 927 red-
3807 861 3818 920 i

2222 948 2375 1005 didit.
2421 950 2536 1006 Non
2581 968 2741 1022 parva
2783 955 2932 1010 enim,
2975 954 3140 1026 gloria
3181 965 3316 1021 erat,
3356 957 3495 1028 quod
3543 941 3817 1016 creature

2223 1041 2406 1111 epifcx
2430 1051 2724 1112 putaretur.
2774 1044 2848 1100 Ex
2880 1045 2981 1102 hoc
3005 1046 3147 1101 enim
3177 1056 3370 1103 cretcra
3398 1049 3785 1118 sequebantur:

2223 1146 2287 1184 ex
2333 1141 2486 1200 parte
2527 1141 2698 1187 totum
2726 1134 3062 1190 credebatur.
3094 1135 3310 1210 Maioris
3335 1154 3561 1210 namque
3589 1139 3722 1197 fides
3749 1144 3786 1196 id

2223 1221 2359 1295 quod
2389 1222 2560 1281 minus
2585 1233 2698 1278 crat
2720 1225 3089 1282 conﬁrmabat.
3116 1227 3426 1284 Creataru-tn
3454 1232 3594 1286 enim
3623 1249 3784 1287 rerum

2223 1312 2458 1365 omnium
2500 1315 2969 1381 prmstantissimus
3001 1325 3083 1372 est
3113 1317 3312 1384 homo,
3349 1329 3404 1374 et
3445 1322 3786 1378 membrorum

2225 1402 2666 1469 pretiosissimum
2709 1415 2790 1459 est
2827 1405 3013 1462 oculos
3045 1426 3059 1462 :
3089 1407 3288 1463 idcirco
3319 1425 3423 1463 non
3455 1413 3783 1481 simpliciter.

2223 1495 2323 1549 scd
2363 1495 2454 1556 illo
2483 1496 2642 1552 modo
2673 1497 2758 1554 hic
2788 1500 2970 1554 oculos
2996 1502 3215 1556 creavit.
3261 1502 3370 1556 Etsi
3400 1503 3538 1557 enim
3579 1519 3785 1572 parvum

2222 1587 2292 1640 sit
2335 1587 2653 1652 membrum,
2696 1599 2777 1644 est
2804 1601 2977 1646 tamen
3024 1592 3252 1651 maxime
3296 1595 3649 1648 necessarium
3680 1611 3784 1650 cor-

2224 1679 2335 1747 pori
2375 1695 2389 1733 :
2420 1679 2520 1734 hoc
2547 1680 2743 1736 Paulus
2768 1681 3002 1737 declarat
3031 1701 3043 1737 :
3074 1681 3140 1738 Et
3183 1684 3228 1737 si
3267 1684 3449 1737 dixerit
3485 1686 3620 1740 auris
3639 1728 3654 1748 ,
3688 1685 3786 1739 Non

2221 1786 2333 1824 sum
2353 1771 2529 1824 oculus
2547 1813 2561 1838 ,
2593 1789 2692 1825 non
2719 1790 2832 1826 sum
2857 1774 2920 1828 de
2948 1790 3157 1844 corpore
3185 1792 3204 1828 :
3234 1792 3354 1829 nunt
3378 1777 3489 1830 ideo
3515 1795 3614 1830 non
3640 1790 3713 1831 est
3737 1782 3785 1832 de

2221 1877 2429 1932 corpore
2453 1863 2527 1933 (ί.
2560 1862 2679 1921 Cor.
2711 1863 2796 1917 l2.
2824 1864 2948 1934 16)?
2973 1864 3166 1919 Omnia
3192 1867 3387 1936 quippe
3414 1884 3482 1937 qu
3502 1884 3530 1921 c
3565 1869 3617 1923 in
3649 1871 3784 1923 nobis

2222 1963 2374 2019 sunt,
2398 1953 2632 2011 divinam
2667 1955 2951 2024 potentiam
2982 1956 3382 2020 demonstrant;
3426 1959 3594 2012 mtdto
3636 1963 3783 2030 magis

2221 2047 2408 2100 oculus
2428 2088 2452 2114 λ
2490 2047 2577 2116 qui
2611 2057 2776 2101 totum
2804 2063 2996 2120 corpus
3025 2048 3304 2117 gubernat,
3332 2051 3422 2120 qui
3467 2051 3562 2105 toti
3595 2056 3782 2122 corpori

2223 2136 2665 2206 pulchritudinem
2697 2139 2824 2192 indit
2848 2179 2872 2205 ,ι
2901 2139 2990 2209 qui
3022 2139 3209 2194 faciem
3235 2151 3430 2205 ornat,
3466 2143 3554 2212 qui
3589 2143 3780 2197 lucerna

2220 2236 2300 2281 est
2330 2228 2563 2285 omnium
2597 2229 2982 2285 membrorum.
3017 2229 3147 2284 Nam
3181 2230 3320 2299 quod
3351 2232 3430 2285 sol
3457 2243 3539 2285 est
3562 2233 3674 2286 orhi
3696 2275 3708 2295 ,
3737 2234 3778 2286 id

2220 2317 2405 2374 oculus
2428 2327 2507 2372 cst
2536 2319 2767 2388 corpori.
2795 2319 2850 2374 Si
2885 2321 3051 2378 Solem
3083 2321 3406 2391 exstinguas,
3429 2323 3604 2376 omnia
3628 2325 3782 2393 perdi-

2221 2407 2366 2473 disti,
2405 2409 2582 2463 omnia
2633 2410 2852 2465 turbasti
2895 2411 2983 2465 :si
3028 2412 3333 2482 exstinguas
3376 2413 3591 2470 oculos.
3639 2414 3781 2482 [uales

2219 2507 2343 2552 sunt
2371 2499 2604 2562 inutiles,
2636 2514 2844 2561 manus.
2872 2500 2995 2554 item
3021 2501 3131 2568 ipsa
3162 2501 3359 2580 anima.
3387 2499 3625 2571 Coguitio
3651 2504 3782 2555 enim

2220 2589 2300 2644 his
2349 2590 2678 2646 lahefactatis
2721 2592 2831 2647 abit
2870 2609 2883 2645 :
2927 2592 3008 2645 his
3054 2608 3283 2662 namque
3331 2594 3484 2647 Deum
3522 2595 3780 2646 novimus.

2220 2681 2502 2736 l-noisibilia
2531 2683 2664 2736 enim
2699 2683 2897 2751 ipsius,
2928 2699 2959 2736 α
2988 2693 3220 2738 creatura
3257 2684 3454 2750 mundi,
3483 2700 3567 2752 per
3591 2700 3648 2736 ea
3675 2701 3783 2750 qua:

2221 2776 2353 2843 facta
2377 2782 2516 2840 sunt,
2544 2774 2814 2842 intellecta,
2846 2775 3223 2844 conspiciuntur.
3255 2776 3426 2846 (llam.
3455 2775 3646 2844 1.,20).
3676 2775 3783 2828 Non

2220 2881 2347 2935 ergo
2377 2865 2587 2934 corpori
2634 2865 2807 2921 solum
2853 2865 3064 2922 lucerna
3114 2876 3198 2922 est
3241 2867 3448 2933 oculus,
3489 2866 3580 2922 sed
3605 2866 3787 2921 animm

2222 2955 2342 3025 plus
2363 2972 2529 3026 quam,
2549 2958 2778 3026 corpori.
2811 2957 3148 3028 Quapropter
3181 2973 3276 3014 ceu
3307 2959 3360 3012 in
3392 2960 3542 3029 regio
3569 2959 3785 3030 quodam

2221 3051 2339 3102 loco
2367 3063 2604 3118 superne
2632 3048 2854 3111 locatur,
2885 3051 3200 3119 carterisqne
3226 3052 3606 3119 superponitur
3630 3051 3786 3105 sensi-

2220 3137 2514 3201 bus._llunc
2541 3139 2716 3210 itaque
2743 3137 2957 3197 format.
2994 3139 3192 3194 Deinde
3217 3155 3282 3194 ne
3305 3151 3459 3209 putes
3482 3142 3655 3211 ipsum
3685 3157 3785 3192 ma-

2222 3232 2351 3291 teria
2393 3245 2535 3301 opus.
2565 3229 2815 3289 habuisse
2855 3232 2920 3285 ad
2949 3232 3233 3302 agendum,
3265 3241 3319 3291 ct
3348 3232 3526 3287 discas
3561 3248 3665 3286 non
3693 3234 3788 3286 loto

2218 3338 2351 3393 opus
2379 3322 2624 3378 habuisse
2654 3324 2809 3378 initio.
2829 3323 2973 3394 (nam
2999 3324 3087 3394 qui
3114 3324 3441 3380 substantias
3473 3327 3704 3395 majores
3730 3342 3787 3379 ex

2219 3416 2386 3470 nihilo
2425 3415 2690 3485 produxit,
2734 3417 2901 3473 multo
2942 3419 3109 3486 magis
3133 3416 3270 3472 hanc
3310 3418 3428 3473 sine
3455 3420 3655 3486 prasvia
3686 3434 3790 3472 ma-

2218 3510 2354 3562 teria
2397 3507 2674 3576 fecisset):
2727 3517 2782 3560 ut
2824 3521 2953 3577 ergo
2992 3507 3164 3564 discas
3207 3507 3292 3562 illa
3324 3523 3431 3562 non
3475 3509 3794 3580 indiguisse,

2215 3599 2415 3655 ducens
2464 3615 2523 3658 se
2568 3599 2876 3656 Creatorem
2932 3601 2982 3654 in
3028 3601 3285 3672 principio
3331 3601 3521 3670 fuisse,
3567 3604 3799 3674 apposito

2217 3692 2328 3747 luto
2370 3691 2497 3746 dicit
2552 3690 2571 3760 (
2588 3708 2631 3746 υ.
2663 3691 2732 3764 7)
2765 3710 2779 3746 :
2813 3690 2980 3759 Vade,
3027 3694 3214 3758 lauare,
3248 3701 3303 3746 ut
3334 3692 3607 3764 intelligas
3635 3708 3720 3748 me
3743 3692 3800 3745 ad

2219 3783 2524 3838 formandos
2551 3784 2734 3839 oculos
2765 3784 2875 3842 luto
2901 3798 3039 3851 opus
3063 3799 3170 3837 non
3211 3783 3408 3839 habere
3431 3824 3446 3848 ,
3474 3785 3580 3838 sed
3613 3795 3670 3837 ut
3694 3800 3800 3836 nta-

2218 3877 2495 3935 nifestetur
2533 3877 2583 3931 in
2625 3878 2742 3945 ipso
2783 3876 2949 3946 gloria
2991 3890 3128 3931 mea.
3160 3874 3309 3944 Quod
3340 3875 3484 3933 enim
3537 3877 3610 3930 de
3633 3876 3805 3944 seipse

2218 3971 2461 4040 loquatur
2486 3984 2613 4024 cum
2639 3969 2786 4035 dicit,
2817 3967 2885 4024 Ut
2911 3967 3254 4036 mauifestetur
3281 3968 3445 4038 gloria
3486 3968 3628 4034 Dei,
3673 3967 3806 4021 intuo

2217 4062 2305 4124 lit,
2339 4063 2390 4116 4.
2427 4059 2512 4114 Me
2537 4069 2732 4129 oportet
2771 4064 2937 4130 facere
2983 4074 3138 4127 Opera
3167 4059 3276 4129 ejus
3318 4059 3406 4126 qui
3441 4059 3595 4112 misit
3624 4075 3734 4119 me;
3763 4056 3808 4109 id

2215 4163 2330 4219 est,
2362 4151 2582 4222 Oportet
2612 4167 2698 4207 me
2729 4150 3067 4209 manifestare
3096 4150 3355 4220 meipsum
3381 4164 3397 4214 ;
3431 4159 3492 4204 et
3516 4165 3583 4204 ea
3616 4149 3806 4212 facere,

2214 4262 2331 4313 qum
2372 4245 2744 4304 demonstrare
2772 4243 2976 4314 possint
3005 4257 3091 4296 me
3118 4241 3302 4296 eadem
3344 4240 3532 4298 facere
3565 4258 3691 4312 qua:
3716 4240 3811 4293 l‘a-

2218 4348 2295 4389 ter
2326 4336 2477 4401 facit;
2513 4351 2618 4388 non
2651 4333 2870 4398 similia,
2909 4333 3002 4388 sed
3028 4333 3236 4397 eadem,
3264 4331 3406 4404 quod
3441 4334 3716 4399 majorem
3743 4332 3810 4382 si-

2214 4429 2430 4498 gnificat
2475 4427 2854 4498 tequalitatcm,
2899 4425 3196 4494 diciturque
3241 4424 3310 4478 de
3359 4424 3458 4490 iis,
3507 4426 3605 4500 qni
3644 4443 3711 4479 ne
3741 4426 3812 4477 \el

2214 4519 2476 4576 tantillum
2505 4518 2794 4588 inmqualcs
2823 4527 2966 4571 sunt.
3007 4517 3138 4587 Quis
3166 4531 3292 4586 ergo
3314 4515 3429 4584 jam
3459 4518 3814 4571 contradixe-

2213 4614 2314 4675 rit,
2347 4609 2532 4666 vide-ns
2561 4624 2681 4664 eum
2711 4607 2898 4663 eadem
2925 4621 3084 4678 posse
3113 4621 3233 4678 qua:
3263 4605 3423 4660 Pater
3450 4609 3682 4676 potest?
3710 4606 3813 4660 Non

2213 4701 2377 4756 modo
2402 4700 2543 4754 enim
2571 4699 2758 4754 oculos
2789 4696 3064 4762 formavit,
3097 4710 3196 4750 nec
3241 4695 3415 4750 solum
3443 4697 3699 4766 aperuit,
3728 4693 3815 4748 sed

2213 4803 2266 4846 ct
2294 4793 2465 4849 visum
2495 4789 2713 4860 largitus
2757 4797 2857 4854 est,
2905 4785 3045 4857 quod
3071 4795 3448 4856 argumentum
3493 4787 3669 4840 etiam
3701 4794 3814 4849 est,

2214 4887 2383 4954 ipsum
2415 4883 2646 4936 animam
2671 4895 2880 4952 quoque
2906 4878 3214 4949 inspirasse.
3248 4875 3337 4930 Illa
3369 4877 3525 4933 enim
3562 4893 3676 4931 nou
3700 4892 3819 4946 ope—

2213 4984 2386 5041 rante,
2438 4972 2627 5026 oculus
2665 4972 2769 5026 etsi
2799 4985 2958 5028 sanus
2987 4978 3040 5024 et
3069 4970 3275 5039 integer
3302 4969 3492 5030 fuerit,
3532 4969 3671 5026 nihil
3705 4985 3818 5021 Illn-

2211 5080 2370 5136 quam
2403 5062 2614 5118 viderit.
2651 5063 2830 5133 Itaque
2857 5061 3047 5117 anima:
3076 5059 3235 5113 etiam
3265 5061 3656 5130 operationem
3698 5063 3712 5092 ‘
3743 5062 3817 5112 in-

2210 5156 2362 5220 didit,
2386 5163 2439 5210 ct
2465 5153 2760 5208 membrum
2787 5150 2931 5206 dedit
2952 5150 3199 5206 omnibus
3220 5151 3553 5204 instructum
3584 5153 3810 5208 arterii~.

2211 5247 2410 5310 nervis,
2444 5245 2614 5308 venis,
2647 5243 2923 5313 sanguine,
2954 5241 3268 5309 caeterisque
3297 5241 3587 5307 outnilms,
3621 5258 3689 5297 ex
3715 5244 3816 5310 qui-

2211 5339 2311 5393 bus
2351 5351 2546 5406 corpus
2574 5345 2812 5389 nostrum
2843 5333 3200 5389 constituitur.
3224 5333 3308 5386 Me
3343 5345 3562 5402 oportet
3591 5336 3820 5404 operari.

2210 5432 2330 5483 dum
2358 5429 2463 5482 dies
2492 5437 2581 5482 est.
2608 5426 2742 5495 Quid
2773 5426 2888 5479 lucc
2930 5425 3027 5478 sibi
3068 5424 3296 5478 volunt?
3325 5435 3375 5477 ct
3408 5440 3589 5493 quam
3627 5426 3815 5478 habent

2210 5520 2684 5592 consequentiam?
2715 5517 2951 5573 Multam.
2987 5517 3096 5570 lloc
3134 5517 3275 5570 enim
3315 5514 3432 5567 vult
3464 5517 3813 5586 signiﬁcare?

2277 5703 2290 5733 ¹
2333 5699 2491 5749 Morel.
2519 5698 2658 5762 legit,
2681 5697 2987 5756 nobilitatem,
3012 5709 3116 5758 pro,
3142 5691 3496 5758 operationem.
