4094 6204
335 279 442 340 509

337 397 515 450 Donec
560 391 676 448 dies
720 399 822 460 est,
863 390 1032 446 donec
1065 397 1294 459 possunt
1313 387 1557 450 homines
1592 387 1643 442 in
1673 402 1759 442 me
1787 400 1905 439 cre-

332 486 481 550 dere,
513 483 640 540 dum
662 484 803 549 vivo,
832 481 1162 553 cperandum
1192 479 1319 535 mihi
1345 488 1447 534 est.
1486 478 1630 534 Venit
1658 493 1780 545 nox,
1806 476 1907 531 hoc

331 585 410 630 est
443 574 677 629 futurutn
707 584 933 644 tempus,
959 573 1161 642 quando
1186 589 1331 627 nemo
1358 581 1518 643 potest
1545 587 1762 641 operari.
1794 570 1906 625 Non

329 666 482 731 dixit,
510 664 734 732 Quando
754 680 853 736 ego
881 664 1086 735 operari
1117 679 1220 718 non
1246 678 1458 733 possum
1483 679 1496 728 ;
1528 652 1622 718 sed
1648 703 1663 728 ,
1692 663 1906 729 Quando

330 772 474 809 nemo
512 764 671 826 potest
704 755 946 824 operari;
963 755 1013 809 id
1039 763 1155 821 est,
1173 752 1397 822 Quando
1426 768 1531 806 non
1561 762 1644 807 est
1679 751 1907 822 amplius

328 846 479 909 fides,
513 861 617 902 non
646 846 888 913 labores,_
908 861 1012 899 non
1043 842 1903 922 pmniteutia..Quod~cninrtidem

325 952 461 1006 Opus
486 937 711 1007 appellat
730 978 760 1005 λ
777 936 959 997 dicunt
984 939 1075 1004 ei,
1103 936 1239 1004 Quid
1262 937 1545 1007 faciemus,
1568 947 1623 989 ut
1642 952 1906 1007 aperemur

324 1043 481 1096 opera
518 1026 657 1083 Dei?
683 1028 1018 1097 Respondet,
1063 1026 1175 1080 Hoc
1203 1035 1277 1080 est
1305 1041 1432 1097 Opus
1461 1024 1574 1091 Dei,
1607 1036 1661 1079 ut
1690 1027 1903 1081 credatis

324 1119 377 1179 in
416 1135 530 1173 eum
557 1135 703 1189 quem
732 1117 819 1175 ille
847 1118 1001 1176 misit.
1041 1117 1218 1195 Quare
1259 1131 1388 1186 ergo
1428 1115 1527 1170 hoc
1569 1131 1703 1189 opus
1746 1132 1903 1171 nemo

323 1218 501 1279 potest
526 1216 651 1263 tunc
670 1208 924 1285 operari?
946 1207 1078 1283 Quia
1109 1216 1233 1262 tunc
1260 1206 1389 1262 ﬁdes
1418 1223 1522 1267 non
1550 1207 1678 1273 erit,
1697 1206 1789 1261 sed
1815 1223 1904 1262 vc-

323 1300 442 1365 Iittt,
490 1299 684 1367 nolint,
725 1312 914 1354 omnes
957 1297 1196 1355 audient.
1221 1296 1300 1352 Ne
1336 1297 1625 1367 quisenim
1658 1298 1902 1367 diceret,

322 1387 470 1449 illum
490 1389 780 1452 ambitione
805 1397 1006 1450 motum
1032 1388 1134 1443 hoc
1153 1387 1347 1453 facere,
1375 1388 1605 1450 ostendit
1631 1403 1689 1443 se
1714 1404 1899 1443 eorum

318 1480 487 1551 gmtia
532 1480 709 1534 omnia
752 1478 951 1543 (acere,
998 1477 1196 1551 quippe
1232 1478 1320 1549 qui
1347 1476 1434 1533 bie
1461 1477 1631 1532 solum
1671 1476 1910 1541 habeant.

319 1572 579 1631 credendi
602 1571 941 1638 facultatem,
961 1586 1062 1627 nec
1088 1570 1355 1643 quidpiam
1381 1568 1454 1625 ibi
1484 1569 1615 1625 lucri
1642 1570 1899 1640 consequi

318 1663 547 1741 possint.
593 1662 719 1723 ideo
757 1679 855 1719 nec
883 1663 1225 1726 accedentem
1269 1678 1469 1725 catcum
1497 1665 1718 1718 curavit.
1743 1663 1896 1732 Quod

317 1758 465 1812 enim
486 1757 677 1826 dignus
697 1766 841 1813 esset
858 1757 946 1827 qui
972 1766 1247 1812 curaretur
1272 1774 1285 1810 :
1312 1755 1560 1826 quodque
1583 1757 1626 1812 si
1656 1756 1900 1823 vidisset,

316 1849 638 1905 credidisset
669 1850 1135 1920 accessissetque;_
1164 1856 1218 1905 et
1255 1849 1299 1904 si
1336 1849 1404 1904 ab
1436 1849 1617 1919 aliquo
1658 1849 1895 1904 audisset

318 1948 667 2007 przesentem,
686 1956 790 1994 non
818 1940 1167 2010 neglexisset,
1188 1955 1251 1993 ex
1283 1938 1346 1993 iis
1376 1954 1493 2009 qua:
1521 1948 1747 2009 sequuta
1771 1949 1895 2000 sunt

314 2028 489 2097 palam
520 2038 619 2092 est,
642 2043 708 2083 ex
740 2029 1045 2084 fortitudine
1069 2044 1259 2098 nempe
1279 2038 1332 2084 et
1351 2043 1418 2093 ex
1450 2028 1552 2083 ﬁde
1580 2028 1714 2103 eius.
1740 2029 1893 2084 Pote-

312 2129 397 2175 rat
424 2121 565 2175 enim
596 2136 777 2199 secum
823 2122 1059 2199 cogitare
1099 2136 1163 2176 ac
1198 2121 1377 2177 dicere
1406 2140 1420 2176 :
1451 2121 1586 2195 Quid
1618 2122 1719 2176 hoc
1759 2133 1841 2178 est
1865 2124 1890 2175 ἲ

312 2210 477 2265 lutum
520 2210 662 2279 fecit,
705 2220 762 2267 et
802 2212 985 2272 lenivit
1014 2214 1197 2275 oculos
1234 2227 1422 2279 meos;
1465 2223 1520 2269 ct
1558 2213 1692 2268 dixit
1719 2214 1848 2269 mihi
1872 2255 1897 2281 ,γ

318 2299 480 2366 Vade,
521 2302 713 2363 lavare.
754 2304 945 2361 Annon
976 2311 1182 2373 poterat
1209 2318 1397 2363 curare
1439 2318 1561 2369 me,
1603 2312 1657 2358 et
1686 2311 1808 2362 tunc
1837 2304 1891 2358 iu

308 2394 509 2449 Siloam
540 2396 753 2451 mittere
773 2396 797 2450 ?
817 2395 969 2465 Saepe
995 2396 1067 2451 ibi
1096 2411 1181 2453 me
1209 2395 1308 2452 lavi
1336 2410 1463 2451 eum
1484 2396 1623 2463 aliis,
1657 2396 1892 2466 nihilque

306 2485 438 2543 mihi
467 2484 682 2564 profuit.
731 2485 788 2541 Si
827 2502 985 2562 quam
1018 2496 1333 2564 potestatem
1366 2485 1623 2553 haberet,
1654 2501 1891 2560 prtesens

306 2590 394 2630 me
436 2576 753 2636 sanavissct.
786 2575 937 2643 Quod
974 2576 1363 2636 etian‘tsdicebat
1390 2576 1625 2636 Naaman
1667 2577 1893 2641 Elismo.

303 2666 493 2721 iussus
522 2668 665 2722 enim
694 2667 869 2724 lavare
895 2683 954 2728 se
980 2668 1031 2722 in
1058 2666 1309 2734 Jordane,
1335 2684 1438 2723 non
1460 2667 1735 2734 credebat,
1760 2683 1884 2731 cum

306 2767 492 2811 tamen.
534 2765 675 2815 tanta
720 2766 863 2813 esset
904 2758 1081 2827 Elismi
1123 2758 1257 2818 fama
1289 2758 1363 2831 (4.
1396 2758 1522 2829 Reg.
1566 2758 1620 2813 5.
1672 2756 1785 2827 ll).
1817 2758 1886 2817 At

303 2862 477 2907 exectis
504 2863 609 2903 non
654 2847 752 2902 fuit
791 2847 1121 2911 incredulus,
1154 2864 1251 2903 nec
1279 2849 1636 2913 contradixit,
1670 2864 1765 2904 rec
1793 2863 1882 2903 se-

302 2953 424 2993 cum
467 2940 730 3008 reputavit
761 2957 775 2994 :
811 2940 947 3007 Quid
981 2941 1081 2994 hoc
1121 2940 1247 2999 cst?‘
1289 2956 1356 2993 an
1394 2941 1564 2994 lutttm
1611 2940 1884 3013 imponere

300 3030 576 3099 oportuit?
601 3030 702 3085 hoc
724 3032 1120 3099 potiusca-cum
1146 3029 1434 3084 reddiderit
1460 3048 1472 3083 :
1496 3030 1613 3100 quis
1634 3044 1883 3100 umquam

301 3122 381 3176 sic
420 3120 593 3174 visum
634 3122 877 3191 recepit?
915 3121 1016 3175 Sed
1060 3120 1188 3173 nihil
1218 3120 1405 3173 horum
1433 3121 1702 3190 Cogitavit.
1737 3104 1883 3175 Vidi-

298 3211 428 3264 stiu’
460 3209 617 3265 ﬁdem
649 3221 704 3269 ct
736 3211 968 3265 animum
1010 3210 1261 3264 ﬁrmum?
1296 3208 1437 3264 Venit
1470 3227 1590 3264 nox.
1634 3210 1766 3265 llinc
1791 3226 1882 3266 os-

301 3302 493 3386 tetulit,
538 3302 698 3357 etiam
733 3313 852 3373 post
881 3318 1094 3358 crucem
1123 3317 1181 3358 se
1207 3301 1489 3371 impiorum
1520 3316 1699 3356 curam
1728 3301 1880 3356 babi-

298 3394 479 3452 turum
508 3408 647 3459 esse,
680 3393 981 3464 multosque
1009 3401 1379 3448 attracturum.
1410 3394 1593 3453 Adhuc
1635 3393 1740 3447 dies
1783 3402 1876 3448 est.

296 3486 533 3542 Posthac
578 3501 703 3541 vero
752 3485 876 3541 illos
922 3486 1133 3557 penitus
1175 3485 1481 3552 abscindet,
1512 3484 1651 3555 quod
1682 3486 1750 3538 ita
1779 3484 1877 3540 de-

295 3580 464 3634 clarat
494 3595 517 3634 :
550 3578 601 3633 5.
638 3578 892 3645 Quamdiu
931 3579 983 3632 in
1025 3579 1211 3631 mundo
1238 3594 1369 3640 sum,
1409 3578 1502 3637 tua:
1539 3595 1651 3631 sum
1679 3577 1872 3629 mundi.

295 3670 449 3736 Quod
488 3669 646 3723 etiam
693 3668 811 3723 aliis
854 3667 987 3731 dixit
1013 3685 1026 3722 :
1055 3667 1272 3733 Credite,
1314 3670 1471 3729 donec
1504 3668 1596 3723 tua:
1622 3666 1873 3722 vobiscum

294 3770 366 3814 est
390 3759 565 3830 (Joan.
598 3759 682 3815 i2.
715 3758 829 3829 36).

366 3857 422 3911 5.
462 3855 570 3910 Cur
596 3870 724 3926 ergo
753 3854 950 3909 Paulus
980 3861 1294 3924 praesentem
1325 3854 1486 3909 vitam
1516 3863 1729 3913 noctem
1776 3868 1874 3910 vo-

294 3947 452 4014 cavit,
487 3947 627 4001 illam
653 3956 831 4002 autem
854 3945 1013 4000 vitam
1030 3945 1210 4002 diem?
1238 3944 1352 4001 Non
1379 3950 1644 4003 contraria
1674 3948 1869 4003 Christi

294 4039 490 4102 verbis,
535 4037 629 4092 sed
675 4037 861 4093 eadem
911 4038 1024 4108 ipsa
1066 4036 1250 4093 dicens
1295 4046 1497 4107 mente,
1548 4053 1653 4092 non
1692 4038 1866 4110 litera,

294 4144 485 4199 nempe
510 4168 526 4193 ,
576 4127 700 4182 Nox
744 4130 1015 4199 prwcessit,
1081 4128 1187 4183 dies
1235 4138 1399 4183 autent
1450 4129 1870 4200 apprOpinquavit

293 4220 465 4289 (Rom.
496 4221 581 4276 l3.
612 4219 722 4293 12).
759 4221 980 4277 Noctem
1019 4220 1159 4275 enim
1190 4235 1427 4290 praesens
1455 4229 1663 4290 tempus
1692 4231 1865 4288 vocat,

294 4321 509 4382 propter
535 4327 629 4367 eos
653 4312 741 4383 qui
770 4313 822 4367 in
868 4311 1102 4367 tenebris
1143 4310 1352 4375 sedent,
1397 4311 1480 4368 vel
1510 4312 1869 4381 comparando

289 4419 406 4457 eam
432 4419 551 4458 cum
580 4403 666 4458 illa
695 4403 782 4459 die
808 4422 821 4458 :
849 4403 1093 4459 Christus
1120 4417 1247 4457 vero
1274 4411 1486 4458 noctem
1517 4404 1748 4475 appellat
1783 4405 1866 4458 fu-

291 4506 465 4551 turum
494 4505 724 4567 tempus,
752 4495 893 4566 quod
921 4504 1044 4550 tunc
1069 4509 1098 4548 a
1130 4493 1400 4564 peccando
1438 4506 1695 4550 cessetur.
1726 4494 1867 4550 Pau-

289 4591 371 4651 lus
400 4605 528 4647 vero
572 4598 888 4661 praesentem
932 4590 1092 4643 vitam
1138 4597 1347 4643 noctem
1389 4587 1641 4657 appellat,
1684 4587 1803 4657 quia
1831 4586 1864 4641 ii

288 4684 454 4752 quiin
502 4682 733 4753 nequitia
778 4691 831 4738 et
875 4680 1245 4736 incredulitate
1282 4679 1483 4742 vivunt,
1530 4679 1584 4733 in
1634 4677 1865 4734 tenebris

287 4783 428 4831 sunt.
454 4775 669 4832 Fideles
697 4776 855 4845 igitur
877 4774 1153 4844 alloquens
1177 4774 1272 4836 ait,
1309 4772 1430 4827 Nox
1458 4773 1731 4843 prwcessif,
1760 4773 1866 4826 dies

286 4874 448 4920 autent
492 4866 932 4938 appmpinquavit,
988 4874 1170 4935 utpote
1215 4865 1304 4935 qui
1355 4863 1474 4919 luce
1520 4863 1610 4918 illa
1654 4862 1862 4918 l'ruituri

284 4958 389 5013 sint
417 4976 430 5013 :
461 4970 675 5015 noctem
718 4973 848 5019 vero
889 4970 1125 5014 veterem
1169 4957 1327 5015 vitam
1355 4956 1606 5026 appellat.
1637 4955 1862 5025 Abjirla-

288 5066 414 5116 mus,
463 5051 653 5121 inquit,
704 5066 860 5120 opera
905 5049 1218 5105 tenebrarum
1258 5046 1475 5119 (Ibid).
1504 5047 1691 5100 Viden’
1711 5045 1860 5099 illttm

284 5151 492 5198 noctem
524 5143 655 5213 ipsis
697 5157 817 5198 esse
844 5141 1062 5198 dicere?
1085 5144 1260 5208 Quare
1289 5139 1436 5195 addit
1466 5157 1480 5193 :
1527 5137 1671 5193 Sicut
1699 5136 1752 5190 in
1779 5135 1864 5189 die

284 5231 484 5288 honeste
507 5233 840 5297 ambulemus,
873 5241 931 5287 ut
975 5231 1061 5290 illa
1089 5231 1328 5285 fruamur
1368 5229 1507 5283 luce.
1539 5228 1669 5282 Nam
1696 5227 1740 5280 si
1770 5226 1856 5280 lux

284 5318 397 5376 inec
421 5333 526 5377 tam
556 5321 778 5397 pulchra
803 5333 905 5389 est,
931 5321 1102 5392 cogita
1130 5320 1299 5392 qualis
1326 5320 1427 5374 erit
1453 5318 1561 5372 illa.
1594 5318 1858 5385 Quantum

280 5413 419 5468 enim
443 5413 634 5471 solaris
663 5413 841 5468 radius
882 5423 965 5469 est
1012 5414 1244 5467 lucerna:
1285 5410 1483 5464 lumine
1511 5407 1856 5478 splendidior,

283 5512 444 5571 tanto,
488 5507 596 5561 imo
622 5505 779 5574 longe
818 5507 983 5577 magis
1010 5505 1111 5561 erit
1136 5505 1221 5558 lux
1265 5502 1353 5556 illa
1381 5504 1481 5554 hac
1502 5499 1855 5570 praestantior.

287 5594 349 5649 Et
372 5596 469 5653 hoc
508 5594 841 5667 signiﬁcabat
885 5596 963 5651 bis
994 5595 1189 5667 verbis,
1226 5594 1319 5649 Sol
1352 5591 1776 5655 oblencbrabitttr;
1807 5590 1857 5649 id

1351 269 1415 331 ΙΝ
1451 268 1763 329 ωεὶΝΧΕΜ
1834 265 2062 323 IIOIdIL.
2104 266 2236 322 LVI.
2276 266 2350 322 at.
2391 266 2504 323 LV.

3493 292 3591 348 510

2016 390 2119 450 est.
2155 385 2226 440 ob
2256 388 2359 443 vim
2402 391 2700 460 splendoris
2732 394 2873 450 illius
2916 410 3021 450 non
3048 399 3341 469 apparebit.
3370 404 3521 470 Quod
3546 409 3592 461 si

2012 493 2152 534 nunc
2192 489 2249 536 ut
2293 482 2600 551 splendidas
2629 493 2696 540 et
2721 486 2861 541 bono
2902 503 3027 544 aere
3053 489 3288 548 fruentes
3325 495 3468 551 mdes
3498 497 3591 553 ba-

2011 568 2251 636 beamus,
2299 573 2533 629 inﬁnitas
2580 590 2711 645 opes
2737 579 3089 647 expendimus
3133 583 3328 640 misere
3354 588 3600 642 exaediﬁ-

2008 661 2222 717 cando:
2255 664 2425 733 cogita
2469 674 2598 734 quot
2643 667 2746 722 sint
2778 668 3038 725 subeundi
3068 675 3310 743 corporei
3358 676 3602 738 labores.

2010 760 2068 806 ιιι
2095 752 2402 822 splendidas
2421 755 2565 811 aedes
2592 755 2743 813 nobis
2762 759 2813 812 in
2833 759 2978 814 caelis
3001 771 3358 832 exstruamus,
3388 767 3475 821 ubi
3501 768 3590 824 lux

2009 841 2097 898 illa
2120 842 2419 899 incili-bilis.
2451 845 2545 901 llic
2571 847 2711 903 enim
2741 859 2798 905 et
2825 866 3010 921 pugnae
3050 862 3103 908 et
3130 857 3496 913 contentiones
3524 860 3556 914 d
3576 877 3603 911 ιι

2009 935 2248 991 terminis
2294 945 2350 991 et
2396 938 2725 1006 parietibus:
2758 942 2825 996 ibi
2871 959 2997 999 vero
3040 946 3170 1001 nihil
3215 949 3408 1016 simile,
3441 953 3591 1008 nulla

2007 1027 2211 1082 invidia
2248 1030 2328 1083 vel
2371 1027 2538 1096 livor;
2587 1046 2744 1087 nemo
2772 1033 2839 1088 de
2871 1035 3108 1091 terminis
3139 1039 3412 1096 nobiscum
3452 1058 3582 1098 cou-

2007 1119 2206 1181 tendet,
2265 1120 2390 1176 llzee
2436 1138 2597 1193 porro
2644 1128 2946 1183 necessario
3003 1130 3347 1203 relinquenda
3396 1135 3585 1192 domus

2004 1220 2122 1277 est;
2153 1213 2253 1273 illa
2269 1223 2526 1284 perpetuo
2553 1227 2730 1271 tnanet
2758 1235 2770 1270 :
2795 1219 2908 1274 ha~c
2930 1230 3165 1290 tempore
3193 1226 3397 1291 teritur,
3425 1227 3576 1283 innu-

2004 1303 2272 1374 merisque
2313 1304 2541 1368 obnoxia
2568 1316 2647 1361 est
2677 1308 3038 1377 detrimentis;
3073 1313 3155 1374 illa
3200 1328 3413 1384 semper
3440 1326 3568 1371 stat:

2005 1391 2140 1455 hanc
2185 1409 2389 1463 panpee
2426 1396 2662 1457 excitare
2710 1398 2887 1466 nequit
2908 1414 2936 1464 ;⁵
2958 1399 3043 1453 illa
3071 1401 3151 1455 vel
3179 1401 3384 1457 duobus
3412 1404 3582 1460 obolis

2001 1485 2349 1552 construitur,
2395 1494 2452 1540 ut
2481 1487 2632 1541 vidua
2665 1487 2749 1545 illa
2795 1491 3109 1547 eoustrttxit.
3142 1491 3264 1548 Ideo
3299 1494 3585 1563 pra-iocor,

2002 1577 2141 1647 quod
2166 1587 2240 1631 tot
2268 1577 2420 1632 nobis
2447 1579 2734 1648 propositis
2756 1579 2928 1646 bonis,
2961 1582 3031 1635 ita
3054 1598 3245 1652 segnes
3265 1585 3582 1656 desidesque

2000 1668 2186 1732 simus,
2219 1666 2454 1741 nihilque
2482 1683 2586 1722 non
2616 1682 2855 1736 agamus,
2886 1680 2941 1725 ut
2983 1670 3068 1733 hic
3094 1675 3393 1742 conspicuis
3434 1676 3580 1733 frua-

2000 1776 2118 1817 mur
2146 1759 2381 1826 aedibus,
2418 1760 2543 1823 dum
2575 1761 2704 1821 nihil
2732 1777 2982 1822 curamus
3007 1773 3063 1822 ut
3094 1765 3145 1818 in
3179 1767 3325 1826 cwlis
3367 1769 3447 1822 vel
3479 1771 3577 1831 mi-

1997 1857 2201 1917 nimum
2226 1873 2474 1928 paremus
2500 1859 2652 1914 nobis
2676 1858 3049 1915 diversorium.
3097 1862 3212 1931 Dic,
3254 1879 3472 1933 qttzeso,_
3489 1863 3579 1919 ubi

1996 1951 2082 2010 hic
2120 1951 2338 2016 domum
2382 1953 2580 2015 habere
2625 1953 2823 2009 velles?
2853 1954 2904 2009 in
2933 1953 3165 2021 deserto,
3194 1965 3285 2010 aut
3320 1957 3370 2010 in
3398 1957 3577 2027 aliquo

1996 2056 2158 2111 parvo
2183 2043 2475 2112 Oppidulo?
2500 2043 2616 2098 Non
2646 2052 2772 2113 puto
2800 2061 2814 2097 :
2843 2044 2936 2098 sed
2984 2045 3035 2100 in
3067 2046 3270 2117 magnis
3312 2048 3574 2118 regiisque

1995 2133 2249 2201 urbibus,
2265 2133 2353 2188 ubi
2378 2134 2548 2204 majus
2576 2135 2980 2202 commercium,
3011 2136 3097 2191 ubi
3127 2138 3380 2207 splendor
3407 2139 3579 2209 major.

1993 2235 2095 2280 cst.
2126 2225 2239 2294 Ego
2268 2225 2319 2279 in
2356 2225 2514 2280 talem
2562 2235 2613 2280 te
2655 2225 2794 2281 duco
2820 2226 3112 2294 civitatem,
3140 2229 3290 2298 Ctljtts
3316 2230 3583 2297 opiiex‘et

1991 2325 2180 2373 auctor
2208 2326 2289 2373 est
2320 2318 2479 2373 Deus.
2508 2319 2624 2385 ilic,
2655 2334 2858 2390 qumso,
2887 2332 3282 2389 construamus,
3315 2323 3400 2376 hic
3424 2338 3567 2378 csa»

1991 2408 2269 2464 diﬁccmus
2296 2410 2502 2465 minore
2543 2419 2755 2480 sumptu
2783 2418 2837 2465 ct
2878 2411 3109 2468 labore”.
3139 2413 3244 2468 llas
3272 2414 3413 2469 ardes
3438 2430 3566 2469 con-

1991 2508 2203 2555 struunt
2229 2515 2418 2555 manus
2433 2516 2740 2571 pauperum,
2769 2501 2871 2557 boc
2892 2504 3147 2573 optimum
3171 2506 3566 2572 estaadiﬁciunt;

1989 2605 2106 2665 qum
2134 2598 2308 2646 autem
2340 2591 2426 2645 hic
2448 2592 2827 2659 construimus,
2857 2603 3109 2650 extrema:
3136 2604 3260 2650 sunt
3287 2596 3568 2652 dementia:

1987 2693 2378 2749 argumentum.
2408 2682 2541 2737 Nam
2570 2684 2614 2738 si
2645 2685 2762 2754 quis
2794 2692 2844 2739 te
2875 2684 2928 2740 in
2956 2685 3226 2742 Persidem
3256 2696 3456 2758 ageret,
3485 2690 3567 2742 vi-

1986 2786 2167 2827 Surum
2199 2773 2342 2829 illam
2378 2773 2647 2843 regionem
2675 2785 2727 2829 et
2757 2790 2879 2830 mox
2926 2791 3299 2841 reversurum;
3330 2785 3487 2847 atque
3516 2788 3567 2833 te

1987 2862 2094 2918 illic
2137 2864 2349 2933 iuberet
2401 2865 2544 2919 mdes
2582 2874 2857 2922 exstruere
2896 2884 2913 2920 :
2964 2882 3139 2922 annon
3197 2867 3564 2924 stultissimum

1987 2953 2135 3007 illum
2176 2953 2400 3019 diceres,
2449 2956 2541 3024 qui
2571 2955 2664 3009 tibi
2709 2957 2921 3011 inanem
2968 2968 3235 3026 sumptum
3280 2959 3566 3014 suaderet?

1986 3055 2083 3097 cur
2105 3057 2233 3111 ergo
2261 3042 2312 3096 in
2345 3050 2484 3097 terra
2510 3043 2738 3112 idipsum
2773 3043 2919 3109 facis,
2953 3046 3092 3101 unde
3121 3047 3264 3101 brevi
3311 3049 3564 3117 migratu-

1989 3145 2082 3191 rus
2108 3132 2211 3185 es?
2234 3132 2322 3195 At,
2356 3131 2582 3201 inquies,
2617 3132 2738 3185 ﬁliis
2769 3133 3085 3203 relinquant.
3117 3133 3308 3190 Verum
3333 3136 3403 3190 illi
3433 3152 3565 3206 quu-

1985 3238 2090 3293 quc
2117 3230 2169 3278 te
2191 3222 2346 3292 paulo
2377 3230 2495 3291 post
2537 3222 2813 3293 scquutnri
2859 3232 3013 3288 sunt;
3047 3224 3155 3279 imo
3179 3239 3321 3295 smpe
3349 3233 3400 3280 te
3425 3241 3564 3295 pra:-

1984 3312 2196 3380 ccdcnt,
2250 3313 2569 3384 illorumque
2620 3312 2868 3369 similiter
2916 3315 3148 3385 posteri;
3201 3315 3428 3386 hincque
3472 3317 3563 3372 tibi

1983 3406 2229 3462 mmroris
2244 3420 2422 3472 causa,
2443 3422 2563 3462 cum
2582 3406 2806 3461 heredes
2824 3423 2926 3461 non
2946 3406 3037 3462 tibi
3060 3422 3339 3478 superesse
3361 3410 3560 3466 videas.

1982 3498 2056 3554 lbi
2090 3514 2215 3553 vero
2245 3498 2377 3555 nihil
2405 3497 2705 3567 hujnsmodi
2739 3496 3048 3565 timendum,
3082 3499 3175 3554 sed
3208 3500 3422 3555 immota
3447 3517 3561 3555 ma-

1982 3600 2072 3646 net
2095 3590 2358 3646 bereditas
2389 3590 2502 3655 tibi,
2534 3590 2676 3657 ﬁliis,
2704 3592 3003 3659 nepotibus,
3048 3593 3091 3647 si
3118 3592 3359 3648 camdetn
3392 3594 3560 3649 virtu.

1980 3693 2084 3741 tem
2113 3683 2471 3743 imitabuutur.
2505 3684 2652 3739 illam
2681 3682 2920 3740 Christus
2949 3685 3206 3741 mdiﬁcat:
3239 3701 3344 3758 quo
3371 3686 3561 3757 opiﬁce

1978 3778 2136 3835 nullis
2188 3778 2539 3841 curatoribus,
2591 3777 2729 3832 nulla
2780 3780 3137 3837 sollicitudine
3166 3789 3244 3835 est
3273 3798 3427 3851 opus.
3459 3781 3557 3837 Ubi

1977 3869 2118 3925 enim
2178 3868 2316 3922 Deus
2368 3867 2419 3922 in
2466 3882 2526 3923 se
2577 3868 2799 3938 suSpicit
2850 3883 3021 3939 Opus,
3070 3869 3205 3938 quid
3254 3871 3392 3924 ultra
3455 3885 3554 3926 cu.

1975 3959 2237 4015 randum?
2301 3959 2393 4019 Ille
2438 3959 2615 4012 omnia
2667 3957 2914 4026 colligit,
2965 3966 3023 4012 et;
3065 3957 3281 4011 domum
3336 3958 3551 4013 excitat.

1975 4052 2156 4122 Neque
2210 4049 2260 4109 id
2306 4050 2478 4104 solum
2533 4048 2776 4102 mirabile
2818 4056 2930 4112 cst;
2975 4047 3068 4101 Sed
3109 4047 3249 4121 quod
3293 4047 3362 4101 ita
3412 4048 3558 4103 illam

1974 4152 2214 4198 exstruat
2260 4149 2317 4194 ut
2367 4149 2572 4211 optare,
2629 4139 2738 4193 i‘tno
2784 4138 2973 4193 melius
3017 4153 3173 4208 quam
3216 4147 3399 4208 optare
3430 4154 3555 4208 pos-

1973 4236 2068 4291 sis.
2127 4232 2222 4287 Est
2259 4231 2401 4287 enim
2444 4229 2635 4285 artifex
2678 4228 2931 4298 optimus,
2988 4230 3075 4298 qui
3133 4229 3225 4284 tibi
3278 4229 3555 4286 utilissima

1972 4334 2142 4383 curat.
2168 4325 2223 4380 Si
2252 4338 2452 4395 pauper
2477 4322 2572 4387 sis,
2600 4329 2655 4377 et
2677 4319 2815 4375 hanc
2833 4328 3142 4375 construere
3164 4319 3378 4375 domum
3401 4321 3553 4388 velis,

1974 4417 2171 4473 nullam
2218 4414 2492 4478 invidiam,
2538 4411 2740 4467 nul'um
2789 4409 2881 4465 tibi
2910 4409 3077 4480 pariet
3116 4410 3357 4465 livorem.
3387 4410 3555 4464 Nemo

1971 4511 2113 4566 enim
2141 4508 2350 4565 invidus
2380 4506 2521 4561 illam
2548 4503 2691 4560 videt
2706 4504 2749 4569 ²,
2792 4500 2885 4558 sed
2913 4502 3083 4570 angeli
3114 4510 3335 4568 tantum,
3367 4502 3455 4572 qui
3486 4502 3555 4557 de

1975 4602 2127 4657 bonis
2151 4601 2254 4656 tuis
2281 4598 2513 4670 gaudent
2541 4615 2554 4653 :
2589 4611 2748 4652 nemo
2774 4595 2915 4651 illius
2946 4594 3076 4650 ﬁnes
3119 4592 3370 4649 invadere
3397 4602 3550 4662 pote-

1971 4695 2060 4757 rit,
2089 4694 2209 4763 quia
2236 4692 2337 4746 hoc
2368 4690 2554 4746 morbo
2595 4688 2947 4744 laborantium
2995 4687 3168 4741 nullus
3198 4684 3401 4739 vicinus
3426 4684 3548 4739 erit.

1973 4786 2185 4841 Vicinos
2210 4786 2316 4840 illic
2341 4783 2560 4839 habebis
2598 4791 2831 4849 sanctos,
2879 4779 3119 4843 Paulum,
3151 4778 3388 4842 Petrum,
3424 4792 3547 4846 pro-

1972 4880 2157 4950 phetas
2177 4893 2384 4945 omnes,
2409 4884 2686 4948 martyres,
2709 4873 3016 4943 angelorum
3040 4879 3093 4924 et
3109 4866 3549 4938 archangclornm

1968 4981 2160 5029 coetus.
2191 4971 2285 5026 llis
2310 4983 2436 5024 vero
2457 4967 2525 5023 de
2550 4967 2723 5023 causis
2743 4963 3020 5020 facultates
3042 4959 3357 5030 pauperibus
3381 4958 3552 5014 ell'tm-

1967 5064 2177 5130 damus,
2228 5070 2285 5116 ut
2330 5059 2417 5114 illa
2461 5056 2796 5113 tabernacula
2837 5067 3246 5123 consequamur,
3294 5064 3415 5118 qua:
3452 5063 3549 5102 nos

1968 5170 2152 5210 omnes
2171 5150 2391 5222 adipisci
2410 5148 2701 5218 contingat,
2718 5144 2886 5215 gratia
2908 5152 2962 5198 et
2988 5142 3311 5212 benignitate
3340 5138 3550 5194 Domini

1969 5246 2134 5302 nostri
2153 5245 2278 5301 Jesu
2291 5240 2510 5306 Christi,
2541 5256 2635 5309 per
2648 5253 2805 5310 quem
2833 5246 2888 5292 et
2915 5251 3035 5291 cum
3065 5250 3169 5304 quo
3186 5232 3328 5287 Patri
3355 5230 3545 5300 gloria,

1966 5340 2229 5408 simulque
2249 5332 2464 5403 Spiritui
2481 5340 2687 5398 sancto,
2718 5331 2769 5385 in
2788 5328 2977 5385 smcula
2992 5325 3328 5383 saeculorum.
3356 5325 3544 5379 Amen.

2030 5476 2045 5505 ί
2084 5472 2219 5522 litee.
2245 5473 2289 5515 rt
2313 5465 2489 5520 labare,
2516 5462 2697 5524 desunt
2719 5462 2765 5511 in
2790 5461 3208 5524 quibusdamltlss.

2029 5539 2048 5566 ι
2082 5511 2397 5592 ifJgL-‘ua'mn‘,
2416 5511 2518 5592 urat
2542 5523 2728 5573 Boisius
2750 5511 2949 5574 iit-notis
2971 5521 3248 5578 s‘aviliaais,
3286 5516 3332 5564 in
3355 5512 3437 5565 illa
3468 5511 3549 5559 Im-

1968 5596 2101 5653 ὀίεαι,
2131 5584 2251 5647 loeti,
2276 5585 2407 5636 illum
2436 5584 2577 5635 t'itlt‘l.
