4094 6204
1234 307 1292 365 S.
1332 306 1608 365 JOANNIS
1644 303 2122 362 CIIRYSOSTOMI
2162 301 2479 359 ARClllEP.
2513 306 3047 366 CONSTANTINOP.
3696 322 3796 376 δίει

3035 450 3054 460 -
3069 451 3774 475 _—.-_——-.~—

1858 532 2199 603 HOMlLlA
2241 534 2425 602 LVII.

500 716 632 770 Car.
678 713 733 770 9.
790 727 849 766 ν.
880 709 934 767 6.
982 709 1111 765 Illac
1154 725 1268 765 cum
1318 707 1526 764 dixisset
1570 704 1745 770 Iesus,
1796 700 1997 771 αυτηιῆ
2043 698 2111 751 in-

577 815 787 869 terrant,
815 810 863 857 et
889 801 1007 874 fecit
1032 801 1196 856 lutum
1220 816 1281 855 ea:
1305 808 1474 871 sputo,
1498 809 1546 850 et
1563 795 1723 851 linivit
1750 793 1915 847 lutum
1944 806 2096 859 super

573 895 748 950 oculos
791 893 934 964 caci,
982 899 1030 950 et
1074 892 1202 946 dixit
1234 906 1252 947 :
1291 892 1345 945 τ.
1396 888 1555 955 Vade,
1587 888 1757 941 lavare
1796 884 1848 938 in
1901 882 2097 954 piscina

576 987 743 1043 Siloe.

575 1080 629 1136 i.
662 1078 948 1148 Scriptura:
978 1094 1079 1134 non
1106 1074 1445 1148 perfunctorie
1474 1071 1715 1145 tegenda.
1742 1069 1845 1124 Cur
1864 1067 2096 1123 Christus

501 1188 692 1228 meum
733 1179 1003 1226 sanaturus
1045 1171 1098 1223 in
1140 1179 1323 1221 terram
1351 1163 1624 1235 exspuerit.
1654 1160 1788 1218 Caeci
1838 1159 1944 1214 nati
1968 1158 2097 1227 ﬁdes

501 1272 713 1330 quanta.
740 1291 812 1303 —
836 1260 935 1329 Qui
966 1259 1197 1333 aliquam
1228 1274 1292 1312 cx
1330 1254 1643 1311 lectionibus
1671 1252 1952 1307 utilitatem
1979 1263 2096 1305 car-

503 1370 627 1425 pere
655 1354 857 1419 volunt,
884 1366 950 1407 ne
971 1352 1249 1407 minimum
1277 1348 1400 1420 quid
1424 1364 1488 1402 -m
1511 1355 1941 1419 praetercurrant.
1971 1342 2113 1398 Ideo.

504 1459 733 1515 namque
758 1443 1063 1515 Scriptums
1088 1441 1312 1496 scrutari
1334 1438 1605 1509 jubemur,
1631 1436 1754 1507 quia
1780 1435 1949 1490 multa
1974 1449 2093 1504 quae

503 1538 684 1592 statim
741 1534 916 1592 {acilia
964 1533 1244 1598 videntur,
1297 1545 1541 1602 magnam
1596 1527 1795 1584 habent
1841 1526 2094 1585 latentem

502 1626 785 1684 sententite
830 1624 1265 1695 profunditatem.
1300 1621 1430 1675 Vide
1460 1635 1688 1691 namque
1713 1618 1838 1689 quid
1878 1618 1929 1671 in
1957 1634 2094 1688 prm-

502 1721 641 1785 scnti
691 1714 1039 1790 pt'bponatur.
1073 1716 1200 1771 Hice
1245 1732 1357 1770 cum
1408 1716 1637 1775 dixisset,
1684 1714 1874 1784 inquit,
1900 1711 2111 1781 exspuit.

503 1814 555 1864 in
581 1821 766 1865 terram
797 1810 866 1883 (υ.
896 1810 948 1866 5.
974 1819 1020 1863 et
1046 1809 1125 1881 4).
1165 1806 1275 1864 Cur
1302 1807 1434 1861 hoc?
1464 1805 1531 1863 Ut
1568 1804 1937 1859 manifestctur
1973 1802 2093 1872 gelo-

504 1903 580 1958 i.ia
610 1902 727 1970 Dei,
777 1911 829 1959 et
873 1901 1013 1973 quod
1058 1910 1317 1972 oporteat.
1349 1916 1434 1955 me
1465 1899 1640 1955 facere
1669 1914 1830 1971 opera
1859 1898 1974 1968 ejus
2003 1898 2112 1967 qui.

503 1995 648 2050 tnisit
696 2010 801 2049 me.
851 1993 1035 2065 Neque
1082 1994 1224 2056 enim
1272 1993 1387 2049 sine
1438 2007 1597 2048 causa
1639 1992 1753 2045 lucc
1781 1990 2105 2045 memoravit-

502 2086 852 2161 cvangelista,
880 2086 1188 2157 addiditque
1234 2086 1403 2156 ipsum
1448 2085 1761 2155 exspuisse;
1790 2083 1882 2139 sed
1911 2091 1969 2138 ut
1996 2083 2092 2137 de-

503 2180 733 2235 clararet
774 2179 961 2236 Jesum
1006 2181 1257 2252 operibus
1297 2194 1601 2235 sermonem
1648 2179 1987 2235 conﬁrmare.
2028 2178 2095 2239 Et

502 2287 599 2325 cur
629 2288 733 2326 non
758 2288 893 2342 aqua
919 2283 1177 2339 ususcst,
1205 2272 1297 2329 sed
1318 2283 1477 2344 sputo
1502 2272 1566 2329 ad
1584 2274 1751 2327 lutum
1771 2271 2107 2328 faciendum?

507 2362 762 2421 Missurus
800 2363 946 2419 illum
984 2373 1100 2421 erat
1130 2363 1180 2419 in
1224 2363 1389 2420 Siloe.
1422 2363 1497 2419 Ne
1525 2363 1649 2437 quid
1682 2379 1810 2435 ergo
1837 2362 1968 2418 fonti
1995 2363 2096 2418 ad-

506 2454 847 2519 scriberetur,
867 2453 958 2510 sed
973 2454 1226 2518 disecres,
1253 2471 1316 2509 ex
1349 2470 1444 2509 ore
1464 2455 1580 2526 ejus
1605 2456 1801 2512 exiisse
1820 2456 2112 2521 virtutem”

507 2568 625 2622 qua:
654 2552 953 2607 cll'ortnavit
993 2559 1048 2607 et
1080 2552 1287 2622 aperuit
1315 2551 1757 2619 oetdos,_exspuit
1791 2550 1842 2603 in
1874 2560 2092 2604 terram.

509 2643 620 2697 Hoc
649 2642 955 2715 significans
980 2641 1305 2713 evangelista
1336 2640 1565 2706 dicebat,
1604 2639 1665 2694 Et
1699 2640 1860 2694 tntum
1887 2640 2004 2712 fecit
2028 2655 2099 2695 ex.

504 2745 673 2805 sputo.
706 2733 905 2790 Deinde
935 2748 1001 2790 ne
1026 2742 1304 2805 putaretur
1328 2746 1464 2803 opus
1484 2747 1572 2793 ex...
1585 2742 1722 2787 terra
1743 2730 2089 2801 pmcessisse,

509 2825 685 2884 lavare
723 2824 903 2895 jussit.
953 2823 1063 2879 Cur
1104 2839 1233 2894 ergo
1262 2837 1368 2880 non
1396 2822 1573 2878 statim
1607 2821 1708 2882 hoc
1734 2821 1880 2889 fecit,
1919 2819 2094 2879 sediu

505 2916 704 2970 Siloam
734 2914 916 2971 misit?
941 2912 1015 2973 Ut
1037 2914 1163 2969 ο.τεὶ
1190 2913 1349 2968 [idem
1374 2911 1568 2977 discas,
1602 2921 1764 2982 utque
1787 2911 2093 2966 Judrcorum

508 3008 873 3080 peruicacitas-
898 3008 1300 3080 reprimeretur.
1331 3005 1600 3062 Credibile
1628 3005 1771 3067 enim
1801 3013 1883 3061 est
1909 3019 2096 3062 omnes

508 3078 704 3163 vidisse
748 3102 892 3161 illum
928 3078 1236 3166 abeuntem,
1283 3099 1587 3170 illitumque
1632 3098 1801 3154 lutum
1849 3096 2096 3154 inocnlis

507 3196 812 3255 habentem.
849 3194 957 3251 Res
982 3194 1128 3253 enim
1156 3193 1521 3265 inexspectata
1548 3193 1786 3249 omnium
1817 3191 2001 3250 oculos
2028 3190 2098 3246 ad

507 3288 677 3352 ipsum
705 3284 973 3341 convertit
998 3299 1016 3342 :
1044 3293 1153 3341 tum
1180 3283 1269 3355 qui
1317 3282 1583 3348 viderunt,
1631 3290 1745 3338 tum
1768 3281 1856 3353 qui
1889 3282 2114 3353 ignora».

508 3376 650 3435 luunt.
680 3374 746 3434 ad
769 3376 845 3431 rei
870 3374 1074 3432 exitum
1100 3374 1286 3433 intenti
1314 3382 1469 3431 erant
1507 3370 1638 3442 Quia
1658 3373 1801 3429 enim
1821 3372 2101 3430 nonfacile

505 3469 861 3526 ere-diluerat
901 3480 1101 3521 emcum
1150 3465 1320 3518 visum
1347 3478 1715 3533 recuperasse,
1761 3479 1861 3533 per
1885 3466 2095 3535 longam

507 3560 647 3616 viam
678 3558 876 3614 multos
901 3563 1053 3625 parat
1077 3563 1261 3619 testes,
1288 3563 1342 3609 et
1372 3564 1478 3608 tam
1524 3553 1751 3609 insolitzu
1778 3555 1850 3609 rei
1889 3564 2098 3625 speeta-

511 3657 687 3713 torcs;
736 3654 794 3699 ut
833 3644 1148 3701 attentiores
1190 3643 1335 3707 facti,
1372 3643 1483 3712 jam
1513 3660 1617 3697 nun
1650 3652 1865 3714 possent
1895 3643 2095 3711 dicere,

510 3739 608 3794 llic
632 3745 737 3804 est,
770 3751 874 3792 non
905 3744 991 3792 est
1035 3735 1140 3791 hic.
1192 3734 1271 3790 Ad
1302 3734 1422 3793 haec
1447 3750 1577 3790 vero
1620 3734 1729 3789 vult
1757 3734 1887 3790 illud
1918 3745 2121 3791 ostcn-.-

509 3830 660 3896 dere,
711 3843 772 3884 se
817 3827 986 3883 veteri
1041 3825 1157 3897 legi.
1199 3825 1524 3883 contrarium
1568 3842 1674 3882 non
1715 3840 1854 3892 esse,
1886 3826 2011 3884 dum
2043 3828 2097 3889 in

508 3920 653 3977 Silue
693 3919 877 3976 mittit.
928 3917 1113 3990 Neque
1140 3918 1283 3975 enim
1323 3917 1668 3976 metuendum
1718 3927 1952 3985 erat,.ne
1975 3918 2097 3975 facti

507 4010 674 4082 gloria
695 4009 838 4069 Siloe
868 4007 1180 4066 referretur.
1209 4009 1360 4067 Multi
1388 4024 1618 4082 namque
1648 4009 1767 4067 istic
1805 4009 1991 4065 oculos
2018 4009 2111 4065 la-.

509 4110 717 4170 verant,
748 4101 837 4173 qui
860 4100 991 4158 nihil
1021 4100 1147 4159 inde
1173 4100 1294 4156 honi
1317 4109 1454 4157 sunt
1470 4101 1783 4173 consequuti
1832 4100 1931 4160 llic
1955 4102 2097 4157 enim

510 4194 677 4249 virtus
704 4192 904 4250 Christi
944 4192 1123 4248 omnia
1166 4202 1466 4265 operatur:
1510 4192 1736 4264 ideoque
1777 4193 2097 4265 interpreta-

509 4286 709 4341 tionem
741 4282 827 4341 hic
855 4282 1037 4354 adjicit
1058 4284 1404 4357 evangelista.
1433 4284 1564 4341 Cum
1592 4285 1813 4341 dixisset
1839 4284 2003 4354 enim,
2031 4284 2099 4339 In

509 4379 672 4444 Siloe.
700 4376 903 4451 adjicit,
921 4376 1362 4449 tloc-estJIissus,
1382 4387 1439 4435 nt
1456 4378 1717 4451 intelligas
1729 4378 1833 4434 illic
1847 4394 1874 4432 a
1886 4376 2105 4434 Christo

507 4478 753 4528 curatum
770 4486 913 4539 esse,
931 4480 986 4527 ut
1011 4469 1205 4529 Paulus
1214 4471 1289 4527 ait
1309 4487 1321 4523 :
1341 4453 1583 4526 Bibebant
1595 4480 1760 4526 autem
1774 4470 2100 4542 despirituali

506 4572 837 4633 consequente
861 4563 976 4619 illos
1002 4570 1143 4631 petra
1161 4579 1179 4616 :
1195 4572 1337 4631 petra
1358 4573 1526 4617 autem
1540 4573 1647 4617 erat
1658 4562 1884 4619 Christus
1897 4562 1946 4637 (ι
1959 4561 2097 4619 .Cor.

511 4654 597 4709 ιθ.
612 4653 689 4727 ι).
712 4654 783 4713 Ut
807 4669 938 4724 ergo
950 4654 1191 4710 Christus
1212 4662 1326 4708 erat
1348 4653 1601 4723 spiritalis
1612 4663 1784 4727 petra,
1797 4655 1866 4711 ita
1879 4655 2100 4728 etspiri-

512 4748 633 4803 talis
661 4748 825 4804 Siloe.
868 4746 1091 4804 Videtur
1116 4754 1296 4803 autem
1328 4745 1459 4802 mihi
1489 4749 1777 4818 repentina
1814 4750 1904 4805 illa
1946 4765 2101 4823 aquae

514 4838 797 4911 prmsentia
862 4853 1118 4894 arcanum
1183 4836 1338 4893 nobis
1388 4836 1688 4909 signiﬁcare
1763 4843 2096 4914 mysterium.

511 4926 791 4997 Quodnam
822 4928 995 4986 illud?
1021 4930 1450 5005 lnexspeetatum
1480 4938 1677 5001 praeter
1702 4945 1852 5002 spem
1883 4949 2103 4992 omnem

514 5020 824 5080 adventum.
859 5021 966 5079 Sed
1010 5022 1133 5081 vide
1168 5022 1300 5081 mihi
1328 5022 1461 5081 (εωεί
1501 5025 1737 5080 animum
1769 5025 1823 5080 in
1854 5027 2101 5085 omnibus

514 5115 915 5185 obsequentem.
939 5113 1123 5187 Neque
1150 5113 1292 5172 enim
1314 5112 1470 5180 dixit,
1494 5114 1550 5172 Si
1581 5114 1749 5170 lutum
1776 5124 1867 5170 aut
1885 5126 2097 5186 sputum

513 5204 642 5260 mihi
676 5206 959 5263 oculorum
988 5220 1145 5262 usum
1173 5205 1478 5273 restituunt,
1510 5204 1634 5277 quid
1665 5220 1799 5276 opus
1819 5216 1901 5262 est
1922 5206 2107 5264 Siloe?

513 5296 554 5348 si
587 5309 719 5350 vero.
742 5295 907 5363 Siloe.
947 5297 1074 5369 quid
1122 5313 1256 5370 opus
1293 5308 1375 5355 est
1419 5298 1615 5370 sputo?
1644 5314 1740 5354 cur
1767 5298 1963 5367 linivil,
2006 5316 2102 5358 cur

517 5384 696 5441 lavare
715 5386 911 5457 jussit?
931 5388 1073 5445 Nihil
1105 5389 1295 5445 borum
1323 5389 1409 5446 vel
1436 5391 1711 5462 cogitavit;
1741 5390 1833 5447 sed
1858 5408 2017 5448 umun
2048 5393 2099 5447 in

516 5477 789 5548 proposito
833 5477 1086 5547 habebat,
1135 5489 1192 5537 ut
1235 5479 1441 5551 iubenti
1491 5481 1921 5553 obtemperaret:
1969 5483 2100 5538 nihil

517 5569 688 5636 ipsum
720 5571 963 5639 retinuit,
987 5572 1120 5627 nihil
1146 5572 1387 5628 oll'endit.
1416 5573 1470 5629 Si
1501 5575 1621 5646 quis
1645 5590 1772 5630 vero
1796 5573 1957 5640 dicat,
1985 5574 2104 5643 Quo

516 5671 670 5727 pacto
701 5661 811 5716 luto
837 5662 1083 5733 deposito
1109 5664 1279 5719 visum
1319 5666 1561 5735 recepit?
1588 5667 1718 5723 nihil
1748 5682 1778 5721 a
1822 5667 1977 5721 nobis
2002 5684 2098 5723 au-

516 5749 622 5805 diet
647 5752 811 5821 aliud,
843 5768 999 5824 quant
1032 5756 1139 5809 nos’
1161 5752 1373 5809 modum
1400 5757 1626 5814 nescire.
1662 5758 1728 5813 Et
1756 5758 1881 5828 quid
1909 5759 2099 5815 mirum

2201 700 2246 755 si
2267 703 2601 773 nesciamus,
2617 709 2832 779 quando
2862 724 2930 767 ne
2970 712 3295 782 evangelista
3324 715 3540 785 quidem
3568 716 3790 785 sciebat,

2200 807 2377 865 neque
2416 795 2578 851 etiam
2621 797 2736 868 ipse
2759 799 2848 870 qui
2878 811 3094 856 sanatus
3122 802 3257 857 fuit?
3285 802 3390 859 Sed
3418 806 3546 875 quid
3595 806 3791 865 factum

2201 882 2393 940 fuisset
2416 896 2657 955 noverat,
2689 889 2905 945 modum
2934 906 3063 948 vero
3090 891 3498 963 deprehendere
3518 912 3627 952 non
3645 910 3789 970 pote-

2199 983 2303 1030 rat.
2335 975 2483 1034 Illud
2503 993 2632 1035 vero
2657 980 3014 1052 interrogatum
3042 983 3253 1041 dicebat
3279 1003 3294 1039 :
3323 985 3513 1042 Lutum
3550 989 3792 1059 imposuit

2199 1067 2359 1124 oculis
2379 1071 2522 1138 meis,
2548 1082 2596 1126 et
2616 1071 2737 1137 lavi,
2765 1084 2811 1128 et
2841 1074 3003 1130 video.
3026 1075 3079 1130 Id
3098 1085 3274 1132 autem
3301 1080 3573 1149 quomodo
3596 1082 3781 1138 factum

2199 1159 2290 1228 sit,
2344 1160 2526 1218 dicere
2578 1163 2790 1235 nequit,
2831 1165 3039 1220 etiamsi
3089 1165 3284 1224 millies
3336 1169 3693 1242 interrogent.
3732 1176 3783 1230 8.

2201 1249 2385 1326 Itaque
2428 1255 2617 1323 ricini,
2651 1256 2859 1328 inquit,
2879 1269 2925 1313 et
2952 1260 3040 1331 qui
3077 1261 3305 1316 viderant
3342 1280 3455 1318 eum
3482 1267 3645 1335 prius,
3671 1270 3787 1338 quia

2199 1343 2457 1399 modicus
2495 1347 2658 1413 erat‘,
2682 1348 2914 1403 dicebant
2939 1365 2961 1405 :
2984 1347 3172 1407 Nonne
3211 1353 3294 1407 llic
3341 1367 3415 1409 est
3452 1359 3539 1423 qui
3565 1358 3784 1429 sedebat,

2198 1442 2248 1486 et
2284 1434 2635 1491 mendicabat.’
2659 1437 2714 1494 9.
2753 1440 2857 1495 Alii
2875 1439 3128 1507 dicebant,
3169 1440 3269 1499 Hic
3294 1455 3386 1499 est.
3419 1445 3515 1501 Bei
3548 1448 3784 1505 insolen-

2201 1523 2271 1580 tia
2317 1523 2385 1580 ad
2427 1526 2853 1588 inerudclitatetn
2883 1530 3109 1587 ducebat
3147 1548 3267 1598 eos,
3311 1534 3435 1591 licet
3466 1546 3573 1592 tam
3623 1540 3781 1595 multa

2201 1614 2413 1685 provisa
2442 1626 2643 1684 essent,
2673 1635 2791 1691 qua:
2823 1620 2967 1690 ipsos
3004 1621 3070 1676 ad
3094 1624 3418 1681 credendum
3450 1626 3778 1684 inducerent.

2198 1707 2304 1763 Alii
2340 1720 2519 1766 autem
2548 1710 2798 1770 dicebant
2827 1730 2841 1767 :
2876 1711 3063 1771 Nonne
3102 1715 3184 1772 hic
3225 1727 3299 1773 est
3342 1720 3431 1788 qui
3478 1720 3701 1789 sedebat,
3737 1733 3782 1777 st

2199 1814 2310 1853 sucu
2317 1799 2514 1854 dicabat
2528 1802 2567 1856 1’-

2270 1890 2367 1945 Dei
2392 1892 2671 1966 benignitas
2718 1912 2838 1969 erga
2887 1914 3058 1954 omnes
3106 1901 3326 1972 cujusvis
3367 1904 3691 1961 conditionis.
3716 1936 3783 1951 --

2199 1984 2357 2056 Rapa:
2379 2027 2395 2052 ,
2422 1996 2619 2058 quanta
2665 1988 2758 2045 Dei
2810 1991 3146 2049 humanitas!
3179 1994 3468 2068 Quousth
3511 1999 3781 2056 descendit

2199 2075 2325 2131 dum
2356 2093 2477 2133 cum
2512 2088 2653 2136 tanta
2682 2081 3048 2140 benevolentia
3081 2088 3355 2144 mendicos
3381 2101 3557 2157 cum,
3588 2103 3643 2147 et
3667 2093 3784 2148 hinc
3818 2152 3821 2153 ν

2198 2166 2398 2226 ludatis
2427 2170 2696 2227 silentium
2725 2173 2986 2245 imponit,
3012 2178 3134 2248 quia
3180 2193 3286 2235 non
3316 2179 3524 2248 claros,
3554 2184 3784 2239 illustres

2198 2274 2261 2315 ac
2285 2260 2549 2331 principes
2575 2264 2736 2329 viros,
2757 2266 2851 2321 sed
2872 2268 3126 2325 obscuros
3147 2274 3306 2326 etiam
3335 2288 3429 2328 sua
3455 2277 3783 2345 providentia

2198 2350 2517 2422 dignabatur
2548 2373 2563 2410 :
2594 2370 2715 2410 nam
2742 2356 2807 2412 ad
2837 2360 3075 2415 omnium
3105 2361 3331 2418 salutem
3363 2377 3606 2422 venerat.
3637 2368 3785 2435 Quod

2200 2454 2380 2500 autem
2406 2445 2681 2503 accidit‘in
2714 2448 3005 2522 paralytico
3025 2493 3042 2520 ,
3078 2452 3164 2510 hic
3192 2470 3406 2528 quoque
3433 2459 3633 2515 evenit.
3682 2460 3787 2516 Ne-

2199 2551 2304 2604 que
2331 2536 2476 2591 enim
2506 2537 2597 2593 ille
2621 2538 2741 2609 quis
2766 2553 2826 2595 se
2863 2552 3102 2598 curasset
3124 2555 3300 2613 norat,
3331 2562 3502 2619 neque
3526 2548 3636 2604 hic.
3675 2550 3789 2606 Hoc

2201 2636 2378 2680 autem
2397 2626 2675 2682 acciditob
2697 2628 2892 2685 Christi
2922 2630 3221 2689 discessum
3245 2636 3361 2705 :qui
3390 2651 3507 2691 eum
3534 2638 3781 2707 curabat,

2203 2730 2415 2786 semper
2440 2717 2694 2775 secedere
2724 2719 2964 2786 solebat,
2995 2732 3054 2777 ut
3105 2725 3242 2779 circa
3274 2725 3418 2795 signa
3461 2728 3641 2783 omnis
3685 2744 3808 2783 sua

2203 2808 2372 2877 spicio
2401 2808 2696 2864 tolleretur.
2724 2811 2825 2880 Qui
2852 2814 2995 2870 enim
3023 2830 3130 2872 non
3156 2832 3411 2875 noverant
3455 2820 3575 2890 quis
3604 2834 3786 2891 esset,

2201 2901 2471 2971 quomodo
2501 2902 2553 2957 in
2581 2903 2698 2974 ejus
2717 2906 2938 2976 gratiam
2961 2908 3102 2964 circa
3131 2925 3217 2967 res
3240 2921 3419 2982 gestas
3446 2913 3661 2985 aliquid.
3692 2916 3788 2970 tin-

2203 2992 2447 3047 xisseut?
2475 2992 2660 3066 Neque
2682 2996 2824 3051 enim
2857 2995 2943 3053 hic
2975 3014 3148 3055 caecus
3172 3016 3297 3057 erro
3329 3003 3606 3073 quispiam
3634 3015 3783 3071 erat,

2202 3084 2294 3141 sed
2321 3085 2386 3142 ad
2420 3086 2600 3159 templi
2621 3089 2814 3159 januas
2840 3090 3079 3147 sedebat.
3113 3093 3487 3150 Dubitantibus
3517 3112 3648 3168 ergo
3670 3112 3756 3151 oin

2204 3178 2361 3235 nibus
2387 3180 2704 3236 circaillum
2728 3223 2744 3247 ,
2773 3182 2899 3253 quid
2929 3182 3102 3239 dicit?
3133 3183 3247 3256 Ego
3271 3202 3405 3242 sum.
3446 3186 3563 3242 Non
3610 3189 3789 3258 puduit

2205 3267 2444 3339 pristina:
2468 3270 2758 3338 excitatis,
2790 3287 2896 3329 non
2937 3271 3245 3332 formidavit
3290 3278 3471 3348 populi
3517 3278 3786 3346 tiu-orent,

2204 3376 2377 3433 neque
2406 3362 2606 3419 veritus
2634 3373 2716 3420 est
2738 3380 2857 3421 sese
2885 3368 3171 3424 ostendere
3187 3378 3297 3436 λιιι
3321 3370 3778 3444 beneficumzpras-

2205 3450 2431 3508 dicaret.
2462 3452 2552 3508 10.
2582 3453 2774 3510 Dicunt
2795 3456 2860 3522 ei,
2894 3456 3163 3525 Quomodo
3182 3462 3345 3531 aperti
3364 3473 3480 3516 sunt
3508 3465 3597 3519 tibi
3623 3466 3788 3519 oculi?

2211 3544 2296 3605 Μ.
2331 3544 2613 3615 Respondit
2642 3546 2712 3601 eis
2748 3562 2768 3601 .'
2810 3546 2979 3604 llonto
2998 3551 3085 3623 qui
3106 3550 3295 3606 dicitur
3327 3551 3498 3609 Iesus.
3536 3555 3676 3623 Quid
3711 3556 3787 3610 di-

2207 3635 2328 3690 cis?
2353 3651 2425 3693 an
2454 3637 2613 3694 homo
2639 3638 2753 3695 hinc
2781 3642 3076 3711 operatur?
3104 3643 3211 3700 Sed
3239 3645 3371 3701 nihil
3400 3646 3578 3704 adhuc
3619 3648 3687 3704 de
3725 3666 3788 3704 co

2207 3742 2454 3798 magnum
2486 3728 2821 3799 opinabatur.
2859 3732 3025 3790 Homo
3067 3738 3154 3806 qui
3199 3736 3386 3792 dicitur
3420 3736 3571 3796 Jssus
3591 3740 3635 3807 ’,
3678 3742 3789 3811 fecit

2207 3818 2369 3873 lutum
2391 3828 2435 3872 et
2459 3820 2625 3875 unxit.-

2275 3908 2495 3971 2.,εωεε
2519 3927 2551 3964 a
2574 3910 2770 3967 Christo
2799 3916 2961 3971 sanati
2991 3916 3250 3974 tcracitas.
3286 3917 3351 3973 In
3394 3920 3470 3974 iis.
3498 3937 3613 3993 qua:
3640 3921 3789 3975 rideri

2207 4011 2475 4072 nequeunt,
2497 4003 2601 4072 [ide
2624 4014 2698 4058 cst
2717 4021 2863 4076 opus.
2893 4006 3025 4064 Vide
3048 4024 3209 4082 quam
3236 4026 3395 4066 verax
3428 4012 3519 4067 sit.
3561 4011 3677 4067 Non
3703 4012 3785 4066 di-

2151 4105 2157 4113 ·
2207 4092 2285 4146 xit
2312 4092 2454 4149 unde
2481 4093 2664 4150 iecerit
2691 4110 2705 4147 :
2734 4096 2873 4168 quod
2902 4099 3042 4155 enim
3064 4116 3170 4156 non
3201 4101 3436 4170 viderat,
3492 4118 3598 4159 non
3642 4103 3788 4159 dicit.

2206 4182 2388 4253 Neque
2409 4186 2554 4241 enim
2586 4186 2790 4243 viderat
2821 4188 2969 4247 illum
3000 4192 3278 4264 exspuisse
3317 4193 3367 4249 in
3412 4202 3606 4250 terram
3633 4236 3650 4262 ,
3697 4195 3789 4250 sed

2185 4275 2346 4346 \quod
2381 4278 2623 4335 tinxisset
2644 4321 2660 4347 ,
2686 4296 2849 4337 sensu
2877 4292 2930 4337 et
2957 4297 3033 4339 cx-
3051 4292 3552 4357 tactuperccprrat.
3578 4287 3645 4342 Et
3665 4288 3793 4343 dixit

2206 4370 2330 4424 milii
2353 4411 2369 4437 ,
2408 4369 2549 4428 Vade
2570 4414 2585 4440 ,
2613 4373 2787 4430 (arma
2807 4375 2858 4429 in
2880 4378 3134 4431 'natatoria
3164 4377 3468 4437 Siloe._lloc
3500 4395 3565 4435 ex
3610 4381 3793 4436 auditu

2209 4461 2609 4519 teatilicabatur.
2646 4465 2709 4520 Et
2751 4465 2890 4522 unde
2935 4466 3132 4524 Christi
3178 4486 3363 4526 vocem
3411 4474 3676 4528 noverat?
3719 4475 3791 4529 lix

2206 4555 2325 4626 ejus
2353 4570 2473 4611 eum
2503 4556 2779 4629 discipulis
2828 4560 3119 4630 colloquio.
3170 4561 3296 4618 [huc
3343 4564 3520 4618 omnia
3570 4575 3791 4631 narrat,

2205 4646 2368 4701 allato
2388 4661 2452 4701 ex
2483 4648 2736 4718 operibus
2764 4650 3067 4707 testimonio
3096 4669 3109 4704 :
3137 4652 3352 4708 modum
3381 4653 3561 4711 dicere
3589 4656 3789 4726 nequit.

2206 4737 2357 4807 Quod
2388 4738 2517 4794 siin
2548 4739 2616 4795 iis
2643 4755 2763 4813 qua:
2788 4755 2951 4798 sensu
2980 4753 3035 4799 et
3059 4753 3201 4800 tactu
3246 4747 3646 4817 percipiuntur,
3691 4748 3793 4803 lida

2206 4839 2292 4886 est
2318 4844 2488 4900 opus;
2518 4829 2689 4886 multo
2716 4832 2886 4905 magis
2912 4834 2966 4889 in
3003 4834 3068 4890 iis
3116 4851 3235 4907 qua:
3281 4836 3448 4893 videri
3497 4849 3783 4910 nequeunt.

2208 4921 2295 4977 12.
2321 4919 2508 4975 Dicunt
2528 4922 2593 4989 ei,
2624 4920 2723 4978 Ubi
2747 4934 2821 4978 est
2840 4924 2965 4980 ille?
2994 4924 3294 4997 Respondit,
3321 4927 3527 4983 Nescio.
3553 4927 3607 4983 id
3636 4942 3794 4999 porro

2206 5012 2455 5069 dicebant
2480 5054 2495 5079 ,
2538 5012 2636 5071 Ubi
2655 5024 2729 5069 est
2755 5015 2884 5072 ille?
2911 5017 3189 5073 occidendi
3216 5021 3421 5076 animo.
3458 5019 3586 5075 Vide
3616 5033 3793 5076 autem

2208 5106 2294 5161 hic
2322 5104 2477 5177 quam
2502 5104 2833 5163 sitChristus
2861 5123 2891 5162 a
2919 5108 3056 5165 tastu
3084 5111 3289 5167 alienus
3308 5154 3323 5179 ,
3370 5113 3644 5183 quomodo
3689 5131 3796 5170 tum

2206 5198 2387 5252 aderat
2410 5208 2532 5268 post
2554 5201 2853 5254 restitutam
2885 5201 3167 5258 sanitatem
3189 5244 3204 5272 ,
3249 5220 3355 5259 non
3384 5205 3616 5277 gloriam
3642 5246 3657 5271 ,
3690 5220 3792 5260 non

2207 5290 2384 5360 populi
2432 5290 2675 5358 plausmn
2705 5290 3002 5361 quaerebat.
3041 5292 3171 5349 Vide
3196 5304 3374 5349 autem
3401 5312 3561 5367 quam
3595 5297 3798 5354 veraci-

2209 5390 2292 5437 ter
2336 5382 2404 5438 ad
2448 5384 2625 5442 omnia
2682 5400 2857 5442 exuens
2908 5379 3254 5459 respondeat.
3305 5389 3629 5456 Quatrcbant
3669 5406 3794 5462 ergo

2207 5473 2507 5546 Christum,
2538 5486 2596 5532 ut
2638 5476 2704 5532 ad
2749 5478 3056 5535 sacerdotes
3101 5477 3395 5547 ducerent;
3443 5497 3564 5538 cum
3616 5495 3792 5538 auem

2230 5644 2245 5655 ἡ
2271 5585 2287 5616 ε
2323 5583 2530 5659 Vulgata
2553 5588 2733 5659 latina,
2757 5586 2871 5650 quia
2915 5585 3167 5659 mendicus
3203 5596 3329 5640 erat.
3355 5589 3411 5640 In
3433 5590 3591 5642 Editis
3611 5592 3791 5644 Gra‘c'ts

2206 5645 2456 5718 Evangelii
2484 5646 2664 5709 legitur
2688 5660 2749 5699 ὅτι
2766 5645 2992 5718 ﬁgite}...
3015 5649 3129 5712 quia
3152 5662 3312 5718 circus
3327 5660 3452 5718 erat.

2207 5774 2244 5816 ω
2271 5709 2291 5739 ⁸
2327 5708 2470 5771 lla-c,
2517 5708 2663 5759 Homo
2693 5708 2777 5772 qui
2808 5708 2987 5759 dicitur
3009 5708 3181 5773 J'csus,
3222 5713 3400 5764 desunt
3431 5714 3480 5767 in
3505 5716 3795 5781 quilmdsm

2246 5781 2313 5816 ss.

2246 5781 2313 5818 SS.
