  <div class='ocr_page' id='page_1' title='image "/cluster/home/n/w/nwhite01/storage/ocr_20150623/59/hvd.32044052786589/316.png"; bbox 0 0 3984 6196; ppageno 0'>
   <div class='ocr_carea' id='block_1_1' title="bbox 265 254 346 313">
    <p class='ocr_par' dir='ltr' id='par_1_1' title="bbox 265 254 346 313">
     <span class='ocr_line' id='line_1_1' title="bbox 265 254 346 313; baseline -0.012 -1"><span class='ocrx_word' id='word_1_1' title='bbox 265 254 346 313; x_wconf 76' lang='grc'><strong>,113</strong></span> 
     </span>
    </p>
   </div>
   <div class='ocr_carea' id='block_1_2' title="bbox 260 359 1795 440">
    <p class='ocr_par' dir='ltr' id='par_1_2' title="bbox 260 359 1795 440">
     <span class='ocr_line' id='line_1_2' title="bbox 260 359 1795 440; baseline 0.003 -22"><span class='ocrx_word' id='word_1_2' title='bbox 260 380 340 419; x_wconf 85' lang='lat' dir='ltr'><strong>non</strong></span> <span class='ocrx_word' id='word_1_3' title='bbox 379 359 695 427; x_wconf 75' lang='lat' dir='ltr'><strong>invenirent,</strong></span> <span class='ocrx_word' id='word_1_4' title='bbox 738 374 942 418; x_wconf 72' lang='lat' dir='ltr'><strong>czecum</strong></span> <span class='ocrx_word' id='word_1_5' title='bbox 976 362 1179 418; x_wconf 82' lang='lat' dir='ltr'><strong>d-uctmt</strong></span> <span class='ocrx_word' id='word_1_6' title='bbox 1214 365 1281 420; x_wconf 89' lang='lat' dir='ltr'><strong>ad</strong></span> <span class='ocrx_word' id='word_1_7' title='bbox 1329 366 1664 436; x_wconf 73' lang='lat' dir='ltr'><strong>Pharismos,</strong></span> <span class='ocrx_word' id='word_1_8' title='bbox 1704 370 1795 440; x_wconf 99' lang='lat' dir='ltr'><strong>qui</strong></span> 
     </span>
    </p>
   </div>
   <div class='ocr_carea' id='block_1_3' title="bbox 253 452 1799 528">
    <p class='ocr_par' dir='ltr' id='par_1_3' title="bbox 253 452 1799 528">
     <span class='ocr_line' id='line_1_3' title="bbox 253 452 1799 528; baseline 0.004 -20"><span class='ocrx_word' id='word_1_9' title='bbox 253 453 463 523; x_wconf 78' lang='lat' dir='ltr'><strong>asperius</strong></span> <span class='ocrx_word' id='word_1_10' title='bbox 483 452 889 522; x_wconf 72' lang='lat' dir='ltr'><strong>interrogarent.</strong></span> <span class='ocrx_word' id='word_1_11' title='bbox 921 453 1047 508; x_wconf 90' lang='lat' dir='ltr'><strong>Ideo</strong></span> <span class='ocrx_word' id='word_1_12' title='bbox 1074 469 1305 526; x_wconf 84' lang='lat' dir='ltr'><strong>namque</strong></span> <span class='ocrx_word' id='word_1_13' title='bbox 1330 459 1658 528; x_wconf 79' lang='lat' dir='ltr'><strong>evangelista</strong></span> <span class='ocrx_word' id='word_1_14' title='bbox 1687 460 1799 514; x_wconf 76' lang='lat' dir='ltr'><strong>sab~</strong></span> 
     </span>
    </p>
   </div>
   <div class='ocr_carea' id='block_1_4' title="bbox 248 541 1799 614">
    <p class='ocr_par' dir='ltr' id='par_1_4' title="bbox 248 541 1799 614">
     <span class='ocr_line' id='line_1_4' title="bbox 248 541 1799 614; baseline 0.005 -16"><span class='ocrx_word' id='word_1_15' title='bbox 248 545 399 598; x_wconf 82' lang='lat' dir='ltr'><strong>batum</strong></span> <span class='ocrx_word' id='word_1_16' title='bbox 430 542 586 598; x_wconf 85' lang='lat' dir='ltr'><strong>fuisse</strong></span> <span class='ocrx_word' id='word_1_17' title='bbox 613 541 774 610; x_wconf 90' lang='lat' dir='ltr'><strong>dicit,</strong></span> <span class='ocrx_word' id='word_1_18' title='bbox 806 552 1107 614; x_wconf 81' lang='lat' dir='ltr'><strong>utprarom</strong></span> <span class='ocrx_word' id='word_1_19' title='bbox 1136 561 1321 601; x_wconf 90' lang='lat' dir='ltr'><strong>eorum</strong></span> <span class='ocrx_word' id='word_1_20' title='bbox 1343 548 1580 603; x_wconf 89' lang='lat' dir='ltr'><strong>animum</strong></span> <span class='ocrx_word' id='word_1_21' title='bbox 1616 558 1799 605; x_wconf 81' lang='lat' dir='ltr'><strong>osten-</strong></span> 
     </span>
    </p>
   </div>
   <div class='ocr_carea' id='block_1_5' title="bbox 243 634 1795 712">
    <p class='ocr_par' dir='ltr' id='par_1_5' title="bbox 243 634 1795 712">
     <span class='ocr_line' id='line_1_5' title="bbox 243 634 1795 712; baseline 0.003 -21"><span class='ocrx_word' id='word_1_22' title='bbox 243 634 405 701; x_wconf 80' lang='lat' dir='ltr'><strong>deret,</strong></span> <span class='ocrx_word' id='word_1_23' title='bbox 431 644 482 690; x_wconf 92' lang='lat' dir='ltr'><strong>et</strong></span> <span class='ocrx_word' id='word_1_24' title='bbox 510 649 663 705; x_wconf 85' lang='lat' dir='ltr'><strong>quam</strong></span> <span class='ocrx_word' id='word_1_25' title='bbox 692 634 1053 690; x_wconf 84' lang='lat' dir='ltr'><strong>calumniandi</strong></span> <span class='ocrx_word' id='word_1_26' title='bbox 1085 638 1399 693; x_wconf 89' lang='lat' dir='ltr'><strong>miraculum</strong></span> <span class='ocrx_word' id='word_1_27' title='bbox 1441 655 1628 695; x_wconf 85' lang='lat' dir='ltr'><strong>ansam</strong></span> <span class='ocrx_word' id='word_1_28' title='bbox 1677 656 1795 712; x_wconf 87' lang='lat' dir='ltr'><strong>eap-</strong></span> 
     </span>
    </p>
   </div>
   <div class='ocr_carea' id='block_1_6' title="bbox 242 725 1793 798">
    <p class='ocr_par' dir='ltr' id='par_1_6' title="bbox 242 725 1793 798">
     <span class='ocr_line' id='line_1_6' title="bbox 242 725 1793 798; baseline 0.004 -19"><span class='ocrx_word' id='word_1_29' title='bbox 242 734 420 791; x_wconf 87' lang='lat' dir='ltr'><strong>tarent,</strong></span> <span class='ocrx_word' id='word_1_30' title='bbox 446 725 581 794; x_wconf 88' lang='lat' dir='ltr'><strong>quod</strong></span> <span class='ocrx_word' id='word_1_31' title='bbox 624 725 833 781; x_wconf 88' lang='lat' dir='ltr'><strong>scilicet</strong></span> <span class='ocrx_word' id='word_1_32' title='bbox 880 726 1054 795; x_wconf 73' lang='lat' dir='ltr'><strong>legem</strong></span> <span class='ocrx_word' id='word_1_33' title='bbox 1098 736 1461 798; x_wconf 68' lang='lat' dir='ltr'><strong>transgressus</strong></span> <span class='ocrx_word' id='word_1_34' title='bbox 1502 730 1793 786; x_wconf 73' lang='lat' dir='ltr'><strong>videretur.</strong></span> 
     </span>
    </p>
   </div>
   <div class='ocr_carea' id='block_1_7' title="bbox 239 816 1790 888">
    <p class='ocr_par' dir='ltr' id='par_1_7' title="bbox 239 816 1790 888">
     <span class='ocr_line' id='line_1_7' title="bbox 239 816 1790 888; baseline 0.003 -17"><span class='ocrx_word' id='word_1_35' title='bbox 239 816 448 887; x_wconf 85' lang='lat' dir='ltr'><strong>llincquc</strong></span> <span class='ocrx_word' id='word_1_36' title='bbox 468 817 638 886; x_wconf 88' lang='lat' dir='ltr'><strong>palam</strong></span> <span class='ocrx_word' id='word_1_37' title='bbox 665 825 776 883; x_wconf 88' lang='lat' dir='ltr'><strong>est,</strong></span> <span class='ocrx_word' id='word_1_38' title='bbox 806 819 945 888; x_wconf 87' lang='lat' dir='ltr'><strong>quod</strong></span> <span class='ocrx_word' id='word_1_39' title='bbox 974 818 1060 872; x_wconf 90' lang='lat' dir='ltr'><strong>ubi</strong></span> <span class='ocrx_word' id='word_1_40' title='bbox 1094 819 1324 888; x_wconf 89' lang='lat' dir='ltr'><strong>primum</strong></span> <span class='ocrx_word' id='word_1_41' title='bbox 1358 821 1507 874; x_wconf 92' lang='lat' dir='ltr'><strong>illum</strong></span> <span class='ocrx_word' id='word_1_42' title='bbox 1526 821 1790 888; x_wconf 83' lang='lat' dir='ltr'><strong>viderunt,</strong></span> 
     </span>
    </p>
   </div>
   <div class='ocr_carea' id='block_1_8' title="bbox 236 905 1792 984">
    <p class='ocr_par' dir='ltr' id='par_1_8' title="bbox 236 905 1792 984">
     <span class='ocr_line' id='line_1_8' title="bbox 236 905 1792 984; baseline 0.003 -23"><span class='ocrx_word' id='word_1_43' title='bbox 236 908 344 961; x_wconf 89' lang='lat' dir='ltr'><strong>nihil</strong></span> <span class='ocrx_word' id='word_1_44' title='bbox 381 906 517 961; x_wconf 80' lang='lat' dir='ltr'><strong>aliud</strong></span> <span class='ocrx_word' id='word_1_45' title='bbox 564 905 839 972; x_wconf 67' lang='lat' dir='ltr'><strong>dixvrint,</strong></span> <span class='ocrx_word' id='word_1_46' title='bbox 888 923 1089 978; x_wconf 89' lang='lat' dir='ltr'><strong>quam,</strong></span> <span class='ocrx_word' id='word_1_47' title='bbox 1147 911 1235 965; x_wconf 82' lang='grc'><strong>15.</strong></span> <span class='ocrx_word' id='word_1_48' title='bbox 1284 909 1549 976; x_wconf 81' lang='lat' dir='ltr'><strong>Quomodo</strong></span> <span class='ocrx_word' id='word_1_49' title='bbox 1596 914 1792 984; x_wconf 85' lang='lat' dir='ltr'><strong>aperuit</strong></span> 
     </span>
    </p>
   </div>
   <div class='ocr_carea' id='block_1_9' title="bbox 235 997 1792 1069">
    <p class='ocr_par' dir='ltr' id='par_1_9' title="bbox 235 997 1792 1069">
     <span class='ocr_line' id='line_1_9' title="bbox 235 997 1792 1069; baseline 0.003 -17"><span class='ocrx_word' id='word_1_50' title='bbox 235 999 385 1053; x_wconf 72' lang='lat' dir='ltr'><strong>oculos</strong></span> <span class='ocrx_word' id='word_1_51' title='bbox 409 1007 518 1051; x_wconf 85' lang='lat' dir='ltr'><strong>tuos</strong></span> <span class='ocrx_word' id='word_1_52' title='bbox 539 998 564 1050; x_wconf 74' lang='lat'><strong>1’</strong></span> <span class='ocrx_word' id='word_1_53' title='bbox 593 997 659 1051; x_wconf 85' lang='lat' dir='ltr'><strong>Et</strong></span> <span class='ocrx_word' id='word_1_54' title='bbox 683 998 1054 1054; x_wconf 83' lang='lat' dir='ltr'><strong>animadverte</strong></span> <span class='ocrx_word' id='word_1_55' title='bbox 1084 1014 1189 1053; x_wconf 88' lang='lat' dir='ltr'><strong>non</strong></span> <span class='ocrx_word' id='word_1_56' title='bbox 1220 1000 1420 1054; x_wconf 78' lang='lat' dir='ltr'><strong>dixisse</strong></span> <span class='ocrx_word' id='word_1_57' title='bbox 1445 1001 1565 1056; x_wconf 85' lang='lat' dir='ltr'><strong>illos</strong></span> <span class='ocrx_word' id='word_1_58' title='bbox 1589 1042 1603 1065; x_wconf 90' lang='lat'><strong>,</strong></span> <span class='ocrx_word' id='word_1_59' title='bbox 1649 1002 1792 1069; x_wconf 85' lang='lat' dir='ltr'><strong>Quo-</strong></span> 
     </span>
    </p>
   </div>
   <div class='ocr_carea' id='block_1_10' title="bbox 231 1090 1789 1164">
    <p class='ocr_par' dir='ltr' id='par_1_10' title="bbox 231 1090 1789 1164">
     <span class='ocr_line' id='line_1_10' title="bbox 231 1090 1789 1164; baseline 0 -17"><span class='ocrx_word' id='word_1_60' title='bbox 231 1090 370 1147; x_wconf 85' lang='lat' dir='ltr'><strong>modo</strong></span> <span class='ocrx_word' id='word_1_61' title='bbox 396 1092 559 1145; x_wconf 83' lang='lat' dir='ltr'><strong>visum</strong></span> <span class='ocrx_word' id='word_1_62' title='bbox 594 1092 842 1161; x_wconf 73' lang='lat' dir='ltr'><strong>recepisti</strong></span> <span class='ocrx_word' id='word_1_63' title='bbox 869 1109 883 1158; x_wconf 90' lang='lat'><strong>;</strong></span> <span class='ocrx_word' id='word_1_64' title='bbox 913 1091 1008 1147; x_wconf 90' lang='lat' dir='ltr'><strong>sed</strong></span> <span class='ocrx_word' id='word_1_65' title='bbox 1033 1132 1050 1159; x_wconf 90' lang='lat'><strong>,</strong></span> <span class='ocrx_word' id='word_1_66' title='bbox 1086 1091 1351 1158; x_wconf 81' lang='lat' dir='ltr'><strong>Quomodo</strong></span> <span class='ocrx_word' id='word_1_67' title='bbox 1371 1095 1571 1164; x_wconf 84' lang='lat' dir='ltr'><strong>aperuit</strong></span> <span class='ocrx_word' id='word_1_68' title='bbox 1618 1096 1789 1149; x_wconf 83' lang='lat' dir='ltr'><strong>oculos</strong></span> 
     </span>
    </p>
   </div>
   <div class='ocr_carea' id='block_1_11' title="bbox 229 1181 1784 1256">
    <p class='ocr_par' dir='ltr' id='par_1_11' title="bbox 229 1181 1784 1256">
     <span class='ocr_line' id='line_1_11' title="bbox 229 1181 1784 1256; baseline 0.005 -23"><span class='ocrx_word' id='word_1_69' title='bbox 229 1182 717 1237; x_wconf 65' lang='lat' dir='ltr'><strong>tucstoceasionem</strong></span> <span class='ocrx_word' id='word_1_70' title='bbox 751 1183 851 1252; x_wconf 86' lang='lat' dir='ltr'><strong>ipsi</strong></span> <span class='ocrx_word' id='word_1_71' title='bbox 876 1181 1168 1238; x_wconf 78' lang='lat' dir='ltr'><strong>offerentes</strong></span> <span class='ocrx_word' id='word_1_72' title='bbox 1209 1183 1570 1240; x_wconf 74' lang='lat' dir='ltr'><strong>calumniandi</strong></span> <span class='ocrx_word' id='word_1_73' title='bbox 1613 1185 1784 1256; x_wconf 89' lang='lat' dir='ltr'><strong>ipsum</strong></span> 
     </span>
    </p>
   </div>
   <div class='ocr_carea' id='block_1_12' title="bbox 227 1273 1786 1345">
    <p class='ocr_par' dir='ltr' id='par_1_12' title="bbox 227 1273 1786 1345">
     <span class='ocr_line' id='line_1_12' title="bbox 227 1273 1786 1345; baseline 0.006 -20"><span class='ocrx_word' id='word_1_74' title='bbox 227 1274 285 1326; x_wconf 90' lang='lat' dir='ltr'><strong>oh</strong></span> <span class='ocrx_word' id='word_1_75' title='bbox 306 1288 429 1343; x_wconf 83' lang='lat' dir='ltr'><strong>opus</strong></span> <span class='ocrx_word' id='word_1_76' title='bbox 458 1273 683 1327; x_wconf 89' lang='lat' dir='ltr'><strong>editum.</strong></span> <span class='ocrx_word' id='word_1_77' title='bbox 714 1274 807 1328; x_wconf 83' lang='lat' dir='ltr'><strong>llle</strong></span> <span class='ocrx_word' id='word_1_78' title='bbox 831 1289 960 1330; x_wconf 83' lang='lat' dir='ltr'><strong>vero</strong></span> <span class='ocrx_word' id='word_1_79' title='bbox 982 1273 1132 1344; x_wconf 88' lang='lat' dir='ltr'><strong>quasi</strong></span> <span class='ocrx_word' id='word_1_80' title='bbox 1172 1289 1277 1329; x_wconf 89' lang='lat' dir='ltr'><strong>non</strong></span> <span class='ocrx_word' id='word_1_81' title='bbox 1320 1275 1518 1345; x_wconf 78' lang='lat' dir='ltr'><strong>ignaris</strong></span> <span class='ocrx_word' id='word_1_82' title='bbox 1570 1276 1786 1334; x_wconf 76' lang='lat' dir='ltr'><strong>brevius</strong></span> 
     </span>
    </p>
   </div>
   <div class='ocr_carea' id='block_1_13' title="bbox 227 1365 1780 1436">
    <p class='ocr_par' dir='ltr' id='par_1_13' title="bbox 227 1365 1780 1436">
     <span class='ocr_line' id='line_1_13' title="bbox 227 1365 1780 1436; baseline 0.003 -17"><span class='ocrx_word' id='word_1_83' title='bbox 227 1365 431 1436; x_wconf 76' lang='lat' dir='ltr'><strong>loquitur</strong></span> <span class='ocrx_word' id='word_1_84' title='bbox 460 1383 475 1421; x_wconf 92' lang='lat'><strong>:</strong></span> <span class='ocrx_word' id='word_1_85' title='bbox 507 1381 614 1420; x_wconf 87' lang='lat' dir='ltr'><strong>non</strong></span> <span class='ocrx_word' id='word_1_86' title='bbox 649 1382 841 1421; x_wconf 83' lang='lat' dir='ltr'><strong>nomen</strong></span> <span class='ocrx_word' id='word_1_87' title='bbox 877 1366 1131 1435; x_wconf 89' lang='lat' dir='ltr'><strong>protulit,</strong></span> <span class='ocrx_word' id='word_1_88' title='bbox 1167 1383 1270 1421; x_wconf 91' lang='lat' dir='ltr'><strong>non</strong></span> <span class='ocrx_word' id='word_1_89' title='bbox 1297 1369 1368 1423; x_wconf 88' lang='lat' dir='ltr'><strong>ait</strong></span> <span class='ocrx_word' id='word_1_90' title='bbox 1392 1409 1407 1434; x_wconf 93' lang='lat'><strong>,</strong></span> <span class='ocrx_word' id='word_1_91' title='bbox 1444 1369 1583 1423; x_wconf 79' lang='lat' dir='ltr'><strong>Dixit</strong></span> <span class='ocrx_word' id='word_1_92' title='bbox 1611 1370 1738 1424; x_wconf 90' lang='lat' dir='ltr'><strong>mihi</strong></span> <span class='ocrx_word' id='word_1_93' title='bbox 1765 1413 1780 1435; x_wconf 91' lang='lat'><strong>,</strong></span> 
     </span>
    </p>
   </div>
   <div class='ocr_carea' id='block_1_14' title="bbox 236 1457 1785 1533">
    <p class='ocr_par' dir='ltr' id='par_1_14' title="bbox 236 1457 1785 1533">
     <span class='ocr_line' id='line_1_14' title="bbox 236 1457 1785 1533; baseline 0.003 -22"><span class='ocrx_word' id='word_1_94' title='bbox 236 1457 382 1521; x_wconf 76' lang='lat' dir='ltr'><strong>Vuae,</strong></span> <span class='ocrx_word' id='word_1_95' title='bbox 410 1458 574 1510; x_wconf 75' lang='lat' dir='ltr'><strong>lavare</strong></span> <span class='ocrx_word' id='word_1_96' title='bbox 599 1475 621 1523; x_wconf 86' lang='lat'><strong><em>;</em></strong></span> <span class='ocrx_word' id='word_1_97' title='bbox 654 1458 748 1512; x_wconf 86' lang='lat' dir='ltr'><strong>sed</strong></span> <span class='ocrx_word' id='word_1_98' title='bbox 779 1463 960 1512; x_wconf 81' lang='lat' dir='ltr'><strong>statim</strong></span> <span class='ocrx_word' id='word_1_99' title='bbox 991 1459 1099 1524; x_wconf 85' lang='lat' dir='ltr'><strong>ait,</strong></span> <span class='ocrx_word' id='word_1_100' title='bbox 1134 1458 1319 1513; x_wconf 84' lang='lat' dir='ltr'><strong>Lutum</strong></span> <span class='ocrx_word' id='word_1_101' title='bbox 1356 1461 1592 1530; x_wconf 76' lang='lat' dir='ltr'><strong>imposuit</strong></span> <span class='ocrx_word' id='word_1_102' title='bbox 1633 1479 1785 1533; x_wconf 78' lang='lat' dir='ltr'><strong>super</strong></span> 
     </span>
    </p>
   </div>
   <div class='ocr_carea' id='block_1_15' title="bbox 225 1550 1778 1623">
    <p class='ocr_par' dir='ltr' id='par_1_15' title="bbox 225 1550 1778 1623">
     <span class='ocr_line' id='line_1_15' title="bbox 225 1550 1778 1623; baseline 0.003 -20"><span class='ocrx_word' id='word_1_103' title='bbox 225 1551 371 1603; x_wconf 77' lang='lat' dir='ltr'><strong>oculos</strong></span> <span class='ocrx_word' id='word_1_104' title='bbox 390 1565 556 1614; x_wconf 83' lang='lat' dir='ltr'><strong>meos,</strong></span> <span class='ocrx_word' id='word_1_105' title='bbox 587 1550 799 1616; x_wconf 74' lang='lat' dir='ltr'><strong>etlaei,</strong></span> <span class='ocrx_word' id='word_1_106' title='bbox 845 1561 890 1604; x_wconf 85' lang='lat' dir='ltr'><strong>et</strong></span> <span class='ocrx_word' id='word_1_107' title='bbox 937 1551 1102 1605; x_wconf 64' lang='grc' dir='ltr'><strong>υἱώ-ο.</strong></span> <span class='ocrx_word' id='word_1_108' title='bbox 1147 1550 1340 1621; x_wconf 88' lang='lat' dir='ltr'><strong>Utpote</strong></span> <span class='ocrx_word' id='word_1_109' title='bbox 1384 1568 1506 1608; x_wconf 90' lang='lat' dir='ltr'><strong>cum</strong></span> <span class='ocrx_word' id='word_1_110' title='bbox 1551 1553 1656 1623; x_wconf 72' lang='lat' dir='ltr'><strong>jam</strong></span> <span class='ocrx_word' id='word_1_111' title='bbox 1706 1555 1778 1608; x_wconf 87' lang='lat' dir='ltr'><strong>illi</strong></span> 
     </span>
    </p>
   </div>
   <div class='ocr_carea' id='block_1_16' title="bbox 225 1642 1776 1716">
    <p class='ocr_par' dir='ltr' id='par_1_16' title="bbox 225 1642 1776 1716">
     <span class='ocr_line' id='line_1_16' title="bbox 225 1642 1776 1716; baseline 0.005 -23"><span class='ocrx_word' id='word_1_112' title='bbox 225 1642 418 1697; x_wconf 82' lang='lat' dir='ltr'><strong>multum</strong></span> <span class='ocrx_word' id='word_1_113' title='bbox 439 1642 747 1698; x_wconf 77' lang='lat' dir='ltr'><strong>calumniati</strong></span> <span class='ocrx_word' id='word_1_114' title='bbox 775 1652 957 1698; x_wconf 87' lang='lat' dir='ltr'><strong>essent</strong></span> <span class='ocrx_word' id='word_1_115' title='bbox 978 1642 1346 1714; x_wconf 74' lang='lat' dir='ltr'><strong>dixissenlque</strong></span> <span class='ocrx_word' id='word_1_116' title='bbox 1369 1685 1385 1711; x_wconf 90' lang='lat'><strong>,</strong></span> <span class='ocrx_word' id='word_1_117' title='bbox 1418 1643 1553 1700; x_wconf 86' lang='lat' dir='ltr'><strong>Vide</strong></span> <span class='ocrx_word' id='word_1_118' title='bbox 1580 1655 1776 1716; x_wconf 89' lang='lat' dir='ltr'><strong>quanta</strong></span> 
     </span>
    </p>
   </div>
   <div class='ocr_carea' id='block_1_17' title="bbox 220 1733 1779 1808">
    <p class='ocr_par' dir='ltr' id='par_1_17' title="bbox 220 1733 1779 1808">
     <span class='ocr_line' id='line_1_17' title="bbox 220 1733 1779 1808; baseline 0.002 -20"><span class='ocrx_word' id='word_1_119' title='bbox 220 1733 349 1788; x_wconf 65' lang='lat' dir='ltr'><strong>lusus</strong></span> <span class='ocrx_word' id='word_1_120' title='bbox 373 1744 619 1804; x_wconf 89' lang='lat' dir='ltr'><strong>operetur</strong></span> <span class='ocrx_word' id='word_1_121' title='bbox 651 1735 703 1789; x_wconf 90' lang='lat' dir='ltr'><strong>in</strong></span> <span class='ocrx_word' id='word_1_122' title='bbox 731 1735 993 1800; x_wconf 85' lang='lat' dir='ltr'><strong>sabbato;</strong></span> <span class='ocrx_word' id='word_1_123' title='bbox 1021 1735 1186 1790; x_wconf 81' lang='lat' dir='ltr'><strong>lutum</strong></span> <span class='ocrx_word' id='word_1_124' title='bbox 1216 1735 1393 1791; x_wconf 86' lang='lat' dir='ltr'><strong>illinit.</strong></span> <span class='ocrx_word' id='word_1_125' title='bbox 1423 1736 1466 1790; x_wconf 92' lang='lat' dir='ltr'><strong>T</strong></span> <span class='ocrx_word' id='word_1_126' title='bbox 1471 1753 1502 1790; x_wconf 91' lang='lat' dir='ltr'><strong>u</strong></span> <span class='ocrx_word' id='word_1_127' title='bbox 1515 1753 1642 1794; x_wconf 84' lang='lat' dir='ltr'><strong>vero</strong></span> <span class='ocrx_word' id='word_1_128' title='bbox 1661 1754 1779 1808; x_wconf 83' lang='lat' dir='ltr'><strong>per-</strong></span> 
     </span>
    </p>
   </div>
   <div class='ocr_carea' id='block_1_18' title="bbox 222 1825 1777 1898">
    <p class='ocr_par' dir='ltr' id='par_1_18' title="bbox 222 1825 1777 1898">
     <span class='ocr_line' id='line_1_18' title="bbox 222 1825 1777 1898; baseline 0.002 -19"><span class='ocrx_word' id='word_1_129' title='bbox 222 1825 367 1894; x_wconf 82' lang='lat' dir='ltr'><strong>pende</strong></span> <span class='ocrx_word' id='word_1_130' title='bbox 392 1825 662 1896; x_wconf 85' lang='lat' dir='ltr'><strong>quomodo</strong></span> <span class='ocrx_word' id='word_1_131' title='bbox 692 1841 796 1880; x_wconf 91' lang='lat' dir='ltr'><strong>non</strong></span> <span class='ocrx_word' id='word_1_132' title='bbox 828 1826 1075 1882; x_wconf 83' lang='lat' dir='ltr'><strong>turbetur</strong></span> <span class='ocrx_word' id='word_1_133' title='bbox 1101 1841 1298 1881; x_wconf 64' lang='lat' dir='ltr'><strong>caicus.</strong></span> <span class='ocrx_word' id='word_1_134' title='bbox 1351 1826 1485 1882; x_wconf 88' lang='lat' dir='ltr'><strong>Nam</strong></span> <span class='ocrx_word' id='word_1_135' title='bbox 1528 1828 1616 1883; x_wconf 91' lang='lat' dir='ltr'><strong>ubi</strong></span> <span class='ocrx_word' id='word_1_136' title='bbox 1670 1830 1777 1898; x_wconf 88' lang='lat' dir='ltr'><strong>pri-</strong></span> 
     </span>
    </p>
   </div>
   <div class='ocr_carea' id='block_1_19' title="bbox 220 1920 1773 1991">
    <p class='ocr_par' dir='ltr' id='par_1_19' title="bbox 220 1920 1773 1991">
     <span class='ocr_line' id='line_1_19' title="bbox 220 1920 1773 1991; baseline 0.003 -19"><span class='ocrx_word' id='word_1_137' title='bbox 220 1936 340 1973; x_wconf 85' lang='lat' dir='ltr'><strong>mum</strong></span> <span class='ocrx_word' id='word_1_138' title='bbox 364 1920 716 1991; x_wconf 81' lang='lat' dir='ltr'><strong>interrogatus</strong></span> <span class='ocrx_word' id='word_1_139' title='bbox 746 1920 863 1975; x_wconf 88' lang='lat' dir='ltr'><strong>sine</strong></span> <span class='ocrx_word' id='word_1_140' title='bbox 894 1920 1133 1990; x_wconf 77' lang='lat' dir='ltr'><strong>periculo</strong></span> <span class='ocrx_word' id='word_1_141' title='bbox 1164 1920 1482 1991; x_wconf 78' lang='lat' dir='ltr'><strong>respondit,</strong></span> <span class='ocrx_word' id='word_1_142' title='bbox 1507 1937 1620 1977; x_wconf 79' lang='lat' dir='ltr'><strong>non</strong></span> <span class='ocrx_word' id='word_1_143' title='bbox 1666 1931 1773 1977; x_wconf 88' lang='lat' dir='ltr'><strong>tam</strong></span> 
     </span>
    </p>
   </div>
   <div class='ocr_carea' id='block_1_20' title="bbox 218 2012 1771 2083">
    <p class='ocr_par' dir='ltr' id='par_1_20' title="bbox 218 2012 1771 2083">
     <span class='ocr_line' id='line_1_20' title="bbox 218 2012 1771 2083; baseline 0.003 -19"><span class='ocrx_word' id='word_1_144' title='bbox 218 2026 383 2082; x_wconf 75' lang='lat' dir='ltr'><strong>magna</strong></span> <span class='ocrx_word' id='word_1_145' title='bbox 404 2026 492 2067; x_wconf 88' lang='lat' dir='ltr'><strong>res</strong></span> <span class='ocrx_word' id='word_1_146' title='bbox 514 2022 638 2068; x_wconf 87' lang='lat' dir='ltr'><strong>erat</strong></span> <span class='ocrx_word' id='word_1_147' title='bbox 667 2012 945 2068; x_wconf 77' lang='lat' dir='ltr'><strong>veritatem</strong></span> <span class='ocrx_word' id='word_1_148' title='bbox 974 2013 1216 2083; x_wconf 84' lang='lat' dir='ltr'><strong>proﬁteri</strong></span> <span class='ocrx_word' id='word_1_149' title='bbox 1247 2030 1261 2068; x_wconf 91' lang='lat'><strong>:</strong></span> <span class='ocrx_word' id='word_1_150' title='bbox 1298 2012 1399 2070; x_wconf 89' lang='lat' dir='ltr'><strong>hoc</strong></span> <span class='ocrx_word' id='word_1_151' title='bbox 1428 2027 1554 2069; x_wconf 69' lang='lat' dir='ltr'><strong>vero</strong></span> <span class='ocrx_word' id='word_1_152' title='bbox 1574 2015 1771 2069; x_wconf 88' lang='lat' dir='ltr'><strong>mirum</strong></span> 
     </span>
    </p>
   </div>
   <div class='ocr_carea' id='block_1_21' title="bbox 215 2103 1770 2175">
    <p class='ocr_par' dir='ltr' id='par_1_21' title="bbox 215 2103 1770 2175">
     <span class='ocr_line' id='line_1_21' title="bbox 215 2103 1770 2175; baseline 0.003 -19"><span class='ocrx_word' id='word_1_153' title='bbox 215 2114 315 2168; x_wconf 85' lang='lat' dir='ltr'><strong>est,</strong></span> <span class='ocrx_word' id='word_1_154' title='bbox 343 2104 389 2157; x_wconf 78' lang='lat' dir='ltr'><strong>in</strong></span> <span class='ocrx_word' id='word_1_155' title='bbox 409 2103 588 2174; x_wconf 86' lang='lat' dir='ltr'><strong>majori</strong></span> <span class='ocrx_word' id='word_1_156' title='bbox 620 2105 966 2159; x_wconf 89' lang='lat' dir='ltr'><strong>constitutum</strong></span> <span class='ocrx_word' id='word_1_157' title='bbox 1003 2113 1149 2160; x_wconf 88' lang='lat' dir='ltr'><strong>metu</strong></span> <span class='ocrx_word' id='word_1_158' title='bbox 1172 2139 1190 2173; x_wconf 60' lang='grc' dir='ltr'><strong><em>ο</em></strong></span> <span class='ocrx_word' id='word_1_159' title='bbox 1236 2120 1344 2159; x_wconf 88' lang='lat' dir='ltr'><strong>non</strong></span> <span class='ocrx_word' id='word_1_160' title='bbox 1397 2120 1594 2175; x_wconf 81' lang='lat' dir='ltr'><strong>negare</strong></span> <span class='ocrx_word' id='word_1_161' title='bbox 1617 2146 1632 2170; x_wconf 86' lang='lat'><strong>,</strong></span> <span class='ocrx_word' id='word_1_162' title='bbox 1665 2122 1770 2161; x_wconf 89' lang='lat' dir='ltr'><strong>non</strong></span> 
     </span>
    </p>
   </div>
   <div class='ocr_carea' id='block_1_22' title="bbox 213 2194 1772 2267">
    <p class='ocr_par' dir='ltr' id='par_1_22' title="bbox 213 2194 1772 2267">
     <span class='ocr_line' id='line_1_22' title="bbox 213 2194 1772 2267; baseline 0.003 -20"><span class='ocrx_word' id='word_1_163' title='bbox 213 2195 449 2248; x_wconf 81' lang='lat' dir='ltr'><strong>contraria</strong></span> <span class='ocrx_word' id='word_1_164' title='bbox 474 2195 743 2265; x_wconf 79' lang='lat' dir='ltr'><strong>prioribus</strong></span> <span class='ocrx_word' id='word_1_165' title='bbox 771 2195 970 2251; x_wconf 88' lang='lat' dir='ltr'><strong>dicere.</strong></span> <span class='ocrx_word' id='word_1_166' title='bbox 990 2194 1133 2263; x_wconf 78' lang='lat' dir='ltr'><strong>Quid</strong></span> <span class='ocrx_word' id='word_1_167' title='bbox 1156 2210 1287 2267; x_wconf 75' lang='lat' dir='ltr'><strong>ergo</strong></span> <span class='ocrx_word' id='word_1_168' title='bbox 1315 2195 1619 2254; x_wconf 73' lang='lat' dir='ltr'><strong>Pharisaei?</strong></span> <span class='ocrx_word' id='word_1_169' title='bbox 1663 2196 1772 2252; x_wconf 89' lang='lat' dir='ltr'><strong>imo</strong></span> 
     </span>
    </p>
   </div>
   <div class='ocr_carea' id='block_1_23' title="bbox 216 2286 1764 2359">
    <p class='ocr_par' dir='ltr' id='par_1_23' title="bbox 216 2286 1764 2359">
     <span class='ocr_line' id='line_1_23' title="bbox 216 2286 1764 2359; baseline 0.004 -22"><span class='ocrx_word' id='word_1_170' title='bbox 216 2286 358 2339; x_wconf 84' lang='lat' dir='ltr'><strong>etiam</strong></span> <span class='ocrx_word' id='word_1_171' title='bbox 402 2286 518 2340; x_wconf 80' lang='lat' dir='ltr'><strong>alii?</strong></span> <span class='ocrx_word' id='word_1_172' title='bbox 562 2286 918 2341; x_wconf 79' lang='lat' dir='ltr'><strong>Atlduxerunt</strong></span> <span class='ocrx_word' id='word_1_173' title='bbox 959 2301 1081 2342; x_wconf 90' lang='lat' dir='ltr'><strong>cum</strong></span> <span class='ocrx_word' id='word_1_174' title='bbox 1119 2296 1382 2357; x_wconf 75' lang='lat' dir='ltr'><strong>tanquam</strong></span> <span class='ocrx_word' id='word_1_175' title='bbox 1428 2298 1764 2359; x_wconf 81' lang='lat' dir='ltr'><strong>negaturum.</strong></span> 
     </span>
    </p>
   </div>
   <div class='ocr_carea' id='block_1_24' title="bbox 216 2376 1769 2448">
    <p class='ocr_par' dir='ltr' id='par_1_24' title="bbox 216 2376 1769 2448">
     <span class='ocr_line' id='line_1_24' title="bbox 216 2376 1769 2448; baseline 0.003 -21"><span class='ocrx_word' id='word_1_176' title='bbox 216 2376 394 2429; x_wconf 77' lang='lat' dir='ltr'><strong>Contra</strong></span> <span class='ocrx_word' id='word_1_177' title='bbox 418 2392 537 2432; x_wconf 81' lang='lat' dir='ltr'><strong>vero</strong></span> <span class='ocrx_word' id='word_1_178' title='bbox 554 2378 726 2432; x_wconf 84' lang='lat' dir='ltr'><strong>evenit</strong></span> <span class='ocrx_word' id='word_1_179' title='bbox 746 2390 914 2448; x_wconf 54' lang='lat' dir='ltr'><strong>’quam</strong></span> <span class='ocrx_word' id='word_1_180' title='bbox 945 2378 1201 2447; x_wconf 87' lang='lat' dir='ltr'><strong>optabant</strong></span> <span class='ocrx_word' id='word_1_181' title='bbox 1224 2377 1359 2448; x_wconf 84' lang='lat' dir='ltr'><strong>ipsi,</strong></span> <span class='ocrx_word' id='word_1_182' title='bbox 1389 2387 1442 2432; x_wconf 93' lang='lat' dir='ltr'><strong>et</strong></span> <span class='ocrx_word' id='word_1_183' title='bbox 1468 2380 1769 2433; x_wconf 87' lang='lat' dir='ltr'><strong>accuratius</strong></span> 
     </span>
    </p>
   </div>
   <div class='ocr_carea' id='block_1_25' title="bbox 214 2466 1764 2541">
    <p class='ocr_par' dir='ltr' id='par_1_25' title="bbox 214 2466 1764 2541">
     <span class='ocr_line' id='line_1_25' title="bbox 214 2466 1764 2541; baseline 0.004 -21"><span class='ocrx_word' id='word_1_184' title='bbox 214 2482 316 2520; x_wconf 88' lang='lat' dir='ltr'><strong>rem</strong></span> <span class='ocrx_word' id='word_1_185' title='bbox 341 2466 623 2523; x_wconf 85' lang='lat' dir='ltr'><strong>didicerunt</strong></span> <span class='ocrx_word' id='word_1_186' title='bbox 653 2488 666 2523; x_wconf 94' lang='lat'>:</span> <span class='ocrx_word' id='word_1_187' title='bbox 697 2469 746 2523; x_wconf 88' lang='lat' dir='ltr'><strong>id</strong></span> <span class='ocrx_word' id='word_1_188' title='bbox 774 2469 916 2539; x_wconf 87' lang='lat' dir='ltr'><strong>quod</strong></span> <span class='ocrx_word' id='word_1_189' title='bbox 946 2470 1048 2523; x_wconf 92' lang='lat' dir='ltr'><strong>illis</strong></span> <span class='ocrx_word' id='word_1_190' title='bbox 1074 2470 1270 2540; x_wconf 88' lang='lat' dir='ltr'><strong>ubique</strong></span> <span class='ocrx_word' id='word_1_191' title='bbox 1294 2471 1433 2524; x_wconf 76' lang='lat' dir='ltr'><strong>circa</strong></span> <span class='ocrx_word' id='word_1_192' title='bbox 1479 2471 1627 2541; x_wconf 84' lang='lat' dir='ltr'><strong>signa</strong></span> <span class='ocrx_word' id='word_1_193' title='bbox 1670 2486 1764 2526; x_wconf 80' lang='lat' dir='ltr'><strong>ac-</strong></span> 
     </span>
    </p>
   </div>
   <div class='ocr_carea' id='block_1_26' title="bbox 211 2548 1762 2628">
    <p class='ocr_par' dir='ltr' id='par_1_26' title="bbox 211 2548 1762 2628">
     <span class='ocr_line' id='line_1_26' title="bbox 211 2548 1762 2628; baseline 0.005 -19"><span class='ocrx_word' id='word_1_194' title='bbox 211 2559 358 2624; x_wconf 83' lang='lat' dir='ltr'><strong>cidit;</strong></span> <span class='ocrx_word' id='word_1_195' title='bbox 387 2560 434 2612; x_wconf 92' lang='lat' dir='ltr'><strong>in</strong></span> <span class='ocrx_word' id='word_1_196' title='bbox 459 2561 803 2628; x_wconf 79' lang='lat' dir='ltr'><strong>sequentibus</strong></span> <span class='ocrx_word' id='word_1_197' title='bbox 842 2570 1020 2615; x_wconf 88' lang='lat' dir='ltr'><strong>autem</strong></span> <span class='ocrx_word' id='word_1_198' title='bbox 1060 2560 1112 2615; x_wconf 88' lang='lat' dir='ltr'><strong>id</strong></span> <span class='ocrx_word' id='word_1_199' title='bbox 1154 2560 1351 2615; x_wconf 66' lang='lat' dir='ltr'><strong>clarius</strong></span> <span class='ocrx_word' id='word_1_200' title='bbox 1394 2548 1762 2616; x_wconf 69' lang='lat' dir='ltr'><strong>estcirdemus.</strong></span> 
     </span>
    </p>
   </div>
   <div class='ocr_carea' id='block_1_27' title="bbox 207 2650 1760 2725">
    <p class='ocr_par' dir='ltr' id='par_1_27' title="bbox 207 2650 1760 2725">
     <span class='ocr_line' id='line_1_27' title="bbox 207 2650 1760 2725; baseline 0.003 -22"><span class='ocrx_word' id='word_1_201' title='bbox 207 2650 326 2716; x_wconf 79' lang='lat' dir='ltr'><strong>Quid</strong></span> <span class='ocrx_word' id='word_1_202' title='bbox 348 2666 464 2721; x_wconf 79' lang='lat' dir='ltr'><strong>ergo</strong></span> <span class='ocrx_word' id='word_1_203' title='bbox 487 2651 777 2706; x_wconf 63' lang='lat' dir='ltr'><strong>Phariswi?</strong></span> <span class='ocrx_word' id='word_1_204' title='bbox 807 2651 1059 2708; x_wconf 75' lang='lat' dir='ltr'><strong>Dixerunt</strong></span> <span class='ocrx_word' id='word_1_205' title='bbox 1095 2654 1304 2723; x_wconf 86' lang='lat' dir='ltr'><strong>quidam</strong></span> <span class='ocrx_word' id='word_1_206' title='bbox 1342 2652 1489 2725; x_wconf 83' lang='lat' dir='ltr'><strong>(non</strong></span> <span class='ocrx_word' id='word_1_207' title='bbox 1531 2667 1720 2709; x_wconf 81' lang='lat' dir='ltr'><strong>comes</strong></span> <span class='ocrx_word' id='word_1_208' title='bbox 1740 2690 1760 2721; x_wconf 88' lang='lat'><strong>,</strong></span> 
     </span>
    </p>
   </div>
   <div class='ocr_carea' id='block_1_28' title="bbox 208 2741 1759 2813">
    <p class='ocr_par' dir='ltr' id='par_1_28' title="bbox 208 2741 1759 2813">
     <span class='ocr_line' id='line_1_28' title="bbox 208 2741 1759 2813; baseline 0.003 -20"><span class='ocrx_word' id='word_1_209' title='bbox 208 2742 286 2793; x_wconf 70' lang='lat' dir='ltr'><strong>sed</strong></span> <span class='ocrx_word' id='word_1_210' title='bbox 311 2742 718 2813; x_wconf 84' lang='lat' dir='ltr'><strong>petulantiores)</strong></span> <span class='ocrx_word' id='word_1_211' title='bbox 750 2759 765 2794; x_wconf 90' lang='lat'><strong>:</strong></span> <span class='ocrx_word' id='word_1_212' title='bbox 811 2742 897 2797; x_wconf 79' lang='grc'><strong>16.</strong></span> <span class='ocrx_word' id='word_1_213' title='bbox 937 2741 1035 2796; x_wconf 86' lang='lat' dir='ltr'><strong>Hic</strong></span> <span class='ocrx_word' id='word_1_214' title='bbox 1080 2743 1231 2797; x_wconf 83' lang='lat' dir='ltr'><strong>homo</strong></span> <span class='ocrx_word' id='word_1_215' title='bbox 1271 2759 1370 2797; x_wconf 87' lang='lat' dir='ltr'><strong>non</strong></span> <span class='ocrx_word' id='word_1_216' title='bbox 1417 2752 1510 2800; x_wconf 81' lang='lat' dir='ltr'><strong>est.</strong></span> <span class='ocrx_word' id='word_1_217' title='bbox 1533 2760 1565 2795; x_wconf 94' lang='lat' dir='ltr'><strong>a</strong></span> <span class='ocrx_word' id='word_1_218' title='bbox 1610 2742 1719 2798; x_wconf 85' lang='lat' dir='ltr'><strong>Deo</strong></span> <span class='ocrx_word' id='word_1_219' title='bbox 1742 2785 1759 2811; x_wconf 92' lang='lat'><strong>,</strong></span> 
     </span>
    </p>
   </div>
   <div class='ocr_carea' id='block_1_29' title="bbox 206 2831 1760 2900">
    <p class='ocr_par' dir='ltr' id='par_1_29' title="bbox 206 2831 1760 2900">
     <span class='ocr_line' id='line_1_29' title="bbox 206 2831 1760 2900; baseline 0.004 -17"><span class='ocrx_word' id='word_1_220' title='bbox 206 2831 304 2899; x_wconf 68' lang='lat' dir='ltr'><strong>quia</strong></span> <span class='ocrx_word' id='word_1_221' title='bbox 318 2832 563 2887; x_wconf 67' lang='lat' dir='ltr'><strong>sabbatum</strong></span> <span class='ocrx_word' id='word_1_222' title='bbox 590 2850 695 2887; x_wconf 84' lang='lat' dir='ltr'><strong>non</strong></span> <span class='ocrx_word' id='word_1_223' title='bbox 737 2833 972 2889; x_wconf 82' lang='lat' dir='ltr'><strong>custodit.</strong></span> <span class='ocrx_word' id='word_1_224' title='bbox 1022 2834 1128 2887; x_wconf 76' lang='lat' dir='ltr'><strong>Alii</strong></span> <span class='ocrx_word' id='word_1_225' title='bbox 1174 2833 1442 2899; x_wconf 87' lang='lat' dir='ltr'><strong>dicebant,</strong></span> <span class='ocrx_word' id='word_1_226' title='bbox 1496 2834 1760 2900; x_wconf 83' lang='lat' dir='ltr'><strong>Quomodo</strong></span> 
     </span>
    </p>
   </div>
   <div class='ocr_carea' id='block_1_30' title="bbox 207 2924 1758 2996">
    <p class='ocr_par' dir='ltr' id='par_1_30' title="bbox 207 2924 1758 2996">
     <span class='ocr_line' id='line_1_30' title="bbox 207 2924 1758 2996; baseline 0.005 -23"><span class='ocrx_word' id='word_1_227' title='bbox 207 2932 341 2989; x_wconf 82' lang='lat' dir='ltr'><strong>potest</strong></span> <span class='ocrx_word' id='word_1_228' title='bbox 365 2925 504 2978; x_wconf 72' lang='lat' dir='ltr'><strong>homo</strong></span> <span class='ocrx_word' id='word_1_229' title='bbox 529 2934 773 2995; x_wconf 81' lang='lat' dir='ltr'><strong>peccator</strong></span> <span class='ocrx_word' id='word_1_230' title='bbox 797 2924 904 2979; x_wconf 83' lang='lat' dir='ltr'><strong>lucc</strong></span> <span class='ocrx_word' id='word_1_231' title='bbox 928 2926 1076 2996; x_wconf 82' lang='lat' dir='ltr'><strong>signa</strong></span> <span class='ocrx_word' id='word_1_232' title='bbox 1102 2925 1310 2996; x_wconf 79' lang='lat' dir='ltr'><strong>facere?</strong></span> <span class='ocrx_word' id='word_1_233' title='bbox 1338 2924 1524 2980; x_wconf 83' lang='lat' dir='ltr'><strong>Viden’</strong></span> <span class='ocrx_word' id='word_1_234' title='bbox 1566 2926 1687 2981; x_wconf 90' lang='lat' dir='ltr'><strong>illos</strong></span> <span class='ocrx_word' id='word_1_235' title='bbox 1727 2941 1758 2980; x_wconf 85' lang='lat' dir='ltr'><strong>a</strong></span> 
     </span>
    </p>
   </div>
   <div class='ocr_carea' id='block_1_31' title="bbox 203 3016 1760 3089">
    <p class='ocr_par' dir='ltr' id='par_1_31' title="bbox 203 3016 1760 3089">
     <span class='ocr_line' id='line_1_31' title="bbox 203 3016 1760 3089; baseline 0.005 -22"><span class='ocrx_word' id='word_1_236' title='bbox 203 3016 343 3086; x_wconf 72' lang='lat' dir='ltr'><strong>signis</strong></span> <span class='ocrx_word' id='word_1_237' title='bbox 364 3017 786 3073; x_wconf 81' lang='lat' dir='ltr'><strong>allectos?Nam</strong></span> <span class='ocrx_word' id='word_1_238' title='bbox 830 3018 919 3089; x_wconf 90' lang='lat' dir='ltr'><strong>qui</strong></span> <span class='ocrx_word' id='word_1_239' title='bbox 962 3018 1253 3085; x_wconf 86' lang='lat' dir='ltr'><strong>miserant,</strong></span> <span class='ocrx_word' id='word_1_240' title='bbox 1298 3027 1357 3073; x_wconf 90' lang='lat' dir='ltr'><strong>ut</strong></span> <span class='ocrx_word' id='word_1_241' title='bbox 1402 3018 1760 3075; x_wconf 88' lang='lat' dir='ltr'><strong>adduceretur</strong></span> 
     </span>
    </p>
   </div>
   <div class='ocr_carea' id='block_1_32' title="bbox 202 3107 1753 3177">
    <p class='ocr_par' dir='ltr' id='par_1_32' title="bbox 202 3107 1753 3177">
     <span class='ocr_line' id='line_1_32' title="bbox 202 3107 1753 3177; baseline 0.005 -20"><span class='ocrx_word' id='word_1_242' title='bbox 202 3107 303 3159; x_wconf 84' lang='lat' dir='ltr'><strong>audi</strong></span> <span class='ocrx_word' id='word_1_243' title='bbox 329 3108 442 3177; x_wconf 82' lang='lat' dir='ltr'><strong>quid</strong></span> <span class='ocrx_word' id='word_1_244' title='bbox 469 3122 617 3163; x_wconf 81' lang='lat' dir='ltr'><strong>nunc</strong></span> <span class='ocrx_word' id='word_1_245' title='bbox 646 3108 863 3176; x_wconf 81' lang='lat' dir='ltr'><strong>dicant,</strong></span> <span class='ocrx_word' id='word_1_246' title='bbox 897 3109 996 3163; x_wconf 89' lang='lat' dir='ltr'><strong>etsi</strong></span> <span class='ocrx_word' id='word_1_247' title='bbox 1026 3124 1131 3165; x_wconf 93' lang='lat' dir='ltr'><strong>non</strong></span> <span class='ocrx_word' id='word_1_248' title='bbox 1179 3124 1387 3164; x_wconf 87' lang='lat' dir='ltr'><strong>oumes.</strong></span> <span class='ocrx_word' id='word_1_249' title='bbox 1433 3109 1565 3165; x_wconf 82' lang='lat' dir='ltr'><strong>Cum</strong></span> <span class='ocrx_word' id='word_1_250' title='bbox 1611 3111 1753 3165; x_wconf 89' lang='lat' dir='ltr'><strong>enim</strong></span> 
     </span>
    </p>
   </div>
   <div class='ocr_carea' id='block_1_33' title="bbox 205 3198 1756 3271">
    <p class='ocr_par' dir='ltr' id='par_1_33' title="bbox 205 3198 1756 3271">
     <span class='ocr_line' id='line_1_33' title="bbox 205 3198 1756 3271; baseline 0.003 -20"><span class='ocrx_word' id='word_1_251' title='bbox 205 3198 437 3269; x_wconf 82' lang='lat' dir='ltr'><strong>principes</strong></span> <span class='ocrx_word' id='word_1_252' title='bbox 460 3209 653 3257; x_wconf 75' lang='lat' dir='ltr'><strong>essent</strong></span> <span class='ocrx_word' id='word_1_253' title='bbox 675 3243 691 3268; x_wconf 90' lang='lat'><strong>,</strong></span> <span class='ocrx_word' id='word_1_254' title='bbox 721 3217 784 3255; x_wconf 78' lang='lat' dir='ltr'><strong>ex</strong></span> <span class='ocrx_word' id='word_1_255' title='bbox 809 3201 992 3271; x_wconf 77' lang='lat' dir='ltr'><strong>gloria:</strong></span> <span class='ocrx_word' id='word_1_256' title='bbox 1017 3201 1307 3271; x_wconf 85' lang='lat' dir='ltr'><strong>cupiditate</strong></span> <span class='ocrx_word' id='word_1_257' title='bbox 1329 3202 1380 3255; x_wconf 92' lang='lat' dir='ltr'><strong>in</strong></span> <span class='ocrx_word' id='word_1_258' title='bbox 1411 3202 1756 3257; x_wconf 89' lang='lat' dir='ltr'><strong>incredulita-</strong></span> 
     </span>
    </p>
   </div>
   <div class='ocr_carea' id='block_1_34' title="bbox 198 3292 1754 3363">
    <p class='ocr_par' dir='ltr' id='par_1_34' title="bbox 198 3292 1754 3363">
     <span class='ocr_line' id='line_1_34' title="bbox 198 3292 1754 3363; baseline 0.004 -23"><span class='ocrx_word' id='word_1_259' title='bbox 198 3298 287 3342; x_wconf 79' lang='lat' dir='ltr'><strong>tem</strong></span> <span class='ocrx_word' id='word_1_260' title='bbox 307 3292 633 3347; x_wconf 79' lang='lat' dir='ltr'><strong>deciderunt.</strong></span> <span class='ocrx_word' id='word_1_261' title='bbox 667 3295 914 3347; x_wconf 79' lang='lat' dir='ltr'><strong>Attamen</strong></span> <span class='ocrx_word' id='word_1_262' title='bbox 942 3308 1005 3347; x_wconf 78' lang='lat' dir='ltr'><strong>ex</strong></span> <span class='ocrx_word' id='word_1_263' title='bbox 1041 3293 1367 3363; x_wconf 90' lang='lat' dir='ltr'><strong>principibus</strong></span> <span class='ocrx_word' id='word_1_264' title='bbox 1396 3293 1546 3348; x_wconf 89' lang='lat' dir='ltr'><strong>multi</strong></span> <span class='ocrx_word' id='word_1_265' title='bbox 1578 3294 1754 3349; x_wconf 91' lang='lat' dir='ltr'><strong>credi-</strong></span> 
     </span>
    </p>
   </div>
   <div class='ocr_carea' id='block_1_35' title="bbox 196 3372 1753 3455">
    <p class='ocr_par' dir='ltr' id='par_1_35' title="bbox 196 3372 1753 3455">
     <span class='ocr_line' id='line_1_35' title="bbox 196 3372 1753 3455; baseline 0.004 -23"><span class='ocrx_word' id='word_1_266' title='bbox 196 3381 358 3436; x_wconf 62' lang='lat' dir='ltr'><strong>derunt</strong></span> <span class='ocrx_word' id='word_1_267' title='bbox 384 3385 433 3437; x_wconf 87' lang='lat' dir='ltr'><strong>in</strong></span> <span class='ocrx_word' id='word_1_268' title='bbox 457 3401 578 3439; x_wconf 87' lang='lat' dir='ltr'><strong>eum</strong></span> <span class='ocrx_word' id='word_1_269' title='bbox 609 3424 627 3451; x_wconf 93' lang='lat'><strong>,</strong></span> <span class='ocrx_word' id='word_1_270' title='bbox 655 3400 828 3454; x_wconf 77' lang='lat' dir='ltr'><strong>neque</strong></span> <span class='ocrx_word' id='word_1_271' title='bbox 855 3394 1031 3438; x_wconf 83' lang='lat' dir='ltr'><strong>tamen</strong></span> <span class='ocrx_word' id='word_1_272' title='bbox 1060 3383 1475 3440; x_wconf 85' lang='lat' dir='ltr'><strong>conﬁtebantur.</strong></span> <span class='ocrx_word' id='word_1_273' title='bbox 1520 3372 1753 3455; x_wconf 81' lang='lat' dir='ltr'><strong>Populus</strong></span> 
     </span>
    </p>
   </div>
   <div class='ocr_carea' id='block_1_36' title="bbox 193 3474 1750 3552">
    <p class='ocr_par' dir='ltr' id='par_1_36' title="bbox 193 3474 1750 3552">
     <span class='ocr_line' id='line_1_36' title="bbox 193 3474 1750 3552; baseline 0.004 -27"><span class='ocrx_word' id='word_1_274' title='bbox 193 3474 427 3543; x_wconf 53' lang='lat' dir='ltr'><strong>dispectui</strong></span> <span class='ocrx_word' id='word_1_275' title='bbox 452 3489 565 3533; x_wconf 90' lang='lat' dir='ltr'><strong>erat</strong></span> <span class='ocrx_word' id='word_1_276' title='bbox 593 3520 612 3543; x_wconf 89' lang='lat'><strong>,</strong></span> <span class='ocrx_word' id='word_1_277' title='bbox 646 3488 703 3532; x_wconf 90' lang='lat' dir='ltr'><strong>ut</strong></span> <span class='ocrx_word' id='word_1_278' title='bbox 726 3478 816 3550; x_wconf 87' lang='lat' dir='ltr'><strong>qui</strong></span> <span class='ocrx_word' id='word_1_279' title='bbox 849 3478 975 3534; x_wconf 86' lang='lat' dir='ltr'><strong>nihil</strong></span> <span class='ocrx_word' id='word_1_280' title='bbox 1004 3478 1180 3549; x_wconf 81' lang='lat' dir='ltr'><strong>magni</strong></span> <span class='ocrx_word' id='word_1_281' title='bbox 1203 3480 1473 3534; x_wconf 89' lang='lat' dir='ltr'><strong>conferret</strong></span> <span class='ocrx_word' id='word_1_282' title='bbox 1505 3480 1557 3533; x_wconf 89' lang='lat' dir='ltr'><strong>in</strong></span> <span class='ocrx_word' id='word_1_283' title='bbox 1585 3494 1750 3552; x_wconf 81' lang='lat' dir='ltr'><strong>syna-</strong></span> 
     </span>
    </p>
   </div>
   <div class='ocr_carea' id='block_1_37' title="bbox 192 3570 1747 3642">
    <p class='ocr_par' dir='ltr' id='par_1_37' title="bbox 192 3570 1747 3642">
     <span class='ocr_line' id='line_1_37' title="bbox 192 3570 1747 3642; baseline 0.006 -24"><span class='ocrx_word' id='word_1_284' title='bbox 192 3582 371 3637; x_wconf 57' lang='grc' dir='ltr'><strong>ποθοίη.</strong></span> <span class='ocrx_word' id='word_1_285' title='bbox 399 3570 681 3640; x_wconf 79' lang='lat' dir='ltr'><strong>Principes</strong></span> <span class='ocrx_word' id='word_1_286' title='bbox 706 3581 883 3625; x_wconf 90' lang='lat' dir='ltr'><strong>autem</strong></span> <span class='ocrx_word' id='word_1_287' title='bbox 910 3570 1180 3626; x_wconf 73' lang='lat' dir='ltr'><strong>difficilius</strong></span> <span class='ocrx_word' id='word_1_288' title='bbox 1209 3586 1269 3626; x_wconf 92' lang='lat' dir='ltr'><strong>se</strong></span> <span class='ocrx_word' id='word_1_289' title='bbox 1310 3571 1532 3628; x_wconf 88' lang='lat' dir='ltr'><strong>credere</strong></span> <span class='ocrx_word' id='word_1_290' title='bbox 1582 3574 1747 3642; x_wconf 84' lang='lat' dir='ltr'><strong>proli-</strong></span> 
     </span>
    </p>
   </div>
   <div class='ocr_carea' id='block_1_38' title="bbox 192 3662 1745 3733">
    <p class='ocr_par' dir='ltr' id='par_1_38' title="bbox 192 3662 1745 3733">
     <span class='ocr_line' id='line_1_38' title="bbox 192 3662 1745 3733; baseline 0.009 -26"><span class='ocrx_word' id='word_1_291' title='bbox 192 3662 437 3726; x_wconf 61' lang='lat' dir='ltr'><strong>retexitur,</strong></span> <span class='ocrx_word' id='word_1_292' title='bbox 469 3663 557 3716; x_wconf 86' lang='lat' dir='ltr'><strong>alii</strong></span> <span class='ocrx_word' id='word_1_293' title='bbox 597 3662 926 3733; x_wconf 84' lang='lat' dir='ltr'><strong>principatus</strong></span> <span class='ocrx_word' id='word_1_294' title='bbox 952 3677 1170 3729; x_wconf 90' lang='lat' dir='ltr'><strong>amore,</strong></span> <span class='ocrx_word' id='word_1_295' title='bbox 1201 3663 1290 3717; x_wconf 91' lang='lat' dir='ltr'><strong>alii</strong></span> <span class='ocrx_word' id='word_1_296' title='bbox 1330 3674 1474 3719; x_wconf 90' lang='lat' dir='ltr'><strong>metu</strong></span> <span class='ocrx_word' id='word_1_297' title='bbox 1516 3674 1745 3721; x_wconf 71' lang='lat' dir='ltr'><strong>caetero-</strong></span> 
     </span>
    </p>
   </div>
   <div class='ocr_carea' id='block_1_39' title="bbox 190 3750 1749 3825">
    <p class='ocr_par' dir='ltr' id='par_1_39' title="bbox 190 3750 1749 3825">
     <span class='ocr_line' id='line_1_39' title="bbox 190 3750 1749 3825; baseline 0.008 -27"><span class='ocrx_word' id='word_1_298' title='bbox 190 3763 284 3801; x_wconf 85' lang='lat' dir='ltr'><strong>rmn</strong></span> <span class='ocrx_word' id='word_1_299' title='bbox 310 3750 519 3807; x_wconf 89' lang='lat' dir='ltr'><strong>detenti.</strong></span> <span class='ocrx_word' id='word_1_300' title='bbox 549 3753 737 3822; x_wconf 85' lang='lat' dir='ltr'><strong>Quare</strong></span> <span class='ocrx_word' id='word_1_301' title='bbox 764 3753 977 3808; x_wconf 87' lang='lat' dir='ltr'><strong>dicebat</strong></span> <span class='ocrx_word' id='word_1_302' title='bbox 1017 3770 1032 3806; x_wconf 89' lang='lat'><strong>:</strong></span> <span class='ocrx_word' id='word_1_303' title='bbox 1068 3753 1334 3820; x_wconf 82' lang='lat' dir='ltr'><strong>Quomodo</strong></span> <span class='ocrx_word' id='word_1_304' title='bbox 1387 3755 1593 3825; x_wconf 78' lang='lat' dir='ltr'><strong>potestis</strong></span> <span class='ocrx_word' id='word_1_305' title='bbox 1638 3772 1749 3810; x_wconf 84' lang='lat' dir='ltr'><strong>crc-</strong></span> 
     </span>
    </p>
   </div>
   <div class='ocr_carea' id='block_1_40' title="bbox 185 3840 1745 3920">
    <p class='ocr_par' dir='ltr' id='par_1_40' title="bbox 185 3840 1745 3920">
     <span class='ocr_line' id='line_1_40' title="bbox 185 3840 1745 3920; baseline 0.009 -29"><span class='ocrx_word' id='word_1_306' title='bbox 185 3840 313 3904; x_wconf 75' lang='lat' dir='ltr'><strong>dere,</strong></span> <span class='ocrx_word' id='word_1_307' title='bbox 340 3846 421 3909; x_wconf 74' lang='lat' dir='ltr'><strong>qui</strong></span> <span class='ocrx_word' id='word_1_308' title='bbox 450 3846 677 3915; x_wconf 77' lang='lat' dir='ltr'><strong>gloriam</strong></span> <span class='ocrx_word' id='word_1_309' title='bbox 714 3847 777 3898; x_wconf 86' lang='lat' dir='ltr'><strong>ob</strong></span> <span class='ocrx_word' id='word_1_310' title='bbox 825 3844 1113 3900; x_wconf 82' lang='lat' dir='ltr'><strong>hominibus</strong></span> <span class='ocrx_word' id='word_1_311' title='bbox 1159 3848 1389 3917; x_wconf 73' lang='lat' dir='ltr'><strong>accipitis</strong></span> <span class='ocrx_word' id='word_1_312' title='bbox 1436 3850 1638 3920; x_wconf 83' lang='lat' dir='ltr'><strong>(Joan.</strong></span> <span class='ocrx_word' id='word_1_313' title='bbox 1689 3851 1745 3906; x_wconf 86' lang='lat'><strong>5.</strong></span> 
     </span>
    </p>
   </div>
   <div class='ocr_carea' id='block_1_41' title="bbox 185 3928 1747 4005">
    <p class='ocr_par' dir='ltr' id='par_1_41' title="bbox 185 3928 1747 4005">
     <span class='ocr_line' id='line_1_41' title="bbox 185 3928 1747 4005; baseline 0.008 -23"><span class='ocrx_word' id='word_1_314' title='bbox 185 3928 311 4002; x_wconf 75' lang='lat' dir='ltr'><strong>ll)?</strong></span> <span class='ocrx_word' id='word_1_315' title='bbox 338 3934 394 3987; x_wconf 73' lang='lat' dir='ltr'><strong>Et</strong></span> <span class='ocrx_word' id='word_1_316' title='bbox 417 3936 518 4003; x_wconf 83' lang='lat' dir='ltr'><strong>ipsi</strong></span> <span class='ocrx_word' id='word_1_317' title='bbox 559 3934 786 4005; x_wconf 80' lang='lat' dir='ltr'><strong>quidem</strong></span> <span class='ocrx_word' id='word_1_318' title='bbox 814 3936 903 4004; x_wconf 86' lang='lat' dir='ltr'><strong>qui</strong></span> <span class='ocrx_word' id='word_1_319' title='bbox 931 3936 1125 4003; x_wconf 85' lang='lat' dir='ltr'><strong>injuste</strong></span> <span class='ocrx_word' id='word_1_320' title='bbox 1147 3937 1451 3993; x_wconf 83' lang='lat' dir='ltr'><strong>interficere</strong></span> <span class='ocrx_word' id='word_1_321' title='bbox 1477 3939 1747 3995; x_wconf 87' lang='lat' dir='ltr'><strong>conaban-</strong></span> 
     </span>
    </p>
   </div>
   <div class='ocr_carea' id='block_1_42' title="bbox 183 4024 1747 4100">
    <p class='ocr_par' dir='ltr' id='par_1_42' title="bbox 183 4024 1747 4100">
     <span class='ocr_line' id='line_1_42' title="bbox 183 4024 1747 4100; baseline 0.01 -28"><span class='ocrx_word' id='word_1_322' title='bbox 183 4030 251 4075; x_wconf 85' lang='lat' dir='ltr'><strong>tur</strong></span> <span class='ocrx_word' id='word_1_323' title='bbox 273 4064 289 4089; x_wconf 95' lang='lat'><strong>,</strong></span> <span class='ocrx_word' id='word_1_324' title='bbox 315 4040 369 4078; x_wconf 73' lang='lat' dir='ltr'><strong>se</strong></span> <span class='ocrx_word' id='word_1_325' title='bbox 400 4024 494 4080; x_wconf 85' lang='lat' dir='ltr'><strong>Dei</strong></span> <span class='ocrx_word' id='word_1_326' title='bbox 521 4041 651 4081; x_wconf 85' lang='lat' dir='ltr'><strong>esse</strong></span> <span class='ocrx_word' id='word_1_327' title='bbox 679 4025 967 4092; x_wconf 88' lang='lat' dir='ltr'><strong>dicebant;</strong></span> <span class='ocrx_word' id='word_1_328' title='bbox 1020 4027 1167 4081; x_wconf 92' lang='lat' dir='ltr'><strong>illum</strong></span> <span class='ocrx_word' id='word_1_329' title='bbox 1221 4043 1348 4082; x_wconf 90' lang='lat' dir='ltr'><strong>vero</strong></span> <span class='ocrx_word' id='word_1_330' title='bbox 1370 4069 1387 4094; x_wconf 91' lang='lat'><strong>,</strong></span> <span class='ocrx_word' id='word_1_331' title='bbox 1435 4030 1525 4100; x_wconf 88' lang='lat' dir='ltr'><strong>qui</strong></span> <span class='ocrx_word' id='word_1_332' title='bbox 1572 4045 1747 4087; x_wconf 67' lang='lat' dir='ltr'><strong>etet-os</strong></span> 
     </span>
    </p>
   </div>
   <div class='ocr_carea' id='block_1_43' title="bbox 181 4115 1742 4189">
    <p class='ocr_par' dir='ltr' id='par_1_43' title="bbox 181 4115 1742 4189">
     <span class='ocr_line' id='line_1_43' title="bbox 181 4115 1742 4189; baseline 0.007 -24"><span class='ocrx_word' id='word_1_333' title='bbox 181 4115 404 4182; x_wconf 81' lang='lat' dir='ltr'><strong>curabat;</strong></span> <span class='ocrx_word' id='word_1_334' title='bbox 449 4132 559 4172; x_wconf 83' lang='lat' dir='ltr'><strong>non</strong></span> <span class='ocrx_word' id='word_1_335' title='bbox 608 4132 770 4187; x_wconf 82' lang='lat' dir='ltr'><strong>posse</strong></span> <span class='ocrx_word' id='word_1_336' title='bbox 822 4134 888 4173; x_wconf 77' lang='lat' dir='ltr'><strong>ex</strong></span> <span class='ocrx_word' id='word_1_337' title='bbox 937 4118 1047 4174; x_wconf 88' lang='lat' dir='ltr'><strong>Deo</strong></span> <span class='ocrx_word' id='word_1_338' title='bbox 1090 4134 1250 4182; x_wconf 91' lang='lat' dir='ltr'><strong>esse,</strong></span> <span class='ocrx_word' id='word_1_339' title='bbox 1292 4120 1415 4189; x_wconf 86' lang='lat' dir='ltr'><strong>quia</strong></span> <span class='ocrx_word' id='word_1_340' title='bbox 1464 4120 1742 4177; x_wconf 84' lang='lat' dir='ltr'><strong>sabbatum</strong></span> 
     </span>
    </p>
   </div>
   <div class='ocr_carea' id='block_1_44' title="bbox 177 4208 1746 4281">
    <p class='ocr_par' dir='ltr' id='par_1_44' title="bbox 177 4208 1746 4281">
     <span class='ocr_line' id='line_1_44' title="bbox 177 4208 1746 4281; baseline 0.008 -28"><span class='ocrx_word' id='word_1_341' title='bbox 177 4220 264 4258; x_wconf 84' lang='lat' dir='ltr'><strong>non</strong></span> <span class='ocrx_word' id='word_1_342' title='bbox 280 4210 539 4263; x_wconf 81' lang='lat' dir='ltr'><strong>servabat.</strong></span> <span class='ocrx_word' id='word_1_343' title='bbox 573 4208 675 4263; x_wconf 87' lang='lat' dir='ltr'><strong>liis</strong></span> <span class='ocrx_word' id='word_1_344' title='bbox 701 4209 1042 4280; x_wconf 79' lang='lat' dir='ltr'><strong>apponebant</strong></span> <span class='ocrx_word' id='word_1_345' title='bbox 1072 4209 1194 4276; x_wconf 91' lang='lat' dir='ltr'><strong>isti,</strong></span> <span class='ocrx_word' id='word_1_346' title='bbox 1229 4224 1333 4264; x_wconf 90' lang='lat' dir='ltr'><strong>non</strong></span> <span class='ocrx_word' id='word_1_347' title='bbox 1367 4225 1525 4279; x_wconf 86' lang='lat' dir='ltr'><strong>posse</strong></span> <span class='ocrx_word' id='word_1_348' title='bbox 1555 4227 1746 4281; x_wconf 79' lang='lat' dir='ltr'><strong>pecea-</strong></span> 
     </span>
    </p>
   </div>
   <div class='ocr_carea' id='block_1_45' title="bbox 178 4301 1740 4375">
    <p class='ocr_par' dir='ltr' id='par_1_45' title="bbox 178 4301 1740 4375">
     <span class='ocr_line' id='line_1_45' title="bbox 178 4301 1740 4375; baseline 0.008 -27"><span class='ocrx_word' id='word_1_349' title='bbox 178 4305 319 4351; x_wconf 80' lang='lat' dir='ltr'><strong>torem</strong></span> <span class='ocrx_word' id='word_1_350' title='bbox 360 4302 483 4356; x_wconf 85' lang='lat' dir='ltr'><strong>talia</strong></span> <span class='ocrx_word' id='word_1_351' title='bbox 528 4301 717 4357; x_wconf 75' lang='lat' dir='ltr'><strong>facere</strong></span> <span class='ocrx_word' id='word_1_352' title='bbox 756 4304 929 4373; x_wconf 77' lang='lat' dir='ltr'><strong>signa.</strong></span> <span class='ocrx_word' id='word_1_353' title='bbox 976 4302 1053 4358; x_wconf 81' lang='lat' dir='ltr'><strong>illi</strong></span> <span class='ocrx_word' id='word_1_354' title='bbox 1089 4313 1307 4359; x_wconf 89' lang='lat' dir='ltr'><strong>versute</strong></span> <span class='ocrx_word' id='word_1_355' title='bbox 1348 4303 1510 4359; x_wconf 84' lang='lat' dir='ltr'><strong>tacito</strong></span> <span class='ocrx_word' id='word_1_356' title='bbox 1545 4305 1740 4375; x_wconf 81' lang='lat' dir='ltr'><strong>signo,</strong></span> 
     </span>
    </p>
   </div>
   <div class='ocr_carea' id='block_1_46' title="bbox 172 4391 1740 4464">
    <p class='ocr_par' dir='ltr' id='par_1_46' title="bbox 172 4391 1740 4464">
     <span class='ocr_line' id='line_1_46' title="bbox 172 4391 1740 4464; baseline 0.008 -26"><span class='ocrx_word' id='word_1_357' title='bbox 172 4403 306 4454; x_wconf 78' lang='lat' dir='ltr'><strong>quam</strong></span> <span class='ocrx_word' id='word_1_358' title='bbox 337 4394 820 4464; x_wconf 79' lang='lat' dir='ltr'><strong>transgressionem</strong></span> <span class='ocrx_word' id='word_1_359' title='bbox 857 4393 1117 4448; x_wconf 81' lang='lat' dir='ltr'><strong>vocabant</strong></span> <span class='ocrx_word' id='word_1_360' title='bbox 1139 4434 1155 4459; x_wconf 96' lang='lat'><strong>,</strong></span> <span class='ocrx_word' id='word_1_361' title='bbox 1202 4392 1253 4447; x_wconf 91' lang='lat' dir='ltr'><strong>in</strong></span> <span class='ocrx_word' id='word_1_362' title='bbox 1286 4391 1519 4448; x_wconf 87' lang='lat' dir='ltr'><strong>medium</strong></span> <span class='ocrx_word' id='word_1_363' title='bbox 1545 4393 1740 4450; x_wconf 81' lang='lat' dir='ltr'><strong>aﬂ&#39;erc-</strong></span> 
     </span>
    </p>
   </div>
   <div class='ocr_carea' id='block_1_47' title="bbox 172 4477 1737 4552">
    <p class='ocr_par' dir='ltr' id='par_1_47' title="bbox 172 4477 1737 4552">
     <span class='ocr_line' id='line_1_47' title="bbox 172 4477 1737 4552; baseline 0.007 -20"><span class='ocrx_word' id='word_1_364' title='bbox 172 4477 298 4533; x_wconf 82' lang='lat' dir='ltr'><strong>bant.</strong></span> <span class='ocrx_word' id='word_1_365' title='bbox 324 4481 436 4539; x_wconf 73' lang='lat' dir='ltr'><strong>Non</strong></span> <span class='ocrx_word' id='word_1_366' title='bbox 478 4485 633 4539; x_wconf 83' lang='lat' dir='ltr'><strong>enim</strong></span> <span class='ocrx_word' id='word_1_367' title='bbox 665 4483 909 4539; x_wconf 86' lang='lat' dir='ltr'><strong>dicebant</strong></span> <span class='ocrx_word' id='word_1_368' title='bbox 938 4525 955 4550; x_wconf 94' lang='lat'><strong>,</strong></span> <span class='ocrx_word' id='word_1_369' title='bbox 992 4483 1046 4539; x_wconf 89' lang='lat' dir='ltr'><strong>ln</strong></span> <span class='ocrx_word' id='word_1_370' title='bbox 1096 4484 1320 4541; x_wconf 86' lang='lat' dir='ltr'><strong>sabbato</strong></span> <span class='ocrx_word' id='word_1_371' title='bbox 1356 4495 1548 4549; x_wconf 82' lang='lat' dir='ltr'><strong>curat;</strong></span> <span class='ocrx_word' id='word_1_372' title='bbox 1597 4487 1692 4542; x_wconf 87' lang='lat' dir='ltr'><strong>scd</strong></span> <span class='ocrx_word' id='word_1_373' title='bbox 1722 4530 1737 4552; x_wconf 85' lang='lat'><strong>,</strong></span> 
     </span>
    </p>
   </div>
   <div class='ocr_carea' id='block_1_48' title="bbox 172 4568 1738 4646">
    <p class='ocr_par' dir='ltr' id='par_1_48' title="bbox 172 4568 1738 4646">
     <span class='ocr_line' id='line_1_48' title="bbox 172 4568 1738 4646; baseline 0.008 -26"><span class='ocrx_word' id='word_1_374' title='bbox 172 4568 426 4628; x_wconf 68' lang='lat' dir='ltr'><strong>Subballio</strong></span> <span class='ocrx_word' id='word_1_375' title='bbox 450 4592 555 4630; x_wconf 74' lang='lat' dir='ltr'><strong>non</strong></span> <span class='ocrx_word' id='word_1_376' title='bbox 585 4575 831 4629; x_wconf 79' lang='lat' dir='ltr'><strong>custodit.</strong></span> <span class='ocrx_word' id='word_1_377' title='bbox 851 4574 912 4629; x_wconf 82' lang='lat' dir='ltr'><strong>lli</strong></span> <span class='ocrx_word' id='word_1_378' title='bbox 936 4590 1149 4629; x_wconf 78' lang='lat' dir='ltr'><strong>rursum</strong></span> <span class='ocrx_word' id='word_1_379' title='bbox 1179 4575 1369 4645; x_wconf 77' lang='lat' dir='ltr'><strong>ignave</strong></span> <span class='ocrx_word' id='word_1_380' title='bbox 1395 4586 1578 4646; x_wconf 79' lang='lat' dir='ltr'><strong>agunt.</strong></span> <span class='ocrx_word' id='word_1_381' title='bbox 1607 4576 1738 4632; x_wconf 88' lang='lat' dir='ltr'><strong>Cum</strong></span> 
     </span>
    </p>
   </div>
   <div class='ocr_carea' id='block_1_49' title="bbox 168 4663 1736 4734">
    <p class='ocr_par' dir='ltr' id='par_1_49' title="bbox 168 4663 1736 4734">
     <span class='ocr_line' id='line_1_49' title="bbox 168 4663 1736 4734; baseline 0.006 -22"><span class='ocrx_word' id='word_1_382' title='bbox 168 4663 294 4716; x_wconf 82' lang='lat' dir='ltr'><strong>enim</strong></span> <span class='ocrx_word' id='word_1_383' title='bbox 321 4668 652 4733; x_wconf 81' lang='lat' dir='ltr'><strong>oportuisset</strong></span> <span class='ocrx_word' id='word_1_384' title='bbox 693 4665 982 4721; x_wconf 85' lang='lat' dir='ltr'><strong>ostendere</strong></span> <span class='ocrx_word' id='word_1_385' title='bbox 1028 4681 1136 4720; x_wconf 87' lang='lat' dir='ltr'><strong>non</strong></span> <span class='ocrx_word' id='word_1_386' title='bbox 1182 4667 1368 4722; x_wconf 87' lang='lat' dir='ltr'><strong>violari</strong></span> <span class='ocrx_word' id='word_1_387' title='bbox 1416 4667 1736 4734; x_wconf 87' lang='lat' dir='ltr'><strong>sabbatum,</strong></span> 
     </span>
    </p>
   </div>
   <div class='ocr_carea' id='block_1_50' title="bbox 168 4755 1740 4830">
    <p class='ocr_par' dir='ltr' id='par_1_50' title="bbox 168 4755 1740 4830">
     <span class='ocr_line' id='line_1_50' title="bbox 168 4755 1740 4830; baseline 0.006 -24"><span class='ocrx_word' id='word_1_388' title='bbox 168 4767 223 4806; x_wconf 80' lang='lat' dir='ltr'><strong>rx</strong></span> <span class='ocrx_word' id='word_1_389' title='bbox 267 4755 424 4826; x_wconf 77' lang='lat' dir='ltr'><strong>signis</strong></span> <span class='ocrx_word' id='word_1_390' title='bbox 472 4766 686 4812; x_wconf 84' lang='lat' dir='ltr'><strong>tantum</strong></span> <span class='ocrx_word' id='word_1_391' title='bbox 730 4767 997 4829; x_wconf 77' lang='lat' dir='ltr'><strong>arguunt;</strong></span> <span class='ocrx_word' id='word_1_392' title='bbox 1042 4767 1095 4813; x_wconf 91' lang='lat' dir='ltr'><strong>ct</strong></span> <span class='ocrx_word' id='word_1_393' title='bbox 1133 4758 1255 4828; x_wconf 87' lang='lat' dir='ltr'><strong>jure</strong></span> <span class='ocrx_word' id='word_1_394' title='bbox 1283 4758 1519 4830; x_wconf 87' lang='lat' dir='ltr'><strong>quidem.</strong></span> <span class='ocrx_word' id='word_1_395' title='bbox 1552 4760 1740 4816; x_wconf 83' lang='lat' dir='ltr'><strong>Adhuc</strong></span> 
     </span>
    </p>
   </div>
   <div class='ocr_carea' id='block_1_51' title="bbox 165 4846 1738 4922">
    <p class='ocr_par' dir='ltr' id='par_1_51' title="bbox 165 4846 1738 4922">
     <span class='ocr_line' id='line_1_51' title="bbox 165 4846 1738 4922; baseline 0.007 -25"><span class='ocrx_word' id='word_1_396' title='bbox 165 4846 289 4899; x_wconf 79' lang='lat' dir='ltr'><strong>enim</strong></span> <span class='ocrx_word' id='word_1_397' title='bbox 319 4849 463 4903; x_wconf 78' lang='lat' dir='ltr'><strong>illuni</strong></span> <span class='ocrx_word' id='word_1_398' title='bbox 491 4865 620 4905; x_wconf 61' lang='lat' dir='ltr'><strong>esse.</strong></span> <span class='ocrx_word' id='word_1_399' title='bbox 652 4851 923 4905; x_wconf 83' lang='lat' dir='ltr'><strong>hominem</strong></span> <span class='ocrx_word' id='word_1_400' title='bbox 965 4848 1245 4919; x_wconf 83' lang='lat' dir='ltr'><strong>putabant.</strong></span> <span class='ocrx_word' id='word_1_401' title='bbox 1286 4851 1535 4920; x_wconf 84' lang='lat' dir='ltr'><strong>AliOquin</strong></span> <span class='ocrx_word' id='word_1_402' title='bbox 1585 4863 1738 4922; x_wconf 79' lang='lat' dir='ltr'><strong>pote—</strong></span> 
     </span>
    </p>
   </div>
   <div class='ocr_carea' id='block_1_52' title="bbox 166 4938 1735 5011">
    <p class='ocr_par' dir='ltr' id='par_1_52' title="bbox 166 4938 1735 5011">
     <span class='ocr_line' id='line_1_52' title="bbox 166 4938 1735 5011; baseline 0.006 -24"><span class='ocrx_word' id='word_1_403' title='bbox 166 4944 271 4989; x_wconf 78' lang='lat' dir='ltr'><strong>rant</strong></span> <span class='ocrx_word' id='word_1_404' title='bbox 291 4938 432 4992; x_wconf 85' lang='lat' dir='ltr'><strong>illum</strong></span> <span class='ocrx_word' id='word_1_405' title='bbox 464 4940 578 4994; x_wconf 76' lang='lat' dir='ltr'><strong>alio</strong></span> <span class='ocrx_word' id='word_1_406' title='bbox 603 4939 766 4995; x_wconf 88' lang='lat' dir='ltr'><strong>modo</strong></span> <span class='ocrx_word' id='word_1_407' title='bbox 792 4938 1083 4994; x_wconf 76' lang='lat' dir='ltr'><strong>defendere</strong></span> <span class='ocrx_word' id='word_1_408' title='bbox 1105 4979 1122 5006; x_wconf 92' lang='lat'><strong>,</strong></span> <span class='ocrx_word' id='word_1_409' title='bbox 1153 4938 1296 5010; x_wconf 83' lang='lat' dir='ltr'><strong>quod</strong></span> <span class='ocrx_word' id='word_1_410' title='bbox 1319 4956 1511 5011; x_wconf 88' lang='lat' dir='ltr'><strong>nempe</strong></span> <span class='ocrx_word' id='word_1_411' title='bbox 1531 4941 1735 4997; x_wconf 82' lang='lat' dir='ltr'><strong>sabbati</strong></span> 
     </span>
    </p>
   </div>
   <div class='ocr_carea' id='block_1_53' title="bbox 165 5023 1738 5101">
    <p class='ocr_par' dir='ltr' id='par_1_53' title="bbox 165 5023 1738 5101">
     <span class='ocr_line' id='line_1_53' title="bbox 165 5023 1738 5101; baseline 0.006 -22"><span class='ocrx_word' id='word_1_412' title='bbox 165 5023 400 5083; x_wconf 72' lang='lat' dir='ltr'><strong>Dominus</strong></span> <span class='ocrx_word' id='word_1_413' title='bbox 414 5039 588 5096; x_wconf 82' lang='lat' dir='ltr'><strong>esset,</strong></span> <span class='ocrx_word' id='word_1_414' title='bbox 618 5030 708 5101; x_wconf 87' lang='lat' dir='ltr'><strong>qui</strong></span> <span class='ocrx_word' id='word_1_415' title='bbox 740 5028 869 5084; x_wconf 88' lang='lat' dir='ltr'><strong>illud</strong></span> <span class='ocrx_word' id='word_1_416' title='bbox 899 5030 1176 5085; x_wconf 82' lang='lat' dir='ltr'><strong>statuisset</strong></span> <span class='ocrx_word' id='word_1_417' title='bbox 1205 5047 1219 5084; x_wconf 89' lang='lat'><strong>:</strong></span> <span class='ocrx_word' id='word_1_418' title='bbox 1251 5030 1346 5086; x_wconf 87' lang='lat' dir='ltr'><strong>sed</strong></span> <span class='ocrx_word' id='word_1_419' title='bbox 1376 5030 1614 5087; x_wconf 90' lang='lat' dir='ltr'><strong>nondum</strong></span> <span class='ocrx_word' id='word_1_420' title='bbox 1637 5031 1738 5088; x_wconf 87' lang='lat' dir='ltr'><strong>hac</strong></span> 
     </span>
    </p>
   </div>
   <div class='ocr_carea' id='block_1_54' title="bbox 160 5121 1736 5195">
    <p class='ocr_par' dir='ltr' id='par_1_54' title="bbox 160 5121 1736 5195">
     <span class='ocr_line' id='line_1_54' title="bbox 160 5121 1736 5195; baseline 0.007 -27"><span class='ocrx_word' id='word_1_421' title='bbox 160 5127 299 5171; x_wconf 75' lang='lat' dir='ltr'><strong>erant</strong></span> <span class='ocrx_word' id='word_1_422' title='bbox 323 5123 594 5178; x_wconf 81' lang='lat' dir='ltr'><strong>sententia</strong></span> <span class='ocrx_word' id='word_1_423' title='bbox 613 5125 653 5173; x_wconf 83' lang='lat'><strong>&#39;.</strong></span> <span class='ocrx_word' id='word_1_424' title='bbox 679 5121 850 5177; x_wconf 83' lang='lat' dir='ltr'><strong>Nemo</strong></span> <span class='ocrx_word' id='word_1_425' title='bbox 882 5132 1032 5177; x_wconf 88' lang='lat' dir='ltr'><strong>certe</strong></span> <span class='ocrx_word' id='word_1_426' title='bbox 1057 5136 1242 5176; x_wconf 87' lang='lat' dir='ltr'><strong>eorum</strong></span> <span class='ocrx_word' id='word_1_427' title='bbox 1271 5121 1501 5178; x_wconf 87' lang='lat' dir='ltr'><strong>audebat</strong></span> <span class='ocrx_word' id='word_1_428' title='bbox 1529 5138 1591 5179; x_wconf 89' lang='lat' dir='ltr'><strong>ea</strong></span> <span class='ocrx_word' id='word_1_429' title='bbox 1616 5140 1736 5195; x_wconf 74' lang='lat' dir='ltr'><strong>qua:</strong></span> 
     </span>
    </p>
   </div>
   <div class='ocr_carea' id='block_1_55' title="bbox 158 5213 1732 5285">
    <p class='ocr_par' dir='ltr' id='par_1_55' title="bbox 158 5213 1732 5285">
     <span class='ocr_line' id='line_1_55' title="bbox 158 5213 1732 5285; baseline 0.006 -23"><span class='ocrx_word' id='word_1_430' title='bbox 158 5214 400 5268; x_wconf 80' lang='lat' dir='ltr'><strong>sentiebat</strong></span> <span class='ocrx_word' id='word_1_431' title='bbox 424 5223 616 5283; x_wconf 86' lang='lat' dir='ltr'><strong>aperte</strong></span> <span class='ocrx_word' id='word_1_432' title='bbox 642 5214 877 5284; x_wconf 86' lang='lat' dir='ltr'><strong>proﬁteri</strong></span> <span class='ocrx_word' id='word_1_433' title='bbox 896 5253 914 5281; x_wconf 93' lang='lat'><strong>,</strong></span> <span class='ocrx_word' id='word_1_434' title='bbox 940 5213 1037 5269; x_wconf 84' lang='lat' dir='ltr'><strong>sed</strong></span> <span class='ocrx_word' id='word_1_435' title='bbox 1066 5213 1358 5269; x_wconf 86' lang='lat' dir='ltr'><strong>dubitando</strong></span> <span class='ocrx_word' id='word_1_436' title='bbox 1379 5217 1732 5285; x_wconf 88' lang='lat' dir='ltr'><strong>proponebat,</strong></span> 
     </span>
    </p>
   </div>
   <div class='ocr_carea' id='block_1_56' title="bbox 159 5300 1731 5374">
    <p class='ocr_par' dir='ltr' id='par_1_56' title="bbox 159 5300 1731 5374">
     <span class='ocr_line' id='line_1_56' title="bbox 159 5300 1731 5374; baseline 0.007 -25"><span class='ocrx_word' id='word_1_437' title='bbox 159 5300 237 5353; x_wconf 79' lang='lat' dir='ltr'><strong>alii</strong></span> <span class='ocrx_word' id='word_1_438' title='bbox 282 5313 424 5358; x_wconf 77' lang='lat' dir='ltr'><strong>nicto</strong></span> <span class='ocrx_word' id='word_1_439' title='bbox 477 5306 714 5373; x_wconf 82' lang='lat' dir='ltr'><strong>repressi</strong></span> <span class='ocrx_word' id='word_1_440' title='bbox 763 5313 958 5372; x_wconf 90' lang='lat' dir='ltr'><strong>erant,</strong></span> <span class='ocrx_word' id='word_1_441' title='bbox 1009 5305 1098 5359; x_wconf 81' lang='lat' dir='ltr'><strong>alii</strong></span> <span class='ocrx_word' id='word_1_442' title='bbox 1148 5305 1475 5374; x_wconf 88' lang='lat' dir='ltr'><strong>principatus</strong></span> <span class='ocrx_word' id='word_1_443' title='bbox 1525 5321 1731 5363; x_wconf 89' lang='lat' dir='ltr'><strong>amore.</strong></span> 
     </span>
    </p>
   </div>
   <div class='ocr_carea' id='block_1_57' title="bbox 157 5392 1732 5468">
    <p class='ocr_par' dir='ltr' id='par_1_57' title="bbox 157 5392 1732 5468">
     <span class='ocr_line' id='line_1_57' title="bbox 157 5392 1732 5468; baseline 0.006 -24"><span class='ocrx_word' id='word_1_444' title='bbox 157 5392 371 5449; x_wconf 69' lang='lat' dir='ltr'><strong>Sittium:</strong></span> <span class='ocrx_word' id='word_1_445' title='bbox 393 5398 555 5467; x_wconf 80' lang='lat' dir='ltr'><strong>igitur</strong></span> <span class='ocrx_word' id='word_1_446' title='bbox 575 5406 681 5451; x_wconf 81' lang='lat' dir='ltr'><strong>erat</strong></span> <span class='ocrx_word' id='word_1_447' title='bbox 704 5398 837 5452; x_wconf 80' lang='lat' dir='ltr'><strong>inter</strong></span> <span class='ocrx_word' id='word_1_448' title='bbox 858 5397 994 5451; x_wconf 87' lang='lat' dir='ltr'><strong>illos.</strong></span> <span class='ocrx_word' id='word_1_449' title='bbox 1026 5396 1179 5464; x_wconf 85' lang='lat' dir='ltr'><strong>Quod</strong></span> <span class='ocrx_word' id='word_1_450' title='bbox 1223 5398 1369 5466; x_wconf 69' lang='lat' dir='ltr'><strong>prius</strong></span> <span class='ocrx_word' id='word_1_451' title='bbox 1397 5396 1497 5452; x_wconf 86' lang='lat' dir='ltr'><strong>luit</strong></span> <span class='ocrx_word' id='word_1_452' title='bbox 1537 5399 1590 5452; x_wconf 91' lang='lat' dir='ltr'><strong>in</strong></span> <span class='ocrx_word' id='word_1_453' title='bbox 1634 5414 1732 5468; x_wconf 85' lang='lat' dir='ltr'><strong>po-</strong></span> 
     </span>
    </p>
   </div>
   <div class='ocr_carea' id='block_1_58' title="bbox 160 5485 1731 5561">
    <p class='ocr_par' dir='ltr' id='par_1_58' title="bbox 160 5485 1731 5561">
     <span class='ocr_line' id='line_1_58' title="bbox 160 5485 1731 5561; baseline 0.006 -26"><span class='ocrx_word' id='word_1_454' title='bbox 160 5485 270 5550; x_wconf 64' lang='lat' dir='ltr'><strong>pulo</strong></span> <span class='ocrx_word' id='word_1_455' title='bbox 287 5529 302 5549; x_wconf 90' lang='lat'><strong>,</strong></span> <span class='ocrx_word' id='word_1_456' title='bbox 332 5488 533 5544; x_wconf 85' lang='lat' dir='ltr'><strong>deinde</strong></span> <span class='ocrx_word' id='word_1_457' title='bbox 559 5490 613 5543; x_wconf 88' lang='lat' dir='ltr'><strong>in</strong></span> <span class='ocrx_word' id='word_1_458' title='bbox 637 5490 982 5561; x_wconf 85' lang='lat' dir='ltr'><strong>principibus.</strong></span> <span class='ocrx_word' id='word_1_459' title='bbox 1007 5489 1111 5543; x_wconf 84' lang='lat' dir='ltr'><strong>Alii</strong></span> <span class='ocrx_word' id='word_1_460' title='bbox 1135 5488 1404 5558; x_wconf 84' lang='lat' dir='ltr'><strong>dicebant,</strong></span> <span class='ocrx_word' id='word_1_461' title='bbox 1429 5489 1600 5545; x_wconf 80' lang='lat' dir='ltr'><strong>Bonus</strong></span> <span class='ocrx_word' id='word_1_462' title='bbox 1621 5501 1731 5559; x_wconf 83' lang='lat' dir='ltr'><strong>est;</strong></span> 
     </span>
    </p>
   </div>
   <div class='ocr_carea' id='block_1_59' title="bbox 212 5641 1731 5714">
    <p class='ocr_par' dir='ltr' id='par_1_59' title="bbox 212 5641 1731 5714">
     <span class='ocr_line' id='line_1_59' title="bbox 212 5641 1731 5714; baseline 0.005 -24"><span class='ocrx_word' id='word_1_463' title='bbox 212 5645 225 5671; x_wconf 88' lang='lat'>&#39;</span> <span class='ocrx_word' id='word_1_464' title='bbox 260 5646 536 5714; x_wconf 58' lang='lat' dir='ltr'><strong>manus:</strong></span> <span class='ocrx_word' id='word_1_465' title='bbox 559 5643 756 5714; x_wconf 60' lang='lat' dir='ltr'><strong>sat-ilius</strong></span> <span class='ocrx_word' id='word_1_466' title='bbox 774 5644 1062 5714; x_wconf 66' lang='lat' dir='ltr'><strong>legendum,</strong></span> <span class='ocrx_word' id='word_1_467' title='bbox 1085 5642 1299 5714; x_wconf 75' lang='lat' dir='ltr'><strong>nondum</strong></span> <span class='ocrx_word' id='word_1_468' title='bbox 1325 5641 1463 5714; x_wconf 39' lang='lat' dir='ltr'><strong>&#39;liauc</strong></span> <span class='ocrx_word' id='word_1_469' title='bbox 1500 5644 1731 5711; x_wconf 68' lang='lat' dir='ltr'><strong>habt-bunt</strong></span> 
     </span>
    </p>
   </div>
   <div class='ocr_carea' id='block_1_60' title="bbox 156 5708 1539 5770">
    <p class='ocr_par' dir='ltr' id='par_1_60' title="bbox 156 5708 1539 5770">
     <span class='ocr_line' id='line_1_60' title="bbox 156 5708 1539 5770; baseline 0.004 -21"><span class='ocrx_word' id='word_1_470' title='bbox 156 5712 467 5762; x_wconf 54' lang='grc' dir='ltr'><strong>τιθυειωιριιι.</strong></span> <span class='ocrx_word' id='word_1_471' title='bbox 494 5708 592 5756; x_wconf 75' lang='lat' dir='ltr'><strong>Sed</strong></span> <span class='ocrx_word' id='word_1_472' title='bbox 616 5709 765 5770; x_wconf 83' lang='lat' dir='ltr'><strong>locus,</strong></span> <span class='ocrx_word' id='word_1_473' title='bbox 786 5715 841 5757; x_wconf 92' lang='lat' dir='ltr'><strong>ut</strong></span> <span class='ocrx_word' id='word_1_474' title='bbox 862 5717 935 5758; x_wconf 72' lang='lat' dir='ltr'><strong>est</strong></span> <span class='ocrx_word' id='word_1_475' title='bbox 962 5710 1008 5755; x_wconf 89' lang='lat' dir='ltr'><strong>in</strong></span> <span class='ocrx_word' id='word_1_476' title='bbox 1033 5714 1194 5765; x_wconf 71' lang='lat' dir='ltr'><strong>textu,</strong></span> <span class='ocrx_word' id='word_1_477' title='bbox 1221 5708 1336 5755; x_wconf 78' lang='lat' dir='ltr'><strong>ferri</strong></span> <span class='ocrx_word' id='word_1_478' title='bbox 1363 5715 1539 5767; x_wconf 57' lang='lat' dir='ltr'><strong>Iolcst.</strong></span> 
     </span>
    </p>
   </div>
   <div class='ocr_carea' id='block_1_61' title="bbox 1275 251 2443 328">
    <p class='ocr_par' dir='ltr' id='par_1_61' title="bbox 1275 251 2443 328">
     <span class='ocr_line' id='line_1_61' title="bbox 1275 251 2443 328; baseline 0.018 -21"><span class='ocrx_word' id='word_1_479' title='bbox 1275 251 1338 311; x_wconf 80' lang='grc' dir='ltr'><strong>ΙΝ</strong></span> <span class='ocrx_word' id='word_1_480' title='bbox 1376 253 1688 313; x_wconf 65' lang='grc' dir='ltr'><strong>10.’;ΝΧ1²Ὰ1</strong></span> <span class='ocrx_word' id='word_1_481' title='bbox 1730 257 1961 316; x_wconf 70' lang='grc'><strong>1101111..</strong></span> <span class='ocrx_word' id='word_1_482' title='bbox 2003 264 2157 320; x_wconf 66' lang='grc' dir='ltr'><strong>ινα.</strong></span> <span class='ocrx_word' id='word_1_483' title='bbox 2196 268 2270 325; x_wconf 78' lang='lat' dir='ltr'><strong>nl.</strong></span> <span class='ocrx_word' id='word_1_484' title='bbox 2313 271 2443 328; x_wconf 67' lang='lat' dir='ltr'><strong>LVI.</strong></span> 
     </span>
    </p>
   </div>
   <div class='ocr_carea' id='block_1_62' title="bbox 3389 294 3489 354">
    <p class='ocr_par' dir='ltr' id='par_1_62' title="bbox 3389 294 3489 354">
     <span class='ocr_line' id='line_1_62' title="bbox 3389 294 3489 354; baseline 0.02 -2"><span class='ocrx_word' id='word_1_485' title='bbox 3389 294 3489 354; x_wconf 74' lang='lat' dir='ltr'><strong>5H</strong></span> 
     </span>
    </p>
   </div>
   <div class='ocr_carea' id='block_1_63' title="bbox 1908 377 3503 476">
    <p class='ocr_par' dir='ltr' id='par_1_63' title="bbox 1908 377 3503 476">
     <span class='ocr_line' id='line_1_63' title="bbox 1908 377 3503 476; baseline 0.023 -48"><span class='ocrx_word' id='word_1_486' title='bbox 1908 377 2019 476; x_wconf 70' lang='lat' dir='ltr'><strong>alii,</strong></span> <span class='ocrx_word' id='word_1_487' title='bbox 2049 379 2190 476; x_wconf 76' lang='lat' dir='ltr'><strong>Non,</strong></span> <span class='ocrx_word' id='word_1_488' title='bbox 2218 386 2310 440; x_wconf 82' lang='lat' dir='ltr'><strong>sed</strong></span> <span class='ocrx_word' id='word_1_489' title='bbox 2330 388 2522 444; x_wconf 83' lang='lat' dir='ltr'><strong>seducit</strong></span> <span class='ocrx_word' id='word_1_490' title='bbox 2546 392 2745 448; x_wconf 84' lang='lat' dir='ltr'><strong>turbam</strong></span> <span class='ocrx_word' id='word_1_491' title='bbox 2795 396 2987 467; x_wconf 79' lang='lat' dir='ltr'><strong>(Joan.</strong></span> <span class='ocrx_word' id='word_1_492' title='bbox 3035 398 3087 455; x_wconf 85' lang='lat'><strong>7.</strong></span> <span class='ocrx_word' id='word_1_493' title='bbox 3137 402 3260 473; x_wconf 67' lang='grc' dir='ltr'><strong>η).</strong></span> <span class='ocrx_word' id='word_1_494' title='bbox 3310 406 3503 476; x_wconf 70' lang='lat' dir='ltr'><strong>Viden,</strong></span> 
     </span>
    </p>
   </div>
   <div class='ocr_carea' id='block_1_64' title="bbox 1906 469 3489 569">
    <p class='ocr_par' dir='ltr' id='par_1_64' title="bbox 1906 469 3489 569">
     <span class='ocr_line' id='line_1_64' title="bbox 1906 469 3489 569; baseline 0.021 -48"><span class='ocrx_word' id='word_1_495' title='bbox 1906 469 2060 538; x_wconf 83' lang='lat' dir='ltr'><strong>plebe</strong></span> <span class='ocrx_word' id='word_1_496' title='bbox 2088 472 2538 544; x_wconf 88' lang='lat' dir='ltr'><strong>imprudentiores</strong></span> <span class='ocrx_word' id='word_1_497' title='bbox 2564 486 2830 557; x_wconf 87' lang='lat' dir='ltr'><strong>principes</strong></span> <span class='ocrx_word' id='word_1_498' title='bbox 2858 489 3159 549; x_wconf 78' lang='lat' dir='ltr'><strong>discissos?</strong></span> <span class='ocrx_word' id='word_1_499' title='bbox 3188 469 3294 552; x_wconf 83' lang='lat' dir='ltr'><strong>Sed</strong></span> <span class='ocrx_word' id='word_1_500' title='bbox 3342 514 3489 569; x_wconf 67' lang='lat' dir='ltr'><strong>posr-</strong></span> 
     </span>
    </p>
   </div>
   <div class='ocr_carea' id='block_1_65' title="bbox 1903 566 3486 657">
    <p class='ocr_par' dir='ltr' id='par_1_65' title="bbox 1903 566 3486 657">
     <span class='ocr_line' id='line_1_65' title="bbox 1903 566 3486 657; baseline 0.02 -42"><span class='ocrx_word' id='word_1_501' title='bbox 1903 577 2062 632; x_wconf 86' lang='lat' dir='ltr'><strong>quam</strong></span> <span class='ocrx_word' id='word_1_502' title='bbox 2095 566 2165 620; x_wconf 91' lang='lat' dir='ltr'><strong>ita</strong></span> <span class='ocrx_word' id='word_1_503' title='bbox 2194 569 2347 625; x_wconf 91' lang='lat' dir='ltr'><strong>scissi</strong></span> <span class='ocrx_word' id='word_1_504' title='bbox 2388 583 2553 642; x_wconf 90' lang='lat' dir='ltr'><strong>sunt,</strong></span> <span class='ocrx_word' id='word_1_505' title='bbox 2598 577 2730 634; x_wconf 87' lang='lat' dir='ltr'><strong>nihil</strong></span> <span class='ocrx_word' id='word_1_506' title='bbox 2781 596 3100 649; x_wconf 77' lang='lat' dir='ltr'><strong>generosum</strong></span> <span class='ocrx_word' id='word_1_507' title='bbox 3157 566 3486 657; x_wconf 80' lang='lat' dir='ltr'><strong>exhibuere,</strong></span> 
     </span>
    </p>
   </div>
   <div class='ocr_carea' id='block_1_66' title="bbox 1902 656 3488 747">
    <p class='ocr_par' dir='ltr' id='par_1_66' title="bbox 1902 656 3488 747">
     <span class='ocr_line' id='line_1_66' title="bbox 1902 656 3488 747; baseline 0.018 -37"><span class='ocrx_word' id='word_1_508' title='bbox 1902 670 2024 710; x_wconf 90' lang='lat' dir='ltr'><strong>cum</strong></span> <span class='ocrx_word' id='word_1_509' title='bbox 2053 656 2254 715; x_wconf 91' lang='lat' dir='ltr'><strong>instare</strong></span> <span class='ocrx_word' id='word_1_510' title='bbox 2281 660 2585 722; x_wconf 72' lang='lat' dir='ltr'><strong>Pharismos</strong></span> <span class='ocrx_word' id='word_1_511' title='bbox 2616 668 2875 727; x_wconf 85' lang='lat' dir='ltr'><strong>viderent.</strong></span> <span class='ocrx_word' id='word_1_512' title='bbox 2920 674 3018 743; x_wconf 85' lang='lat' dir='ltr'><strong>Qui</strong></span> <span class='ocrx_word' id='word_1_513' title='bbox 3047 677 3091 730; x_wconf 84' lang='lat' dir='ltr'><strong>si</strong></span> <span class='ocrx_word' id='word_1_514' title='bbox 3126 682 3336 747; x_wconf 91' lang='lat' dir='ltr'><strong>penitus</strong></span> <span class='ocrx_word' id='word_1_515' title='bbox 3381 682 3488 737; x_wconf 78' lang='lat' dir='ltr'><strong>dis-</strong></span> 
     </span>
    </p>
   </div>
   <div class='ocr_carea' id='block_1_67' title="bbox 1901 745 3485 836">
    <p class='ocr_par' dir='ltr' id='par_1_67' title="bbox 1901 745 3485 836">
     <span class='ocr_line' id='line_1_67' title="bbox 1901 745 3485 836; baseline 0.017 -39"><span class='ocrx_word' id='word_1_516' title='bbox 1901 745 2025 800; x_wconf 87' lang='lat' dir='ltr'><strong>cissi</strong></span> <span class='ocrx_word' id='word_1_517' title='bbox 2060 747 2318 819; x_wconf 89' lang='lat' dir='ltr'><strong>fuissent,</strong></span> <span class='ocrx_word' id='word_1_518' title='bbox 2349 756 2528 810; x_wconf 89' lang='lat' dir='ltr'><strong>statim</strong></span> <span class='ocrx_word' id='word_1_519' title='bbox 2560 760 2838 817; x_wconf 85' lang='lat' dir='ltr'><strong>veritatem</strong></span> <span class='ocrx_word' id='word_1_520' title='bbox 2869 745 3137 836; x_wconf 82' lang='lat' dir='ltr'><strong>cognituri</strong></span> <span class='ocrx_word' id='word_1_521' title='bbox 3156 780 3331 825; x_wconf 82' lang='lat' dir='ltr'><strong>erant.</strong></span> <span class='ocrx_word' id='word_1_522' title='bbox 3379 773 3485 827; x_wconf 78' lang='lat' dir='ltr'><strong>Po-</strong></span> 
     </span>
    </p>
   </div>
   <div class='ocr_carea' id='block_1_68' title="bbox 1902 840 3485 928">
    <p class='ocr_par' dir='ltr' id='par_1_68' title="bbox 1902 840 3485 928">
     <span class='ocr_line' id='line_1_68' title="bbox 1902 840 3485 928; baseline 0.019 -39"><span class='ocrx_word' id='word_1_523' title='bbox 1902 845 2001 891; x_wconf 89' lang='lat' dir='ltr'><strong>tcsl</strong></span> <span class='ocrx_word' id='word_1_524' title='bbox 2023 840 2174 894; x_wconf 85' lang='lat' dir='ltr'><strong>&#39;enim</strong></span> <span class='ocrx_word' id='word_1_525' title='bbox 2196 842 2459 899; x_wconf 81' lang='lat' dir='ltr'><strong>dissensio</strong></span> <span class='ocrx_word' id='word_1_526' title='bbox 2484 859 2625 905; x_wconf 76' lang='lat' dir='ltr'><strong>recta</strong></span> <span class='ocrx_word' id='word_1_527' title='bbox 2655 866 2799 909; x_wconf 88' lang='lat' dir='ltr'><strong>esse.</strong></span> <span class='ocrx_word' id='word_1_528' title='bbox 2828 855 2951 910; x_wconf 87' lang='lat' dir='ltr'><strong>Ideo</strong></span> <span class='ocrx_word' id='word_1_529' title='bbox 2982 859 3070 913; x_wconf 91' lang='lat' dir='ltr'><strong>ille</strong></span> <span class='ocrx_word' id='word_1_530' title='bbox 3100 860 3328 928; x_wconf 82' lang='lat' dir='ltr'><strong>dicebat,</strong></span> <span class='ocrx_word' id='word_1_531' title='bbox 3365 864 3485 920; x_wconf 73' lang='lat' dir='ltr'><strong>Non</strong></span> 
     </span>
    </p>
   </div>
   <div class='ocr_carea' id='block_1_69' title="bbox 1899 929 3479 1021">
    <p class='ocr_par' dir='ltr' id='par_1_69' title="bbox 1899 929 3479 1021">
     <span class='ocr_line' id='line_1_69' title="bbox 1899 929 3479 1021; baseline 0.02 -43"><span class='ocrx_word' id='word_1_532' title='bbox 1899 929 2010 980; x_wconf 74' lang='lat' dir='ltr'><strong>veni</strong></span> <span class='ocrx_word' id='word_1_533' title='bbox 2035 944 2209 996; x_wconf 81' lang='lat' dir='ltr'><strong>pacem</strong></span> <span class='ocrx_word' id='word_1_534' title='bbox 2232 934 2434 989; x_wconf 67' lang='lat' dir='ltr'><strong>mittere</strong></span> <span class='ocrx_word' id='word_1_535' title='bbox 2454 938 2503 989; x_wconf 89' lang='lat' dir='ltr'><strong>in</strong></span> <span class='ocrx_word' id='word_1_536' title='bbox 2526 948 2733 1009; x_wconf 85' lang='lat' dir='ltr'><strong>terram,</strong></span> <span class='ocrx_word' id='word_1_537' title='bbox 2762 945 2851 996; x_wconf 73' lang='lat' dir='ltr'><strong>sed</strong></span> <span class='ocrx_word' id='word_1_538' title='bbox 2871 947 3098 1015; x_wconf 80' lang='lat' dir='ltr'><strong>gladium</strong></span> <span class='ocrx_word' id='word_1_539' title='bbox 3130 952 3349 1021; x_wconf 78' lang='lat' dir='ltr'><strong>(Matth.</strong></span> <span class='ocrx_word' id='word_1_540' title='bbox 3393 956 3479 1010; x_wconf 90' lang='grc'><strong>10.</strong></span> 
     </span>
    </p>
   </div>
   <div class='ocr_carea' id='block_1_70' title="bbox 1896 1017 3481 1107">
    <p class='ocr_par' dir='ltr' id='par_1_70' title="bbox 1896 1017 3481 1107">
     <span class='ocr_line' id='line_1_70' title="bbox 1896 1017 3481 1107; baseline 0.018 -35"><span class='ocrx_word' id='word_1_541' title='bbox 1896 1017 2033 1090; x_wconf 81' lang='grc'><strong>51).</strong></span> <span class='ocrx_word' id='word_1_542' title='bbox 2058 1020 2155 1075; x_wconf 82' lang='lat' dir='ltr'><strong>Est</strong></span> <span class='ocrx_word' id='word_1_543' title='bbox 2189 1024 2330 1078; x_wconf 88' lang='lat' dir='ltr'><strong>enim</strong></span> <span class='ocrx_word' id='word_1_544' title='bbox 2355 1027 2523 1083; x_wconf 84' lang='lat' dir='ltr'><strong>etiam</strong></span> <span class='ocrx_word' id='word_1_545' title='bbox 2556 1032 2692 1087; x_wconf 85' lang='lat' dir='ltr'><strong>mala</strong></span> <span class='ocrx_word' id='word_1_546' title='bbox 2738 1040 3063 1107; x_wconf 81' lang='lat' dir='ltr'><strong>concordia,</strong></span> <span class='ocrx_word' id='word_1_547' title='bbox 3114 1053 3169 1097; x_wconf 87' lang='lat' dir='ltr'><strong>et</strong></span> <span class='ocrx_word' id='word_1_548' title='bbox 3213 1043 3481 1101; x_wconf 79' lang='lat' dir='ltr'><strong>discordia</strong></span> 
     </span>
    </p>
   </div>
   <div class='ocr_carea' id='block_1_71' title="bbox 1896 1111 3479 1194">
    <p class='ocr_par' dir='ltr' id='par_1_71' title="bbox 1896 1111 3479 1194">
     <span class='ocr_line' id='line_1_71' title="bbox 1896 1111 3479 1194; baseline 0.017 -27"><span class='ocrx_word' id='word_1_549' title='bbox 1896 1111 2057 1168; x_wconf 73' lang='lat' dir='ltr'><strong>benti.</strong></span> <span class='ocrx_word' id='word_1_550' title='bbox 2085 1114 2217 1170; x_wconf 83' lang='lat' dir='ltr'><strong>Nunt</strong></span> <span class='ocrx_word' id='word_1_551' title='bbox 2240 1121 2328 1188; x_wconf 89' lang='lat' dir='ltr'><strong>qui</strong></span> <span class='ocrx_word' id='word_1_552' title='bbox 2362 1122 2548 1177; x_wconf 90' lang='lat' dir='ltr'><strong>turrim</strong></span> <span class='ocrx_word' id='word_1_553' title='bbox 2576 1125 2907 1184; x_wconf 72' lang='lat' dir='ltr'><strong>aedificabant</strong></span> <span class='ocrx_word' id='word_1_554' title='bbox 2926 1173 2939 1194; x_wconf 94' lang='lat'><strong>,</strong></span> <span class='ocrx_word' id='word_1_555' title='bbox 2971 1133 3022 1185; x_wconf 93' lang='lat' dir='ltr'><strong>in</strong></span> <span class='ocrx_word' id='word_1_556' title='bbox 3045 1134 3295 1191; x_wconf 76' lang='lat' dir='ltr'><strong>datnnum</strong></span> <span class='ocrx_word' id='word_1_557' title='bbox 3325 1155 3479 1193; x_wconf 89' lang='lat' dir='ltr'><strong>suum</strong></span> 
     </span>
    </p>
   </div>
   <div class='ocr_carea' id='block_1_72' title="bbox 1892 1206 3479 1296">
    <p class='ocr_par' dir='ltr' id='par_1_72' title="bbox 1892 1206 3479 1296">
     <span class='ocr_line' id='line_1_72' title="bbox 1892 1206 3479 1296; baseline 0.019 -41"><span class='ocrx_word' id='word_1_558' title='bbox 1892 1206 2190 1262; x_wconf 87' lang='lat' dir='ltr'><strong>concordes</strong></span> <span class='ocrx_word' id='word_1_559' title='bbox 2240 1221 2425 1273; x_wconf 86' lang='lat' dir='ltr'><strong>erant;</strong></span> <span class='ocrx_word' id='word_1_560' title='bbox 2473 1223 2631 1283; x_wconf 88' lang='lat' dir='ltr'><strong>atque</strong></span> <span class='ocrx_word' id='word_1_561' title='bbox 2677 1218 2834 1273; x_wconf 89' lang='lat' dir='ltr'><strong>iidem</strong></span> <span class='ocrx_word' id='word_1_562' title='bbox 2874 1222 3008 1290; x_wconf 85' lang='lat' dir='ltr'><strong>ipsi,</strong></span> <span class='ocrx_word' id='word_1_563' title='bbox 3052 1224 3173 1279; x_wconf 79' lang='lat' dir='ltr'><strong>licet</strong></span> <span class='ocrx_word' id='word_1_564' title='bbox 3198 1227 3382 1296; x_wconf 86' lang='lat' dir='ltr'><strong>inviti,</strong></span> <span class='ocrx_word' id='word_1_565' title='bbox 3428 1230 3479 1284; x_wconf 88' lang='lat' dir='ltr'><strong>in</strong></span> 
     </span>
    </p>
   </div>
   <div class='ocr_carea' id='block_1_73' title="bbox 1892 1298 3478 1378">
    <p class='ocr_par' dir='ltr' id='par_1_73' title="bbox 1892 1298 3478 1378">
     <span class='ocr_line' id='line_1_73' title="bbox 1892 1298 3478 1378; baseline 0.018 -30"><span class='ocrx_word' id='word_1_566' title='bbox 1892 1298 2235 1352; x_wconf 86' lang='lat' dir='ltr'><strong>commodum</strong></span> <span class='ocrx_word' id='word_1_567' title='bbox 2268 1315 2421 1356; x_wconf 88' lang='lat' dir='ltr'><strong>smun</strong></span> <span class='ocrx_word' id='word_1_568' title='bbox 2449 1303 2604 1360; x_wconf 83' lang='lat' dir='ltr'><strong>divisi</strong></span> <span class='ocrx_word' id='word_1_569' title='bbox 2633 1319 2774 1364; x_wconf 91' lang='lat' dir='ltr'><strong>sunt.</strong></span> <span class='ocrx_word' id='word_1_570' title='bbox 2806 1310 2942 1368; x_wconf 88' lang='lat' dir='ltr'><strong>Core</strong></span> <span class='ocrx_word' id='word_1_571' title='bbox 2966 1324 3140 1371; x_wconf 90' lang='lat' dir='ltr'><strong>autem</strong></span> <span class='ocrx_word' id='word_1_572' title='bbox 3169 1333 3288 1373; x_wconf 88' lang='lat' dir='ltr'><strong>cum</strong></span> <span class='ocrx_word' id='word_1_573' title='bbox 3318 1324 3478 1378; x_wconf 83' lang='lat' dir='ltr'><strong>sociis</strong></span> 
     </span>
    </p>
   </div>
   <div class='ocr_carea' id='block_1_74' title="bbox 1890 1386 3473 1480">
    <p class='ocr_par' dir='ltr' id='par_1_74' title="bbox 1890 1386 3473 1480">
     <span class='ocr_line' id='line_1_74' title="bbox 1890 1386 3473 1480; baseline 0.016 -43"><span class='ocrx_word' id='word_1_574' title='bbox 1890 1386 2031 1441; x_wconf 85' lang='lat' dir='ltr'><strong>male</strong></span> <span class='ocrx_word' id='word_1_575' title='bbox 2062 1402 2446 1448; x_wconf 84' lang='lat' dir='ltr'><strong>consenserant</strong></span> <span class='ocrx_word' id='word_1_576' title='bbox 2471 1411 2487 1461; x_wconf 92' lang='lat'><strong>;</strong></span> <span class='ocrx_word' id='word_1_577' title='bbox 2524 1397 2641 1453; x_wconf 90' lang='lat' dir='ltr'><strong>ideo</strong></span> <span class='ocrx_word' id='word_1_578' title='bbox 2668 1399 2801 1455; x_wconf 89' lang='lat' dir='ltr'><strong>bene</strong></span> <span class='ocrx_word' id='word_1_579' title='bbox 2824 1403 2978 1458; x_wconf 85' lang='lat' dir='ltr'><strong>divisi</strong></span> <span class='ocrx_word' id='word_1_580' title='bbox 2996 1415 3136 1459; x_wconf 89' lang='lat' dir='ltr'><strong>sunt.</strong></span> <span class='ocrx_word' id='word_1_581' title='bbox 3156 1408 3319 1464; x_wconf 86' lang='lat' dir='ltr'><strong>Judas</strong></span> <span class='ocrx_word' id='word_1_582' title='bbox 3340 1429 3473 1480; x_wconf 76' lang='lat' dir='ltr'><strong>quu-</strong></span> 
     </span>
    </p>
   </div>
   <div class='ocr_carea' id='block_1_75' title="bbox 1888 1481 3472 1568">
    <p class='ocr_par' dir='ltr' id='par_1_75' title="bbox 1888 1481 3472 1568">
     <span class='ocr_line' id='line_1_75' title="bbox 1888 1481 3472 1568; baseline 0.02 -43"><span class='ocrx_word' id='word_1_583' title='bbox 1888 1492 1992 1545; x_wconf 90' lang='lat' dir='ltr'><strong>que</strong></span> <span class='ocrx_word' id='word_1_584' title='bbox 2034 1494 2154 1534; x_wconf 91' lang='lat' dir='ltr'><strong>cum</strong></span> <span class='ocrx_word' id='word_1_585' title='bbox 2199 1481 2399 1539; x_wconf 72' lang='lat' dir='ltr'><strong>Judaris</strong></span> <span class='ocrx_word' id='word_1_586' title='bbox 2443 1488 2581 1543; x_wconf 83' lang='lat' dir='ltr'><strong>male</strong></span> <span class='ocrx_word' id='word_1_587' title='bbox 2625 1494 2917 1548; x_wconf 84' lang='lat' dir='ltr'><strong>consensit.</strong></span> <span class='ocrx_word' id='word_1_588' title='bbox 2957 1496 3137 1552; x_wconf 68' lang='lat' dir='ltr'><strong>Potest</strong></span> <span class='ocrx_word' id='word_1_589' title='bbox 3165 1516 3295 1568; x_wconf 77' lang='lat' dir='ltr'><strong>ergo</strong></span> <span class='ocrx_word' id='word_1_590' title='bbox 3337 1502 3472 1557; x_wconf 88' lang='lat' dir='ltr'><strong>bona</strong></span> 
     </span>
    </p>
   </div>
   <div class='ocr_carea' id='block_1_76' title="bbox 1887 1570 3474 1655">
    <p class='ocr_par' dir='ltr' id='par_1_76' title="bbox 1887 1570 3474 1655">
     <span class='ocr_line' id='line_1_76' title="bbox 1887 1570 3474 1655; baseline 0.017 -33"><span class='ocrx_word' id='word_1_591' title='bbox 1887 1570 2180 1641; x_wconf 64' lang='lat' dir='ltr'><strong>discordia,</strong></span> <span class='ocrx_word' id='word_1_592' title='bbox 2214 1584 2267 1630; x_wconf 91' lang='lat' dir='ltr'><strong>et</strong></span> <span class='ocrx_word' id='word_1_593' title='bbox 2297 1576 2436 1633; x_wconf 85' lang='lat' dir='ltr'><strong>mala</strong></span> <span class='ocrx_word' id='word_1_594' title='bbox 2466 1583 2750 1638; x_wconf 85' lang='lat' dir='ltr'><strong>concordia</strong></span> <span class='ocrx_word' id='word_1_595' title='bbox 2783 1601 2921 1641; x_wconf 80' lang='lat' dir='ltr'><strong>esse.</strong></span> <span class='ocrx_word' id='word_1_596' title='bbox 2950 1586 3074 1643; x_wconf 85' lang='lat' dir='ltr'><strong>ldco</strong></span> <span class='ocrx_word' id='word_1_597' title='bbox 3103 1592 3196 1655; x_wconf 86' lang='lat' dir='ltr'><strong>ait,</strong></span> <span class='ocrx_word' id='word_1_598' title='bbox 3221 1592 3281 1647; x_wconf 82' lang='lat' dir='ltr'><strong>Si</strong></span> <span class='ocrx_word' id='word_1_599' title='bbox 3297 1595 3474 1649; x_wconf 80' lang='lat' dir='ltr'><strong>oculos</strong></span> 
     </span>
    </p>
   </div>
   <div class='ocr_carea' id='block_1_77' title="bbox 1887 1664 3473 1746">
    <p class='ocr_par' dir='ltr' id='par_1_77' title="bbox 1887 1664 3473 1746">
     <span class='ocr_line' id='line_1_77' title="bbox 1887 1664 3473 1746; baseline 0.016 -35"><span class='ocrx_word' id='word_1_600' title='bbox 1887 1669 2004 1715; x_wconf 81' lang='lat' dir='ltr'><strong>tuus</strong></span> <span class='ocrx_word' id='word_1_601' title='bbox 2024 1664 2337 1720; x_wconf 75' lang='lat' dir='ltr'><strong>scandalizat</strong></span> <span class='ocrx_word' id='word_1_602' title='bbox 2366 1677 2452 1735; x_wconf 78' lang='lat' dir='ltr'><strong>te,</strong></span> <span class='ocrx_word' id='word_1_603' title='bbox 2484 1686 2603 1726; x_wconf 84' lang='lat' dir='ltr'><strong>erue</strong></span> <span class='ocrx_word' id='word_1_604' title='bbox 2622 1689 2732 1726; x_wconf 89' lang='lat' dir='ltr'><strong>cum</strong></span> <span class='ocrx_word' id='word_1_605' title='bbox 2756 1689 2776 1737; x_wconf 89' lang='lat'><em>;</em></span> <span class='ocrx_word' id='word_1_606' title='bbox 2804 1685 2852 1730; x_wconf 88' lang='lat' dir='ltr'><strong>et</strong></span> <span class='ocrx_word' id='word_1_607' title='bbox 2872 1678 2917 1730; x_wconf 90' lang='lat' dir='ltr'><strong>si</strong></span> <span class='ocrx_word' id='word_1_608' title='bbox 2946 1694 3032 1746; x_wconf 81' lang='lat' dir='ltr'><strong>pes</strong></span> <span class='ocrx_word' id='word_1_609' title='bbox 3056 1688 3171 1734; x_wconf 81' lang='lat' dir='ltr'><strong>tuus</strong></span> <span class='ocrx_word' id='word_1_610' title='bbox 3194 1723 3209 1746; x_wconf 93' lang='lat'><strong>,</strong></span> <span class='ocrx_word' id='word_1_611' title='bbox 3239 1682 3473 1737; x_wconf 74' lang='lat' dir='ltr'><strong>abscinde</strong></span> 
     </span>
    </p>
   </div>
   <div class='ocr_carea' id='block_1_78' title="bbox 1887 1751 3471 1834">
    <p class='ocr_par' dir='ltr' id='par_1_78' title="bbox 1887 1751 3471 1834">
     <span class='ocr_line' id='line_1_78' title="bbox 1887 1751 3471 1834; baseline 0.018 -31"><span class='ocrx_word' id='word_1_612' title='bbox 1887 1751 2114 1820; x_wconf 76' lang='lat' dir='ltr'><strong>(Matth.</strong></span> <span class='ocrx_word' id='word_1_613' title='bbox 2147 1756 2201 1811; x_wconf 85' lang='lat'><strong>5.</strong></span> <span class='ocrx_word' id='word_1_614' title='bbox 2233 1756 2326 1813; x_wconf 72' lang='lat'><strong>29.</strong></span> <span class='ocrx_word' id='word_1_615' title='bbox 2356 1769 2403 1814; x_wconf 85' lang='lat' dir='ltr'><strong>et</strong></span> <span class='ocrx_word' id='word_1_616' title='bbox 2434 1762 2519 1816; x_wconf 86' lang='lat' dir='ltr'><strong>l8.</strong></span> <span class='ocrx_word' id='word_1_617' title='bbox 2562 1762 2655 1834; x_wconf 90' lang='lat'><strong>8).</strong></span> <span class='ocrx_word' id='word_1_618' title='bbox 2701 1765 2755 1822; x_wconf 91' lang='lat' dir='ltr'><strong>Si</strong></span> <span class='ocrx_word' id='word_1_619' title='bbox 2806 1770 3103 1825; x_wconf 88' lang='lat' dir='ltr'><strong>membrum</strong></span> <span class='ocrx_word' id='word_1_620' title='bbox 3151 1774 3292 1830; x_wconf 91' lang='lat' dir='ltr'><strong>male</strong></span> <span class='ocrx_word' id='word_1_621' title='bbox 3339 1791 3471 1831; x_wconf 86' lang='lat' dir='ltr'><strong>con-</strong></span> 
     </span>
    </p>
   </div>
   <div class='ocr_carea' id='block_1_79' title="bbox 1880 1844 3471 1930">
    <p class='ocr_par' dir='ltr' id='par_1_79' title="bbox 1880 1844 3471 1930">
     <span class='ocr_line' id='line_1_79' title="bbox 1880 1844 3471 1930; baseline 0.016 -32"><span class='ocrx_word' id='word_1_622' title='bbox 1880 1844 2123 1911; x_wconf 87' lang='lat' dir='ltr'><strong>juuctum</strong></span> <span class='ocrx_word' id='word_1_623' title='bbox 2149 1849 2569 1910; x_wconf 84' lang='lat' dir='ltr'><strong>abscindendum</strong></span> <span class='ocrx_word' id='word_1_624' title='bbox 2597 1897 2612 1921; x_wconf 92' lang='lat'><strong>,</strong></span> <span class='ocrx_word' id='word_1_625' title='bbox 2647 1874 2824 1915; x_wconf 90' lang='lat' dir='ltr'><strong>nonne</strong></span> <span class='ocrx_word' id='word_1_626' title='bbox 2853 1862 3023 1916; x_wconf 88' lang='lat' dir='ltr'><strong>multo</strong></span> <span class='ocrx_word' id='word_1_627' title='bbox 3056 1865 3225 1930; x_wconf 70' lang='lat' dir='ltr'><strong>magis</strong></span> <span class='ocrx_word' id='word_1_628' title='bbox 3254 1868 3321 1921; x_wconf 87' lang='lat' dir='ltr'><strong>ab</strong></span> <span class='ocrx_word' id='word_1_629' title='bbox 3344 1871 3471 1923; x_wconf 80' lang='lat' dir='ltr'><strong>ami-</strong></span> 
     </span>
    </p>
   </div>
   <div class='ocr_carea' id='block_1_80' title="bbox 1880 1940 3468 2028">
    <p class='ocr_par' dir='ltr' id='par_1_80' title="bbox 1880 1940 3468 2028">
     <span class='ocr_line' id='line_1_80' title="bbox 1880 1940 3468 2028; baseline 0.015 -38"><span class='ocrx_word' id='word_1_630' title='bbox 1880 1942 1957 1991; x_wconf 91' lang='lat' dir='ltr'><strong>cis</strong></span> <span class='ocrx_word' id='word_1_631' title='bbox 1983 1940 2124 1995; x_wconf 89' lang='lat' dir='ltr'><strong>male</strong></span> <span class='ocrx_word' id='word_1_632' title='bbox 2167 1943 2470 2028; x_wconf 78' lang='lat' dir='ltr'><strong>conjunctis</strong></span> <span class='ocrx_word' id='word_1_633' title='bbox 2515 1946 2757 2004; x_wconf 85' lang='lat' dir='ltr'><strong>abseindi</strong></span> <span class='ocrx_word' id='word_1_634' title='bbox 2806 1955 3058 2021; x_wconf 83' lang='lat' dir='ltr'><strong>oportet?</strong></span> <span class='ocrx_word' id='word_1_635' title='bbox 3107 1955 3287 2027; x_wconf 85' lang='lat' dir='ltr'><strong>Itaque</strong></span> <span class='ocrx_word' id='word_1_636' title='bbox 3332 1975 3468 2015; x_wconf 91' lang='lat' dir='ltr'><strong>con-</strong></span> 
     </span>
    </p>
   </div>
   <div class='ocr_carea' id='block_1_81' title="bbox 1878 2029 3468 2117">
    <p class='ocr_par' dir='ltr' id='par_1_81' title="bbox 1878 2029 3468 2117">
     <span class='ocr_line' id='line_1_81' title="bbox 1878 2029 3468 2117; baseline 0.015 -35"><span class='ocrx_word' id='word_1_637' title='bbox 1878 2029 2061 2083; x_wconf 87' lang='lat' dir='ltr'><strong>cordia</strong></span> <span class='ocrx_word' id='word_1_638' title='bbox 2089 2047 2193 2086; x_wconf 87' lang='lat' dir='ltr'><strong>non</strong></span> <span class='ocrx_word' id='word_1_639' title='bbox 2223 2048 2439 2105; x_wconf 82' lang='lat' dir='ltr'><strong>semper</strong></span> <span class='ocrx_word' id='word_1_640' title='bbox 2463 2036 2598 2092; x_wconf 85' lang='lat' dir='ltr'><strong>bona</strong></span> <span class='ocrx_word' id='word_1_641' title='bbox 2623 2049 2746 2108; x_wconf 82' lang='lat' dir='ltr'><strong>est,</strong></span> <span class='ocrx_word' id='word_1_642' title='bbox 2777 2049 2834 2096; x_wconf 90' lang='lat' dir='ltr'><strong>ut</strong></span> <span class='ocrx_word' id='word_1_643' title='bbox 2867 2058 2966 2099; x_wconf 90' lang='lat' dir='ltr'><strong>nec</strong></span> <span class='ocrx_word' id='word_1_644' title='bbox 2999 2058 3213 2117; x_wconf 81' lang='lat' dir='ltr'><strong>semper</strong></span> <span class='ocrx_word' id='word_1_645' title='bbox 3259 2049 3468 2105; x_wconf 83' lang='lat' dir='ltr'><strong>discor-</strong></span> 
     </span>
    </p>
   </div>
   <div class='ocr_carea' id='block_1_82' title="bbox 1877 2121 2148 2179">
    <p class='ocr_par' dir='ltr' id='par_1_82' title="bbox 1877 2121 2148 2179">
     <span class='ocr_line' id='line_1_82' title="bbox 1877 2121 2148 2179; baseline 0.011 -4"><span class='ocrx_word' id='word_1_646' title='bbox 1877 2121 1960 2175; x_wconf 92' lang='lat' dir='ltr'><strong>dia</strong></span> <span class='ocrx_word' id='word_1_647' title='bbox 1990 2124 2148 2179; x_wconf 89' lang='lat' dir='ltr'><strong>mala.</strong></span> 
     </span>
    </p>
   </div>
   <div class='ocr_carea' id='block_1_83' title="bbox 1948 2215 3461 2298">
    <p class='ocr_par' dir='ltr' id='par_1_83' title="bbox 1948 2215 3461 2298">
     <span class='ocr_line' id='line_1_83' title="bbox 1948 2215 3461 2298; baseline 0.016 -31"><span class='ocrx_word' id='word_1_648' title='bbox 1948 2215 2000 2268; x_wconf 86' lang='lat'><strong>5.</strong></span> <span class='ocrx_word' id='word_1_649' title='bbox 2033 2216 2155 2271; x_wconf 75' lang='lat' dir='ltr'><strong>llaec</strong></span> <span class='ocrx_word' id='word_1_650' title='bbox 2175 2217 2297 2273; x_wconf 85' lang='lat' dir='ltr'><strong>dico</strong></span> <span class='ocrx_word' id='word_1_651' title='bbox 2320 2228 2377 2274; x_wconf 85' lang='lat' dir='ltr'><strong>ut</strong></span> <span class='ocrx_word' id='word_1_652' title='bbox 2408 2223 2576 2276; x_wconf 82' lang='lat' dir='ltr'><strong>malos</strong></span> <span class='ocrx_word' id='word_1_653' title='bbox 2617 2223 2912 2296; x_wconf 74' lang='lat' dir='ltr'><strong>fugiamus,</strong></span> <span class='ocrx_word' id='word_1_654' title='bbox 2954 2244 3244 2298; x_wconf 80' lang='lat' dir='ltr'><strong>sequamur</strong></span> <span class='ocrx_word' id='word_1_655' title='bbox 3272 2235 3461 2291; x_wconf 81' lang='lat' dir='ltr'><strong>bonos.</strong></span> 
     </span>
    </p>
   </div>
   <div class='ocr_carea' id='block_1_84' title="bbox 1874 2303 3455 2388">
    <p class='ocr_par' dir='ltr' id='par_1_84' title="bbox 1874 2303 3455 2388">
     <span class='ocr_line' id='line_1_84' title="bbox 1874 2303 3455 2388; baseline 0.014 -30"><span class='ocrx_word' id='word_1_656' title='bbox 1874 2303 2003 2359; x_wconf 83' lang='lat' dir='ltr'><strong>Nam</strong></span> <span class='ocrx_word' id='word_1_657' title='bbox 2028 2308 2074 2360; x_wconf 78' lang='lat' dir='ltr'><strong>si</strong></span> <span class='ocrx_word' id='word_1_658' title='bbox 2103 2310 2337 2363; x_wconf 88' lang='lat' dir='ltr'><strong>membra</strong></span> <span class='ocrx_word' id='word_1_659' title='bbox 2367 2314 2574 2380; x_wconf 90' lang='lat' dir='ltr'><strong>putrida</strong></span> <span class='ocrx_word' id='word_1_660' title='bbox 2605 2316 2844 2372; x_wconf 85' lang='lat' dir='ltr'><strong>incurabi</strong></span> <span class='ocrx_word' id='word_1_661' title='bbox 2870 2319 2917 2373; x_wconf 88' lang='lat' dir='ltr'><strong>ia</strong></span> <span class='ocrx_word' id='word_1_662' title='bbox 2948 2321 3316 2378; x_wconf 82' lang='lat' dir='ltr'><strong>exsciudimns</strong></span> <span class='ocrx_word' id='word_1_663' title='bbox 3342 2369 3355 2388; x_wconf 86' lang='lat'><strong>,</strong></span> <span class='ocrx_word' id='word_1_664' title='bbox 3389 2343 3455 2381; x_wconf 90' lang='lat' dir='ltr'><strong>ne</strong></span> 
     </span>
    </p>
   </div>
   <div class='ocr_carea' id='block_1_85' title="bbox 1875 2397 3456 2486">
    <p class='ocr_par' dir='ltr' id='par_1_85' title="bbox 1875 2397 3456 2486">
     <span class='ocr_line' id='line_1_85' title="bbox 1875 2397 3456 2486; baseline 0.013 -36"><span class='ocrx_word' id='word_1_665' title='bbox 1875 2397 2131 2468; x_wconf 71' lang='lat' dir='ltr'><strong>reliquum</strong></span> <span class='ocrx_word' id='word_1_666' title='bbox 2160 2417 2355 2470; x_wconf 80' lang='lat' dir='ltr'><strong>corpus</strong></span> <span class='ocrx_word' id='word_1_667' title='bbox 2382 2404 2604 2472; x_wconf 76' lang='lat' dir='ltr'><strong>perdant</strong></span> <span class='ocrx_word' id='word_1_668' title='bbox 2630 2423 2644 2470; x_wconf 87' lang='lat'><strong>;</strong></span> <span class='ocrx_word' id='word_1_669' title='bbox 2680 2407 2838 2478; x_wconf 90' lang='lat' dir='ltr'><strong>idque</strong></span> <span class='ocrx_word' id='word_1_670' title='bbox 2868 2408 3096 2466; x_wconf 81' lang='lat' dir='ltr'><strong>facimus</strong></span> <span class='ocrx_word' id='word_1_671' title='bbox 3121 2454 3135 2475; x_wconf 83' lang='lat'><strong>,</strong></span> <span class='ocrx_word' id='word_1_672' title='bbox 3167 2429 3271 2468; x_wconf 89' lang='lat' dir='ltr'><strong>non</strong></span> <span class='ocrx_word' id='word_1_673' title='bbox 3311 2417 3456 2486; x_wconf 82' lang='lat' dir='ltr'><strong>quod</strong></span> 
     </span>
    </p>
   </div>
   <div class='ocr_carea' id='block_1_86' title="bbox 1875 2492 3457 2564">
    <p class='ocr_par' dir='ltr' id='par_1_86' title="bbox 1875 2492 3457 2564">
     <span class='ocr_line' id='line_1_86' title="bbox 1875 2492 3457 2564; baseline 0.014 -22"><span class='ocrx_word' id='word_1_674' title='bbox 1875 2492 2170 2547; x_wconf 77' lang='lat' dir='ltr'><strong>membrum</strong></span> <span class='ocrx_word' id='word_1_675' title='bbox 2207 2493 2604 2563; x_wconf 73' lang='lat' dir='ltr'><strong>despiciamus,</strong></span> <span class='ocrx_word' id='word_1_676' title='bbox 2652 2499 2746 2552; x_wconf 90' lang='lat' dir='ltr'><strong>sed</strong></span> <span class='ocrx_word' id='word_1_677' title='bbox 2797 2509 2854 2555; x_wconf 90' lang='lat' dir='ltr'><strong>ut</strong></span> <span class='ocrx_word' id='word_1_678' title='bbox 2903 2512 3097 2558; x_wconf 74' lang='lat' dir='ltr'><strong>ctetera</strong></span> <span class='ocrx_word' id='word_1_679' title='bbox 3143 2520 3457 2564; x_wconf 87' lang='lat' dir='ltr'><strong>servemus:</strong></span> 
     </span>
    </p>
   </div>
   <div class='ocr_carea' id='block_1_87' title="bbox 1870 2588 3461 2668">
    <p class='ocr_par' dir='ltr' id='par_1_87' title="bbox 1870 2588 3461 2668">
     <span class='ocr_line' id='line_1_87' title="bbox 1870 2588 3461 2668; baseline 0.014 -33"><span class='ocrx_word' id='word_1_680' title='bbox 1870 2595 2071 2652; x_wconf 88' lang='lat' dir='ltr'><strong>quanto</strong></span> <span class='ocrx_word' id='word_1_681' title='bbox 2101 2589 2268 2657; x_wconf 78' lang='lat' dir='ltr'><strong>magis</strong></span> <span class='ocrx_word' id='word_1_682' title='bbox 2294 2588 2395 2644; x_wconf 90' lang='lat' dir='ltr'><strong>hoc</strong></span> <span class='ocrx_word' id='word_1_683' title='bbox 2423 2592 2689 2659; x_wconf 80' lang='lat' dir='ltr'><strong>agendum</strong></span> <span class='ocrx_word' id='word_1_684' title='bbox 2717 2595 2858 2651; x_wconf 84' lang='lat' dir='ltr'><strong>circa</strong></span> <span class='ocrx_word' id='word_1_685' title='bbox 2883 2611 2978 2651; x_wconf 88' lang='lat' dir='ltr'><strong>eos</strong></span> <span class='ocrx_word' id='word_1_686' title='bbox 3004 2599 3092 2668; x_wconf 89' lang='lat' dir='ltr'><strong>qui</strong></span> <span class='ocrx_word' id='word_1_687' title='bbox 3126 2600 3262 2655; x_wconf 87' lang='lat' dir='ltr'><strong>male</strong></span> <span class='ocrx_word' id='word_1_688' title='bbox 3307 2604 3461 2658; x_wconf 85' lang='lat' dir='ltr'><strong>nobis</strong></span> 
     </span>
    </p>
   </div>
   <div class='ocr_carea' id='block_1_88' title="bbox 1864 2674 3457 2758">
    <p class='ocr_par' dir='ltr' id='par_1_88' title="bbox 1864 2674 3457 2758">
     <span class='ocr_line' id='line_1_88' title="bbox 1864 2674 3457 2758; baseline 0.014 -32"><span class='ocrx_word' id='word_1_689' title='bbox 1864 2674 2035 2741; x_wconf 77' lang='lat' dir='ltr'><strong>juncti</strong></span> <span class='ocrx_word' id='word_1_690' title='bbox 2075 2679 2246 2732; x_wconf 75' lang='lat' dir='ltr'><strong>sunt?</strong></span> <span class='ocrx_word' id='word_1_691' title='bbox 2282 2680 2435 2748; x_wconf 83' lang='lat' dir='ltr'><strong>Quod</strong></span> <span class='ocrx_word' id='word_1_692' title='bbox 2469 2682 2511 2736; x_wconf 74' lang='lat' dir='ltr'><strong>si</strong></span> <span class='ocrx_word' id='word_1_693' title='bbox 2544 2684 2809 2753; x_wconf 81' lang='lat' dir='ltr'><strong>possimus</strong></span> <span class='ocrx_word' id='word_1_694' title='bbox 2848 2687 2952 2744; x_wconf 87' lang='lat' dir='ltr'><strong>illis</strong></span> <span class='ocrx_word' id='word_1_695' title='bbox 2977 2693 3293 2758; x_wconf 81' lang='lat' dir='ltr'><strong>emetulatis,</strong></span> <span class='ocrx_word' id='word_1_696' title='bbox 3327 2696 3457 2749; x_wconf 82' lang='lat' dir='ltr'><strong>nihil</strong></span> 
     </span>
    </p>
   </div>
   <div class='ocr_carea' id='block_1_89' title="bbox 1869 2766 3454 2841">
    <p class='ocr_par' dir='ltr' id='par_1_89' title="bbox 1869 2766 3454 2841">
     <span class='ocr_line' id='line_1_89' title="bbox 1869 2766 3454 2841; baseline 0.013 -23"><span class='ocrx_word' id='word_1_697' title='bbox 1869 2766 2045 2820; x_wconf 88' lang='lat' dir='ltr'><strong>damni</strong></span> <span class='ocrx_word' id='word_1_698' title='bbox 2077 2770 2358 2841; x_wconf 87' lang='lat' dir='ltr'><strong>accipere;</strong></span> <span class='ocrx_word' id='word_1_699' title='bbox 2392 2772 2442 2826; x_wconf 90' lang='lat' dir='ltr'><strong>id</strong></span> <span class='ocrx_word' id='word_1_700' title='bbox 2469 2776 2613 2828; x_wconf 88' lang='lat' dir='ltr'><strong>onmi</strong></span> <span class='ocrx_word' id='word_1_701' title='bbox 2643 2787 2835 2833; x_wconf 87' lang='lat' dir='ltr'><strong>conatu</strong></span> <span class='ocrx_word' id='word_1_702' title='bbox 2873 2781 3181 2836; x_wconf 86' lang='lat' dir='ltr'><strong>tentandum</strong></span> <span class='ocrx_word' id='word_1_703' title='bbox 3218 2801 3231 2838; x_wconf 87' lang='lat'><strong>:</strong></span> <span class='ocrx_word' id='word_1_704' title='bbox 3264 2785 3347 2838; x_wconf 89' lang='lat' dir='ltr'><strong>sin</strong></span> <span class='ocrx_word' id='word_1_705' title='bbox 3382 2786 3454 2839; x_wconf 85' lang='lat' dir='ltr'><strong>illi</strong></span> 
     </span>
    </p>
   </div>
   <div class='ocr_carea' id='block_1_90' title="bbox 1865 2854 3456 2936">
    <p class='ocr_par' dir='ltr' id='par_1_90' title="bbox 1865 2854 3456 2936">
     <span class='ocr_line' id='line_1_90' title="bbox 1865 2854 3456 2936; baseline 0.011 -25"><span class='ocrx_word' id='word_1_706' title='bbox 1865 2859 2057 2928; x_wconf 81' lang='lat' dir='ltr'><strong>corrigi</strong></span> <span class='ocrx_word' id='word_1_707' title='bbox 2090 2871 2387 2931; x_wconf 78' lang='lat' dir='ltr'><strong>nequeant,</strong></span> <span class='ocrx_word' id='word_1_708' title='bbox 2435 2854 2696 2936; x_wconf 85' lang='lat' dir='ltr'><strong>nobisque</strong></span> <span class='ocrx_word' id='word_1_709' title='bbox 2741 2879 3002 2931; x_wconf 85' lang='lat' dir='ltr'><strong>noceant.</strong></span> <span class='ocrx_word' id='word_1_710' title='bbox 3044 2872 3357 2928; x_wconf 77' lang='lat' dir='ltr'><strong>exscindere</strong></span> <span class='ocrx_word' id='word_1_711' title='bbox 3400 2884 3456 2929; x_wconf 91' lang='lat' dir='ltr'><strong>ct</strong></span> 
     </span>
    </p>
   </div>
   <div class='ocr_carea' id='block_1_91' title="bbox 1865 2949 3455 3031">
    <p class='ocr_par' dir='ltr' id='par_1_91' title="bbox 1865 2949 3455 3031">
     <span class='ocr_line' id='line_1_91' title="bbox 1865 2949 3455 3031; baseline 0.012 -32"><span class='ocrx_word' id='word_1_712' title='bbox 1865 2949 2099 3018; x_wconf 86' lang='lat' dir='ltr'><strong>abjicere</strong></span> <span class='ocrx_word' id='word_1_713' title='bbox 2124 2963 2357 3020; x_wconf 80' lang='lat' dir='ltr'><strong>Oportet.</strong></span> <span class='ocrx_word' id='word_1_714' title='bbox 2388 2953 2523 3007; x_wconf 75' lang='lat' dir='ltr'><strong>ilinr</strong></span> <span class='ocrx_word' id='word_1_715' title='bbox 2541 2957 2682 3009; x_wconf 89' lang='lat' dir='ltr'><strong>enim</strong></span> <span class='ocrx_word' id='word_1_716' title='bbox 2704 2957 2779 3011; x_wconf 88' lang='lat' dir='ltr'><strong>illi</strong></span> <span class='ocrx_word' id='word_1_717' title='bbox 2803 2974 2946 3029; x_wconf 63' lang='lat' dir='ltr'><strong>sape</strong></span> <span class='ocrx_word' id='word_1_718' title='bbox 2974 2964 3141 3031; x_wconf 82' lang='lat' dir='ltr'><strong>magis</strong></span> <span class='ocrx_word' id='word_1_719' title='bbox 3171 2963 3455 3018; x_wconf 78' lang='lat' dir='ltr'><strong>lucrabitu-</strong></span> 
     </span>
    </p>
   </div>
   <div class='ocr_carea' id='block_1_92' title="bbox 1866 3040 3452 3119">
    <p class='ocr_par' dir='ltr' id='par_1_92' title="bbox 1866 3040 3452 3119">
     <span class='ocr_line' id='line_1_92' title="bbox 1866 3040 3452 3119; baseline 0.011 -27"><span class='ocrx_word' id='word_1_720' title='bbox 1866 3046 1970 3093; x_wconf 88' lang='lat' dir='ltr'><strong>tur.</strong></span> <span class='ocrx_word' id='word_1_721' title='bbox 2008 3040 2157 3095; x_wconf 89' lang='lat' dir='ltr'><strong>Unde</strong></span> <span class='ocrx_word' id='word_1_722' title='bbox 2180 3042 2376 3097; x_wconf 85' lang='lat' dir='ltr'><strong>Paulus</strong></span> <span class='ocrx_word' id='word_1_723' title='bbox 2400 3045 2477 3097; x_wconf 87' lang='lat' dir='ltr'><strong>sic</strong></span> <span class='ocrx_word' id='word_1_724' title='bbox 2508 3045 2750 3102; x_wconf 82' lang='lat' dir='ltr'><strong>hortatur</strong></span> <span class='ocrx_word' id='word_1_725' title='bbox 2779 3066 2793 3102; x_wconf 91' lang='lat'><strong>:</strong></span> <span class='ocrx_word' id='word_1_726' title='bbox 2821 3049 3029 3119; x_wconf 75' lang='lat' dir='ltr'><strong>Auferte</strong></span> <span class='ocrx_word' id='word_1_727' title='bbox 3044 3054 3229 3107; x_wconf 80' lang='lat' dir='ltr'><strong>nmium</strong></span> <span class='ocrx_word' id='word_1_728' title='bbox 3251 3055 3313 3108; x_wconf 82' lang='lat' dir='ltr'><strong>de</strong></span> <span class='ocrx_word' id='word_1_729' title='bbox 3343 3074 3452 3110; x_wconf 75' lang='lat' dir='ltr'><strong>me-</strong></span> 
     </span>
    </p>
   </div>
   <div class='ocr_carea' id='block_1_93' title="bbox 1862 3130 3448 3206">
    <p class='ocr_par' dir='ltr' id='par_1_93' title="bbox 1862 3130 3448 3206">
     <span class='ocr_line' id='line_1_93' title="bbox 1862 3130 3448 3206; baseline 0.011 -25"><span class='ocrx_word' id='word_1_730' title='bbox 1862 3130 1948 3183; x_wconf 85' lang='lat' dir='ltr'><strong>dio</strong></span> <span class='ocrx_word' id='word_1_731' title='bbox 1980 3141 2194 3184; x_wconf 73' lang='lat' dir='ltr'><strong>vestrum</strong></span> <span class='ocrx_word' id='word_1_732' title='bbox 2224 3132 2243 3205; x_wconf 90' lang='lat'><strong>(</strong></span> <span class='ocrx_word' id='word_1_733' title='bbox 2270 3132 2288 3185; x_wconf 91' lang='lat' dir='ltr'><strong>l</strong></span> <span class='ocrx_word' id='word_1_734' title='bbox 2324 3132 2443 3186; x_wconf 84' lang='lat' dir='ltr'><strong>Cor.</strong></span> <span class='ocrx_word' id='word_1_735' title='bbox 2471 3134 2525 3189; x_wconf 87' lang='lat'><strong>8.</strong></span> <span class='ocrx_word' id='word_1_736' title='bbox 2550 3134 2689 3206; x_wconf 78' lang='grc'><strong>15),</strong></span> <span class='ocrx_word' id='word_1_737' title='bbox 2712 3145 2768 3191; x_wconf 92' lang='lat' dir='ltr'><strong>ct</strong></span> <span class='ocrx_word' id='word_1_738' title='bbox 2788 3178 2803 3202; x_wconf 90' lang='lat'><strong>,</strong></span> <span class='ocrx_word' id='word_1_739' title='bbox 2837 3136 2907 3192; x_wconf 86' lang='lat' dir='ltr'><strong>Ut</strong></span> <span class='ocrx_word' id='word_1_740' title='bbox 2934 3141 3142 3193; x_wconf 74' lang='lat' dir='ltr'><strong>tollatur</strong></span> <span class='ocrx_word' id='word_1_741' title='bbox 3182 3144 3247 3196; x_wconf 83' lang='lat' dir='ltr'><strong>de</strong></span> <span class='ocrx_word' id='word_1_742' title='bbox 3282 3146 3448 3199; x_wconf 77' lang='lat' dir='ltr'><strong>medio</strong></span> 
     </span>
    </p>
   </div>
   <div class='ocr_carea' id='block_1_94' title="bbox 1860 3223 3446 3303">
    <p class='ocr_par' dir='ltr' id='par_1_94' title="bbox 1860 3223 3446 3303">
     <span class='ocr_line' id='line_1_94' title="bbox 1860 3223 3446 3303; baseline 0.01 -29"><span class='ocrx_word' id='word_1_743' title='bbox 1860 3232 2076 3275; x_wconf 79' lang='lat' dir='ltr'><strong>vestrum</strong></span> <span class='ocrx_word' id='word_1_744' title='bbox 2099 3226 2185 3292; x_wconf 85' lang='lat' dir='ltr'><strong>qui</strong></span> <span class='ocrx_word' id='word_1_745' title='bbox 2209 3223 2304 3276; x_wconf 78' lang='lat' dir='ltr'><strong>Itoc</strong></span> <span class='ocrx_word' id='word_1_746' title='bbox 2331 3240 2461 3293; x_wconf 86' lang='lat' dir='ltr'><strong>opus</strong></span> <span class='ocrx_word' id='word_1_747' title='bbox 2491 3226 2607 3293; x_wconf 74' lang='lat' dir='ltr'><strong>fecit</strong></span> <span class='ocrx_word' id='word_1_748' title='bbox 2644 3226 2665 3298; x_wconf 90' lang='lat'><strong>(</strong></span> <span class='ocrx_word' id='word_1_749' title='bbox 2682 3226 2820 3281; x_wconf 83' lang='lat' dir='ltr'><strong>Ibid.</strong></span> <span class='ocrx_word' id='word_1_750' title='bbox 2851 3245 2898 3282; x_wconf 83' lang='grc' dir='ltr'><strong>υ.</strong></span> <span class='ocrx_word' id='word_1_751' title='bbox 2942 3230 3042 3303; x_wconf 72' lang='grc'><strong>2).</strong></span> <span class='ocrx_word' id='word_1_752' title='bbox 3086 3232 3446 3291; x_wconf 85' lang='lat' dir='ltr'><strong>Peruiciosum</strong></span> 
     </span>
    </p>
   </div>
   <div class='ocr_carea' id='block_1_95' title="bbox 1860 3312 3446 3388">
    <p class='ocr_par' dir='ltr' id='par_1_95' title="bbox 1860 3312 3446 3388">
     <span class='ocr_line' id='line_1_95' title="bbox 1860 3312 3446 3388; baseline 0.008 -22"><span class='ocrx_word' id='word_1_753' title='bbox 1860 3313 2002 3366; x_wconf 90' lang='lat' dir='ltr'><strong>enim</strong></span> <span class='ocrx_word' id='word_1_754' title='bbox 2029 3354 2045 3379; x_wconf 95' lang='lat'><strong>,</strong></span> <span class='ocrx_word' id='word_1_755' title='bbox 2089 3312 2446 3383; x_wconf 82' lang='lat' dir='ltr'><strong>perniciosum</strong></span> <span class='ocrx_word' id='word_1_756' title='bbox 2471 3317 2653 3385; x_wconf 74' lang='lat' dir='ltr'><strong>utique</strong></span> <span class='ocrx_word' id='word_1_757' title='bbox 2677 3325 2760 3371; x_wconf 89' lang='lat' dir='ltr'><strong>est</strong></span> <span class='ocrx_word' id='word_1_758' title='bbox 2790 3333 3071 3388; x_wconf 85' lang='lat' dir='ltr'><strong>pravorum</strong></span> <span class='ocrx_word' id='word_1_759' title='bbox 3095 3326 3446 3378; x_wconf 79' lang='lat' dir='ltr'><strong>cottsortitun.</strong></span> 
     </span>
    </p>
   </div>
   <div class='ocr_carea' id='block_1_96' title="bbox 1858 3403 3447 3484">
    <p class='ocr_par' dir='ltr' id='par_1_96' title="bbox 1858 3403 3447 3484">
     <span class='ocr_line' id='line_1_96' title="bbox 1858 3403 3447 3484; baseline 0.008 -26"><span class='ocrx_word' id='word_1_760' title='bbox 1858 3403 1973 3459; x_wconf 84' lang='lat' dir='ltr'><strong>Non</strong></span> <span class='ocrx_word' id='word_1_761' title='bbox 1999 3413 2104 3459; x_wconf 88' lang='lat' dir='ltr'><strong>tam</strong></span> <span class='ocrx_word' id='word_1_762' title='bbox 2138 3406 2244 3461; x_wconf 92' lang='lat' dir='ltr'><strong>cito</strong></span> <span class='ocrx_word' id='word_1_763' title='bbox 2270 3406 2431 3476; x_wconf 84' lang='lat' dir='ltr'><strong>pestis</strong></span> <span class='ocrx_word' id='word_1_764' title='bbox 2457 3418 2729 3477; x_wconf 80' lang='lat' dir='ltr'><strong>grassatur</strong></span> <span class='ocrx_word' id='word_1_765' title='bbox 2750 3450 2765 3475; x_wconf 94' lang='lat'><strong>,</strong></span> <span class='ocrx_word' id='word_1_766' title='bbox 2815 3420 2871 3466; x_wconf 91' lang='lat' dir='ltr'><strong>et</strong></span> <span class='ocrx_word' id='word_1_767' title='bbox 2909 3412 3118 3467; x_wconf 86' lang='lat' dir='ltr'><strong>scabies</strong></span> <span class='ocrx_word' id='word_1_768' title='bbox 3153 3418 3447 3484; x_wconf 83' lang='lat' dir='ltr'><strong>corrumpit</strong></span> 
     </span>
    </p>
   </div>
   <div class='ocr_carea' id='block_1_97' title="bbox 1859 3497 3445 3575">
    <p class='ocr_par' dir='ltr' id='par_1_97' title="bbox 1859 3497 3445 3575">
     <span class='ocr_line' id='line_1_97' title="bbox 1859 3497 3445 3575; baseline 0.005 -23"><span class='ocrx_word' id='word_1_769' title='bbox 1859 3497 1944 3553; x_wconf 90' lang='lat' dir='ltr'><strong>illa</strong></span> <span class='ocrx_word' id='word_1_770' title='bbox 1973 3497 2213 3564; x_wconf 72' lang='lat' dir='ltr'><strong>affectos,</strong></span> <span class='ocrx_word' id='word_1_771' title='bbox 2236 3508 2292 3553; x_wconf 83' lang='grc' dir='ltr'>ιιι</span> <span class='ocrx_word' id='word_1_772' title='bbox 2320 3514 2606 3569; x_wconf 87' lang='lat' dir='ltr'><strong>pravorum</strong></span> <span class='ocrx_word' id='word_1_773' title='bbox 2636 3502 2871 3571; x_wconf 89' lang='lat' dir='ltr'><strong>nequitia</strong></span> <span class='ocrx_word' id='word_1_774' title='bbox 2911 3520 2925 3557; x_wconf 89' lang='lat'><strong>:</strong></span> <span class='ocrx_word' id='word_1_775' title='bbox 2952 3520 3075 3559; x_wconf 88' lang='lat' dir='ltr'><strong>nam</strong></span> <span class='ocrx_word' id='word_1_776' title='bbox 3104 3504 3445 3575; x_wconf 82' lang='lat' dir='ltr'><strong>Corrumpunt</strong></span> 
     </span>
    </p>
   </div>
   <div class='ocr_carea' id='block_1_98' title="bbox 1856 3590 3448 3668">
    <p class='ocr_par' dir='ltr' id='par_1_98' title="bbox 1856 3590 3448 3668">
     <span class='ocr_line' id='line_1_98' title="bbox 1856 3590 3448 3668; baseline 0.006 -24"><span class='ocrx_word' id='word_1_777' title='bbox 1856 3590 2012 3645; x_wconf 86' lang='lat' dir='ltr'><strong>bonos</strong></span> <span class='ocrx_word' id='word_1_778' title='bbox 2041 3608 2204 3646; x_wconf 80' lang='lat' dir='ltr'><strong>mores</strong></span> <span class='ocrx_word' id='word_1_779' title='bbox 2227 3592 2476 3663; x_wconf 81' lang='lat' dir='ltr'><strong>colloquia</strong></span> <span class='ocrx_word' id='word_1_780' title='bbox 2501 3610 2658 3661; x_wconf 80' lang='lat' dir='ltr'><strong>prora</strong></span> <span class='ocrx_word' id='word_1_781' title='bbox 2699 3594 2794 3662; x_wconf 83' lang='lat' dir='ltr'><strong>(l.</strong></span> <span class='ocrx_word' id='word_1_782' title='bbox 2843 3593 2962 3650; x_wconf 87' lang='lat' dir='ltr'><strong>Cor.</strong></span> <span class='ocrx_word' id='word_1_783' title='bbox 3010 3597 3097 3651; x_wconf 77' lang='grc'><strong>15.</strong></span> <span class='ocrx_word' id='word_1_784' title='bbox 3140 3597 3267 3668; x_wconf 83' lang='grc'><strong>55).</strong></span> <span class='ocrx_word' id='word_1_785' title='bbox 3316 3598 3448 3654; x_wconf 83' lang='lat' dir='ltr'><strong>Pro-</strong></span> 
     </span>
    </p>
   </div>
   <div class='ocr_carea' id='block_1_99' title="bbox 1858 3683 3442 3760">
    <p class='ocr_par' dir='ltr' id='par_1_99' title="bbox 1858 3683 3442 3760">
     <span class='ocr_line' id='line_1_99' title="bbox 1858 3683 3442 3760; baseline 0.006 -25"><span class='ocrx_word' id='word_1_786' title='bbox 1858 3683 2015 3752; x_wconf 90' lang='lat' dir='ltr'><strong>pheta</strong></span> <span class='ocrx_word' id='word_1_787' title='bbox 2046 3699 2277 3754; x_wconf 88' lang='lat' dir='ltr'><strong>quoque.</strong></span> <span class='ocrx_word' id='word_1_788' title='bbox 2314 3683 2627 3755; x_wconf 81' lang='lat' dir='ltr'><strong>Egredimini</strong></span> <span class='ocrx_word' id='word_1_789' title='bbox 2655 3685 2719 3739; x_wconf 84' lang='lat' dir='ltr'><strong>de</strong></span> <span class='ocrx_word' id='word_1_790' title='bbox 2746 3687 2912 3741; x_wconf 81' lang='lat' dir='ltr'><strong>medio</strong></span> <span class='ocrx_word' id='word_1_791' title='bbox 2942 3703 3114 3741; x_wconf 84' lang='lat' dir='ltr'><strong>eorum</strong></span> <span class='ocrx_word' id='word_1_792' title='bbox 3138 3730 3153 3752; x_wconf 93' lang='lat'><strong>,</strong></span> <span class='ocrx_word' id='word_1_793' title='bbox 3186 3699 3232 3741; x_wconf 85' lang='lat' dir='ltr'><strong>ct</strong></span> <span class='ocrx_word' id='word_1_794' title='bbox 3271 3706 3442 3760; x_wconf 83' lang='lat' dir='ltr'><strong>segre-</strong></span> 
     </span>
    </p>
   </div>
   <div class='ocr_carea' id='block_1_100' title="bbox 1853 3774 3446 3849">
    <p class='ocr_par' dir='ltr' id='par_1_100' title="bbox 1853 3774 3446 3849">
     <span class='ocr_line' id='line_1_100' title="bbox 1853 3774 3446 3849; baseline 0.005 -22"><span class='ocrx_word' id='word_1_795' title='bbox 1853 3775 2046 3845; x_wconf 86' lang='lat' dir='ltr'><strong>gamiui</strong></span> <span class='ocrx_word' id='word_1_796' title='bbox 2069 3775 2089 3845; x_wconf 90' lang='lat'><strong>(</strong></span> <span class='ocrx_word' id='word_1_797' title='bbox 2112 3774 2225 3829; x_wconf 82' lang='lat' dir='ltr'><strong>Jer.</strong></span> <span class='ocrx_word' id='word_1_798' title='bbox 2262 3774 2351 3830; x_wconf 83' lang='lat'><strong>5|.</strong></span> <span class='ocrx_word' id='word_1_799' title='bbox 2389 3775 2461 3830; x_wconf 70' lang='grc'><strong>45</strong></span> <span class='ocrx_word' id='word_1_800' title='bbox 2480 3776 2520 3847; x_wconf 89' lang='grc'><strong>).</strong></span> <span class='ocrx_word' id='word_1_801' title='bbox 2556 3775 2726 3831; x_wconf 85' lang='lat' dir='ltr'><strong>Nemo</strong></span> <span class='ocrx_word' id='word_1_802' title='bbox 2757 3777 2933 3847; x_wconf 89' lang='lat' dir='ltr'><strong>itaque</strong></span> <span class='ocrx_word' id='word_1_803' title='bbox 2982 3778 3226 3849; x_wconf 89' lang='lat' dir='ltr'><strong>improbo</strong></span> <span class='ocrx_word' id='word_1_804' title='bbox 3269 3791 3446 3835; x_wconf 84' lang='lat' dir='ltr'><strong>utatur</strong></span> 
     </span>
    </p>
   </div>
   <div class='ocr_carea' id='block_1_101' title="bbox 1853 3866 3443 3943">
    <p class='ocr_par' dir='ltr' id='par_1_101' title="bbox 1853 3866 3443 3943">
     <span class='ocr_line' id='line_1_101' title="bbox 1853 3866 3443 3943; baseline 0.004 -22"><span class='ocrx_word' id='word_1_805' title='bbox 1853 3866 2050 3923; x_wconf 87' lang='lat' dir='ltr'><strong>amico.</strong></span> <span class='ocrx_word' id='word_1_806' title='bbox 2082 3866 2213 3922; x_wconf 86' lang='lat' dir='ltr'><strong>Nam</strong></span> <span class='ocrx_word' id='word_1_807' title='bbox 2244 3867 2289 3922; x_wconf 88' lang='lat' dir='ltr'><strong>si</strong></span> <span class='ocrx_word' id='word_1_808' title='bbox 2316 3883 2510 3939; x_wconf 84' lang='lat' dir='ltr'><strong>pravos</strong></span> <span class='ocrx_word' id='word_1_809' title='bbox 2538 3869 2676 3923; x_wconf 88' lang='lat' dir='ltr'><strong>lilios</strong></span> <span class='ocrx_word' id='word_1_810' title='bbox 2702 3868 3091 3925; x_wconf 71' lang='lat' dir='ltr'><strong>cxhrredamus</strong></span> <span class='ocrx_word' id='word_1_811' title='bbox 3113 3912 3130 3937; x_wconf 89' lang='lat'><strong>,</strong></span> <span class='ocrx_word' id='word_1_812' title='bbox 3155 3887 3325 3943; x_wconf 89' lang='lat' dir='ltr'><strong>neque</strong></span> <span class='ocrx_word' id='word_1_813' title='bbox 3349 3890 3443 3928; x_wconf 82' lang='lat' dir='ltr'><strong>na-</strong></span> 
     </span>
    </p>
   </div>
   <div class='ocr_carea' id='block_1_102' title="bbox 1855 3958 3442 4028">
    <p class='ocr_par' dir='ltr' id='par_1_102' title="bbox 1855 3958 3442 4028">
     <span class='ocr_line' id='line_1_102' title="bbox 1855 3958 3442 4028; baseline 0.003 -17"><span class='ocrx_word' id='word_1_814' title='bbox 1855 3967 2025 4012; x_wconf 89' lang='lat' dir='ltr'><strong>turam</strong></span> <span class='ocrx_word' id='word_1_815' title='bbox 2052 3973 2384 4023; x_wconf 84' lang='lat' dir='ltr'><strong>reveremur,</strong></span> <span class='ocrx_word' id='word_1_816' title='bbox 2412 3959 2495 4013; x_wconf 86' lang='lat' dir='ltr'><strong>vel</strong></span> <span class='ocrx_word' id='word_1_817' title='bbox 2524 3958 2670 4028; x_wconf 82' lang='lat' dir='ltr'><strong>leges</strong></span> <span class='ocrx_word' id='word_1_818' title='bbox 2695 3959 2813 4028; x_wconf 84' lang='lat' dir='ltr'><strong>ejus</strong></span> <span class='ocrx_word' id='word_1_819' title='bbox 2838 3999 2853 4024; x_wconf 91' lang='lat'><strong>,</strong></span> <span class='ocrx_word' id='word_1_820' title='bbox 2889 3976 3061 4028; x_wconf 87' lang='lat' dir='ltr'><strong>neque</strong></span> <span class='ocrx_word' id='word_1_821' title='bbox 3094 3963 3442 4016; x_wconf 78' lang='lat' dir='ltr'><strong>necessitudi-</strong></span> 
     </span>
    </p>
   </div>
   <div class='ocr_carea' id='block_1_103' title="bbox 1852 4048 3441 4122">
    <p class='ocr_par' dir='ltr' id='par_1_103' title="bbox 1852 4048 3441 4122">
     <span class='ocr_line' id='line_1_103' title="bbox 1852 4048 3441 4122; baseline 0.002 -19"><span class='ocrx_word' id='word_1_822' title='bbox 1852 4063 1973 4103; x_wconf 90' lang='lat' dir='ltr'><strong>nem</strong></span> <span class='ocrx_word' id='word_1_823' title='bbox 2000 4048 2247 4119; x_wconf 87' lang='lat' dir='ltr'><strong>quamvis</strong></span> <span class='ocrx_word' id='word_1_824' title='bbox 2273 4065 2287 4101; x_wconf 91' lang='lat'><strong>:</strong></span> <span class='ocrx_word' id='word_1_825' title='bbox 2318 4048 2484 4103; x_wconf 91' lang='lat' dir='ltr'><strong>multo</strong></span> <span class='ocrx_word' id='word_1_826' title='bbox 2505 4049 2673 4118; x_wconf 81' lang='lat' dir='ltr'><strong>magis</strong></span> <span class='ocrx_word' id='word_1_827' title='bbox 2696 4059 2852 4104; x_wconf 84' lang='lat' dir='ltr'><strong>notos</strong></span> <span class='ocrx_word' id='word_1_828' title='bbox 2868 4059 2923 4103; x_wconf 80' lang='lat' dir='ltr'><strong>et</strong></span> <span class='ocrx_word' id='word_1_829' title='bbox 2949 4050 3236 4105; x_wconf 88' lang='lat' dir='ltr'><strong>familiares</strong></span> <span class='ocrx_word' id='word_1_830' title='bbox 3259 4051 3441 4122; x_wconf 67' lang='lat' dir='ltr'><strong>fugere</strong></span> 
     </span>
    </p>
   </div>
   <div class='ocr_carea' id='block_1_104' title="bbox 1851 4139 3439 4211">
    <p class='ocr_par' dir='ltr' id='par_1_104' title="bbox 1851 4139 3439 4211">
     <span class='ocr_line' id='line_1_104' title="bbox 1851 4139 3439 4211; baseline 0.003 -16"><span class='ocrx_word' id='word_1_831' title='bbox 1851 4149 2084 4211; x_wconf 78' lang='lat' dir='ltr'><strong>Oportet,</strong></span> <span class='ocrx_word' id='word_1_832' title='bbox 2112 4140 2157 4194; x_wconf 92' lang='lat' dir='ltr'><strong>si</strong></span> <span class='ocrx_word' id='word_1_833' title='bbox 2176 4139 2298 4194; x_wconf 89' lang='lat' dir='ltr'><strong>mali</strong></span> <span class='ocrx_word' id='word_1_834' title='bbox 2327 4140 2453 4194; x_wconf 89' lang='lat' dir='ltr'><strong>sint.</strong></span> <span class='ocrx_word' id='word_1_835' title='bbox 2478 4139 2733 4206; x_wconf 84' lang='lat' dir='ltr'><strong>Quamvis</strong></span> <span class='ocrx_word' id='word_1_836' title='bbox 2759 4141 2902 4196; x_wconf 90' lang='lat' dir='ltr'><strong>enim</strong></span> <span class='ocrx_word' id='word_1_837' title='bbox 2925 4141 3072 4198; x_wconf 88' lang='lat' dir='ltr'><strong>nullo</strong></span> <span class='ocrx_word' id='word_1_838' title='bbox 3094 4142 3219 4197; x_wconf 91' lang='lat' dir='ltr'><strong>hinc</strong></span> <span class='ocrx_word' id='word_1_839' title='bbox 3241 4143 3439 4199; x_wconf 88' lang='lat' dir='ltr'><strong>damno</strong></span> 
     </span>
    </p>
   </div>
   <div class='ocr_carea' id='block_1_105' title="bbox 1849 4231 3440 4307">
    <p class='ocr_par' dir='ltr' id='par_1_105' title="bbox 1849 4231 3440 4307">
     <span class='ocr_line' id='line_1_105' title="bbox 1849 4231 3440 4307; baseline 0.004 -22"><span class='ocrx_word' id='word_1_840' title='bbox 1849 4233 2147 4289; x_wconf 82' lang='lat' dir='ltr'><strong>afficiantur</strong></span> <span class='ocrx_word' id='word_1_841' title='bbox 2171 4273 2186 4298; x_wconf 91' lang='lat'><strong>,</strong></span> <span class='ocrx_word' id='word_1_842' title='bbox 2218 4232 2411 4287; x_wconf 89' lang='lat' dir='ltr'><strong>malam</strong></span> <span class='ocrx_word' id='word_1_843' title='bbox 2441 4242 2616 4287; x_wconf 88' lang='lat' dir='ltr'><strong>tamen</strong></span> <span class='ocrx_word' id='word_1_844' title='bbox 2641 4231 2835 4288; x_wconf 90' lang='lat' dir='ltr'><strong>famam</strong></span> <span class='ocrx_word' id='word_1_845' title='bbox 2864 4235 3034 4290; x_wconf 84' lang='lat' dir='ltr'><strong>vitare</strong></span> <span class='ocrx_word' id='word_1_846' title='bbox 3080 4250 3186 4289; x_wconf 91' lang='lat' dir='ltr'><strong>non</strong></span> <span class='ocrx_word' id='word_1_847' title='bbox 3240 4238 3440 4307; x_wconf 86' lang='lat' dir='ltr'><strong>poteri-</strong></span> 
     </span>
    </p>
   </div>
   <div class='ocr_carea' id='block_1_106' title="bbox 1850 4325 3438 4396">
    <p class='ocr_par' dir='ltr' id='par_1_106' title="bbox 1850 4325 3438 4396">
     <span class='ocr_line' id='line_1_106' title="bbox 1850 4325 3438 4396; baseline 0.001 -14"><span class='ocrx_word' id='word_1_848' title='bbox 1850 4343 1990 4382; x_wconf 89' lang='lat' dir='ltr'><strong>mus.</strong></span> <span class='ocrx_word' id='word_1_849' title='bbox 2020 4325 2270 4381; x_wconf 72' lang='lat' dir='ltr'><strong>Extranei</strong></span> <span class='ocrx_word' id='word_1_850' title='bbox 2300 4340 2534 4395; x_wconf 90' lang='lat' dir='ltr'><strong>namque</strong></span> <span class='ocrx_word' id='word_1_851' title='bbox 2564 4342 2669 4380; x_wconf 90' lang='lat' dir='ltr'><strong>non</strong></span> <span class='ocrx_word' id='word_1_852' title='bbox 2698 4327 2859 4381; x_wconf 88' lang='lat' dir='ltr'><strong>vitam</strong></span> <span class='ocrx_word' id='word_1_853' title='bbox 2890 4326 3168 4396; x_wconf 78' lang='lat' dir='ltr'><strong>explorant</strong></span> <span class='ocrx_word' id='word_1_854' title='bbox 3187 4367 3203 4393; x_wconf 92' lang='lat'><strong>,</strong></span> <span class='ocrx_word' id='word_1_855' title='bbox 3232 4327 3326 4383; x_wconf 89' lang='lat' dir='ltr'><strong>sed</strong></span> <span class='ocrx_word' id='word_1_856' title='bbox 3371 4343 3438 4383; x_wconf 80' lang='lat' dir='ltr'><strong>ex</strong></span> 
     </span>
    </p>
   </div>
   <div class='ocr_carea' id='block_1_107' title="bbox 1852 4416 3432 4488">
    <p class='ocr_par' dir='ltr' id='par_1_107' title="bbox 1852 4416 3432 4488">
     <span class='ocr_line' id='line_1_107' title="bbox 1852 4416 3432 4488; baseline -0.001 -15"><span class='ocrx_word' id='word_1_857' title='bbox 1852 4419 2015 4474; x_wconf 89' lang='lat' dir='ltr'><strong>sociis</strong></span> <span class='ocrx_word' id='word_1_858' title='bbox 2036 4417 2300 4488; x_wconf 88' lang='lat' dir='ltr'><strong>judicant.</strong></span> <span class='ocrx_word' id='word_1_859' title='bbox 2334 4417 2459 4470; x_wconf 67' lang='lat' dir='ltr'><strong>&quot;me</strong></span> <span class='ocrx_word' id='word_1_860' title='bbox 2485 4416 2597 4485; x_wconf 84' lang='lat' dir='ltr'><strong>ipsa</strong></span> <span class='ocrx_word' id='word_1_861' title='bbox 2620 4424 2673 4471; x_wconf 90' lang='lat' dir='ltr'><strong>et</strong></span> <span class='ocrx_word' id='word_1_862' title='bbox 2697 4427 2887 4485; x_wconf 85' lang='lat' dir='ltr'><strong>nuptas</strong></span> <span class='ocrx_word' id='word_1_863' title='bbox 2912 4418 2967 4472; x_wconf 78' lang='lat' dir='ltr'><strong>et</strong></span> <span class='ocrx_word' id='word_1_864' title='bbox 3006 4417 3240 4487; x_wconf 80' lang='lat' dir='ltr'><strong>virgines</strong></span> <span class='ocrx_word' id='word_1_865' title='bbox 3282 4433 3432 4488; x_wconf 77' lang='lat' dir='ltr'><strong>rogo.</strong></span> 
     </span>
    </p>
   </div>
   <div class='ocr_carea' id='block_1_108' title="bbox 1850 4507 3436 4577">
    <p class='ocr_par' dir='ltr' id='par_1_108' title="bbox 1850 4507 3436 4577">
     <span class='ocr_line' id='line_1_108' title="bbox 1850 4507 3436 4577; baseline 0 -14"><span class='ocrx_word' id='word_1_866' title='bbox 1850 4507 2197 4574; x_wconf 76' lang='lat' dir='ltr'><strong>Providentes,</strong></span> <span class='ocrx_word' id='word_1_867' title='bbox 2224 4507 2423 4577; x_wconf 88' lang='lat' dir='ltr'><strong>inquit,</strong></span> <span class='ocrx_word' id='word_1_868' title='bbox 2453 4512 2581 4560; x_wconf 87' lang='lat' dir='ltr'><strong>bona</strong></span> <span class='ocrx_word' id='word_1_869' title='bbox 2603 4545 2619 4571; x_wconf 94' lang='lat'><strong>,</strong></span> <span class='ocrx_word' id='word_1_870' title='bbox 2652 4523 2752 4561; x_wconf 84' lang='lat' dir='ltr'><strong>non</strong></span> <span class='ocrx_word' id='word_1_871' title='bbox 2803 4507 2969 4560; x_wconf 77' lang='lat' dir='ltr'><strong>solum</strong></span> <span class='ocrx_word' id='word_1_872' title='bbox 3004 4524 3176 4562; x_wconf 82' lang='lat' dir='ltr'><strong>corum</strong></span> <span class='ocrx_word' id='word_1_873' title='bbox 3216 4507 3436 4562; x_wconf 73' lang='lat' dir='ltr'><strong>Domino</strong></span> 
     </span>
    </p>
   </div>
   <div class='ocr_carea' id='block_1_109' title="bbox 1846 4598 3436 4670">
    <p class='ocr_par' dir='ltr' id='par_1_109' title="bbox 1846 4598 3436 4670">
     <span class='ocr_line' id='line_1_109' title="bbox 1846 4598 3436 4670; baseline 0.001 -15"><span class='ocrx_word' id='word_1_874' title='bbox 1846 4601 1936 4655; x_wconf 84' lang='lat' dir='ltr'><strong>sed</strong></span> <span class='ocrx_word' id='word_1_875' title='bbox 1960 4600 2110 4653; x_wconf 83' lang='lat' dir='ltr'><strong>etiam</strong></span> <span class='ocrx_word' id='word_1_876' title='bbox 2135 4615 2305 4653; x_wconf 84' lang='lat' dir='ltr'><strong>coram</strong></span> <span class='ocrx_word' id='word_1_877' title='bbox 2334 4598 2619 4652; x_wconf 83' lang='lat' dir='ltr'><strong>hominibus</strong></span> <span class='ocrx_word' id='word_1_878' title='bbox 2653 4599 2837 4669; x_wconf 80' lang='lat' dir='ltr'><strong>(Ilom.</strong></span> <span class='ocrx_word' id='word_1_879' title='bbox 2866 4598 2949 4653; x_wconf 75' lang='lat'><strong>1‘2.</strong></span> <span class='ocrx_word' id='word_1_880' title='bbox 2985 4600 3050 4654; x_wconf 83' lang='lat' dir='ltr'><strong>l7</strong></span> <span class='ocrx_word' id='word_1_881' title='bbox 3073 4599 3113 4670; x_wconf 94' lang='lat'><strong>).</strong></span> <span class='ocrx_word' id='word_1_882' title='bbox 3145 4599 3286 4655; x_wconf 83' lang='lat' dir='ltr'><strong>Nihil</strong></span> <span class='ocrx_word' id='word_1_883' title='bbox 3306 4617 3436 4670; x_wconf 83' lang='lat' dir='ltr'><strong>ergo</strong></span> 
     </span>
    </p>
   </div>
   <div class='ocr_carea' id='block_1_110' title="bbox 1848 4688 3431 4759">
    <p class='ocr_par' dir='ltr' id='par_1_110' title="bbox 1848 4688 3431 4759">
     <span class='ocr_line' id='line_1_110' title="bbox 1848 4688 3431 4759; baseline -0.001 -14"><span class='ocrx_word' id='word_1_884' title='bbox 1848 4706 1953 4745; x_wconf 93' lang='lat' dir='ltr'><strong>non</strong></span> <span class='ocrx_word' id='word_1_885' title='bbox 1993 4704 2245 4759; x_wconf 76' lang='lat' dir='ltr'><strong>agamus,</strong></span> <span class='ocrx_word' id='word_1_886' title='bbox 2299 4706 2365 4743; x_wconf 83' lang='lat' dir='ltr'><strong>ne</strong></span> <span class='ocrx_word' id='word_1_887' title='bbox 2415 4688 2658 4759; x_wconf 70' lang='lat' dir='ltr'><strong>proximo</strong></span> <span class='ocrx_word' id='word_1_888' title='bbox 2707 4690 3029 4745; x_wconf 72' lang='lat' dir='ltr'><strong>olftndiculo</strong></span> <span class='ocrx_word' id='word_1_889' title='bbox 3078 4691 3267 4744; x_wconf 90' lang='lat' dir='ltr'><strong>simus.</strong></span> <span class='ocrx_word' id='word_1_890' title='bbox 3319 4690 3431 4744; x_wconf 79' lang='lat' dir='ltr'><strong>Vita</strong></span> 
     </span>
    </p>
   </div>
   <div class='ocr_carea' id='block_1_111' title="bbox 1844 4782 3432 4848">
    <p class='ocr_par' dir='ltr' id='par_1_111' title="bbox 1844 4782 3432 4848">
     <span class='ocr_line' id='line_1_111' title="bbox 1844 4782 3432 4848; baseline 0 -9"><span class='ocrx_word' id='word_1_891' title='bbox 1844 4784 1985 4839; x_wconf 90' lang='lat' dir='ltr'><strong>cnim</strong></span> <span class='ocrx_word' id='word_1_892' title='bbox 2013 4823 2028 4847; x_wconf 91' lang='lat'><strong>,</strong></span> <span class='ocrx_word' id='word_1_893' title='bbox 2055 4783 2154 4838; x_wconf 90' lang='lat' dir='ltr'><strong>etsi</strong></span> <span class='ocrx_word' id='word_1_894' title='bbox 2192 4783 2486 4837; x_wconf 76' lang='lat' dir='ltr'><strong>rectissima</strong></span> <span class='ocrx_word' id='word_1_895' title='bbox 2513 4784 2529 4848; x_wconf 85' lang='lat'><strong>,</strong></span> <span class='ocrx_word' id='word_1_896' title='bbox 2557 4782 2601 4838; x_wconf 89' lang='lat' dir='ltr'><strong>si</strong></span> <span class='ocrx_word' id='word_1_897' title='bbox 2634 4782 2957 4839; x_wconf 75' lang='lat' dir='ltr'><strong>oll&#39;endiculo</strong></span> <span class='ocrx_word' id='word_1_898' title='bbox 2983 4783 3103 4838; x_wconf 90' lang='lat' dir='ltr'><strong>aliis</strong></span> <span class='ocrx_word' id='word_1_899' title='bbox 3129 4784 3231 4846; x_wconf 83' lang='lat' dir='ltr'><strong>sit.</strong></span> <span class='ocrx_word' id='word_1_900' title='bbox 3261 4792 3432 4839; x_wconf 88' lang='lat' dir='ltr'><strong>totum</strong></span> 
     </span>
    </p>
   </div>
   <div class='ocr_carea' id='block_1_112' title="bbox 1844 4873 3433 4944">
    <p class='ocr_par' dir='ltr' id='par_1_112' title="bbox 1844 4873 3433 4944">
     <span class='ocr_line' id='line_1_112' title="bbox 1844 4873 3433 4944; baseline 0 -15"><span class='ocrx_word' id='word_1_901' title='bbox 1844 4874 2097 4944; x_wconf 89' lang='lat' dir='ltr'><strong>perdidit.</strong></span> <span class='ocrx_word' id='word_1_902' title='bbox 2153 4875 2218 4928; x_wconf 80' lang='lat' dir='ltr'><strong>Et</strong></span> <span class='ocrx_word' id='word_1_903' title='bbox 2261 4873 2533 4944; x_wconf 90' lang='lat' dir='ltr'><strong>quomodo</strong></span> <span class='ocrx_word' id='word_1_904' title='bbox 2578 4882 2755 4943; x_wconf 88' lang='lat' dir='ltr'><strong>potest</strong></span> <span class='ocrx_word' id='word_1_905' title='bbox 2799 4884 2943 4927; x_wconf 88' lang='lat' dir='ltr'><strong>reeta</strong></span> <span class='ocrx_word' id='word_1_906' title='bbox 2996 4874 3102 4928; x_wconf 86' lang='lat' dir='ltr'><strong>vita</strong></span> <span class='ocrx_word' id='word_1_907' title='bbox 3151 4873 3433 4929; x_wconf 82' lang='lat' dir='ltr'><strong>oll&#39;ensioni</strong></span> 
     </span>
    </p>
   </div>
   <div class='ocr_carea' id='block_1_113' title="bbox 1842 4965 3429 5036">
    <p class='ocr_par' dir='ltr' id='par_1_113' title="bbox 1842 4965 3429 5036">
     <span class='ocr_line' id='line_1_113' title="bbox 1842 4965 3429 5036; baseline -0.001 -13"><span class='ocrx_word' id='word_1_908' title='bbox 1842 4967 2005 5023; x_wconf 75' lang='lat' dir='ltr'><strong>esse?</strong></span> <span class='ocrx_word' id='word_1_909' title='bbox 2033 4968 2164 5022; x_wconf 83' lang='lat' dir='ltr'><strong>Cum</strong></span> <span class='ocrx_word' id='word_1_910' title='bbox 2193 4968 2453 5022; x_wconf 81' lang='lat' dir='ltr'><strong>malorum</strong></span> <span class='ocrx_word' id='word_1_911' title='bbox 2482 4967 2811 5022; x_wconf 89' lang='lat' dir='ltr'><strong>consortium</strong></span> <span class='ocrx_word' id='word_1_912' title='bbox 2842 4965 3035 5021; x_wconf 85' lang='lat' dir='ltr'><strong>malam</strong></span> <span class='ocrx_word' id='word_1_913' title='bbox 3054 4968 3189 5036; x_wconf 88' lang='lat' dir='ltr'><strong>parit</strong></span> <span class='ocrx_word' id='word_1_914' title='bbox 3212 4967 3429 5021; x_wconf 79' lang='lat' dir='ltr'><strong>famam.</strong></span> 
     </span>
    </p>
   </div>
   <div class='ocr_carea' id='block_1_114' title="bbox 1840 5054 3426 5130">
    <p class='ocr_par' dir='ltr' id='par_1_114' title="bbox 1840 5054 3426 5130">
     <span class='ocr_line' id='line_1_114' title="bbox 1840 5054 3426 5130; baseline -0.002 -13"><span class='ocrx_word' id='word_1_915' title='bbox 1840 5061 1973 5117; x_wconf 91' lang='lat' dir='ltr'><strong>Cum</strong></span> <span class='ocrx_word' id='word_1_916' title='bbox 1997 5061 2139 5117; x_wconf 90' lang='lat' dir='ltr'><strong>enim</strong></span> <span class='ocrx_word' id='word_1_917' title='bbox 2159 5060 2389 5117; x_wconf 89' lang='lat' dir='ltr'><strong>ﬁdenter</strong></span> <span class='ocrx_word' id='word_1_918' title='bbox 2413 5074 2535 5115; x_wconf 91' lang='lat' dir='ltr'><strong>cum</strong></span> <span class='ocrx_word' id='word_1_919' title='bbox 2564 5059 2823 5130; x_wconf 83' lang='lat' dir='ltr'><strong>improbis</strong></span> <span class='ocrx_word' id='word_1_920' title='bbox 2848 5073 3148 5124; x_wconf 87' lang='lat' dir='ltr'><strong>versamur,</strong></span> <span class='ocrx_word' id='word_1_921' title='bbox 3175 5054 3426 5115; x_wconf 77' lang='lat' dir='ltr'><strong>etsinihil</strong></span> 
     </span>
    </p>
   </div>
   <div class='ocr_carea' id='block_1_115' title="bbox 1842 5146 3432 5215">
    <p class='ocr_par' dir='ltr' id='par_1_115' title="bbox 1842 5146 3432 5215">
     <span class='ocr_line' id='line_1_115' title="bbox 1842 5146 3432 5215; baseline -0.002 -9"><span class='ocrx_word' id='word_1_922' title='bbox 1842 5152 1997 5207; x_wconf 88' lang='lat' dir='ltr'><strong>nobis</strong></span> <span class='ocrx_word' id='word_1_923' title='bbox 2027 5151 2208 5210; x_wconf 89' lang='lat' dir='ltr'><strong>damni</strong></span> <span class='ocrx_word' id='word_1_924' title='bbox 2238 5148 2444 5206; x_wconf 81' lang='lat' dir='ltr'><strong>accidat</strong></span> <span class='ocrx_word' id='word_1_925' title='bbox 2470 5191 2486 5215; x_wconf 95' lang='lat'><strong>,</strong></span> <span class='ocrx_word' id='word_1_926' title='bbox 2525 5149 2647 5204; x_wconf 85' lang='lat' dir='ltr'><strong>aliis</strong></span> <span class='ocrx_word' id='word_1_927' title='bbox 2689 5146 3012 5204; x_wconf 84' lang='lat' dir='ltr'><strong>oli‘endiculo</strong></span> <span class='ocrx_word' id='word_1_928' title='bbox 3059 5162 3263 5203; x_wconf 85' lang='lat' dir='ltr'><strong>sumus.</strong></span> <span class='ocrx_word' id='word_1_929' title='bbox 3307 5147 3432 5203; x_wconf 79' lang='lat' dir='ltr'><strong>lla-e</strong></span> 
     </span>
    </p>
   </div>
   <div class='ocr_carea' id='block_1_116' title="bbox 1842 5239 3422 5311">
    <p class='ocr_par' dir='ltr' id='par_1_116' title="bbox 1842 5239 3422 5311">
     <span class='ocr_line' id='line_1_116' title="bbox 1842 5239 3422 5311; baseline 0 -17"><span class='ocrx_word' id='word_1_930' title='bbox 1842 5245 2008 5308; x_wconf 87' lang='lat' dir='ltr'><strong>viris,</strong></span> <span class='ocrx_word' id='word_1_931' title='bbox 2064 5242 2412 5305; x_wconf 88' lang='lat' dir='ltr'><strong>mulieribus,</strong></span> <span class='ocrx_word' id='word_1_932' title='bbox 2471 5240 2765 5311; x_wconf 78' lang='lat' dir='ltr'><strong>virginibus</strong></span> <span class='ocrx_word' id='word_1_933' title='bbox 2828 5239 2989 5307; x_wconf 89' lang='lat' dir='ltr'><strong>dico,</strong></span> <span class='ocrx_word' id='word_1_934' title='bbox 3048 5255 3235 5296; x_wconf 89' lang='lat' dir='ltr'><strong>eorum</strong></span> <span class='ocrx_word' id='word_1_935' title='bbox 3297 5255 3422 5294; x_wconf 89' lang='lat' dir='ltr'><strong>con-</strong></span> 
     </span>
    </p>
   </div>
   <div class='ocr_carea' id='block_1_117' title="bbox 1840 5330 3422 5403">
    <p class='ocr_par' dir='ltr' id='par_1_117' title="bbox 1840 5330 3422 5403">
     <span class='ocr_line' id='line_1_117' title="bbox 1840 5330 3422 5403; baseline -0.003 -14"><span class='ocrx_word' id='word_1_936' title='bbox 1840 5335 2079 5390; x_wconf 80' lang='lat' dir='ltr'><strong>sricntia:</strong></span> <span class='ocrx_word' id='word_1_937' title='bbox 2101 5332 2486 5403; x_wconf 78' lang='lat' dir='ltr'><strong>explorandum</strong></span> <span class='ocrx_word' id='word_1_938' title='bbox 2517 5332 2854 5401; x_wconf 87' lang='lat' dir='ltr'><strong>relinquens,</strong></span> <span class='ocrx_word' id='word_1_939' title='bbox 2885 5339 3081 5401; x_wconf 89' lang='lat' dir='ltr'><strong>quanta</strong></span> <span class='ocrx_word' id='word_1_940' title='bbox 3109 5331 3232 5386; x_wconf 89' lang='lat' dir='ltr'><strong>hinc</strong></span> <span class='ocrx_word' id='word_1_941' title='bbox 3247 5330 3422 5387; x_wconf 45' lang='lat' dir='ltr'><strong>orian‘</strong></span> 
     </span>
    </p>
   </div>
   <div class='ocr_carea' id='block_1_118' title="bbox 1841 5422 3423 5495">
    <p class='ocr_par' dir='ltr' id='par_1_118' title="bbox 1841 5422 3423 5495">
     <span class='ocr_line' id='line_1_118' title="bbox 1841 5422 3423 5495; baseline -0.002 -13"><span class='ocrx_word' id='word_1_942' title='bbox 1841 5436 1926 5482; x_wconf 91' lang='lat' dir='ltr'><strong>tur</strong></span> <span class='ocrx_word' id='word_1_943' title='bbox 1979 5426 2138 5481; x_wconf 88' lang='lat' dir='ltr'><strong>mala.</strong></span> <span class='ocrx_word' id='word_1_944' title='bbox 2188 5424 2301 5495; x_wconf 79' lang='lat' dir='ltr'><strong>Ego</strong></span> <span class='ocrx_word' id='word_1_945' title='bbox 2349 5422 2567 5493; x_wconf 89' lang='lat' dir='ltr'><strong>quidem</strong></span> <span class='ocrx_word' id='word_1_946' title='bbox 2616 5422 2750 5478; x_wconf 88' lang='lat' dir='ltr'><strong>nihil</strong></span> <span class='ocrx_word' id='word_1_947' title='bbox 2789 5424 2913 5478; x_wconf 81' lang='lat' dir='ltr'><strong>mali</strong></span> <span class='ocrx_word' id='word_1_948' title='bbox 2945 5423 3220 5493; x_wconf 79' lang='lat' dir='ltr'><strong>suspicor,</strong></span> <span class='ocrx_word' id='word_1_949' title='bbox 3255 5438 3423 5493; x_wconf 80' lang='lat' dir='ltr'><strong>neque</strong></span> 
     </span>
    </p>
   </div>
   <div class='ocr_carea' id='block_1_119' title="bbox 1837 5515 3415 5586">
    <p class='ocr_par' dir='ltr' id='par_1_119' title="bbox 1837 5515 3415 5586">
     <span class='ocr_line' id='line_1_119' title="bbox 1837 5515 3415 5586; baseline -0.003 -11"><span class='ocrx_word' id='word_1_950' title='bbox 1837 5521 1975 5575; x_wconf 90' lang='lat' dir='ltr'><strong>alius</strong></span> <span class='ocrx_word' id='word_1_951' title='bbox 2002 5518 2228 5573; x_wconf 79' lang='lat' dir='ltr'><strong>fortasse</strong></span> <span class='ocrx_word' id='word_1_952' title='bbox 2253 5515 2631 5586; x_wconf 87' lang='lat' dir='ltr'><strong>perfectiorum</strong></span> <span class='ocrx_word' id='word_1_953' title='bbox 2661 5531 2676 5580; x_wconf 89' lang='lat'><strong>;</strong></span> <span class='ocrx_word' id='word_1_954' title='bbox 2706 5515 2799 5570; x_wconf 85' lang='lat' dir='ltr'><strong>sed</strong></span> <span class='ocrx_word' id='word_1_955' title='bbox 2830 5516 3129 5586; x_wconf 88' lang='lat' dir='ltr'><strong>simplicior</strong></span> <span class='ocrx_word' id='word_1_956' title='bbox 3154 5516 3318 5571; x_wconf 85' lang='lat' dir='ltr'><strong>frater</strong></span> <span class='ocrx_word' id='word_1_957' title='bbox 3362 5518 3415 5570; x_wconf 92' lang='lat' dir='ltr'><strong>in</strong></span> 
     </span>
    </p>
   </div>
   <div class='ocr_carea' id='block_1_120' title="bbox 1840 5606 3423 5677">
    <p class='ocr_par' dir='ltr' id='par_1_120' title="bbox 1840 5606 3423 5677">
     <span class='ocr_line' id='line_1_120' title="bbox 1840 5606 3423 5677; baseline -0.005 -10"><span class='ocrx_word' id='word_1_958' title='bbox 1840 5624 1925 5667; x_wconf 88' lang='lat' dir='ltr'><strong>ttta</strong></span> <span class='ocrx_word' id='word_1_959' title='bbox 1954 5609 2241 5666; x_wconf 81' lang='lat' dir='ltr'><strong>olfeuditur</strong></span> <span class='ocrx_word' id='word_1_960' title='bbox 2266 5606 2615 5676; x_wconf 83' lang='lat' dir='ltr'><strong>perfectione.</strong></span> <span class='ocrx_word' id='word_1_961' title='bbox 2638 5606 2859 5677; x_wconf 88' lang='lat' dir='ltr'><strong>Oportet</strong></span> <span class='ocrx_word' id='word_1_962' title='bbox 2888 5616 3065 5661; x_wconf 90' lang='lat' dir='ltr'><strong>autem</strong></span> <span class='ocrx_word' id='word_1_963' title='bbox 3111 5606 3252 5660; x_wconf 90' lang='lat' dir='ltr'><strong>illius</strong></span> <span class='ocrx_word' id='word_1_964' title='bbox 3283 5621 3423 5661; x_wconf 80' lang='lat' dir='ltr'><strong>eon-</strong></span> 
     </span>
    </p>
   </div>
   <div class='ocr_carea' id='block_1_121' title="bbox 1839 5694 3423 5765">
    <p class='ocr_par' dir='ltr' id='par_1_121' title="bbox 1839 5694 3423 5765">
     <span class='ocr_line' id='line_1_121' title="bbox 1839 5694 3423 5765; baseline -0.006 -4"><span class='ocrx_word' id='word_1_965' title='bbox 1839 5698 2413 5761; x_wconf 76' lang='lat' dir='ltr'><strong>sulereimbcciliitati.</strong></span> <span class='ocrx_word' id='word_1_966' title='bbox 2445 5697 2667 5754; x_wconf 80' lang='lat' dir='ltr'><strong>Etiamsi</strong></span> <span class='ocrx_word' id='word_1_967' title='bbox 2710 5697 2833 5753; x_wconf 89' lang='lat' dir='ltr'><strong>hinc</strong></span> <span class='ocrx_word' id='word_1_968' title='bbox 2883 5697 2972 5753; x_wconf 92' lang='lat' dir='ltr'><strong>ille</strong></span> <span class='ocrx_word' id='word_1_969' title='bbox 3013 5709 3118 5751; x_wconf 91' lang='lat' dir='ltr'><strong>non</strong></span> <span class='ocrx_word' id='word_1_970' title='bbox 3155 5694 3423 5765; x_wconf 69' lang='lat' dir='ltr'><strong>laedatur,</strong></span> 
     </span>
    </p>
   </div>
  </div>
