3984 6196
547 253 652 310 ill-5

544 363 638 420 sed
663 363 878 434 gentilis
909 360 1226 419 otfcndctnr.
1255 359 1415 415 Iubet
1449 364 1626 412 autem
1667 357 1864 412 Paulus
1902 358 2020 413 sine
2042 355 2128 412 of-

545 457 788 512 fensione
825 466 944 511 esse
969 453 1208 520 Judaeis,
1252 460 1307 506 et
1350 449 1581 514 Graecis,
1631 454 1687 502 et
1729 444 1986 503 Eecksim
2036 443 2130 502 Dei

547 552 563 617 (
592 549 641 602 Ι.
675 548 791 601 Cor.
823 545 909 601 lo.
937 544 1035 615 5).
1071 544 1179 614 ligo
1201 541 1331 598 nihil
1360 540 1486 595 mali
1508 540 1576 593 de
1606 538 1807 608 virgine
1841 538 2126 608 suspicor;

543 639 900 710 virginitatem
932 638 1129 709 quippe
1153 651 1309 699 amo;
1340 632 1541 689 Caritas
1575 641 1755 686 autem
1799 644 1900 684 non
1941 631 2131 702 cogitat

544 732 734 786 malunt
758 731 777 801 (
806 732 855 786 l.
889 730 1011 785 Cor.
1049 728 1134 783 15.
1160 729 1178 796 )
1209 727 1323 782 Hoc
1351 726 1653 780 institutum
1682 725 1809 778 vita:
1832 722 2130 777 admodum

543 824 710 894 diligo
731 864 747 890 ,
780 833 952 890 neque
977 818 1268 875 absurdum
1299 818 1427 888 quid
1457 817 1696 887 cogitare
1730 829 1968 886 possum.
1992 814 2132 882 Quo-

543 915 702 971 modo
730 914 782 969 id
809 913 1046 969 externis
1077 910 1559 983 persuadebimus?
1594 907 1817 978 Oportet
1839 909 1981 963 enim
2006 909 2128 964 illo-

542 1023 659 1062 rum
680 1006 840 1063 etiam
867 1005 1129 1060 rationem
1157 1002 1373 1057 habere.
1401 998 1493 1057 Sic
1513 1000 1692 1072 itaque
1728 1007 1910 1056 nostra
1943 998 2131 1071 dispo-

542 1112 730 1153 namus
755 1139 771 1166 ,
815 1112 885 1151 ne
912 1095 1031 1165 quis
1054 1093 1347 1149 infidelium
1373 1100 1561 1148 contra
1604 1107 1702 1147 nos
1745 1107 1931 1147 ansam
1975 1106 2134 1162 repe-

1280 248 1337 303 S.
1378 240 1655 303 JO.\NNIS
1691 242 2164 301 CIIRYSOSTOMI
2203 246 2518 305 ARCIIIEP.
2556 245 3098 303 CONS'I‘ANTINOI’.
3711 262 3804 317 διδ

2240 376 2347 418 rtrc
2375 365 2559 433 possit.
2589 362 2740 419 Sicut
2763 380 2906 419 enim
2933 366 2967 420 ii
2990 366 3080 436 qui
3106 367 3266 421 vitam
3292 377 3491 425 rectam
3519 373 3798 443 exhibent,

2242 455 2350 508 Deo
2373 455 2594 525 gloriam
2625 457 2859 512 referunt
2892 475 2905 514 :
2938 457 3006 512 ila
3034 458 3123 529 qui
3151 474 3308 515 secus
3336 474 3500 533 agunt
3521 508 3535 530 ,
3569 467 3621 521 in
3658 483 3803 528 causa

2238 553 2364 602 sunt
2388 560 2483 602 cur
2511 547 2927 619 blasphctnctur.
2968 549 3167 607 Verum
3216 553 3356 608 absit
3398 567 3455 611 ut
3499 560 3633 615 tales
3679 567 3805 632 apud

2241 650 2339 691 nos
2368 638 2475 693 sint
2502 654 2515 704 ;
2546 638 2639 694 sed
2663 639 2734 693 ita
2760 640 2974 695 luceant
2996 655 3161 711 opera
3186 651 3371 699 nostra
3403 655 3458 699 ut
3496 648 3808 717 gloriﬁcatur

2236 725 2401 784 Pater
2424 737 2612 786 noster
2632 731 2723 801 qui
2750 732 2801 786 in
2826 732 2975 787 caelis
3000 740 3084 788 est
3099 774 3115 798 ,
3146 743 3199 789 et
3228 746 3325 791 nos
3346 736 3466 806 ejus
3481 739 3648 808 gloria
3674 741 3806 798 frua-

2239 835 2360 875 mur
2387 838 2401 873 :
2432 836 2591 891 quam
2614 822 2814 877 utinam
2848 838 2944 878 nos
2976 837 3166 880 omnes
3193 835 3618 898 consequamur,
3651 837 3806 904 gratia

2240 918 2295 966 et
2324 910 2649 983 benignitate
2680 913 2887 968 Domini
2921 915 3087 970 nostri
3117 915 3247 972 lesu
3265 915 3469 974 Ghristi
3493 959 3511 987 ,
3547 935 3643 991 per
3664 938 3807 994 quem

2239 1009 2441 1057 etcum
2470 1016 2576 1073 quo
2606 1003 2746 1058 Patri
2771 1001 2939 1074 gloria
2963 1046 2979 1071 ,
3007 1019 3223 1078 unaque
3260 1019 3448 1066 sancto
3477 1011 3730 1084 Spiritui,
3764 1020 3804 1072 in

2241 1093 2435 1148 saecula
2467 1094 2805 1148 sa‘culortttn.
2840 1096 3030 1148 Amen.

1924 1275 2276 1344 ΗΟΜΠᾸΛ
2335 1285 2553 1347 LVIII.
3552 1236 3800 1245 ἡ-

538 1432 663 1485 Cu.
710 1429 769 1485 9.
807 1443 857 1482 v.
897 1425 979 1486 t7.
1006 1423 1355 1481 Dictmtcseco
1381 1425 1565 1519 iterum
1603 1436 1622 1478 :
1664 1413 1744 1478 Tu
1767 1423 2134 1519 dicitde
2245 1425 2508 1497 lapidibus
2537 1431 2910 1503 impetierunt,
2941 1446 2995 1492 et
3020 1437 3192 1508 ipsum
3225 1457 3254 1494 a
3301 1442 3412 1499 Deo
3449 1461 3553 1502 non
3582 1462 3805 1519 esse,”

607 1522 718 1589 illo,
746 1521 836 1591 qui
864 1519 1063 1589 aperuit
1091 1518 1263 1572 oculos
1291 1516 1444 1571 tuos!
1471 1514 1572 1570 Ille
1598 1524 1764 1569 autent
1793 1514 1921 1569 dixit
1940 1556 1956 1580 ,
1998 1514 2131 1583 Quia

608 1613 853 1684 prop/tela
875 1621 965 1666 est.
998 1609 1082 1665 18.
1120 1607 1240 1663 Non
1264 1608 1581 1662 crediderunt
1610 1622 1728 1677 ergo
1754 1604 1950 1661 Iudici.

609 1729 660 1784 l.
702 1727 991 1798 Scriptura:
1034 1738 1138 1781 non
1174 1724 1489 1795 simpliciter
1519 1737 1691 1794 neque
1730 1721 2126 1793 perfunctorie,

536 1820 630 1876 scd
659 1833 816 1890 quam
847 1818 1251 1888 diligentissime
1281 1815 1518 1886 legendae
1541 1822 1686 1881 sunt,
1713 1830 1780 1869 ne
1808 1813 1934 1883 quid
1959 1813 2128 1869 obicis

537 1912 758 1967 oriatur.
790 1908 999 1964 Etenim
1023 1908 1132 1978 jam
1159 1907 1279 1978 quis
1306 1908 1498 1962 mcr'no
1523 1906 1874 1978 quaestionem
1895 1915 2128 1971 moveat,

536 2000 849 2069 Quomodo,
884 1977 1487 2069 postquamidixerunt,
1540 1977 1644 2049 llic
1678 2014 1779 2050 non
1819 2006 1891 2050 est
1927 2013 1962 2049 a
2002 1995 2126 2060 Deo,

536 2094 656 2159 quia
680 2091 944 2146 sabbatum
971 2105 1071 2144 non
1099 2098 1261 2143 servat
1285 2132 1296 2151 ,
1321 2088 1430 2157 jam
1470 2087 1653 2142 dicunt
1681 2088 1727 2141 ei
1751 2128 1765 2150 ,
1801 2080 1880 2140 Tu
1905 2087 2027 2155 quid
2052 2087 2127 2140 di-

536 2185 609 2238 cis
633 2183 697 2236 de
721 2183 832 2247 illo,
863 2182 952 2251 qui
976 2180 1174 2252 aperuit
1203 2179 1375 2234 oculos
1402 2179 1555 2233 tuos?
1579 2177 1692 2232 Non
1722 2177 2009 2242 dixerunt,
2050 2176 2130 2231 Tu

538 2272 663 2343 qttid
694 2271 827 2326 dicis
855 2271 924 2325 de
953 2271 1064 2337 illo,
1103 2268 1193 2338 qui
1223 2268 1502 2324 sabbatum
1534 2266 1729 2322 solvit?
1769 2266 1863 2321 sed
1905 2280 2131 2321 excusa-

538 2365 738 2419 tionem
778 2377 919 2417 nunc
962 2377 1058 2431 pro
1095 2361 1437 2417 accusatione
1468 2369 1688 2428 pimuntt
1719 2359 1857 2427 Quid
1897 2374 2024 2430 ergo
2049 2358 2132 2414 di-

535 2453 802 2509 cendum?
827 2452 940 2507 Non
970 2451 1128 2506 iidem
1155 2451 1389 2521 suntqui
1414 2449 1682 2515 dicebant,
1718 2449 1816 2505 llic
1844 2467 1945 2505 non
1972 2460 2042 2505 est
2069 2466 2131 2505 ea:

540 2545 680 2610 Deo;
710 2545 803 2600 sed
835 2544 868 2598 ii
896 2543 985 2614 qui
1013 2544 1082 2598 ab
1110 2542 1239 2613 ipsis
1265 2542 1528 2598 sententia
1557 2541 1809 2610 disjuneti
1836 2541 2084 2597 dicebant
2113 2561 2128 2596 :

543 2636 707 2691 Nonio
735 2646 964 2707 peccator
985 2649 1087 2688 non
1113 2642 1275 2705 potest
1299 2632 1407 2687 haec
1430 2635 1580 2702 signa
1608 2635 1794 2703 facere.
1821 2630 1953 2687 Cum
1984 2633 2127 2687 enim

538 2727 739 2781 vellent
768 2727 801 2782 ii
834 2741 895 2781 os
918 2724 1302 2796 comprimere,
1331 2739 1397 2779 nc
1418 2723 1687 2778 Christum
1715 2723 1815 2792 ipsi
1843 2721 2129 2779 defendere

537 2819 863 2883 viderentur,
896 2817 1045 2871 illum
1074 2816 1162 2887 qui
1194 2815 1403 2871 virtutis
1431 2816 1549 2884 ejus
1577 2813 2003 2884 experimentum
2029 2830 2126 2870 ce-

539 2919 721 2979 perat,
754 2909 806 2963 in
830 2908 1061 2963 medium
1086 2905 1358 2961 adducunt
1381 2914 1434 2961 et
1464 2905 1813 2975 interrogant.
1846 2904 1975 2960 Vide
1998 2919 2129 2976 ergo

538 3000 787 3070 pauperis
816 2999 1166 3070 sapientiam,
1196 2999 1284 3069 qui
1317 2997 1629 3069 prudentius
1655 3012 1815 3069 quam
1840 2994 1916 3055 illi
1939 3013 2129 3055 onmes

537 3092 787 3162 loquutus
827 3100 928 3149 est.
972 3092 1039 3147 Et
1081 3091 1252 3161 primo
1292 3089 1508 3162 quidem
1550 3090 1623 3145 ait
1658 3102 1677 3144 :
1711 3088 1970 3160 Propheta
2006 3100 2078 3145 est
2106 3106 2127 3144 .-

539 3200 710 3256 neque
737 3184 1041 3240 formidavit
1070 3198 1375 3255 perversum
1406 3183 1711 3239 Judzeorum
1735 3183 2019 3252 judicium,
2046 3198 2131 3239 re-

537 3279 885 3349 pugnantium
916 3278 1314 3348 dicentiumque
1339 3295 1352 3329 :
1386 3276 1651 3344 Quomodo
1678 3285 1838 3347 potest
1865 3278 1947 3330 hic
1967 3293 1998 3330 a
2018 3272 2128 3330 Deo

537 3386 668 3436 esse,
699 3370 787 3438 qui
818 3368 1082 3423 sabbatum
1114 3384 1215 3423 non
1243 3366 1501 3421 custodit!
1529 3366 1624 3421 sed
1656 3367 1826 3429 dixit,
1867 3363 2130 3437 Propheta

536 3473 628 3516 est.
663 3462 729 3515 Et
756 3478 856 3514 non
885 3460 1205 3515 crediderunt
1229 3457 1406 3513 Iudici
1433 3458 1567 3529 quod
1591 3473 1755 3514 carens
1787 3460 1963 3528 fuisset
1985 3470 2034 3514 et
2063 3459 2130 3513 tti-

538 3551 724 3616 disset,
776 3551 935 3604 donec
973 3557 1271 3604 vocaverunt
1311 3558 1541 3618 parentes
1576 3547 1706 3619 ejus.
1751 3549 2130 3606 Animadverte

536 3652 665 3712 quot
696 3642 867 3697 modis
895 3640 1211 3697 miraculum
1241 3640 1490 3710 obtegere
1513 3648 1569 3694 et
1605 3639 1822 3695 abolere
1845 3650 2124 3696 conentur.

542 3733 734 3789 Verum
759 3733 869 3801 ipsa
890 3730 1130 3787 veritatis
1152 3738 1340 3785 natura
1364 3729 1549 3785 iisdem
1573 3728 1704 3799 ipsis
1726 3728 1985 3795 tinuatur,
2012 3731 2130 3800 qui-

539 3827 638 3882 bus
660 3826 728 3881 ab
754 3824 1156 3880 insidiatoribus
1182 3823 1485 3895 impetitur;
1517 3822 1706 3878 iisdem
1733 3822 1917 3893 fulget,
1937 3821 2130 3894 quibus

536 3916 811 3971 obscurari
859 3923 1109 3970 tentatur.
1143 3914 1253 3970 Nisi
1282 3915 1426 3969 enim
1465 3912 1577 3969 haec
1608 3915 1745 3969 facta
1781 3922 1995 3980 essent,
2025 3913 2127 3969 mi-

536 4007 773 4061 raeulum
800 4003 939 4075 apud
965 4004 1163 4060 multos
1186 4012 1487 4073 suspectum
1517 4018 1638 4059 esse
1663 4004 1957 4073 potuisset:
1990 4019 2131 4059 nunc

541 4112 668 4154 vero
695 4113 758 4153 ac
788 4098 831 4152 si
868 4096 1106 4152 studiose
1132 4096 1408 4151 veritatem
1446 4095 1757 4166 indagarent
1780 4135 1796 4162 ,
1839 4095 1910 4149 ita
1950 4095 2127 4149 omnia

538 4190 768 4255 faciunt,
815 4204 988 4261 neque
1026 4189 1182 4244 aliter
1225 4188 1504 4253 iecissent,
1552 4189 1595 4244 si
1637 4204 1735 4258 pro
1776 4188 1991 4245 Christo
2016 4188 2130 4246 ha'c

537 4281 740 4352 operati
769 4288 970 4337 essent.
997 4280 1089 4335 llis
1111 4290 1285 4335 tamen
1309 4281 1482 4351 ipsum
1505 4279 1803 4350 deprimere
1831 4280 2124 4347 tentabant,

536 4386 658 4427 cum
688 4372 959 4441 dicerent,
995 4370 1259 4439 Quomodo
1298 4372 1494 4442 aperuit
1519 4371 1693 4426 oculos
1731 4372 1881 4426 tuos?
1914 4371 1967 4427 id
2010 4380 2128 4438 est,

539 4462 674 4517 Num
705 4463 1020 4533 quihusdam
1051 4462 1368 4534 praestigiis?
1415 4462 1546 4517 Nam
1591 4462 1714 4518 alibi
1751 4477 1964 4533 quoque
2006 4476 2127 4517 cum

540 4553 670 4608 nihil
699 4553 1055 4624 obiiciendum
1089 4554 1380 4619 haberent,
1427 4553 1642 4608 ntodum
1674 4553 1895 4608 curandi
1927 4553 2131 4607 calum-

538 4648 669 4702 niari
699 4658 962 4703 conantur
985 4646 1225 4702 dicentes
1264 4663 1278 4700 :
1321 4645 1440 4700 Non
1481 4646 1617 4712 eiicit
1655 4646 1906 4700 dmmouia
1945 4646 2045 4700 nisi
2077 4646 2131 4699 in

541 4738 813 4794 Beelzebub
832 4741 847 4772 ί
873 4738 1085 4811 (Matth.
1121 4737 1207 4793 19..
1225 4733 1353 4807 9.4)?
1370 4737 1432 4791 Et
1453 4736 1537 4791 hic
1562 4736 1720 4792 ctiam
1737 4750 1859 4791 cum
1882 4735 2011 4790 nihil
2031 4751 2130 4805 op-

538 4831 840 4902 ponendum
870 4829 1132 4898 habeant,
1163 4829 1230 4884 ad
1262 4839 1470 4897 tempus
1494 4835 1550 4883 et
1573 4828 1778 4883 sabbati
1805 4828 2127 4885 solutionem

537 4920 875 4992 confugiunt,
909 4921 1228 4991 dicuntque,
1260 4918 1425 4974 Solvit
1454 4917 1752 4982 sabbatum;
1779 4926 1853 4984 et,
1885 4915 2131 4973 Peccator

535 5022 627 5068 est.
660 5013 819 5083 Atqui
850 5012 940 5068 ille
970 5026 1067 5068 vos
1092 5009 1321 5077 invidos,
1342 5009 1434 5080 qui
1452 5018 1600 5080 gesta
1625 5008 1742 5076 ejus
1767 5022 1989 5079 carpere
2016 5017 2129 5064 stu-

536 5103 767 5169 debatis,
801 5103 891 5158 ille
918 5109 1107 5174 aperte
1131 5101 1496 5171 interrogavit,
1529 5099 1655 5166 Quis
1691 5115 1755 5153 ea:
1789 5098 1924 5154 vobis
1952 5108 2131 5170 arguet

537 5211 616 5248 nte
645 5196 710 5251 de
753 5205 956 5266 peccato
1002 5193 1196 5266 (han.
1239 5192 1297 5248 8.
1340 5189 1487 5261 £6)?
1512 5191 1578 5246 Et
1617 5206 1775 5247 nemo
1815 5190 2128 5261 respondit,

544 5299 719 5355 neque
764 5285 931 5352 dixit,
963 5282 1329 5354 Blaspbemas,
1354 5280 1479 5337 dum
1522 5289 1577 5337 te
1619 5278 2020 5350 impeccahilem
2048 5278 2132 5334 di-

543 5377 641 5431 cis.
673 5377 832 5448 Atqui
879 5377 924 5431 si
953 5377 1133 5432 dicere
1162 5376 1494 5446 potuissent,
1521 5374 1659 5428 haud
1698 5373 1859 5429 dubie
1903 5388 2008 5427 non
2047 5381 2130 5426 ta-

543 5469 800 5525 cuissem.
834 5467 964 5522 Nam
996 5468 1084 5538 qui
1115 5466 1401 5534 (licentem,
1432 5480 1492 5522 se
1520 5475 1644 5521 ante
1673 5465 1939 5520 Abraham
1977 5478 2129 5531 esse,

631 5628 649 5661 ³
686 5635 765 5676 .\t.s.
805 5621 1065 5677 orientalis
1100 5621 1239 5674 Savil.
1267 5630 1375 5687 post
1406 5620 1683 5682 Beelzebub,
1717 5620 1872 5681 addit,
1912 5612 2129 5680 principe

543 5687 907 5734 dautaoniorum.

577 5700 668 5737 tum
673 5700 729 5736 οη
737 5702 804 5738 iOl'
810 5701 907 5738 um.

2234 1526 2368 1576 vero
2391 1534 2512 1578 esse
2536 1539 2565 1577 a
2597 1524 2710 1580 Deo
2734 1526 2942 1597 gloriati
2968 1539 3094 1585 sunt
3110 1572 3127 1597 ,
3158 1531 3283 1588 licet
3306 1533 3585 1594 homicida:
3608 1553 3804 1610 essent;

2230 1619 2292 1666 et
2319 1627 2443 1669 eum
2472 1615 2561 1685 qui
2591 1615 2896 1687 huiusmodi
2923 1621 3070 1691 signa
3101 1625 3452 1694 olerabatur,
3480 1642 3544 1686 es
3581 1628 3694 1687 Dec
3718 1650 3802 1689 non

2230 1720 2358 1761 esse
2382 1705 2660 1775 dicebant,
2689 1711 2813 1780 quia
2843 1711 3119 1768 sabbatum
3158 1731 3264 1771 non
3301 1719 3592 1775 custodiret
3620 1740 3634 1777 :
3663 1724 3712 1778 si
3738 1726 3803 1778 vel

2234 1796 2521 1853 accusandi
2547 1799 2791 1856 umbram
2823 1800 3153 1872 habuissent,
3177 1821 3283 1862 non
3308 1811 3697 1879 praeteriissent
3720 1815 3803 1870 uti-

2235 1904 2358 1959 que.
2392 1890 2447 1945 Si
2477 1901 2657 1948 autem
2688 1891 2808 1949 ideo
2834 1904 3168 1964 peccatorem
3200 1909 3425 1967 vocant,
3463 1903 3589 1972 quia
3624 1905 3802 1961 subluis

2237 1990 2348 2037 tum
2378 1984 2590 2041 solvere
2619 1986 2917 2054 videbatur,
2948 1989 3094 2045 futile
3128 2000 3278 2047 certe
3315 1994 3517 2049 crimen
3555 2006 3704 2061 erat,
3733 1994 3802 2052 vel

2235 2077 2501 2131 sociorum
2523 2077 2756 2147 judicio,
2793 2082 2882 2150 qui
2926 2092 2983 2135 ut
3026 2078 3274 2149 frigidum
3298 2076 3429 2141 illud
3457 2095 3514 2141 et
3538 2103 3607 2143 es
3631 2088 3803 2144 simul-

2237 2174 2343 2223 tate
2385 2168 2683 2238 profectum
2725 2170 3067 2228 dauunbaut.
3113 2172 3356 2243 Undique
3399 2191 3530 2246 ergo
3570 2179 3799 2243 cohibiti,

2234 2257 2380 2311 aliud
2398 2257 2667 2328 quidpiam
2695 2260 3057 2330 impudentius
3070 2278 3140 2317 ac
3164 2262 3485 2333 petulantius
3506 2270 3805 2339 aggrediun-

2238 2356 2342 2403 tur.
2369 2349 2647 2416 Quodnam
2669 2350 2834 2406 illud?
2852 2352 2973 2409 Non
2992 2354 3326 2424 crediderunt,
3354 2357 3546 2430 inquit,
3567 2362 3698 2429 quod
3714 2378 3802 2416 (ire

2234 2457 2323 2494 cus
2353 2443 2555 2510 fuisset,
2588 2454 2636 2498 et
2674 2444 2902 2500 vidisset.

2308 2532 2630 2589 Mendacium
2656 2536 2836 2604 ubique
2862 2537 2915 2591 iu
2943 2538 3165 2607 seipsum
3191 2539 3523 2612 impiugit.-
3540 2541 3650 2597 Cur
3686 2558 3806 2614 ergo

2233 2634 2554 2679 accusarunt
2581 2625 2723 2696 quod
2750 2627 3029 2682 sabbatum
3055 2643 3161 2683 non
3187 2629 3497 2697 cuswdiret,
3535 2631 3637 2687 nisi
3678 2628 3807 2687 illud

2233 2718 2618 2773 credidissent?
2639 2735 2736 2774 cur
2757 2735 2864 2774 non
2891 2720 3048 2777 iidem
3071 2720 3277 2777 habetis
3297 2731 3451 2778 tanta:
3468 2724 3810 2790 multitudini,

2233 2819 2289 2867 et
2318 2811 2506 2868 vicinis
2547 2815 2637 2882 qui
2678 2816 2850 2884 ipsum
2890 2815 3257 2885 cognoscunt!
3296 2815 3529 2884 Verum,
3571 2826 3629 2873 ut
3668 2817 3810 2882 dixi,

2235 2901 2432 2973 ubique
2460 2902 2795 2958 mendacium
2828 2904 2881 2959 in
2910 2906 3146 2976 seipsum
3177 2906 3453 2978 impingit,
3486 2922 3579 2977 per
3601 2923 3666 2964 ea
3702 2908 3811 2978 ipsa

2233 2996 2384 3064 queis
2434 2995 2707 3050 veritatem
2737 3007 3042 3068 oppugnat;
3082 2998 3358 3069 ipsamque
3396 3000 3672 3056 veritatem
3705 3000 3807 3054 cla-

2235 3086 2432 3141 riorem
2458 3086 2622 3142 ctiicit
2654 3105 2667 3142 :
2697 3088 2838 3158 quod
2864 3090 3024 3144 etiam
3051 3103 3193 3146 nunc
3219 3090 3417 3147 evenit.
3435 3090 3516 3147 Ne
3539 3092 3663 3163 quis
3679 3093 3812 3147 etaim

2232 3175 2437 3232 diceret
2466 3179 2668 3234 vicinos
2695 3188 2749 3234 et
2772 3188 3101 3250 spectatores
3129 3183 3261 3240 nihil
3293 3193 3547 3241 accurate
3583 3184 3811 3251 dixisse,

2234 3269 2329 3324 sed
2355 3269 2423 3325 de
2451 3271 2608 3326 simili
2642 3271 2890 3342 loquutos
2919 3288 3040 3330 esse
3059 3316 3077 3341 ,
3111 3285 3359 3344 parentes
3385 3278 3441 3333 in
3466 3272 3704 3335 medium
3730 3276 3818 3332 ad-

2233 3362 2470 3427 ducunt,
2507 3373 2561 3418 ct
2585 3363 2663 3419 sic
2693 3364 2843 3419 inviti
2873 3366 3150 3421 veritatem
3180 3367 3569 3438 patefecerunt.
3599 3369 3731 3424 Nam
3768 3368 3814 3422 hi

2235 3455 2472 3510 maxime
2496 3456 2734 3510 omnium
2756 3455 2922 3512 ﬁlium
2938 3472 3094 3512 suum
3114 3471 3393 3514 noverant.
3416 3461 3555 3527 Quia
3576 3462 3723 3515 enim
3742 3460 3818 3529 ip-

2234 3559 2353 3600 sum
2385 3546 2802 3616 pcrterrel‘acerc
2830 3562 2937 3603 non
2975 3556 3224 3618 poterant
3246 3590 3262 3616 ,
3303 3550 3397 3606 sed
3424 3550 3688 3606 audacter
3714 3544 3821 3620 ipse

2234 3635 2529 3692 beneﬁcum
2556 3636 2898 3709 praedicabat.
2931 3654 3026 3708 per
3057 3648 3301 3709 parentes
3325 3655 3384 3695 se
3408 3641 3731 3696 miraculum
3751 3640 3824 3695 in-

2236 3733 2450 3788 Ilrmare
2480 3747 2638 3803 posse
2662 3733 2970 3802 sperabant.
3001 3733 3068 3787 Et
3111 3731 3230 3788 vide
3268 3733 3708 3804 interrogationis
3735 3748 3826 3786 ne-

2234 3825 2474 3897 quitiam.
2507 3825 2644 3893 Quid
2670 3826 2812 3881 cuim
2838 3825 2952 3881 ait?
2998 3824 3123 3881 illos
3160 3824 3211 3880 itt
3252 3824 3486 3880 medium
3530 3824 3826 3888 adductus,

2235 3926 2294 3972 ut
2321 3928 2579 3974 terrorem
2607 3919 2928 3983 incuterent,
2960 3930 3081 3973 cum
3107 3915 3440 3973 vehementia
3469 3915 3725 3972 furentes
3750 3916 3829 3969 iit-

2235 4019 2510 4083 terrogant
2538 4028 2552 4067 :
2591 4011 2679 4067 19.
2711 4010 2810 4065 llic
2837 4019 2909 4065 est
2936 4012 3074 4079 ﬁlius
3102 4009 3299 4065 vester!
3327 4007 3436 4063 Nec
3472 4008 3706 4074 dicunt,
3732 4005 3827 4072 Qui

2239 4103 2441 4174 pridem
2471 4118 2645 4159 caicus
2671 4113 2788 4159 erat
2826 4114 2839 4156 :
2872 4100 2965 4157 sed
2994 4100 3304 4171 quomodo?
3345 4097 3510 4164 Quem
3549 4115 3646 4153 vos
3674 4097 3835 4151 dicitis

2233 4196 2354 4267 quia
2391 4210 2556 4250 circus
2592 4203 2741 4248 tratus
2770 4202 2879 4254 est;
2905 4208 2970 4249 ac
2995 4192 3042 4248 si
3072 4192 3148 4247 illi
3184 4201 3397 4247 versute
3431 4191 3742 4262 augerem,
3782 4192 3833 4239 ut

2234 4302 2395 4357 opera
2429 4285 2628 4341 Christi
2667 4284 3067 4341 conﬁrmarent.
3120 4283 3165 4338 0
3212 4282 3565 4350 esseet-audi,
3621 4293 3681 4337 et
3726 4280 3837 4351 plus

2235 4393 2391 4449 quam
2416 4376 2765 4434 exsecrandil
2795 4376 2992 4447 Ecquis
3016 4385 3165 4447 pater
3194 4374 3309 4431 haec
3331 4374 3399 4430 de
3420 4372 3536 4430 filio
3558 4374 3837 4430 confinxe-

2235 4471 2339 4525 rit?
2360 4474 2436 4525 Ac
2459 4471 2503 4525 si
2529 4470 2772 4526 dicereut
2796 4486 2808 4522 :
2833 4470 3001 4536 Quem
3032 4483 3126 4523 vos
3154 4481 3355 4523 metu
3374 4464 3640 4531 dixistis;
3671 4479 3839 4535 neque

2236 4563 2287 4617 id
2330 4572 2565 4626 tantum;
2594 4560 2688 4617 sed
2736 4561 2838 4616 hoc
2867 4559 3063 4630 ubique
3090 4559 3382 4630 sparsistis.
3414 4558 3705 4623 Quomodo
3728 4568 3840 4625 ergo

2236 4669 2370 4707 nunc
2392 4652 2523 4707 uidet
2540 4653 2566 4707 γ
2592 4650 2638 4707 0
2660 4652 2936 4707 stultitiam
2958 4652 2972 4706 l
3009 4650 3253 4706 Vestrum
3280 4660 3385 4715 est,
3415 4650 3715 4718 inquiunt,
3749 4649 3842 4701 hoc

2234 4754 2594 4799 commentum
2617 4785 2633 4810 ,
2683 4743 2796 4799 haec
2831 4743 3097 4799 simulatio
3122 4750 3319 4797 vestra.
3347 4741 3656 4810 Dupliciter
3688 4739 3757 4794 ad
3796 4737 3841 4791 id

2235 4837 2535 4907 negandum
2577 4836 2863 4903 inducunt,
2892 4834 3059 4897 etbis
3084 4835 3281 4900 verbis,
3317 4830 3479 4901 Quem
3511 4847 3612 4889 vos
3643 4831 3844 4898 dicitis,

2234 4938 2290 4987 et
2318 4929 2440 4995 illis,
2468 4928 2735 4994 Quomodo
2765 4943 2883 5000 ergo
2907 4943 3040 4982 nunc
3064 4926 3197 4981 videt
3214 4924 3241 4980 γ

2303 5020 2358 5074 2.
2388 5019 2519 5075 Cum
2553 5028 2661 5074 tres
2682 5028 2866 5074 essent
2894 5015 3356 5086 interrogationes,
3390 5014 3435 5070 si
3474 5012 3639 5072 ﬁlius
3663 5026 3847 5072 nonan

2234 5120 2408 5178 esset,
2440 5110 2486 5166 si
2512 5123 2687 5166 caecus
2712 5107 2919 5175 fuisset,
2944 5116 3000 5163 et
3020 5105 3292 5177 quomodo
3314 5106 3491 5160 visum
3518 5107 3847 5176 recepisset,

2235 5204 2343 5261 duo
2373 5212 2575 5258 tantum
2605 5200 2943 5264 conﬁtentur,
2974 5198 3187 5255 tertium
3212 5212 3319 5252 non
3340 5195 3579 5251 addunt.
3608 5191 3848 5265 Illudth

2235 5295 2303 5352 ad
2347 5298 2625 5349 veritatem
2665 5290 2979 5347 firmandam
3021 5288 3309 5354 conduxit,
3356 5296 3416 5341 ut
3454 5302 3642 5344 tiesno
3682 5289 3845 5340 alius.

2236 5402 2399 5460 quam
2426 5400 2601 5441 eiectis
2628 5392 2866 5447 curatus,
2897 5383 2987 5453 qui
3016 5382 3119 5437 ﬁde
3143 5381 3336 5452 dignus
3357 5386 3479 5434 erat
3499 5418 3520 5443 ,
3556 5379 3687 5435 bam
3724 5392 3845 5432 con-

2238 5479 2498 5534 fiteretur.
2526 5477 2592 5531 Et
2616 5473 2885 5546 quomodo
2911 5472 2976 5528 ad
3004 5473 3228 5543 gratiam
3270 5469 3477 5540 loquuta'
3521 5481 3725 5526 essent
3762 5487 3847 5539 pa-

2239 5582 2450 5636 rentes,
2487 5568 2576 5641 qui
2604 5568 2763 5623 etiam
2796 5565 3039 5637 quaedam
3079 5580 3146 5620 ex
3177 5564 3260 5628 iis,
3294 5578 3410 5632 qua:
3434 5561 3709 5617 sciebant
3732 5603 3750 5625 ,
3781 5572 3847 5611 ta-

2241 5674 2468 5720 cuerunt
2512 5670 2727 5733 propter
2767 5672 2963 5713 metunt
3003 5655 3357 5714 Iudaeorum?
3393 5654 3552 5721 Quid
3600 5653 3845 5710 cuitud'r
