3984 6196
309 319 385 379 ιη
1231 308 1303 363 1N
1338 305 1644 364 JO.‘.NNEM
1681 306 1913 364 HOMIL.
1955 309 2130 368 LVlll.
2172 318 2242 372 al.
2286 317 2436 379 ΙΛἯ.

303 430 433 488 cunt?
453 428 535 482 20.
567 425 710 492 Quod
736 425 818 477 hic
844 433 914 477 est
940 424 1078 491 ﬁlius
1115 431 1300 487 noster,
1345 424 1530 478 scimus
1552 466 1566 490 ,
1612 433 1657 478 et
1690 425 1823 494 quod

297 539 429 579 secus
461 529 594 574 natus
626 519 731 582 sit;
762 517 851 572 9.·1.
884 516 1132 586 quomodo
1157 526 1323 568 autem
1351 532 1484 569 stunc
1520 516 1710 582 videat,
1739 525 1824 569 aut

294 615 382 682 quis
401 611 576 681 aperuit
597 610 706 680 ejus
731 607 922 673 oculos,
955 622 1046 658 nos
1075 606 1341 660 nescimus.
1369 605 1399 658 1
1402 623 1490 676 pse
1517 615 1708 660 atatem
1730 606 1822 657 lia-

290 709 376 768 Μ,
404 707 499 774 ipse
523 704 581 755 de
601 718 653 754 se
681 702 932 770 loquatur.
960 698 1092 752 Fide
1118 699 1334 767 dignum
1367 698 1513 751 illum
1549 705 1814 762 statuunt,

286 808 330 852 et
367 798 432 851 sic
456 811 510 850 se
537 801 786 848 excusant
819 809 830 844 :
863 791 977 844 Non
1007 798 1091 844 est
1133 805 1285 859 puer,
1325 789 1598 860 inquiunt,
1644 803 1816 857 neque

281 888 459 950 infans;
488 893 653 954 potest
676 883 744 937 de
770 897 828 936 se
868 881 1224 936 testimonium
1259 880 1416 937 ferre.
1445 880 1532 933 2:2.
1571 879 1694 933 Htec
1717 896 1813 932 au-

275 991 361 1034 tent
385 979 598 1030 dixerunt
627 983 830 1045 propter
851 982 1033 1026 metum
1056 971 1374 1026 Judteorum.
1396 971 1528 1026 Vide
1547 970 1812 1041 quomodo

275 1068 555 1139 evangelista
587 1067 795 1120 illorum
835 1065 1149 1119 sententiam
1180 1063 1611 1133 propositumque
1641 1079 1811 1118 enun-

272 1162 369 1215 tiet.
398 1159 509 1213 llaec
534 1156 655 1212 dico
678 1156 749 1210 ob
772 1155 992 1210 verbum
1029 1154 1155 1209 illud
1189 1164 1311 1209 ante
1337 1155 1534 1210 dictum
1555 1195 1571 1221 ,
1601 1154 1808 1225 Equa-

268 1251 350 1306 ιω
369 1267 416 1304 se
435 1249 546 1317 facit
569 1246 699 1301 Deo.
727 1246 860 1312 Quia
879 1247 922 1299 si
953 1246 1042 1300 illa
1069 1245 1254 1300 fuisset
1279 1245 1493 1300 Judaica
1520 1247 1802 1311 sententia,

268 1357 354 1396 non
375 1351 533 1394 autem
552 1335 750 1392 Christi
771 1335 1030 1406 judicium
1049 1377 1065 1399 ,
1091 1335 1144 1390 id
1169 1346 1313 1390 certe
1335 1336 1622 1391 addidisset
1645 1352 1805 1390 evan-

263 1433 437 1502 gelista,
459 1428 782 1496 dixissetque
806 1441 920 1481 eam
944 1424 1106 1480 fuisse
1133 1425 1436 1480 Judceorum
1465 1427 1799 1481 sententiam.

263 1524 371 1577 Cum
399 1523 542 1592 igitur
560 1527 812 1590 parentes
838 1519 956 1573 illos
980 1517 1046 1572 ad
1073 1532 1270 1572 czecum
1295 1525 1537 1572 sanatum
1567 1518 1803 1572 remisis-

261 1623 386 1675 sent,
415 1612 592 1666 iterum
622 1616 944 1663 vocaverunt
977 1623 1118 1663 eum.
1165 1607 1273 1662 Nec
1314 1617 1488 1663 tamen
1530 1609 1702 1678 palam
1747 1618 1801 1662 et

255 1703 547 1772 impudenter
569 1701 796 1766 dicunt,
826 1699 969 1769 Nega
1007 1699 1277 1754 Christum
1319 1708 1372 1754 te
1409 1714 1661 1766 sanasse,
1703 1700 1798 1755 sed

256 1795 338 1849 sub
358 1793 545 1863 pietatis
568 1792 753 1862 specie
781 1791 833 1845 id
860 1792 1044 1846 volunt
1067 1791 1300 1861 assequi.
1343 1791 1432 1845 24.
1465 1791 1547 1844 Da
1583 1791 1796 1862 gloriam

252 1883 370 1950 Deo,
397 1883 650 1953 inquiunt.
687 1881 818 1936 Nam
847 1883 891 1936 si
922 1881 1230 1951 parentibus
1266 1882 1560 1949 dixissent,
1598 1883 1796 1952 Negate

249 1971 388 2028 ﬁlium
414 1983 640 2028 vestrum
663 1987 784 2028 esse
808 2015 823 2038 ,
852 1983 905 2028 et
927 1988 1126 2036 caicum
1154 1981 1334 2027 natum
1352 2015 1367 2040 ,
1400 1988 1484 2028 res
1509 1973 1792 2029 admodum

248 2068 436 2124 ridicula
459 2067 562 2122 visa
591 2074 760 2132 esset,
791 2066 1124 2136 idipsumquc
1153 2066 1260 2120 ﬁlio
1286 2067 1482 2131 dicere,
1515 2066 1790 2122 manifesta

247 2158 407 2215 luisset
425 2158 762 2227 impudentia.
787 2157 910 2213 ldeo
932 2173 1036 2212 non
1053 2159 1132 2214 sic
1152 2159 1366 2222 dicunt;
1391 2158 1608 2213 sedatio
1632 2158 1790 2213 modo

243 2249 435 2305 insidias
459 2260 668 2320 parant,
705 2250 984 2304 dicentes:
1015 2248 1094 2302 Da
1131 2249 1344 2318 gloriam
1384 2247 1528 2314 Deo;
1571 2248 1622 2302 id
1665 2259 1746 2303 est
1769 2289 1785 2314 ,

245 2339 485 2394 Conﬁtere
517 2342 684 2410 ipsum
729 2339 859 2393 nihil
908 2339 1113 2394 fecisse.
1161 2337 1274 2392 Nos
1319 2340 1506 2392 scimus
1549 2339 1666 2407 quia
1707 2339 1788 2392 hic

243 2434 381 2485 homo
406 2443 621 2501 peccator
649 2443 734 2486 est.
769 2431 876 2486 Cur
900 2445 1028 2501 ergo
1069 2445 1172 2484 non
1212 2429 1629 2500 reprehendistis
1665 2445 1784 2484 eum

239 2541 350 2578 cum
373 2524 568 2588 diceret,
604 2524 728 2591 Quis
755 2541 815 2578 ea:
839 2525 973 2577 vobis
998 2536 1178 2593 arguet
1196 2539 1274 2576 me
1297 2523 1359 2576 de
1384 2532 1583 2591 peccato
1605 2521 1780 2594 (Joan.

239 2617 284 2670 8.
311 2616 447 2688 l6)?
482 2618 612 2673 unde
642 2618 789 2672 scitis
817 2617 962 2670 illum
990 2631 1109 2671 esse
1137 2625 1470 2685 peccatorem
1493 2617 1515 2669 ?
1540 2616 1670 2671 Cum
1699 2617 1782 2671 dl-

234 2719 394 2763 ccrent
430 2719 598 2764 autem
645 2709 751 2772 illi,
795 2707 874 2761 Da
913 2708 1125 2778 gloriam
1153 2707 1279 2772 Deo,
1311 2716 1366 2762 et
1393 2708 1506 2778 ipse
1535 2709 1664 2762 nihil
1693 2723 1781 2764 re-

239 2801 520 2870 spondisset,
546 2818 841 2857 occurrens
864 2801 1106 2856 Christus
1132 2801 1363 2856 laudavit
1389 2800 1530 2867 eum,
1563 2817 1660 2856 nec
1692 2817 1779 2855 rc-

236 2893 479 2959 prehendit
504 2894 652 2964 quod
680 2895 901 2964 gloriam
935 2893 1042 2948 Deo
1072 2910 1180 2948 non
1204 2894 1469 2959 dedisset;
1499 2895 1590 2950 sed
1615 2894 1778 2962 quid?

232 2982 380 3039 Credis
403 2989 449 3039 in
475 2985 674 3040 Filium
704 2985 800 3040 Dei
819 2986 871 3038 “l
901 2985 970 3041 Ut
991 2985 1166 3040 discas
1194 2986 1322 3041 illud
1348 3001 1485 3053 csse,
1515 2987 1641 3041 dare
1667 2991 1778 3058 glo-

228 3075 341 3129 riam
369 3077 486 3132 Deo.

290 3165 436 3222 Filius
456 3170 674 3238 aqualis
705 3167 871 3223 Patri.
916 3167 1046 3223 Carci
1090 3170 1425 3222 testimonium
1472 3169 1772 3239 explicatur.

225 3256 420 3324 —Quod
443 3260 485 3314 si
515 3261 638 3329 ipse
667 3274 772 3314 non
821 3269 961 3314 esset
1002 3259 1220 3327 aequalis
1249 3259 1388 3313 Patri
1419 3299 1434 3324 ,
1470 3260 1582 3312 haec
1608 3259 1773 3327 gloria

229 3363 317 3402 non
341 3360 488 3403 esset.
523 3349 637 3406 Sed
671 3351 922 3420 quoniam
951 3351 1040 3420 qui
1073 3349 1260 3404 Filium
1287 3350 1534 3414 honorat,
1562 3350 1770 3404 Patrem

222 3453 406 3510 quapie
443 3439 716 3504 honorat,
743 3441 863 3510 jure
911 3455 1014 3494 non
1061 3441 1362 3509 increpatur
1397 3456 1589 3495 caecus.
1639 3440 1770 3495 Cum

222 3545 330 3600 ergo
345 3534 723 3602 chpectabant
749 3543 805 3586 ut
836 3541 1083 3602 parentes
1111 3542 1403 3585 anuuercnt
1423 3542 1764 3602 etnegarent,

219 3623 331 3678 nihil
352 3625 593 3681 dicebant
611 3625 703 3680 isti
725 3640 872 3680 :cum
896 3640 1023 3679 vero
1044 3640 1100 3679 se
1126 3624 1256 3679 nihil
1274 3625 1392 3679 hinc
1409 3637 1772 3694 consequutos

219 3714 453 3782 viderunt,
476 3717 588 3786 jam
623 3716 749 3771 huic
776 3716 958 3770 dicunt
991 3757 1006 3781 ,
1047 3714 1145 3767 llic
1176 3725 1404 3783 peccator
1427 3726 1519 3770 est.
1549 3715 1619 3770 25
1671 3716 1773 3769 Ite-

215 3809 390 3874 spoudit
411 3811 494 3864 ille
520 3820 567 3864 et
589 3810 750 3874 dixit,
781 3808 842 3864 Si
865 3819 1094 3876 peccator
1115 3817 1207 3872 est,
1230 3809 1396 3862 nescio
1417 3823 1436 3862 :
1465 3824 1617 3860 unum
1645 3810 1768 3874 scio,

215 3902 328 3964 quod
363 3918 472 3954 cum
493 3919 669 3956 aecus
695 3917 848 3956 essem
869 3941 884 3967 ,
929 3916 1062 3955 nunc
1098 3901 1258 3954 video.
1308 3899 1569 3970 Numquid
1601 3900 1772 3954 timuit

213 4005 363 4046 cacas
387 3994 411 4046 τ
440 3994 688 4048 Minime.
737 3993 802 4048 Et
829 4008 923 4047 cur
951 3993 1038 4062 qui
1069 3993 1277 4047 dixerat
1302 4032 1318 4057 ,
1364 3992 1623 4062 Propheta
1651 4003 1722 4046 est
1752 4033 1768 4057 ,

213 4097 332 4137 nunc
352 4083 477 4140 dicit
506 4128 524 4152 ,
573 4086 646 4140 Si
682 4094 912 4154 peccator
937 4095 1007 4139 est
1032 4126 1045 4150 ,
1081 4085 1288 4147 nescio!
1311 4084 1425 4139 Non
1451 4085 1522 4138 ita
1549 4083 1769 4140 allectus

211 4185 306 4228 erat
341 4191 504 4245 neque
546 4178 601 4232 id
644 4175 860 4246 putabat
887 4193 902 4240 ;
931 4176 1023 4230 sed
1047 4177 1189 4245 quod
1217 4176 1379 4230 vellet
1407 4177 1483 4230 rei
1505 4176 1669 4242 ipsius
1697 4184 1774 4230 tc-

209 4267 432 4322 stimonio
460 4309 474 4332 ,
508 4285 622 4322 non
661 4281 790 4321 voce
820 4281 912 4321 sua
943 4269 986 4331 ²,
1011 4267 1158 4321 illum
1185 4285 1215 4322 a
1244 4266 1465 4321 crimine
1496 4266 1723 4321 liberare
1753 4307 1768 4331 ,

208 4364 251 4405 et
274 4356 364 4411 ﬁde
379 4358 594 4428 dignam
624 4357 818 4412 ell'crre
833 4357 1195 4413 delensionem
1218 4398 1232 4423 ,
1266 4371 1330 4411 ex
1360 4357 1602 4411 beneficii
1631 4358 1770 4426 ipsos

206 4446 479 4504 damnantis
504 4448 844 4504 teStimonio.
868 4447 1052 4502 Namsi
1073 4457 1192 4517 post
1219 4448 1378 4502 multa
1391 4447 1550 4503 verba
1564 4447 1773 4502 dicente

207 4537 301 4600 illo,
335 4539 447 4593 Nisi
467 4552 598 4595 esset
625 4539 724 4593 Dei
753 4542 916 4594 cultor
935 4581 950 4606 ,
982 4557 1081 4594 non
1109 4541 1349 4610 potuisset
1375 4541 1496 4594 talia
1525 4541 1669 4610 signa
1693 4544 1771 4611 [a-

202 4645 319 4697 cere,
348 4631 414 4687 ita
444 4633 711 4704 indignati
741 4641 864 4686 sunt
891 4642 947 4686 ut
975 4632 1215 4687 dicerent
1240 4675 1254 4697 ,
1279 4632 1344 4687 In
1375 4635 1593 4703 peccatis
1621 4644 1770 4686 natus

201 4735 250 4770 es
273 4730 395 4774 totus
423 4765 438 4786 ,
469 4734 515 4777 et
545 4734 603 4776 tu
638 4723 788 4777 doces
829 4739 918 4776 nos
941 4724 966 4775 ll
995 4723 1038 4776 si
1065 4722 1133 4777 ab
1173 4723 1322 4777 initio
1351 4722 1464 4776 hmc
1499 4723 1720 4778 dixisset
1752 4765 1766 4787 ,

200 4812 314 4876 quid
341 4830 441 4868 non
474 4814 740 4870 fecissent
765 4816 787 4868 ἲ
832 4814 958 4883 quid
985 4830 1089 4869 non
1117 4815 1376 4870 dixissent
1404 4817 1427 4868 ?
1454 4815 1515 4870 Si
1542 4826 1773 4885 peccator

201 4913 284 4964 est.
313 4909 517 4972 nescio;
549 4909 604 4960 id
635 4918 738 4969 est;
771 4907 910 4961 Nihil
937 4922 1001 4962 ca
1040 4907 1107 4962 de
1147 4923 1205 4962 re
1235 4922 1377 4962 nunc
1402 4909 1522 4962 dico
1555 4951 1569 4972 ,
1599 4923 1771 4976 neque

197 5001 503 5052 sententiam
551 4997 706 5053 fero:
755 4998 881 5052 illud
923 4997 1087 5067 probe
1121 4998 1232 5051 scio
1274 5006 1328 5052 ct
1359 5000 1644 5067 pronuntio
1678 5041 1692 5064 ,
1726 4998 1772 5052 si

199 5098 433 5149 peccator
463 5097 620 5144 esset
649 5131 663 5153 ,
696 5103 799 5142 non
833 5089 953 5143 talia
985 5089 1213 5143 fecisset.
1244 5088 1446 5156 Quibus
1493 5089 1673 5143 verbis
1715 5103 1771 5144 se

195 5185 246 5229 et
270 5183 640 5235 testimonium
686 5195 838 5234 suum
880 5181 1023 5234 omni
1061 5181 1360 5248 suspicione
1386 5180 1666 5246 liberavit,
1714 5189 1771 5234 ut

195 5270 278 5335 qui
308 5287 412 5326 non
445 5274 514 5327 ad
557 5274 785 5342 gratiam
815 5289 928 5328 rem
951 5283 1152 5344 gestam
1182 5284 1443 5328 narraret.
1487 5273 1616 5341 Quia
1646 5290 1772 5344 ergo

197 5371 294 5412 non
333 5372 590 5429 poterant
624 5364 761 5416 illam
791 5373 1031 5418 evertere
1071 5363 1151 5418 vel
1181 5363 1398 5420 abolere
1432 5405 1445 5428 ,
1498 5380 1677 5418 rursus
1707 5365 1770 5418 ad

195 5450 401 5505 modum
456 5453 759 5508 curationis
801 5453 1184 5524 explorandum
1231 5456 1491 5521 redeunt,
1537 5456 1676 5509 velut
1727 5457 1771 5509 si

253 5653 266 5680 '
307 5657 385 5698 itm
401 5654 470 5699 cl.
487 5654 642 5714 legit.
662 5651 707 5702 in
732 5652 881 5701 lilium
902 5653 1121 5703 lmmmis.

254 5714 269 5738 ⁸
305 5715 470 5760 wet.
499 5714 654 5774 legit.
674 5722 717 5764 et
741 5727 847 5764 rore
869 5727 974 5764 stur.

527 5800 802 5860 ΡΑτηοι..
845 5806 958 5860 (in.
1013 5808 1077 5861 l.l
1095 5811 1140 5864 Χ
1159 5854 1171 5866 .

3407 346 3510 402 δίε

1933 425 2164 493 quipiam
2196 428 2362 486 feram
2384 436 2612 505 undique
2645 447 3060 514 pervestiganies
3095 452 3132 518 ‘,
3167 454 3325 511 modo
3353 457 3454 515 huc
3485 501 3505 528 ,

1930 517 2087 570 modo
2115 520 2235 574 illuc
2263 537 2563 582 accurraut.
2597 532 2677 584 Ad
2707 535 2911 601 priores
2938 555 3065 610 ergo
3105 559 3384 604 sermones
3413 517 3502 606 re:

1928 605 2090 661 dcunt
2122 651 2135 672 ,
2166 610 2216 665 id
2247 625 2495 672 curantes
2520 630 2574 673 ut
2598 621 2718 676 illos
2745 641 2842 694 per
2880 605 3097 687 crebras
3125 634 3503 708 interrogatio-

1925 697 2315 799 ties.iniirn1ent
2346 744 2361 769 ,
2407 706 2693 779 dicuntque
2723 731 2735 766 :
2766 715 2854 769 26.
2897 718 3031 782 Quid
3055 722 3171 790 fecit
3200 727 3287 780 tibi
3308 697 3357 780 εἴ
3376 747 3502 799 quo-

1923 785 2071 838 modo
2134 794 2329 858 aperuit
2401 797 2490 850 tibi
2560 803 2785 857 oculos?
2825 806 2961 873 Quid
3021 785 3149 880 ergo
3202 815 3340 871 ille?
3387 785 3500 875 illis

1922 873 2142 977 devictis
2185 893 2238 936 et
2268 891 2544 952 prostratis
2579 934 2592 957 ,
2639 911 2744 949 non
2793 900 2924 953 ultra
2971 905 3194 960 remisse
3239 908 3491 977 quuitur.

1920 963 2102 1067 Donec
2116 970 2255 1024 enim
2283 989 2367 1028 res
2394 982 2636 1036 examine
2659 994 2708 1038 et
2731 991 3110 1056 perquisitione
3130 1010 3260 1064 opus
3288 963 3490 1067 liabuit,

1917 1056 2191 1115 moderate
2222 1079 2331 1118 rem
2360 1065 2646 1126 declaravit
2679 1092 2692 1127 :
2727 1086 3002 1148 postquam
3041 1056 3220 1138 autem
3253 1088 3373 1142 illos
3398 1056 3487 1143 ce:

1917 1148 2014 1216 pit,
2042 1152 2480 1228 splendidamque
2506 1163 2781 1221 victoriam
2813 1171 2993 1225 retulit
3025 1213 3041 1237 ,
3091 1177 3346 1233 audacter
3372 1181 3488 1235 illos

1913 1241 2236 1308 aggreditur,
2264 1247 2440 1318 aitque
2467 1268 2481 1304 :
2510 1252 2599 1307 27.
2627 1253 2751 1310 Ι)ίωὶ
2777 1260 2911 1312 vobis
2931 1265 3082 1318 semel
3109 1307 3123 1328 ,
3154 1277 3200 1319 et
3225 1285 3323 1322 non
3339 1272 3489 1324 audi-

1911 1330 2002 1382 stis
2026 1348 2047 1396 ,'
2071 1334 2193 1401 quid
2221 1349 2400 1392 iterum
2437 1345 2584 1399 vultis
2606 1350 2784 1402 audire
2809 1352 2831 1403 ?
2861 1351 3102 1409 Vidistin'
3125 1360 3355 1422 mendici
3382 1363 3476 1416 ad—

1910 1435 2094 1477 versus
2133 1428 2336 1483 scribas
2368 1440 2424 1486 et
2450 1434 2750 1493 Pharisazos
2775 1443 3150 1502 conﬁdentiam
3177 1449 3202 1503 t
3231 1451 3358 1506 Tam
3388 1456 3480 1507 ﬁr-

1909 1527 1992 1566 ma
2030 1529 2115 1569 res
2139 1528 2220 1570 est
2250 1522 2443 1578 veritas
2465 1565 2479 1589 ,
2510 1539 2614 1580 tam
2660 1529 2928 1586 inﬁrmum
2975 1538 3332 1595 mendacium.
3379 1544 3470 1600 Illa

1907 1608 2046 1660 enim
2075 1609 2216 1665 viros
2245 1627 2308 1666 ex
2339 1614 2545 1671 inﬁrma
2574 1620 2728 1687 plebe
2753 1624 2926 1680 claros
2969 1627 3133 1684 efﬁcit
3159 1648 3174 1693 ;
3207 1631 3310 1688 hoc
3351 1651 3478 1691 vero

1905 1696 2068 1752 fortes
2093 1699 2359 1768 deprimit.
2388 1705 2443 1759 ld
2476 1723 2634 1776 porro
2664 1715 2776 1767 vult
2803 1729 2975 1772 caecus
3004 1720 3306 1788 signiﬁcare
3335 1741 3348 1777 :
3384 1725 3476 1780 Di-

1901 1789 2002 1843 ctis
2051 1805 2156 1845 non
2201 1797 2506 1864 attenditis;
2550 1800 2670 1857 ideo
2714 1820 2819 1859 non
2863 1807 2996 1863 ultra
3025 1811 3252 1880 loquar,
3302 1831 3476 1886 neque

1900 1881 2103 1938 crebris
2143 1894 2199 1939 et
2228 1889 2375 1942 vanis
2415 1891 2917 1963 interrogationibus
2947 1903 3282 1969 respondebo
3306 1946 3322 1972 ,
3351 1881 3471 1962 cum

1899 1987 2003 2027 non
2030 1973 2265 2032 discendi
2296 1994 2454 2035 causa
2476 1983 2722 2051 audiatis,
2753 1987 2845 2042 sed
2871 1999 2927 2043 ut
2954 1991 3091 2046 dicta
3115 1993 3468 2051 insectemini.

1899 2063 2164 2137 Numquid
2188 2081 2233 2124 et
2253 2087 2340 2127 vos
2363 2076 2511 2130 vultis
2545 2077 2782 2147 discipuli
2807 2083 2918 2149 ejus
2944 2083 3056 2150 ﬁeri
3076 2084 3102 2136 ?
3128 2084 3244 2139 Jam
3269 2103 3329 2142 se
3357 2089 3472 2143 dis-

1897 2156 2088 2226 cipulis
2112 2173 2447 2218 annumerat.
2483 2165 2616 2220 [llud
2649 2169 2815 2233 enim,
2847 2170 3115 2242 Numquid
3143 2185 3188 2227 et
3216 2191 3300 2230 vos
3332 2218 3346 2240 ,
3390 2179 3466 2231 si-

1895 2246 2108 2314 gniﬁcat
2131 2250 2302 2318 ipsum
2335 2268 2455 2310 esse
2481 2255 2818 2328 discipulum.
2844 2260 3046 2317 Deinde
3076 2279 3203 2320 vero
3233 2267 3352 2322 illos
3376 2282 3468 2322 sa-

1893 2339 1960 2393 tis
1989 2340 2210 2396 traducit
2235 2353 2289 2398 ct
2313 2345 2548 2401 incessit.

1960 2430 2012 2484 5.
2048 2431 2178 2487 Cum
2197 2435 2337 2489 enim
2361 2439 2522 2493 sciret
2552 2438 2654 2494 hoc
2680 2441 2800 2495 illos
2822 2445 3048 2500 maxime
3078 2462 3310 2518 pungere
3339 2492 3354 2516 ,
3384 2451 3462 2506 la-

1890 2523 2132 2578 cessendi
2191 2541 2351 2581 causa
2397 2529 2581 2596 dixit;
2627 2534 2767 2602 quod
2823 2544 2939 2590 erat
2993 2540 3155 2594 animi
3202 2540 3461 2611 ﬁdentis,

1888 2613 2149 2680 sublimis,
2181 2617 2496 2689 illorumque
2518 2621 2752 2678 furorem
2782 2625 3122 2696 deSpicientis
3147 2673 3162 2697 ,
3207 2642 3366 2703 atque
3393 2634 3460 2688 il-

1886 2705 2008 2772 lius,
2041 2709 2092 2762 in
2119 2725 2223 2778 quo
2245 2711 2458 2779 ﬁdebat,
2490 2715 2797 2784 dignitatem
2822 2720 3163 2788 celebrantis,
3194 2733 3251 2777 ut
3277 2734 3461 2781 osten-

1885 2799 2038 2855 deret
2079 2803 2222 2871 ipsos
2251 2805 2423 2876 virum
2462 2807 2827 2866 admirabilem
2859 2816 3181 2871 contumelia
3210 2818 3456 2884 allicere;

1885 2891 2058 2960 ipsum
2085 2904 2259 2949 autem
2286 2911 2391 2951 non
2423 2914 2545 2953 verc
2571 2900 2712 2955 afﬁci
2744 2905 3066 2960 contumelia
3093 2949 3108 2971 ,
3138 2907 3231 2962 sed
3263 2919 3456 2964 contu-

1883 2987 2096 3041 meliam
2125 2988 2322 3042 illatam
2346 2990 2395 3044 in
2424 2990 2682 3047 honorem
2703 2995 2802 3048 sibi
2831 3011 3035 3064 rapere.
3057 2996 3145 3052 28.
3176 2997 3254 3052 Tu
3275 3017 3326 3053 es
3352 3002 3458 3052 dis-

1879 3078 2080 3145 cipulus
2095 3081 2498 3150 ejus,inquiunt;
2523 3100 2612 3138 nos
2632 3095 2796 3138 autem
2815 3088 3051 3157 discipuli
3062 3090 3452 3160 sumusMoysis.

1882 3167 2074 3223 Verum
2095 3169 2144 3224 id
2164 3185 2268 3224 non
2285 3173 2491 3227 ratione
2508 3176 2686 3229 nixum
2709 3186 2810 3231 est.
2833 3177 2937 3232 Vos
2962 3179 3102 3233 cnim
3122 3195 3291 3249 neque
3311 3182 3456 3254 Moy-

1882 3257 1977 3323 sis,
2011 3275 2184 3329 neque
2208 3260 2363 3330 hujus
2383 3262 2627 3332 discipuli
2652 3268 2799 3321 estis.
2826 3268 2879 3323 Si
2909 3269 3103 3340 Moysis
3137 3274 3326 3328 essetis
3353 3315 3368 3338 ,
3400 3287 3456 3330 et

1880 3346 2074 3402 Christi
2128 3353 2336 3405 essetis.
2389 3353 2514 3408 ldeo
2557 3353 2804 3410 Christus
2848 3374 3006 3426 supra
3058 3361 3268 3415 dicebat
3299 3364 3449 3418 illis:

1880 3437 1940 3493 Si
1967 3439 2232 3495 crederetis
2275 3441 2441 3513 Moysi
2474 3486 2487 3509 ,
2515 3447 2776 3501 crederetis
2803 3451 2970 3519 utique
3012 3461 3056 3504 et
3095 3453 3218 3506 milii
3245 3469 3263 3506 :
3293 3455 3354 3508 de
3375 3473 3453 3509 me

1877 3531 2010 3584 enim
2029 3532 2114 3585 ille
2141 3535 2339 3601 scripsit
2359 3535 2532 3602 (Joan.
2565 3540 2618 3593 5.
2653 3539 2777 3610 46);
2809 3543 3060 3611 quoniam
3091 3544 3155 3597 ad
3185 3545 3282 3600 hos
3310 3561 3453 3602 sem-

1878 3637 1975 3692 per
2023 3639 2299 3680 sermones
2340 3628 2734 3698 confugiebant.
2785 3633 2875 3687 29.
2925 3633 3036 3688 Nos
3081 3637 3264 3690 scimus
3311 3641 3447 3709 quod

1880 3713 2048 3783 Moysi
2069 3715 2301 3784 loquutus
2324 3728 2394 3771 est
2421 3718 2577 3773 Deus.
2610 3723 2726 3786 Quo
2757 3725 3042 3779 narrante?
3069 3741 3174 3795 quo
3199 3730 3449 3783 nuntian-

1878 3812 1928 3858 tc
1955 3805 1976 3858 ?
2001 3804 2306 3875 Majorihus,
2332 3810 2498 3875 aiunt,
2524 3812 2740 3865 nostris.
2771 3815 2960 3866 Annon
2986 3815 3089 3868 illis
3118 3815 3220 3870 ﬁde
3241 3817 3451 3886 dignior

1875 3908 1977 3964 εει,
2006 3898 2095 3967 qui
2122 3898 2223 3954 hoc
2253 3915 2347 3969 per
2373 3902 2522 3970 signa
2553 3903 2867 3969 conﬁrmat,
2892 3919 3012 3960 cum
3038 3905 3166 3960 dicit
3196 3922 3254 3961 se
3281 3923 3313 3962 a
3342 3910 3450 3964 Deo

1875 3991 2057 4045 venire
2084 4000 2137 4046 et
2155 3991 2384 4047 cmlestia
2411 3989 2554 4063 loqui
2579 3995 2602 4047 ?
2631 3994 2812 4064 Neque
2833 3995 3101 4062 dixerunt,
3131 3998 3450 4055 Audivimus

1875 4082 2015 4150 quod
2049 4082 2213 4152 Moysi
2238 4083 2486 4152 loquutus
2512 4085 2582 4139 sit
2616 4085 2792 4150 Deus;
2823 4085 2938 4150 sed,
2968 4083 3191 4141 Scimus.
3220 4087 3352 4155 Qua:
3380 4105 3444 4144 ex

1872 4165 2061 4221 auditu
2091 4167 2266 4233 scitis,
2298 4183 2330 4222 ο
2351 4167 2543 4235 Judaei,
2575 4170 2886 4240 afﬁrmatis;
2911 4182 2964 4228 et
2988 4189 3108 4243 qua:
3137 4173 3257 4230 visu
3283 4179 3456 4246 perci-

1871 4257 2020 4325 pitis,
2056 4260 2268 4315 minora
2298 4263 2501 4330 putatis
2523 4263 2678 4320 esse?
2700 4265 2862 4334 Atqui
2887 4265 2978 4320 illa
2999 4265 3218 4336 quidem
3243 4282 3352 4322 non
3376 4271 3458 4325 vi-

1869 4346 2052 4415 distis,
2087 4349 2182 4407 sed
2211 4351 2464 4418 audistis,
2502 4352 2617 4410 haec
2659 4370 2788 4410 vero
2820 4372 2926 4410 non
2967 4357 3219 4423 audistis,
3251 4358 3344 4414 sed
3375 4360 3457 4415 vi-

1875 4443 2046 4497 distis.
2072 4444 2204 4510 Quid
2232 4459 2356 4513 ergo
2381 4458 2552 4499 caecus
2581 4445 2603 4498 il
2628 4446 2716 4500 50.
2748 4445 2812 4499 In
2842 4449 2935 4499 hoc
2959 4447 3090 4500 enim
3110 4459 3181 4502 est
3202 4449 3447 4512 mirabile,

1875 4535 2010 4604 quod
2044 4550 2127 4588 vos
2158 4535 2356 4588 nescitis
2385 4537 2516 4589 unde
2547 4539 2651 4604 sit,
2699 4547 2753 4593 et
2783 4539 2902 4591 talia
2932 4539 3080 4608 signa
3111 4539 3233 4593 facit
3266 4557 3278 4591 :
3308 4541 3448 4608 quod

1876 4626 1957 4679 vir
1975 4640 2081 4680 non
2111 4626 2330 4695 insignis
2359 4627 2497 4696 apud
2531 4643 2624 4682 vos
2649 4669 2664 4693 ,
2697 4645 2868 4698 neque
2895 4630 3070 4684 clarus
3102 4629 3182 4684 vel
3209 4629 3447 4695 illustris,

1880 4716 2002 4769 talia
2025 4716 2224 4785 possit:
2255 4727 2311 4771 ut
2331 4719 2547 4772 omnino
2573 4720 2909 4774 manifestum
2949 4722 3056 4786 sit,
3085 4736 3206 4776 esse
3237 4721 3398 4775 Deum
3429 4762 3444 4784 ,

1877 4807 1966 4877 qui
2007 4823 2072 4862 ne
2107 4808 2326 4864 minimo
2367 4811 2579 4880 quidem
2621 4812 2852 4868 humano
2893 4822 3046 4882 egeat
3093 4813 3310 4867 auxilio.
3357 4812 3448 4866 5|.

1877 4899 2081 4955 Scimus
2101 4913 2265 4955 autent
2292 4903 2428 4972 quod
2455 4901 2594 4957 Deus
2624 4913 2905 4972 peccatores
2934 4919 3032 4957 non
3058 4905 3284 4957 exaudit.
3314 4901 3448 4959 Cum

1878 4993 2019 5047 enim
2047 5003 2199 5047 antea
2231 4994 2522 5048 dixissent:
2559 4993 2822 5058 Quomodo
2853 5004 3011 5063 potest
3046 4993 3194 5048 homo
3221 5003 3450 5062 peccator

1881 5086 2002 5140 talia
2025 5087 2171 5156 signa
2185 5084 2362 5157 'facere
2385 5086 2411 5138 Ρ
2430 5101 2613 5140 eorum
2647 5085 2834 5140 nititur
2855 5083 3077 5154 judicio,
3098 5093 3152 5140 et
3182 5084 3296 5137 haec
3325 5083 3452 5151 ipsis

1881 5180 1935 5233 in
1963 5188 2191 5234 mentem
2215 5190 2446 5233 revocat.
2483 5178 2608 5234 llzcc
2635 5178 2920 5244 sententia,
2949 5177 3138 5246 inquit,
3163 5187 3218 5233 et
3247 5176 3375 5230 mihi
3398 5187 3452 5232 et

1879 5269 2031 5324 vobis
2066 5270 2364 5324 communis
2389 5277 2469 5324 est
2500 5286 2512 5320 :
2547 5269 2597 5323 in
2631 5270 2729 5323 hac
2769 5268 3057 5337 pcrsistite.
3085 5267 3153 5324 Et
3178 5267 3296 5323 vide
3326 5266 3456 5321 mihi

1880 5359 2237 5429 prudentiam.
2269 5359 2486 5428 Signum
2521 5373 2732 5428 semper
2776 5360 2828 5416 in
2860 5373 2952 5414 ore
2997 5371 3206 5424 versat,
3237 5358 3358 5429 quia
3387 5356 3454 5411 ii-

1881 5451 1969 5507 lud
2003 5451 2185 5506 tollcre
2209 5466 2311 5504 non
2341 5461 2603 5519 poterant,
2633 5461 2685 5506 ct
2707 5451 2829 5506 inde
2871 5451 3232 5505 ratiocinatur.
3266 5449 3468 5505 Viden"

1879 5559 2000 5598 eum
2027 5585 2042 5608 ,
2071 5558 2189 5597 cum
2233 5542 2381 5597 initio
2407 5543 2644 5601 diceret.
2675 5543 2733 5596 Si
2763 5553 2994 5611 peccator
3019 5553 3090 5596 est
3116 5583 3130 5608 ,
3163 5542 3328 5595 nescio
3354 5581 3368 5604 ,
3399 5540 3452 5594 id

1945 5656 1960 5686 ¹
2001 5653 2086 5704 Alii
2121 5653 2450 5710 legunl,vclut
2474 5654 2838 5704 sirmtcst‘eram
2861 5652 2909 5702 in
2936 5660 3031 5702 tuto
3056 5653 3275 5701 latentem
3313 5645 3461 5699 undi-

1883 5731 1973 5782 que
1997 5716 2374 5780 pervestiganth
3206 5725 3211 5730 ‘
