2047 3102
247 154 299 183 δη
619 150 646 178 S.
667 148 805 179 JOANNIS
815 146 990 176 L’ilﬂYSOST
991 145 1047 173 01H

1103 144 1225 173 lCl’l'lEP.
1244 146 1330 175 COSS
1337 147 1509 177 [ΑΝΤΙΝΟΡ.
1828 150 1882 180 ῑιο

250 218 303 238 non
317 208 464 238 dubitando
477 207 591 236 dixisse?
607 206 697 240 absit,
714 211 792 234 norat
812 205 883 233 enim
904 212 956 232 non
978 212 1038 232 esse

250 261 428 291 precatorem.
445 254 520 282 Nunc
533 253 576 281 ubi
589 257 768 289 opportununt
779 256 821 280 est
833 257 939 287 tempus
956 272 962 284 ,
978 251 1039 278 vide

249 301 384 336 quomodo
398 299 565 334 respondeat.
580 299 681 327 Scimus
694 304 776 326 autem
789 299 857 333 quod
867 298 936 325 Deus
948 305 1039 332 pecca-

251 353 318 374 tore:
333 355 382 373 non
395 345 483 372 audiat
492 352 501 377 ;
513 345 557 372 sed
569 346 590 372 si
602 345 657 380 quis
673 344 719 371 Dei
733 345 815 371 cultor
826 348 863 371 est
877 365 884 376 ,
906 348 929 370 et
944 343 1036 370 volun-

251 395 327 418 tatem
340 391 394 426 ejus
405 391 475 425 facit.
489 390 536 417 llic
548 397 600 417 non
612 389 691 416 modo
702 398 716 416 a
731 389 845 424 peccatis
853 388 977 421 absolvit,
994 387 1040 415 sed

251 441 278 463 et
301 436 357 471 Deo
376 439 513 470 acceptum
529 456 537 468 ,
555 439 582 462 et
601 435 646 462 Dei
668 442 748 468 opera
771 434 910 461 facientem
937 434 1040 469 probat.

251 481 318 515 Quia
330 481 400 508 enim
413 481 449 507 illi
465 488 494 508 se
506 481 550 507 Dei
568 480 684 507 cultores
695 480 838 512 dicebant,
853 479 913 507 ideo
928 479 1040 512 addidit,

242 526 289 553 -l'.‘t-
300 528 453 553 voluntatem
467 526 521 560 ejus
531 527 603 561 facit.
617 525 674 552 Non
685 526 750 553 satis
761 530 801 552 est
816 545 823 558 ,
837 525 921 560 inquit
937 545 944 559 ,
958 525 1041 552 Deum

252 579 423 607 cognoscere,
439 571 485 599 sed
499 571 556 605 ejus
565 576 605 598 est
615 571 734 598 facienda
742 571 873 598 voluntas.
882 570 948 598 Inde
959 570 1041 597 mira-

253 618 341 644 eulum
357 617 470 644 extollit.
487 616 521 643 '59.
544 616 564 642 Α
577 616 669 643 steculo
678 625 727 643 non
736 622 771 643 est
782 616 895 643 auditum
906 617 974 651 quod
982 624 1044 651 ape-

252 664 330 690 ruerit
349 663 405 697 quis
422 663 508 690 oculos
535 663 682 705 ca'ci.ttoti.
706 657 733 689 Si
756 670 819 697 ergo
844 662 1006 689 conﬁtemini
1022 663 1041 695 ',

255 710 336 737 Deum
350 717 409 736 non
419 710 546 737 exaudire
563 714 734 743 peccatores;
749 709 791 736 hie
802 716 874 736 'vero
884 708 1042 736 miraculum

254 756 387 789 patravit.
411 760 438 782 et
453 756 505 782 tale
519 755 691 788 miraculum,
708 755 787 790 quale
807 762 886 781 nemo
900 754 981 782 fecit:
998 761 1043 789 pa-

254 802 305 828 lam
317 805 358 828 est
372 801 444 827 illum
458 801 555 827 virtute
568 801 656 828 omnia
667 807 808 835 superasse
818 820 825 833 ,
842 800 953 835 ejuSque
967 804 1043 834 pote-

253 850 349 873 statem
363 845 420 880 plus
434 853 511 880 quam
528 845 670 873 humanam
683 853 752 873 esse.
765 845 833 879 Quid
847 853 911 880 ergo
927 845 965 872 illi
975 845 986 871 ?
997 845 1042 872 54.

256 890 288 917 In
303 890 412 926 peccatis
424 897 499 917 nutus
512 899 537 917 et
546 895 621 921 totus,
635 895 658 918 et
671 895 697 917 ru
708 891 782 918 doces
791 891 857 917 nos?
870 891 961 917 Donec
973 892 1044 917 enim

255 941 411 971 negaturum
425 944 487 964 eum
501 937 653 971 sperabant,
667 936 719 964 ﬁde
731 936 838 971 dignum
853 940 985 971 putantes,
1000 943 1044 963 se-

255 983 308 1010 mel
333 987 360 1010 et
385 983 479 1010 iterum
500 987 640 1010 vocarunt.
662 983 738 1017 Quod
757 984 779 1010 si
799 982 849 1010 ﬁde
867 982 975 1017 dignum
992 990 1046 1009 non

256 1029 391 1063 putabatis
405 1030 426 1061 ³,
443 1029 559 1064 inquam,
579 1037 628 1056 cur
644 1029 761 1056 vocastis
781 1033 808 1056 et
831 1028 949 1056 secundo
962 1028 1045 1055 inter<

255 1076 367 1111 rrgastis
383 1075 394 1102 2
408 1075 473 1103 Cum
493 1083 573 1110 porro
587 1075 651 1102 nihil
667 1076 779 1108 veritus,
792 1082 853 1102 vera
868 1075 1022 1110 loqueretur
1037 1094 1045 1108 ,

255 1121 362 1157 quando
383 1122 498 1149 maxime
521 1122 611 1149 mirari
627 1121 701 1148 illum
716 1121 872 1156 oportebat,
894 1125 956 1148 tunc
971 1120 1045 1148 illum

256 1169 391 1194 damnant.
408 1167 476 1200 Quid
491 1174 570 1201 porro
583 1166 633 1194 sibi
648 1167 703 1193 vult
715 1166 790 1199 illud,
808 1165 840 1192 In
853 1166 961 1201 peccatis
972 1170 1048 1193 natus

256 1221 282 1239 es
292 1213 376 1240 totus?
386 1212 433 1240 llic
447 1212 484 1239 illi
498 1212 644 1239 creeitatem
653 1212 824 1246 exprobrant,
840 1219 872 1239 ac
881 1212 902 1238 si
915 1211 1046 1238 dient'ent:

257 1259 277 1286 Α
295 1259 378 1294 prima
393 1263 473 1285 :elate
488 1258 512 1283 in
528 1257 644 1292 peccatis
655 1264 701 1289 es;
716 1264 747 1284 ac
770 1256 792 1283 si
813 1256 873 1283 ideo
884 1264 971 1283 ctecus
983 1256 1048 1283 fuis-

257 1309 308 1335 set,
323 1303 392 1339 quod
409 1306 506 1337 praeter
516 1302 646 1329 rationem
660 1307 711 1329 est.
727 1301 782 1329 Ilac
796 1302 822 1328 in
836 1309 866 1329 re
880 1302 965 1336 ipsum
981 1309 1048 1328 con-

254 1350 349 1377 solans
362 1349 482 1376 Christus
490 1348 595 1376 dicebat
611 1356 617 1374 τ
634 1347 666 1374 In
676 1348 800 1383 judicium
814 1356 859 1382 ego
875 1348 928 1374 veni
937 1348 962 1373 in
977 1355 1050 1374 mun-

256 1396 329 1428 tlum,
346 1399 372 1421 ut
397 1403 446 1422 non
460 1394 570 1421 videntes
586 1393 694 1427 videant,
709 1398 731 1420 et
742 1393 785 1428 qui
800 1393 892 1425 vident,
904 1393 962 1419 αι’τὶ
975 1393 1047 1426 fiant.

251 1441 291 1468 v'Iu
302 1441 408 1477 peccatis
418 1445 496 1466 natus
505 1448 532 1467 es
543 1444 618 1472 totus,
631 1444 654 1466 et
665 1444 691 1466 tu
701 1439 774 1466 (lates
784 1447 828 1465 nos
840 1437 928 1473 (Ioan.
942 1438 967 1465 9.
984 1437 1049 1473 59)?

260 1488 330 1522 Quid
347 1487 451 1515 dixetat
469 1487 512 1513 ille
523 1486 535 1513 τ
552 1494 614 1513 num
629 1493 704 1513 suant
720 1485 879 1512 sententiam
897 1483 1022 1511 attulerat
1038 1483 1049 1508 ’ἒ

257 1542 346 1562 annon
360 1534 446 1568 potius
459 1540 628 1560 communem
643 1552 650 1562 .
663 1539 724 1559 cum
740 1531 852 1563 diceret,
869 1530 970 1558 Scimus
980 1530 1049 1566 quod

258 1580 326 1608 Deus
338 1584 480 1614 peccatores
493 1577 680 1605 notrexaudit.’
698 1584 786 1604 nonne
802 1584 833 1603 ea
847 1584 907 1611 qua:
917 1583 964 1603 vos
975 1575 1050 1602 dixe-

258 1627 322 1653 ratis
333 1627 361 1652 iu
373 1625 491 1652 mediunt
503 1623 608 1651 attulit?
623 1622 655 1649 Et
670 1623 795 1658 eiecerunt
809 1629 865 1648 eum
881 1623 960 1657 foras.
978 1621 1050 1648 Vidi-

259 1673 320 1700 stin‘
326 1672 454 1699 «veritatis
466 1677 615 1705 praeconem
628 1689 635 1701 ,
650 1673 676 1695 et.
686 1668 820 1703 quomodo
831 1672 976 1703 paupertas
989 1666 1050 1702 phi-

260 1716 407 1750 losophiam
424 1723 476 1741 non
491 1713 685 1741 interturbarit.
705 1712 796 1740 Videu'
809 1717 874 1747 quot
884 1716 910 1739 ct
924 1717 1022 1747 quanta
1035 1719 1050 1739 a

259 1762 389 1796 principio
408 1760 522 1787 audierit
540 1764 567 1786 et
584 1766 678 1794 passus
696 1758 754 1785 sit?
769 1761 796 1785 et
810 1757 944 1792 quomodo
962 1758 1051 1785 verbis

262 1813 288 1835 ct
302 1806 430 1842 operibus
446 1805 602 1833 testiﬁcatus
614 1804 648 1830 sit
662 1804 673 1829 '!

295 1853 323 1880 4.
340 1852 402 1879 ll:ec
417 1859 496 1886 porro
509 1850 606 1885 scripta
620 1853 701 1880 sunt,
725 1853 752 1876 ιιι
773 1855 822 1875 nos
841 1848 885 1875 illa
900 1848 1048 1876 imitemur.

261 1900 326 1927 Nam
338 1900 359 1927 si
378 1898 526 1931 mendicus,
543 1904 639 1929 ca'cus,
656 1895 849 1931 qui'Christum
865 1902 916 1922 non
931 1895 1050 1929 viderat,

262 1950 365 1974 tantum
390 1944 495 1972 fiduciae
516 1944 605 1971 statim
624 1942 742 1970 ostendit
765 1947 827 1970 ante
844 1941 941 1969 Christi
963 1942 1052 1969 horta-

261 1998 363 2026 menta,
376 1995 450 2019 stans
467 1994 561 2018 contra
576 1989 702 2025 populum
722 1992 818 2021 totum,
832 1988 933 2016 credem
945 1988 1051 2023 spiran-

259 2042 313 2065 tem
328 2057 337 2071 ,
359 2044 375 2064 a
406 2035 529 2063 daemone
550 2039 638 2062 aetum
653 2054 661 2067 ,
678 2033 829 2067 furentem,
848 2040 882 2061 ex
905 2033 963 2068 ejus
988 2040 1053 2060 voce

260 2083 396 2112 Christum
409 2081 538 2109 damnare
546 2080 698 2115 cupientem
713 2088 720 2107 :
735 2079 916 2114 nequecessit
928 2078 972 2105 ille
985 2099 992 2111 ,
1007 2086 1053 2105 ne-

260 2136 312 2164 que
323 2128 444 2161 recessit,
457 2127 504 2155 sed
519 2126 633 2154 fidenter
648 2126 708 2154 illos
722 2125 869 2153 confutavit
882 2146 890 2159 ,
907 2125 1053 2160 maluitquc

261 2174 332 2202 foras
345 2173 405 2209 ejici
417 2193 425 2206 ,
441 2180 521 2208 quam
540 2172 681 2199 veritatem
696 2170 811 2206 prodere
828 2179 835 2197 :
852 2175 952 2205 quanto
966 2170 1051 2205 magis

260 2228 322 2252 nos,
333 2220 376 2255 qui
390 2219 489 2247 Iamdiu
501 2219 526 2245 in
538 2218 590 2246 ﬁde
601 2218 724 2249 viximus,
736 2217 780 2252 qui
792 2224 839 2252 per
849 2216 928 2244 ﬁdem
942 2223 1054 2244 sexcen-

261 2271 287 2294 ta
299 2266 426 2294 miracula
441 2264 557 2293 vidimus
573 2284 581 2297 ,
600 2264 644 2299 qui
658 2263 760 2299 majora
774 2271 853 2298 quant
867 2263 911 2290 ille
925 2263 1053 2290 beneﬁcia

261 2311 415 2346 accepimus
427 2331 436 2344 ,
459 2310 504 2345 qui
523 2309 695 2336 interioribus
709 2308 794 2335 oculis
809 2316 905 2336 arcana
927 2309 1053 2344 mysteria

263 2357 389 2389 vidimus,
404 2361 431 2384 et
444 2355 477 2383 ad
492 2359 596 2382 tantum
616 2353 745 2382 honorem
769 2354 855 2382 vocati
875 2362 967 2382 sumus
978 2375 985 2386 ,
997 2362 1055 2382 om-

263 2411 325 2430 nem
353 2402 477 2429 ﬁduciam
499 2400 627 2429 exhibere
650 2404 757 2435 oportet
781 2399 910 2428 adversas
935 2407 982 2428 eos
1009 2401 1054 2436 qui

262 2448 431 2476 Christianos
446 2451 570 2475 accusant
585 2467 592 2479 ,
608 2446 720 2481 illosque
733 2445 873 2473 confutare
889 2466 896 2480 ,
912 2454 999 2482 neque
1015 2448 1055 2474 eis

265 2500 371 2523 temere
384 2501 495 2530 parcere
503 2494 516 2521 ἰ

292 2544 492 2580 ἐει-ἱριιιηιηιιη
506 2542 607 2570 lectioni
615 2542 654 2569 ad
664 2540 787 2568 auditioni
796 2540 897 2568 assidue
904 2541 1054 2569 vacandum.

260 2591 359 2619 Eontru
370 2590 572 2626 spectaculorum
586 2589 765 2624 frequentiam.
774 2603 810 2609 —-
824 2588 880 2615 lloc
891 2596 955 2615 vero
967 2588 1056 2617 facere

259 2637 423 2672 poterimus,
438 2635 462 2665 si
482 2635 605 2664 ﬁduciam
621 2642 788 2663 assumamus
809 2639 836 2662 et
853 2633 998 2669 Scriptor-is
1012 2640 1054 2662 at-

259 2683 406 2714 tendamus
418 2705 425 2716 ,
442 2690 528 2718 neque
541 2681 720 2718 perfunctorie
734 2681 793 2709 illas
814 2681 963 2709 audiamus.
989 2680 1056 2709 Nam

296 2731 306 2746 ¹
324 2728 396 2755 Hunc
407 2729 486 2755 locum
499 2729 535 2754 sic
559 2728 633 2753 effert
649 2731 692 2753 Its.
703 2726 774 2753 savii.
797 2726 954 2752 Orientalis...
972 2735 984 2750 cr
998 2734 1057 2758 ape-

264 2760 341 2786 ruerit
352 2761 406 2790 quts
424 2760 505 2785 oculos
515 2758 575 2790 cogn”
585 2758 636 2784 nati
646 2767 658 2782 ι
665 2778 671 2784 .
685 2758 776 2784 Deinde
798 2758 955 2790 ratiocinatur
966 2764 975 2783 :
985 2758 1008 2790 si
1015 2758 1057 2784 ille

266 2798 311 2825 non
329 2788 390 2817 esset
401 2798 416 2816 α
430 2795 479 2816 Deo
488 2789 549 2816 nihil
560 2793 637 2822 posset
648 2790 695 2814 tale
705 2790 795 2821 facere.
806 2788 872 2819 Quod
884 2788 904 2814 si
916 2788 940 2814 in
951 2789 1057 2820 confesso

268 2828 308 2868 NI"
321 2829 388 2878 ﬁlii}.
400 2856 439 2877 Ms.
452 2852 537 2882 habet,
550 2850 672 2883 putabunt,
685 2855 711 2876 et
722 2857 787 2882 mox,
799 2850 984 2884 interregnum.

1094 202 1116 229 si
1132 201 1192 237 quis
1204 203 1311 231 assidue
1323 204 1414 232 veniat
1426 226 1434 238 ,
1454 205 1558 233 etiamsi
1571 204 1710 233 domi'nou
1725 205 1797 243 legat
1811 228 1819 241 ,
1834 209 1881 237 sed

1095 247 1138 275 hic
1151 247 1229 275 dictis
1244 249 1383 277 attendat:
1398 250 1460 277 anni
1480 251 1559 278 unius
1574 251 1661 286 spatio
1681 253 1781 288 poterit
1802 255 1882 282 multa

1094 293 1206 322 discere.
1221 294 1312 330 Neque
1324 296 1395 323 enim
1410 296 1489 324 hodie
1503 297 1550 324 has
1561 305 1639 329 .-eras
1651 298 1719 327 alias
1733 298 1882 335 Scripturas

1095 340 1217 375 legimus,
1234 341 1280 369 sed
1295 349 1402 377 semper
1411 343 1529 371 easdem.
1545 344 1668 372 Attamen
1692 345 1768 373 multi
1783 346 1818 373 ita
1832 348 1881 375 mi-

1095 393 1157 414 sere
1170 386 1257 414 affecti
1268 392 1339 421 sunt,
1355 392 1383 415 ut
1393 392 1453 423 post
1461 393 1562 416 tantam
1573 390 1718 418 lectionem
1729 399 1764 419 ne
1776 393 1882 421 nomina

1095 432 1203 466 quidem
1218 432 1344 460 librorum
1361 434 1468 467 sciant;
1491 442 1541 462 nec
1559 440 1710 469 verentur,
1725 445 1815 473 neque
1829 438 1883 467 for-

1096 477 1198 505 ntidant
1207 483 1259 506 tam
1270 479 1434 514 negligenter
1443 479 1475 507 ad
1483 480 1601 508 divinam
1609 482 1710 517 ingredi
1717 484 1882 512 concionem.

1097 523 1149 551 Sed
1162 524 1185 551 si
1197 524 1375 559 citharoedus,
1386 526 1409 553 si
1424 526 1536 554 saltator
1548 528 1589 555 vel
1602 528 1671 556 alius
1685 530 1772 564 quivis
1784 531 1818 558 ad
1832 539 1883 559 see.

1097 576 1157 596 nam
1171 571 1273 597 vocarit
1286 570 1418 599 civitatein
1438 592 1445 604 ,
1465 572 1604 607 diligenter
1614 581 1707 601 omnes
1721 582 1861 603 aecurrunt
1876 597 1883 608 .

1098 619 1121 641 et
1134 614 1233 649 gratias
1246 615 1346 643 habent
1356 616 1463 643 vocanti
1474 638 1481 649 ,
1496 618 1612 651 atquein
1628 620 1782 653 spectaculo
1797 621 1885 655 hujus-

1099 660 1169 687 tnodi
1191 660 1330 688 dimidium
1350 661 1402 689 diei
1425 663 1560 690 insunmnt
1577 673 1582 690 :
1606 664 1659 691 Deo
1671 670 1761 692 autem
1778 674 1826 693 nos
1841 675 1886 702 per

1099 705 1242 740 prophetas
1265 711 1293 733 et
1313 708 1449 742 apostolos
1468 709 1619 743 alloquente
1633 731 1640 743 ,
1657 711 1800 740 oscitantes
1814 734 1821 746 ,
1840 722 1885 741 nos

1098 752 1252 786 scalpimus,
1270 752 1427 781 fastidimus.
1444 755 1470 781 ln
1486 760 1577 783 testate
1586 756 1692 791 quidem
1704 763 1730 785 et
1748 764 1814 786 arstu
1830 768 1885 787 ma-

1098 805 1151 832 gno
1162 798 1170 814 ⁸
1187 799 1273 826 forum
1287 800 1419 834 petimus;
1436 802 1460 827 in
1477 801 1563 828 hieme
1577 810 1641 830 vero
1658 812 1673 831 a
1689 805 1776 838 pluvia
1793 811 1819 833 et
1834 807 1886 833 luto

1100 842 1171 870 domi
1182 845 1361 873 continemur.
1374 846 1407 872 At
1424 847 1448 873 in
1464 847 1646 882 htppodromis
1658 870 1665 882 ,
1678 850 1722 877 ubi
1735 852 1834 879 nullout
1849 857 1886 880 cst

1101 893 1201 916 tectum
1216 890 1286 925 quod
1297 898 1315 917 ea
1331 890 1418 926 pluvia
1433 892 1568 926 defendat,
1581 895 1672 927 multi,
1692 896 1779 924 imbre
1795 906 1886 926 urcea-

1101 934 1146 961 tim
1159 934 1277 969 iabenle,
1295 941 1374 964 vento
1384 945 1479 972 aquam
1492 938 1517 965 in
1531 939 1630 967 vultutn
1647 940 1749 969 ferente
1763 963 1770 975 ,
1788 943 1887 971 insania

1100 979 1172 1007 ducti
1188 985 1269 1014 stant,
1283 981 1393 1017 frigore,
1410 984 1509 1018 pluvia,
1522 984 1587 1017 luto,
1599 986 1649 1013 vim
1664 988 1830 1023 longitudine
1840 991 1887 1018 de-

1100 1027 1215 1061 spectis;
1232 1027 1297 1055 nihil
1309 1036 1355 1056 eos
1364 1029 1435 1056 domi
1453 1031 1561 1063 retinet,
1578 1032 1640 1059 nihil
1654 1041 1667 1060 a
1683 1036 1889 1068 spectaculoru-

1102 1070 1194 1099 hibere
1223 1077 1310 1106 patest
1326 1081 1332 1099 :
1350 1072 1401 1101 huc
1429 1080 1517 1101 autem
1546 1077 1589 1103 ubi
1616 1082 1713 1105 tectum
1731 1099 1737 1110 ,
1757 1080 1800 1107 ubi
1824 1082 1889 1108 mina

1103 1119 1266 1151 temperatus
1279 1117 1353 1149 calor
1365 1138 1373 1150 .
1397 1120 1487 1146 venire
1503 1120 1635 1155 refugiunt
1648 1143 1654 1154 ,
1673 1130 1732 1150 cum
1748 1124 1782 1152 de
1797 1126 1889 1152 animus

1102 1161 1188 1189 salute
1201 1167 1311 1197 agatur.
1336 1163 1459 1191 Ilikccine
1473 1186 1479 1198 ,
1494 1173 1585 1200 quaeso
1598 1188 1604 1199 ,
1620 1168 1775 1196 toleranda?
1787 1169 1849 1197 ldeo
1865 1172 1890 1197 in

1103 1206 1156 1234 illis
1168 1208 1289 1242 apprime
1303 1208 1401 1240 edocti,
1413 1210 1438 1236 in
1451 1212 1609 1239 necessariis
1623 1212 1800 1248 imperitiores
1813 1224 1890 1251 quam

1103 1252 1206 1286 pueruli
1220 1260 1322 1280 sumus.
1336 1254 1410 1288 Quod
1423 1255 1445 1281 si
1455 1256 1513 1289 quis
1526 1261 1550 1283 te
1560 1258 1676 1293 aurigam
1688 1260 1727 1286 vel
1736 1261 1890 1289 saltatorem

1102 1297 1219 1331 appellet
1235 1319 1243 1331 ,
1267 1298 1292 1325 id
1304 1300 1491 1327 contumeliam
1509 1301 1575 1329 dicis
1590 1324 1596 1334 ,
1614 1303 1670 1330 licet
1682 1305 1746 1331 nihil
1758 1313 1810 1332 non
1826 1314 1891 1341 agas

1103 1347 1132 1369 ut
1148 1343 1194 1370 tibi
1214 1344 1265 1371 hoc
1278 1344 1437 1379 vituperium
1451 1348 1571 1375 attrahas
1585 1350 1623 1381 :si
1645 1358 1708 1377 vero
1721 1351 1753 1378 ad
1770 1353 1807 1379 rei
1829 1361 1890 1388 spe-

1103 1389 1235 1417 ctacnlum
1249 1395 1354 1425 evocet,
1366 1399 1416 1419 non
1432 1394 1519 1420 resilis
1531 1400 1537 1426 ;
1552 1400 1696 1430 artemque,
1707 1397 1782 1431 cujus
1794 1406 1891 1425 nomen

1104 1433 1203 1470 refugis
1220 1456 1228 1469 ,
1255 1441 1337 1464 totam
1351 1437 1405 1465 fere
1422 1441 1602 1474 prosequeris.
1619 1440 1668 1468 l'hi
1681 1450 1744 1469 vero
1757 1448 1783 1470 et
1795 1451 1851 1470 rem
1866 1450 1890 1470 et

1105 1487 1200 1507 nomen
1218 1485 1308 1509 tenere
1320 1481 1402 1510 debes
1416 1485 1440 1515 ³,
1456 1488 1535 1519 atque
1548 1493 1608 1513 esse
1622 1491 1647 1513 et
1661 1488 1748 1514 vocari
1763 1488 1891 1516 Christia-

1104 1533 1165 1559 nus,
1176 1527 1317 1562 nequidem
1331 1529 1392 1563 quid
1407 1529 1431 1556 id
1443 1530 1476 1556 sit
1490 1531 1625 1566 intelligis.
1639 1532 1705 1566 Quid
1716 1533 1765 1562 hat:
1777 1536 1891 1562 amentia

1105 1572 1180 1606 pejus
1194 1573 1205 1599 2
1220 1573 1283 1600 llaec
1298 1573 1452 1609 frequenter
1462 1576 1536 1603 vobis
1548 1577 1637 1605 dicere
1649 1579 1742 1612 velim;
1756 1580 1802 1607 sed
1815 1582 1893 1607 timeo

1105 1624 1138 1644 ne
1151 1617 1249 1646 frustra
1264 1624 1291 1647 et
1302 1620 1360 1648 sine
1375 1621 1428 1648 ullo
1443 1622 1531 1649 fructu
1546 1624 1621 1651 vobis
1641 1625 1691 1651 sitn
1706 1625 1824 1653 odiosus.
1850 1628 1892 1653 Vi-

1105 1661 1157 1690 deo
1176 1671 1292 1700 namque
1313 1665 1476 1694 insanientes
1492 1688 1498 1699 ,
1515 1676 1567 1695 non
1594 1670 1674 1697 modo
1695 1670 1809 1705 juvenes
1824 1693 1831 1704 ,
1848 1673 1892 1700 sed

1105 1714 1185 1736 etiam
1198 1717 1278 1738 senes
1293 1719 1300 1738 :
1320 1719 1432 1746 quorum
1447 1714 1562 1740 maxime
1573 1722 1652 1742 causa
1667 1717 1796 1744 erubesco
1811 1738 1817 1748 .
1835 1726 1892 1745 eum

1106 1755 1191 1782 virum
1202 1763 1283 1783 cerno
1293 1757 1389 1785 canitie
1405 1759 1596 1793 venerandum,
1609 1768 1691 1788 canos
1706 1762 1893 1794 dehonestare,

1106 1806 1130 1828 et
1146 1800 1229 1828 ﬁlium
1245 1809 1335 1829 secum
1350 1802 1466 1831 trahere.
1479 1804 1547 1838 Quid
1564 1807 1647 1840 magis
1658 1806 1798 1835 ridiculum
1811 1808 1895 1843 ?quid

1107 1845 1209 1879 turpius
1222 1847 1234 1872 ?
1248 1847 1318 1874 ﬁlius
1336 1855 1351 1875 a
1375 1853 1450 1883 patre
1463 1850 1574 1884 turpiter
1589 1858 1669 1886 agere
1682 1850 1804 1880 docetur.

1141 1893 1168 1919 5.
1181 1892 1388 1927 Spectaculorum
1399 1901 1523 1922 amatores
1544 1898 1749 1932 redarguuntur:
1767 1899 1897 1934 quodnam

1106 1938 1137 1964 sit
1160 1939 1359 1972 spectaculorum
1382 1942 1556 1968 damnum.-—
1569 1942 1689 1971 Mordent
1712 1944 1769 1972 hmc
1791 1945 1898 1972 verba?

1107 1983 1163 2011 Hoc
1175 1992 1224 2019 ego
1238 1985 1299 2012 volo
1311 2005 1318 2017 ,
1334 1990 1364 2013 ut
1382 1994 1525 2014 maerorem
1540 1988 1619 2016 verba
1635 1990 1753 2023 pariant,
1767 1995 1796 2017 ut
1808 1991 1897 2025 reipsa

1107 2037 1120 2055 a
1138 2034 1208 2057 tanta
1236 2031 1397 2065 turpitudine
1413 2032 1573 2061 liberetniui.
1599 2034 1667 2061 Sunt
1680 2035 1752 2062 enim
1776 2036 1899 2063 nonnulli

1107 2074 1149 2101 his
1164 2075 1242 2111 longe
1261 2075 1425 2111 l'rigidiorcs,
1442 2085 1509 2112 quos
1526 2078 1675 2113 hujustnodi
1689 2080 1832 2108 verborum
1848 2089 1901 2108 non

1108 2120 1197 2155 pudet,
1210 2121 1257 2149 sed
1273 2121 1379 2157 longam
1395 2127 1487 2150 texunt
1500 2123 1549 2151 hae
1563 2124 1596 2151 de
1611 2132 1639 2152 re
1654 2125 1813 2153 orationem.
1828 2127 1903 2159 Quos

1107 2167 1129 2193 si
1146 2167 1352 2202 interrogaveris
1366 2169 1426 2203 quis
1440 2169 1475 2195 sit
1497 2170 1579 2197 Amos
1591 2191 1598 2202 ,
1614 2171 1673 2205 quis
1693 2170 1791 2198 Abdias
1802 2192 1808 2202 .
1838 2175 1906 2207 quot

1108 2212 1255 2247 prophetm,
1272 2218 1336 2248 quot
1350 2215 1474 2249 apostoli,
1487 2222 1519 2242 ne
1535 2216 1638 2243 hiscere
1651 2217 1756 2251 quidem
1773 2224 1905 2252 possunt;

1107 2258 1154 2285 sed
1170 2258 1242 2287 circa
1261 2267 1345 2295 equos
1359 2265 1386 2288 et
1399 2262 1505 2296 aurigas
1516 2283 1522 2294 ,
1540 2263 1688 2296 graviorem
1704 2271 1784 2299 quan.
1805 2265 1906 2299 sophi-

1108 2308 1156 2331 slzn
1170 2309 1198 2332 et
1213 2305 1335 2333 rhetores
1359 2306 1473 2334 afferunt
1495 2307 1679 2336 defensionem
1695 2317 1702 2336 :
1719 2314 1745 2337 et
1761 2315 1825 2345 post
1850 2311 1907 2339 hare

1108 2350 1196 2377 omnia
1210 2350 1301 2378 dicunt
1313 2360 1319 2377 :
1336 2351 1438 2387 Ecquid
1452 2353 1514 2381 hinc
1527 2353 1702 2382 detrimenti?
1716 2356 1779 2391 quid
1793 2356 1909 2385 damni?

1108 2395 1170 2423 Ideo
1192 2396 1354 2432 ingemiseo,
1370 2398 1440 2433 quod
1465 2400 1572 2427 noxiam
1594 2408 1655 2428 esse
1675 2409 1732 2429 rem
1752 2403 1886 2431 nesciatis
1901 2426 1909 2438 ,

1110 2450 1196 2477 neque
1212 2442 1237 2469 in
1262 2450 1370 2471 sensum
1386 2444 1517 2473 malorum
1540 2446 1677 2473 veneritis.
1704 2447 1772 2474 Vita:
1798 2453 1910 2484 tempus

1108 2488 1181 2516 dedit
1195 2488 1240 2516 tibi
1256 2489 1342 2522 Deus,
1356 2494 1384 2517 ut
1399 2490 1484 2525 ipsum
1503 2491 1577 2519 colas
1598 2500 1605 2519 :
1630 2496 1657 2519 tu
1674 2499 1739 2520 vero
1759 2492 1865 2521 frustra
1882 2501 1910 2522 et

1110 2533 1240 2562 inutiliter
1265 2541 1427 2563 consumens
1448 2535 1514 2563 illud
1525 2557 1533 2570 ,
1547 2537 1647 2571 quteris
1662 2537 1750 2565 adhuc
1760 2559 1768 2571 ,
1783 2540 1861 2573 quod
1876 2541 1912 2568 sit

1109 2579 1253 2608 damnum?
1277 2580 1304 2608 Si
1320 2581 1452 2609 tantillum
1476 2582 1574 2610 frustra
1590 2583 1708 2611 insumas
1723 2586 1850 2619 pecunia:
1862 2608 1869 2619 ,
1886 2587 1912 2614 id

1109 2626 1236 2654 damnum
1250 2634 1329 2654 vocas
1342 2635 1350 2660 ;
1369 2626 1432 2654 dum
1447 2634 1512 2655 vero
1531 2627 1590 2656 dies
1605 2629 1724 2664 integros
1737 2629 1764 2656 in
1778 2632 1913 2660 salaniris

1110 2673 1214 2708 pompis
1227 2673 1340 2700 insnmis
1352 2694 1360 2706 ,
1377 2673 1443 2701 nihil
1458 2673 1573 2701 absurde
1588 2679 1613 2701 te
1624 2675 1712 2703 facere
1724 2676 1827 2710 putas?
1842 2676 1913 2706 Cum

1108 2724 1245 2755 oporteret
1266 2720 1389 2756 precibus
1403 2720 1413 2736 ³
1428 2724 1455 2747 et
1478 2720 1711 2749 obsecrationibus
1726 2726 1812 2751 totam
1828 2724 1914 2753 vitatu

1141 2789 1148 2820 ε
1167 2787 1213 2812 Alii
1222 2787 1308 2819 legunt
1320 2791 1428 2820 tantum»:
1437 2791 1463 2820 tn
1474 2790 1534 2812 testu
1544 2793 1639 2820 magno.

1141 2819 1151 2835 ³
1169 2822 1210 2843 Its.
1222 2817 1314 2843 Orient.
1327 2817 1396 2842 savtl.
1411 2817 1592 2849 habet,rcupis.'
1598 2825 1651 2849 pro,
1662 2818 1746 2844 debes.

1145 2850 1155 2866 ³
1174 2849 1237 2875 Edtti
1248 2849 1348 2880 habent,
1361 2848 1523 2881 elemosynis,
1535 2855 1588 2881 pro,
1600 2848 1719 2880 precibus.
