4102 6224
409 312 502 367 5:2!

413 428 532 483 Καὶ
555 427 669 500 γὰρ
692 426 796 480 εἰσί
822 442 985 490 τινες,
1003 425 1066 477 οἰ
1083 425 1263 495 πολλῷ
1285 424 1607 496 ψυχρότεροι
1627 426 1830 480 τούτων
1855 424 2002 497 ι’ὀίὸι

417 511 592 572 ὅντες,
620 506 672 563 οἳ
699 507 818 561 οὐδὲ
860 504 1203 574 αἰσχύνονται
1231 505 1324 558 ἐπὶ
1356 508 1470 567 τοῖς
1506 505 1839 576 λεγομένοις,
1871 505 2006 558 ἀλλά

422 591 514 642 καὶ
565 586 774 659 μακρὸν
813 585 1048 655 είρουσιν
1072 595 1097 624 ει
1144 584 1285 654 ὐπέρ
1326 582 1422 637 τοῦ
1468 585 1792 655 πράγματος
1822 584 2000 651 λόγον.

422 667 540 720 Κᾶν
575 667 670 736 μέν
697 663 999 734 ἐρωτήσῃς,
1029 661 1112 724 τίς
1133 662 1280 716 ἐστιν
1303 665 1331 715 6
1366 661 1567 732 ’Λμὼς,
1596 662 1628 732 ἢ
1652 665 1680 716 6
1713 661 1942 727 Ἀϐδιοῦ,
1970 661 2005 722 ὃ

424 747 576 803 ποῖος
621 741 730 796 τῶν
761 741 1057 813 προφητῶν
1097 744 1124 794 6
1158 741 1408 812 ἀριθμὸς,
1450 741 1482 812 ἢ
1517 741 1624 794 τῶν
1663 741 2004 805 ἀποστόλωι,

425 825 544 876 οὐδὲ
581 822 741 892 χάναι
787 821 1064 875 δύνανται.
1097 820 1270 890 Ὑπὲρ
1307 819 1364 873 δὲ
1404 822 1585 873 ἵππων
1627 821 1721 873 καὶ
1755 820 2004 890 ἡνιόχων,

427 901 819 971 σοφιστῶνκαὶ
847 900 1090 972 ρητόρων
1127 899 1429 970 δεινότερον
1457 898 1750 966 ἀπολογίαν
1773 899 1802 938 b
1836 916 2008 951 συντι-

426 983 582 1036 θέασι
607 998 621 1014 ·
645 981 751 1035 ’καὶ
799 983 940 1050 μετά
972 978 1146 1031 ταῦτα
1180 977 1394 1032 ἅπαντα
1439 977 1677 1047 λέγουσι,
1719 978 1831 1032 Καὶ
1867 978 1918 1030 τί
1947 980 2008 1032 τὸ

433 1061 663 1131 βλάϐοςς
694 1059 789 1113 καὶ
817 1058 900 1123 τίς
930 1059 963 1128 ἡ
991 1055 1200 1128 ζημίας
1240 1056 1339 1110 Διά
1378 1055 1486 1128 γὰρ
1515 1059 1673 1110 τοῦτο
1703 1057 1895 1119 στένω,
1925 1059 2008 1112 δτι

413 1140 550 1194 ὀὖδέ
584 1139 787 1210 ζημίαν
832 1137 944 1190 ῐστε
976 1136 1035 1189 16
1067 1137 1320 1206 πρᾶγμα,
1360 1136 1480 1188 οὐδέ
1519 1135 1768 1206 αἴσθησιν
1798 1136 2006 1206 λαμϐάο

428 1236 546 1272 νετε
574 1217 682 1270 τῶν
705 1215 909 1271 κακῶν.
937 1216 1143 1268 Ἔδωκέ
1174 1232 1256 1268 σοι
1293 1213 1406 1282 βίου
1440 1213 1774 1283 προθεσμίαν
1814 1215 1843 1266 6
1876 1214 2008 1276 Θεὸς

428 1299 508 1361 εἰς
535 1297 596 1350 16
619 1294 943 1366 θεραπεύειν
974 1293 1135 1347 αὐτόν
1154 1308 1167 1322 ⁸
1199 1295 1264 1346 σύ
1291 1293 1346 1346 δὲ
1377 1293 1552 1362 μάτην
1582 1292 1886 1346 ἀναλίσκων
1912 1294 2009 1346 αὐ-

426 1377 516 1430 τὸν
547 1377 640 1430 καὶ
668 1374 788 1444 εἰκῆ
818 1375 912 1428 καὶ
947 1373 1004 1426 ἐν
1033 1371 1206 1426 οὐδενὶ
1233 1382 1253 1410 ε
1291 1375 1566 1442 χρησίμῳ,
1599 1371 1870 1436 ἐξετάζεις
1905 1373 2004 1437 ἔτι,

425 1455 511 1518 τίς
556 1454 588 1524 ἡ
636 1453 840 1523 ζημία;
887 1452 1006 1506 Κᾶν
1057 1453 1155 1522 μέν
1188 1451 1448 1522 ἀργύριον
1481 1451 1659 1518 ὀλίγον
1691 1450 2010 1521 δαπανήσῃς

424 1533 648 1597 ἀπλῶς,
696 1532 900 1603 ζημίαν
929 1531 991 1584 16
1027 1533 1258 1603 πρᾶγμα
1302 1531 1512 1593 καλεῖς·
1553 1530 1654 1594 τάς
1694 1531 1752 1583 δὲ
1795 1531 2010 1601 ἡμέρας

427 1629 520 1664 σου
559 1611 814 1665 δαπανῶν
843 1611 1166 1682 ὁλοκλήρους
1189 1612 1268 1672 εἰς
1299 1610 1592 1674 σατανικάς
1640 1612 1883 1682 πομπὰς,
1915 1609 2007 1663 οὐ-

425 1692 514 1744 δὲν
541 1693 650 1761 ήγῇ
683 1693 858 1742 ποιεῖν
900 1689 1134 1752 ἀτοπονς
1175 1687 1305 1741 Δέον
1343 1691 1424 1752 είς
1469 1689 1619 1751 λιτάς
1645 1688 1673 1728 τι
1711 1690 1807 1742 καὶ
1841 1688 2008 1759 εὐχὰς

425 1768 672 1838 δαπανᾷν
695 1785 789 1821 σου
815 1766 913 1838 τὴν
940 1765 1083 1836 ζωὴν
1105 1766 1341 1829 ἅπασαν,
1365 1767 1429 1819 σὺ
1451 1766 1508 1818 δὲ
1531 1769 1616 1830 ἐἰς
1646 1767 1894 1837 κραυγὰς
1919 1767 2012 1820 καὶ

428 1846 696 1918 θορύϐους
730 1847 824 1898 καὶ
855 1846 1058 1915 αἰσχρά
1089 1845 1328 1914 ῥήματα,
1366 1845 1458 1897 καὶ
1493 1847 1670 1916 μάχην
1703 1846 1796 1898 καὶ
1820 1845 2012 1916 τέρψιν

425 1927 677 1998 ἄκαιρον,
701 1926 795 1980 καὶ
817 1925 956 1996 ἔργα
982 1925 1090 1978 ἀπὸ
1123 1923 1459 1992 μαγγανείας
1497 1925 1757 1996 γινόμενα
1779 1925 1868 1979 τὸν
1901 1925 2014 1995 βίον

428 2021 524 2058 σου
573 2003 987 2066 καταναλίσκεις
1031 2003 1150 2072 εἰκῆ
1188 2004 1281 2056 καὶ
1326 2005 1418 2056 ἐπὶ
1452 2003 1607 2074 κακῷ
1643 2004 1721 2075 τῷ
1765 2004 1878 2075 σῷ·
1909 2005 2006 2058 καὶ

429 2083 572 2154 μετά
604 2084 775 2137 ταῦτα
809 2083 988 2136 πάντα
1026 2083 1257 2152 ἐρωτᾷς,
1291 2083 1375 2146 τίς
1405 2084 1438 2153 ἡ
1479 2082 1683 2152 ζημία;
1715 2083 1815 2138 οὐκ
1848 2083 2004 2147 εἰδὼς

427 2163 511 2217 ὅτι
539 2163 740 2223 παντὸς
771 2162 970 2232 μᾶλλον
1001 2160 1240 2228 ἀφειδεῖν
1267 2160 1392 2230 χρὴ,
1422 2162 1455 2233 ἦ
1490 2163 1682 2232 χρόνου
1705 2174 1748 2216 ε.
1778 2162 2015 2233 Χρυσίον

429 2241 497 2294 ἂν
528 2239 832 2310 ἀναλώσῃς,
859 2240 1062 2309 δυνήσῃ
1087 2238 1246 2292 πάλιν
1274 2240 1714 2309 ἀνακτήσασθαι·
1745 2241 1933 2312 χρόνον
1960 2240 2015 2294 δὲ

427 2319 496 2375 ἄν
525 2319 816 2391 ἀπολέσῃς,
854 2319 1126 2380 δυσκόλως
1169 2317 1328 2370 αὐτὸν
1358 2318 1626 2390 ἀναλήψῃ.
1672 2319 1878 2384 Ὀλίγος
1907 2320 2016 2390 γὰρ

431 2400 563 2467 ⁴ίιμίν
591 2398 945 2466 τεταμίευται
976 2397 1116 2449 κατὰ
1142 2397 1232 2448 τὸν
1264 2397 1502 2466 παρόντα
1531 2398 1665 2466 βίον.
1693 2399 1788 2451 "Av
1815 2395 1907 2452 06v
1937 2402 2017 2462 εἰς

429 2476 549 2530 δέον
593 2475 742 2546 αὐτῷ
797 2475 872 2545 μὴ
917 2473 1269 2546 χρησώμεθα,
1308 2475 1359 2528 τί
1409 2476 1641 2547 ἐροῦμεν
1687 2478 2015 2539 ἀπελθόντες

433 2556 578 2622 ἐκεῖ;
607 2554 740 2608 Εἰπὲ
770 2555 880 2626 γάρ
918 2571 1037 2625 μοι·
1069 2555 1118 2608 εἰ
1141 2554 1264 2607 τινά
1295 2571 1388 2607 σου
1421 2555 1527 2610 τῶν
1566 2557 1696 2609 υἱῶν
1727 2559 2017 2618 ἐκέλευσας

435 2634 630 2705 τέχνην
671 2635 883 2706 μαθεῖν,
908 2630 1027 2688 εἶτα
1061 2636 1267 2697 ἐκεῖνος
1293 2634 1430 2687 οἴκοι
1460 2633 1546 2687 διὰ
1573 2635 1770 2698 παντὸς
1805 2635 2014 2706 ἔμενεν,

433 2717 468 2788 ἢ
505 2717 598 2770 καὶ
633 2715 866 2786 ἀλλαχοῦ
899 2732 1002 2768 που
1030 2714 1316 2786 διέτριϐεν,
1343 2717 1444 2768 οὐκ
1476 2714 1542 2768 ἂν
1578 2716 1738 2769 αὐτὸν
1766 2717 2016 2786 παρῃτή-

435 2813 568 2850 σατο
596 2797 624 2850 6
663 2795 1015 2858 διδάσκαλος;
1043 2795 1140 2846 οὐκ
1170 2793 1236 2846 ἂν
1261 2789 1382 2846 εἷπε
1415 2793 1550 2864 πρὸς
1581 2794 1658 2846 σέ·
1689 2795 2020 2865 Συγγραφὴν

435 2874 573 2946 πρός
611 2891 678 2946 με
721 2874 1049 2943 πεποίηκας.
1083 2873 1173 2926 καὶ
1198 2872 1387 2943 χρόνον
1415 2871 1640 2941 ὥρισας.
1671 2875 1733 2926 Εἰ
1771 2874 1844 2944 μὴ
1887 2873 2014 2944 μὲλ-

433 2955 517 3008 λει
545 2953 725 3007 τοίνυν
747 2952 839 3006 τὸν
863 2952 1055 3022 χρόνον
1088 2951 1275 3004 τοῦτον
1299 2949 1430 3022 παρ’
1458 2953 1608 3021 ἡμῖν,
1638 2951 1752 3004 ἀλλ’
1788 2951 2018 3023 ἑτέρωθι

435 3031 748 3088 ἀναλίσκειν
786 3032 814 3083 6
849 3031 1010 3093 παῖς,
1056 3028 1174 3092 πῶς
1219 3045 1301 3081 σοι
1339 3028 1804 3098 παραστησόμεθα
1838 3030 2019 3099 μαθηο

427 3113 534 3182 τήν
563 3110 619 3177 ῖς
652 3109 838 3163 Ταῦτα
866 3109 960 3162 καὶ
989 3110 1138 3179 ἡμᾶς
1176 3109 1354 3160 εἰπεῖν
1385 3108 1620 3178 ἀνάγκη.
1662 3109 1810 3180 Ἐρεῖ
1839 3109 1895 3162 δέ
1923 3111 2020 3163 καὶ

435 3194 464 3243 6
505 3189 639 3251 Θεὸς
687 3189 848 3260 ἡμῖν·
891 3187 1094 3258 Χρόνον
1142 3187 1271 3256 ύμῖν
1322 3186 1556 3252 δέδωκα,
1589 3185 1745 3257 φησὶ,
1780 3187 1918 3259 πρὸς
1959 3187 2022 3240 16

466 3295 524 3370 ,⁸
570 3293 666 3344 Mil
704 3293 1022 3369 ‘mefpo‘uaw.
1050 3292 1139 3368 'Ms.
1173 3291 1365 3343 Orienl.
1400 3292 1665 3400 75v0r9€v0u
1698 3293 1746 3341 ἐν
1777 3293 1874 3349 τοῖς
1894 3295 2022 3368 ⁸θεω-

466 3371 580 3400 ιοιε.
607 3357 729 3400 ἀλλα
761 3371 940 3400 ιιακοον
971 3355 1229 3400 ἐγειοουσιν
1255 3355 1391 3400 (mia.
1439 3353 1490 3400 In
1515 3367 1565 3400 ra
1607 3354 1740 3400 idem
1777 3356 1806 3400 ἦ
1846 3371 2012 3400 ποσοε.

431 3355 580 3417 βίοις,
607 3356 729 3403 ἀλλὰ
761 3353 940 3428 μακρὸν
971 3355 1229 3426 ἐγείρουσιν
1255 3355 1391 3415 ὑπέρ.
1439 3353 1565 3401 Infra
1607 3354 1740 3402 idem
1777 3356 1806 3411 ἢ
1846 3356 2012 3411 πόσος.

441 3427 465 3454 η
516 3417 946 3488 ἰόθωάπολογιας.
976 3418 997 3444 (⁵
1022 3416 1151 3488 Εόξὶι
1181 3415 1230 3462 ἐν
1257 3415 1426 3488 οὐδξγί.
1466 3414 1598 3462 Idem
1624 3414 1696 3488 ἐπ’
1719 3416 1897 3488 οὐδενί,
1922 3429 2017 3486 ηορ

435 3479 584 3527 male.
650 3475 677 3516 ἀ
703 3472 846 3523 Ιὰρῐῐί
878 3475 1232 3536 ἑλεημοσύναςε
1281 3488 1306 3536 _e
1336 3472 1472 3536 Idem
1509 3472 1893 3536 παντὸςμᾶλλον
1932 3475 2019 3525 τοῦ

436 3539 607 3600 χρόνου
628 3537 849 3600 ἐργασίαν
871 3533 1192 3600 ἀπαιτηθήσῃ.
1211 3533 1343 3600 ἰαίνει
1375 3535 1506 3600 i_d0m
1535 3533 1833 3596 τεταμίευται
1856 3538 2021 3600 χρόνος

429 3595 562 3648 ἱὸτὰ
592 3595 674 3644 τὸν
690 3595 807 3658 παρ.
868 3595 887 3632 ί
929 3596 1064 3644 Idem
1094 3595 1308 3658 τεχνίτην
1341 3596 1503 3645 αὐτὸν.

1069 321 1074 326 ”
1108 309 1164 365 S.
1205 306 1491 364 JUANMS
1528 305 2028 363 CHRYSUSTOMI
2069 308 2396 364 ARCHIEP.
2435 307 2988 364 CONSTANIINUP.

3577 308 3696 364 313

2117 427 2306 495 μαθεῖν
2335 427 2434 499 τὴν
2470 427 2663 497 τέχνην
2695 427 2898 496 ταύτην
2931 425 3030 494 τὴν
3060 425 3160 496 τῆς
3197 421 3483 486 εὐλαϐείας
3502 437 3518 452 ·
3549 419 3694 486 τίνος

2106 505 2291 558 ἕνεκεν
2319 508 2440 577 εἰκῆ
2467 508 2558 558 καὶ
2587 507 2764 576 μάτην
2791 505 2882 557 τὸν
2908 505 3097 574 χρόνον
3123 501 3439 572 ἀνηλώσατε
3470 501 3692 567 τοῦτονς

2106 585 2159 636 τί
2195 583 2251 636 δέ
2303 585 2436 656 πρὸς
2485 585 2578 637 τὸν
2611 583 2930 637 διδάσκαλον
2977 581 3217 651 συνεχῶς
3254 581 3354 633 οὐκ
3393 577 3694 644 ἐϐαδίζετε,

2104 663 2225 716 οὐδέ
2247 663 2567 734 προσείχετε
2593 665 2704 725 τοῖς
2723 662 3064 730 λεγομένοις;
3089 661 3211 713 Ὅτι
3233 659 3342 728 γάρ
3363 659 3524 730 τέχνη
3548 659 3697 713 ἐστὶν

2106 743 2139 812 ἡ
2174 742 2458 804 εὐλάϐεια,
2505 741 2736 795 ἄκουσον
2775 743 2829 794 τί
2864 758 3028 810 φησιν
3062 743 3092 793 6
3141 740 3461 813 προφήτης·
3492 737 3694 803 Δεῦτε,

2106 820 2304 885 τέκνα,
2327 819 2627 875 ἀκούσατέ
2644 837 2784 888 μου,
2813 821 3001 888 φόϐον
3022 820 3242 887 Κυρίου
3265 815 3485 880 διδάξω
3504 815 3662 884 ὑμᾶς
3677 833 3693 848 ·

2107 901 2198 954 καὶ
2228 900 2389 954 πάλιν
2407 917 2421 931 ·
2455 898 2754 967 Μακάριος
2787 899 3115 966 ἅνθρωπος,
3143 897 3215 950 ὂν
3236 894 3312 949 ἂν
3339 895 3695 962 παιδεύσῃς,

2106 981 2316 1046 Κύριε,
2366 979 2463 1032 καὶ
2519 979 2587 1031 ἐκ
2651 978 2756 1032 τοῦ
2793 982 2982 1046 νόμου
3016 993 3132 1031 σου
3183 974 3431 1042 διδάξῃς
3482 975 3696 1028 αὐτόν.

2111 1061 2277 1113 Ὅταν
2305 1054 2398 1112 οὖν
2429 1056 2618 1110 τοῦτον
2661 1056 2945 1128 ἀναλώσῃς
2991 1056 3136 1125 εἰκῆ,
3173 1055 3508 1118 ποίανὲξεις
3549 1054 3694 1106 ἀπο-

2106 1136 2327 1205 λογίαν;
2369 1137 2476 1188 Καὶ
2509 1136 2654 1197 τίνος
2716 1135 2924 1196 ἐνεκεν,
2965 1136 3147 1204 φησὶν,
3184 1134 3363 1202 ὀλίγον
3409 1135 3540 1202 ἡμῖν
3571 1133 3694 1185 ἐτα-

2113 1216 2372 1287 μιεύσατο
2404 1215 2626 1285 χρόνον;
2663 1214 2726 1265 Ὢ
2759 1214 2854 1283 τῆς
2888 1212 3243 1283 ἀναισθησίας
3269 1213 3362 1266 καί
3387 1211 3486 1282 τῆς
3517 1212 3695 1279 ἀγνω-⁹

2116 1298 2382 1369 μοσύνηςί
2427 1297 2569 1368 ὑπὲρ
2595 1289 2655 1349 οὐ
2687 1295 2922 1367 μάλιστα
2952 1297 3296 1366 εὐχαριστεῖν
3328 1295 3460 1357 ἔδει,
3496 1295 3578 1347 ὅτι
3610 1309 3696 1346 σοι

2107 1378 2234 1441 τοῦς
2262 1377 2454 1440 πόνους
2482 1376 2736 1446 ἐπέτεμε,
2771 1374 2862 1428 καὶ
2894 1375 3018 1437 τούς
3060 1375 3288 1446 ἱδρῶτας
3321 1371 3567 1442 ἐνέκοψε,
3599 1371 3698 1424 καὶ

2107 1455 2207 1526 τὴν
2246 1455 2551 1509 ἀνάπαυσιν
2593 1452 2810 1524 μακράν
2839 1452 3060 1524 ἐποίησε
3093 1455 3186 1507 καὶ
3233 1452 3524 1514 ἀθάνατον,
3555 1451 3695 1520 ὐπέρ

2109 1533 2312 1588 τούτων
2358 1533 2608 1602 ἐγκαλεῖς
2654 1533 2748 1586 καὶ
2800 1531 3198 1602 δυσχεραίνεις;
3238 1531 3400 1584 ’Δλλά
3445 1530 3556 1603 γὰρ
3588 1530 3691 1584 οὐκ

2110 1609 2228 1666 οἶδα
2261 1612 2379 1676 πῶς
2407 1611 2641 1666 ἐνταῦθα
2671 1611 2761 1664 τὸν
2790 1610 2947 1678 λόγον
2990 1611 3332 1681 ἐξηγάγομεν
3360 1610 3453 1664 καὶ
3486 1608 3697 1680 μακρὸν

2115 1690 2510 1762 εἰργασάμεθα.
2539 1689 2739 1759 Διόπερ
2771 1689 3066 1756 ἀναγκαῖον
3095 1689 3256 1741 αὑτὸν
3288 1687 3560 1741 συστεῖλαι
3594 1687 3700 1741 πά-

2113 1770 2216 1823 λιν.
2249 1771 2358 1822 Καὶ
2391 1769 2500 1840 γάρ
2543 1768 2638 1822 καὶ
2669 1767 2828 1822 τοῦτο
2860 1770 2960 1838 τῆς
2989 1769 3264 1840 ἡμετέρας
3303 1766 3698 1837 ταλαιπωρίας,

2115 1847 2266 1922 [544]
2297 1848 2376 1901 δτι
2417 1847 2650 1900 ἐνταῦθα
2687 1847 2804 1918 μὲν,
2843 1847 2910 1900 ἂν
2950 1849 3156 1920 μακρὸς
3194 1847 3419 1918 γένηται
3457 1845 3485 1898 6
3514 1847 3694 1914 λόγος,

2107 1928 2322 1990 ’πάντες
2363 1925 2706 1998 ἀκηδιῶμεν·
2739 1928 2856 1979 ἐκεῖ
2905 1926 2960 1979 δέ
3019 1928 3082 1979 ἐκ
3129 1927 3301 1997 μέσης
3348 1927 3560 1998 ἡμέρας
3603 1926 3704 1994 ἀρ·

2113 2007 2353 2078 χόμενοι,
2379 2005 2482 2060 6116
2509 2005 2758 2075 λαμπάσι
2785 2005 2879 2058 καὶ
2905 2005 3118 2076 λύχνοις
3138 2004 3531 2077 ἀναχωροῦσιν.
3560 2003 3703 2057 Ἀλλ’

2117 2088 2203 2141 ἵνα
2239 2087 2312 2158 μὴ
2360 2087 2448 2140 ἀεὶ
2485 2084 2824 2155 ἐγκαλῶμεν,
2863 2085 3288 2156 παρακαλοῦμεν
3327 2084 3472 2155 ὐμᾶς
3507 2085 3695 2138 λοιπὸν

2114 2166 2211 2221 καὶ
2243 2163 2503 2235 δεόμεθα·
2545 2163 2661 2217 δότε
2705 2162 2908 2232 ταύτην
2942 2165 3040 2234 τὴν
3087 2165 3246 2234 χάριν
3293 2165 3388 2216 καὶ
3419 2165 3550 2233 ἡμῖν
3605 2161 3704 2216 καὶ

2122 2248 2334 2310 ἑαυτοῖς
2359 2249 2405 2308 Β,
2433 2245 2526 2299 καὶ
2560 2244 2777 2298 πάντων
2805 2245 3205 2312 ἀπαλλαγέντες
3230 2245 3340 2297 τῶν
3365 2243 3560 2304 ἄλλων,
3583 2242 3705 2296 τούο

2114 2345 2228 2390 τοις
2268 2327 2494 2389 ἑαυτοὺς
2532 2322 2992 2396 προσηλώσωμεν.
3034 2322 3415 2393 Κερδανοῦμεν
3461 2322 3570 2398 γάρ
3608 2321 3704 2374 καῖ⁹

2117 2409 2278 2477 ἡμεῖς
2321 2405 2380 2469 ἐξ
2413 2403 2566 2474 ὐμῶν
2607 2403 2704 2472 τὴν
2739 2402 2912 2473 χαρὰν
2946 2404 3040 2456 καὶ
3066 2403 3166 2472 τὴν
3200 2401 3560 2471 εὐφροσύνην,
3601 2399 3699 2453 καὶ

2116 2486 2176 2538 τὸ
2211 2483 2569 2553 σεμνύνεσθαι
2606 2483 2688 2551 ἐφ’
2711 2483 2860 2550 ὐμῖν,
2893 2482 2987 2535 καὶ
3014 2481 3112 2551 τὴν
3152 2482 3242 2534 ἐπὶ
3270 2481 3478 2542 τούτοις
3513 2478 3703 2532 λαϐεῖν

2117 2563 2350 2632 ἀμοιϐήν
2369 2580 2383 2593 ·
2404 2562 2495 2614 τὸν
2514 2561 2569 2614 δέ
2594 2559 2782 2631 μισθὸν
2801 2559 3013 2612 ἅπαντα
3039 2559 3197 2629 ὑμεῖς
3213 2557 3588 2629 καρπώσεσθε,
3609 2556 3696 2609 ὅτι

2121 2641 2362 2713 μανικῶς
2383 2641 2523 2693 οὓτω
2544 2637 2952 2711 προσηλωμένοι
2973 2641 3038 2709 τῇ
3063 2638 3336 2710 ὀρχήστρᾳ
3363 2634 3466 2706 πρὸ
3482 2636 3699 2713 τούτου,

2117 2712 2205 2774 διὰ
2236 2720 2325 2773 16v
2347 2718 2440 2772 τοῦ
2459 2718 2594 2771 Θεοῦ
2617 2719 2778 2786 φόϐον
2801 2719 2894 2771 καὶ
2921 2717 3020 2788 τὴν
3044 2717 3311 2788 ἡμετέραν
3331 2712 3699 2785 παράκλησιν,

2108 2795 2463 2869 ’ἀπερῤήξατε
2505 2796 2598 2850 τοῦ
2631 2799 2936 2868 νοσήματος
2977 2796 3200 2859 ἑαυτοὺς
3237 2793 3468 2854 ἐκείνου,
3496 2792 3592 2846 καὶ
3634 2789 3710 2842 τά

2117 2876 2290 2948 δεσμά
2327 2875 2626 2937 διελύσατε,
2663 2877 2754 2930 καὶ
2802 2875 2934 2948 πρὸς
2965 2877 3057 2930 τὸν
3094 2875 3224 2929 Θεὸν
3269 2873 3555 2945 ἐδράμετε.
3593 2869 3711 2924 Οὐκ

2119 2959 2235 3010 ἐκεῖ
2261 2955 2318 3008 δέ
2355 2956 2512 3028 μόνον
2537 2955 2771 3025 λήψεσθε
2800 2955 2891 3009 16v
2923 2955 3132 3026 μισθὸν,
3167 2953 3301 3007 ἀλλὰ
3335 2954 3428 3006 καὶ
3471 2949 3709 3004 ἐνταῦθα

2118 3029 2380 3105 εἰλικρινῆ
2415 3033 2771 3103 καρπώσεσθε
2813 3035 2911 3104 τὴν
2963 3033 3174 3105 ἡδονήν.
3228 3031 3478 3086 Τοιοῦτον
3517 3029 3626 3100 γὰρ
3675 3029 3710 3098 ἠ

2120 3116 2319 3184 ἀρετή·
2353 3112 2493 3184 μετὰ
2533 3113 2640 3165 τῶν
2681 3115 2798 3166 ἐκεῖ
2836 3113 3112 3180 στεφάνων
3164 3113 3259 3166 καὶ
3299 3109 3532 3164 ἐνταῦθα
3574 3107 3707 3178 ἡδὺν

2120 3191 2440 3261 καθίστησιν
2463 3194 2592 3262 ἡμῖν
2623 3191 2712 3244 τὸν
2733 3191 2864 3261 βίον.
2892 3190 3215 3261 Πειθώμεοα
3232 3189 3407 3243 τοίνυν
3439 3190 3549 3251 τοῖς
3570 3188 3715 3258 εἰρη-

2126 3273 2323 3342 μένοις,
2344 3271 2430 3324 ἵνα
2448 3273 2542 3324 καὶ
2561 3270 2668 3323 τῶν
2687 3270 2916 3323 ἐνταῦθα
2934 3270 3152 3324 καὶτῶν
3169 3271 3344 3323 ἐκεῖσε
3369 3267 3713 3337 ἐπιτύχωμεν

2125 3349 2365 3416 ἀγαθῶν,
2394 3349 2576 3418 χάριτι
2626 3349 2719 3402 καὶ
2762 3349 3139 3419 φιλανθρωπίᾳ
3175 3345 3270 3400 τοῦ
3311 3345 3516 3417 Κυρίου
3559 3342 3714 3419 ημῶν

2140 3426 2315 3495 Ἰησοῦ
2351 3417 2606 3490 Χριστοῦ,
2643 3427 2758 3496 μεθ’
2783 3421 2843 3480 οὐ
2890 3417 2969 3496 τῷ
3001 3417 3175 3497 Πατρὶ
3216 3425 3425 3496 ήδόξα,
3476 3423 3592 3492 ἅμα
3636 3417 3714 3492 τῷ

2129 3505 2268 3576 ἁγίῳ
2300 3505 2594 3575 Πνεύματι,
2626 3508 2704 3568 εἰς
2734 3507 2858 3568 τοὺς
2888 3506 3090 3568 αἰῶνας
3115 3505 3223 3557 τῶν
3247 3502 3477 3556 αἰώνων.
3518 3501 3712 3570 Ἀμήν.

2192 3611 2217 3647 ε
2245 3608 2332 3656 Ms.
2361 3609 2446 3658 0r.
2472 3609 2646 3666 ταύτην
2665 3608 2776 3669 ἡμῖν
2809 3610 2893 3664 τήν
2916 3609 3069 3671 χάριν,
3092 3607 3270 3668 μᾶλλον
3294 3607 3346 3654 δέ
3365 3613 3445 3652 καί
3465 3605 3578 3666 ἡμῖν
3597 3619 3644 3651 1:.
3669 3603 3711 3650 ἐ.

1909 3769 2152 3821 OMIAIA
2194 3767 2319 3823 NG'.

433 3853 548 3925 Καὶ
576 3853 864 3920 ἐξέϐαλον
889 3855 1076 3909 αὐτὸν
1095 3856 1237 3920 ἔξω·
1270 3854 1369 3909 καί
1400 3855 1674 3924 ἤκουσεν
1697 3859 1731 3912 ὁ
1765 3857 2020 3925 Ἰησοῦς,

501 3922 600 3978 ὅτι
628 3925 920 3989 ἐξέϐαλον
941 3926 1132 3979 αὐτὸν
1167 3926 1282 3990 ἔξω
1303 3941 1316 3956 ·
1348 3922 1448 3979 καὶ
1479 3926 1673 3992 εὑρὼν
1699 3922 1908 3992 αὐτὸν,
1942 3926 2026 3983 εἷ-

512 4009 626 4049 πεν
644 3994 853 4060 αὐτῷ’(
880 3995 962 4050 Σὺ
983 3997 1285 4062 πιστεύεις
1296 3998 1382 4058 εἰς
1395 3995 1502 4050 τὸν
1523 3996 1660 4050 Υίόν
1671 3997 1776 4052 τοῦ
1793 3998 1940 4052 Θεοῦ
1959 4015 1978 4062 ;
2000 4017 2018 4050 ι

523 4064 832 4138 Ἀπεκρίθη
884 4065 1114 4138 ἐκεῖνος
1159 4067 1257 4138 καί
1317 4063 1474 4120 εἷπε·
1514 4086 1532 4117 ι
1563 4067 1672 4120 Καὶ
1721 4067 1812 4134 τις
1843 4069 2022 4138 ἐστι,

509 4133 706 4203 Κύριε,
737 4134 838 4188 ἵνα
865 4137 1172 4189 πιστεύσω
1199 4137 1284 4202 εἰς
1305 4137 1527 4200 αὐτόν;
1563 4155 1583 4189 ι
1615 4138 1707 4190 καὶ
1739 4138 1808 4191 τὰ
1839 4133 2021 4192 λοιπά.

511 4269 583 4316 α’.
610 4263 673 4316 Οἰ
702 4260 790 4316 διά
811 4261 910 4333 τὴν
942 4261 1198 4330 ἀλήθειαν
1228 4263 1323 4316 καὶ
1344 4261 1442 4332 τὴν
1465 4262 1546 4326 εἰς
1578 4263 1810 4334 Χριστὸν
1833 4264 2025 4335 ὁμολο-

441 4343 568 4411 γίαν
602 4342 904 4412 πάσχοντές
928 4361 980 4402 τι
1018 4340 1190 4395 δεινὸν
1221 4341 1316 4396 καὶ
1346 4341 1714 4413 ὑϐριζόμενοι,
1743 4337 1888 4398 οὗτοι
1923 4344 2027 4414 μά-

443 4421 607 4475 λιστά
653 4424 790 4476 είσιν
828 4424 876 4474 οἰ
925 4420 1248 4491 τιμώμενοι.
1289 4419 1496 4492 Ὥσπερ
1539 4421 1647 4494 γὰρ
1688 4423 1718 4476 6
1766 4424 2026 4495 χρήματα

445 4500 683 4564 ἀπολλύς
721 4500 786 4553 δι’
813 4501 996 4564 αὐτὸν,
1025 4495 1179 4564 οὗτος
1211 4500 1446 4570 μάλιστά
1477 4504 1626 4555 ἐστιν
1650 4503 1679 4556 6
1718 4504 1987 4574 εὑρίσκων
2007 4518 2023 4534 ⁸

446 4581 544 4636 καὶ
569 4583 598 4635 6
624 4579 720 4652 τὴν
747 4578 924 4650 ψυχὴν
951 4579 1115 4632 αὐτοῦ
1153 4578 1347 4648 μισῶν,
1374 4580 1538 4643 αὐτὸς
1568 4581 1803 4651 μάλιστά
1827 4584 1972 4635 ἐστιν
2000 4583 2027 4634 6

446 4659 647 4726 φιλῶν·
673 4657 817 4713 οὕτω
843 4657 938 4710 καὶ
966 4659 994 4710 6
1021 4655 1396 4726 ὑϐριζόμενος,
1421 4653 1576 4722 0610;
1608 4659 1844 4728 μάλιστά
1880 4660 2026 4711 ἐστιν

442 4741 475 4792 6
516 4736 858 4810 τιμώμενος·
889 4736 1028 4807 ὅπερ
1064 4733 1159 4788 καλ¹
1205 4735 1298 4788 ἐπὶ
1329 4735 1424 4789 τοῦ
1469 4736 1672 4806 τυφλοῦ
1717 4739 2025 4810 γεγένηται.

461 4815 744 4881 Ἐξέϐαλον
787 4810 880 4868 οὖν
922 4813 1082 4866 αὐτὸν
1114 4814 1178 4866 ἐκ
1224 4811 1317 4866 τοῦ
1367 4812 1511 4883 ἱεροῦ
1541 4815 1592 4866 οἰ
1624 4815 1886 4877 Ἰουδαῖοι,
1936 4817 2030 4869 καὶ

447 4890 604 4965 εὗρεν
650 4891 812 4945 αὐτὸν
840 4895 868 4945 6
914 4891 1189 4962 Δεσπότης
1235 4890 1330 4944 τοῦ
1377 4891 1541 4962 ἱεροῦ.
1581 4893 1894 4963 Ἀπηλλάγη
1936 4895 2028 4948 τοῦ

449 4970 727 5043 συνεδρίου
765 4970 860 5024 τοῦ
905 4969 1176 5043 λοιμικοῦ,
1215 4973 1308 5025 καὶ
1347 4971 1633 5043 περιέτυχε
1667 4975 1731 5044 τῇ
1779 4974 2031 5045 σωτηρίῳ

447 5053 635 5126 πηγῇ·
674 5047 951 5122 ὴτιμάσθη
991 5051 1141 5123 παρὰ
1182 5051 1290 5104 τῶν
1321 5049 1412 5104 16v
1453 5052 1690 5123 Χριστὸν
1730 5052 2033 5124 ἀτιμασάν-

446 5149 576 5196 των,
604 5133 700 5186 καὶ
733 5129 966 5202 ἐτιμήθη
1000 5129 1155 5202 ποιρά
1183 5127 1278 5183 τοῦ
1309 5128 1418 5182 τῶν
1446 5130 1695 5200 ἀγγέλων
1731 5130 2022 5185 Δεσπότου.

449 5211 688 5265 Τοιαῦτα
725 5209 794 5264 τά
829 5210 931 5278 τῆς
968 5208 1226 5280 ἀληθείας
1259 5208 1489 5263 ἔπαθλα.
1520 5209 1676 5263 Οὕτω
1705 5211 1799 5264 καὶ
1841 5211 2022 5280 ἡμεῖς,

448 5288 515 5342 ἂν
559 5288 792 5343 ἐνταῦθα
833 5287 1060 5358 ἀφῶμεν
1097 5288 1165 5342 τά
1199 5291 1483 5360 χρήματα,
1537 5287 1863 5360 εὑρίσκομεν
1912 5290 2028 5342 ἐκεῖ

449 5365 760 5438 παρρησίαν
777 5380 790 5394 ·
820 5362 886 5418 ἂν
913 5362 1145 5416 ἐνταῦθα
1168 5363 1348 5432 δῶμεν
1374 5367 1500 5426 τοῖς
1517 5363 1870 5435 θλιϐομένοις.
1897 5367 2021 5420 ἀνα-

452 5443 772 5516 παυσόμεθα
808 5445 865 5496 ἐν
898 5445 1009 5505 τοῖς
1029 5444 1301 5513 οὐρανοῖς·
1338 5442 1403 5496 ἂν
1440 5443 1788 5514 ὐϐρισθώμεν
1816 5445 1904 5498 διὰ
1935 5447 2026 5499 τὸν

449 5523 604 5583 Θεὸν.
629 5520 920 5594 τιμώμεθα
949 5524 1045 5576 καὶ
1075 5520 1328 5582 ἐνταῦθα,
1357 5523 1448 5574 καί
1479 5523 1614 5574 ἐκεῖ.
1648 5523 1732 5586 Ὠς
1757 5523 1813 5575 δέ
1842 5523 2033 5590 ἐξέϐα-

449 5606 538 5660 λον
575 5607 739 5661 αὐτὸν
768 5606 832 5658 ἐκ
870 5603 964 5658 τοῦ
1009 5602 1180 5673 ίεροῦ,
1213 5596 1371 5673 εὗρεν
1417 5602 1577 5656 αὐτὸν
1602 5605 1630 5656 6
1661 5603 1887 5672 Ἰησοῦς.
1918 5603 2036 5655 Δεί-

452 5701 639 5739 κνυσιν
683 5688 712 5738 6
750 5683 1141 5752 εὐαγγελιστὴς
1179 5682 1259 5734 ὅτι
1299 5681 1393 5733 ἐπὶ
1435 5681 1609 5751 τούτῳ
1659 5678 1840 5752 ἦλθεν,
1892 5683 2032 5735 ὥστε

453 5763 600 5830 σύτῷ
632 5765 934 5832 συντυχεῖν.
962 5762 1071 5813 Καὶ
1105 5762 1206 5831 δρα
1236 5759 1377 5812 τίσιν
1407 5760 1571 5812 αὐτὸν
1603 5760 1924 5829 ἀμείϐεται·
1956 5759 2034 5829 τῷ

455 5838 735 5907 κεφαλαίῳ
772 5840 878 5890 τῶν
927 5837 1168 5903 ἀγαθῶν.
1218 5836 1323 5888 Καὶ
1363 5836 1470 5904 73:9
1519 5837 1710 5889 ἑαυτὸν
1741 5838 2032 5907 ἐγνώρισεν

453 5916 604 5987 αὐτῷ
649 5917 907 5986 πρότερον
952 5916 1264 5983 ἀγνοοῦντι,
1315 5918 1405 5968 καί
1449 5918 1526 5978 εἰς
1559 5915 1649 5968 τὸν
1678 5916 1783 5968 τῶν
1823 5916 2035 5970 οἰκείων

2136 3858 2396 3930 μαθητῶν
2430 3858 2750 3927 ἐγκατέλεξε
2783 3859 2962 3930 χορόν.
2992 3857 3142 3932 [545]
3176 3859 3246 3913 Σύ
3268 3859 3326 3912 δέ
3361 3857 3570 3922 σκόπει,
3597 3855 3716 3919 πῶς

2131 3939 2232 4008 τὴν
2279 3938 2566 4009 ἀκρίϐειαν
2607 3941 2635 3993 6
2677 3939 3065 4008 εὐαγγελιστης
3117 3938 3413 4008 ἐξηγεῖται.
3458 3935 3715 3996 Εἰπόντος

2132 4017 2243 4086 γάρ
2278 4017 2465 4079 αὐτοῦ,
2498 4017 2582 4071 Σὺ
2612 4019 2919 4083 πιστεύεις
2954 4019 3042 4082 εἰς
3069 4016 3174 4070 τὸν
3212 4015 3350 4069 Υίὸν
3379 4013 3482 4068 τοῦ
3528 4011 3712 4076 Θεοῦ;

2131 4095 2309 4165 λέγει·
2345 4097 2543 4163 Κύριε,
2580 4097 2678 4150 καὶ
2725 4097 2817 4163 τίς
2869 4097 3069 4156 ἐστινς
3123 4094 3350 4152 Οὐδέπω
3395 4091 3504 4164 γάρ
3552 4091 3715 4146 αὐτδν

2130 4174 2268 4245 ᾔδει,
2300 4174 2478 4228 καίτοι
2509 4173 2998 4245 τεθεραπευμένος.
3028 4172 3241 4240 Τυφλδς
3273 4171 3383 4242 γὰρ
3407 4167 3496 4242 ἦν,
3524 4171 3651 4242 πρὶν
3681 4167 3715 4239 ἢ

2133 4253 2271 4325 πρὸς
2299 4253 2392 4307 16v
2422 4253 2716 4326 εὐεργέτην
2760 4254 2956 4318 ἐλθεῖν,
2986 4253 3080 4306 καὶ
3121 4250 3260 4322 μετά
3290 4251 3390 4322 τὴν
3437 4251 3581 4326 ἴασιν
3611 4247 3719 4302 ὐπὸ

2131 4323 2242 4386 τῶν
2288 4333 2468 4386 κυνῶν
2514 4323 2738 4387 ἐκείνων
2791 4331 3153 4404 περιείλκετο.
3194 4330 3455 4399 Καθάπερ
3500 4323 3594 4382 οὖν
3633 4343 3718 4390 τις

2131 4411 2480 4481 ἀγωνοθέτης
2500 4452 2514 4477 ,
2561 4411 2800 4482 ἀθλητὴν
2836 4409 3006 4464 πολλά
3037 4410 3282 4479 καμόντα
3310 4407 3402 4460 καὶ
3441 4421 3717 4474 στεφανωο

2134 4492 2295 4546 θέντα
2319 4491 2550 4562 δέχεται.
2576 4493 2685 4545 Καὶ
2709 4492 2763 4544 τί
2787 4509 2972 4560 φησιν,
2999 4489 3306 4555 Πιστεύεις
3328 4489 3415 4554 εἰς
3444 4485 3550 4539 τὸν
3581 4483 3721 4538 T16»:-

2133 4570 2242 4625 τοῦ
2267 4571 2448 4634 Θεοῦ;
2480 4570 2544 4623 Τί
2566 4569 2757 4635 τοῦτο;
2794 4569 2947 4622 Μετά
2976 4566 3599 4636 τοσαύτηνάντίῤῥησιν
3619 4563 3719 4632 τὴν

2135 4649 2272 4719 πρὸς
2297 4649 2426 4711 τοῦς
2460 4647 2767 4710 Ἰουδαίους,
2805 4646 2942 4716 μετά
2975 4646 3212 4698 τοσαῦτα
3242 4645 3484 4713 ῥήματα,
3516 4641 3718 4719 ἐρωτᾷ,

2137 4718 2200 4780 EE
2231 4727 2544 4789 πιστεύεις;
2591 4727 2690 4778 οὐκ
2736 4726 2967 4793 ἀγ·.οῶν,
2995 4724 3132 4776 ἀλλά
3173 4721 3496 4791 βουλόμενος
3529 4718 3720 4772 ἑαυτὸν

2136 4805 2428 4876 γνωρίσαι,
2461 4807 2556 4858 καὶ
2589 4803 2826 4868 δεικνὺς,
2867 4806 2949 4856 ὅτι
2991 4801 3188 4857 πολλοῦ
3220 4801 3446 4868 τιμᾶται
3481 4797 3577 4876 τὴν
3626 4798 3724 4876 αὐ-

2134 4884 2229 4936 τοῦ
2253 4874 2468 4936 πίστιν.
2499 4883 2728 4954 Ὕϐρισέ
2759 4901 2824 4953 με
2869 4883 3038 4952 δῆμος
3072 4877 3344 4940 τοσοῦτος,
3385 4875 3572 4946 φησὶν,
3599 4874 3721 4954 ,ἀλλ’

2137 4963 2309 5026 οὐδεὶς
2350 4963 2474 5032 ἐμοὶ
2504 4953 2659 5031 λόγος
2707 4961 2961 5016 ἐκείνων·
3007 4959 3122 5020 ἑνός
3173 4973 3263 5026 μοι
3313 4955 3493 5025 μέλει,
3526 4953 3622 5007 τοῦ
3665 4954 3724 5032 σε

2139 5031 2447 5095 πιστεῦσαι.
2499 5043 2765 5113 Κρεῖττον
2799 5040 2909 5111 γὰρ
2954 5035 3033 5101 εἷς
3077 5035 3248 5089 ποιῶν
3280 5034 3342 5088 16
3365 5033 3594 5113 θέλημα
3627 5031 3724 5113 τοῦ

2145 5120 2371 5192 Κυρίου,
2399 5119 2430 5191 ἢ
2472 5109 2656 5193 μυρίοι
2688 5109 3020 5189 παράνομοι.
3046 5113 3128 5169 Σὺ
3163 5112 3468 5193 πιστεύεις
3497 5113 3585 5193 είς
3619 5109 3726 5163 τόν

2156 5189 2290 5254 Υἱόν
2338 5189 2442 5255 τοῦ
2473 5189 2653 5263 Θεοῦ;
2695 5200 2781 5263 Ὡς
2815 5199 2908 5251 καὶ
2943 5194 3154 5268 παρὼν,
3194 5193 3288 5247 καὶ
3329 5189 3726 5259 ἀποδεχόμενος

2143 5280 2212 5334 τὰ
2254 5279 2538 5351 εἰρημένα,
2576 5280 2746 5342 οὕτως
2775 5275 2936 5332 αὐτὸν
2963 5276 3171 5346 ἐρωτᾷ·
3207 5272 3300 5326 καὶ
3333 5270 3596 5351 πρότερον
3626 5268 3728 5351 06-

2143 5361 2233 5414 τὸν
2264 5345 2342 5424 εἰς
2363 5345 2540 5414 λπόθον
2568 5358 2760 5413 ἐαυτοῦ
2787 5345 3140 5428 κατέστησεν.
3173 5353 3248 5406 Οὐ
3279 5351 3388 5421 γὰρ
3408 5345 3592 5428 εἶπεν.
3625 5347 3730 5399 E6-

2146 5441 2282 5504 θέως
2318 5441 2622 5502 πίστευσον,
2646 5439 2781 5491 ἀλλά
2809 5438 2930 5490 κατ’
2961 5424 3250 5506 ἐρώτησιν.
3281 5429 3344 5482 Τί
3377 5424 3468 5482 οὖν
3491 5429 3726 5489 ἐκεῖνος;

2143 5521 2248 5574 Καὶ
2298 5522 2388 5585 τίς
2422 5520 2571 5583 ἐστι,
2605 5520 2814 5585 Κύριε,
2863 5518 2964 5569 ἵνα
3009 5512 3320 5566 πιστεύσω
3381 5511 3467 5574 εἰς
3501 5506 3726 5566 αὐτόνς

2143 5595 2422 5667 Ποθούσης
2457 5600 2552 5652 καὶ
2587 5598 2790 5668 σφόδρα
2824 5593 3188 5666 ἐπιζητούσης
3233 5590 3412 5659 ψυχῆς
3450 5588 3513 5668 16
3552 5587 3726 5668 ῥημα.

2153 5678 2322 5749 ’Υπὲρ
2345 5664 2406 5730 οὐ
2437 5664 2674 5730 τοσαῦτα
2696 5664 3178 5749 διελέχθη-τοῦτον
3203 5670 3407 5749 ἀγνοεῖ,
3435 5667 3518 5718 ἵνα
3549 5664 3730 5749 μάθῃς

2139 5742 2305 5810 αὐτοῦ
2338 5758 2399 5810 16
2427 5755 2738 5824 φιλάληθες.
2785 5742 2953 5805 υῦπω
2990 5749 3099 5822 γὰρ
3127 5743 3196 5816 ἦν
3243 5745 3407 5799 αὐτὸν
3440 5742 3724 5824 ἑωρακώς.

2141 5836 2309 5905 Λέγει
2362 5821 2550 5898 αὐτῷ·
2600 5821 2706 5888 Καὶ
2743 5833 3007 5900 ἑώρακας
3058 5821 3264 5905 αὐτόν,
3310 5826 3420 5905 καί
3452 5821 3726 5905 ὀμλιαὲῶν

2138 5899 2286 5985 μετὰ
2321 5915 2457 5981 σοῦ,
2503 5913 2733 5979 ἐκεῖνός
2776 5899 2965 5964 ἐστίν.
3001 5907 3112 5960 Οὐκ
3165 5899 3338 5968 εἶπεν,
3381 5901 3522 5970 Ἐγώ
3568 5902 3719 5972 εἰμι·
