3984 6196
310 341 387 403 5'?!

303 455 591 528 impendere
615 493 630 516 .
659 461 717 507 tu
743 451 796 506 in
827 446 1182 511 clamoribus,
1215 445 1265 500 in
1301 443 1523 498 tumultu
1546 482 1561 511 ,
1589 438 1861 496 obscaenis

300 547 488 610 rerbis.
519 542 708 615 pugnis
730 581 749 604 ,
798 536 1187 609 intempestivis
1217 534 1574 606 voluptatibus
1597 573 1613 599 ,
1647 531 1859 602 przesti-

291 640 409 715 giis,
440 645 603 692 totam
631 634 792 689 vitam
824 629 1136 693 consumis;
1176 628 1335 697 idque
1358 624 1550 685 frustra
1580 624 1706 677 etin
1739 637 1865 715 per:

291 710 474 786 nicicm
517 736 682 783 tuam.
730 724 797 780 Et
825 731 946 794 post
970 720 1087 775 haec
1133 719 1312 773 omnia
1343 717 1672 785 interrogas,
1718 710 1861 782 quod

284 822 352 874 sit
376 818 631 879 damnum
660 833 675 869 :
702 828 878 884 neque
900 809 1173 880 intelligis,
1195 806 1327 867 nihil
1355 806 1564 877 parcius
1593 805 1865 858 insumen-

282 907 406 966 dum
436 922 559 964 esse
588 921 746 977 quam
776 913 987 973 tempus
1009 902 1049 954 ¹.
1081 901 1286 955 Aurum
1313 898 1358 953 si
1387 895 1744 965 impenderis,
1774 904 1865 947 re-

283 1014 540 1072 cuperare
560 997 792 1070 poteris;
813 993 1073 1051 amissum
1093 1001 1301 1067 tempus
1320 986 1538 1047 difﬁcile
1553 999 1766 1057 recupet
1779 998 1860 1041 es.

280 1094 452 1149 Breve
478 1105 705 1160 namque
732 1088 850 1165 ejus
886 1086 1117 1157 spatium
1141 1084 1193 1143 in
1221 1082 1322 1143 bac
1347 1081 1452 1143 vita
1494 1080 1649 1145 nobis
1673 1092 1863 1134 coneee

281 1187 466 1252 ditur;
496 1198 601 1263 quo
632 1182 733 1239 nisi
770 1190 827 1235 ut
859 1195 954 1250 par
978 1186 1063 1241 est
1102 1186 1346 1245 utamur,
1390 1173 1518 1245 quid
1561 1173 1657 1263 illo
1698 1172 1863 1263 adve-

282 1262 828 1333 nientesdieemus?
875 1269 1009 1343 Dic,
1059 1280 1242 1347 quaeso
1270 1306 1285 1335 ,
1334 1266 1377 1319 si
1428 1278 1585 1335 quem
1638 1262 1865 1321 ﬁliorum

281 1378 494 1423 tuorum
518 1364 740 1434 juberes
765 1369 938 1421 artem
984 1359 1290 1431 quampiam
1318 1356 1591 1431 ediscere,
1622 1355 1709 1411 ille
1737 1368 1866 1411 vero

280 1458 357 1512 vel
402 1454 560 1515 domi
598 1452 685 1508 vel
711 1451 841 1509 alibi
883 1458 1094 1519 tempus
1133 1456 1364 1515 tereret,
1395 1462 1573 1502 annon
1618 1446 1868 1517 magister

280 1550 431 1603 illum
479 1543 755 1605 deferret?
786 1556 963 1601 annon
1004 1539 1205 1597 diceret
1232 1539 1323 1599 tibi
1356 1555 1370 1595 :
1401 1537 1617 1592 Paetum
1660 1550 1865 1599 mecum

280 1639 484 1708 scripto
513 1634 719 1698 fecisti,
754 1642 1070 1703 tempusque
1099 1628 1381 1685 deﬁnivisti
1428 1647 1440 1683 :
1479 1628 1524 1689 si
1553 1642 1678 1683 vero
1730 1627 1870 1682 illius

281 1742 396 1789 tuus
432 1745 541 1793 non
573 1728 703 1785 velit
746 1736 956 1797 tempus
994 1723 1132 1801 apud
1163 1737 1265 1779 nos
1290 1723 1596 1789 insumere,
1623 1718 1718 1775 sed
1742 1720 1869 1773 alibi

280 1834 459 1880 terere
481 1861 497 1887 ,
528 1816 798 1892 quomodo
824 1815 1119 1891 poterimus
1159 1814 1253 1871 tibi
1281 1813 1600 1882 discipulum
1636 1812 1827 1871 sistere
1848 1811 1887 1865 Τ

280 1913 405 1971 liae
448 1927 551 1971 nos
580 1924 797 1983 quoque
838 1907 1018 1964 dicere
1062 1905 1326 1976 cogimur.
1355 1903 1489 1959 Nam
1532 1901 1676 1959 dicet
1717 1901 1873 1959 nobis

284 2004 426 2060 Deus
462 2020 476 2055 :
518 2001 758 2071 Tempus
784 1997 1050 2073 assignavi
1081 1996 1234 2052 vobis
1258 2036 1272 2060 ,
1300 2009 1407 2065 quo
1452 1992 1665 2066 pietatis
1703 2000 1872 2048 artem

281 2094 630 2159 edisceretis;
679 2107 777 2153 cur
817 2089 1018 2147 frustra
1049 2098 1105 2144 et
1154 2088 1423 2147 incassum
1481 2094 1693 2156 tempus
1742 2083 1873 2140 illud

284 2185 651 2255 insumpsistis
668 2184 691 2243 ?
706 2198 805 2241 cur
826 2196 930 2237 non
953 2179 1263 2250 magistrum
1290 2177 1503 2234 assidue
1526 2176 1765 2233 adiistis?
1780 2190 1875 2239 cur

284 2275 447 2329 dictis
474 2289 585 2329 non
612 2271 956 2329 attendistis?
981 2268 1133 2338 Quod
1163 2269 1303 2325 enim
1326 2268 1495 2341 pietas
1522 2268 1591 2325 sit
1618 2282 1704 2323 ars
1726 2282 1874 2345 quae-

291 2366 417 2419 dam
439 2406 456 2431 ,
497 2363 619 2418 audi
649 2361 963 2433 prophetam
997 2361 1265 2425 dicentem
1296 2377 1308 2414 :
1367 2357 1541 2413 Venite
1562 2399 1578 2424 ,
1606 2358 1704 2428 lilii
1724 2399 1740 2426 ,
1777 2374 1873 2413 an-

296 2454 404 2509 dite
432 2469 547 2521 me,
570 2453 787 2506 timerent
811 2450 1024 2509 Domini
1062 2450 1245 2507 docebo
1274 2465 1359 2505 vos
1389 2448 1576 2521 (Psal.
1616 2449 1705 2504 55.
1750 2447 1874 2521 12);

296 2556 357 2601 et
395 2544 628 2608 iterum,
660 2541 846 2603 Beatus
870 2543 945 2605 vir
981 2558 1127 2613 quem
1154 2552 1207 2601 tu
1249 2541 1526 2606 erudieris,
1556 2538 1805 2609 Domine,
1833 2548 1878 2594 et

289 2638 355 2697 de
382 2637 501 2708 lege
540 2645 627 2693 tua
670 2636 902 2693 docueris
946 2652 1059 2691 eum
1101 2632 1271 2706 (Paul.
1305 2634 1393 2693 95.
1433 2630 1541 2707 i2).
1572 2632 1705 2687 Cum
1751 2647 1880 2705 ergo

350 2772 367 2801 ⁸
406 2769 469 2820 In
492 2768 672 2819 iisdem
703 2767 783 2818 hic
798 2769 870 2818 sic
890 2767 1098 2817 habetur
1120 2764 1273 2821 locus,
1296 2775 1447 2826 neque
1468 2762 1694 2825 (tuendis,
1707 2770 1754 2814 te
1775 2777 1881 2815 nta-

284 2831 418 2885 n'me
445 2830 679 2894 (ωψσε-ῖς
700 2844 815 2883 usus
838 2827 1073 2885 rationem
1093 2841 1196 2879 esse
1219 2825 1546 2879 redditurum.

1313 327 1385 383 IN
1412 325 1718 384 NANNEM
1760 322 1968 387 “01m.
2032 321 2165 389 LIX.
2207 325 2275 379 al.
2319 321 2498 381 LXI".

3440 338 3549 390 3:32
3570 346 3577 357 '

1971 444 2193 505 tempus
2212 436 2469 492 inutiliter
2494 440 2889 509 consumpseris
2914 483 2929 507 ,
2959 458 3115 513 quam
3146 448 3544 509 excusationem

1967 526 2232 582 habebis?
2264 527 2329 581 Et
2355 543 2471 595 cur,
2495 528 2706 597 inquies
2730 572 2745 597 ,
2778 530 2933 586 nobis
2960 532 3123 589 breve
3152 542 3361 604 tempus
3403 552 3543 605 pra:-

1965 617 2221 691 St‘l'lpSll?
2257 618 2301 673 0
2332 618 2723 690 insipientiam!
2754 635 2786 676 o
2817 622 3080 693 ingratum
3108 625 3384 683 animum?
3412 626 3545 695 Quia

1970 709 2061 763 tibi
2094 709 2305 766 labores
2333 712 2662 784 sudoresque
2690 713 2880 769 minuit
2904 757 2919 782 ,
2952 730 3015 771 ac
3045 719 3282 788 requiem
3310 718 3404 775 tibi
3431 720 3560 779 diu-i

1969 808 2177 857 turnum
2204 808 2258 856 et
2284 801 2637 858 immortalem
2671 804 2916 874 paravit,
2950 805 3071 862 ideo
3101 808 3313 867 incusas
3335 818 3392 867 et
3434 825 3569 866 mo-i

1967 888 2098 945 leste
2119 888 2265 946 fers?
2286 890 2392 948 Sed
2414 894 2597 948 nescio
2623 894 2891 964 quomodo
2918 911 3223 955 sermonem
3249 898 3354 959 huc
3377 912 3553 956 trans-

1970 981 2207 1051 tulimus,
2232 991 2287 1038 et
2310 983 2508 1040 tamdiu
2537 1000 2869 1054 peroramus.
2902 987 3240 1063 Quapmpter
3254 992 3364 1062 jam
3391 994 3565 1059 ﬁnem,

1970 1071 2150 1130 facere
2196 1088 2333 1145 opus
2365 1084 2466 1131 est.
2519 1075 2650 1135 Nam
2697 1076 2799 1138 hoc
2843 1092 3055 1148 quoque
3098 1081 3327 1138 miseria:
3355 1097 3554 1147 nostra;

1971 1163 2349 1232 tribuendum,
2397 1165 2536 1236 quod
2580 1167 2626 1221 si
2675 1166 2763 1222 hic
2821 1166 2978 1239 longa
3024 1170 3095 1229 sit
3149 1174 3359 1243 oratio,
3407 1176 3553 1232 illam

1970 1272 2157 1316 omnes
2202 1258 2558 1326 fastidiamus;
2593 1259 2703 1315 illic
2751 1275 2882 1316 vero
2909 1276 2941 1315 a
2986 1262 3209 1320 meridie
3238 1267 3389 1336 orsi,
3429 1284 3553 1325 cum

1970 1347 2204 1405 lucernis
2247 1347 2520 1405 recedant.
2576 1349 2772 1408 Verum
2824 1366 2892 1406 ne
2938 1366 3152 1423 semper
3202 1355 3509 1421 incusemus
3537 1401 3552 1425 ,

1971 1456 2222 1512 rogamus
2247 1456 2341 1496 vos
2371 1449 2426 1496 et
2459 1441 2802 1500 obsecramus
2834 1461 2849 1500 :
2896 1444 3032 1502 hanc
3060 1455 3113 1501 et
3141 1447 3295 1503 nobis
3324 1457 3378 1505 et
3403 1451 3558 1508 vobis

1972 1533 2197 1603 gratiam
2224 1533 2501 1589 concedite
2520 1574 2536 1599 ,
2567 1544 2622 1589 ut
2647 1534 2763 1589 aliis
2792 1536 3008 1591 omissis
3035 1538 3284 1595 omnibus
3309 1580 3323 1604 ,
3352 1540 3434 1596 his
3466 1542 3548 1597 in-

1973 1623 2311 1679 cmnbamus.
2369 1623 2641 1696 Siquidem
2703 1625 2816 1680 hazc
2866 1641 2932 1680 ex
2990 1626 3144 1681 vobis
3190 1626 3554 1701 lucrabimur,

1972 1713 2264 1783 gaudium,
2292 1713 2569 1779 laetitiam,
2602 1713 2852 1780 laudem,
2883 1715 3107 1785 gloriam
3133 1726 3190 1772 et
3229 1720 3557 1779 mercedem.

1977 1804 2170 1859 Totum
2195 1813 2373 1871 autem
2414 1804 2689 1875 pra-mium
2720 1820 2815 1860 vos
2839 1806 3170 1862 lucrabimini
3192 1849 3207 1876 ,
3240 1809 3382 1880 quod
3408 1821 3560 1869 ante-

1976 1894 2080 1957 hac
2125 1893 2193 1961 ad
2238 1895 2473 1959 furorem
2521 1909 2691 1965 usque
2720 1894 3014 1953 orchestra:
3058 1896 3293 1966 addicti;
3347 1899 3418 1957 ob
3467 1901 3560 1957 Dei

1979 1984 2229 2040 timorem
2254 1994 2309 2040 et
2326 1984 2751 2047 cohortationcm
2774 1995 3033 2052 nostram,
3058 2001 3153 2042 vos
3170 1987 3237 2042 ab
3258 1987 3559 2059 bujusmodi

1980 2074 2168 2130 morbo
2191 2075 2438 2131 erueritis
2457 2116 2472 2139 ,
2492 2085 2544 2130 et
2577 2075 2803 2131 vinculis
2827 2075 3017 2130 solutis
3036 2115 3051 2140 ,
3074 2076 3140 2131 ad
3180 2078 3351 2134 Deum
3377 2093 3564 2136 accur-

1980 2164 2177 2220 reritis.
2209 2164 2392 2235 Neque
2414 2165 2487 2222 ibi
2517 2166 2691 2222 solum
2720 2165 3023 2222 mercedem
3049 2168 3353 2239 recipietis;
3379 2186 3562 2231 verum

1981 2254 2141 2310 etiam
2170 2254 2221 2309 in
2253 2254 2356 2311 hac
2394 2256 2497 2311 vita
2530 2271 2710 2317 veram
2761 2258 3163 2329 consequemini
3214 2260 3563 2331 voluptatem.

1982 2345 2127 2402 Talis
2154 2346 2352 2417 quippe
2380 2347 2548 2403 virtus
2578 2356 2662 2406 est
2712 2367 2727 2405 :
2780 2359 2977 2420 praeter
3004 2364 3234 2407 coronas
3281 2353 3435 2423 illas,
3480 2355 3569 2410 hic

1983 2453 2195 2512 quoque
2221 2454 2444 2517 suavem
2472 2440 2625 2496 nobis
2642 2440 2802 2496 vitam
2830 2452 3000 2512 parat.
3027 2441 3191 2498 Dictis
3208 2459 3334 2514 ergo
3360 2445 3569 2504 obtem—

1986 2545 2272 2601 percmus,
2301 2538 2358 2586 ut
2386 2530 2502 2587 haec
2541 2540 2596 2587 et
2625 2531 2712 2587 illa
2754 2546 3148 2604 consequamur
3189 2533 3364 2602 bona,
3396 2538 3567 2608 gratia

1985 2629 2040 2681 et
2085 2621 2453 2683 misericordia
2484 2622 2695 2679 Domini
2727 2623 2896 2677 nostri
2923 2623 3053 2679 Jesu
3080 2624 3318 2693 Christi,
3352 2628 3568 2698 quicum

1986 2711 2130 2766 Patri
2169 2713 2373 2783 gloria,
2421 2712 2689 2786 simulque
2730 2714 2949 2785 Spiritui
3001 2723 3224 2784 sancto,
3277 2717 3331 2790 iu
3376 2720 3571 2776 sit-cuia

1988 2802 2328 2861 smculorum.
2363 2807 2557 2860 Amen.

287 2936 3573 2967 mm

1614 2996 1961 3059 HOMILIA
2003 2998 2166 3066 LIX.

282 3145 424 3202 Car.
460 3144 518 3200 θ.
543 3160 599 3198 v.
631 3143 719 3200 55.
743 3142 809 3197 Et
837 3143 1087 3214 ejecerunt
1115 3157 1228 3194 eum
1257 3144 1494 3212 [orauet
1524 3140 1714 3194 audivit
1744 3140 1894 3195 Jesus

356 3254 496 3309 qma
515 3238 770 3307 ejecerunt
790 3252 898 3289 eum
922 3238 1059 3300 {oras
1084 3248 1102 3286 :
1122 3240 1299 3287 etcum
1319 3231 1585 3286 invenisset
1605 3248 1738 3297 eum,
1762 3232 1893 3287 dixit

349 3330 402 3383 ei
434 3325 563 3382 :I‘u
597 3327 758 3380 credis
787 3327 840 3380 in
870 3324 1063 3379 Filium
1092 3323 1186 3378 Dei
1198 3324 1223 3377 .’
1250 3323 1339 3378 56.
1371 3322 1650 3393 Respondit
1695 3324 1741 3378 ei
1764 3365 1779 3392 ,
1829 3324 1895 3379 Et

355 3423 491 3491 quis
515 3428 615 3485 est,
646 3418 881 3482 Domine,
907 3427 961 3471 ut
986 3416 1187 3470 credam
1207 3416 1260 3469 in
1289 3415 1440 3469 eum?
1472 3423 1575 3471 etc.

356 3515 418 3569 I.
460 3509 812 3566 Contumelias
840 3508 1032 3563 Christi
1068 3523 1224 3561 causa
1261 3506 1504 3577 patientes
1542 3508 1792 3576 quomodo
1817 3523 1901 3562 re-

282 3611 653 3660 munerentur.
692 3600 867 3656 Cretas
895 3609 1044 3654 natus
1086 3600 1139 3653 in
1183 3597 1543 3665 discipulorum
1572 3597 1781 3651 chorum
1804 3599 1900 3653 ad-

278 3701 480 3754 scitus.
499 3694 695 3763 —Qui
724 3701 941 3765 propter
972 3691 1249 3747 veritatem
1292 3697 1346 3745 ct
1370 3688 1570 3744 Christi
1600 3688 1897 3745 confessio-

280 3805 446 3855 nem,
498 3784 649 3840 malo
691 3785 772 3839 vel
820 3782 1144 3838 contumelia
1182 3779 1410 3850 quadam
1455 3780 1793 3847 afﬁciuntur,
1845 3781 1898 3835 hi

280 3881 544 3935 maxime
565 3891 600 3931 a
620 3876 732 3930 Deo
757 3874 1107 3929 honorantur.
1135 3872 1199 3928 Ut
1224 3872 1364 3926 enim
1387 3871 1476 3941 qui
1499 3880 1718 3941 propter
1736 3872 1899 3926 Deum

280 3969 570 4041 pecvmias
602 3965 864 4037 perdidit,
904 3965 994 4020 hic
1037 3963 1269 4018 maxime
1311 3962 1428 4016 illas
1470 3962 1702 4028 invenit;
1733 3970 1785 4016 ct
1812 3962 1899 4032 qui

277 4065 407 4117 tulit
444 4060 693 4115 animam
723 4072 872 4113 suam
896 4098 911 4122 ,
954 4056 1042 4111 hic
1065 4055 1401 4127 potissimum
1425 4052 1597 4125 diligit
1619 4055 1762 4108 illam
1789 4070 1802 4106 :
1826 4055 1904 4108 sic

279 4157 378 4225 qui
409 4150 757 4209 contumelia
790 4148 1018 4205 afﬁcitur
1039 4190 1054 4213 ,
1105 4148 1193 4202 hic
1219 4146 1550 4217 potissimum
1576 4145 1779 4201 honore
1806 4160 1902 4200 cu-

282 4248 584 4308 mulatur;
615 4242 666 4297 id
697 4242 838 4313 quod
865 4255 1009 4296 cazco
1027 4238 1236 4294 accidit.
1261 4238 1414 4293 Illum
1443 4237 1600 4306 igitur
1622 4252 1686 4291 ex
1710 4237 1906 4306 templo

281 4337 483 4396 ιυιιωί
512 4336 818 4405 eiecerunt,
851 4342 904 4389 et
934 4332 1135 4387 invenit
1161 4330 1307 4386 illum
1336 4329 1518 4399 templi
1551 4327 1827 4383 Dominus.
1861 4326 1906 4381 A

283 4426 577 4499 pestifero
604 4438 858 4480 consessu
892 4423 1145 4479 liberatus
1165 4462 1181 4490 ,
1226 4418 1557 4476 salutiferam
1603 4417 1800 4472 fontem
1828 4425 1910 4471 est

282 4525 687 4589 cmsequutus
718 4533 733 4570 :
767 4515 1153 4570 dehonestatus
1193 4520 1280 4568 est
1314 4510 1384 4566 ab
1422 4509 1485 4564 iis
1520 4509 1608 4579 qui
1639 4507 1908 4563 Christum

284 4612 747 4669 ‘ehonestarunt
771 4648 787 4675 ,
832 4615 888 4661 et
932 4607 1223 4660 honoratus
1264 4612 1345 4659 est
1372 4602 1441 4657 ab
1468 4602 1774 4671 angelorum
1802 4602 1910 4655 Do-

286 4706 484 4760 mino.
523 4700 657 4756 llzcc
696 4707 824 4753 sunt
863 4696 1106 4754 veritatis
1145 4695 1384 4766 praemia.
1412 4692 1499 4749 Sic
1526 4701 1578 4748 et
1607 4706 1706 4747 nos
1743 4693 1785 4746 si
1827 4691 1913 4745 hic

288 4792 581 4866 pacandas
606 4790 943 4855 amittamus,
974 4788 1084 4843 illic
1115 4786 1359 4842 ﬁduciam
1386 4784 1722 4854 reperimus;
1751 4782 1796 4837 si
1826 4781 1914 4837 hic

285 4881 648 4941 wmmnosis
673 4881 980 4953 largiamur,
1011 4879 1406 4949 requiescemus
1429 4878 1483 4931 in
1510 4878 1687 4941 czelis;
1720 4876 1763 4930 si
1787 4890 1914 4945 pro-

289 4986 438 5049 pter
468 4976 644 5030 Deum
671 4972 1010 5029 contumeliis
1037 4970 1363 5035 afticiamur,
1406 4979 1461 5025 et
1491 4968 1576 5025 hic
1604 4978 1657 5023 et
1682 4968 1787 5022 illic
1814 4965 1913 5021 ho-

288 5082 512 5124 norem
538 5064 941 5135 consequimur.
973 5063 1211 5134 Ejectum
1233 5077 1263 5116 e
1284 5062 1485 5132 templo
1514 5060 1714 5116 invenit
1737 5059 1914 5115 Jesus.

286 5159 605 5232 Signiﬁcat
632 5156 962 5227 evangelista
1000 5153 1122 5210 ideo
1150 5155 1379 5220 venisse,
1402 5163 1457 5207 ut
1488 5152 1563 5207 illi
1591 5159 1914 5207 occurreret.

290 5254 377 5309 ει
410 5248 705 5306 considera
732 5247 873 5319 quod
904 5247 1004 5318 ipsi
1035 5247 1310 5318 prmmium
1335 5245 1575 5301 conferat
1598 5262 1612 5299 :
1634 5254 1792 5315 caput
1814 5242 1918 5299 bo-

288 5358 543 5401 norum.
574 5340 646 5396 Se
673 5354 905 5410 namque
929 5339 979 5394 ei
1006 5346 1191 5394 uotum
1221 5337 1342 5394 facit
1376 5337 1525 5408 prius
1550 5336 1836 5407 ignoranti,
1866 5344 1922 5391 et

287 5448 450 5489 cum
492 5432 549 5487 in
579 5430 966 5501 discipulorum
994 5429 1218 5485 chorum
1256 5428 1502 5485 adscivit.
1531 5427 1613 5483 Tu
1641 5442 1767 5482 vero
1792 5441 1922 5483 con-

288 5523 538 5579 siderea
577 5522 736 5577 velim
766 5521 1037 5592 quomodo
1073 5521 1188 5591 ejus
1229 5520 1555 5592 diligentiam
1599 5519 1921 5590 evangelista

290 5614 608 5671 exhibeat.
641 5614 736 5670 illo
764 5614 908 5670 enim
934 5614 1169 5681 dicente,
1198 5612 1275 5668 Tu
1300 5614 1463 5668 credis
1486 5614 1539 5668 in
1570 5613 1763 5669 Filium
1784 5613 1924 5670 Dei?

290 5703 629 5776 «spondet
650 5744 667 5770 ,
710 5704 961 5772 Domine,
1005 5706 1116 5776 quis
1142 5714 1217 5762 est
1239 5705 1266 5759 2
1302 5705 1547 5761 Nondum
1577 5707 1721 5763 enim
1749 5707 1921 5777 ipsum

296 5804 515 5868 norat,
541 5794 648 5854 etsi
672 5808 926 5866 sanatus,
969 5799 1089 5870 quia
1116 5813 1292 5857 eterna
1318 5796 1485 5854 iuerat
1514 5800 1818 5872 priusquam
1857 5801 1921 5857 ad

3112 2973 3138 2999 δ

2001 3143 2296 3200 beneﬁcum
2327 3146 2625 3213 accederet,
2655 3155 2710 3202 et
2735 3157 2854 3216 post
2884 3157 3154 3218 receptum
3182 3151 3352 3209 visum
3382 3169 3413 3209 a
3432 3157 3581 3211 cani-

1999 3234 2098 3290 bus
2128 3236 2231 3291 illis
2263 3237 2591 3293 trahebatur.
2621 3238 2778 3294 Jesns
2808 3254 2935 3309 ergo
2965 3254 3061 3294 ceu
3095 3242 3413 3310 agonotheta
3436 3248 3582 3315 quis-

2001 3330 2141 3398 piam
2168 3329 2420 3384 athletam
2443 3342 2565 3401 post
2587 3331 2786 3386 multos
2806 3332 3019 3387 labores
3039 3343 3348 3390 coronatum
3365 3339 3581 3409 excipit.

2002 3420 2069 3475 Et
2104 3421 2228 3491 quid
2254 3422 2418 3477 dicit?
2448 3422 2625 3478 Credis
2649 3425 2701 3478 in
2731 3423 2921 3478 Filium
2955 3423 3051 3479 Dei
3067 3425 3093 3479 .9
3127 3425 3262 3494 Quid
3295 3427 3434 3486 hoc?
3462 3432 3588 3488 Post

2001 3521 2203 3567 tantam
2227 3527 2348 3567 cum
2372 3511 2569 3568 Judmis
2593 3514 3033 3584 disceptationem
3059 3558 3074 3585 ,
3121 3528 3244 3587 post
3276 3527 3351 3574 tot
3391 3523 3549 3578 verba
3573 3566 3586 3586 .

2003 3603 2296 3673 interrogat
2323 3619 2449 3659 num
2479 3604 2705 3659 credat?
2732 3604 2847 3661 Non
2879 3606 3018 3677 quod
3052 3607 3296 3678 ignoret,
3328 3611 3421 3666 sed
3450 3616 3588 3683 quod

2003 3694 2129 3747 velit
2157 3709 2215 3749 se
2245 3703 2428 3749 notum
2466 3694 2681 3763 facere,
2728 3706 2782 3751 et
2819 3699 2999 3768 quanti
3040 3697 3199 3755 faciat
3237 3700 3352 3773 ejus
3392 3702 3547 3760 ﬁdem
3571 3750 3585 3773 ,

2005 3787 2311 3842 ostendere.
2359 3787 2443 3842 Me
2484 3789 2843 3856 contumelia,
2891 3790 3094 3861 inquit,
3150 3801 3325 3848 tantus
3365 3799 3593 3867 populus

2006 3876 2203 3945 atl‘ecit,
2229 3878 2322 3933 sed
2347 3879 2476 3933 nihil
2506 3893 2666 3945 curo;
2713 3895 2874 3933 unum
2903 3891 3052 3951 opto,
3080 3889 3137 3935 ut
3167 3883 3373 3937 credas.
3409 3886 3595 3943 Melior

2007 3970 2203 4040 quippe
2227 3977 2309 4024 est
2336 3983 2474 4024 unus
2505 3970 2595 4040 qui
2642 3969 2765 4024 facit
2789 3970 3120 4025 voluntatem
3150 3973 3396 4040 Domini,
3434 3993 3594 4045 quam

2008 4061 2153 4115 mille
2180 4060 2346 4129 iniqui
2378 4058 2566 4130 (Eccli.
2603 4060 2689 4114 i6.
2720 4059 2798 4130 5).
2831 4058 2909 4114 Tu
2939 4061 3102 4118 credis
3141 4062 3194 4116 in
3235 4060 3427 4118 Filium
3462 4065 3598 4123 Dei.’

2008 4148 2078 4205 Ut
2105 4162 2341 4218 prmsens
2370 4158 2423 4202 et
2446 4146 2586 4203 dicta
2614 4149 2903 4219 exciplens,
2929 4151 3007 4206 sic
3028 4152 3347 4225 interrogat;
3376 4164 3428 4210 et
3451 4159 3598 4227 prius

2011 4240 2063 4295 in
2098 4240 2188 4294 illo
2212 4239 2291 4293 sui
2317 4238 2640 4295 desiderium
2667 4240 2881 4295 excitat.
2911 4240 3027 4296 Non
3058 4241 3192 4299 dixit
3218 4245 3380 4310 enim,
3404 4245 3595 4304 Statim

2011 4334 2192 4401 crede,
2226 4334 2321 4391 sed
2351 4335 2714 4407 interrogavit.
2746 4334 2883 4403 Quid
2917 4336 3079 4407 igitur
3105 4337 3233 4392 ille?
3266 4337 3330 4392 Et
3353 4342 3465 4405 quis
3491 4352 3595 4407 cst,

2012 4424 2256 4494 Domine,
2290 4435 2344 4479 nt
2370 4427 2574 4480 credam
2614 4427 2667 4480 in
2697 4443 2807 4481 eum
2829 4427 2855 4481 Ρ
2894 4426 3141 4498 Optantis
3164 4444 3227 4485 ae
3256 4430 3599 4489 vehementer

2013 4516 2369 4573 desiderantis
2390 4517 2631 4573 verbum.
2656 4517 2757 4572 Pro
2778 4533 2883 4589 quo
2903 4528 3045 4573 tanta
3069 4520 3317 4591 loquutus
3338 4533 3440 4588 est,
3462 4523 3601 4580 hunc

2016 4608 2240 4678 ignorat,
2260 4616 2317 4663 ut
2336 4608 2512 4664 discas
2533 4624 2690 4680 quam
2712 4611 2949 4665 veritatis
2968 4626 3152 4666 amans
3171 4623 3333 4669 esset.
3357 4613 3601 4671 Nondum

2015 4701 2156 4754 enim
2189 4699 2362 4769 ipsum
2402 4700 2627 4756 viderat.
2657 4701 2742 4756 57.
2773 4701 2911 4756 Dicit
2952 4704 2996 4756 ei
3026 4718 3045 4756 :
3079 4702 3140 4756 Et
3178 4704 3347 4759 vidisti
3386 4722 3519 4774 etim,
3558 4715 3601 4761 et

2015 4792 2100 4860 qui
2125 4792 2347 4862 loquitur
2375 4801 2576 4859 tecum,
2606 4791 2691 4846 ille
2716 4802 2807 4848 est.
2837 4792 2950 4847 Non
2980 4793 3147 4859 dixit,
3180 4794 3290 4865 Ego
3315 4810 3431 4850 sum
3457 4838 3471 4863 ,
3510 4798 3602 4851 sed

2018 4882 2294 4937 remissius
2322 4882 2498 4938 adhuc
2518 4924 2534 4949 ,
2584 4882 2651 4936 Et
2681 4883 2848 4939 vidisti
2878 4900 3007 4937 eum.
3050 4882 3182 4941 Illud
3213 4883 3389 4940 adhuc
3414 4887 3607 4942 obscu~

2020 4990 2135 5027 rum
2164 4984 2308 5040 erat;
2342 4974 2462 5029 ideo
2485 4975 2681 5029 clarius
2710 4974 2875 5037 addit,
2908 4974 3005 5038 Qui
3028 4973 3252 5043 loquitur
3281 4987 3438 5029 tecum
3463 5017 3478 5043 ,
3518 4976 3609 5029 ille

2021 5074 2114 5122 est.
2153 5064 2447 5136 Respondit
2480 5064 2570 5120 ille
2598 5083 2613 5120 :
2640 5065 2728 5120 58.
2772 5063 2968 5131 Credo,
3020 5064 3231 5119 Domine
3266 5075 3353 5119 :et
3380 5067 3608 5131 adoravit

2021 5173 2133 5210 enm
2158 5158 2348 5210 statim.
2377 5155 2560 5226 Neque
2588 5154 2751 5219 dixit,
2801 5154 2913 5224 Ego
2938 5170 3055 5209 sum
3087 5155 3175 5225 qui
3203 5155 3384 5210 sanavi
3417 5165 3488 5221 te,
3518 5157 3608 5227 qui

2022 5248 2129 5303 dixi
2161 5249 2277 5315 tibi,
2315 5248 2479 5312 Vade,
2508 5248 2683 5301 lavare
2710 5247 2759 5299 in
2791 5246 2938 5301 Siloe
2964 5264 2976 5299 :
3002 5245 3096 5301 sed
3130 5246 3212 5301 his
3234 5247 3448 5302 silentio
3474 5249 3610 5304 Inis-

2024 5338 2098 5393 εἰς
2121 5377 2138 5405 ,
2186 5337 2259 5391 ait
2284 5354 2296 5391 :
2321 5336 2495 5391 Credis
2523 5336 2575 5389 in
2606 5334 2798 5388 Filium
2836 5333 2972 5388 Dei?
3004 5334 3205 5391 Deinde
3237 5336 3352 5403 ille,
3387 5337 3610 5392 multum

2025 5430 2284 5486 exhibens
2309 5429 2553 5483 affectum
2582 5469 2597 5494 ,
2640 5429 2816 5483 statim
2848 5428 3089 5483 adoravit
3112 5445 3233 5484 eum
3258 5431 3429 5501 :quod
3458 5430 3610 5501 pauci

2025 5537 2090 5577 ex
2124 5522 2189 5576 iis
2213 5520 2301 5591 qui
2332 5520 2501 5574 curati
2540 5527 2663 5573 sunt
2683 5558 2698 5585 ,
2735 5517 3011 5587 fecerunt,
3042 5531 3101 5577 ut
3126 5521 3322 5592 leprosi
3351 5521 3462 5589 illi,
3489 5530 3543 5577 et
3568 5523 3611 5576 si

2024 5613 2115 5685 qui
2154 5612 2281 5668 alii:
2307 5612 2430 5666 hinc
2472 5611 2706 5667 ostendit
2742 5610 2977 5666 divinam
3026 5627 3176 5668 suam
3227 5613 3499 5668 virtutem.
3536 5612 3616 5669 Ne

2026 5707 2146 5776 quis
2172 5706 2315 5762 enim
2339 5712 2546 5775 putaret
2568 5703 2683 5761 haec
2704 5703 2866 5760 verba
2893 5714 3097 5760 tantum
3124 5719 3264 5772 esse,
3289 5705 3461 5776 ipsum
3483 5721 3617 5776 Opus

2031 5800 2253 5856 addidit.
2305 5797 2400 5852 Illo
2442 5806 2619 5855 autem
2668 5796 2962 5866 adorante,
3009 5796 3081 5853 ait
3121 5794 3503 5853 Christuszs‘J
3558 5797 3619 5848 in
