  <div class='ocr_page' id='page_1' title='image "/cluster/home/n/w/nwhite01/storage/ocr_20150623/59/hvd.32044052786589/325.png"; bbox 0 0 3984 6196; ppageno 0'>
   <div class='ocr_carea' id='block_1_1' title="bbox 477 375 585 434">
    <p class='ocr_par' dir='ltr' id='par_1_1' title="bbox 477 375 585 434">
     <span class='ocr_line' id='line_1_1' title="bbox 477 375 585 434; baseline -0.019 0"><span class='ocrx_word' id='word_1_1' title='bbox 477 375 585 434; x_wconf 63' lang='grc'><strong><em>313</em></strong></span> 
     </span>
    </p>
   </div>
   <div class='ocr_carea' id='block_1_2' title="bbox 473 462 2055 560">
    <p class='ocr_par' dir='ltr' id='par_1_2' title="bbox 473 462 2055 560">
     <span class='ocr_line' id='line_1_2' title="bbox 473 462 2055 560; baseline -0.02 -16"><span class='ocrx_word' id='word_1_2' title='bbox 473 486 720 560; x_wconf 73' lang='lat' dir='ltr'><strong><em>judicium</em></strong></span> <span class='ocrx_word' id='word_1_3' title='bbox 749 498 838 552; x_wconf 87' lang='lat' dir='ltr'><strong><em>ego</em></strong></span> <span class='ocrx_word' id='word_1_4' title='bbox 866 477 976 533; x_wconf 78' lang='lat' dir='ltr'><strong><em>veni</em></strong></span> <span class='ocrx_word' id='word_1_5' title='bbox 1003 475 1052 529; x_wconf 89' lang='lat' dir='ltr'><strong><em>in</em></strong></span> <span class='ocrx_word' id='word_1_6' title='bbox 1084 474 1351 535; x_wconf 83' lang='lat' dir='ltr'><strong><em>mundum,</em></strong></span> <span class='ocrx_word' id='word_1_7' title='bbox 1381 483 1555 525; x_wconf 88' lang='lat' dir='ltr'><strong><em>utnon</em></strong></span> <span class='ocrx_word' id='word_1_8' title='bbox 1579 468 1795 524; x_wconf 83' lang='lat' dir='ltr'><strong><em>videntes</em></strong></span> <span class='ocrx_word' id='word_1_9' title='bbox 1826 462 2055 523; x_wconf 77' lang='lat' dir='ltr'><strong><em>rideant,</em></strong></span> 
     </span>
    </p>
   </div>
   <div class='ocr_carea' id='block_1_3' title="bbox 478 550 2060 649">
    <p class='ocr_par' dir='ltr' id='par_1_3' title="bbox 478 550 2060 649">
     <span class='ocr_line' id='line_1_3' title="bbox 478 550 2060 649; baseline -0.018 -16"><span class='ocrx_word' id='word_1_10' title='bbox 478 550 527 634; x_wconf 68' lang='grc' dir='ltr'><strong><em>ζει</em></strong></span> <span class='ocrx_word' id='word_1_11' title='bbox 559 578 644 649; x_wconf 86' lang='lat' dir='ltr'><strong><em>qui</em></strong></span> <span class='ocrx_word' id='word_1_12' title='bbox 672 550 874 638; x_wconf 74' lang='lat' dir='ltr'><strong><em>vident,</em></strong></span> <span class='ocrx_word' id='word_1_13' title='bbox 913 570 1032 625; x_wconf 68' lang='lat' dir='ltr'><strong><em>caeci</em></strong></span> <span class='ocrx_word' id='word_1_14' title='bbox 1062 569 1204 637; x_wconf 81' lang='lat' dir='ltr'><strong><em>ﬁant.</em></strong></span> <span class='ocrx_word' id='word_1_15' title='bbox 1252 564 1481 634; x_wconf 87' lang='lat' dir='ltr'><strong><em>Idipsutn</em></strong></span> <span class='ocrx_word' id='word_1_16' title='bbox 1512 560 1705 616; x_wconf 69' lang='lat' dir='ltr'><strong><em>cautus</em></strong></span> <span class='ocrx_word' id='word_1_17' title='bbox 1732 556 1895 611; x_wconf 90' lang='lat' dir='ltr'><strong><em>dicit:</em></strong></span> <span class='ocrx_word' id='word_1_18' title='bbox 1924 550 2060 619; x_wconf 82' lang='lat' dir='ltr'><strong><em>Quid</em></strong></span> 
     </span>
    </p>
   </div>
   <div class='ocr_carea' id='block_1_4' title="bbox 478 645 2058 738">
    <p class='ocr_par' dir='ltr' id='par_1_4' title="bbox 478 645 2058 738">
     <span class='ocr_line' id='line_1_4' title="bbox 478 645 2058 738; baseline -0.019 -14"><span class='ocrx_word' id='word_1_19' title='bbox 478 645 599 738; x_wconf 80' lang='lat' dir='ltr'><strong><em>ergo</em></strong></span> <span class='ocrx_word' id='word_1_20' title='bbox 643 663 898 720; x_wconf 79' lang='lat' dir='ltr'><strong><em>dicimus?</em></strong></span> <span class='ocrx_word' id='word_1_21' title='bbox 934 660 1082 726; x_wconf 83' lang='lat' dir='ltr'><strong><em>Quod</em></strong></span> <span class='ocrx_word' id='word_1_22' title='bbox 1128 666 1293 729; x_wconf 88' lang='lat' dir='ltr'><strong><em>gentes</em></strong></span> <span class='ocrx_word' id='word_1_23' title='bbox 1338 671 1440 709; x_wconf 89' lang='lat' dir='ltr'><strong><em>non</em></strong></span> <span class='ocrx_word' id='word_1_24' title='bbox 1486 659 1740 721; x_wconf 84' lang='lat' dir='ltr'><strong><em>sequentes</em></strong></span> <span class='ocrx_word' id='word_1_25' title='bbox 1774 645 2058 717; x_wconf 72' lang='lat' dir='ltr'><strong><em>justitiam,</em></strong></span> 
     </span>
    </p>
   </div>
   <div class='ocr_carea' id='block_1_5' title="bbox 480 732 2062 826">
    <p class='ocr_par' dir='ltr' id='par_1_5' title="bbox 480 732 2062 826">
     <span class='ocr_line' id='line_1_5' title="bbox 480 732 2062 826; baseline -0.017 -14"><span class='ocrx_word' id='word_1_26' title='bbox 480 732 779 826; x_wconf 67' lang='lat' dir='ltr'><strong><em>acceperunt</em></strong></span> <span class='ocrx_word' id='word_1_27' title='bbox 815 752 1099 824; x_wconf 77' lang='lat' dir='ltr'><strong><em>justitiam,</em></strong></span> <span class='ocrx_word' id='word_1_28' title='bbox 1138 746 1391 819; x_wconf 76' lang='lat' dir='ltr'><strong><em>justitiam</em></strong></span> <span class='ocrx_word' id='word_1_29' title='bbox 1435 751 1600 796; x_wconf 88' lang='lat' dir='ltr'><strong><em>autem</em></strong></span> <span class='ocrx_word' id='word_1_30' title='bbox 1629 753 1740 809; x_wconf 71' lang='lat' dir='ltr'><strong><em>quia</em></strong></span> <span class='ocrx_word' id='word_1_31' title='bbox 1767 745 1927 791; x_wconf 77' lang='lat' dir='ltr'><strong><em>estea:</em></strong></span> <span class='ocrx_word' id='word_1_32' title='bbox 1961 732 2062 801; x_wconf 79' lang='lat' dir='ltr'><strong><em>ﬁde</em></strong></span> 
     </span>
    </p>
   </div>
   <div class='ocr_carea' id='block_1_6' title="bbox 483 825 2064 907">
    <p class='ocr_par' dir='ltr' id='par_1_6' title="bbox 483 825 2064 907">
     <span class='ocr_line' id='line_1_6' title="bbox 483 825 2064 907; baseline -0.018 -5"><span class='ocrx_word' id='word_1_33' title='bbox 483 825 609 901; x_wconf 73' lang='lat' dir='ltr'><strong><em>Iesu</em></strong></span> <span class='ocrx_word' id='word_1_34' title='bbox 640 862 659 899; x_wconf 92' lang='lat'><strong><em>:</em></strong></span> <span class='ocrx_word' id='word_1_35' title='bbox 685 844 846 898; x_wconf 85' lang='lat' dir='ltr'><strong><em>Israel</em></strong></span> <span class='ocrx_word' id='word_1_36' title='bbox 886 851 1049 894; x_wconf 89' lang='lat' dir='ltr'><strong><em>autem</em></strong></span> <span class='ocrx_word' id='word_1_37' title='bbox 1098 852 1306 907; x_wconf 81' lang='lat' dir='ltr'><strong><em>sequens</em></strong></span> <span class='ocrx_word' id='word_1_38' title='bbox 1345 835 1504 905; x_wconf 85' lang='lat' dir='ltr'><strong><em>legem</em></strong></span> <span class='ocrx_word' id='word_1_39' title='bbox 1538 830 1787 902; x_wconf 68' lang='lat' dir='ltr'><strong><em>jnstitiaz,</em></strong></span> <span class='ocrx_word' id='word_1_40' title='bbox 1826 827 1879 879; x_wconf 90' lang='lat' dir='ltr'><strong><em>in</em></strong></span> <span class='ocrx_word' id='word_1_41' title='bbox 1908 825 2064 893; x_wconf 87' lang='lat' dir='ltr'><strong><em>legem</em></strong></span> 
     </span>
    </p>
   </div>
   <div class='ocr_carea' id='block_1_7' title="bbox 480 914 2066 1005">
    <p class='ocr_par' dir='ltr' id='par_1_7' title="bbox 480 914 2066 1005">
     <span class='ocr_line' id='line_1_7' title="bbox 480 914 2066 1005; baseline -0.019 -10"><span class='ocrx_word' id='word_1_42' title='bbox 480 936 695 1005; x_wconf 71' lang='lat' dir='ltr'><strong><em>iustitia:</em></strong></span> <span class='ocrx_word' id='word_1_43' title='bbox 720 950 818 989; x_wconf 91' lang='lat' dir='ltr'><strong><em>non</em></strong></span> <span class='ocrx_word' id='word_1_44' title='bbox 848 932 974 987; x_wconf 82' lang='lat' dir='ltr'><strong><em>venit</em></strong></span> <span class='ocrx_word' id='word_1_45' title='bbox 1002 930 1178 999; x_wconf 83' lang='lat' dir='ltr'><strong><em>(Rom.</em></strong></span> <span class='ocrx_word' id='word_1_46' title='bbox 1225 926 1279 980; x_wconf 91' lang='lat'><strong><em>9.</em></strong></span> <span class='ocrx_word' id='word_1_47' title='bbox 1317 924 1430 993; x_wconf 80' lang='grc'><strong><em>50).</em></strong></span> <span class='ocrx_word' id='word_1_48' title='bbox 1460 921 1591 977; x_wconf 91' lang='lat' dir='ltr'><strong><em>Cum</em></strong></span> <span class='ocrx_word' id='word_1_49' title='bbox 1636 918 1770 972; x_wconf 93' lang='lat' dir='ltr'><strong><em>dixit</em></strong></span> <span class='ocrx_word' id='word_1_50' title='bbox 1797 914 2066 974; x_wconf 80' lang='lat' dir='ltr'><strong><em>Christus,</em></strong></span> 
     </span>
    </p>
   </div>
   <div class='ocr_carea' id='block_1_8' title="bbox 486 1008 2068 1100">
    <p class='ocr_par' dir='ltr' id='par_1_8' title="bbox 486 1008 2068 1100">
     <span class='ocr_line' id='line_1_8' title="bbox 486 1008 2068 1100; baseline -0.016 -16"><span class='ocrx_word' id='word_1_51' title='bbox 486 1029 554 1084; x_wconf 82' lang='lat' dir='ltr'><strong><em>In</em></strong></span> <span class='ocrx_word' id='word_1_52' title='bbox 573 1029 825 1100; x_wconf 78' lang='lat' dir='ltr'><strong><em>justitiam</em></strong></span> <span class='ocrx_word' id='word_1_53' title='bbox 847 1025 956 1078; x_wconf 88' lang='lat' dir='ltr'><strong><em>veni</em></strong></span> <span class='ocrx_word' id='word_1_54' title='bbox 981 1025 1032 1077; x_wconf 89' lang='lat' dir='ltr'><strong><em>in</em></strong></span> <span class='ocrx_word' id='word_1_55' title='bbox 1055 1024 1188 1075; x_wconf 78' lang='lat' dir='ltr'><strong><em>hunc</em></strong></span> <span class='ocrx_word' id='word_1_56' title='bbox 1214 1017 1457 1073; x_wconf 86' lang='lat' dir='ltr'><strong><em>mundum</em></strong></span> <span class='ocrx_word' id='word_1_57' title='bbox 1472 1033 1491 1080; x_wconf 89' lang='lat'><strong><em>;</em></strong></span> <span class='ocrx_word' id='word_1_58' title='bbox 1518 1021 1570 1069; x_wconf 89' lang='lat' dir='ltr'><strong><em>et</em></strong></span> <span class='ocrx_word' id='word_1_59' title='bbox 1596 1012 1743 1067; x_wconf 89' lang='lat' dir='ltr'><strong><em>illum</em></strong></span> <span class='ocrx_word' id='word_1_60' title='bbox 1772 1008 1893 1063; x_wconf 78' lang='lat' dir='ltr'><strong><em>fidei</em></strong></span> <span class='ocrx_word' id='word_1_61' title='bbox 1918 1016 2068 1060; x_wconf 77' lang='lat' dir='ltr'><strong><em>tena-</em></strong></span> 
     </span>
    </p>
   </div>
   <div class='ocr_carea' id='block_1_9' title="bbox 491 1097 2066 1181">
    <p class='ocr_par' dir='ltr' id='par_1_9' title="bbox 491 1097 2066 1181">
     <span class='ocr_line' id='line_1_9' title="bbox 491 1097 2066 1181; baseline -0.017 -6"><span class='ocrx_word' id='word_1_62' title='bbox 491 1097 690 1175; x_wconf 83' lang='lat' dir='ltr'><strong><em>ciorem</em></strong></span> <span class='ocrx_word' id='word_1_63' title='bbox 718 1116 890 1172; x_wconf 72' lang='lat' dir='ltr'><strong><em>cllecit</em></strong></span> <span class='ocrx_word' id='word_1_64' title='bbox 912 1155 929 1180; x_wconf 94' lang='lat'><strong><em>,</em></strong></span> <span class='ocrx_word' id='word_1_65' title='bbox 974 1123 1030 1169; x_wconf 91' lang='lat' dir='ltr'><strong><em>et</em></strong></span> <span class='ocrx_word' id='word_1_66' title='bbox 1068 1117 1351 1181; x_wconf 80' lang='lat' dir='ltr'><strong><em>sequentes</em></strong></span> <span class='ocrx_word' id='word_1_67' title='bbox 1376 1122 1435 1162; x_wconf 90' lang='lat' dir='ltr'><strong><em>se</em></strong></span> <span class='ocrx_word' id='word_1_68' title='bbox 1461 1102 1711 1160; x_wconf 90' lang='lat' dir='ltr'><strong><em>excitavit</em></strong></span> <span class='ocrx_word' id='word_1_69' title='bbox 1736 1120 1748 1156; x_wconf 94' lang='lat'>:</span> <span class='ocrx_word' id='word_1_70' title='bbox 1775 1114 1897 1155; x_wconf 90' lang='lat' dir='ltr'><strong><em>nam</em></strong></span> <span class='ocrx_word' id='word_1_71' title='bbox 1924 1097 2066 1153; x_wconf 86' lang='lat' dir='ltr'><strong><em>Pha-</em></strong></span> 
     </span>
    </p>
   </div>
   <div class='ocr_carea' id='block_1_10' title="bbox 489 1189 2067 1277">
    <p class='ocr_par' dir='ltr' id='par_1_10' title="bbox 489 1189 2067 1277">
     <span class='ocr_line' id='line_1_10' title="bbox 489 1189 2067 1277; baseline -0.016 -12"><span class='ocrx_word' id='word_1_72' title='bbox 489 1211 629 1265; x_wconf 71' lang='lat' dir='ltr'><strong><em>riszei</em></strong></span> <span class='ocrx_word' id='word_1_73' title='bbox 661 1207 1018 1277; x_wconf 83' lang='lat' dir='ltr'><strong><em>sequebantur</em></strong></span> <span class='ocrx_word' id='word_1_74' title='bbox 1045 1204 1225 1266; x_wconf 92' lang='lat' dir='ltr'><strong><em>illum,</em></strong></span> <span class='ocrx_word' id='word_1_75' title='bbox 1270 1200 1335 1252; x_wconf 88' lang='lat' dir='ltr'><strong><em>lu</em></strong></span> <span class='ocrx_word' id='word_1_76' title='bbox 1369 1197 1622 1267; x_wconf 84' lang='lat' dir='ltr'><strong><em>judicium</em></strong></span> <span class='ocrx_word' id='word_1_77' title='bbox 1666 1205 1825 1263; x_wconf 88' lang='lat' dir='ltr'><strong><em>porro</em></strong></span> <span class='ocrx_word' id='word_1_78' title='bbox 1853 1198 1967 1255; x_wconf 90' lang='lat' dir='ltr'><strong><em>est,</em></strong></span> <span class='ocrx_word' id='word_1_79' title='bbox 2014 1189 2067 1241; x_wconf 92' lang='lat' dir='ltr'><strong><em>in</em></strong></span> 
     </span>
    </p>
   </div>
   <div class='ocr_carea' id='block_1_11' title="bbox 493 1284 2066 1369">
    <p class='ocr_par' dir='ltr' id='par_1_11' title="bbox 493 1284 2066 1369">
     <span class='ocr_line' id='line_1_11' title="bbox 493 1284 2066 1369; baseline -0.014 -14"><span class='ocrx_word' id='word_1_80' title='bbox 493 1301 666 1369; x_wconf 81' lang='lat' dir='ltr'><strong><em>majus</em></strong></span> <span class='ocrx_word' id='word_1_81' title='bbox 697 1297 1049 1367; x_wconf 82' lang='lat' dir='ltr'><strong><em>supplicium;</em></strong></span> <span class='ocrx_word' id='word_1_82' title='bbox 1095 1291 1382 1347; x_wconf 90' lang='lat' dir='ltr'><strong><em>ostendens</em></strong></span> <span class='ocrx_word' id='word_1_83' title='bbox 1406 1304 1499 1342; x_wconf 88' lang='lat' dir='ltr'><strong><em>eos</em></strong></span> <span class='ocrx_word' id='word_1_84' title='bbox 1524 1287 1614 1356; x_wconf 89' lang='lat' dir='ltr'><strong><em>qui</em></strong></span> <span class='ocrx_word' id='word_1_85' title='bbox 1643 1299 1702 1340; x_wconf 91' lang='lat' dir='ltr'><strong><em>se</em></strong></span> <span class='ocrx_word' id='word_1_86' title='bbox 1724 1284 2066 1346; x_wconf 79' lang='lat' dir='ltr'><strong><em>damnarent,</em></strong></span> 
     </span>
    </p>
   </div>
   <div class='ocr_carea' id='block_1_12' title="bbox 490 1376 2068 1455">
    <p class='ocr_par' dir='ltr' id='par_1_12' title="bbox 490 1376 2068 1455">
     <span class='ocr_line' id='line_1_12' title="bbox 490 1376 2068 1455; baseline -0.014 -8"><span class='ocrx_word' id='word_1_87' title='bbox 490 1408 611 1447; x_wconf 84' lang='lat' dir='ltr'><strong><em>esse</em></strong></span> <span class='ocrx_word' id='word_1_88' title='bbox 640 1390 946 1453; x_wconf 89' lang='lat' dir='ltr'><strong><em>damnatos,</em></strong></span> <span class='ocrx_word' id='word_1_89' title='bbox 976 1394 1030 1441; x_wconf 91' lang='lat' dir='ltr'><strong><em>et</em></strong></span> <span class='ocrx_word' id='word_1_90' title='bbox 1054 1385 1143 1455; x_wconf 92' lang='lat' dir='ltr'><strong><em>qui</em></strong></span> <span class='ocrx_word' id='word_1_91' title='bbox 1171 1399 1228 1439; x_wconf 89' lang='lat' dir='ltr'><strong><em>se</em></strong></span> <span class='ocrx_word' id='word_1_92' title='bbox 1254 1391 1586 1452; x_wconf 89' lang='lat' dir='ltr'><strong><em>peccatorem</em></strong></span> <span class='ocrx_word' id='word_1_93' title='bbox 1628 1376 2068 1447; x_wconf 88' lang='lat' dir='ltr'><strong><em>pronuntiarent,</em></strong></span> 
     </span>
    </p>
   </div>
   <div class='ocr_carea' id='block_1_13' title="bbox 490 1464 2072 1552">
    <p class='ocr_par' dir='ltr' id='par_1_13' title="bbox 490 1464 2072 1552">
     <span class='ocr_line' id='line_1_13' title="bbox 490 1464 2072 1552; baseline -0.013 -16"><span class='ocrx_word' id='word_1_94' title='bbox 490 1486 638 1552; x_wconf 85' lang='lat' dir='ltr'><strong><em>ipsos</em></strong></span> <span class='ocrx_word' id='word_1_95' title='bbox 668 1496 789 1536; x_wconf 90' lang='lat' dir='ltr'><strong><em>esse</em></strong></span> <span class='ocrx_word' id='word_1_96' title='bbox 816 1487 1032 1550; x_wconf 91' lang='lat' dir='ltr'><strong><em>peccato</em></strong></span> <span class='ocrx_word' id='word_1_97' title='bbox 1062 1474 1341 1529; x_wconf 87' lang='lat' dir='ltr'><strong><em>obnoxios.</em></strong></span> <span class='ocrx_word' id='word_1_98' title='bbox 1368 1472 1462 1526; x_wconf 88' lang='lat' dir='ltr'><strong><em>llic</em></strong></span> <span class='ocrx_word' id='word_1_99' title='bbox 1486 1484 1614 1525; x_wconf 85' lang='lat' dir='ltr'><strong><em>vero</em></strong></span> <span class='ocrx_word' id='word_1_100' title='bbox 1637 1467 1903 1536; x_wconf 85' lang='lat' dir='ltr'><strong><em>duplicem</em></strong></span> <span class='ocrx_word' id='word_1_101' title='bbox 1926 1464 2072 1517; x_wconf 88' lang='lat' dir='ltr'><strong><em>visus</em></strong></span> 
     </span>
    </p>
   </div>
   <div class='ocr_carea' id='block_1_14' title="bbox 494 1551 2073 1636">
    <p class='ocr_par' dir='ltr' id='par_1_14' title="bbox 494 1551 2073 1636">
     <span class='ocr_line' id='line_1_14' title="bbox 494 1551 2073 1636; baseline -0.015 -8"><span class='ocrx_word' id='word_1_102' title='bbox 494 1551 882 1628; x_wconf 83' lang='lat' dir='ltr'><strong><em>restitutionem</em></strong></span> <span class='ocrx_word' id='word_1_103' title='bbox 911 1578 963 1624; x_wconf 91' lang='lat' dir='ltr'><strong><em>et</em></strong></span> <span class='ocrx_word' id='word_1_104' title='bbox 983 1567 1246 1636; x_wconf 89' lang='lat' dir='ltr'><strong><em>duplicem</em></strong></span> <span class='ocrx_word' id='word_1_105' title='bbox 1273 1563 1565 1618; x_wconf 67' lang='lat' dir='ltr'><strong><em>emeitatem</em></strong></span> <span class='ocrx_word' id='word_1_106' title='bbox 1594 1565 1873 1619; x_wconf 88' lang='lat' dir='ltr'><strong><em>memorat,</em></strong></span> <span class='ocrx_word' id='word_1_107' title='bbox 1903 1551 2073 1607; x_wconf 89' lang='lat' dir='ltr'><strong><em>sensi-</em></strong></span> 
     </span>
    </p>
   </div>
   <div class='ocr_carea' id='block_1_15' title="bbox 495 1642 2071 1731">
    <p class='ocr_par' dir='ltr' id='par_1_15' title="bbox 495 1642 2071 1731">
     <span class='ocr_line' id='line_1_15' title="bbox 495 1642 2071 1731; baseline -0.016 -12"><span class='ocrx_word' id='word_1_108' title='bbox 495 1663 656 1719; x_wconf 88' lang='lat' dir='ltr'><strong><em>bilem</em></strong></span> <span class='ocrx_word' id='word_1_109' title='bbox 685 1675 877 1731; x_wconf 85' lang='lat' dir='ltr'><strong><em>nempe</em></strong></span> <span class='ocrx_word' id='word_1_110' title='bbox 901 1700 916 1727; x_wconf 90' lang='lat'><strong><em>,</em></strong></span> <span class='ocrx_word' id='word_1_111' title='bbox 954 1666 1007 1712; x_wconf 90' lang='lat' dir='ltr'><strong><em>et</em></strong></span> <span class='ocrx_word' id='word_1_112' title='bbox 1033 1654 1381 1727; x_wconf 89' lang='lat' dir='ltr'><strong><em>spiritualem.</em></strong></span> <span class='ocrx_word' id='word_1_113' title='bbox 1408 1652 1542 1706; x_wconf 88' lang='lat' dir='ltr'><strong><em>Tum</em></strong></span> <span class='ocrx_word' id='word_1_114' title='bbox 1569 1650 1752 1703; x_wconf 90' lang='lat' dir='ltr'><strong><em>dicunt</em></strong></span> <span class='ocrx_word' id='word_1_115' title='bbox 1782 1646 1830 1702; x_wconf 91' lang='lat' dir='ltr'><strong><em>ei</em></strong></span> <span class='ocrx_word' id='word_1_116' title='bbox 1857 1642 2071 1731; x_wconf 83' lang='lat' dir='ltr'><strong><em>quidam</em></strong></span> 
     </span>
    </p>
   </div>
   <div class='ocr_carea' id='block_1_16' title="bbox 490 1727 2077 1816">
    <p class='ocr_par' dir='ltr' id='par_1_16' title="bbox 490 1727 2077 1816">
     <span class='ocr_line' id='line_1_16' title="bbox 490 1727 2077 1816; baseline -0.014 -13"><span class='ocrx_word' id='word_1_117' title='bbox 490 1765 552 1805; x_wconf 87' lang='lat' dir='ltr'><strong><em>ex</em></strong></span> <span class='ocrx_word' id='word_1_118' title='bbox 605 1727 967 1816; x_wconf 78' lang='lat' dir='ltr'><strong><em>sequentibus</em></strong></span> <span class='ocrx_word' id='word_1_119' title='bbox 996 1758 1011 1795; x_wconf 90' lang='lat'><strong>:</strong></span> <span class='ocrx_word' id='word_1_120' title='bbox 1044 1740 1134 1794; x_wconf 73' lang='grc'><strong><em>40.</em></strong></span> <span class='ocrx_word' id='word_1_121' title='bbox 1167 1734 1441 1807; x_wconf 82' lang='lat' dir='ltr'><strong><em>Numquid</em></strong></span> <span class='ocrx_word' id='word_1_122' title='bbox 1480 1743 1530 1787; x_wconf 87' lang='lat' dir='ltr'><strong><em>et</em></strong></span> <span class='ocrx_word' id='word_1_123' title='bbox 1560 1750 1654 1788; x_wconf 89' lang='lat' dir='ltr'><strong><em>nos</em></strong></span> <span class='ocrx_word' id='word_1_124' title='bbox 1697 1734 1822 1788; x_wconf 73' lang='grc' dir='ltr'><strong><em>ειεσὶ</em></strong></span> <span class='ocrx_word' id='word_1_125' title='bbox 1854 1727 2077 1786; x_wconf 73' lang='lat' dir='ltr'><strong><em>sumus?</em></strong></span> 
     </span>
    </p>
   </div>
   <div class='ocr_carea' id='block_1_17' title="bbox 494 1826 2076 1897">
    <p class='ocr_par' dir='ltr' id='par_1_17' title="bbox 494 1826 2076 1897">
     <span class='ocr_line' id='line_1_17' title="bbox 494 1826 2076 1897; baseline -0.013 -4"><span class='ocrx_word' id='word_1_126' title='bbox 494 1839 557 1893; x_wconf 80' lang='lat' dir='ltr'><strong><em>Et</em></strong></span> <span class='ocrx_word' id='word_1_127' title='bbox 580 1846 640 1893; x_wconf 89' lang='lat' dir='ltr'><strong><em>ut</em></strong></span> <span class='ocrx_word' id='word_1_128' title='bbox 668 1836 795 1892; x_wconf 91' lang='lat' dir='ltr'><strong><em>alibi</em></strong></span> <span class='ocrx_word' id='word_1_129' title='bbox 824 1834 1100 1897; x_wconf 84' lang='lat' dir='ltr'><strong><em>dicebant,</em></strong></span> <span class='ocrx_word' id='word_1_130' title='bbox 1132 1828 1347 1884; x_wconf 87' lang='lat' dir='ltr'><strong><em>Nemini</em></strong></span> <span class='ocrx_word' id='word_1_131' title='bbox 1372 1826 1679 1882; x_wconf 73' lang='lat' dir='ltr'><strong><em>seruiuimus</em></strong></span> <span class='ocrx_word' id='word_1_132' title='bbox 1704 1839 1970 1894; x_wconf 84' lang='lat' dir='ltr'><strong><em>unquam;</em></strong></span> <span class='ocrx_word' id='word_1_133' title='bbox 1999 1828 2076 1887; x_wconf 88' lang='lat' dir='ltr'><strong><em>et,</em></strong></span> 
     </span>
    </p>
   </div>
   <div class='ocr_carea' id='block_1_18' title="bbox 494 1910 2077 1997">
    <p class='ocr_par' dir='ltr' id='par_1_18' title="bbox 494 1910 2077 1997">
     <span class='ocr_line' id='line_1_18' title="bbox 494 1910 2077 1997; baseline -0.013 -12"><span class='ocrx_word' id='word_1_134' title='bbox 494 1930 618 1986; x_wconf 76' lang='lat' dir='ltr'><strong><em>Non</em></strong></span> <span class='ocrx_word' id='word_1_135' title='bbox 651 1944 715 1984; x_wconf 78' lang='lat' dir='ltr'><strong><em>ea:</em></strong></span> <span class='ocrx_word' id='word_1_136' title='bbox 755 1927 1106 1997; x_wconf 74' lang='lat' dir='ltr'><strong><em>fornicatione</em></strong></span> <span class='ocrx_word' id='word_1_137' title='bbox 1138 1924 1252 1979; x_wconf 89' lang='lat' dir='ltr'><strong><em>nati</em></strong></span> <span class='ocrx_word' id='word_1_138' title='bbox 1287 1937 1470 1977; x_wconf 90' lang='lat' dir='ltr'><strong><em>sumus</em></strong></span> <span class='ocrx_word' id='word_1_139' title='bbox 1510 1916 1693 1972; x_wconf 80' lang='lat' dir='ltr'><strong><em>lJoan.</em></strong></span> <span class='ocrx_word' id='word_1_140' title='bbox 1724 1916 1778 1971; x_wconf 89' lang='lat'><strong><em>8.</em></strong></span> <span class='ocrx_word' id='word_1_141' title='bbox 1813 1916 1904 1970; x_wconf 75' lang='lat'><strong><em>55.</em></strong></span> <span class='ocrx_word' id='word_1_142' title='bbox 1940 1910 2028 1984; x_wconf 74' lang='grc' dir='ltr'><strong><em>Μ)</em></strong></span> <span class='ocrx_word' id='word_1_143' title='bbox 2061 1926 2077 1963; x_wconf 88' lang='lat'><strong>:</strong></span> 
     </span>
    </p>
   </div>
   <div class='ocr_carea' id='block_1_19' title="bbox 500 2005 2077 2077">
    <p class='ocr_par' dir='ltr' id='par_1_19' title="bbox 500 2005 2077 2077">
     <span class='ocr_line' id='line_1_19' title="bbox 500 2005 2077 2077; baseline -0.01 -2"><span class='ocrx_word' id='word_1_144' title='bbox 500 2023 572 2075; x_wconf 91' lang='lat' dir='ltr'><strong><em>ita</em></strong></span> <span class='ocrx_word' id='word_1_145' title='bbox 601 2030 653 2077; x_wconf 90' lang='lat' dir='ltr'><strong><em>et</em></strong></span> <span class='ocrx_word' id='word_1_146' title='bbox 684 2034 822 2075; x_wconf 91' lang='lat' dir='ltr'><strong><em>nunc</em></strong></span> <span class='ocrx_word' id='word_1_147' title='bbox 850 2016 1189 2073; x_wconf 86' lang='lat' dir='ltr'><strong><em>sensibilibus</em></strong></span> <span class='ocrx_word' id='word_1_148' title='bbox 1217 2022 1420 2068; x_wconf 91' lang='lat' dir='ltr'><strong><em>tantum</em></strong></span> <span class='ocrx_word' id='word_1_149' title='bbox 1447 2009 1673 2074; x_wconf 84' lang='lat' dir='ltr'><strong><em>inhiant,</em></strong></span> <span class='ocrx_word' id='word_1_150' title='bbox 1699 2017 1753 2063; x_wconf 90' lang='lat' dir='ltr'><strong><em>et</em></strong></span> <span class='ocrx_word' id='word_1_151' title='bbox 1782 2006 1936 2076; x_wconf 82' lang='lat' dir='ltr'><strong><em>hujus</em></strong></span> <span class='ocrx_word' id='word_1_152' title='bbox 1959 2005 2077 2059; x_wconf 92' lang='lat' dir='ltr'><strong><em>illos</em></strong></span> 
     </span>
    </p>
   </div>
   <div class='ocr_carea' id='block_1_20' title="bbox 502 2100 2076 2184">
    <p class='ocr_par' dir='ltr' id='par_1_20' title="bbox 502 2100 2076 2184">
     <span class='ocr_line' id='line_1_20' title="bbox 502 2100 2076 2184; baseline -0.013 -13"><span class='ocrx_word' id='word_1_153' title='bbox 502 2114 734 2184; x_wconf 81' lang='lat' dir='ltr'><strong><em>pudebat</em></strong></span> <span class='ocrx_word' id='word_1_154' title='bbox 772 2110 1047 2167; x_wconf 64' lang='lat' dir='ltr'><strong><em>caecitatis.</em></strong></span> <span class='ocrx_word' id='word_1_155' title='bbox 1097 2106 1297 2163; x_wconf 84' lang='lat' dir='ltr'><strong><em>Deinde</em></strong></span> <span class='ocrx_word' id='word_1_156' title='bbox 1343 2104 1632 2160; x_wconf 89' lang='lat' dir='ltr'><strong><em>ostendens</em></strong></span> <span class='ocrx_word' id='word_1_157' title='bbox 1683 2100 1873 2155; x_wconf 88' lang='lat' dir='ltr'><strong><em>melius</em></strong></span> <span class='ocrx_word' id='word_1_158' title='bbox 1923 2112 2076 2164; x_wconf 90' lang='lat' dir='ltr'><strong><em>esse,</em></strong></span> 
     </span>
    </p>
   </div>
   <div class='ocr_carea' id='block_1_21' title="bbox 502 2189 2075 2277">
    <p class='ocr_par' dir='ltr' id='par_1_21' title="bbox 502 2189 2075 2277">
     <span class='ocr_line' id='line_1_21' title="bbox 502 2189 2075 2277; baseline -0.012 -18"><span class='ocrx_word' id='word_1_159' title='bbox 502 2209 647 2277; x_wconf 88' lang='lat' dir='ltr'><strong><em>ipsos</em></strong></span> <span class='ocrx_word' id='word_1_160' title='bbox 674 2218 794 2258; x_wconf 88' lang='lat' dir='ltr'><strong><em>esse</em></strong></span> <span class='ocrx_word' id='word_1_161' title='bbox 816 2215 988 2256; x_wconf 67' lang='lat' dir='ltr'><strong><em>caecos</em></strong></span> <span class='ocrx_word' id='word_1_162' title='bbox 1004 2213 1163 2270; x_wconf 91' lang='lat' dir='ltr'><strong><em>quam</em></strong></span> <span class='ocrx_word' id='word_1_163' title='bbox 1186 2196 1387 2262; x_wconf 89' lang='lat' dir='ltr'><strong><em>videre,</em></strong></span> <span class='ocrx_word' id='word_1_164' title='bbox 1406 2195 1479 2249; x_wconf 89' lang='lat' dir='ltr'><strong><em>ait</em></strong></span> <span class='ocrx_word' id='word_1_165' title='bbox 1504 2194 1625 2249; x_wconf 72' lang='grc' dir='ltr'><strong><em>εΗ.</em></strong></span> <span class='ocrx_word' id='word_1_166' title='bbox 1656 2192 1715 2247; x_wconf 89' lang='lat' dir='ltr'><strong><em>Si</em></strong></span> <span class='ocrx_word' id='word_1_167' title='bbox 1746 2190 1864 2245; x_wconf 78' lang='grc' dir='ltr'><strong><em>ι·ωεὶ</em></strong></span> <span class='ocrx_word' id='word_1_168' title='bbox 1888 2189 2075 2253; x_wconf 84' lang='lat' dir='ltr'><strong><em>essetis,</em></strong></span> 
     </span>
    </p>
   </div>
   <div class='ocr_carea' id='block_1_22' title="bbox 502 2284 2085 2365">
    <p class='ocr_par' dir='ltr' id='par_1_22' title="bbox 502 2284 2085 2365">
     <span class='ocr_line' id='line_1_22' title="bbox 502 2284 2085 2365; baseline -0.009 -14"><span class='ocrx_word' id='word_1_169' title='bbox 502 2315 603 2352; x_wconf 89' lang='lat' dir='ltr'><strong><em>non</em></strong></span> <span class='ocrx_word' id='word_1_170' title='bbox 628 2295 873 2350; x_wconf 74' lang='lat' dir='ltr'><strong><em>haberetis</em></strong></span> <span class='ocrx_word' id='word_1_171' title='bbox 903 2302 1179 2365; x_wconf 84' lang='lat' dir='ltr'><strong><em>peccatum.</em></strong></span> <span class='ocrx_word' id='word_1_172' title='bbox 1202 2290 1335 2345; x_wconf 88' lang='lat' dir='ltr'><strong><em>Cum</em></strong></span> <span class='ocrx_word' id='word_1_173' title='bbox 1361 2290 1715 2345; x_wconf 84' lang='lat' dir='ltr'><strong><em>calamitatem</em></strong></span> <span class='ocrx_word' id='word_1_174' title='bbox 1742 2286 1907 2348; x_wconf 85' lang='lat' dir='ltr'><strong><em>illam,</em></strong></span> <span class='ocrx_word' id='word_1_175' title='bbox 1936 2284 2085 2355; x_wconf 79' lang='lat' dir='ltr'><strong><em>igno-</em></strong></span> 
     </span>
    </p>
   </div>
   <div class='ocr_carea' id='block_1_23' title="bbox 505 2377 2085 2454">
    <p class='ocr_par' dir='ltr' id='par_1_23' title="bbox 505 2377 2085 2454">
     <span class='ocr_line' id='line_1_23' title="bbox 505 2377 2085 2454; baseline -0.009 -11"><span class='ocrx_word' id='word_1_176' title='bbox 505 2388 723 2443; x_wconf 80' lang='lat' dir='ltr'><strong><em>minium</em></strong></span> <span class='ocrx_word' id='word_1_177' title='bbox 753 2399 873 2440; x_wconf 89' lang='lat' dir='ltr'><strong><em>esse</em></strong></span> <span class='ocrx_word' id='word_1_178' title='bbox 902 2393 1146 2454; x_wconf 88' lang='lat' dir='ltr'><strong><em>putarent</em></strong></span> <span class='ocrx_word' id='word_1_179' title='bbox 1172 2424 1185 2448; x_wconf 90' lang='lat'><strong><em>,</em></strong></span> <span class='ocrx_word' id='word_1_180' title='bbox 1216 2381 1268 2437; x_wconf 92' lang='lat' dir='ltr'><strong><em>id</em></strong></span> <span class='ocrx_word' id='word_1_181' title='bbox 1300 2383 1350 2435; x_wconf 93' lang='lat' dir='ltr'><strong><em>in</em></strong></span> <span class='ocrx_word' id='word_1_182' title='bbox 1378 2383 1612 2452; x_wconf 91' lang='lat' dir='ltr'><strong><em>ipsorum</em></strong></span> <span class='ocrx_word' id='word_1_183' title='bbox 1636 2389 1793 2450; x_wconf 91' lang='lat' dir='ltr'><strong><em>caput</em></strong></span> <span class='ocrx_word' id='word_1_184' title='bbox 1822 2377 2085 2433; x_wconf 91' lang='lat' dir='ltr'><strong><em>convertit</em></strong></span> 
     </span>
    </p>
   </div>
   <div class='ocr_carea' id='block_1_24' title="bbox 508 2468 2082 2543">
    <p class='ocr_par' dir='ltr' id='par_1_24' title="bbox 508 2468 2082 2543">
     <span class='ocr_line' id='line_1_24' title="bbox 508 2468 2082 2543; baseline -0.008 -10"><span class='ocrx_word' id='word_1_185' title='bbox 508 2480 692 2535; x_wconf 86' lang='lat' dir='ltr'><strong><em>dicens</em></strong></span> <span class='ocrx_word' id='word_1_186' title='bbox 712 2518 727 2543; x_wconf 89' lang='lat'><strong><em>,</em></strong></span> <span class='ocrx_word' id='word_1_187' title='bbox 777 2476 890 2531; x_wconf 82' lang='lat' dir='ltr'><strong><em>Hoc</em></strong></span> <span class='ocrx_word' id='word_1_188' title='bbox 919 2475 1070 2530; x_wconf 89' lang='lat' dir='ltr'><strong><em>vobis</em></strong></span> <span class='ocrx_word' id='word_1_189' title='bbox 1118 2474 1443 2529; x_wconf 88' lang='lat' dir='ltr'><strong><em>tolerabilius</em></strong></span> <span class='ocrx_word' id='word_1_190' title='bbox 1472 2472 1720 2527; x_wconf 82' lang='lat' dir='ltr'><strong><em>redderet</em></strong></span> <span class='ocrx_word' id='word_1_191' title='bbox 1746 2468 2082 2539; x_wconf 88' lang='lat' dir='ltr'><strong><em>supplicium.</em></strong></span> 
     </span>
    </p>
   </div>
   <div class='ocr_carea' id='block_1_25' title="bbox 508 2559 2087 2638">
    <p class='ocr_par' dir='ltr' id='par_1_25' title="bbox 508 2559 2087 2638">
     <span class='ocr_line' id='line_1_25' title="bbox 508 2559 2087 2638; baseline -0.011 -11"><span class='ocrx_word' id='word_1_192' title='bbox 508 2572 585 2627; x_wconf 86' lang='lat' dir='ltr'><strong><em>Ita</em></strong></span> <span class='ocrx_word' id='word_1_193' title='bbox 615 2583 828 2638; x_wconf 87' lang='lat' dir='ltr'><strong><em>semper</em></strong></span> <span class='ocrx_word' id='word_1_194' title='bbox 851 2564 1112 2622; x_wconf 85' lang='lat' dir='ltr'><strong><em>humanos</em></strong></span> <span class='ocrx_word' id='word_1_195' title='bbox 1150 2578 1340 2619; x_wconf 89' lang='lat' dir='ltr'><strong><em>sensus</em></strong></span> <span class='ocrx_word' id='word_1_196' title='bbox 1383 2571 1625 2628; x_wconf 87' lang='lat' dir='ltr'><strong><em>resecat,</em></strong></span> <span class='ocrx_word' id='word_1_197' title='bbox 1667 2570 1722 2616; x_wconf 89' lang='lat' dir='ltr'><strong><em>et</em></strong></span> <span class='ocrx_word' id='word_1_198' title='bbox 1746 2559 1812 2615; x_wconf 89' lang='lat' dir='ltr'><strong><em>ad</em></strong></span> <span class='ocrx_word' id='word_1_199' title='bbox 1839 2572 2087 2627; x_wconf 85' lang='lat' dir='ltr'><strong><em>magnam</em></strong></span> 
     </span>
    </p>
   </div>
   <div class='ocr_carea' id='block_1_26' title="bbox 507 2642 2088 2728">
    <p class='ocr_par' dir='ltr' id='par_1_26' title="bbox 507 2642 2088 2728">
     <span class='ocr_line' id='line_1_26' title="bbox 507 2642 2088 2728; baseline -0.009 -12"><span class='ocrx_word' id='word_1_200' title='bbox 507 2658 912 2728; x_wconf 87' lang='lat' dir='ltr'><strong><em>mirabilemque</em></strong></span> <span class='ocrx_word' id='word_1_201' title='bbox 947 2656 1320 2727; x_wconf 83' lang='lat' dir='ltr'><strong><em>cogitationem</em></strong></span> <span class='ocrx_word' id='word_1_202' title='bbox 1359 2655 1533 2724; x_wconf 79' lang='lat' dir='ltr'><strong><em>erigit.</em></strong></span> <span class='ocrx_word' id='word_1_203' title='bbox 1580 2651 1737 2706; x_wconf 79' lang='lat' dir='ltr'><strong><em>Nunc</em></strong></span> <span class='ocrx_word' id='word_1_204' title='bbox 1786 2642 1952 2705; x_wconf 85' lang='lat' dir='ltr'><strong><em>autem</em></strong></span> <span class='ocrx_word' id='word_1_205' title='bbox 2003 2664 2088 2703; x_wconf 85' lang='lat' dir='ltr'><strong><em>oos</em></strong></span> 
     </span>
    </p>
   </div>
   <div class='ocr_carea' id='block_1_27' title="bbox 508 2742 2090 2815">
    <p class='ocr_par' dir='ltr' id='par_1_27' title="bbox 508 2742 2090 2815">
     <span class='ocr_line' id='line_1_27' title="bbox 508 2742 2090 2815; baseline -0.006 -8"><span class='ocrx_word' id='word_1_206' title='bbox 508 2753 677 2807; x_wconf 71' lang='lat' dir='ltr'><strong><em>cidere</em></strong></span> <span class='ocrx_word' id='word_1_207' title='bbox 713 2752 895 2805; x_wconf 84' lang='lat' dir='ltr'><strong><em>dicitis.</em></strong></span> <span class='ocrx_word' id='word_1_208' title='bbox 928 2749 1076 2805; x_wconf 89' lang='lat' dir='ltr'><strong><em>Sicut</em></strong></span> <span class='ocrx_word' id='word_1_209' title='bbox 1106 2748 1176 2803; x_wconf 92' lang='lat' dir='ltr'><strong><em>ibi</em></strong></span> <span class='ocrx_word' id='word_1_210' title='bbox 1216 2747 1373 2815; x_wconf 86' lang='lat' dir='ltr'><strong><em>dicit,</em></strong></span> <span class='ocrx_word' id='word_1_211' title='bbox 1416 2746 1575 2812; x_wconf 80' lang='lat' dir='ltr'><strong><em>Quem</em></strong></span> <span class='ocrx_word' id='word_1_212' title='bbox 1600 2762 1685 2801; x_wconf 83' lang='lat' dir='ltr'><strong><em>vos</em></strong></span> <span class='ocrx_word' id='word_1_213' title='bbox 1706 2743 1943 2799; x_wconf 78' lang='lat' dir='ltr'><strong><em>dicebatis</em></strong></span> <span class='ocrx_word' id='word_1_214' title='bbox 1969 2742 2090 2814; x_wconf 87' lang='lat' dir='ltr'><strong><em>quia</em></strong></span> 
     </span>
    </p>
   </div>
   <div class='ocr_carea' id='block_1_28' title="bbox 511 2838 2092 2908">
    <p class='ocr_par' dir='ltr' id='par_1_28' title="bbox 511 2838 2092 2908">
     <span class='ocr_line' id='line_1_28' title="bbox 511 2838 2092 2908; baseline -0.008 -5"><span class='ocrx_word' id='word_1_215' title='bbox 511 2848 648 2903; x_wconf 84' lang='lat' dir='ltr'><strong><em>Deus</em></strong></span> <span class='ocrx_word' id='word_1_216' title='bbox 678 2858 832 2902; x_wconf 78' lang='lat' dir='ltr'><strong><em>vester</em></strong></span> <span class='ocrx_word' id='word_1_217' title='bbox 860 2855 933 2900; x_wconf 88' lang='lat' dir='ltr'><strong><em>est</em></strong></span> <span class='ocrx_word' id='word_1_218' title='bbox 959 2844 1073 2900; x_wconf 90' lang='lat' dir='ltr'><strong><em>:sie</em></strong></span> <span class='ocrx_word' id='word_1_219' title='bbox 1098 2852 1151 2899; x_wconf 86' lang='lat' dir='ltr'><strong><em>et</em></strong></span> <span class='ocrx_word' id='word_1_220' title='bbox 1170 2842 1273 2898; x_wconf 91' lang='lat' dir='ltr'><strong><em>boc</em></strong></span> <span class='ocrx_word' id='word_1_221' title='bbox 1297 2842 1433 2908; x_wconf 91' lang='lat' dir='ltr'><strong><em>loco,</em></strong></span> <span class='ocrx_word' id='word_1_222' title='bbox 1461 2840 1611 2894; x_wconf 88' lang='lat' dir='ltr'><strong><em>Nunc</em></strong></span> <span class='ocrx_word' id='word_1_223' title='bbox 1630 2849 1795 2894; x_wconf 86' lang='lat' dir='ltr'><strong><em>autem</em></strong></span> <span class='ocrx_word' id='word_1_224' title='bbox 1821 2856 1906 2893; x_wconf 86' lang='lat' dir='ltr'><strong><em>vos</em></strong></span> <span class='ocrx_word' id='word_1_225' title='bbox 1926 2838 2092 2892; x_wconf 87' lang='lat' dir='ltr'><strong><em>videre</em></strong></span> 
     </span>
    </p>
   </div>
   <div class='ocr_carea' id='block_1_29' title="bbox 510 2928 2092 3007">
    <p class='ocr_par' dir='ltr' id='par_1_29' title="bbox 510 2928 2092 3007">
     <span class='ocr_line' id='line_1_29' title="bbox 510 2928 2092 3007; baseline -0.008 -15"><span class='ocrx_word' id='word_1_226' title='bbox 510 2940 674 2994; x_wconf 86' lang='lat' dir='ltr'><strong><em>dicitis</em></strong></span> <span class='ocrx_word' id='word_1_227' title='bbox 705 2953 726 2993; x_wconf 90' lang='lat'><strong><em>:</em></strong></span> <span class='ocrx_word' id='word_1_228' title='bbox 756 2952 927 3007; x_wconf 89' lang='lat' dir='ltr'><strong><em>neque</em></strong></span> <span class='ocrx_word' id='word_1_229' title='bbox 975 2935 1115 2991; x_wconf 90' lang='lat' dir='ltr'><strong><em>enim</em></strong></span> <span class='ocrx_word' id='word_1_230' title='bbox 1164 2933 1371 2988; x_wconf 90' lang='lat' dir='ltr'><strong><em>videtis.</em></strong></span> <span class='ocrx_word' id='word_1_231' title='bbox 1418 2932 1513 2986; x_wconf 89' lang='lat' dir='ltr'><strong><em>llic</em></strong></span> <span class='ocrx_word' id='word_1_232' title='bbox 1548 2931 1689 3001; x_wconf 89' lang='lat' dir='ltr'><strong><em>quod</em></strong></span> <span class='ocrx_word' id='word_1_233' title='bbox 1723 2930 1824 2985; x_wconf 86' lang='lat' dir='ltr'><strong><em>sibi</em></strong></span> <span class='ocrx_word' id='word_1_234' title='bbox 1861 2928 2092 2983; x_wconf 81' lang='lat' dir='ltr'><strong><em>maxime</em></strong></span> 
     </span>
    </p>
   </div>
   <div class='ocr_carea' id='block_1_30' title="bbox 513 3018 2089 3092">
    <p class='ocr_par' dir='ltr' id='par_1_30' title="bbox 513 3018 2089 3092">
     <span class='ocr_line' id='line_1_30' title="bbox 513 3018 2089 3092; baseline -0.008 -9"><span class='ocrx_word' id='word_1_235' title='bbox 513 3029 653 3084; x_wconf 76' lang='lat' dir='ltr'><strong><em>laudi</em></strong></span> <span class='ocrx_word' id='word_1_236' title='bbox 679 3043 799 3084; x_wconf 91' lang='lat' dir='ltr'><strong><em>esse</em></strong></span> <span class='ocrx_word' id='word_1_237' title='bbox 832 3026 1260 3091; x_wconf 87' lang='lat' dir='ltr'><strong><em>arbitrabantur,</em></strong></span> <span class='ocrx_word' id='word_1_238' title='bbox 1303 3022 1355 3078; x_wconf 88' lang='lat' dir='ltr'><strong><em>id</em></strong></span> <span class='ocrx_word' id='word_1_239' title='bbox 1397 3022 1655 3092; x_wconf 89' lang='lat' dir='ltr'><strong><em>supplicio</em></strong></span> <span class='ocrx_word' id='word_1_240' title='bbox 1694 3020 1810 3075; x_wconf 81' lang='lat' dir='ltr'><strong><em>fore</em></strong></span> <span class='ocrx_word' id='word_1_241' title='bbox 1835 3018 2089 3075; x_wconf 88' lang='lat' dir='ltr'><strong><em>ostendit.</em></strong></span> 
     </span>
    </p>
   </div>
   <div class='ocr_carea' id='block_1_31' title="bbox 516 3111 2095 3186">
    <p class='ocr_par' dir='ltr' id='par_1_31' title="bbox 516 3111 2095 3186">
     <span class='ocr_line' id='line_1_31' title="bbox 516 3111 2095 3186; baseline -0.009 -10"><span class='ocrx_word' id='word_1_242' title='bbox 516 3124 577 3176; x_wconf 68' lang='lat' dir='ltr'><strong><em>lit</em></strong></span> <span class='ocrx_word' id='word_1_243' title='bbox 598 3136 795 3176; x_wconf 71' lang='lat' dir='ltr'><strong><em>cmeum</em></strong></span> <span class='ocrx_word' id='word_1_244' title='bbox 825 3127 1003 3173; x_wconf 85' lang='lat' dir='ltr'><strong><em>natum</em></strong></span> <span class='ocrx_word' id='word_1_245' title='bbox 1029 3117 1097 3172; x_wconf 90' lang='lat' dir='ltr'><strong><em>de</em></strong></span> <span class='ocrx_word' id='word_1_246' title='bbox 1120 3117 1294 3186; x_wconf 90' lang='lat' dir='ltr'><strong><em>priore</em></strong></span> <span class='ocrx_word' id='word_1_247' title='bbox 1322 3112 1561 3169; x_wconf 73' lang='lat' dir='ltr'><strong><em>cmeitate</em></strong></span> <span class='ocrx_word' id='word_1_248' title='bbox 1582 3111 1919 3167; x_wconf 86' lang='lat' dir='ltr'><strong><em>consolatur:</em></strong></span> <span class='ocrx_word' id='word_1_249' title='bbox 1949 3117 2095 3179; x_wconf 80' lang='lat' dir='ltr'><strong><em>post-</em></strong></span> 
     </span>
    </p>
   </div>
   <div class='ocr_carea' id='block_1_32' title="bbox 514 3200 2091 3278">
    <p class='ocr_par' dir='ltr' id='par_1_32' title="bbox 514 3200 2091 3278">
     <span class='ocr_line' id='line_1_32' title="bbox 514 3200 2091 3278; baseline -0.008 -13"><span class='ocrx_word' id='word_1_250' title='bbox 514 3229 575 3266; x_wconf 77' lang='lat' dir='ltr'><strong><em>ea</em></strong></span> <span class='ocrx_word' id='word_1_251' title='bbox 595 3212 661 3268; x_wconf 86' lang='lat' dir='ltr'><strong><em>de</em></strong></span> <span class='ocrx_word' id='word_1_252' title='bbox 678 3212 894 3267; x_wconf 87' lang='lat' dir='ltr'><strong><em>illorum</em></strong></span> <span class='ocrx_word' id='word_1_253' title='bbox 918 3210 1154 3265; x_wconf 66' lang='lat' dir='ltr'><strong><em>caecitate</em></strong></span> <span class='ocrx_word' id='word_1_254' title='bbox 1176 3208 1424 3278; x_wconf 88' lang='lat' dir='ltr'><strong><em>loquitur.</em></strong></span> <span class='ocrx_word' id='word_1_255' title='bbox 1446 3205 1519 3261; x_wconf 82' lang='lat' dir='ltr'><strong><em>Ne</em></strong></span> <span class='ocrx_word' id='word_1_256' title='bbox 1534 3204 1771 3259; x_wconf 88' lang='lat' dir='ltr'><strong><em>dicerent</em></strong></span> <span class='ocrx_word' id='word_1_257' title='bbox 1789 3202 1929 3257; x_wconf 91' lang='lat' dir='ltr'><strong><em>enim</em></strong></span> <span class='ocrx_word' id='word_1_258' title='bbox 1947 3218 1958 3254; x_wconf 90' lang='lat'><strong>:</strong></span> <span class='ocrx_word' id='word_1_259' title='bbox 1981 3200 2091 3254; x_wconf 84' lang='lat' dir='ltr'><strong><em>Non</em></strong></span> 
     </span>
    </p>
   </div>
   <div class='ocr_carea' id='block_1_33' title="bbox 518 3291 2092 3373">
    <p class='ocr_par' dir='ltr' id='par_1_33' title="bbox 518 3291 2092 3373">
     <span class='ocr_line' id='line_1_33' title="bbox 518 3291 2092 3373; baseline -0.008 -14"><span class='ocrx_word' id='word_1_260' title='bbox 518 3322 583 3359; x_wconf 81' lang='lat' dir='ltr'><strong><em>ex</em></strong></span> <span class='ocrx_word' id='word_1_261' title='bbox 611 3306 849 3360; x_wconf 67' lang='lat' dir='ltr'><strong><em>eiecitate</em></strong></span> <span class='ocrx_word' id='word_1_262' title='bbox 877 3306 1141 3373; x_wconf 75' lang='lat' dir='ltr'><strong><em>provenit,</em></strong></span> <span class='ocrx_word' id='word_1_263' title='bbox 1165 3299 1307 3371; x_wconf 90' lang='lat' dir='ltr'><strong><em>quod</em></strong></span> <span class='ocrx_word' id='word_1_264' title='bbox 1334 3299 1400 3352; x_wconf 88' lang='lat' dir='ltr'><strong><em>ad</em></strong></span> <span class='ocrx_word' id='word_1_265' title='bbox 1428 3306 1479 3353; x_wconf 92' lang='lat' dir='ltr'><strong><em>te</em></strong></span> <span class='ocrx_word' id='word_1_266' title='bbox 1503 3313 1607 3352; x_wconf 92' lang='lat' dir='ltr'><strong><em>non</em></strong></span> <span class='ocrx_word' id='word_1_267' title='bbox 1636 3296 1969 3359; x_wconf 85' lang='lat' dir='ltr'><strong><em>accedamus,</em></strong></span> <span class='ocrx_word' id='word_1_268' title='bbox 2001 3291 2092 3347; x_wconf 93' lang='lat' dir='ltr'><strong><em>sed</em></strong></span> 
     </span>
    </p>
   </div>
   <div class='ocr_carea' id='block_1_34' title="bbox 518 3383 2089 3463">
    <p class='ocr_par' dir='ltr' id='par_1_34' title="bbox 518 3383 2089 3463">
     <span class='ocr_line' id='line_1_34' title="bbox 518 3383 2089 3463; baseline -0.007 -15"><span class='ocrx_word' id='word_1_269' title='bbox 518 3410 566 3448; x_wconf 90' lang='lat' dir='ltr'><strong><em>te</em></strong></span> <span class='ocrx_word' id='word_1_270' title='bbox 592 3404 648 3449; x_wconf 90' lang='lat' dir='ltr'><strong><em>ut</em></strong></span> <span class='ocrx_word' id='word_1_271' title='bbox 673 3395 1015 3463; x_wconf 86' lang='lat' dir='ltr'><strong><em>deceptorcm</em></strong></span> <span class='ocrx_word' id='word_1_272' title='bbox 1040 3405 1384 3453; x_wconf 86' lang='lat' dir='ltr'><strong><em>aversamur;</em></strong></span> <span class='ocrx_word' id='word_1_273' title='bbox 1413 3403 1471 3442; x_wconf 80' lang='lat' dir='ltr'><strong><em>ea</em></strong></span> <span class='ocrx_word' id='word_1_274' title='bbox 1502 3389 1671 3441; x_wconf 88' lang='lat' dir='ltr'><strong><em>solum</em></strong></span> <span class='ocrx_word' id='word_1_275' title='bbox 1694 3387 1759 3440; x_wconf 90' lang='lat' dir='ltr'><strong><em>de</em></strong></span> <span class='ocrx_word' id='word_1_276' title='bbox 1782 3400 1841 3440; x_wconf 88' lang='lat' dir='ltr'><strong><em>re</em></strong></span> <span class='ocrx_word' id='word_1_277' title='bbox 1860 3383 2089 3439; x_wconf 77' lang='lat' dir='ltr'><strong><em>disserit.</em></strong></span> 
     </span>
    </p>
   </div>
   <div class='ocr_carea' id='block_1_35' title="bbox 587 3474 2095 3547">
    <p class='ocr_par' dir='ltr' id='par_1_35' title="bbox 587 3474 2095 3547">
     <span class='ocr_line' id='line_1_35' title="bbox 587 3474 2095 3547; baseline -0.007 -10"><span class='ocrx_word' id='word_1_278' title='bbox 587 3484 643 3537; x_wconf 77' lang='lat'><strong><em>2.</em></strong></span> <span class='ocrx_word' id='word_1_279' title='bbox 688 3484 799 3539; x_wconf 76' lang='lat' dir='ltr'><strong><em>Nec</em></strong></span> <span class='ocrx_word' id='word_1_280' title='bbox 831 3483 945 3537; x_wconf 87' lang='lat' dir='ltr'><strong><em>sine</em></strong></span> <span class='ocrx_word' id='word_1_281' title='bbox 973 3495 1128 3535; x_wconf 90' lang='lat' dir='ltr'><strong><em>causa</em></strong></span> <span class='ocrx_word' id='word_1_282' title='bbox 1161 3478 1484 3547; x_wconf 83' lang='lat' dir='ltr'><strong><em>evangelista</em></strong></span> <span class='ocrx_word' id='word_1_283' title='bbox 1514 3476 1768 3540; x_wconf 89' lang='lat' dir='ltr'><strong><em>narravit,</em></strong></span> <span class='ocrx_word' id='word_1_284' title='bbox 1800 3474 2095 3528; x_wconf 71' lang='lat' dir='ltr'><strong><em>Pbarismos</em></strong></span> 
     </span>
    </p>
   </div>
   <div class='ocr_carea' id='block_1_36' title="bbox 518 3563 2093 3644">
    <p class='ocr_par' dir='ltr' id='par_1_36' title="bbox 518 3563 2093 3644">
     <span class='ocr_line' id='line_1_36' title="bbox 518 3563 2093 3644; baseline -0.005 -17"><span class='ocrx_word' id='word_1_285' title='bbox 518 3574 797 3644; x_wconf 77' lang='lat' dir='ltr'><strong><em>quosdam,</em></strong></span> <span class='ocrx_word' id='word_1_286' title='bbox 818 3573 905 3642; x_wconf 90' lang='lat' dir='ltr'><strong><em>qui</em></strong></span> <span class='ocrx_word' id='word_1_287' title='bbox 928 3586 1047 3625; x_wconf 92' lang='lat' dir='ltr'><strong><em>eum</em></strong></span> <span class='ocrx_word' id='word_1_288' title='bbox 1068 3570 1158 3623; x_wconf 86' lang='lat' dir='ltr'><strong><em>illo</em></strong></span> <span class='ocrx_word' id='word_1_289' title='bbox 1175 3580 1347 3633; x_wconf 88' lang='lat' dir='ltr'><strong><em>erant,</em></strong></span> <span class='ocrx_word' id='word_1_290' title='bbox 1373 3566 1487 3622; x_wconf 74' lang='lat' dir='ltr'><strong><em>btee</em></strong></span> <span class='ocrx_word' id='word_1_291' title='bbox 1506 3566 1772 3621; x_wconf 87' lang='lat' dir='ltr'><strong><em>audivisse</em></strong></span> <span class='ocrx_word' id='word_1_292' title='bbox 1792 3579 1855 3619; x_wconf 91' lang='lat' dir='ltr'><strong><em>ac</em></strong></span> <span class='ocrx_word' id='word_1_293' title='bbox 1873 3563 2093 3630; x_wconf 79' lang='lat' dir='ltr'><strong><em>dixisse,</em></strong></span> 
     </span>
    </p>
   </div>
   <div class='ocr_carea' id='block_1_37' title="bbox 524 3654 2096 3733">
    <p class='ocr_par' dir='ltr' id='par_1_37' title="bbox 524 3654 2096 3733">
     <span class='ocr_line' id='line_1_37' title="bbox 524 3654 2096 3733; baseline -0.008 -15"><span class='ocrx_word' id='word_1_294' title='bbox 524 3662 787 3733; x_wconf 74' lang='lat' dir='ltr'><strong><em>Numquid</em></strong></span> <span class='ocrx_word' id='word_1_295' title='bbox 806 3672 852 3715; x_wconf 86' lang='lat' dir='ltr'><strong><em>et</em></strong></span> <span class='ocrx_word' id='word_1_296' title='bbox 883 3677 972 3715; x_wconf 89' lang='lat' dir='ltr'><strong><em>nos</em></strong></span> <span class='ocrx_word' id='word_1_297' title='bbox 997 3659 1117 3713; x_wconf 78' lang='grc' dir='ltr'><strong><em>εωσὶ</em></strong></span> <span class='ocrx_word' id='word_1_298' title='bbox 1143 3674 1315 3713; x_wconf 87' lang='lat' dir='ltr'><strong><em>sumus</em></strong></span> <span class='ocrx_word' id='word_1_299' title='bbox 1333 3656 1359 3710; x_wconf 82' lang='lat'><strong><em>?</em></strong></span> <span class='ocrx_word' id='word_1_300' title='bbox 1386 3656 1479 3711; x_wconf 89' lang='lat' dir='ltr'><strong><em>sed</em></strong></span> <span class='ocrx_word' id='word_1_301' title='bbox 1509 3665 1564 3711; x_wconf 91' lang='lat' dir='ltr'><strong><em>ut</em></strong></span> <span class='ocrx_word' id='word_1_302' title='bbox 1588 3654 1679 3709; x_wconf 85' lang='lat' dir='ltr'><strong><em>tibi</em></strong></span> <span class='ocrx_word' id='word_1_303' title='bbox 1706 3656 1758 3708; x_wconf 89' lang='lat' dir='ltr'><strong><em>in</em></strong></span> <span class='ocrx_word' id='word_1_304' title='bbox 1787 3654 2096 3708; x_wconf 87' lang='lat' dir='ltr'><strong><em>memoriam</em></strong></span> 
     </span>
    </p>
   </div>
   <div class='ocr_carea' id='block_1_38' title="bbox 520 3744 2094 3821">
    <p class='ocr_par' dir='ltr' id='par_1_38' title="bbox 520 3744 2094 3821">
     <span class='ocr_line' id='line_1_38' title="bbox 520 3744 2094 3821; baseline -0.008 -12"><span class='ocrx_word' id='word_1_305' title='bbox 520 3760 799 3809; x_wconf 73' lang='lat' dir='ltr'><strong><em>revocaret</em></strong></span> <span class='ocrx_word' id='word_1_306' title='bbox 824 3766 916 3807; x_wconf 92' lang='lat' dir='ltr'><strong><em>eos</em></strong></span> <span class='ocrx_word' id='word_1_307' title='bbox 947 3751 1090 3821; x_wconf 91' lang='lat' dir='ltr'><strong><em>ipsos</em></strong></span> <span class='ocrx_word' id='word_1_308' title='bbox 1111 3764 1252 3814; x_wconf 90' lang='lat' dir='ltr'><strong><em>esse,</em></strong></span> <span class='ocrx_word' id='word_1_309' title='bbox 1276 3748 1365 3819; x_wconf 90' lang='lat' dir='ltr'><strong><em>qui</em></strong></span> <span class='ocrx_word' id='word_1_310' title='bbox 1388 3757 1511 3802; x_wconf 89' lang='lat' dir='ltr'><strong><em>ante</em></strong></span> <span class='ocrx_word' id='word_1_311' title='bbox 1536 3745 1603 3800; x_wconf 90' lang='lat' dir='ltr'><strong><em>ab</em></strong></span> <span class='ocrx_word' id='word_1_312' title='bbox 1628 3744 1720 3800; x_wconf 89' lang='lat' dir='ltr'><strong><em>illo</em></strong></span> <span class='ocrx_word' id='word_1_313' title='bbox 1744 3754 2094 3807; x_wconf 87' lang='lat' dir='ltr'><strong><em>recesserant,</em></strong></span> 
     </span>
    </p>
   </div>
   <div class='ocr_carea' id='block_1_39' title="bbox 519 3836 2098 3915">
    <p class='ocr_par' dir='ltr' id='par_1_39' title="bbox 519 3836 2098 3915">
     <span class='ocr_line' id='line_1_39' title="bbox 519 3836 2098 3915; baseline -0.009 -13"><span class='ocrx_word' id='word_1_314' title='bbox 519 3847 774 3915; x_wconf 83' lang='lat' dir='ltr'><strong><em>illumque</em></strong></span> <span class='ocrx_word' id='word_1_315' title='bbox 806 3843 1134 3913; x_wconf 80' lang='lat' dir='ltr'><strong><em>lapidabant.</em></strong></span> <span class='ocrx_word' id='word_1_316' title='bbox 1161 3841 1323 3895; x_wconf 84' lang='lat' dir='ltr'><strong><em>Erant</em></strong></span> <span class='ocrx_word' id='word_1_317' title='bbox 1348 3839 1491 3895; x_wconf 89' lang='lat' dir='ltr'><strong><em>enim</em></strong></span> <span class='ocrx_word' id='word_1_318' title='bbox 1521 3837 1732 3908; x_wconf 90' lang='lat' dir='ltr'><strong><em>quidam</em></strong></span> <span class='ocrx_word' id='word_1_319' title='bbox 1763 3836 1849 3906; x_wconf 91' lang='lat' dir='ltr'><strong><em>qui</em></strong></span> <span class='ocrx_word' id='word_1_320' title='bbox 1881 3836 2098 3905; x_wconf 84' lang='lat' dir='ltr'><strong><em>perluu-</em></strong></span> 
     </span>
    </p>
   </div>
   <div class='ocr_carea' id='block_1_40' title="bbox 517 3925 2100 4005">
    <p class='ocr_par' dir='ltr' id='par_1_40' title="bbox 517 3925 2100 4005">
     <span class='ocr_line' id='line_1_40' title="bbox 517 3925 2100 4005; baseline -0.007 -15"><span class='ocrx_word' id='word_1_321' title='bbox 517 3937 685 3990; x_wconf 83' lang='lat' dir='ltr'><strong><em>cturie</em></strong></span> <span class='ocrx_word' id='word_1_322' title='bbox 715 3935 1088 4005; x_wconf 86' lang='lat' dir='ltr'><strong><em>sequebantur,</em></strong></span> <span class='ocrx_word' id='word_1_323' title='bbox 1125 3940 1178 3985; x_wconf 84' lang='lat' dir='ltr'><strong><em>ct</em></strong></span> <span class='ocrx_word' id='word_1_324' title='bbox 1206 3929 1359 3985; x_wconf 83' lang='lat' dir='ltr'><strong><em>facile</em></strong></span> <span class='ocrx_word' id='word_1_325' title='bbox 1387 3930 1439 3983; x_wconf 93' lang='lat' dir='ltr'><strong><em>in</em></strong></span> <span class='ocrx_word' id='word_1_326' title='bbox 1474 3926 1797 3983; x_wconf 88' lang='lat' dir='ltr'><strong><em>contrarium</em></strong></span> <span class='ocrx_word' id='word_1_327' title='bbox 1822 3925 2100 3980; x_wconf 88' lang='lat' dir='ltr'><strong><em>verteban-</em></strong></span> 
     </span>
    </p>
   </div>
   <div class='ocr_carea' id='block_1_41' title="bbox 521 4015 2098 4093">
    <p class='ocr_par' dir='ltr' id='par_1_41' title="bbox 521 4015 2098 4093">
     <span class='ocr_line' id='line_1_41' title="bbox 521 4015 2098 4093; baseline -0.006 -14"><span class='ocrx_word' id='word_1_328' title='bbox 521 4038 625 4080; x_wconf 92' lang='lat' dir='ltr'><strong><em>tur.</em></strong></span> <span class='ocrx_word' id='word_1_329' title='bbox 660 4025 933 4081; x_wconf 88' lang='lat' dir='ltr'><strong><em>Uudenam</em></strong></span> <span class='ocrx_word' id='word_1_330' title='bbox 965 4038 1093 4093; x_wconf 83' lang='lat' dir='ltr'><strong><em>ergo</em></strong></span> <span class='ocrx_word' id='word_1_331' title='bbox 1118 4038 1178 4077; x_wconf 89' lang='lat' dir='ltr'><strong><em>se</em></strong></span> <span class='ocrx_word' id='word_1_332' title='bbox 1208 4020 1416 4093; x_wconf 89' lang='lat' dir='ltr'><strong><em>probat,</em></strong></span> <span class='ocrx_word' id='word_1_333' title='bbox 1450 4034 1553 4074; x_wconf 91' lang='lat' dir='ltr'><strong><em>non</em></strong></span> <span class='ocrx_word' id='word_1_334' title='bbox 1582 4017 1922 4086; x_wconf 84' lang='lat' dir='ltr'><strong><em>deceptorcm</em></strong></span> <span class='ocrx_word' id='word_1_335' title='bbox 1946 4058 1963 4084; x_wconf 90' lang='lat'><strong><em>,</em></strong></span> <span class='ocrx_word' id='word_1_336' title='bbox 2003 4015 2098 4071; x_wconf 89' lang='lat' dir='ltr'><strong><em>sed</em></strong></span> 
     </span>
    </p>
   </div>
   <div class='ocr_carea' id='block_1_42' title="bbox 522 4109 2100 4188">
    <p class='ocr_par' dir='ltr' id='par_1_42' title="bbox 522 4109 2100 4188">
     <span class='ocr_line' id='line_1_42' title="bbox 522 4109 2100 4188; baseline -0.005 -18"><span class='ocrx_word' id='word_1_337' title='bbox 522 4127 789 4188; x_wconf 82' lang='lat' dir='ltr'><strong><em>pastorem</em></strong></span> <span class='ocrx_word' id='word_1_338' title='bbox 830 4116 993 4172; x_wconf 85' lang='lat' dir='ltr'><strong><em>esse?</em></strong></span> <span class='ocrx_word' id='word_1_339' title='bbox 1032 4114 1223 4169; x_wconf 79' lang='lat' dir='ltr'><strong><em>Allatis</em></strong></span> <span class='ocrx_word' id='word_1_340' title='bbox 1266 4113 1511 4183; x_wconf 88' lang='lat' dir='ltr'><strong><em>utrinque</em></strong></span> <span class='ocrx_word' id='word_1_341' title='bbox 1557 4110 1767 4165; x_wconf 89' lang='lat' dir='ltr'><strong><em>indiciis</em></strong></span> <span class='ocrx_word' id='word_1_342' title='bbox 1791 4117 1844 4165; x_wconf 91' lang='lat' dir='ltr'><strong><em>et</em></strong></span> <span class='ocrx_word' id='word_1_343' title='bbox 1872 4109 2100 4179; x_wconf 85' lang='lat' dir='ltr'><strong><em>pastoris</em></strong></span> 
     </span>
    </p>
   </div>
   <div class='ocr_carea' id='block_1_43' title="bbox 519 4202 2099 4279">
    <p class='ocr_par' dir='ltr' id='par_1_43' title="bbox 519 4202 2099 4279">
     <span class='ocr_line' id='line_1_43' title="bbox 519 4202 2099 4279; baseline -0.007 -13"><span class='ocrx_word' id='word_1_344' title='bbox 519 4220 575 4266; x_wconf 90' lang='lat' dir='ltr'><strong><em>et</em></strong></span> <span class='ocrx_word' id='word_1_345' title='bbox 599 4210 918 4279; x_wconf 88' lang='lat' dir='ltr'><strong><em>deeeptoris,</em></strong></span> <span class='ocrx_word' id='word_1_346' title='bbox 939 4216 994 4263; x_wconf 90' lang='lat' dir='ltr'><strong><em>et</em></strong></span> <span class='ocrx_word' id='word_1_347' title='bbox 1014 4207 1137 4262; x_wconf 93' lang='lat' dir='ltr'><strong><em>hinc</em></strong></span> <span class='ocrx_word' id='word_1_348' title='bbox 1164 4207 1268 4261; x_wconf 91' lang='lat' dir='ltr'><strong><em>illis</em></strong></span> <span class='ocrx_word' id='word_1_349' title='bbox 1287 4203 1625 4275; x_wconf 81' lang='lat' dir='ltr'><strong><em>exploranda:</em></strong></span> <span class='ocrx_word' id='word_1_350' title='bbox 1652 4202 1889 4257; x_wconf 86' lang='lat' dir='ltr'><strong><em>veritatis</em></strong></span> <span class='ocrx_word' id='word_1_351' title='bbox 1913 4216 2099 4255; x_wconf 87' lang='lat' dir='ltr'><strong><em>ansatn</em></strong></span> 
     </span>
    </p>
   </div>
   <div class='ocr_carea' id='block_1_44' title="bbox 523 4290 2098 4373">
    <p class='ocr_par' dir='ltr' id='par_1_44' title="bbox 523 4290 2098 4373">
     <span class='ocr_line' id='line_1_44' title="bbox 523 4290 2098 4373; baseline -0.01 -15"><span class='ocrx_word' id='word_1_352' title='bbox 523 4302 747 4373; x_wconf 74' lang='lat' dir='ltr'><strong><em>prtebet.</em></strong></span> <span class='ocrx_word' id='word_1_353' title='bbox 792 4301 860 4356; x_wconf 80' lang='lat' dir='ltr'><strong><em>Et</em></strong></span> <span class='ocrx_word' id='word_1_354' title='bbox 903 4299 1074 4370; x_wconf 91' lang='lat' dir='ltr'><strong><em>primo</em></strong></span> <span class='ocrx_word' id='word_1_355' title='bbox 1101 4297 1222 4368; x_wconf 78' lang='lat' dir='ltr'><strong><em>quis</em></strong></span> <span class='ocrx_word' id='word_1_356' title='bbox 1252 4296 1323 4351; x_wconf 89' lang='lat' dir='ltr'><strong><em>sit</em></strong></span> <span class='ocrx_word' id='word_1_357' title='bbox 1361 4295 1617 4364; x_wconf 87' lang='lat' dir='ltr'><strong><em>deceptor</em></strong></span> <span class='ocrx_word' id='word_1_358' title='bbox 1645 4302 1701 4348; x_wconf 89' lang='lat' dir='ltr'><strong><em>et</em></strong></span> <span class='ocrx_word' id='word_1_359' title='bbox 1728 4290 1811 4347; x_wconf 77' lang='lat' dir='ltr'><strong><em>fur</em></strong></span> <span class='ocrx_word' id='word_1_360' title='bbox 1835 4290 2098 4358; x_wconf 80' lang='lat' dir='ltr'><strong><em>ostendit,</em></strong></span> 
     </span>
    </p>
   </div>
   <div class='ocr_carea' id='block_1_45' title="bbox 523 4381 2096 4462">
    <p class='ocr_par' dir='ltr' id='par_1_45' title="bbox 523 4381 2096 4462">
     <span class='ocr_line' id='line_1_45' title="bbox 523 4381 2096 4462; baseline -0.008 -14"><span class='ocrx_word' id='word_1_361' title='bbox 523 4410 589 4448; x_wconf 80' lang='lat' dir='ltr'><strong><em>ex</em></strong></span> <span class='ocrx_word' id='word_1_362' title='bbox 617 4393 903 4462; x_wconf 86' lang='lat' dir='ltr'><strong><em>Scripturis</em></strong></span> <span class='ocrx_word' id='word_1_363' title='bbox 945 4391 1023 4446; x_wconf 91' lang='lat' dir='ltr'><strong><em>sic</em></strong></span> <span class='ocrx_word' id='word_1_364' title='bbox 1051 4404 1247 4445; x_wconf 89' lang='lat' dir='ltr'><strong><em>vocans</em></strong></span> <span class='ocrx_word' id='word_1_365' title='bbox 1282 4388 1434 4443; x_wconf 92' lang='lat' dir='ltr'><strong><em>illum</em></strong></span> <span class='ocrx_word' id='word_1_366' title='bbox 1474 4386 1557 4441; x_wconf 86' lang='lat' dir='ltr'><strong><em>bis</em></strong></span> <span class='ocrx_word' id='word_1_367' title='bbox 1581 4384 1758 4440; x_wconf 82' lang='lat' dir='ltr'><strong><em>verbis</em></strong></span> <span class='ocrx_word' id='word_1_368' title='bbox 1784 4382 1933 4454; x_wconf 84' lang='lat' dir='ltr'><strong><em>(Cap.</em></strong></span> <span class='ocrx_word' id='word_1_369' title='bbox 1972 4381 2096 4453; x_wconf 78' lang='lat' dir='ltr'><strong><em>i0):</em></strong></span> 
     </span>
    </p>
   </div>
   <div class='ocr_carea' id='block_1_46' title="bbox 523 4472 2100 4550">
    <p class='ocr_par' dir='ltr' id='par_1_46' title="bbox 523 4472 2100 4550">
     <span class='ocr_line' id='line_1_46' title="bbox 523 4472 2100 4550; baseline -0.008 -12"><span class='ocrx_word' id='word_1_370' title='bbox 523 4486 577 4538; x_wconf 74' lang='grc' dir='ltr'><strong><em>Ι.</em></strong></span> <span class='ocrx_word' id='word_1_371' title='bbox 610 4484 787 4547; x_wconf 81' lang='lat' dir='ltr'><strong><em>Amen,</em></strong></span> <span class='ocrx_word' id='word_1_372' title='bbox 816 4498 961 4535; x_wconf 88' lang='lat' dir='ltr'><strong><em>amen</em></strong></span> <span class='ocrx_word' id='word_1_373' title='bbox 990 4481 1103 4534; x_wconf 85' lang='lat' dir='ltr'><strong><em>dico</em></strong></span> <span class='ocrx_word' id='word_1_374' title='bbox 1129 4480 1285 4544; x_wconf 82' lang='lat' dir='ltr'><strong><em>vobis,</em></strong></span> <span class='ocrx_word' id='word_1_375' title='bbox 1310 4478 1396 4550; x_wconf 86' lang='lat' dir='ltr'><strong><em>qui</em></strong></span> <span class='ocrx_word' id='word_1_376' title='bbox 1422 4493 1522 4531; x_wconf 90' lang='lat' dir='ltr'><strong><em>non</em></strong></span> <span class='ocrx_word' id='word_1_377' title='bbox 1548 4477 1700 4529; x_wconf 86' lang='lat' dir='ltr'><strong><em>intrat</em></strong></span> <span class='ocrx_word' id='word_1_378' title='bbox 1730 4490 1819 4545; x_wconf 83' lang='lat' dir='ltr'><strong><em>per</em></strong></span> <span class='ocrx_word' id='word_1_379' title='bbox 1843 4474 2021 4528; x_wconf 87' lang='lat' dir='ltr'><strong><em>ostium</em></strong></span> <span class='ocrx_word' id='word_1_380' title='bbox 2048 4472 2100 4526; x_wconf 90' lang='lat' dir='ltr'><strong><em>in</em></strong></span> 
     </span>
    </p>
   </div>
   <div class='ocr_carea' id='block_1_47' title="bbox 522 4562 2098 4639">
    <p class='ocr_par' dir='ltr' id='par_1_47' title="bbox 522 4562 2098 4639">
     <span class='ocr_line' id='line_1_47' title="bbox 522 4562 2098 4639; baseline -0.008 -11"><span class='ocrx_word' id='word_1_381' title='bbox 522 4575 651 4628; x_wconf 69' lang='lat' dir='ltr'><strong><em>ovile</em></strong></span> <span class='ocrx_word' id='word_1_382' title='bbox 680 4574 864 4639; x_wconf 80' lang='lat' dir='ltr'><strong><em>ovium,</em></strong></span> <span class='ocrx_word' id='word_1_383' title='bbox 893 4572 983 4627; x_wconf 86' lang='lat' dir='ltr'><strong><em>sed</em></strong></span> <span class='ocrx_word' id='word_1_384' title='bbox 1005 4570 1229 4625; x_wconf 84' lang='lat' dir='ltr'><strong><em>ascendit</em></strong></span> <span class='ocrx_word' id='word_1_385' title='bbox 1267 4568 1504 4633; x_wconf 85' lang='lat' dir='ltr'><strong><em>aliunde,</em></strong></span> <span class='ocrx_word' id='word_1_386' title='bbox 1535 4567 1621 4621; x_wconf 87' lang='lat' dir='ltr'><strong><em>ille</em></strong></span> <span class='ocrx_word' id='word_1_387' title='bbox 1649 4566 1735 4635; x_wconf 79' lang='lat' dir='ltr'><strong><em>[ur</em></strong></span> <span class='ocrx_word' id='word_1_388' title='bbox 1772 4574 1847 4619; x_wconf 91' lang='lat' dir='ltr'><strong><em>est</em></strong></span> <span class='ocrx_word' id='word_1_389' title='bbox 1870 4573 1917 4619; x_wconf 86' lang='lat' dir='ltr'><strong><em>et</em></strong></span> <span class='ocrx_word' id='word_1_390' title='bbox 1948 4562 2098 4617; x_wconf 89' lang='lat' dir='ltr'><strong><em>latro.</em></strong></span> 
     </span>
    </p>
   </div>
   <div class='ocr_carea' id='block_1_48' title="bbox 526 4656 2100 4733">
    <p class='ocr_par' dir='ltr' id='par_1_48' title="bbox 526 4656 2100 4733">
     <span class='ocr_line' id='line_1_48' title="bbox 526 4656 2100 4733; baseline -0.008 -12"><span class='ocrx_word' id='word_1_391' title='bbox 526 4665 658 4721; x_wconf 90' lang='lat' dir='ltr'><strong><em>Vide</em></strong></span> <span class='ocrx_word' id='word_1_392' title='bbox 680 4664 900 4721; x_wconf 88' lang='lat' dir='ltr'><strong><em>latronis</em></strong></span> <span class='ocrx_word' id='word_1_393' title='bbox 921 4664 1100 4733; x_wconf 80' lang='lat' dir='ltr'><strong><em>signa;</em></strong></span> <span class='ocrx_word' id='word_1_394' title='bbox 1132 4661 1322 4730; x_wconf 92' lang='lat' dir='ltr'><strong><em>primo,</em></strong></span> <span class='ocrx_word' id='word_1_395' title='bbox 1352 4674 1459 4713; x_wconf 92' lang='lat' dir='ltr'><strong><em>non</em></strong></span> <span class='ocrx_word' id='word_1_396' title='bbox 1492 4657 1663 4728; x_wconf 88' lang='lat' dir='ltr'><strong><em>palam</em></strong></span> <span class='ocrx_word' id='word_1_397' title='bbox 1686 4656 1879 4722; x_wconf 87' lang='lat' dir='ltr'><strong><em>intrat;</em></strong></span> <span class='ocrx_word' id='word_1_398' title='bbox 1907 4669 2100 4710; x_wconf 81' lang='lat' dir='ltr'><strong><em>secun-</em></strong></span> 
     </span>
    </p>
   </div>
   <div class='ocr_carea' id='block_1_49' title="bbox 525 4744 2104 4823">
    <p class='ocr_par' dir='ltr' id='par_1_49' title="bbox 525 4744 2104 4823">
     <span class='ocr_line' id='line_1_49' title="bbox 525 4744 2104 4823; baseline -0.007 -14"><span class='ocrx_word' id='word_1_399' title='bbox 525 4754 616 4821; x_wconf 91' lang='lat' dir='ltr'><strong><em>do,</em></strong></span> <span class='ocrx_word' id='word_1_400' title='bbox 646 4771 750 4810; x_wconf 91' lang='lat' dir='ltr'><strong><em>non</em></strong></span> <span class='ocrx_word' id='word_1_401' title='bbox 780 4769 873 4823; x_wconf 89' lang='lat' dir='ltr'><strong><em>per</em></strong></span> <span class='ocrx_word' id='word_1_402' title='bbox 895 4752 1283 4822; x_wconf 82' lang='lat' dir='ltr'><strong><em>Seripturarum</em></strong></span> <span class='ocrx_word' id='word_1_403' title='bbox 1314 4747 1705 4804; x_wconf 84' lang='lat' dir='ltr'><strong><em>testimonium:</em></strong></span> <span class='ocrx_word' id='word_1_404' title='bbox 1733 4746 1832 4803; x_wconf 83' lang='lat' dir='ltr'><strong><em>hoc</em></strong></span> <span class='ocrx_word' id='word_1_405' title='bbox 1855 4744 1996 4799; x_wconf 92' lang='lat' dir='ltr'><strong><em>enim</em></strong></span> <span class='ocrx_word' id='word_1_406' title='bbox 2021 4752 2104 4799; x_wconf 90' lang='lat' dir='ltr'><strong><em>est</em></strong></span> 
     </span>
    </p>
   </div>
   <div class='ocr_carea' id='block_1_50' title="bbox 528 4834 2105 4912">
    <p class='ocr_par' dir='ltr' id='par_1_50' title="bbox 528 4834 2105 4912">
     <span class='ocr_line' id='line_1_50' title="bbox 528 4834 2105 4912; baseline -0.008 -12"><span class='ocrx_word' id='word_1_407' title='bbox 528 4861 632 4901; x_wconf 92' lang='lat' dir='ltr'><strong><em>non</em></strong></span> <span class='ocrx_word' id='word_1_408' title='bbox 663 4845 863 4900; x_wconf 86' lang='lat' dir='ltr'><strong><em>intrare</em></strong></span> <span class='ocrx_word' id='word_1_409' title='bbox 888 4858 984 4912; x_wconf 87' lang='lat' dir='ltr'><strong><em>per</em></strong></span> <span class='ocrx_word' id='word_1_410' title='bbox 1009 4843 1226 4897; x_wconf 91' lang='lat' dir='ltr'><strong><em>ostium.</em></strong></span> <span class='ocrx_word' id='word_1_411' title='bbox 1261 4839 1359 4895; x_wconf 85' lang='lat' dir='ltr'><strong><em>Hie</em></strong></span> <span class='ocrx_word' id='word_1_412' title='bbox 1382 4852 1544 4908; x_wconf 88' lang='lat' dir='ltr'><strong><em>porro</em></strong></span> <span class='ocrx_word' id='word_1_413' title='bbox 1569 4848 1622 4892; x_wconf 90' lang='lat' dir='ltr'><strong><em>et</em></strong></span> <span class='ocrx_word' id='word_1_414' title='bbox 1652 4836 1741 4906; x_wconf 87' lang='lat' dir='ltr'><strong><em>qui</em></strong></span> <span class='ocrx_word' id='word_1_415' title='bbox 1768 4834 1980 4889; x_wconf 84' lang='lat' dir='ltr'><strong><em>luerunt</em></strong></span> <span class='ocrx_word' id='word_1_416' title='bbox 2001 4875 2017 4901; x_wconf 91' lang='lat'><strong><em>,</em></strong></span> <span class='ocrx_word' id='word_1_417' title='bbox 2049 4842 2105 4889; x_wconf 91' lang='lat' dir='ltr'><strong><em>et</em></strong></span> 
     </span>
    </p>
   </div>
   <div class='ocr_carea' id='block_1_51' title="bbox 525 4925 2102 5012">
    <p class='ocr_par' dir='ltr' id='par_1_51' title="bbox 525 4925 2102 5012">
     <span class='ocr_line' id='line_1_51' title="bbox 525 4925 2102 5012; baseline -0.01 -19"><span class='ocrx_word' id='word_1_418' title='bbox 525 4940 616 5012; x_wconf 83' lang='lat' dir='ltr'><strong><em>qui</em></strong></span> <span class='ocrx_word' id='word_1_419' title='bbox 645 4938 803 4994; x_wconf 83' lang='lat' dir='ltr'><strong><em>futuri</em></strong></span> <span class='ocrx_word' id='word_1_420' title='bbox 827 4944 981 4991; x_wconf 90' lang='lat' dir='ltr'><strong><em>erant</em></strong></span> <span class='ocrx_word' id='word_1_421' title='bbox 1000 4934 1219 4999; x_wconf 88' lang='lat' dir='ltr'><strong><em>indicat,</em></strong></span> <span class='ocrx_word' id='word_1_422' title='bbox 1237 4930 1645 4996; x_wconf 77' lang='lat' dir='ltr'><strong><em>Antieltristum,</em></strong></span> <span class='ocrx_word' id='word_1_423' title='bbox 1665 4928 1826 4982; x_wconf 83' lang='lat' dir='ltr'><strong><em>falsos</em></strong></span> <span class='ocrx_word' id='word_1_424' title='bbox 1841 4925 2102 4991; x_wconf 89' lang='lat' dir='ltr'><strong><em>Christos,</em></strong></span> 
     </span>
    </p>
   </div>
   <div class='ocr_carea' id='block_1_52' title="bbox 525 5017 2103 5089">
    <p class='ocr_par' dir='ltr' id='par_1_52' title="bbox 525 5017 2103 5089">
     <span class='ocr_line' id='line_1_52' title="bbox 525 5017 2103 5089; baseline -0.011 -2"><span class='ocrx_word' id='word_1_425' title='bbox 525 5032 714 5088; x_wconf 74' lang='lat' dir='ltr'><strong><em>ludam</em></strong></span> <span class='ocrx_word' id='word_1_426' title='bbox 742 5036 796 5084; x_wconf 92' lang='lat' dir='ltr'><strong><em>et</em></strong></span> <span class='ocrx_word' id='word_1_427' title='bbox 819 5026 1115 5089; x_wconf 83' lang='lat' dir='ltr'><strong><em>Theudam,</em></strong></span> <span class='ocrx_word' id='word_1_428' title='bbox 1145 5032 1200 5078; x_wconf 91' lang='lat' dir='ltr'><strong><em>et</em></strong></span> <span class='ocrx_word' id='word_1_429' title='bbox 1222 5022 1355 5077; x_wconf 90' lang='lat' dir='ltr'><strong><em>alios</em></strong></span> <span class='ocrx_word' id='word_1_430' title='bbox 1394 5017 1730 5089; x_wconf 84' lang='lat' dir='ltr'><strong><em>huiusmodi;</em></strong></span> <span class='ocrx_word' id='word_1_431' title='bbox 1768 5017 1889 5087; x_wconf 89' lang='lat' dir='ltr'><strong><em>iure</em></strong></span> <span class='ocrx_word' id='word_1_432' title='bbox 1927 5026 2103 5071; x_wconf 91' lang='lat' dir='ltr'><strong><em>autem</em></strong></span> 
     </span>
    </p>
   </div>
   <div class='ocr_carea' id='block_1_53' title="bbox 530 5109 2105 5189">
    <p class='ocr_par' dir='ltr' id='par_1_53' title="bbox 530 5109 2105 5189">
     <span class='ocr_line' id='line_1_53' title="bbox 530 5109 2105 5189; baseline -0.011 -11"><span class='ocrx_word' id='word_1_433' title='bbox 530 5124 727 5178; x_wconf 86' lang='lat' dir='ltr'><strong><em>Ostium</em></strong></span> <span class='ocrx_word' id='word_1_434' title='bbox 767 5120 1069 5189; x_wconf 86' lang='lat' dir='ltr'><strong><em>Seripturas</em></strong></span> <span class='ocrx_word' id='word_1_435' title='bbox 1098 5124 1271 5170; x_wconf 87' lang='lat' dir='ltr'><strong><em>vocat.</em></strong></span> <span class='ocrx_word' id='word_1_436' title='bbox 1312 5113 1404 5168; x_wconf 69' lang='lat' dir='ltr'><strong><em>Hie</em></strong></span> <span class='ocrx_word' id='word_1_437' title='bbox 1444 5126 1671 5182; x_wconf 87' lang='lat' dir='ltr'><strong><em>namque</em></strong></span> <span class='ocrx_word' id='word_1_438' title='bbox 1698 5125 1794 5165; x_wconf 92' lang='lat' dir='ltr'><strong><em>nos</em></strong></span> <span class='ocrx_word' id='word_1_439' title='bbox 1827 5110 1893 5165; x_wconf 91' lang='lat' dir='ltr'><strong><em>ad</em></strong></span> <span class='ocrx_word' id='word_1_440' title='bbox 1935 5109 2105 5163; x_wconf 90' lang='lat' dir='ltr'><strong><em>Deum</em></strong></span> 
     </span>
    </p>
   </div>
   <div class='ocr_carea' id='block_1_54' title="bbox 527 5201 2104 5280">
    <p class='ocr_par' dir='ltr' id='par_1_54' title="bbox 527 5201 2104 5280">
     <span class='ocr_line' id='line_1_54' title="bbox 527 5201 2104 5280; baseline -0.011 -11"><span class='ocrx_word' id='word_1_441' title='bbox 527 5217 746 5280; x_wconf 87' lang='lat' dir='ltr'><strong><em>ducunt,</em></strong></span> <span class='ocrx_word' id='word_1_442' title='bbox 775 5222 830 5268; x_wconf 91' lang='lat' dir='ltr'><strong><em>et</em></strong></span> <span class='ocrx_word' id='word_1_443' title='bbox 852 5212 942 5267; x_wconf 90' lang='lat' dir='ltr'><strong><em>Dei</em></strong></span> <span class='ocrx_word' id='word_1_444' title='bbox 963 5209 1317 5279; x_wconf 72' lang='lat' dir='ltr'><strong><em>cognitionem</em></strong></span> <span class='ocrx_word' id='word_1_445' title='bbox 1337 5205 1581 5276; x_wconf 89' lang='lat' dir='ltr'><strong><em>aperiunt</em></strong></span> <span class='ocrx_word' id='word_1_446' title='bbox 1600 5221 1614 5258; x_wconf 92' lang='lat'><strong>:</strong></span> <span class='ocrx_word' id='word_1_447' title='bbox 1633 5204 1715 5258; x_wconf 76' lang='lat' dir='ltr'><strong><em>lue</em></strong></span> <span class='ocrx_word' id='word_1_448' title='bbox 1734 5217 1863 5258; x_wconf 89' lang='lat' dir='ltr'><strong><em>oves</em></strong></span> <span class='ocrx_word' id='word_1_449' title='bbox 1886 5201 2104 5264; x_wconf 82' lang='lat' dir='ltr'><strong><em>faciunt,</em></strong></span> 
     </span>
    </p>
   </div>
   <div class='ocr_carea' id='block_1_55' title="bbox 529 5296 2107 5371">
    <p class='ocr_par' dir='ltr' id='par_1_55' title="bbox 529 5296 2107 5371">
     <span class='ocr_line' id='line_1_55' title="bbox 529 5296 2107 5371; baseline -0.008 -11"><span class='ocrx_word' id='word_1_450' title='bbox 529 5307 612 5360; x_wconf 75' lang='lat' dir='ltr'><strong><em>ba:</em></strong></span> <span class='ocrx_word' id='word_1_451' title='bbox 640 5305 942 5360; x_wconf 78' lang='lat' dir='ltr'><strong><em>custodio-nt</em></strong></span> <span class='ocrx_word' id='word_1_452' title='bbox 969 5346 984 5369; x_wconf 94' lang='lat'><strong><em>,</em></strong></span> <span class='ocrx_word' id='word_1_453' title='bbox 1033 5317 1132 5357; x_wconf 90' lang='lat' dir='ltr'><strong><em>nec</em></strong></span> <span class='ocrx_word' id='word_1_454' title='bbox 1156 5302 1310 5371; x_wconf 87' lang='lat' dir='ltr'><strong><em>lupos</em></strong></span> <span class='ocrx_word' id='word_1_455' title='bbox 1337 5298 1539 5371; x_wconf 81' lang='lat' dir='ltr'><strong><em>ingredi</em></strong></span> <span class='ocrx_word' id='word_1_456' title='bbox 1570 5299 1770 5352; x_wconf 87' lang='lat' dir='ltr'><strong><em>sinunt.</em></strong></span> <span class='ocrx_word' id='word_1_457' title='bbox 1813 5296 2107 5362; x_wconf 86' lang='lat' dir='ltr'><strong><em>Tamquam</em></strong></span> 
     </span>
    </p>
   </div>
   <div class='ocr_carea' id='block_1_56' title="bbox 529 5390 2104 5461">
    <p class='ocr_par' dir='ltr' id='par_1_56' title="bbox 529 5390 2104 5461">
     <span class='ocr_line' id='line_1_56' title="bbox 529 5390 2104 5461; baseline -0.008 -9"><span class='ocrx_word' id='word_1_458' title='bbox 529 5400 672 5454; x_wconf 87' lang='lat' dir='ltr'><strong><em>enim</em></strong></span> <span class='ocrx_word' id='word_1_459' title='bbox 715 5405 884 5451; x_wconf 87' lang='lat' dir='ltr'><strong><em>tntum</em></strong></span> <span class='ocrx_word' id='word_1_460' title='bbox 920 5396 1113 5450; x_wconf 88' lang='lat' dir='ltr'><strong><em>ostium</em></strong></span> <span class='ocrx_word' id='word_1_461' title='bbox 1137 5436 1153 5461; x_wconf 92' lang='lat'><strong><em>,</em></strong></span> <span class='ocrx_word' id='word_1_462' title='bbox 1200 5393 1481 5448; x_wconf 78' lang='lat' dir='ltr'><strong><em>lnereticos</em></strong></span> <span class='ocrx_word' id='word_1_463' title='bbox 1506 5392 1573 5445; x_wconf 90' lang='lat' dir='ltr'><strong><em>ab</em></strong></span> <span class='ocrx_word' id='word_1_464' title='bbox 1600 5390 1843 5461; x_wconf 80' lang='lat' dir='ltr'><strong><em>ingressu</em></strong></span> <span class='ocrx_word' id='word_1_465' title='bbox 1888 5395 2104 5451; x_wconf 89' lang='lat' dir='ltr'><strong><em>arcent,</em></strong></span> 
     </span>
    </p>
   </div>
   <div class='ocr_carea' id='block_1_57' title="bbox 530 5485 2110 5564">
    <p class='ocr_par' dir='ltr' id='par_1_57' title="bbox 530 5485 2110 5564">
     <span class='ocr_line' id='line_1_57' title="bbox 530 5485 2110 5564; baseline -0.011 -14"><span class='ocrx_word' id='word_1_466' title='bbox 530 5507 733 5564; x_wconf 87' lang='lat' dir='ltr'><strong><em>nosque</em></strong></span> <span class='ocrx_word' id='word_1_467' title='bbox 775 5492 826 5546; x_wconf 91' lang='lat' dir='ltr'><strong><em>in</em></strong></span> <span class='ocrx_word' id='word_1_468' title='bbox 871 5491 1154 5545; x_wconf 89' lang='lat' dir='ltr'><strong><em>securitate</em></strong></span> <span class='ocrx_word' id='word_1_469' title='bbox 1180 5504 1281 5557; x_wconf 88' lang='lat' dir='ltr'><strong><em>qua</em></strong></span> <span class='ocrx_word' id='word_1_470' title='bbox 1310 5487 1554 5541; x_wconf 89' lang='lat' dir='ltr'><strong><em>volumus</em></strong></span> <span class='ocrx_word' id='word_1_471' title='bbox 1596 5485 1962 5547; x_wconf 89' lang='lat' dir='ltr'><strong><em>constituunt,</em></strong></span> <span class='ocrx_word' id='word_1_472' title='bbox 2011 5495 2110 5535; x_wconf 89' lang='lat' dir='ltr'><strong><em>nec</em></strong></span> 
     </span>
    </p>
   </div>
   <div class='ocr_carea' id='block_1_58' title="bbox 532 5574 2108 5644">
    <p class='ocr_par' dir='ltr' id='par_1_58' title="bbox 532 5574 2108 5644">
     <span class='ocr_line' id='line_1_58' title="bbox 532 5574 2108 5644; baseline -0.011 -5"><span class='ocrx_word' id='word_1_473' title='bbox 532 5588 710 5639; x_wconf 80' lang='lat' dir='ltr'><strong><em>sinunt</em></strong></span> <span class='ocrx_word' id='word_1_474' title='bbox 746 5596 949 5636; x_wconf 87' lang='lat' dir='ltr'><strong><em>errare.</em></strong></span> <span class='ocrx_word' id='word_1_475' title='bbox 978 5580 1045 5635; x_wconf 87' lang='lat' dir='ltr'><strong><em>Et</em></strong></span> <span class='ocrx_word' id='word_1_476' title='bbox 1069 5579 1113 5633; x_wconf 89' lang='lat' dir='ltr'><strong><em>si</em></strong></span> <span class='ocrx_word' id='word_1_477' title='bbox 1141 5578 1242 5633; x_wconf 88' lang='lat' dir='ltr'><strong><em>hoc</em></strong></span> <span class='ocrx_word' id='word_1_478' title='bbox 1268 5577 1465 5632; x_wconf 87' lang='lat' dir='ltr'><strong><em>ostium</em></strong></span> <span class='ocrx_word' id='word_1_479' title='bbox 1497 5592 1601 5629; x_wconf 91' lang='lat' dir='ltr'><strong><em>non</em></strong></span> <span class='ocrx_word' id='word_1_480' title='bbox 1645 5574 1937 5644; x_wconf 88' lang='lat' dir='ltr'><strong><em>pandamus</em></strong></span> <span class='ocrx_word' id='word_1_481' title='bbox 1958 5613 1972 5636; x_wconf 93' lang='lat'><strong><em>,</em></strong></span> <span class='ocrx_word' id='word_1_482' title='bbox 2004 5586 2108 5624; x_wconf 90' lang='lat' dir='ltr'><strong><em>non</em></strong></span> 
     </span>
    </p>
   </div>
   <div class='ocr_carea' id='block_1_59' title="bbox 536 5666 2113 5742">
    <p class='ocr_par' dir='ltr' id='par_1_59' title="bbox 536 5666 2113 5742">
     <span class='ocr_line' id='line_1_59' title="bbox 536 5666 2113 5742; baseline -0.01 -11"><span class='ocrx_word' id='word_1_483' title='bbox 536 5678 737 5731; x_wconf 78' lang='lat' dir='ltr'><strong><em>erimus</em></strong></span> <span class='ocrx_word' id='word_1_484' title='bbox 783 5672 1011 5731; x_wconf 89' lang='lat' dir='ltr'><strong><em>inimicis</em></strong></span> <span class='ocrx_word' id='word_1_485' title='bbox 1054 5680 1213 5742; x_wconf 86' lang='lat' dir='ltr'><strong><em>captu</em></strong></span> <span class='ocrx_word' id='word_1_486' title='bbox 1264 5670 1462 5725; x_wconf 73' lang='lat' dir='ltr'><strong><em>faciles.</em></strong></span> <span class='ocrx_word' id='word_1_487' title='bbox 1514 5669 1647 5725; x_wconf 89' lang='lat' dir='ltr'><strong><em>lliue</em></strong></span> <span class='ocrx_word' id='word_1_488' title='bbox 1691 5681 1806 5731; x_wconf 87' lang='lat' dir='ltr'><strong><em>eos,</em></strong></span> <span class='ocrx_word' id='word_1_489' title='bbox 1855 5666 1941 5735; x_wconf 90' lang='lat' dir='ltr'><strong><em>qui</em></strong></span> <span class='ocrx_word' id='word_1_490' title='bbox 1988 5676 2113 5715; x_wconf 85' lang='lat' dir='ltr'><strong><em>vere</em></strong></span> 
     </span>
    </p>
   </div>
   <div class='ocr_carea' id='block_1_60' title="bbox 540 5753 2109 5838">
    <p class='ocr_par' dir='ltr' id='par_1_60' title="bbox 540 5753 2109 5838">
     <span class='ocr_line' id='line_1_60' title="bbox 540 5753 2109 5838; baseline -0.008 -18"><span class='ocrx_word' id='word_1_491' title='bbox 540 5777 799 5838; x_wconf 71' lang='lat' dir='ltr'><strong><em>pastores,</em></strong></span> <span class='ocrx_word' id='word_1_492' title='bbox 820 5776 874 5822; x_wconf 86' lang='lat' dir='ltr'><strong><em>et</em></strong></span> <span class='ocrx_word' id='word_1_493' title='bbox 892 5766 981 5836; x_wconf 89' lang='lat' dir='ltr'><strong><em>qui</em></strong></span> <span class='ocrx_word' id='word_1_494' title='bbox 1002 5779 1105 5820; x_wconf 89' lang='lat' dir='ltr'><strong><em>non</em></strong></span> <span class='ocrx_word' id='word_1_495' title='bbox 1130 5771 1369 5834; x_wconf 86' lang='lat' dir='ltr'><strong><em>pastores</em></strong></span> <span class='ocrx_word' id='word_1_496' title='bbox 1389 5769 1530 5827; x_wconf 91' lang='lat' dir='ltr'><strong><em>sunt,</em></strong></span> <span class='ocrx_word' id='word_1_497' title='bbox 1549 5773 1951 5830; x_wconf 75' lang='lat' dir='ltr'><strong><em>cognoscemus.</em></strong></span> <span class='ocrx_word' id='word_1_498' title='bbox 1974 5753 2109 5820; x_wconf 80' lang='lat' dir='ltr'><strong><em>Quid</em></strong></span> 
     </span>
    </p>
   </div>
   <div class='ocr_carea' id='block_1_61' title="bbox 1214 342 3008 415">
    <p class='ocr_par' dir='ltr' id='par_1_61' title="bbox 1214 342 3008 415">
     <span class='ocr_line' id='line_1_61' title="bbox 1214 342 3008 415; baseline -0.007 -1"><span class='ocrx_word' id='word_1_499' title='bbox 1214 361 1267 414; x_wconf 90' lang='lat' dir='ltr'><strong><em>S.</em></strong></span> <span class='ocrx_word' id='word_1_500' title='bbox 1310 355 1585 415; x_wconf 73' lang='lat' dir='ltr'><strong><em>JOANNIS</em></strong></span> <span class='ocrx_word' id='word_1_501' title='bbox 1622 344 2091 411; x_wconf 76' lang='lat' dir='ltr'><strong><em>CIIRYSOSTOMI</em></strong></span> <span class='ocrx_word' id='word_1_502' title='bbox 2128 344 2441 404; x_wconf 71' lang='lat' dir='ltr'><strong><em>ARCHIEP.</em></strong></span> <span class='ocrx_word' id='word_1_503' title='bbox 2483 342 2687 400; x_wconf 77' lang='lat' dir='ltr'><strong><em>CONS’I</em></strong></span> <span class='ocrx_word' id='word_1_504' title='bbox 2702 343 3008 403; x_wconf 69' lang='grc' dir='ltr'><strong><em>ΑΝΤΙΝΟΡ.</em></strong></span> 
     </span>
    </p>
   </div>
   <div class='ocr_carea' id='block_1_62' title="bbox 3634 342 3731 405">
    <p class='ocr_par' dir='ltr' id='par_1_62' title="bbox 3634 342 3731 405">
     <span class='ocr_line' id='line_1_62' title="bbox 3634 342 3731 405; baseline 0 -1"><span class='ocrx_word' id='word_1_505' title='bbox 3634 342 3731 405; x_wconf 64' lang='lat'><strong><em>32!</em></strong></span> 
     </span>
    </p>
   </div>
   <div class='ocr_carea' id='block_1_63' title="bbox 2163 454 3732 533">
    <p class='ocr_par' dir='ltr' id='par_1_63' title="bbox 2163 454 3732 533">
     <span class='ocr_line' id='line_1_63' title="bbox 2163 454 3732 533; baseline 0.014 -21"><span class='ocrx_word' id='word_1_506' title='bbox 2163 454 2263 512; x_wconf 89' lang='lat' dir='ltr'><strong><em>sibi</em></strong></span> <span class='ocrx_word' id='word_1_507' title='bbox 2289 457 2401 512; x_wconf 89' lang='lat' dir='ltr'><strong><em>vult</em></strong></span> <span class='ocrx_word' id='word_1_508' title='bbox 2423 466 2599 514; x_wconf 89' lang='lat' dir='ltr'><strong><em>autem</em></strong></span> <span class='ocrx_word' id='word_1_509' title='bbox 2622 502 2635 525; x_wconf 94' lang='lat'><strong><em>,</em></strong></span> <span class='ocrx_word' id='word_1_510' title='bbox 2672 459 2733 514; x_wconf 86' lang='lat' dir='ltr'><strong><em>In</em></strong></span> <span class='ocrx_word' id='word_1_511' title='bbox 2760 462 2930 517; x_wconf 75' lang='lat' dir='ltr'><strong><em>ovile?</em></strong></span> <span class='ocrx_word' id='word_1_512' title='bbox 2954 462 3009 519; x_wconf 84' lang='lat' dir='ltr'><strong><em>Id</em></strong></span> <span class='ocrx_word' id='word_1_513' title='bbox 3049 474 3160 529; x_wconf 86' lang='lat' dir='ltr'><strong><em>est,</em></strong></span> <span class='ocrx_word' id='word_1_514' title='bbox 3196 466 3275 523; x_wconf 68' lang='lat' dir='ltr'><strong><em>Ad</em></strong></span> <span class='ocrx_word' id='word_1_515' title='bbox 3306 470 3567 528; x_wconf 86' lang='lat' dir='ltr'><strong><em>curandas</em></strong></span> <span class='ocrx_word' id='word_1_516' title='bbox 3588 493 3732 533; x_wconf 70' lang='lat' dir='ltr'><strong><em>oves.</em></strong></span> 
     </span>
    </p>
   </div>
   <div class='ocr_carea' id='block_1_64' title="bbox 2164 546 3736 628">
    <p class='ocr_par' dir='ltr' id='par_1_64' title="bbox 2164 546 3736 628">
     <span class='ocr_line' id='line_1_64' title="bbox 2164 546 3736 628; baseline 0.015 -28"><span class='ocrx_word' id='word_1_517' title='bbox 2164 546 2264 614; x_wconf 78' lang='lat' dir='ltr'><strong><em>Qui</em></strong></span> <span class='ocrx_word' id='word_1_518' title='bbox 2298 548 2442 602; x_wconf 91' lang='lat' dir='ltr'><strong><em>enim</em></strong></span> <span class='ocrx_word' id='word_1_519' title='bbox 2486 563 2635 606; x_wconf 86' lang='lat' dir='ltr'><strong><em>sacra</em></strong></span> <span class='ocrx_word' id='word_1_520' title='bbox 2681 566 2785 607; x_wconf 93' lang='lat' dir='ltr'><strong><em>non</em></strong></span> <span class='ocrx_word' id='word_1_521' title='bbox 2829 554 2995 609; x_wconf 88' lang='lat' dir='ltr'><strong><em>utitur</em></strong></span> <span class='ocrx_word' id='word_1_522' title='bbox 3038 555 3340 628; x_wconf 81' lang='lat' dir='ltr'><strong><em>Scriptura,</em></strong></span> <span class='ocrx_word' id='word_1_523' title='bbox 3386 564 3480 618; x_wconf 86' lang='lat' dir='ltr'><strong><em>sed</em></strong></span> <span class='ocrx_word' id='word_1_524' title='bbox 3528 566 3736 624; x_wconf 83' lang='lat' dir='ltr'><strong><em>aliunde</em></strong></span> 
     </span>
    </p>
   </div>
   <div class='ocr_carea' id='block_1_65' title="bbox 2163 643 3737 718">
    <p class='ocr_par' dir='ltr' id='par_1_65' title="bbox 2163 643 3737 718">
     <span class='ocr_line' id='line_1_65' title="bbox 2163 643 3737 718; baseline 0.011 -20"><span class='ocrx_word' id='word_1_525' title='bbox 2163 643 2436 711; x_wconf 88' lang='lat' dir='ltr'><strong><em>ascendit;</em></strong></span> <span class='ocrx_word' id='word_1_526' title='bbox 2469 644 2519 700; x_wconf 93' lang='lat' dir='ltr'><strong><em>id</em></strong></span> <span class='ocrx_word' id='word_1_527' title='bbox 2548 656 2649 711; x_wconf 89' lang='lat' dir='ltr'><strong><em>est,</em></strong></span> <span class='ocrx_word' id='word_1_528' title='bbox 2680 647 2768 718; x_wconf 91' lang='lat' dir='ltr'><strong><em>qui</em></strong></span> <span class='ocrx_word' id='word_1_529' title='bbox 2804 649 2903 703; x_wconf 91' lang='lat' dir='ltr'><strong><em>sibi</em></strong></span> <span class='ocrx_word' id='word_1_530' title='bbox 2931 650 3087 704; x_wconf 88' lang='lat' dir='ltr'><strong><em>aliam</em></strong></span> <span class='ocrx_word' id='word_1_531' title='bbox 3115 661 3167 707; x_wconf 92' lang='lat' dir='ltr'><strong><em>et</em></strong></span> <span class='ocrx_word' id='word_1_532' title='bbox 3194 668 3298 708; x_wconf 92' lang='lat' dir='ltr'><strong><em>non</em></strong></span> <span class='ocrx_word' id='word_1_533' title='bbox 3326 665 3578 711; x_wconf 88' lang='lat' dir='ltr'><strong><em>statutam</em></strong></span> <span class='ocrx_word' id='word_1_534' title='bbox 3604 660 3737 715; x_wconf 78' lang='lat' dir='ltr'><strong><em>viain</em></strong></span> 
     </span>
    </p>
   </div>
   <div class='ocr_carea' id='block_1_66' title="bbox 2168 734 3739 806">
    <p class='ocr_par' dir='ltr' id='par_1_66' title="bbox 2168 734 3739 806">
     <span class='ocr_line' id='line_1_66' title="bbox 2168 734 3739 806; baseline 0.012 -19"><span class='ocrx_word' id='word_1_535' title='bbox 2168 736 2341 803; x_wconf 88' lang='lat' dir='ltr'><strong><em>aperit</em></strong></span> <span class='ocrx_word' id='word_1_536' title='bbox 2365 753 2379 791; x_wconf 89' lang='lat'><strong>:</strong></span> <span class='ocrx_word' id='word_1_537' title='bbox 2404 734 2489 791; x_wconf 91' lang='lat' dir='ltr'><strong><em>bie</em></strong></span> <span class='ocrx_word' id='word_1_538' title='bbox 2516 737 2598 791; x_wconf 91' lang='lat' dir='ltr'><strong><em>l&#39;ur</em></strong></span> <span class='ocrx_word' id='word_1_539' title='bbox 2621 746 2722 792; x_wconf 87' lang='lat' dir='ltr'><strong><em>est.</em></strong></span> <span class='ocrx_word' id='word_1_540' title='bbox 2758 739 2943 794; x_wconf 83' lang='lat' dir='ltr'><strong><em>Viden&#39;</em></strong></span> <span class='ocrx_word' id='word_1_541' title='bbox 2973 740 3096 797; x_wconf 86' lang='lat' dir='ltr'><strong><em>hinc</em></strong></span> <span class='ocrx_word' id='word_1_542' title='bbox 3121 759 3242 798; x_wconf 88' lang='lat' dir='ltr'><strong><em>eum</em></strong></span> <span class='ocrx_word' id='word_1_543' title='bbox 3270 760 3389 799; x_wconf 87' lang='lat' dir='ltr'><strong><em>cum</em></strong></span> <span class='ocrx_word' id='word_1_544' title='bbox 3426 748 3583 804; x_wconf 80' lang='lat' dir='ltr'><strong><em>Patre</em></strong></span> <span class='ocrx_word' id='word_1_545' title='bbox 3612 765 3739 806; x_wconf 85' lang='lat' dir='ltr'><strong><em>con-</em></strong></span> 
     </span>
    </p>
   </div>
   <div class='ocr_carea' id='block_1_67' title="bbox 2170 826 3743 899">
    <p class='ocr_par' dir='ltr' id='par_1_67' title="bbox 2170 826 3743 899">
     <span class='ocr_line' id='line_1_67' title="bbox 2170 826 3743 899; baseline 0.013 -21"><span class='ocrx_word' id='word_1_546' title='bbox 2170 826 2405 891; x_wconf 88' lang='lat' dir='ltr'><strong><em>sentire,</em></strong></span> <span class='ocrx_word' id='word_1_547' title='bbox 2444 827 2570 882; x_wconf 91' lang='lat' dir='ltr'><strong><em>dum</em></strong></span> <span class='ocrx_word' id='word_1_548' title='bbox 2615 828 2917 899; x_wconf 89' lang='lat' dir='ltr'><strong><em>Scripturas</em></strong></span> <span class='ocrx_word' id='word_1_549' title='bbox 2943 833 2994 886; x_wconf 93' lang='lat' dir='ltr'><strong><em>in</em></strong></span> <span class='ocrx_word' id='word_1_550' title='bbox 3024 834 3255 889; x_wconf 91' lang='lat' dir='ltr'><strong><em>medium</em></strong></span> <span class='ocrx_word' id='word_1_551' title='bbox 3283 837 3467 892; x_wconf 77' lang='lat' dir='ltr'><strong><em>all‘crt?</em></strong></span> <span class='ocrx_word' id='word_1_552' title='bbox 3507 840 3634 895; x_wconf 86' lang='lat' dir='ltr'><strong><em>Ideo</em></strong></span> <span class='ocrx_word' id='word_1_553' title='bbox 3658 841 3743 898; x_wconf 85' lang='lat' dir='ltr'><strong><em>Ju-</em></strong></span> 
     </span>
    </p>
   </div>
   <div class='ocr_carea' id='block_1_68' title="bbox 2172 914 3745 1000">
    <p class='ocr_par' dir='ltr' id='par_1_68' title="bbox 2172 914 3745 1000">
     <span class='ocr_line' id='line_1_68' title="bbox 2172 914 3745 1000; baseline 0.014 -32"><span class='ocrx_word' id='word_1_554' title='bbox 2172 914 2302 971; x_wconf 68' lang='lat' dir='ltr'><strong><em>daeis</em></strong></span> <span class='ocrx_word' id='word_1_555' title='bbox 2328 917 2558 982; x_wconf 89' lang='lat' dir='ltr'><strong><em>dicebat,</em></strong></span> <span class='ocrx_word' id='word_1_556' title='bbox 2584 920 2897 976; x_wconf 86' lang='lat' dir='ltr'><strong><em>Scrutamini</em></strong></span> <span class='ocrx_word' id='word_1_557' title='bbox 2927 924 3220 993; x_wconf 83' lang='lat' dir='ltr'><strong><em>Scripturas</em></strong></span> <span class='ocrx_word' id='word_1_558' title='bbox 3246 926 3421 997; x_wconf 83' lang='lat' dir='ltr'><strong><em>(Joan.</em></strong></span> <span class='ocrx_word' id='word_1_559' title='bbox 3458 933 3513 988; x_wconf 80' lang='lat'><strong><em>5.</em></strong></span> <span class='ocrx_word' id='word_1_560' title='bbox 3536 932 3665 1000; x_wconf 81' lang='lat'><strong><em>59);</em></strong></span> <span class='ocrx_word' id='word_1_561' title='bbox 3697 945 3745 990; x_wconf 88' lang='lat' dir='ltr'><strong><em>et</em></strong></span> 
     </span>
    </p>
   </div>
   <div class='ocr_carea' id='block_1_69' title="bbox 2172 1006 3746 1093">
    <p class='ocr_par' dir='ltr' id='par_1_69' title="bbox 2172 1006 3746 1093">
     <span class='ocr_line' id='line_1_69' title="bbox 2172 1006 3746 1093; baseline 0.011 -32"><span class='ocrx_word' id='word_1_562' title='bbox 2172 1006 2388 1080; x_wconf 82' lang='lat' dir='ltr'><strong><em>Moysen</em></strong></span> <span class='ocrx_word' id='word_1_563' title='bbox 2433 1009 2485 1063; x_wconf 92' lang='lat' dir='ltr'><strong><em>in</em></strong></span> <span class='ocrx_word' id='word_1_564' title='bbox 2516 1010 2749 1066; x_wconf 90' lang='lat' dir='ltr'><strong><em>medium</em></strong></span> <span class='ocrx_word' id='word_1_565' title='bbox 2783 1012 3009 1068; x_wconf 89' lang='lat' dir='ltr'><strong><em>adduxit</em></strong></span> <span class='ocrx_word' id='word_1_566' title='bbox 3037 1016 3086 1070; x_wconf 92' lang='lat' dir='ltr'><strong><em>in</em></strong></span> <span class='ocrx_word' id='word_1_567' title='bbox 3116 1026 3301 1072; x_wconf 90' lang='lat' dir='ltr'><strong><em>testem</em></strong></span> <span class='ocrx_word' id='word_1_568' title='bbox 3323 1061 3338 1084; x_wconf 92' lang='lat'><strong><em>,</em></strong></span> <span class='ocrx_word' id='word_1_569' title='bbox 3388 1037 3597 1076; x_wconf 84' lang='lat' dir='ltr'><strong><em>necnon</em></strong></span> <span class='ocrx_word' id='word_1_570' title='bbox 3630 1040 3746 1093; x_wconf 88' lang='lat' dir='ltr'><strong><em>pro-</em></strong></span> 
     </span>
    </p>
   </div>
   <div class='ocr_carea' id='block_1_70' title="bbox 2174 1099 3743 1184">
    <p class='ocr_par' dir='ltr' id='par_1_70' title="bbox 2174 1099 3743 1184">
     <span class='ocr_line' id='line_1_70' title="bbox 2174 1099 3743 1184; baseline 0.011 -33"><span class='ocrx_word' id='word_1_571' title='bbox 2174 1099 2361 1169; x_wconf 89' lang='lat' dir='ltr'><strong><em>phetas</em></strong></span> <span class='ocrx_word' id='word_1_572' title='bbox 2391 1115 2599 1156; x_wconf 90' lang='lat' dir='ltr'><strong><em>omnes.</em></strong></span> <span class='ocrx_word' id='word_1_573' title='bbox 2626 1102 2828 1168; x_wconf 85' lang='lat' dir='ltr'><strong><em>Omnes,</em></strong></span> <span class='ocrx_word' id='word_1_574' title='bbox 2863 1106 3051 1177; x_wconf 88' lang='lat' dir='ltr'><strong><em>inquit,</em></strong></span> <span class='ocrx_word' id='word_1_575' title='bbox 3082 1109 3169 1178; x_wconf 87' lang='lat' dir='ltr'><strong><em>qui</em></strong></span> <span class='ocrx_word' id='word_1_576' title='bbox 3194 1111 3406 1165; x_wconf 84' lang='lat' dir='ltr'><strong><em>audiunt</em></strong></span> <span class='ocrx_word' id='word_1_577' title='bbox 3438 1116 3743 1184; x_wconf 84' lang='lat' dir='ltr'><strong><em>prop/tetas,</em></strong></span> 
     </span>
    </p>
   </div>
   <div class='ocr_carea' id='block_1_71' title="bbox 2174 1192 3748 1271">
    <p class='ocr_par' dir='ltr' id='par_1_71' title="bbox 2174 1192 3748 1271">
     <span class='ocr_line' id='line_1_71' title="bbox 2174 1192 3748 1271; baseline 0.011 -28"><span class='ocrx_word' id='word_1_578' title='bbox 2174 1192 2366 1245; x_wconf 79' lang='lat' dir='ltr'><strong><em>venient</em></strong></span> <span class='ocrx_word' id='word_1_579' title='bbox 2392 1192 2462 1247; x_wconf 88' lang='lat' dir='ltr'><strong><em>ad</em></strong></span> <span class='ocrx_word' id='word_1_580' title='bbox 2498 1210 2579 1249; x_wconf 89' lang='lat' dir='ltr'><strong><em>me</em></strong></span> <span class='ocrx_word' id='word_1_581' title='bbox 2596 1210 2618 1258; x_wconf 90' lang='lat'><strong><em>;</em></strong></span> <span class='ocrx_word' id='word_1_582' title='bbox 2659 1204 2745 1260; x_wconf 91' lang='lat' dir='ltr'><strong><em>et,</em></strong></span> <span class='ocrx_word' id='word_1_583' title='bbox 2795 1196 2857 1250; x_wconf 89' lang='lat' dir='ltr'><strong><em>Si</em></strong></span> <span class='ocrx_word' id='word_1_584' title='bbox 2882 1199 3149 1252; x_wconf 77' lang='lat' dir='ltr'><strong><em>crederetis</em></strong></span> <span class='ocrx_word' id='word_1_585' title='bbox 3178 1200 3345 1271; x_wconf 82' lang='lat' dir='ltr'><strong><em>Moysi</em></strong></span> <span class='ocrx_word' id='word_1_586' title='bbox 3367 1242 3383 1267; x_wconf 92' lang='lat'><strong><em>,</em></strong></span> <span class='ocrx_word' id='word_1_587' title='bbox 3413 1204 3679 1259; x_wconf 84' lang='lat' dir='ltr'><strong><em>crederetis</em></strong></span> <span class='ocrx_word' id='word_1_588' title='bbox 3706 1216 3748 1260; x_wconf 84' lang='lat' dir='ltr'><strong><em>et</em></strong></span> 
     </span>
    </p>
   </div>
   <div class='ocr_carea' id='block_1_72' title="bbox 2175 1283 3747 1365">
    <p class='ocr_par' dir='ltr' id='par_1_72' title="bbox 2175 1283 3747 1365">
     <span class='ocr_line' id='line_1_72' title="bbox 2175 1283 3747 1365; baseline 0.011 -30"><span class='ocrx_word' id='word_1_589' title='bbox 2175 1283 2300 1336; x_wconf 77' lang='lat' dir='ltr'><strong><em>milii</em></strong></span> <span class='ocrx_word' id='word_1_590' title='bbox 2325 1283 2484 1356; x_wconf 83' lang='lat' dir='ltr'><strong><em>(Ibid.</em></strong></span> <span class='ocrx_word' id='word_1_591' title='bbox 2512 1301 2560 1339; x_wconf 82' lang='grc' dir='ltr'><strong>υ.</strong></span> <span class='ocrx_word' id='word_1_592' title='bbox 2583 1286 2693 1353; x_wconf 68' lang='grc'><strong><em>46).</em></strong></span> <span class='ocrx_word' id='word_1_593' title='bbox 2724 1288 2822 1342; x_wconf 86' lang='lat' dir='ltr'><strong><em>llic</em></strong></span> <span class='ocrx_word' id='word_1_594' title='bbox 2847 1304 3006 1358; x_wconf 88' lang='lat' dir='ltr'><strong><em>porro</em></strong></span> <span class='ocrx_word' id='word_1_595' title='bbox 3036 1290 3161 1345; x_wconf 91' lang='lat' dir='ltr'><strong><em>illud</em></strong></span> <span class='ocrx_word' id='word_1_596' title='bbox 3192 1292 3359 1361; x_wconf 91' lang='lat' dir='ltr'><strong><em>ipsum</em></strong></span> <span class='ocrx_word' id='word_1_597' title='bbox 3389 1297 3747 1365; x_wconf 81' lang='lat' dir='ltr'><strong><em>metapliorice</em></strong></span> 
     </span>
    </p>
   </div>
   <div class='ocr_carea' id='block_1_73' title="bbox 2177 1376 3749 1452">
    <p class='ocr_par' dir='ltr' id='par_1_73' title="bbox 2177 1376 3749 1452">
     <span class='ocr_line' id='line_1_73' title="bbox 2177 1376 3749 1452; baseline 0.01 -25"><span class='ocrx_word' id='word_1_598' title='bbox 2177 1376 2344 1443; x_wconf 89' lang='lat' dir='ltr'><strong><em>ponit.</em></strong></span> <span class='ocrx_word' id='word_1_599' title='bbox 2368 1376 2501 1430; x_wconf 88' lang='lat' dir='ltr'><strong><em>Cum</em></strong></span> <span class='ocrx_word' id='word_1_600' title='bbox 2552 1378 2686 1433; x_wconf 82' lang='lat' dir='ltr'><strong><em>dixit</em></strong></span> <span class='ocrx_word' id='word_1_601' title='bbox 2734 1387 2933 1447; x_wconf 90' lang='lat' dir='ltr'><strong><em>autem,</em></strong></span> <span class='ocrx_word' id='word_1_602' title='bbox 2990 1382 3226 1437; x_wconf 81' lang='lat' dir='ltr'><strong><em>Ascendit</em></strong></span> <span class='ocrx_word' id='word_1_603' title='bbox 3272 1386 3499 1452; x_wconf 84' lang='lat' dir='ltr'><strong><em>aliunde,</em></strong></span> <span class='ocrx_word' id='word_1_604' title='bbox 3548 1388 3749 1443; x_wconf 85' lang='lat' dir='ltr'><strong><em>scribas</em></strong></span> 
     </span>
    </p>
   </div>
   <div class='ocr_carea' id='block_1_74' title="bbox 2179 1464 3749 1543">
    <p class='ocr_par' dir='ltr' id='par_1_74' title="bbox 2179 1464 3749 1543">
     <span class='ocr_line' id='line_1_74' title="bbox 2179 1464 3749 1543; baseline 0.01 -26"><span class='ocrx_word' id='word_1_605' title='bbox 2179 1464 2567 1532; x_wconf 86' lang='lat' dir='ltr'><strong><em>subindieavit,</em></strong></span> <span class='ocrx_word' id='word_1_606' title='bbox 2608 1469 2730 1540; x_wconf 89' lang='lat' dir='ltr'><strong><em>quia</em></strong></span> <span class='ocrx_word' id='word_1_607' title='bbox 2759 1469 3020 1525; x_wconf 90' lang='lat' dir='ltr'><strong><em>docebant</em></strong></span> <span class='ocrx_word' id='word_1_608' title='bbox 3054 1483 3337 1543; x_wconf 83' lang='lat' dir='ltr'><strong><em>praecepta,</em></strong></span> <span class='ocrx_word' id='word_1_609' title='bbox 3362 1475 3638 1532; x_wconf 87' lang='lat' dir='ltr'><strong><em>doctrinas</em></strong></span> <span class='ocrx_word' id='word_1_610' title='bbox 3659 1477 3749 1532; x_wconf 61' lang='lat' dir='ltr'><strong><em>bo.</em></strong></span> 
     </span>
    </p>
   </div>
   <div class='ocr_carea' id='block_1_75' title="bbox 2178 1555 3747 1644">
    <p class='ocr_par' dir='ltr' id='par_1_75' title="bbox 2178 1555 3747 1644">
     <span class='ocr_line' id='line_1_75' title="bbox 2178 1555 3747 1644; baseline 0.008 -35"><span class='ocrx_word' id='word_1_611' title='bbox 2178 1555 2380 1644; x_wconf 0' lang='lat' dir='ltr'><strong><em>minium</em></strong></span> <span class='ocrx_word' id='word_1_612' title='bbox 2417 1555 2630 1628; x_wconf 80' lang='lat' dir='ltr'><strong><em>(Matth.</em></strong></span> <span class='ocrx_word' id='word_1_613' title='bbox 2662 1560 2748 1615; x_wconf 76' lang='grc'><strong><em>15.</em></strong></span> <span class='ocrx_word' id='word_1_614' title='bbox 2777 1560 2857 1632; x_wconf 84' lang='grc'><strong><em>9),</em></strong></span> <span class='ocrx_word' id='word_1_615' title='bbox 2898 1570 2952 1616; x_wconf 91' lang='lat' dir='ltr'><strong><em>et</em></strong></span> <span class='ocrx_word' id='word_1_616' title='bbox 2996 1563 3166 1634; x_wconf 81' lang='lat' dir='ltr'><strong><em>legem</em></strong></span> <span class='ocrx_word' id='word_1_617' title='bbox 3203 1566 3747 1636; x_wconf 78' lang='lat' dir='ltr'><strong><em>transgrediebantur,</em></strong></span> 
     </span>
    </p>
   </div>
   <div class='ocr_carea' id='block_1_76' title="bbox 2178 1647 3751 1729">
    <p class='ocr_par' dir='ltr' id='par_1_76' title="bbox 2178 1647 3751 1729">
     <span class='ocr_line' id='line_1_76' title="bbox 2178 1647 3751 1729; baseline 0.008 -29"><span class='ocrx_word' id='word_1_618' title='bbox 2178 1647 2320 1716; x_wconf 92' lang='lat' dir='ltr'><strong><em>quod</em></strong></span> <span class='ocrx_word' id='word_1_619' title='bbox 2358 1648 2482 1717; x_wconf 89' lang='lat' dir='ltr'><strong><em>ipsis</em></strong></span> <span class='ocrx_word' id='word_1_620' title='bbox 2520 1650 2846 1718; x_wconf 84' lang='lat' dir='ltr'><strong><em>exprobrans</em></strong></span> <span class='ocrx_word' id='word_1_621' title='bbox 2887 1652 3095 1709; x_wconf 87' lang='lat' dir='ltr'><strong><em>dicebat</em></strong></span> <span class='ocrx_word' id='word_1_622' title='bbox 3119 1672 3132 1709; x_wconf 90' lang='lat'>:</span> <span class='ocrx_word' id='word_1_623' title='bbox 3158 1656 3319 1712; x_wconf 86' lang='lat' dir='ltr'><strong><em>Nemo</em></strong></span> <span class='ocrx_word' id='word_1_624' title='bbox 3362 1666 3581 1711; x_wconf 83' lang='lat' dir='ltr'><strong><em>oestrum</em></strong></span> <span class='ocrx_word' id='word_1_625' title='bbox 3634 1661 3751 1729; x_wconf 79' lang='lat' dir='ltr'><strong><em>facit</em></strong></span> 
     </span>
    </p>
   </div>
   <div class='ocr_carea' id='block_1_77' title="bbox 2181 1741 3753 1818">
    <p class='ocr_par' dir='ltr' id='par_1_77' title="bbox 2181 1741 3753 1818">
     <span class='ocr_line' id='line_1_77' title="bbox 2181 1741 3753 1818; baseline 0.006 -21"><span class='ocrx_word' id='word_1_626' title='bbox 2181 1744 2337 1811; x_wconf 83' lang='lat' dir='ltr'><strong><em>legem</em></strong></span> <span class='ocrx_word' id='word_1_627' title='bbox 2359 1744 2533 1818; x_wconf 77' lang='lat' dir='ltr'><strong><em>(Joan.</em></strong></span> <span class='ocrx_word' id='word_1_628' title='bbox 2563 1741 2746 1814; x_wconf 70' lang='lat'><strong><em>7.19).</em></strong></span> <span class='ocrx_word' id='word_1_629' title='bbox 2772 1746 2849 1801; x_wconf 81' lang='lat' dir='ltr'><strong><em>Ae</em></strong></span> <span class='ocrx_word' id='word_1_630' title='bbox 2869 1748 3035 1818; x_wconf 83' lang='lat' dir='ltr'><strong><em>probe</em></strong></span> <span class='ocrx_word' id='word_1_631' title='bbox 3054 1748 3206 1816; x_wconf 88' lang='lat' dir='ltr'><strong><em>dixit,</em></strong></span> <span class='ocrx_word' id='word_1_632' title='bbox 3234 1748 3489 1815; x_wconf 83' lang='lat' dir='ltr'><strong><em>Ascendit,</em></strong></span> <span class='ocrx_word' id='word_1_633' title='bbox 3515 1766 3645 1818; x_wconf 90' lang='lat' dir='ltr'><strong><em>non,</em></strong></span> <span class='ocrx_word' id='word_1_634' title='bbox 3676 1751 3753 1807; x_wconf 82' lang='lat' dir='ltr'><strong><em>ln-</em></strong></span> 
     </span>
    </p>
   </div>
   <div class='ocr_carea' id='block_1_78' title="bbox 2182 1832 3752 1911">
    <p class='ocr_par' dir='ltr' id='par_1_78' title="bbox 2182 1832 3752 1911">
     <span class='ocr_line' id='line_1_78' title="bbox 2182 1832 3752 1911; baseline 0.006 -24"><span class='ocrx_word' id='word_1_635' title='bbox 2182 1832 2436 1904; x_wconf 80' lang='lat' dir='ltr'><strong><em>greditur,</em></strong></span> <span class='ocrx_word' id='word_1_636' title='bbox 2460 1837 2600 1906; x_wconf 89' lang='lat' dir='ltr'><strong><em>quod</em></strong></span> <span class='ocrx_word' id='word_1_637' title='bbox 2628 1848 2709 1893; x_wconf 86' lang='lat' dir='ltr'><strong><em>est</em></strong></span> <span class='ocrx_word' id='word_1_638' title='bbox 2734 1837 2865 1893; x_wconf 82' lang='lat' dir='ltr'><strong><em>luris</em></strong></span> <span class='ocrx_word' id='word_1_639' title='bbox 2893 1840 3148 1908; x_wconf 86' lang='lat' dir='ltr'><strong><em>parietem</em></strong></span> <span class='ocrx_word' id='word_1_640' title='bbox 3176 1841 3485 1911; x_wconf 80' lang='lat' dir='ltr'><strong><em>supergredi</em></strong></span> <span class='ocrx_word' id='word_1_641' title='bbox 3514 1843 3752 1906; x_wconf 85' lang='lat' dir='ltr'><strong><em>nitentis,</em></strong></span> 
     </span>
    </p>
   </div>
   <div class='ocr_carea' id='block_1_79' title="bbox 2182 1926 3754 2000">
    <p class='ocr_par' dir='ltr' id='par_1_79' title="bbox 2182 1926 3754 2000">
     <span class='ocr_line' id='line_1_79' title="bbox 2182 1926 3754 2000; baseline 0.006 -23"><span class='ocrx_word' id='word_1_642' title='bbox 2182 1933 2235 1978; x_wconf 92' lang='lat' dir='ltr'><strong><em>et</em></strong></span> <span class='ocrx_word' id='word_1_643' title='bbox 2252 1939 2370 1978; x_wconf 92' lang='lat' dir='ltr'><strong><em>eum</em></strong></span> <span class='ocrx_word' id='word_1_644' title='bbox 2394 1926 2631 1994; x_wconf 89' lang='lat' dir='ltr'><strong><em>periculo</em></strong></span> <span class='ocrx_word' id='word_1_645' title='bbox 2644 1927 2819 1981; x_wconf 89' lang='lat' dir='ltr'><strong><em>omnia</em></strong></span> <span class='ocrx_word' id='word_1_646' title='bbox 2835 1926 3287 1985; x_wconf 83' lang='lat' dir='ltr'><strong><em>lacientis.Viden’</em></strong></span> <span class='ocrx_word' id='word_1_647' title='bbox 3304 1931 3573 2000; x_wconf 88' lang='lat' dir='ltr'><strong><em>quomodo</em></strong></span> <span class='ocrx_word' id='word_1_648' title='bbox 3589 1931 3754 1987; x_wconf 79' lang='lat' dir='ltr'><strong><em>iurem</em></strong></span> 
     </span>
    </p>
   </div>
   <div class='ocr_carea' id='block_1_80' title="bbox 2183 2014 3754 2091">
    <p class='ocr_par' dir='ltr' id='par_1_80' title="bbox 2183 2014 3754 2091">
     <span class='ocr_line' id='line_1_80' title="bbox 2183 2014 3754 2091; baseline 0.005 -21"><span class='ocrx_word' id='word_1_649' title='bbox 2183 2014 2627 2086; x_wconf 84' lang='lat' dir='ltr'><strong><em>descripsit?Jam</em></strong></span> <span class='ocrx_word' id='word_1_650' title='bbox 2650 2019 2875 2087; x_wconf 89' lang='lat' dir='ltr'><strong><em>pastoris</em></strong></span> <span class='ocrx_word' id='word_1_651' title='bbox 2905 2018 3152 2075; x_wconf 88' lang='lat' dir='ltr'><strong><em>indicium</em></strong></span> <span class='ocrx_word' id='word_1_652' title='bbox 3179 2020 3754 2091; x_wconf 86' lang='lat' dir='ltr'><strong><em>animadverte.Quod-</em></strong></span> 
     </span>
    </p>
   </div>
   <div class='ocr_carea' id='block_1_81' title="bbox 2185 2106 3756 2183">
    <p class='ocr_par' dir='ltr' id='par_1_81' title="bbox 2185 2106 3756 2183">
     <span class='ocr_line' id='line_1_81' title="bbox 2185 2106 3756 2183; baseline 0.006 -22"><span class='ocrx_word' id='word_1_653' title='bbox 2185 2121 2307 2161; x_wconf 89' lang='lat' dir='ltr'><strong><em>nam</em></strong></span> <span class='ocrx_word' id='word_1_654' title='bbox 2341 2106 2466 2162; x_wconf 88' lang='lat' dir='ltr'><strong><em>illud</em></strong></span> <span class='ocrx_word' id='word_1_655' title='bbox 2506 2109 2631 2163; x_wconf 84' lang='lat' dir='ltr'><strong><em>est?</em></strong></span> <span class='ocrx_word' id='word_1_656' title='bbox 2669 2110 2725 2164; x_wconf 75' lang='grc'><strong><em>2.</em></strong></span> <span class='ocrx_word' id='word_1_657' title='bbox 2769 2110 2869 2174; x_wconf 79' lang='lat' dir='ltr'><strong><em>Qui</em></strong></span> <span class='ocrx_word' id='word_1_658' title='bbox 2904 2111 3060 2164; x_wconf 89' lang='lat' dir='ltr'><strong><em>intrat</em></strong></span> <span class='ocrx_word' id='word_1_659' title='bbox 3101 2127 3191 2181; x_wconf 85' lang='lat' dir='ltr'><strong><em>per</em></strong></span> <span class='ocrx_word' id='word_1_660' title='bbox 3235 2112 3450 2178; x_wconf 86' lang='lat' dir='ltr'><strong><em>ostium,</em></strong></span> <span class='ocrx_word' id='word_1_661' title='bbox 3493 2126 3665 2183; x_wconf 85' lang='lat' dir='ltr'><strong><em>pastor</em></strong></span> <span class='ocrx_word' id='word_1_662' title='bbox 3687 2123 3756 2169; x_wconf 87' lang='lat' dir='ltr'><strong><em>est</em></strong></span> 
     </span>
    </p>
   </div>
   <div class='ocr_carea' id='block_1_82' title="bbox 2185 2198 3757 2275">
    <p class='ocr_par' dir='ltr' id='par_1_82' title="bbox 2185 2198 3757 2275">
     <span class='ocr_line' id='line_1_82' title="bbox 2185 2198 3757 2275; baseline 0.003 -22"><span class='ocrx_word' id='word_1_663' title='bbox 2185 2198 2370 2253; x_wconf 80' lang='lat' dir='ltr'><strong><em>ovium.</em></strong></span> <span class='ocrx_word' id='word_1_664' title='bbox 2404 2200 2457 2254; x_wconf 75' lang='grc' dir='ltr'><strong><em>ὅ.</em></strong></span> <span class='ocrx_word' id='word_1_665' title='bbox 2489 2199 2621 2256; x_wconf 84' lang='lat' dir='ltr'><strong><em>Huic</em></strong></span> <span class='ocrx_word' id='word_1_666' title='bbox 2644 2202 2878 2256; x_wconf 86' lang='lat' dir='ltr'><strong><em>ostiarius</em></strong></span> <span class='ocrx_word' id='word_1_667' title='bbox 2903 2203 3084 2271; x_wconf 86' lang='lat' dir='ltr'><strong><em>aperit,</em></strong></span> <span class='ocrx_word' id='word_1_668' title='bbox 3129 2212 3178 2256; x_wconf 88' lang='lat' dir='ltr'><strong><em>et</em></strong></span> <span class='ocrx_word' id='word_1_669' title='bbox 3215 2219 3379 2258; x_wconf 81' lang='lat' dir='ltr'><strong><em>vocem</em></strong></span> <span class='ocrx_word' id='word_1_670' title='bbox 3401 2207 3509 2275; x_wconf 86' lang='lat' dir='ltr'><strong><em>ejus</em></strong></span> <span class='ocrx_word' id='word_1_671' title='bbox 3533 2222 3645 2261; x_wconf 76' lang='lat' dir='ltr'><strong><em>oves</em></strong></span> <span class='ocrx_word' id='word_1_672' title='bbox 3670 2224 3757 2258; x_wconf 76' lang='lat' dir='ltr'><strong><em>au-</em></strong></span> 
     </span>
    </p>
   </div>
   <div class='ocr_carea' id='block_1_83' title="bbox 2188 2291 3753 2363">
    <p class='ocr_par' dir='ltr' id='par_1_83' title="bbox 2188 2291 3753 2363">
     <span class='ocr_line' id='line_1_83' title="bbox 2188 2291 3753 2363; baseline 0.003 -18"><span class='ocrx_word' id='word_1_673' title='bbox 2188 2291 2352 2358; x_wconf 84' lang='lat' dir='ltr'><strong><em>diunt,</em></strong></span> <span class='ocrx_word' id='word_1_674' title='bbox 2381 2302 2427 2346; x_wconf 87' lang='lat' dir='ltr'><strong><em>et</em></strong></span> <span class='ocrx_word' id='word_1_675' title='bbox 2452 2293 2683 2363; x_wconf 82' lang='lat' dir='ltr'><strong><em>proprias</em></strong></span> <span class='ocrx_word' id='word_1_676' title='bbox 2707 2303 2848 2347; x_wconf 86' lang='lat' dir='ltr'><strong><em>vocat</em></strong></span> <span class='ocrx_word' id='word_1_677' title='bbox 2872 2294 3205 2361; x_wconf 88' lang='lat' dir='ltr'><strong><em>nominatim;</em></strong></span> <span class='ocrx_word' id='word_1_678' title='bbox 3229 2295 3285 2349; x_wconf 79' lang='grc'><strong>4.</strong></span> <span class='ocrx_word' id='word_1_679' title='bbox 3314 2305 3361 2349; x_wconf 87' lang='lat' dir='ltr'><strong><em>et</em></strong></span> <span class='ocrx_word' id='word_1_680' title='bbox 3386 2311 3502 2349; x_wconf 89' lang='lat' dir='ltr'><strong><em>cum</em></strong></span> <span class='ocrx_word' id='word_1_681' title='bbox 3526 2314 3611 2352; x_wconf 92' lang='lat' dir='ltr'><strong><em>eas</em></strong></span> <span class='ocrx_word' id='word_1_682' title='bbox 3634 2299 3727 2352; x_wconf 84' lang='lat' dir='ltr'><strong><em>emi</em></strong></span> <span class='ocrx_word' id='word_1_683' title='bbox 3736 2327 3753 2337; x_wconf 87' lang='lat'><strong>-</strong></span> 
     </span>
    </p>
   </div>
   <div class='ocr_carea' id='block_1_84' title="bbox 2190 2383 3758 2456">
    <p class='ocr_par' dir='ltr' id='par_1_84' title="bbox 2190 2383 3758 2456">
     <span class='ocr_line' id='line_1_84' title="bbox 2190 2383 3758 2456; baseline 0.003 -19"><span class='ocrx_word' id='word_1_684' title='bbox 2190 2384 2347 2448; x_wconf 87' lang='lat' dir='ltr'><strong><em>serit,</em></strong></span> <span class='ocrx_word' id='word_1_685' title='bbox 2392 2393 2509 2437; x_wconf 90' lang='lat' dir='ltr'><strong><em>ante</em></strong></span> <span class='ocrx_word' id='word_1_686' title='bbox 2534 2400 2620 2439; x_wconf 90' lang='lat' dir='ltr'><strong><em>eas</em></strong></span> <span class='ocrx_word' id='word_1_687' title='bbox 2648 2384 2804 2439; x_wconf 80' lang='lat' dir='ltr'><strong><em>vadit.</em></strong></span> <span class='ocrx_word' id='word_1_688' title='bbox 2833 2383 3028 2440; x_wconf 76' lang='lat' dir='ltr'><strong><em>indicia</em></strong></span> <span class='ocrx_word' id='word_1_689' title='bbox 3066 2385 3246 2454; x_wconf 81' lang='lat' dir='ltr'><strong><em>posuit</em></strong></span> <span class='ocrx_word' id='word_1_690' title='bbox 3269 2394 3323 2441; x_wconf 90' lang='lat' dir='ltr'><strong><em>et</em></strong></span> <span class='ocrx_word' id='word_1_691' title='bbox 3345 2387 3575 2456; x_wconf 85' lang='lat' dir='ltr'><strong><em>pastoris</em></strong></span> <span class='ocrx_word' id='word_1_692' title='bbox 3604 2397 3659 2442; x_wconf 91' lang='lat' dir='ltr'><strong><em>et</em></strong></span> <span class='ocrx_word' id='word_1_693' title='bbox 3688 2388 3758 2441; x_wconf 81' lang='lat' dir='ltr'><strong><em>la-</em></strong></span> 
     </span>
    </p>
   </div>
   <div class='ocr_carea' id='block_1_85' title="bbox 2192 2473 3757 2546">
    <p class='ocr_par' dir='ltr' id='par_1_85' title="bbox 2192 2473 3757 2546">
     <span class='ocr_line' id='line_1_85' title="bbox 2192 2473 3757 2546; baseline 0.001 -19"><span class='ocrx_word' id='word_1_694' title='bbox 2192 2473 2378 2527; x_wconf 88' lang='lat' dir='ltr'><strong><em>tronis.</em></strong></span> <span class='ocrx_word' id='word_1_695' title='bbox 2424 2473 2711 2530; x_wconf 80' lang='lat' dir='ltr'><strong><em>Videamus</em></strong></span> <span class='ocrx_word' id='word_1_696' title='bbox 2748 2490 2854 2545; x_wconf 91' lang='lat' dir='ltr'><strong><em>quo</em></strong></span> <span class='ocrx_word' id='word_1_697' title='bbox 2896 2484 3051 2546; x_wconf 88' lang='lat' dir='ltr'><strong><em>pacto</em></strong></span> <span class='ocrx_word' id='word_1_698' title='bbox 3081 2475 3184 2531; x_wconf 86' lang='lat' dir='ltr'><strong><em>illis</em></strong></span> <span class='ocrx_word' id='word_1_699' title='bbox 3210 2476 3481 2546; x_wconf 84' lang='lat' dir='ltr'><strong><em>sequentia</em></strong></span> <span class='ocrx_word' id='word_1_700' title='bbox 3511 2477 3757 2546; x_wconf 84' lang='lat' dir='ltr'><strong><em>applicet.</em></strong></span> 
     </span>
    </p>
   </div>
   <div class='ocr_carea' id='block_1_86' title="bbox 2193 2562 3760 2638">
    <p class='ocr_par' dir='ltr' id='par_1_86' title="bbox 2193 2562 3760 2638">
     <span class='ocr_line' id='line_1_86' title="bbox 2193 2562 3760 2638; baseline 0.004 -21"><span class='ocrx_word' id='word_1_701' title='bbox 2193 2562 2352 2629; x_wconf 82' lang='lat' dir='ltr'><strong><em>Huic,</em></strong></span> <span class='ocrx_word' id='word_1_702' title='bbox 2383 2564 2571 2635; x_wconf 89' lang='lat' dir='ltr'><strong><em>inquit,</em></strong></span> <span class='ocrx_word' id='word_1_703' title='bbox 2600 2567 2837 2621; x_wconf 87' lang='lat' dir='ltr'><strong><em>ostiarius</em></strong></span> <span class='ocrx_word' id='word_1_704' title='bbox 2862 2568 3043 2637; x_wconf 87' lang='lat' dir='ltr'><strong><em>aperit.</em></strong></span> <span class='ocrx_word' id='word_1_705' title='bbox 3078 2566 3133 2621; x_wconf 89' lang='lat' dir='ltr'><strong><em>ln</em></strong></span> <span class='ocrx_word' id='word_1_706' title='bbox 3174 2566 3472 2638; x_wconf 78' lang='lat' dir='ltr'><strong><em>metaphora</em></strong></span> <span class='ocrx_word' id='word_1_707' title='bbox 3496 2569 3760 2638; x_wconf 74' lang='lat' dir='ltr'><strong><em>persistit,</em></strong></span> 
     </span>
    </p>
   </div>
   <div class='ocr_carea' id='block_1_87' title="bbox 2193 2657 3757 2731">
    <p class='ocr_par' dir='ltr' id='par_1_87' title="bbox 2193 2657 3757 2731">
     <span class='ocr_line' id='line_1_87' title="bbox 2193 2657 3757 2731; baseline 0.004 -22"><span class='ocrx_word' id='word_1_708' title='bbox 2193 2664 2253 2710; x_wconf 92' lang='lat' dir='ltr'><strong><em>ut</em></strong></span> <span class='ocrx_word' id='word_1_709' title='bbox 2296 2657 2675 2727; x_wconf 81' lang='lat' dir='ltr'><strong><em>signiﬁcantius</em></strong></span> <span class='ocrx_word' id='word_1_710' title='bbox 2717 2658 2982 2730; x_wconf 89' lang='lat' dir='ltr'><strong><em>loquatur.</em></strong></span> <span class='ocrx_word' id='word_1_711' title='bbox 3034 2658 3187 2727; x_wconf 85' lang='lat' dir='ltr'><strong><em>Quod</em></strong></span> <span class='ocrx_word' id='word_1_712' title='bbox 3229 2660 3272 2715; x_wconf 92' lang='lat' dir='ltr'><strong><em>si</em></strong></span> <span class='ocrx_word' id='word_1_713' title='bbox 3301 2660 3555 2731; x_wconf 59' lang='lat' dir='ltr'><strong><em>parabolas</em></strong></span> <span class='ocrx_word' id='word_1_714' title='bbox 3591 2659 3757 2716; x_wconf 79' lang='lat' dir='ltr'><strong><em>verba</em></strong></span> 
     </span>
    </p>
   </div>
   <div class='ocr_carea' id='block_1_88' title="bbox 2194 2747 3765 2820">
    <p class='ocr_par' dir='ltr' id='par_1_88' title="bbox 2194 2747 3765 2820">
     <span class='ocr_line' id='line_1_88' title="bbox 2194 2747 3765 2820; baseline 0.004 -20"><span class='ocrx_word' id='word_1_715' title='bbox 2194 2747 2398 2818; x_wconf 80' lang='lat' dir='ltr'><strong><em>singula</em></strong></span> <span class='ocrx_word' id='word_1_716' title='bbox 2441 2749 2722 2819; x_wconf 89' lang='lat' dir='ltr'><strong><em>explorare</em></strong></span> <span class='ocrx_word' id='word_1_717' title='bbox 2768 2751 2932 2816; x_wconf 90' lang='lat' dir='ltr'><strong><em>velis,</em></strong></span> <span class='ocrx_word' id='word_1_718' title='bbox 2980 2750 3113 2807; x_wconf 87' lang='lat' dir='ltr'><strong><em>nihil</em></strong></span> <span class='ocrx_word' id='word_1_719' title='bbox 3152 2751 3326 2806; x_wconf 89' lang='lat' dir='ltr'><strong><em>obstat</em></strong></span> <span class='ocrx_word' id='word_1_720' title='bbox 3361 2751 3636 2820; x_wconf 82' lang='lat' dir='ltr'><strong><em>quominus</em></strong></span> <span class='ocrx_word' id='word_1_721' title='bbox 3671 2752 3765 2806; x_wconf 78' lang='lat' dir='ltr'><strong><em>hic</em></strong></span> 
     </span>
    </p>
   </div>
   <div class='ocr_carea' id='block_1_89' title="bbox 2194 2838 3766 2914">
    <p class='ocr_par' dir='ltr' id='par_1_89' title="bbox 2194 2838 3766 2914">
     <span class='ocr_line' id='line_1_89' title="bbox 2194 2838 3766 2914; baseline 0.002 -21"><span class='ocrx_word' id='word_1_722' title='bbox 2194 2838 2471 2893; x_wconf 90' lang='lat' dir='ltr'><strong><em>ostiarium</em></strong></span> <span class='ocrx_word' id='word_1_723' title='bbox 2516 2841 2872 2910; x_wconf 75' lang='lat' dir='ltr'><strong><em>intelligamus</em></strong></span> <span class='ocrx_word' id='word_1_724' title='bbox 2900 2842 3136 2914; x_wconf 83' lang='lat' dir='ltr'><strong><em>Moysen.</em></strong></span> <span class='ocrx_word' id='word_1_725' title='bbox 3167 2840 3243 2896; x_wconf 84' lang='lat' dir='ltr'><strong><em>illi</em></strong></span> <span class='ocrx_word' id='word_1_726' title='bbox 3273 2857 3497 2912; x_wconf 89' lang='lat' dir='ltr'><strong><em>namque</em></strong></span> <span class='ocrx_word' id='word_1_727' title='bbox 3533 2842 3628 2896; x_wconf 86' lang='lat' dir='ltr'><strong><em>Dei</em></strong></span> <span class='ocrx_word' id='word_1_728' title='bbox 3655 2842 3766 2896; x_wconf 86' lang='lat' dir='ltr'><strong><em>elo-</em></strong></span> 
     </span>
    </p>
   </div>
   <div class='ocr_carea' id='block_1_90' title="bbox 2196 2931 3767 3004">
    <p class='ocr_par' dir='ltr' id='par_1_90' title="bbox 2196 2931 3767 3004">
     <span class='ocr_line' id='line_1_90' title="bbox 2196 2931 3767 3004; baseline 0.003 -21"><span class='ocrx_word' id='word_1_729' title='bbox 2196 2932 2317 2999; x_wconf 88' lang='lat' dir='ltr'><strong><em>quia</em></strong></span> <span class='ocrx_word' id='word_1_730' title='bbox 2347 2931 2546 2987; x_wconf 88' lang='lat' dir='ltr'><strong><em>credita</em></strong></span> <span class='ocrx_word' id='word_1_731' title='bbox 2572 2943 2715 3001; x_wconf 91' lang='lat' dir='ltr'><strong><em>sunt,</em></strong></span> <span class='ocrx_word' id='word_1_732' title='bbox 2740 2936 2891 3004; x_wconf 88' lang='lat' dir='ltr'><strong><em>cuius</em></strong></span> <span class='ocrx_word' id='word_1_733' title='bbox 2916 2950 3100 2991; x_wconf 89' lang='lat' dir='ltr'><strong><em>vocem</em></strong></span> <span class='ocrx_word' id='word_1_734' title='bbox 3127 2949 3256 2991; x_wconf 89' lang='lat' dir='ltr'><strong><em>oves</em></strong></span> <span class='ocrx_word' id='word_1_735' title='bbox 3282 2934 3519 2999; x_wconf 88' lang='lat' dir='ltr'><strong><em>audiunt,</em></strong></span> <span class='ocrx_word' id='word_1_736' title='bbox 3551 2933 3615 2989; x_wconf 86' lang='lat' dir='ltr'><strong><em>Et</em></strong></span> <span class='ocrx_word' id='word_1_737' title='bbox 3644 2951 3767 3002; x_wconf 84' lang='lat' dir='ltr'><strong><em>pro-</em></strong></span> 
     </span>
    </p>
   </div>
   <div class='ocr_carea' id='block_1_91' title="bbox 2198 3022 3769 3095">
    <p class='ocr_par' dir='ltr' id='par_1_91' title="bbox 2198 3022 3769 3095">
     <span class='ocr_line' id='line_1_91' title="bbox 2198 3022 3769 3095; baseline 0.003 -20"><span class='ocrx_word' id='word_1_738' title='bbox 2198 3022 2337 3091; x_wconf 80' lang='lat' dir='ltr'><strong><em>prias</em></strong></span> <span class='ocrx_word' id='word_1_739' title='bbox 2379 3032 2520 3077; x_wconf 80' lang='lat' dir='ltr'><strong><em>vocat</em></strong></span> <span class='ocrx_word' id='word_1_740' title='bbox 2560 3026 2874 3079; x_wconf 85' lang='lat' dir='ltr'><strong><em>nominatim.</em></strong></span> <span class='ocrx_word' id='word_1_741' title='bbox 2920 3023 3052 3080; x_wconf 87' lang='lat' dir='ltr'><strong><em>Cum</em></strong></span> <span class='ocrx_word' id='word_1_742' title='bbox 3092 3026 3234 3080; x_wconf 90' lang='lat' dir='ltr'><strong><em>enim</em></strong></span> <span class='ocrx_word' id='word_1_743' title='bbox 3273 3025 3421 3080; x_wconf 88' lang='lat' dir='ltr'><strong><em>illum</em></strong></span> <span class='ocrx_word' id='word_1_744' title='bbox 3466 3026 3769 3095; x_wconf 77' lang='lat' dir='ltr'><strong><em>frequenter</em></strong></span> 
     </span>
    </p>
   </div>
   <div class='ocr_carea' id='block_1_92' title="bbox 2198 3115 3773 3187">
    <p class='ocr_par' dir='ltr' id='par_1_92' title="bbox 2198 3115 3773 3187">
     <span class='ocr_line' id='line_1_92' title="bbox 2198 3115 3773 3187; baseline 0.001 -19"><span class='ocrx_word' id='word_1_745' title='bbox 2198 3115 2535 3185; x_wconf 89' lang='lat' dir='ltr'><strong><em>deceptorcm</em></strong></span> <span class='ocrx_word' id='word_1_746' title='bbox 2564 3125 2835 3181; x_wconf 86' lang='lat' dir='ltr'><strong><em>vocarent,</em></strong></span> <span class='ocrx_word' id='word_1_747' title='bbox 2865 3117 3021 3187; x_wconf 88' lang='lat' dir='ltr'><strong><em>idque</em></strong></span> <span class='ocrx_word' id='word_1_748' title='bbox 3047 3132 3112 3173; x_wconf 88' lang='lat' dir='ltr'><strong><em>ex</em></strong></span> <span class='ocrx_word' id='word_1_749' title='bbox 3140 3116 3505 3172; x_wconf 90' lang='lat' dir='ltr'><strong><em>incredulitate</em></strong></span> <span class='ocrx_word' id='word_1_750' title='bbox 3526 3132 3617 3171; x_wconf 87' lang='lat' dir='ltr'><strong><em>sua</em></strong></span> <span class='ocrx_word' id='word_1_751' title='bbox 3642 3132 3773 3171; x_wconf 78' lang='lat' dir='ltr'><strong><em>cou-</em></strong></span> 
     </span>
    </p>
   </div>
   <div class='ocr_carea' id='block_1_93' title="bbox 2200 3205 3772 3278">
    <p class='ocr_par' dir='ltr' id='par_1_93' title="bbox 2200 3205 3772 3278">
     <span class='ocr_line' id='line_1_93' title="bbox 2200 3205 3772 3278; baseline 0.001 -19"><span class='ocrx_word' id='word_1_752' title='bbox 2200 3205 2474 3261; x_wconf 86' lang='lat' dir='ltr'><strong><em>lirmarcnt</em></strong></span> <span class='ocrx_word' id='word_1_753' title='bbox 2515 3207 2783 3273; x_wconf 88' lang='lat' dir='ltr'><strong><em>dicentes,</em></strong></span> <span class='ocrx_word' id='word_1_754' title='bbox 2821 3207 2944 3275; x_wconf 85' lang='lat' dir='ltr'><strong><em>Quis</em></strong></span> <span class='ocrx_word' id='word_1_755' title='bbox 2984 3209 3272 3278; x_wconf 81' lang='lat' dir='ltr'><strong><em>principum</em></strong></span> <span class='ocrx_word' id='word_1_756' title='bbox 3313 3208 3524 3263; x_wconf 86' lang='lat' dir='ltr'><strong><em>credidit</em></strong></span> <span class='ocrx_word' id='word_1_757' title='bbox 3567 3211 3619 3263; x_wconf 84' lang='lat' dir='ltr'><strong><em>in</em></strong></span> <span class='ocrx_word' id='word_1_758' title='bbox 3658 3226 3772 3265; x_wconf 80' lang='lat' dir='ltr'><strong><em>eum</em></strong></span> 
     </span>
    </p>
   </div>
   <div class='ocr_carea' id='block_1_94' title="bbox 2204 3294 3773 3368">
    <p class='ocr_par' dir='ltr' id='par_1_94' title="bbox 2204 3294 3773 3368">
     <span class='ocr_line' id='line_1_94' title="bbox 2204 3294 3773 3368; baseline 0.003 -21"><span class='ocrx_word' id='word_1_759' title='bbox 2204 3294 2381 3365; x_wconf 83' lang='lat' dir='ltr'><strong><em>(Joan.</em></strong></span> <span class='ocrx_word' id='word_1_760' title='bbox 2413 3298 2465 3351; x_wconf 85' lang='lat'><strong><em>7.</em></strong></span> <span class='ocrx_word' id='word_1_761' title='bbox 2498 3298 2626 3367; x_wconf 67' lang='lat'><strong><em>48)?</em></strong></span> <span class='ocrx_word' id='word_1_762' title='bbox 2657 3313 2762 3353; x_wconf 92' lang='lat' dir='ltr'><strong><em>non</em></strong></span> <span class='ocrx_word' id='word_1_763' title='bbox 2791 3314 2856 3354; x_wconf 92' lang='lat' dir='ltr'><strong><em>ex</em></strong></span> <span class='ocrx_word' id='word_1_764' title='bbox 2886 3299 3118 3368; x_wconf 86' lang='lat' dir='ltr'><strong><em>ipsorum</em></strong></span> <span class='ocrx_word' id='word_1_765' title='bbox 3156 3300 3524 3355; x_wconf 88' lang='lat' dir='ltr'><strong><em>incredulitate</em></strong></span> <span class='ocrx_word' id='word_1_766' title='bbox 3548 3314 3608 3354; x_wconf 85' lang='lat' dir='ltr'><strong><em>se</em></strong></span> <span class='ocrx_word' id='word_1_767' title='bbox 3628 3341 3642 3362; x_wconf 90' lang='lat'><strong><em>,</em></strong></span> <span class='ocrx_word' id='word_1_768' title='bbox 3680 3301 3773 3353; x_wconf 87' lang='lat' dir='ltr'><strong><em>sed</em></strong></span> 
     </span>
    </p>
   </div>
   <div class='ocr_carea' id='block_1_95' title="bbox 2201 3387 3773 3459">
    <p class='ocr_par' dir='ltr' id='par_1_95' title="bbox 2201 3387 3773 3459">
     <span class='ocr_line' id='line_1_95' title="bbox 2201 3387 3773 3459; baseline 0.002 -19"><span class='ocrx_word' id='word_1_769' title='bbox 2201 3387 2321 3442; x_wconf 89' lang='lat' dir='ltr'><strong><em>illos</em></strong></span> <span class='ocrx_word' id='word_1_770' title='bbox 2362 3387 2673 3459; x_wconf 76' lang='lat' dir='ltr'><strong><em>deceptores</em></strong></span> <span class='ocrx_word' id='word_1_771' title='bbox 2698 3398 2752 3444; x_wconf 91' lang='lat' dir='ltr'><strong><em>et</em></strong></span> <span class='ocrx_word' id='word_1_772' title='bbox 2782 3390 3106 3455; x_wconf 82' lang='lat' dir='ltr'><strong><em>perniciosos</em></strong></span> <span class='ocrx_word' id='word_1_773' title='bbox 3145 3405 3265 3445; x_wconf 90' lang='lat' dir='ltr'><strong><em>esse</em></strong></span> <span class='ocrx_word' id='word_1_774' title='bbox 3312 3390 3578 3445; x_wconf 87' lang='lat' dir='ltr'><strong><em>voeandos</em></strong></span> <span class='ocrx_word' id='word_1_775' title='bbox 3607 3390 3734 3444; x_wconf 76' lang='lat' dir='ltr'><strong><em>dicit</em></strong></span> <span class='ocrx_word' id='word_1_776' title='bbox 3756 3429 3773 3453; x_wconf 89' lang='lat'><strong><em>,</em></strong></span> 
     </span>
    </p>
   </div>
   <div class='ocr_carea' id='block_1_96' title="bbox 2200 3481 3777 3552">
    <p class='ocr_par' dir='ltr' id='par_1_96' title="bbox 2200 3481 3777 3552">
     <span class='ocr_line' id='line_1_96' title="bbox 2200 3481 3777 3552; baseline 0.001 -20"><span class='ocrx_word' id='word_1_777' title='bbox 2200 3481 2341 3550; x_wconf 83' lang='lat' dir='ltr'><strong><em>quod</em></strong></span> <span class='ocrx_word' id='word_1_778' title='bbox 2369 3481 2466 3535; x_wconf 90' lang='lat' dir='ltr'><strong><em>sibi</em></strong></span> <span class='ocrx_word' id='word_1_779' title='bbox 2499 3498 2601 3535; x_wconf 91' lang='lat' dir='ltr'><strong><em>non</em></strong></span> <span class='ocrx_word' id='word_1_780' title='bbox 2632 3482 3002 3545; x_wconf 81' lang='lat' dir='ltr'><strong><em>attenderem,</em></strong></span> <span class='ocrx_word' id='word_1_781' title='bbox 3034 3496 3098 3536; x_wconf 90' lang='lat' dir='ltr'><strong><em>ae</em></strong></span> <span class='ocrx_word' id='word_1_782' title='bbox 3127 3481 3348 3552; x_wconf 89' lang='lat' dir='ltr'><strong><em>proinde</em></strong></span> <span class='ocrx_word' id='word_1_783' title='bbox 3373 3496 3439 3536; x_wconf 87' lang='lat' dir='ltr'><strong><em>ex</em></strong></span> <span class='ocrx_word' id='word_1_784' title='bbox 3467 3481 3646 3536; x_wconf 83' lang='lat' dir='ltr'><strong><em>ovium</em></strong></span> <span class='ocrx_word' id='word_1_785' title='bbox 3676 3498 3777 3535; x_wconf 84' lang='lat' dir='ltr'><strong><em>nu-</em></strong></span> 
     </span>
    </p>
   </div>
   <div class='ocr_carea' id='block_1_97' title="bbox 2201 3571 3778 3642">
    <p class='ocr_par' dir='ltr' id='par_1_97' title="bbox 2201 3571 3778 3642">
     <span class='ocr_line' id='line_1_97' title="bbox 2201 3571 3778 3642; baseline -0.001 -17"><span class='ocrx_word' id='word_1_786' title='bbox 2201 3587 2351 3625; x_wconf 88' lang='lat' dir='ltr'><strong><em>mero</em></strong></span> <span class='ocrx_word' id='word_1_787' title='bbox 2372 3572 2491 3642; x_wconf 88' lang='lat' dir='ltr'><strong><em>iure</em></strong></span> <span class='ocrx_word' id='word_1_788' title='bbox 2529 3573 2683 3641; x_wconf 88' lang='lat' dir='ltr'><strong><em>eiecti</em></strong></span> <span class='ocrx_word' id='word_1_789' title='bbox 2713 3583 2911 3627; x_wconf 89' lang='lat' dir='ltr'><strong><em>essent.</em></strong></span> <span class='ocrx_word' id='word_1_790' title='bbox 2940 3571 3071 3628; x_wconf 86' lang='lat' dir='ltr'><strong><em>Nam</em></strong></span> <span class='ocrx_word' id='word_1_791' title='bbox 3099 3574 3142 3627; x_wconf 89' lang='lat' dir='ltr'><strong><em>si</em></strong></span> <span class='ocrx_word' id='word_1_792' title='bbox 3174 3572 3403 3641; x_wconf 87' lang='lat' dir='ltr'><strong><em>pastoris</em></strong></span> <span class='ocrx_word' id='word_1_793' title='bbox 3435 3580 3515 3626; x_wconf 89' lang='lat' dir='ltr'><strong><em>est</em></strong></span> <span class='ocrx_word' id='word_1_794' title='bbox 3540 3586 3638 3640; x_wconf 83' lang='lat' dir='ltr'><strong><em>per</em></strong></span> <span class='ocrx_word' id='word_1_795' title='bbox 3667 3581 3778 3625; x_wconf 83' lang='lat' dir='ltr'><strong><em>sta-</em></strong></span> 
     </span>
    </p>
   </div>
   <div class='ocr_carea' id='block_1_98' title="bbox 2204 3661 3780 3736">
    <p class='ocr_par' dir='ltr' id='par_1_98' title="bbox 2204 3661 3780 3736">
     <span class='ocr_line' id='line_1_98' title="bbox 2204 3661 3780 3736; baseline -0.002 -19"><span class='ocrx_word' id='word_1_796' title='bbox 2204 3673 2371 3719; x_wconf 90' lang='lat' dir='ltr'><strong><em>tutum</em></strong></span> <span class='ocrx_word' id='word_1_797' title='bbox 2413 3664 2615 3736; x_wconf 73' lang='lat' dir='ltr'><strong><em>ingredi</em></strong></span> <span class='ocrx_word' id='word_1_798' title='bbox 2643 3664 2839 3720; x_wconf 88' lang='lat' dir='ltr'><strong><em>ostium</em></strong></span> <span class='ocrx_word' id='word_1_799' title='bbox 2857 3706 2872 3732; x_wconf 90' lang='lat'><strong><em>,</em></strong></span> <span class='ocrx_word' id='word_1_800' title='bbox 2898 3672 2952 3719; x_wconf 89' lang='lat' dir='ltr'><strong><em>et</em></strong></span> <span class='ocrx_word' id='word_1_801' title='bbox 2977 3664 3089 3734; x_wconf 90' lang='lat' dir='ltr'><strong><em>ipse</em></strong></span> <span class='ocrx_word' id='word_1_802' title='bbox 3114 3678 3209 3735; x_wconf 89' lang='lat' dir='ltr'><strong><em>per</em></strong></span> <span class='ocrx_word' id='word_1_803' title='bbox 3234 3661 3337 3719; x_wconf 87' lang='lat' dir='ltr'><strong><em>hoc</em></strong></span> <span class='ocrx_word' id='word_1_804' title='bbox 3366 3663 3634 3734; x_wconf 73' lang='lat' dir='ltr'><strong><em>ingressus</em></strong></span> <span class='ocrx_word' id='word_1_805' title='bbox 3663 3672 3780 3726; x_wconf 84' lang='lat' dir='ltr'><strong><em>est;</em></strong></span> 
     </span>
    </p>
   </div>
   <div class='ocr_carea' id='block_1_99' title="bbox 2203 3752 3780 3827">
    <p class='ocr_par' dir='ltr' id='par_1_99' title="bbox 2203 3752 3780 3827">
     <span class='ocr_line' id='line_1_99' title="bbox 2203 3752 3780 3827; baseline -0.003 -18"><span class='ocrx_word' id='word_1_806' title='bbox 2203 3756 2293 3827; x_wconf 89' lang='lat' dir='ltr'><strong><em>qui</em></strong></span> <span class='ocrx_word' id='word_1_807' title='bbox 2315 3764 2607 3827; x_wconf 89' lang='lat' dir='ltr'><strong><em>sequuntur</em></strong></span> <span class='ocrx_word' id='word_1_808' title='bbox 2635 3770 2836 3819; x_wconf 90' lang='lat' dir='ltr'><strong><em>omnes,</em></strong></span> <span class='ocrx_word' id='word_1_809' title='bbox 2868 3769 2997 3811; x_wconf 87' lang='lat' dir='ltr'><strong><em>oves</em></strong></span> <span class='ocrx_word' id='word_1_810' title='bbox 3020 3769 3139 3811; x_wconf 88' lang='lat' dir='ltr'><strong><em>esse</em></strong></span> <span class='ocrx_word' id='word_1_811' title='bbox 3169 3762 3453 3824; x_wconf 86' lang='lat' dir='ltr'><strong><em>poterunt;</em></strong></span> <span class='ocrx_word' id='word_1_812' title='bbox 3479 3752 3565 3823; x_wconf 87' lang='lat' dir='ltr'><strong><em>qui</em></strong></span> <span class='ocrx_word' id='word_1_813' title='bbox 3594 3764 3780 3807; x_wconf 85' lang='lat' dir='ltr'><strong><em>autem</em></strong></span> 
     </span>
    </p>
   </div>
   <div class='ocr_carea' id='block_1_100' title="bbox 2203 3842 3782 3916">
    <p class='ocr_par' dir='ltr' id='par_1_100' title="bbox 2203 3842 3782 3916">
     <span class='ocr_line' id='line_1_100' title="bbox 2203 3842 3782 3916; baseline -0.003 -15"><span class='ocrx_word' id='word_1_814' title='bbox 2203 3860 2261 3901; x_wconf 91' lang='lat' dir='ltr'><strong><em>se</em></strong></span> <span class='ocrx_word' id='word_1_815' title='bbox 2285 3853 2702 3916; x_wconf 87' lang='lat' dir='ltr'><strong><em>sequestrarunt.</em></strong></span> <span class='ocrx_word' id='word_1_816' title='bbox 2733 3860 2834 3900; x_wconf 93' lang='lat' dir='ltr'><strong><em>non</em></strong></span> <span class='ocrx_word' id='word_1_817' title='bbox 2857 3844 2977 3900; x_wconf 89' lang='lat' dir='ltr'><strong><em>ideo</em></strong></span> <span class='ocrx_word' id='word_1_818' title='bbox 3003 3844 3200 3914; x_wconf 88' lang='lat' dir='ltr'><strong><em>pastori</em></strong></span> <span class='ocrx_word' id='word_1_819' title='bbox 3230 3858 3479 3909; x_wconf 86' lang='lat' dir='ltr'><strong><em>nocuere,</em></strong></span> <span class='ocrx_word' id='word_1_820' title='bbox 3505 3842 3599 3898; x_wconf 89' lang='lat' dir='ltr'><strong><em>sed</em></strong></span> <span class='ocrx_word' id='word_1_821' title='bbox 3627 3858 3688 3899; x_wconf 88' lang='lat' dir='ltr'><strong><em>se</em></strong></span> <span class='ocrx_word' id='word_1_822' title='bbox 3716 3858 3782 3897; x_wconf 78' lang='lat' dir='ltr'><strong><em>ex</em></strong></span> 
     </span>
    </p>
   </div>
   <div class='ocr_carea' id='block_1_101' title="bbox 2204 3933 3785 4005">
    <p class='ocr_par' dir='ltr' id='par_1_101' title="bbox 2204 3933 3785 4005">
     <span class='ocr_line' id='line_1_101' title="bbox 2204 3933 3785 4005; baseline -0.004 -13"><span class='ocrx_word' id='word_1_823' title='bbox 2204 3938 2385 3992; x_wconf 91' lang='lat' dir='ltr'><strong><em>ovium</em></strong></span> <span class='ocrx_word' id='word_1_824' title='bbox 2413 3937 2667 3993; x_wconf 88' lang='lat' dir='ltr'><strong><em>societate</em></strong></span> <span class='ocrx_word' id='word_1_825' title='bbox 2706 3936 3096 4005; x_wconf 75' lang='lat' dir='ltr'><strong><em>disiunxerant.</em></strong></span> <span class='ocrx_word' id='word_1_826' title='bbox 3125 3935 3283 4003; x_wconf 85' lang='lat' dir='ltr'><strong><em>Quod</em></strong></span> <span class='ocrx_word' id='word_1_827' title='bbox 3302 3936 3346 3990; x_wconf 93' lang='lat' dir='ltr'><strong><em>si</em></strong></span> <span class='ocrx_word' id='word_1_828' title='bbox 3370 3950 3431 3991; x_wconf 90' lang='lat' dir='ltr'><strong><em>se</em></strong></span> <span class='ocrx_word' id='word_1_829' title='bbox 3455 3933 3566 4005; x_wconf 89' lang='lat' dir='ltr'><strong><em>ipse</em></strong></span> <span class='ocrx_word' id='word_1_830' title='bbox 3594 3945 3785 4003; x_wconf 80' lang='lat' dir='ltr'><strong><em>postea</em></strong></span> 
     </span>
    </p>
   </div>
   <div class='ocr_carea' id='block_1_102' title="bbox 2204 4026 3788 4097">
    <p class='ocr_par' dir='ltr' id='par_1_102' title="bbox 2204 4026 3788 4097">
     <span class='ocr_line' id='line_1_102' title="bbox 2204 4026 3788 4097; baseline -0.005 -13"><span class='ocrx_word' id='word_1_831' title='bbox 2204 4029 2400 4084; x_wconf 88' lang='lat' dir='ltr'><strong><em>ostium</em></strong></span> <span class='ocrx_word' id='word_1_832' title='bbox 2423 4027 2552 4083; x_wconf 90' lang='lat' dir='ltr'><strong><em>dicit</em></strong></span> <span class='ocrx_word' id='word_1_833' title='bbox 2568 4069 2587 4094; x_wconf 91' lang='lat'><strong><em>,</em></strong></span> <span class='ocrx_word' id='word_1_834' title='bbox 2613 4042 2769 4083; x_wconf 91' lang='lat' dir='ltr'><strong><em>nemo</em></strong></span> <span class='ocrx_word' id='word_1_835' title='bbox 2794 4026 3169 4097; x_wconf 88' lang='lat' dir='ltr'><strong><em>perturbetur:</em></strong></span> <span class='ocrx_word' id='word_1_836' title='bbox 3193 4042 3316 4081; x_wconf 84' lang='lat' dir='ltr'><strong><em>nam</em></strong></span> <span class='ocrx_word' id='word_1_837' title='bbox 3344 4040 3403 4081; x_wconf 89' lang='lat' dir='ltr'><strong><em>se</em></strong></span> <span class='ocrx_word' id='word_1_838' title='bbox 3428 4034 3482 4080; x_wconf 87' lang='lat' dir='ltr'><strong><em>et</em></strong></span> <span class='ocrx_word' id='word_1_839' title='bbox 3510 4035 3788 4093; x_wconf 71' lang='lat' dir='ltr'><strong><em>pastorem</em></strong></span> 
     </span>
    </p>
   </div>
   <div class='ocr_carea' id='block_1_103' title="bbox 2205 4114 3794 4182">
    <p class='ocr_par' dir='ltr' id='par_1_103' title="bbox 2205 4114 3794 4182">
     <span class='ocr_line' id='line_1_103' title="bbox 2205 4114 3794 4182; baseline -0.005 -7"><span class='ocrx_word' id='word_1_840' title='bbox 2205 4120 2329 4175; x_wconf 92' lang='lat' dir='ltr'><strong><em>dicit</em></strong></span> <span class='ocrx_word' id='word_1_841' title='bbox 2369 4128 2424 4175; x_wconf 91' lang='lat' dir='ltr'><strong><em>et</em></strong></span> <span class='ocrx_word' id='word_1_842' title='bbox 2463 4134 2653 4182; x_wconf 86' lang='lat' dir='ltr'><strong><em>ovem,</em></strong></span> <span class='ocrx_word' id='word_1_843' title='bbox 2694 4115 2987 4173; x_wconf 89' lang='lat' dir='ltr'><strong><em>secundum</em></strong></span> <span class='ocrx_word' id='word_1_844' title='bbox 3026 4116 3263 4171; x_wconf 85' lang='lat' dir='ltr'><strong><em>diversas</em></strong></span> <span class='ocrx_word' id='word_1_845' title='bbox 3302 4114 3619 4170; x_wconf 66' lang='lat' dir='ltr'><strong><em>teconominz</em></strong></span> <span class='ocrx_word' id='word_1_846' title='bbox 3675 4129 3794 4167; x_wconf 81' lang='lat' dir='ltr'><strong><em>sua:</em></strong></span> 
     </span>
    </p>
   </div>
   <div class='ocr_carea' id='block_1_104' title="bbox 2204 4205 3794 4278">
    <p class='ocr_par' dir='ltr' id='par_1_104' title="bbox 2204 4205 3794 4278">
     <span class='ocr_line' id='line_1_104' title="bbox 2204 4205 3794 4278; baseline -0.006 -13"><span class='ocrx_word' id='word_1_847' title='bbox 2204 4212 2458 4266; x_wconf 88' lang='lat' dir='ltr'><strong><em>rationes.</em></strong></span> <span class='ocrx_word' id='word_1_848' title='bbox 2497 4208 2629 4264; x_wconf 88' lang='lat' dir='ltr'><strong><em>Nam</em></strong></span> <span class='ocrx_word' id='word_1_849' title='bbox 2657 4208 2868 4278; x_wconf 84' lang='lat' dir='ltr'><strong><em>quando</em></strong></span> <span class='ocrx_word' id='word_1_850' title='bbox 2910 4222 3008 4263; x_wconf 89' lang='lat' dir='ltr'><strong><em>nos</em></strong></span> <span class='ocrx_word' id='word_1_851' title='bbox 3054 4205 3198 4263; x_wconf 85' lang='lat' dir='ltr'><strong><em>Patri</em></strong></span> <span class='ocrx_word' id='word_1_852' title='bbox 3242 4205 3436 4272; x_wconf 82' lang='lat' dir='ltr'><strong><em>oli‘ert,</em></strong></span> <span class='ocrx_word' id='word_1_853' title='bbox 3474 4220 3534 4259; x_wconf 90' lang='lat' dir='ltr'><strong><em>se</em></strong></span> <span class='ocrx_word' id='word_1_854' title='bbox 3580 4206 3794 4258; x_wconf 86' lang='lat' dir='ltr'><strong><em>ostium</em></strong></span> 
     </span>
    </p>
   </div>
   <div class='ocr_carea' id='block_1_105' title="bbox 2205 4293 3798 4374">
    <p class='ocr_par' dir='ltr' id='par_1_105' title="bbox 2205 4293 3798 4374">
     <span class='ocr_line' id='line_1_105' title="bbox 2205 4293 3798 4374; baseline -0.006 -17"><span class='ocrx_word' id='word_1_855' title='bbox 2205 4302 2471 4374; x_wconf 87' lang='lat' dir='ltr'><strong><em>appellat;</em></strong></span> <span class='ocrx_word' id='word_1_856' title='bbox 2501 4316 2622 4357; x_wconf 91' lang='lat' dir='ltr'><strong><em>eum</em></strong></span> <span class='ocrx_word' id='word_1_857' title='bbox 2645 4300 2812 4356; x_wconf 90' lang='lat' dir='ltr'><strong><em>nostri</em></strong></span> <span class='ocrx_word' id='word_1_858' title='bbox 2840 4314 3021 4354; x_wconf 89' lang='lat' dir='ltr'><strong><em>curam</em></strong></span> <span class='ocrx_word' id='word_1_859' title='bbox 3042 4299 3194 4369; x_wconf 76' lang='lat' dir='ltr'><strong><em>gerit,</em></strong></span> <span class='ocrx_word' id='word_1_860' title='bbox 3219 4304 3505 4367; x_wconf 86' lang='lat' dir='ltr'><strong><em>pastorem.</em></strong></span> <span class='ocrx_word' id='word_1_861' title='bbox 3529 4293 3612 4349; x_wconf 83' lang='lat' dir='ltr'><strong><em>Ne</em></strong></span> <span class='ocrx_word' id='word_1_862' title='bbox 3644 4299 3798 4350; x_wconf 68' lang='lat' dir='ltr'><strong><em>enim</em></strong></span> 
     </span>
    </p>
   </div>
   <div class='ocr_carea' id='block_1_106' title="bbox 2206 4388 3797 4464">
    <p class='ocr_par' dir='ltr' id='par_1_106' title="bbox 2206 4388 3797 4464">
     <span class='ocr_line' id='line_1_106' title="bbox 2206 4388 3797 4464; baseline -0.006 -14"><span class='ocrx_word' id='word_1_863' title='bbox 2206 4396 2377 4450; x_wconf 85' lang='lat' dir='ltr'><strong><em>solum</em></strong></span> <span class='ocrx_word' id='word_1_864' title='bbox 2403 4395 2518 4464; x_wconf 87' lang='lat' dir='ltr'><strong><em>eius</em></strong></span> <span class='ocrx_word' id='word_1_865' title='bbox 2547 4409 2679 4464; x_wconf 91' lang='lat' dir='ltr'><strong><em>opus</em></strong></span> <span class='ocrx_word' id='word_1_866' title='bbox 2707 4407 2826 4448; x_wconf 89' lang='lat' dir='ltr'><strong><em>esse</em></strong></span> <span class='ocrx_word' id='word_1_867' title='bbox 2856 4399 3008 4462; x_wconf 91' lang='lat' dir='ltr'><strong><em>putes</em></strong></span> <span class='ocrx_word' id='word_1_868' title='bbox 3026 4431 3041 4457; x_wconf 91' lang='lat'><strong><em>,</em></strong></span> <span class='ocrx_word' id='word_1_869' title='bbox 3078 4388 3217 4461; x_wconf 91' lang='lat' dir='ltr'><strong><em>quod</em></strong></span> <span class='ocrx_word' id='word_1_870' title='bbox 3262 4403 3359 4444; x_wconf 89' lang='lat' dir='ltr'><strong><em>nos</em></strong></span> <span class='ocrx_word' id='word_1_871' title='bbox 3388 4388 3529 4442; x_wconf 82' lang='lat' dir='ltr'><strong><em>Patri</em></strong></span> <span class='ocrx_word' id='word_1_872' title='bbox 3556 4388 3797 4451; x_wconf 74' lang='lat' dir='ltr'><strong><em>onerat,</em></strong></span> 
     </span>
    </p>
   </div>
   <div class='ocr_carea' id='block_1_107' title="bbox 2206 4480 3805 4557">
    <p class='ocr_par' dir='ltr' id='par_1_107' title="bbox 2206 4480 3805 4557">
     <span class='ocr_line' id='line_1_107' title="bbox 2206 4480 3805 4557; baseline -0.004 -17"><span class='ocrx_word' id='word_1_873' title='bbox 2206 4501 2264 4542; x_wconf 90' lang='lat' dir='ltr'><strong><em>se</em></strong></span> <span class='ocrx_word' id='word_1_874' title='bbox 2290 4495 2554 4557; x_wconf 85' lang='lat' dir='ltr'><strong><em>pastorem</em></strong></span> <span class='ocrx_word' id='word_1_875' title='bbox 2586 4492 2757 4541; x_wconf 88' lang='lat' dir='ltr'><strong><em>vocat.</em></strong></span> <span class='ocrx_word' id='word_1_876' title='bbox 2782 4484 2850 4538; x_wconf 88' lang='lat' dir='ltr'><strong><em>Et</em></strong></span> <span class='ocrx_word' id='word_1_877' title='bbox 2869 4500 2981 4539; x_wconf 82' lang='lat' dir='ltr'><strong><em>oves</em></strong></span> <span class='ocrx_word' id='word_1_878' title='bbox 3007 4498 3172 4537; x_wconf 78' lang='lat' dir='ltr'><strong><em>vocem</em></strong></span> <span class='ocrx_word' id='word_1_879' title='bbox 3195 4482 3304 4551; x_wconf 86' lang='lat' dir='ltr'><strong><em>ejus</em></strong></span> <span class='ocrx_word' id='word_1_880' title='bbox 3327 4480 3560 4545; x_wconf 86' lang='lat' dir='ltr'><strong><em>audiunt,</em></strong></span> <span class='ocrx_word' id='word_1_881' title='bbox 3589 4491 3644 4533; x_wconf 86' lang='lat' dir='ltr'><strong><em>et</em></strong></span> <span class='ocrx_word' id='word_1_882' title='bbox 3675 4498 3805 4551; x_wconf 80' lang='lat' dir='ltr'><strong><em>pro-</em></strong></span> 
     </span>
    </p>
   </div>
   <div class='ocr_carea' id='block_1_108' title="bbox 2207 4570 3804 4648">
    <p class='ocr_par' dir='ltr' id='par_1_108' title="bbox 2207 4570 3804 4648">
     <span class='ocr_line' id='line_1_108' title="bbox 2207 4570 3804 4648; baseline -0.004 -18"><span class='ocrx_word' id='word_1_883' title='bbox 2207 4579 2344 4648; x_wconf 83' lang='lat' dir='ltr'><strong><em>prias</em></strong></span> <span class='ocrx_word' id='word_1_884' title='bbox 2369 4593 2482 4631; x_wconf 85' lang='lat' dir='ltr'><strong><em>oves</em></strong></span> <span class='ocrx_word' id='word_1_885' title='bbox 2500 4586 2661 4642; x_wconf 79' lang='lat' dir='ltr'><strong><em>vocat,</em></strong></span> <span class='ocrx_word' id='word_1_886' title='bbox 2690 4585 2736 4630; x_wconf 90' lang='lat' dir='ltr'><strong><em>et</em></strong></span> <span class='ocrx_word' id='word_1_887' title='bbox 2759 4575 2923 4629; x_wconf 87' lang='lat' dir='ltr'><strong><em>educit</em></strong></span> <span class='ocrx_word' id='word_1_888' title='bbox 2953 4590 3037 4629; x_wconf 89' lang='lat' dir='ltr'><strong><em>eas</em></strong></span> <span class='ocrx_word' id='word_1_889' title='bbox 3057 4615 3072 4640; x_wconf 93' lang='lat'><strong><em>,</em></strong></span> <span class='ocrx_word' id='word_1_890' title='bbox 3105 4582 3150 4627; x_wconf 86' lang='lat' dir='ltr'><strong><em>et</em></strong></span> <span class='ocrx_word' id='word_1_891' title='bbox 3185 4582 3302 4626; x_wconf 88' lang='lat' dir='ltr'><strong><em>ante</em></strong></span> <span class='ocrx_word' id='word_1_892' title='bbox 3325 4588 3411 4626; x_wconf 82' lang='lat' dir='ltr'><strong><em>eas</em></strong></span> <span class='ocrx_word' id='word_1_893' title='bbox 3435 4570 3595 4625; x_wconf 73' lang='lat' dir='ltr'><strong><em>radit.</em></strong></span> <span class='ocrx_word' id='word_1_894' title='bbox 3632 4571 3804 4641; x_wconf 79' lang='lat' dir='ltr'><strong><em>Atqui</em></strong></span> 
     </span>
    </p>
   </div>
   <div class='ocr_carea' id='block_1_109' title="bbox 2206 4660 3809 4738">
    <p class='ocr_par' dir='ltr' id='par_1_109' title="bbox 2206 4660 3809 4738">
     <span class='ocr_line' id='line_1_109' title="bbox 2206 4660 3809 4738; baseline -0.007 -14"><span class='ocrx_word' id='word_1_895' title='bbox 2206 4676 2391 4724; x_wconf 90' lang='lat' dir='ltr'><strong><em>contra</em></strong></span> <span class='ocrx_word' id='word_1_896' title='bbox 2413 4710 2428 4734; x_wconf 94' lang='lat'><strong><em>,</em></strong></span> <span class='ocrx_word' id='word_1_897' title='bbox 2458 4676 2697 4738; x_wconf 86' lang='lat' dir='ltr'><strong><em>pastores</em></strong></span> <span class='ocrx_word' id='word_1_898' title='bbox 2726 4675 3019 4737; x_wconf 87' lang='lat' dir='ltr'><strong><em>sequuntur</em></strong></span> <span class='ocrx_word' id='word_1_899' title='bbox 3046 4677 3192 4719; x_wconf 88' lang='lat' dir='ltr'><strong><em>oves.</em></strong></span> <span class='ocrx_word' id='word_1_900' title='bbox 3220 4660 3421 4716; x_wconf 78' lang='lat' dir='ltr'><strong><em>Verum</em></strong></span> <span class='ocrx_word' id='word_1_901' title='bbox 3449 4661 3537 4715; x_wconf 92' lang='lat' dir='ltr'><strong><em>ille</em></strong></span> <span class='ocrx_word' id='word_1_902' title='bbox 3556 4702 3573 4724; x_wconf 91' lang='lat'><strong><em>,</em></strong></span> <span class='ocrx_word' id='word_1_903' title='bbox 3615 4670 3685 4715; x_wconf 85' lang='lat' dir='ltr'><strong><em>ut</em></strong></span> <span class='ocrx_word' id='word_1_904' title='bbox 3715 4675 3809 4713; x_wconf 87' lang='lat' dir='ltr'><strong><em>os-</em></strong></span> 
     </span>
    </p>
   </div>
   <div class='ocr_carea' id='block_1_110' title="bbox 2209 4754 3809 4816">
    <p class='ocr_par' dir='ltr' id='par_1_110' title="bbox 2209 4754 3809 4816">
     <span class='ocr_line' id='line_1_110' title="bbox 2209 4754 3809 4816; baseline -0.005 -2"><span class='ocrx_word' id='word_1_905' title='bbox 2209 4759 2391 4816; x_wconf 87' lang='lat' dir='ltr'><strong><em>tendat</em></strong></span> <span class='ocrx_word' id='word_1_906' title='bbox 2405 4774 2463 4814; x_wconf 89' lang='lat' dir='ltr'><strong><em>se</em></strong></span> <span class='ocrx_word' id='word_1_907' title='bbox 2482 4773 2668 4813; x_wconf 91' lang='lat' dir='ltr'><strong><em>omnes</em></strong></span> <span class='ocrx_word' id='word_1_908' title='bbox 2689 4757 2753 4811; x_wconf 89' lang='lat' dir='ltr'><strong><em>ad</em></strong></span> <span class='ocrx_word' id='word_1_909' title='bbox 2778 4758 3052 4812; x_wconf 85' lang='lat' dir='ltr'><strong><em>veritatem</em></strong></span> <span class='ocrx_word' id='word_1_910' title='bbox 3073 4754 3420 4810; x_wconf 89' lang='lat' dir='ltr'><strong><em>deducturum</em></strong></span> <span class='ocrx_word' id='word_1_911' title='bbox 3438 4767 3578 4816; x_wconf 84' lang='lat' dir='ltr'><strong><em>esse.</em></strong></span> <span class='ocrx_word' id='word_1_912' title='bbox 3600 4764 3809 4809; x_wconf 82' lang='lat' dir='ltr'><strong><em>contra</em></strong></span> 
     </span>
    </p>
   </div>
   <div class='ocr_carea' id='block_1_111' title="bbox 2209 4843 3813 4922">
    <p class='ocr_par' dir='ltr' id='par_1_111' title="bbox 2209 4843 3813 4922">
     <span class='ocr_line' id='line_1_111' title="bbox 2209 4843 3813 4922; baseline -0.006 -19"><span class='ocrx_word' id='word_1_913' title='bbox 2209 4859 2481 4922; x_wconf 90' lang='lat' dir='ltr'><strong><em>pastorum</em></strong></span> <span class='ocrx_word' id='word_1_914' title='bbox 2509 4864 2711 4904; x_wconf 90' lang='lat' dir='ltr'><strong><em>morem</em></strong></span> <span class='ocrx_word' id='word_1_915' title='bbox 2738 4847 2882 4918; x_wconf 78' lang='lat' dir='ltr'><strong><em>agit:</em></strong></span> <span class='ocrx_word' id='word_1_916' title='bbox 2906 4856 3154 4901; x_wconf 87' lang='lat' dir='ltr'><strong><em>utautem</em></strong></span> <span class='ocrx_word' id='word_1_917' title='bbox 3182 4860 3303 4899; x_wconf 91' lang='lat' dir='ltr'><strong><em>eum</em></strong></span> <span class='ocrx_word' id='word_1_918' title='bbox 3325 4858 3453 4899; x_wconf 87' lang='lat' dir='ltr'><strong><em>oves</em></strong></span> <span class='ocrx_word' id='word_1_919' title='bbox 3478 4843 3696 4904; x_wconf 76' lang='lat' dir='ltr'><strong><em>emisit,</em></strong></span> <span class='ocrx_word' id='word_1_920' title='bbox 3732 4845 3813 4909; x_wconf 77' lang='grc' dir='ltr'><strong><em>(α)</em></strong></span> 
     </span>
    </p>
   </div>
   <div class='ocr_carea' id='block_1_112' title="bbox 2214 4932 3807 5013">
    <p class='ocr_par' dir='ltr' id='par_1_112' title="bbox 2214 4932 3807 5013">
     <span class='ocr_line' id='line_1_112' title="bbox 2214 4932 3807 5013; baseline -0.006 -16"><span class='ocrx_word' id='word_1_921' title='bbox 2214 4943 2343 5013; x_wconf 93' lang='lat' dir='ltr'><strong><em>(non</em></strong></span> <span class='ocrx_word' id='word_1_922' title='bbox 2374 4949 2553 5006; x_wconf 87' lang='lat' dir='ltr'><strong><em>extra,</em></strong></span> <span class='ocrx_word' id='word_1_923' title='bbox 2597 4939 2691 4995; x_wconf 87' lang='lat' dir='ltr'><strong><em>sed</em></strong></span> <span class='ocrx_word' id='word_1_924' title='bbox 2729 4938 2781 4993; x_wconf 92' lang='lat' dir='ltr'><strong><em>in</em></strong></span> <span class='ocrx_word' id='word_1_925' title='bbox 2828 4936 3057 4993; x_wconf 88' lang='lat' dir='ltr'><strong><em>medium</em></strong></span> <span class='ocrx_word' id='word_1_926' title='bbox 3103 4936 3345 5006; x_wconf 89' lang='lat' dir='ltr'><strong><em>luporum</em></strong></span> <span class='ocrx_word' id='word_1_927' title='bbox 3388 4932 3617 5004; x_wconf 88' lang='lat' dir='ltr'><strong><em>emisit).</em></strong></span> <span class='ocrx_word' id='word_1_928' title='bbox 3667 4933 3807 4990; x_wconf 62' lang='lat' dir='ltr'><strong><em>Non</em></strong></span> 
     </span>
    </p>
   </div>
   <div class='ocr_carea' id='block_1_113' title="bbox 2211 5026 3641 5105">
    <p class='ocr_par' dir='ltr' id='par_1_113' title="bbox 2211 5026 3641 5105">
     <span class='ocr_line' id='line_1_113' title="bbox 2211 5026 3641 5105; baseline -0.008 -15"><span class='ocrx_word' id='word_1_929' title='bbox 2211 5034 2365 5105; x_wconf 77' lang='lat' dir='ltr'><strong><em>longe</em></strong></span> <span class='ocrx_word' id='word_1_930' title='bbox 2389 5031 2683 5086; x_wconf 90' lang='lat' dir='ltr'><strong><em>mirabilior</em></strong></span> <span class='ocrx_word' id='word_1_931' title='bbox 2709 5037 2889 5084; x_wconf 87' lang='lat' dir='ltr'><strong><em>nostra</em></strong></span> <span class='ocrx_word' id='word_1_932' title='bbox 2918 5027 3031 5083; x_wconf 76' lang='lat' dir='ltr'><strong><em>btee</em></strong></span> <span class='ocrx_word' id='word_1_933' title='bbox 3060 5026 3341 5096; x_wconf 87' lang='lat' dir='ltr'><strong><em>pastoralis</em></strong></span> <span class='ocrx_word' id='word_1_934' title='bbox 3369 5040 3493 5079; x_wconf 89' lang='lat' dir='ltr'><strong><em>cura</em></strong></span> <span class='ocrx_word' id='word_1_935' title='bbox 3522 5034 3641 5079; x_wconf 85' lang='lat' dir='ltr'><strong><em>est.</em></strong></span> 
     </span>
    </p>
   </div>
   <div class='ocr_carea' id='block_1_114' title="bbox 2280 5115 3813 5196">
    <p class='ocr_par' dir='ltr' id='par_1_114' title="bbox 2280 5115 3813 5196">
     <span class='ocr_line' id='line_1_114' title="bbox 2280 5115 3813 5196; baseline -0.01 -13"><span class='ocrx_word' id='word_1_936' title='bbox 2280 5128 2334 5183; x_wconf 81' lang='lat'><strong><em>&#39;5.</em></strong></span> <span class='ocrx_word' id='word_1_937' title='bbox 2360 5125 2427 5178; x_wconf 84' lang='lat' dir='ltr'><strong><em>In</em></strong></span> <span class='ocrx_word' id='word_1_938' title='bbox 2466 5140 2565 5196; x_wconf 88' lang='lat' dir='ltr'><strong><em>quo</em></strong></span> <span class='ocrx_word' id='word_1_939' title='bbox 2590 5123 2922 5191; x_wconf 85' lang='lat' dir='ltr'><strong><em>distinguatur</em></strong></span> <span class='ocrx_word' id='word_1_940' title='bbox 2949 5136 3091 5173; x_wconf 81' lang='lat' dir='ltr'><strong><em>verus</em></strong></span> <span class='ocrx_word' id='word_1_941' title='bbox 3116 5118 3343 5173; x_wconf 81' lang='lat' dir='ltr'><strong><em>Christus</em></strong></span> <span class='ocrx_word' id='word_1_942' title='bbox 3381 5133 3413 5169; x_wconf 93' lang='lat' dir='ltr'><strong><em>a</em></strong></span> <span class='ocrx_word' id='word_1_943' title='bbox 3453 5117 3603 5186; x_wconf 76' lang='lat' dir='ltr'><strong><em>falsis</em></strong></span> <span class='ocrx_word' id='word_1_944' title='bbox 3656 5115 3813 5170; x_wconf 70' lang='grc' dir='ltr'><strong><em>ειυε.</em></strong></span> 
     </span>
    </p>
   </div>
   <div class='ocr_carea' id='block_1_115' title="bbox 2208 5206 3813 5271">
    <p class='ocr_par' dir='ltr' id='par_1_115' title="bbox 2208 5206 3813 5271">
     <span class='ocr_line' id='line_1_115' title="bbox 2208 5206 3813 5271; baseline -0.009 -1"><span class='ocrx_word' id='word_1_945' title='bbox 2208 5219 2317 5271; x_wconf 86' lang='lat' dir='ltr'><strong><em>stis.</em></strong></span> <span class='ocrx_word' id='word_1_946' title='bbox 2344 5247 2414 5257; x_wconf 90' lang='lat'><strong><em>—</em></strong></span> <span class='ocrx_word' id='word_1_947' title='bbox 2436 5216 2658 5271; x_wconf 80' lang='lat' dir='ltr'><strong><em>Videtur</em></strong></span> <span class='ocrx_word' id='word_1_948' title='bbox 2684 5222 2859 5267; x_wconf 84' lang='lat' dir='ltr'><strong><em>autem</em></strong></span> <span class='ocrx_word' id='word_1_949' title='bbox 2900 5210 3027 5264; x_wconf 92' lang='lat' dir='ltr'><strong><em>mibi</em></strong></span> <span class='ocrx_word' id='word_1_950' title='bbox 3058 5208 3146 5264; x_wconf 84' lang='lat' dir='ltr'><strong><em>hic</em></strong></span> <span class='ocrx_word' id='word_1_951' title='bbox 3185 5224 3383 5263; x_wconf 63' lang='lat' dir='ltr'><strong><em>aecum</em></strong></span> <span class='ocrx_word' id='word_1_952' title='bbox 3424 5206 3773 5261; x_wconf 74' lang='lat' dir='ltr'><strong><em>subindicari</em></strong></span> <span class='ocrx_word' id='word_1_953' title='bbox 3798 5247 3813 5268; x_wconf 91' lang='lat'><strong><em>,</em></strong></span> 
     </span>
    </p>
   </div>
   <div class='ocr_carea' id='block_1_116' title="bbox 2211 5299 3814 5377">
    <p class='ocr_par' dir='ltr' id='par_1_116' title="bbox 2211 5299 3814 5377">
     <span class='ocr_line' id='line_1_116' title="bbox 2211 5299 3814 5377; baseline -0.009 -15"><span class='ocrx_word' id='word_1_954' title='bbox 2211 5322 2367 5377; x_wconf 85' lang='lat' dir='ltr'><strong><em>quem</em></strong></span> <span class='ocrx_word' id='word_1_955' title='bbox 2393 5308 2601 5361; x_wconf 89' lang='lat' dir='ltr'><strong><em>vocavit</em></strong></span> <span class='ocrx_word' id='word_1_956' title='bbox 2627 5320 2694 5360; x_wconf 90' lang='lat' dir='ltr'><strong><em>ex</em></strong></span> <span class='ocrx_word' id='word_1_957' title='bbox 2725 5302 2901 5358; x_wconf 89' lang='lat' dir='ltr'><strong><em>medio</em></strong></span> <span class='ocrx_word' id='word_1_958' title='bbox 2930 5301 3254 5361; x_wconf 68' lang='lat' dir='ltr'><strong><em>Judzeorum,</em></strong></span> <span class='ocrx_word' id='word_1_959' title='bbox 3280 5308 3332 5353; x_wconf 90' lang='lat' dir='ltr'><strong><em>et</em></strong></span> <span class='ocrx_word' id='word_1_960' title='bbox 3357 5299 3446 5353; x_wconf 90' lang='lat' dir='ltr'><strong><em>ille</em></strong></span> <span class='ocrx_word' id='word_1_961' title='bbox 3468 5313 3667 5351; x_wconf 82' lang='lat' dir='ltr'><strong><em>vocem</em></strong></span> <span class='ocrx_word' id='word_1_962' title='bbox 3695 5301 3814 5364; x_wconf 72' lang='lat' dir='ltr'><strong><em>eius</em></strong></span> 
     </span>
    </p>
   </div>
   <div class='ocr_carea' id='block_1_117' title="bbox 2211 5394 3815 5461">
    <p class='ocr_par' dir='ltr' id='par_1_117' title="bbox 2211 5394 3815 5461">
     <span class='ocr_line' id='line_1_117' title="bbox 2211 5394 3815 5461; baseline -0.008 -8"><span class='ocrx_word' id='word_1_963' title='bbox 2211 5399 2409 5453; x_wconf 85' lang='lat' dir='ltr'><strong><em>audivit</em></strong></span> <span class='ocrx_word' id='word_1_964' title='bbox 2434 5406 2488 5453; x_wconf 88' lang='lat' dir='ltr'><strong><em>et</em></strong></span> <span class='ocrx_word' id='word_1_965' title='bbox 2513 5397 2676 5452; x_wconf 89' lang='lat' dir='ltr'><strong><em>novit.</em></strong></span> <span class='ocrx_word' id='word_1_966' title='bbox 2710 5396 2760 5451; x_wconf 85' lang='lat'><strong><em>5.</em></strong></span> <span class='ocrx_word' id='word_1_967' title='bbox 2794 5394 3026 5449; x_wconf 79' lang='lat' dir='ltr'><strong><em>Alienum</em></strong></span> <span class='ocrx_word' id='word_1_968' title='bbox 3062 5408 3175 5445; x_wconf 84' lang='lat' dir='ltr'><strong><em>vero</em></strong></span> <span class='ocrx_word' id='word_1_969' title='bbox 3218 5407 3317 5444; x_wconf 91' lang='lat' dir='ltr'><strong><em>non</em></strong></span> <span class='ocrx_word' id='word_1_970' title='bbox 3348 5401 3659 5461; x_wconf 79' lang='lat' dir='ltr'><strong><em>sequuntur,</em></strong></span> <span class='ocrx_word' id='word_1_971' title='bbox 3693 5414 3706 5441; x_wconf 72' lang='grc' dir='ltr'><strong><em>θ</em></strong></span> <span class='ocrx_word' id='word_1_972' title='bbox 3731 5394 3815 5440; x_wconf 71' lang='lat' dir='ltr'><strong><em>uin</em></strong></span> 
     </span>
    </p>
   </div>
   <div class='ocr_carea' id='block_1_118' title="bbox 2213 5482 3816 5546">
    <p class='ocr_par' dir='ltr' id='par_1_118' title="bbox 2213 5482 3816 5546">
     <span class='ocr_line' id='line_1_118' title="bbox 2213 5482 3816 5546; baseline -0.006 0"><span class='ocrx_word' id='word_1_973' title='bbox 2213 5494 2490 5546; x_wconf 87' lang='lat' dir='ltr'><strong><em>alienorum</em></strong></span> <span class='ocrx_word' id='word_1_974' title='bbox 2512 5505 2677 5544; x_wconf 89' lang='lat' dir='ltr'><strong><em>vocem</em></strong></span> <span class='ocrx_word' id='word_1_975' title='bbox 2704 5489 2946 5544; x_wconf 89' lang='lat' dir='ltr'><strong><em>nesciunt.</em></strong></span> <span class='ocrx_word' id='word_1_976' title='bbox 2976 5487 3072 5541; x_wconf 86' lang='lat' dir='ltr'><strong><em>llic</em></strong></span> <span class='ocrx_word' id='word_1_977' title='bbox 3095 5485 3329 5540; x_wconf 64' lang='lat' dir='ltr'><strong><em>Tbeudu:</em></strong></span> <span class='ocrx_word' id='word_1_978' title='bbox 3363 5494 3452 5537; x_wconf 89' lang='lat' dir='ltr'><strong><em>aut</em></strong></span> <span class='ocrx_word' id='word_1_979' title='bbox 3471 5482 3635 5537; x_wconf 67' lang='lat' dir='ltr'><strong><em>Iuda:</em></strong></span> <span class='ocrx_word' id='word_1_980' title='bbox 3662 5501 3816 5537; x_wconf 59' lang='lat' dir='ltr'><strong><em>asse-</em></strong></span> 
     </span>
    </p>
   </div>
   <div class='ocr_carea' id='block_1_119' title="bbox 2213 5575 3814 5653">
    <p class='ocr_par' dir='ltr' id='par_1_119' title="bbox 2213 5575 3814 5653">
     <span class='ocr_line' id='line_1_119' title="bbox 2213 5575 3814 5653; baseline -0.01 -13"><span class='ocrx_word' id='word_1_981' title='bbox 2213 5585 2325 5640; x_wconf 83' lang='lat' dir='ltr'><strong><em>clas</em></strong></span> <span class='ocrx_word' id='word_1_982' title='bbox 2350 5584 2477 5639; x_wconf 88' lang='lat' dir='ltr'><strong><em>dicit</em></strong></span> <span class='ocrx_word' id='word_1_983' title='bbox 2501 5584 2653 5653; x_wconf 89' lang='lat' dir='ltr'><strong><em>(nam</em></strong></span> <span class='ocrx_word' id='word_1_984' title='bbox 2683 5582 2953 5651; x_wconf 86' lang='lat' dir='ltr'><strong><em>Quotquot,</em></strong></span> <span class='ocrx_word' id='word_1_985' title='bbox 2988 5579 3184 5648; x_wconf 91' lang='lat' dir='ltr'><strong><em>inquit,</em></strong></span> <span class='ocrx_word' id='word_1_986' title='bbox 3218 5578 3271 5630; x_wconf 84' lang='lat' dir='ltr'><strong><em>in</em></strong></span> <span class='ocrx_word' id='word_1_987' title='bbox 3300 5576 3420 5631; x_wconf 83' lang='lat' dir='ltr'><strong><em>illos</em></strong></span> <span class='ocrx_word' id='word_1_988' title='bbox 3449 5575 3814 5637; x_wconf 58' lang='lat' dir='ltr'><strong><em>credidivuut,</em></strong></span> 
     </span>
    </p>
   </div>
   <div class='ocr_carea' id='block_1_120' title="bbox 2281 5690 3806 5807">
    <p class='ocr_par' dir='ltr' id='par_1_120' title="bbox 2281 5690 3806 5807">
     <span class='ocr_line' id='line_1_120' title="bbox 2281 5690 3806 5807; baseline -0.009 -61"><span class='ocrx_word' id='word_1_989' title='bbox 2281 5701 2352 5807; x_wconf 49' lang='grc' dir='ltr'><strong><em>(ἓν)</em></strong></span> <span class='ocrx_word' id='word_1_990' title='bbox 2386 5708 2497 5755; x_wconf 78' lang='lat' dir='ltr'><strong><em>ane</em></strong></span> <span class='ocrx_word' id='word_1_991' title='bbox 2536 5697 2725 5747; x_wconf 75' lang='lat' dir='ltr'><strong><em>uncinis</em></strong></span> <span class='ocrx_word' id='word_1_992' title='bbox 2749 5694 3053 5755; x_wconf 83' lang='lat' dir='ltr'><strong><em>clauduntur,</em></strong></span> <span class='ocrx_word' id='word_1_993' title='bbox 3081 5694 3126 5743; x_wconf 86' lang='lat' dir='ltr'><strong><em>in</em></strong></span> <span class='ocrx_word' id='word_1_994' title='bbox 3146 5690 3432 5755; x_wconf 81' lang='lat' dir='ltr'><strong><em>quibusdam</em></strong></span> <span class='ocrx_word' id='word_1_995' title='bbox 3456 5695 3558 5738; x_wconf 65' lang='lat' dir='ltr'><strong><em>Mss.</em></strong></span> <span class='ocrx_word' id='word_1_996' title='bbox 3607 5690 3806 5739; x_wconf 66' lang='lat' dir='ltr'><strong><em>omissi</em></strong></span> 
     </span>
     <span class='ocr_line' id='line_1_121' title="bbox 2285 5775 2337 5807; baseline 0.038 -2"><span class='ocrx_word' id='word_1_997' title='bbox 2285 5775 2295 5805; x_wconf 86' lang='grc' dir='ltr'><strong>Ι</strong></span> <span class='ocrx_word' id='word_1_998' title='bbox 2327 5799 2337 5807; x_wconf 97' lang='grc'><em>.</em></span> 
     </span>
    </p>
   </div>
   <div class='ocr_carea' id='block_1_121' title="bbox 2208 5774 2337 5810">
    <p class='ocr_par' dir='ltr' id='par_1_121' title="bbox 2208 5774 2337 5810">
     <span class='ocr_line' id='line_1_122' title="bbox 2208 5774 2337 5810; baseline 0.008 -4"><span class='ocrx_word' id='word_1_999' title='bbox 2208 5774 2337 5810; x_wconf 75' lang='grc' dir='ltr'>διιιιι.</span> 
     </span>
    </p>
   </div>
  </div>
