4094 6204
372 327 472 394 3ὶὸ

1385 315 1454 396 ἰΝ
1493 335 1807 399 JOANN-EM
1839 326 2074 417 unum;
2115 333 2251 393 ωε.
2295 338 2365 394 al.
2407 335 2601 392 Lvmr

3526 334 3632 394 εει

367 454 504 508 ἀλλὰ
544 456 710 526 μέσος
748 455 828 510 ἐτι
874 459 967 512 καὶ
1011 458 1413 529 ὑπεσταλμένος
1439 470 1461 500 ³
1484 477 1498 490 ο
1532 460 1641 514 Kal
1684 457 1948 526 ἑώρακας
2052 453 2152 517 τὰς
2176 455 2397 526 Γραφάς
2423 473 2436 489 ο
2473 455 2633 510 τοῦτο
2667 455 2776 528 γάρ
2804 453 2918 512 ἐστι
2946 458 3027 522 τὸ,
3066 455 3163 524 Μὴ
3181 454 3278 510 διὰ
3304 451 3412 522 τῆς
3427 454 3629 520 θύρας.

364 534 570 586 αὐτόν.
605 534 775 588 Τοῦτο
802 536 882 589 ἐτι
920 536 1113 608 ἄδηλον
1142 534 1210 609 ἧν
1230 555 1242 568 ·
1274 537 1353 591 διὸ
1388 539 1450 590 τὸ
1479 538 1811 608 σαφέστερον
1850 537 1947 586 ἐπ-

368 612 577 680 ήγαγεν
596 630 610 644 ο
653 615 705 666 '0
731 613 940 669 λαλῶν
961 617 1111 685 μετὰ
1149 615 1284 680 σοῦ,
1319 615 1546 682 ἐκεῖνός
1572 617 1721 670 ἐστι.
1751 614 1941 682 Λέγει·

368 693 656 758 Πιστεύω,
680 696 886 762 Κύριε·
917 696 1016 749 καὶ
1045 697 1506 764 προσεκύνησεν
1525 695 1684 761 αὑτῷ
1708 692 1944 758 εὐθέωςέ

373 769 482 846 καὶ
510 768 612 822 οὐκ
640 766 815 836 εἶπεν,
851 772 992 843 Ἑγὼ
1025 776 1142 844 είμι
1185 776 1215 828 6
1246 774 1666 846 τεθεραπευκὼς
1704 790 1785 836 σε,
1821 773 1849 824 6
1875 772 1953 822 εί-

369 845 488 900 πών
536 863 653 913 σοι,
683 851 934 921 Ὕπαγε,
983 853 1157 922 νίψαι
1203 855 1291 918 είς
1339 845 1446 907 τὸν
1495 852 1766 921 Σιλωάμ·
1816 848 1953 904 ἀλλά

369 925 549 979 πάντα
599 930 782 982 ἐκεῖνα
836 932 1102 1001 σιγήσας,
1151 932 1320 1003 φησί·
1363 931 1671 996 masz
1714 932 1802 995 είς
1848 929 1952 982 τὸν

382 1003 520 1056 Υίὸν
551 1004 657 1059 τοῦ
692 1007 881 1073 Θεοῦ;
910 1006 1044 1064 Εἶτα
1085 1010 1184 1080 τὴν
1229 1009 1428 1080 πολλὴν
1469 1008 1707 1063 διάθεσιν
1747 1006 1950 1078 ἐμφαίο

367 1099 476 1134 νων
503 1086 911 1156 προσεκύνησεν
933 1088 1138 1152 εὐθέως
1159 1105 1175 1119 ⁸
1209 1089 1346 1159 ὅπερ
1375 1087 1546 1155 ὀλίγοι
1581 1086 1692 1140 τῶν
1727 1085 1954 1154 τεθεραπ-

369 1162 658 1238 πευμένων
692 1165 974 1236 ἐποίησαν,
1007 1160 1120 1220 οἷον
1140 1167 1191 1220 οί
1216 1165 1428 1238 λεπροὶ,
1461 1165 1555 1218 καὶ
1576 1164 1732 1226 είτις
1759 1163 1950 1226 ἄλλος’

368 1237 460 1315 6ιά
498 1238 688 1293 τούτου
715 1243 996 1313 ἐμφαίνων
1037 1243 1206 1298 αὑτοῦ
1244 1237 1344 1315 τὴν
1377 1243 1528 1297 θείαν
1556 1241 1806 1312 δύναμιν.
1835 1242 1954 1295 Ἵνα

371 1313 483 1395 γάρ
525 1317 598 1387 μή
626 1333 710 1382 τις
739 1320 936 1394 νομίσῃ
973 1321 1124 1395 ῥῆμα
1170 1313 1330 1393 μόνον
1357 1317 1494 1375 εἶναι
1532 1320 1592 1374 τὸ
1620 1319 1828 1391 λεχθέν,
1861 1318 1955 1372 καὶ

369 1393 435 1445 τὸ
459 1393 617 1465 ἔργον
639 1393 1479 1471 προσέθηκεζῐιροσκυνήσαντος
1502 1398 1558 1453 δέ
1582 1398 1768 1460 αὑτοῦ,
1792 1397 1956 1468 φησὶν

371 1471 401 1524 6
425 1471 658 1543 Χριστός
677 1493 692 1508 ο
721 1480 826 1543 Εἰς
852 1479 1030 1548 κρῖμα
1056 1478 1172 1549 ἐγὼ
1205 1475 1398 1548 ἦλθον
1427 1481 1514 1544 είς
1543 1477 1652 1533 τὸν
1701 1478 1955 1548 κόσμον,

366 1549 476 1602 ⁴ινα
507 1552 563 1604 οι
591 1553 678 1620 μὴ
714 1555 1056 1622 ,ϐλέποντες
1083 1556 1384 1621 βλέπωσι,
1417 1557 1515 1610 καὶ
1544 1558 1598 1611 οι
1621 1555 1960 1621 ,βλέποντες

369 1631 593 1706 τυφλοὶ
622 1635 930 1701 γένωνται.
960 1635 1131 1689 Τοῦτο
1171 1637 1263 1691 καὶ
1293 1635 1506 1700 Παῦλός
1547 1650 1712 1706 φησι’
1749 1636 1810 1689 Τί
1846 1631 1960 1690 οὖν

371 1705 666 1774 ὲροῦμεν;
687 1713 808 1766 Ὅτι
835 1716 980 1781 ἔθνη
1015 1715 1087 1769 τὰ
1107 1713 1194 1783 μὴ
1214 1713 1503 1768 διώκοντα
1538 1705 1957 1781 δικαιοσύνην,

375 1783 669 1841 κατέλαϐε
719 1787 1136 1858 δικαιοσύνην,
1178 1791 1577 1858 δικαιοσύνην
1620 1790 1690 1844 δὲ
1734 1789 1850 1857 τὴν
1889 1792 1959 1845 ἐκ

376 1862 638 1930 πίστεως
676 1867 870 1934 Ἰησοῦ
898 1868 924 1908 δ
945 1884 959 1899 ·
993 1868 1232 1939 Ἰσραὴλ
1275 1869 1344 1923 δὲ
1387 1867 1615 1924 διώκων
1650 1868 1837 1936 νόμον
1874 1866 1960 1921 δι-

375 1943 726 2010 καιοσύνης,
762 1947 849 2012 εις
877 1947 1065 2015 νόμον
1107 1947 1496 2015 δικαιοσύνης
1529 1948 1640 2001 οὐκ
1668 1946 1954 2015 ἔφθασεν.

375 2015 562 2096 Είπὼν
597 2019 677 2082 δὲ,
701 2024 808 2088 Ε’ίς
851 2022 1028 2094 κρῖμα
1067 2024 1183 2094 ἐγὼ
1217 2021 1409 2096 ἦλθον
1451 2027 1541 2091 εις
1579 2024 1688 2078 τὸν
1726 2025 1960 2094 κόσμον

371 2092 612 2174 τοῦτον,
653 2100 904 2155 κάκεῖνον
942 2092 1298 2174 σφοδρότερον
1339 2102 1470 2173 περὶ
1498 2103 1598 2174 τὴν
1631 2103 1813 2158 πίστιν
1842 2092 1958 2174 εἰρ-

373 2173 602 2241 γάσατο,
645 2181 740 2233 καὶ
765 2179 1083 2253 διανέστησε
1127 2173 1253 2246 τοῦς
1295 2173 1722 2247 ἀκολουθοῦντας
1775 2173 1955 2252 αὐτῷ·

375 2253 470 2333 καί
514 2255 624 2328 γὰρ
663 2258 990 2328 ἠκολούθουν
1040 2261 1192 2332 αὐτῷ
1239 2263 1543 2333 Φαρισαῖοι.
1595 2261 1668 2314 Τὸ
1716 2261 1802 2323 δέ,
1857 2263 1960 2326 Εἰς

377 2332 576 2400 κρῖμα.
607 2337 688 2400 είς
722 2337 946 2407 μείζονα
975 2339 1193 2393 κόλασιν
1219 2332 1372 2407 ἔλεγε
1393 2354 1407 2370 ·
1436 2338 1649 2403 δεικνὺς
1677 2339 1759 2392 ὅτι
1792 2340 1840 2392 οἱ
1872 2355 1962 2390 κα-

375 2412 768 2479 ταδικάσαντες
787 2418 973 2481 αὑτὸν,
1002 2419 1157 2472 αὐτοί
1176 2421 1312 2472 εἰσιν
1330 2419 1380 2471 οί
1409 2416 1927 2487 καταδεδικασμένοι
1944 2431 1957 2444 ·

377 2491 434 2542 οί
462 2493 556 2544 καὶ
588 2492 666 2556 ὡς
705 2495 1026 2568 ἁμαρτωλὸν
1064 2496 1524 2568 κατακρίναντες,
1553 2495 1703 2549 αὐτοί
1747 2497 1883 2548 εἰσιν
1913 2497 1960 2547 οί

377 2575 861 2644 κατακεκριμένοι.
903 2575 1169 2630 Ἐνταῦθα
1207 2575 1264 2630 δὲ
1305 2574 1401 2628 δύο
1447 2573 1596 2643 λέγει
1635 2574 1962 2644 ἀναδλέψεις

377 2647 474 2700 καὶ
497 2648 590 2702 δύο
613 2651 970 2723 τυφλότητας,
997 2655 1096 2725 τήν
1124 2671 1184 2706 τε
1213 2652 1498 2724 αἰσθητὴν,
1526 2654 1624 2724 τήν
1653 2669 1712 2705 τε
1737 2653 1958 2723 νοητήν.

378 2725 644 2792 Λέγουσιν
672 2729 821 2800 αὐτῷ
841 2731 906 2783 ἐκ
929 2729 1036 2783 τῶν
1062 2728 1495 2784 ἀκολουθούντων
1532 2728 1682 2800 αὐτῷ
1699 2745 1712 2760 ·
1739 2729 1834 2796 Μὴ
1861 2728 1961 2782 καί

381 2803 554 2872 ἡμεῖς
591 2809 812 2875 τυφλοί
859 2808 1082 2876 ἐσμεν;
1117 2809 1327 2880 Ὥσπερ
1376 2805 1529 2879 Ῐὸίϐ]
1569 2807 1803 2878 ἀλλαχοῦ
1844 2808 1961 2860 ἐλε-

381 2897 478 2949 γον
498 2900 512 2914 ο
561 2885 772 2940 Οὐδενί
823 2885 1301 2955 δεδουλεύκαμεν
1353 2884 1588 2940 πώποτε
1609 2902 1625 2916 ·
1669 2887 1764 2940 Ἐκ
1816 2902 1962 2954 πορ-

384 2962 554 3028 νείας
583 2965 655 3018 οὐ
703 2966 1136 3034 γεγεννήμεθαο
1167 2963 1437 3017 οὕτωκαὶ
1468 2963 1565 3017 νῦν
1600 2965 1734 3035 πρὸς
1778 2965 1845 3017 τά
1880 2965 1964 3017 αἰ-

387 3039 559 3110 σθητά
600 3045 866 3113 κεχήνασι
922 3043 1103 3112 μόνον,
1151 3043 1244 3095 καὶ
1299 3041 1504 3111 ταύτην
1548 3040 1965 3110 ἐπαισχύνονται

384 3118 487 3186 τὴν
535 3120 804 3189 πήρωσιν.
831 3117 965 3172 Εἶτα
1005 3121 1219 3184 δεικνὺς
1253 3121 1334 3173 ὅτι
1364 3120 1572 3190 βέλτιον
1603 3120 1840 3189 τυφλοὺς
1869 3120 1967 3172 αὐ-

383 3197 512 3260 τοὺς
546 3192 742 3268 εἶναιῆ
777 3197 1092 3267 βλέποντας,
1125 3197 1318 3269 φησίνο
1349 3201 1418 3252 El
1444 3198 1657 3267 τυφλοί
1695 3194 1821 3268 ἦτε,
1857 3199 1969 3252 οὐκ

386 3274 466 3327 ἂν
505 3275 700 3344 εἴχετε
731 3278 1046 3346 ἁμαρτίαν.
1081 3276 1300 3346 Ἐπειδὴ
1345 3277 1607 3348 αἰσχύνης
1640 3277 1700 3330 τὸ
1735 3277 1968 3348 πρᾶγμα

387 3352 640 3424 ἐνόμιζον
667 3351 826 3421 εἶναι,
857 3357 956 3426 τὴν
974 3353 1255 3427 συμφορὰν
1269 3365 1316 3421 ο,
1348 3355 1705 3426 περιέτρεψεν
1733 3356 1969 3418 αὑτὸέίς

383 3431 488 3502 τὴν
524 3433 704 3487 αὐτῶν
753 3434 1015 3506 κεφαλὴν,
1059 3433 1249 3497 είπὼν,
1288 3435 1370 3490 ὅτι
1401 3433 1570 3487 Τοῦτο
1610 3435 1970 3505 ἀνεκτοτέραν

387 3511 521 3582 ὑμῖν
561 3511 726 3584 ἔφερε
756 3513 854 3585 τὴν
900 3514 1142 3577 κόλασιν,
1193 3512 1469 3584 πανταχοῦ
1515 3513 1861 3582 περικόπτων
1901 3513 1969 3565 τά

386 3589 709 3661 ἀνθρώπινα
735 3593 1078 3664 φρονήματα,
1103 3591 1196 3644 καὶ
1221 3594 1298 3656 είς
1327 3591 1534 3646 ἔννοιαν
1552 3591 1700 3659 ἀγων
1728 3590 1969 3663 μεγάλην

387 3669 482 3722 καὶ
515 3667 860 3742 θαυμαστήν.
889 3671 1020 3725 Νῦν
1038 3667 1110 3722 δέ
1139 3670 1236 3724 καὶ
1263 3670 1490 3738 λέγετε,
1517 3668 1606 3723 ὅτι
1633 3669 1966 3738 Βλέπομεν.

391 3746 604 3820 Ὠσπερ
635 3750 754 3802 ἐκεῖ
799 3767 984 3822 φησιν,
1035 3751 1146 3803 ’ον
1189 3748 1358 3817 ὑμεῖς
1396 3747 1651 3818 ἐλέγετε,
1701 3747 1790 3801 ὅτι
1825 3747 1970 3813 Θεὸς

389 3824 558 3894 ὑμῶν
588 3822 689 3898 ἦν,
713 3826 856 3882 οὕτω
882 3829 946 3900 δὴ
981 3828 1074 3882 καὶ
1101 3827 1336 3881 ἐνταῦθα
1357 3845 1371 3859 ο
1397 3825 1529 3882 Νῦν
1561 3827 1630 3881 δὲ
1649 3826 1856 3896 λέγετε
1882 3826 1970 3880 ὅτι

379 3903 648 3968 βλέπετε
670 3921 686 3937 ο
714 3906 776 3959 οὐ
803 3906 913 3978 γάρ
959 3905 1208 3976 βλέπετε.
1256 3905 1518 3960 Ἐνταῦθα
1547 3905 1684 3975 ὅπερ
1721 3905 1969 3975 ἐνόμιζον

391 3981 672 4056 ἐγκώμιον
697 3980 838 4039 εἶναι
875 3984 1042 4057 μέγα,
1060 3983 1216 4039 τοῦτο
1246 3985 1516 4038 δείκνυσιν
1543 3984 1726 4048 αὐτοῖς
1746 3984 1969 4037 κόλασιν

392 4061 578 4133 φέρον.
621 4063 732 4118 Καὶ
767 4063 909 4134 ὑπὲρ
954 4064 1056 4134 τῆς
1088 4062 1365 4135 προτέρας
1396 4062 1454 4116 δέ
1487 4060 1788 4134 πηρώσεως
1821 4079 1969 4133 παρ-

396 4140 713 4212 εμυθήσατο
742 4140 834 4194 τὸν
865 4143 930 4195 ἐκ
950 4145 1177 4213 γενετῆς
1195 4140 1415 4210 τυφλόν
1436 4137 1557 4194 εἷτα
1584 4141 1712 4211 περὶ
1742 4141 1843 4209 τῆς
1869 4159 1964 4194 τυο

390 4219 657 4290 φλότητος
684 4219 863 4274 αὐτῶν
883 4219 1216 4288 διαλέγεται.
1242 4219 1360 4272 Ἵνα
1379 4218 1489 4290 γὰρ
1510 4219 1585 4288 μὴ
1617 4218 1866 4286 λέγωσιν.
1892 4220 1968 4272 Οὐ

397 4297 548 4368 παρά
577 4299 677 4370 τὴν
706 4297 981 4370 ἡμετέραν
1004 4297 1253 4368 πήρωσιν
1283 4296 1343 4349 οὐ
1379 4294 1818 4367 προσερχόμεθα,
1855 4296 1969 4350 ἀλλ’

391 4375 467 4439 ὡς
502 4377 702 4432 πλάνον
737 4376 1030 4446 φεύγοντες
1063 4372 1550 4445 ἀποστρεφόμεθα,
1601 4374 1743 4445 ὑπὲρ
1780 4373 1970 4428 τούτου

393 4455 572 4509 πάντα
595 4457 826 4510 ποιεῖται
843 4455 935 4508 τὸν
966 4454 1144 4522 λόγον.

465 4532 531 4604 β’.
554 4534 668 4605 Οὐχ
698 4533 885 4596 ἁπλῶς
901 4532 958 4587 δὲ
973 4534 1001 4586 6
1025 4531 1418 4606 εὐαγγελιστὴς
1441 4533 1868 4605 ἐμνημόνευσεν,
1888 4536 1970 4589 ὅτι

400 4615 640 4684 ἥκουσαν
663 4614 726 4667 ἐκ
751 4613 858 4666 τῶν
877 4612 1186 4683 Φαρισαίων
1206 4611 1379 4665 ταῦτα
1397 4614 1445 4666 ol
1473 4615 1592 4683 μετ’
1611 4613 1774 4667 αὑτοῦ
1796 4613 1967 4681 ὄντες,

394 4692 486 4746 καὶ
505 4688 667 4746 εἶπαν
687 4708 700 4723 ⁶
725 4696 784 4748 Μ
789 4691 822 4760 ὴ
853 4693 952 4746 καί
973 4691 1145 4760 ἡμεῖς
1165 4692 1386 4762 τυφλοί
1402 4692 1628 4761 ἐσμεν;
1654 4692 1772 4747 ἀλλ’
1802 4694 1888 4747 ἵνα
1910 4711 1970 4746 σε

393 4772 702 4843 ἀναμνήσῃ.
738 4772 818 4825 ὅτι
854 4763 1000 4824 οὗτοι
1031 4771 1231 4824 ἐκεῖνοι
1271 4767 1413 4842 ἦσαν
1439 4772 1489 4826 οί
1531 4771 1797 4844 πρότερον
1834 4776 1970 4827 61:0-

397 4852 642 4914 στάντες,
691 4845 813 4903 εἶτα
856 4849 1202 4912 λιθάσαντες.
1241 4845 1420 4905 Ἦσαν
1448 4850 1558 4922 γάρ
1594 4868 1738 4915 τινες
1787 4854 1972 4906 ἐπιπο-

393 4929 559 4992 λαίως
582 4929 1024 4994 ἀκολουθοῦντες,
1065 4930 1162 4981 καὶ
1199 4928 1398 5000 ῥᾳδίως
1432 4931 1512 4993 είς
1537 4929 1844 4983 τούναντίον
1873 4948 1971 5000 με-

393 5007 805 5076 ταϐαλλόμενοι.
835 5007 1006 5061 Πόθεν
1035 5002 1128 5060 οὖν
1157 5007 1575 5071 κατασκευάζει,
1610 5009 1692 5062 ὅτι
1729 5010 1827 5062 οὐκ
1856 5010 1971 5062 ἐστι

396 5087 615 5150 πλάνος,
640 5085 776 5140 ἀλλὰ
803 5087 1039 5158 ποιμήν;
1062 5086 1189 5144 Gel:
1205 5085 1272 5139 τὰ
1295 5087 1655 5157 γνωρίσματα
1683 5087 1968 5159 ἐκατέρου,

397 5166 490 5220 καὶ
521 5164 617 5219 τοῦ
654 5166 933 5236 ποιμένος,
967 5166 1062 5219 καὶ
1090 5165 1184 5218 τοῦ
1209 5165 1411 5219 πλάνου
1431 5167 1525 5220 καὶ
1547 5165 1848 5237 λυμεῶνος,
1879 5170 1973 5222 κει)⁸

397 5244 490 5298 ἀπ’
526 5244 706 5298 αὐτῶν
739 5243 996 5314 παρέχων
1022 5244 1208 5306 αὐτοῖς
1236 5241 1515 5310 ἐξετάζειν
1552 5245 1652 5316 τὴν
1685 5244 1793 5298 τῶν
1833 5263 1974 5318 πρα-

394 5323 620 5394 γμάτων
653 5322 935 5392 ἀλήθειαν.
969 5323 1080 5376 Καὶ
1118 5322 1384 5394 πρότερον
1410 5324 1494 5387 τίς
1523 5324 1552 5376 ό
1595 5323 1795 5388 πλάνος
1827 5328 1921 5380 καὶ
1946 5330 1975 5382 6

397 5402 636 5472 κλέπτης
670 5401 964 5468 δείκνυσιν,
998 5401 1106 5455 ἀπὸ
1133 5401 1368 5472 Γραφῶν
1409 5402 1570 5457 αὑτὸν
1603 5403 1746 5458 οὕτω
1794 5404 1981 5458 καλῶν

397 5481 491 5532 καὶ
510 5479 685 5548 λέγων
709 5494 723 5508 ’
764 5479 962 5548 Ἀμὴν,
992 5479 1156 5549 ἀμὴν
1180 5479 1334 5549 λέγω
1356 5481 1516 5550 ὑμῖν,
1541 5485 1574 5537 ὀ
1595 5481 1684 5552 μὴ
1715 5485 1974 5552 εἰσερχό-

392 5575 576 5628 μενος
599 5558 696 5612 διὰ
722 5555 832 5624 τῆς
844 5559 1026 5626 θύρας
1047 5561 1135 5623 είς
1154 5559 1269 5627 τὴν
1291 5559 1494 5626 αὐλὴν
1506 5560 1626 5615 τῶν
1643 5562 1972 5629 προϐάτων,

397 5637 557 5692 ἀλλὰ
572 5637 912 5691 ἀναϐαίνων
928 5637 1291 5706 ἀλλαχόθεν,
1311 5637 1540 5706 ἐκεῖνος
1556 5643 1822 5707 κλέπτης
1842 5642 1976 5696 ἐστὶ

397 5716 496 5769 καὶ
523 5714 782 5783 λῃστής.
808 5714 950 5792 Ὅρα
971 5716 1040 5768 τά
1059 5715 1327 5786 δείγματα
1346 5715 1441 5770 τοῦ
1463 5717 1662 5792 λῃστοῦ
1682 5736 1698 5748 ·
1730 5720 1971 5791 πρῶτον,

395 5795 478 5846 ὅτι
507 5793 568 5845 οὐ
610 5790 897 5863 παρρησίᾳ
945 5792 1281 5863 εἰσέρχεται·
1312 5790 1588 5868 δεύτερον,
1629 5800 1712 5853 ὅτι
1737 5790 1797 5854 ού
1833 5800 1972 5853 κατά

461 5883 650 5956 ξξανὶί.
675 5885 726 5930 et
748 5882 887 5956 gods]:
911 5883 1020 5956 705z
1042 5883 1133 5956 ’ῑθϐ
1159 5887 1371 5946 μέσως...
1387 5890 1467 5935 ὑπ.
1495 5894 1521 5932 b
1537 5891 1694 5951 Ἰησοῦ
1715 5905 1807 5943 om;
1833 5891 1973 5956 vulg;

402 5947 424 5973 ε
454 5946 550 6000 Ῑήν
571 5943 816 6003 συμξοράν
841 5943 918 5991 hic
935 5943 1209 5995 rcdundaic
1233 5956 1444 6007 putatur.

2069 530 2331 587 Ἐνταῦθα
2365 533 2422 588 δέ
2459 535 2551 587 καὶ
2575 535 2702 598 τοὺς
2726 534 2831 606 πρὸ
2855 533 3020 589 αὑτοῦ
3047 536 3364 596 αίνίττεται,
3392 531 3633 594 καὶτοὺς

2061 611 2176 679 μετ’
2217 612 2380 665 αὑτὸν
2411 611 2702 683 ἐσομένους
2722 629 2735 642 ⁵
2771 613 2872 667 τόν
2902 631 2962 666 τε
2997 614 3364 684 Ἀντίχριστον
3386 611 3480 664 κα)⁸
3505 607 3642 671 τοὺς

2059 687 2514 762 ψευδοχρίστουςο
2551 692 2644 745 τόν
2695 708 2754 744 τε
2803 689 3003 746 Ἰούδαν
3037 691 3130 745 καὶ
3169 689 3392 752 Θευδᾶν,
3442 687 3536 741 καὶ
3585 686 3640 741 ετ

2056 783 2201 830 τινες
2224 769 2400 840 ἐτεροι
2421 769 2652 824 τοιοῦτοι
2676 769 3239 837 γεγόνασιν.“Εἰκύτως
3253 769 3308 821 δέ
3329 767 3516 835 θύραν
3533 767 3635 828 τὰς

2060 845 2284 914 Γραφάς
2318 848 2598 907 ἐκάλεσεν.¹
2634 845 2803 904 Αὖται
2833 850 2940 921 γάρ
2988 851 3134 921 ἡμᾶς
3185 849 3517 919 προσάγουσι
3555 845 3635 915 τῷ

2061 923 2200 994 Θεῷ,
2232 926 2327 980 καὶ
2350 926 2451 999 τὴν
2485 927 2812 997 θεογνωσίαν
2837 929 3142 999 ἀνοίγουσιν
3160 945 3171 958 ο
3205 923 3364 982 αὗται
3385 924 3633 996 πρόϐατα

2061 1003 2332 1068 ποιοῦσιν,
2369 998 2530 1060 αὗται
2577 1009 2927 1076 φυλάττουσι,
2970 998 3072 1062 καὶ⁵
3118 1008 3242 1069 τοὺς
3285 1004 3481 1067 λύκους
3536 1004 3636 1060 οὐκ

2061 1081 2290 1149 ἀφιᾶσιν
2317 1084 2671 1140 ἐπεισελθεῖν.
2697 1085 2964 1155 Καθάπερ
2976 1086 3082 1157 γάρ
3104 1100 3186 1145 τις
3208 1083 3346 1156 θύρα
3362 1081 3633 1151 ἀσφαλὴς.

2064 1160 2237 1226 οὕτως
2259 1161 2539 1216 ἀποκλείει
2560 1165 2672 1226 τοῖς
2703 1164 2996 1234 αἱρετικοῖς
3011 1164 3108 1232 τὴν
3124 1162 3350 1226 εἴσοδον,
3381 1163 3438 1215 ἐν
3460 1161 3637 1230 άσφαι

2065 1237 2185 1309 λείᾳ
2207 1239 2521 1293 καθιστῶσα
2543 1242 2688 1310 ἡμᾶς
2715 1241 2843 1312 περὶ
2859 1236 2932 1294 ὧν
2955 1241 3020 1295 ἂν
3051 1238 3371 1311 βουλώμεθα
3396 1239 3635 1303 πάντων,

2070 1318 2165 1370 καὶ
2198 1317 2298 1370 οὐκ
2331 1318 2477 1371 ἐῶσα
2511 1319 2832 1372 πλανᾶσθαι.
2860 1318 2979 1372 Κᾶν
3009 1318 3083 1390 μὴ
3113 1317 3512 1390 παραλύσωμεν
3541 1316 3641 1371 αθ-

2065 1395 2187 1466 τὴν,
2250 1395 2352 1450 οὐκ
2409 1397 2646 1467 ἐσόμεθα
2695 1397 3008 1468 εὐχείρωτοι
3070 1399 3184 1460 τοῖς
3245 1395 3479 1466 ἐχθροῖς.
3539 1394 3640 1448 Ara

2066 1472 2272 1544 ταύτης
2302 1472 2544 1538 καὶτοὺς
2571 1474 2835 1545 ποιμένας
2868 1474 3110 1537 καὶίτοὺς
3128 1474 3188 1527 οὐ
3221 1473 3484 1544 ποιμένας
3505 1471 3642 1524 είσὰ-

2070 1551 2211 1622 μεθα
2233 1553 2520 1616 ἄπανταςῖ
2533 1553 2596 1606 Τί
2622 1552 2680 1606 δέ
2699 1555 2868 1618 ἐστιν,
2887 1553 2992 1618 ΕἾς
3014 1552 3130 1621 τὴν
3145 1551 3346 1617 αὐλήν
3364 1568 3385 1617 ;
3404 1551 3548 1622 Πρὸς
3569 1551 3640 1605 τά

2066 1629 2314 1701 πρόϐατα
2351 1631 2445 1685 καί⁵
2475 1629 2572 1701 τὴν
2612 1631 2837 1685 ἐκείνων
2865 1631 3150 1702 πρόνοιαν.’
3189 1631 3245 1684 '0
3273 1629 3382 1700 γὰρ
3417 1627 3642 1700 μὴταῖς

2066 1708 2310 1779 Γραφαῖς
2334 1708 2630 1780 χρώμενος,
2649 1709 2784 1763 ἀλλά
2806 1708 3114 1764 ἀναϐαίνων
3136 1707 3426 1778 ἀλλαχόθεν
3443 1721 3457 1736 ·
3481 1721 3641 1761 τουτί-

2067 1787 2232 1853 έστιν,
2275 1788 2467 1858 ἑτέραν
2514 1788 2692 1859 ἐαυτῷ
2731 1789 2826 1842 καὶ
2875 1787 2950 1859 μὴ
2991 1787 3386 1858 νενομισμένην
3423 1785 3639 1856 τέμνων

2065 1863 2184 1918 ὁδόν
2209 1879 2224 1895 °
2257 1860 2412 1930 οὗτος
2442 1865 2682 1934 κλέπτης
2709 1867 2876 1921 ἐστίν.
2913 1867 3075 1938 Ὁρᾷς
3097 1864 3392 1919 κάντεῦθεν
3424 1864 3502 1934 τῷ
3529 1863 3642 1918 11w-

2066 1944 2158 2016 τρῖ⁸
2194 1941 2343 2017 [547]
2375 1946 2790 2016 συμφωνοῦντα,
2835 1943 2912 2015 τῷ
2943 1946 3043 2008 τὰς
3085 1944 3306 2013 Γραφάς
3348 1944 3431 2007 είς
3477 1942 3641 2013 μέσον

2070 2022 2401 2094 προφέρειν;
2451 2023 2548 2077 Διά
2593 2023 2752 2077 τοῦτο
2806 2025 2900 2078 καὶ
2949 2025 3060 2087 τοῖς
3112 2022 3399 2084 Ἰουδαίοις
3429 2019 3640 2088 ἔλεγεν,

2081 2102 2399 2172 Ἐρευνᾶτε
2442 2105 2548 2169 τὰς
2583 2103 2858 2173 Γραφάς·
2906 2105 3000 2158 καὶ
3041 2104 3281 2158 Μωῦσέα
3320 2101 3640 2173 παρήγαγεν

2069 2183 2151 2245 είς
2183 2181 2366 2252 μέσον,
2395 2183 2490 2236 καὶ
2522 2183 2776 2254 μάρτυρα
2807 2182 2970 2236 αὑτὸν
2999 2182 3201 2244 ἐκάλει,
3229 2181 3325 2235 καὶ
3357 2180 3486 2242 τοὺς
3511 2193 3646 2249 προ-

2068 2261 2244 2330 φήτας
2280 2261 2508 2323 πάντας.
2549 2260 2775 2327 Πάντες
2804 2259 2932 2330 γὰρ,
2965 2260 3147 2332 φησὶν,
3181 2262 3236 2314 ol
3271 2259 3643 2324 ἀκούσαντες

2068 2336 2187 2392 τῶν
2198 2339 2538 2407 προφητῶν,
2555 2339 2775 2406 ἥξουσι
2792 2341 2940 2408 πρός
2952 2357 3030 2409 με
3046 2358 3059 2371 ·
3079 2340 3194 2402 καὶ,
3213 2340 3279 2391 El
3298 2337 3644 2391 ἐπιστεύετε

2067 2416 2326 2482 Μωῠσεῖ,
2355 2417 2701 2472 ἐπιστεύετε
2741 2418 2818 2472 ἂν
2855 2419 3004 2489 ἐμοί.
3050 2416 3315 2472 Ἐνταῦθα
3345 2417 3403 2470 δὲ
3428 2413 3645 2469 τὸ·ἀύτό

2071 2496 2451 2566 μεταφορικῶς
2474 2495 2688 2568 ἔθηκεν.
2717 2496 2900 2552 Είπὼν
2927 2498 3005 2559 δέ,
3057 2497 3422 2552 Ἀναϐαίνων
3450 2495 3630 2549 άλλαο

2066 2573 2267 2643 κόθεν,
2303 2573 2397 2628 καὶ
2429 2576 2555 2638 τοὺς
2582 2577 2945 2646 γραμματέας
2977 2576 3217 2648 ᾐνίξατο,
3255 2577 3345 2627 ὅτι·
3365 2573 3644 2627 ἐδίδασκον

2067 2649 2407 2720 ἐντάλματα,·
2447 2651 2798 2718 διδασκαλίας
2827 2652 3149 2723 ἀνθρώπων,
3201 2651 3436 2706 καὶτὸν
3481 2651 3644 2722 νόμον

2067 2729 2417 2800 παρέϐαινον,
2449 2731 2588 2801 ὅπερ
2630 2727 2722 2786 οὖν
2757 2733 2852 2787 καὶ
2899 2732 3062 2796 αὐτὸς
3110 2731 3385 2795 ὀνειδίζων
3425 2729 3641 2798 ἐλεγενο

2071 2808 2280 2873 Οὐδείς
2301 2808 2371 2872 ἐξ
2397 2809 2563 2879 ὑμῶν
2585 2809 2746 2864 ποιεῖ
2758 2811 2864 2864 τόν
2887 2811 3095 2880 νόμον.
3123 2810 3233 2864 Καὶ
3267 2808 3445 2873 καλῶς
3470 2804 3643 2874 εἶπεν,

2080 2886 2456 2952 Ἁναϐαἰνων,
2480 2888 2599 2950 οὐκ,
2625 2887 2843 2954 Είσιὼν,
2860 2889 2996 2958 ὅπερ
3024 2887 3142 2941 ἐστὶ
3171 2887 3404 2942 κλέπτου
3424 2887 3648 2958 θριγκὸν

2077 2963 2462 3036 ὑπερπηδῆσαι
2507 2965 2862 3035 βουλομένου.
2915 2969 3010 3018 καὶ
3063 2965 3416 3028 ἐπικινδύνως
3466 2965 3647 3018 πάντα

2073 3043 2425 3112 πράττοντος.
2455 3040 2607 3107 Εἶδες
2626 3044 2741 3107 πῶς
2767 3044 3050 3113 ὑπέγραψε
3078 3043 3169 3095 τὸν
3182 3043 3420 3116 λῃστὴνς
3447 3042 3647 3098 Σκόπει

2075 3121 2168 3172 καὶ
2194 3119 2289 3173 τοῦ
2335 3121 2594 3190 ποιμένος
2625 3120 2686 3172 τὸ
2711 3119 3020 3189 γνώρισμα.
3051 3120 3117 3172 Τί
3150 3116 3243 3173 οὖν
3279 3119 3434 3172 τοῦτό
3461 3122 3648 3183 ἐστιν;

2082 3199 2147 3252 '0
2185 3200 2602 3268 εἰσερχόμενος
2646 3197 2743 3252 διὰ
2787 3197 2899 3265 τῆς
2947 3199 3150 3266 θύρας,
3185 3193 3364 3262 οὗτός
3405 3197 3576 3251 ἐστιν
3615 3202 3650 3252 ό

2074 3276 2300 3347 ποιμὴν
2329 3277 2450 3332 τῶν
2477 3277 2804 3345 προϐάτων.
2835 3277 3025 3344 Τούτῳ
3054 3280 3086 3332 ό
3116 3275 3377 3345 θυρωρὸς
3402 3275 3648 3345 ἀνοίγει,

2075 3357 2176 3410 καὶ
2202 3355 2317 3424 τὴν
2341 3353 2552 3424 φωνὴν
2577 3356 2772 3410 αὐτοῦ’
2796 3356 3002 3410 ἀκούει
3039 3355 3110 3409 τὰ
3131 3355 3416 3424 πρόϐατα,
3450 3354 3555 3408 καί
3577 3357 3652 3410 τὰ

2077 3435 2199 3489 ἴδια
2241 3434 2420 3488 καλεῖ
2454 3433 2581 3487 κατ’
2623 3434 2832 3504 ὄνομα,
2861 3434 2958 3488 καὶ
3003 3432 3150 3487 ὅταν
3176 3431 3441 3504 ἐξαγάγῃ
3474 3433 3652 3500 αὐτὰ,

2074 3514 2385 3581 πορεύεται
2414 3511 2756 3582 ἔμπροσθεν
2791 3511 3008 3570 αὐτῶν.
3046 3512 3251 3582 Ἔθηκε
3276 3513 3372 3575 καὶ
3399 3510 3494 3565 τοῦ
3530 3528 3653 3566 ποι⁴

2079 3594 2239 3665 μένος
2267 3593 2361 3647 καὶ
2412 3591 2506 3646 τοῦ
2538 3592 2814 3664 λυμεῶνος
2835 3593 2901 3646 τά
2921 3593 3210 3664 δείγματα.
3237 3593 3462 3665 Ἴδωμςν
3492 3591 3654 3647 πάλιν

2075 3671 2193 3736 πῶς
2219 3668 2401 3733 αὐτοῖς
2422 3670 2704 3743 ἐφήρμοσε
2736 3671 2806 3724 τὰ
2825 3671 2973 3742 ἑξῆς·
3015 3672 3228 3740 Τούτῳ,
3258 3673 3446 3742 φησὶν,
3486 3673 3519 3727 ό
3548 3673 3652 3726 ου-

2070 3750 2264 3819 ρωρὸς
2313 3751 2560 3821 ἀνοίγει.
2609 3749 2894 3822 Ἐπέμεινε
2923 3754 2989 3824 τῇ
3024 3754 3330 3823 μεταφορᾷ,
3365 3750 3506 3806 ὥστε
3556 3751 3655 3818 ἐμ-

2077 3828 2484 3902 φαντικὼτερον
2513 3830 2735 3900 ποιῆσαι
2767 3830 2858 3883 τὸν
2882 3829 3062 3898 λόγον.
3095 3831 3158 3883 Εί
3182 3830 3238 3883 δέ
3273 3831 3366 3883 καὶ
3386 3828 3530 3884 κατά
3566 3828 3654 3880 M-

2079 3906 2161 3973 ξιν
2197 3907 2402 3972 ἐθέλοις
2436 3908 2535 3976 τὴν
2570 3907 2885 3978 παραϐολὴν
2931 3907 3227 3973 ἐξετάζειν,
3265 3907 3418 3960 οὐδὲν
3455 3906 3652 3960 κωλύει

2081 3989 2328 4062 θυρωρὸν
2355 3987 2589 4041 ἐνταῦθα
2617 3991 2759 4042 νοεῖν
2787 3987 2880 4040 τὸν
2905 3988 3165 4062 Μωῦσέα.
3212 3986 3452 4048 Ἐκεῖνος
3487 3985 3592 4056 γὰρ
3624 3989 3654 4038 6

2079 4057 2329 4135 τά’λόγια
2355 4065 2450 4119 τοῦ
2471 4064 2607 4118 Θεοῦ
2632 4063 3016 4136 ἐμπιστευθείς
3033 4080 3051 4098 ο
3073 4057 3134 4117 οὗ
3161 4064 3270 4117 Kal
3298 4062 3416 4130 τὴν
3444 4062 3655 4133 φωνὴν

2079 4145 2269 4202 αὑτοῦ
2298 4143 2505 4198 ἀκούει
2535 4143 2607 4197 τὰ
2633 4140 2919 4209 πρόϐατα,
2943 4141 3041 4197 καί
3073 4145 3146 4196 τὰ
3175 4141 3298 4195 ἴδια
3325 4140 3500 4195 καλεῖ
3525 4145 3652 4195 κατ’

2081 4223 2288 4291 ὄνομα.
2319 4219 2537 4290 Ἐπειδὴ
2562 4218 2670 4288 γὰρ
2701 4220 2812 4273 ἄνω
2836 4220 2930 4272 καὶ
2952 4219 3104 4273 κάτω
3122 4219 3310 4288 ελεγον
3331 4220 3493 4274 αὑτὸν
3518 4219 3655 4273 ἀπα-

2077 4301 2255 4356 τεῶνα
2282 4294 2443 4361 εἶναι,
2478 4299 2570 4351 καὶ
2597 4296 2752 4350 τοῦτο
2784 4297 2849 4350 ἐκ
2893 4297 2991 4367 τῆς
3029 4298 3285 4362 ἀπιστίας
3310 4299 3410 4370 τῆς
3445 4299 3654 4352 ἑαυτῶν

2079 4379 2363 4434 ἐϐεϐαίουν
2384 4377 2633 4446 λέγοντες
2651 4392 2666 4408 ο
2695 4376 2789 4442 Τίς
2819 4373 2937 4428 τῶν
2965 4376 3275 4446 ἀρχόντων
3289 4376 3655 4430 ἐπίστευσεν

2077 4463 2167 4527 εἰς
2199 4460 2418 4522 αὑτόν;
2447 4456 2742 4520 δείκνυσιν,
2775 4455 2857 4509 ὃτι
2887 4455 2987 4510 οὒκ
3015 4455 3177 4509 αὑτὸν
3207 4457 3271 4510 ἐκ
3299 4456 3398 4527 τῆς
3429 4455 3653 4510 ἐκείνων

2077 4539 2337 4602 ἀπιστίας
2355 4534 2610 4606 λυμεῶνα
2636 4536 2728 4588 καὶ
2749 4534 2950 4589 πλάνον
2978 4534 3056 4588 δεῖ
3083 4535 3265 4590 καλεῖν
3285 4553 3298 4568 ·
3327 4536 3442 4589 ἀλλ’
3459 4536 3655 4600 αὐτοὺς

2081 4620 2147 4672 ἐκ
2176 4617 2270 4670 τοῦ
2315 4616 2388 4686 μὴ
2428 4613 2715 4686 προσέχειν
2752 4613 2922 4685 αὐτῷ,
2966 4614 3061 4668 καὶ
3104 4615 3203 4686 τῆς
3229 4614 3336 4667 τῶν
3367 4613 3655 4684 προϐάτων

2084 4695 2395 4760 ἀκολούθως
2429 4693 2760 4765 ἐκϐληθῆναι
2783 4693 3009 4761 τάξεως.
3039 4692 3101 4746 El
3133 4693 3241 4765 γάρ
3263 4693 3518 4764 ποιμένος
3539 4693 3656 4746 ἐστὶ

2077 4777 2140 4830 τὸ
2171 4775 2259 4829 διὰ
2283 4774 2382 4844 τῆς
2401 4773 2796 4844 νενομισμένης
2817 4772 3246 4845 εἰσιέναιθύρας,
3276 4773 3437 4839 αὐτὸς
3461 4772 3516 4826 δέ
3538 4774 3654 4826 είσ-

2079 4854 2209 4928 ἦλθε
2237 4853 2326 4908 διά
2346 4853 2577 4928 ταύτηςο
2606 4855 2654 4904 οί
2684 4852 2782 4921 μὲν
2806 4851 3268 4922 ἀκολουθήσαντες
3296 4853 3535 4916 ἅπαντες
3561 4849 3655 4904 δύο

2079 4927 2250 4989 ναιντ’
2275 4932 2341 4988 ἂν
2383 4927 2525 4985 εἶναι
2565 4931 2840 5002 πρόϐαταο
2878 4932 2926 4983 οί
2948 4931 3440 5002 δέἀπορραγέντες
3477 4931 3538 4984 οὐ
3565 4929 3655 4983 τὸν

2081 5013 2316 5085 ποιμένα
2342 5011 2607 5077 διέϐαλον,
2633 5009 2768 5062 ἀλλά
2783 5010 2880 5080 τῆς
2900 5010 3006 5063 τῶν
3026 5013 3313 5082 προϐάτων
3337 5008 3660 5078 συγγενείας

2080 5093 2336 5158 ἐξέϐαλον
2368 5089 2613 5152 ἐαυτούς.
2645 5087 2782 5141 Είδὲ
2810 5087 2954 5157 λέγει
2987 5087 3193 5159 προῖὼν
3210 5088 3308 5159 τὴν
3339 5088 3509 5158 θύραν
3530 5087 3656 5139 ἐαυιο

2079 5175 2170 5228 τὸν
2210 5169 2372 5235 εἶναι,
2419 5170 2580 5223 πάλιν
2611 5168 2673 5220 οὐ
2702 5167 2808 5238 χρὴ
2843 5166 3211 5238 θορυϐεῖσθαι.
3255 5167 3367 5222 Καὶ
3411 5167 3518 5238 γὰρ
3563 5165 3656 5218 καὶ

2084 5255 2320 5324 ποιμένα
2350 5250 2543 5305 ἐαυτὸν
2569 5249 2738 5317 λέγει,
2786 5246 2880 5300 καὶ
2933 5247 3222 5319 πρόϐατον,
3258 5248 3352 5302 καὶ
3381 5244 3658 5318 διαφόρως

2078 5332 2176 5394 τὰς
2198 5327 2510 5400 οἰκονομίας
2538 5327 2796 5398 κηρύττει
2823 5326 2921 5391 τὰς
2944 5327 3336 5382 ἐαυτοῦ.”οταν
3352 5327 3460 5398 γὰρ
3486 5341 3657 5398 προσο

2079 5413 2188 5482 im
2231 5410 2380 5480 ἡμᾶς
2409 5405 2486 5477 τῷ
2517 5407 2712 5476 Πατρὶ,
2763 5404 2934 5476 θύραν
2979 5406 3172 5460 ἑαυτὸν
3221 5406 3407 5460 καλεῖσε
3438 5408 3566 5482 ὅταν
3597 5402 3656 5457 δὲ

2083 5479 2431 5561 ἐπιμελῆται,
2464 5487 2718 5558 ποιμένα.
2747 5486 2863 5540 Ἵνα
2903 5486 3013 5560 γὰρ
3044 5486 3128 5560 μὴ
3142 5487 3299 5542 τοῦτο
3332 5487 3490 5559 ἔργον
3515 5479 3657 5538 εἶναι

2081 5570 2311 5639 νομίσῃς
2337 5565 2500 5619 αὐτοῦ
2533 5567 2690 5636 μόνον
2727 5564 2791 5619 τό·
2809 5569 3204 5639 προσαγαγεῖν,
3227 5566 3376 5635 λέγει
3408 5564 3502 5617 καὶ
3530 5579 3652 5615 ποι-

2085 5651 2220 5719 μένα
2266 5646 2475 5700 ἐαυτὸν.
2525 5645 2636 5700 Kal
2672 5646 2744 5700 τὰ
2779 5649 3044 5715 πρόϐατα
3082 5647 3192 5716 τῆς
3233 5643 3440 5716 φωνῆς
3468 5641 3654 5697 αὐτοῦ

2081 5733 2305 5796 ἀκούει,
2351 5730 2447 5783 καί
2497 5730 2676 5783 καλεῖ
2699 5730 2772 5785 τὰ
2815 5733 2937 5787 ἴδια
2983 5732 3269 5799 πρόϐατα,
3308 5728 3407 5782 καί
3456 5725 3657 5796 ἐξάγει

2081 5813 2254 5873 αὐτὰ,
2286 5810 2385 5863 καὶ
2403 5810 2588 5874 αὐτὸς
2609 5808 2952 5880 ἔμπροσθεν
2971 5811 3171 5868 αὐτῶν
3182 5808 3512 5878 πορεύεται.
3545 5807 3656 5862 Καὶ

2089 5890 2194 5961 μὴν
2227 5888 2532 5944 τούναντίον
2565 5890 2628 5942 οί-
2652 5892 2904 5964 ποιμένες
2935 5891 3199 5957 ποιοῦσιν,
3225 5887 3448 5942 δπισθεν
3475 5885 3654 5940 αὐτῶν
