3984 6196
490 278 600 339 ηε

384 361 397 371 .
482 390 923 469 ἀκολουθοῦντες.
960 386 1105 446 ’Άλλί
1129 393 1308 459 αὐτὸς,
1332 395 1546 459 δεικνὺς
1569 397 1651 449 ὅτι
1670 396 1914 460 ἅπαντας
1938 396 2061 466 ὁδη-

483 481 648 550 γήσει
678 474 814 547 πρὸς
839 474 940 544 τὴν
971 473 1249 544 ἀλήθειαν,
1278 478 1606 541 ἁπεναντίας
1630 477 1859 541 ἐκείνοις
1882 479 2055 530 ποιεῖ’

390 582 393 583 '
486 561 679 630 ῶσπερ
715 551 809 610 οῦν
838 557 933 610 καὶ
971 557 1059 610 ὅτε
1114 556 1185 610 τὰ
1225 560 1477 630 πρόϐατα
1512 560 1751 629 ἔπεμπε,
1801 557 1923 630 [οὐκ
1956 557 2061 624 ἔξω

406 690 414 705 κ
479 640 593 693 τῶν
623 636 827 699 λύκων,
859 634 974 687 ἀλλ’
1004 637 1067 687 ἐν
1095 638 1243 707 μέσῳ
1270 637 1375 690 τῶν
1398 638 1577 692 λύκων
1612 635 1875 707 ἕπεμπε.]
1915 635 2058 690 Πολὺ

400 711 413 757 ³
490 719 592 790 γὰρ
626 711 1035 789 παραδοξοτέρα
1057 717 1196 787 αῦτη
1223 717 1606 789 ἠποιμαντικὴ
1626 716 1727 785 τῆς
1744 717 1872 784 παρ’
1902 716 2059 786 ἠμίν;

432 806 435 811 ’
553 802 624 865 γ’.
642 796 801 848 Δοκεῖ
818 795 874 848 δέ
896 813 983 865 μοι
1002 796 1092 848 καὶ
1113 796 1345 865 περὶτοῦ
1362 795 1562 864 τυφλοῦ
1580 794 1934 849 αἰνίττεσθαι.
1954 792 2062 845 Kal

489 873 598 944 γὰρ
615 874 825 926 ἐκεῖνον
847 871 1083 945 ἐξήγαγε
1102 873 1337 935 καλέσας
1357 875 1422 927 ἐκ
1445 874 1612 944 μέσου
1628 873 1736 926 τῶν
1768 870 2061 935 Ἰουδαίων,

484 951 636 1027 [348]
681 953 776 1006 καὶ
825 948 1027 1021 ἤκουσε
1082 949 1245 1004 αὑτοῦ
1297 951 1398 1021 τῆς
1430 952 1648 1021 φωνῆς,
1702 951 1797 1004 καὶ
1824 949 2060 1027 ἐπέγνω.

498 1025 823 1099 Ἂλλοτρίῳ
872 1028 940 1082 δὲ
971 1030 1043 1083 οὐ
1092 1028 1177 1098 μὴ
1225 1030 1780 1096 ἀκολουθήσουσιν,
1826 1025 1916 1081 ὅτι
1952 1028 2066 1080 οὐκ

484 1106 688 1162 οἴδασι
707 1107 827 1161 τῶν
840 1106 1175 1175 ἀλλοτρίων
1198 1107 1313 1175 τὴν
1333 1106 1561 1175 φωνήν.
1589 1109 1747 1161 Ἤτοι
1779 1106 1905 1168 τοὺς
1938 1105 2064 1175 περὶ

485 1186 693 1240 Θευδᾶν
726 1185 877 1253 λέγει
906 1185 1141 1239 ἐνταῦθα
1173 1186 1269 1239 καὶ
1313 1185 1512 1239 Ἰούδαν
1544 1186 1660 1255 (καὶ
1690 1184 1799 1257 γὰρ
1837 1185 2065 1241 ’Ἀπαν-

484 1281 607 1330 τες,
650 1259 787 1317 ὅσοι
813 1263 1193 1317 ἐπίστευσαν
1241 1263 1446 1327 αὐτοῖς,
1483 1264 2062 1333 διεσκορπίσθησαν,

486 1341 673 1413 φησίν)
703 1360 717 1372 ⁸
758 1340 790 1411 ἢ
826 1341 952 1403 τοὺς
988 1341 1128 1412 μετά
1162 1340 1336 1396 ταῦτα
1365 1343 1657 1413 μέλλοντας
1688 1344 1902 1414 ἀπατᾷν
1933 1342 2067 1410 ψευ-

486 1418 821 1490 δοχρίστους.
851 1417 968 1470 Ἵνα
996 1418 1106 1489 γὰρ
1139 1418 1215 1490 μὴ
1245 1419 1476 1489 λέγωσιν
1505 1422 1600 1475 ’ένα
1626 1421 1850 1474 ἐκείνων
1878 1420 2066 1474 τοῦτον

486 1493 650 1561 εἶναι,
680 1495 768 1549 διὰ
812 1495 1023 1550 πολλῶν
1061 1498 1254 1551 ἑαυτὸν
1296 1499 1393 1552 ἀπ’
1425 1498 1649 1552 ἐκείνων
1692 1499 1909 1569 διαιρεῖ.
1956 1496 2066 1550 Kal

487 1574 708 1646 πρῶτον
746 1575 844 1645 μὲν
868 1574 1053 1645 τίθησι
1092 1576 1377 1648 διαφορὰν,
1404 1578 1504 1649 τὴν
1539 1579 1648 1632 ἀπὸ
1693 1577 1803 1632 τῶν
1835 1578 1874 1630 Γ
1879 1575 2066 1649 ραφῶν

485 1653 837 1707 διδασκαλίαν
860 1671 873 1683 ·
897 1654 1060 1717 αὑτὸς
1089 1654 1193 1724 μὲν
1214 1656 1323 1726 γὰρ
1342 1655 1429 1709 διὰ
1446 1655 1652 1711 τούτων
1668 1657 1863 1719 αὐτοὺς
1894 1671 2065 1726 προσ-

487 1734 685 1802 ήγετο,
734 1733 935 1785 ἐκεῖνοι
983 1732 1040 1785 δὲ
1071 1733 1171 1785 οὐκ
1202 1733 1448 1787 ἐντεῦθεν
1490 1735 1689 1798 αὐτοὺς
1732 1735 2063 1802 ἐφείλκοντο.

488 1808 755 1880 Δευτέραν
776 1810 874 1879 τὴν
900 1810 1008 1864 τῶν
1035 1811 1326 1881 προϐάτων
1353 1815 1600 1886 ὑπακοήν
1624 1830 1637 1844 ·
1659 1813 1807 1883 αὑτῷ
1836 1814 1932 1884 μὲν
1956 1811 2065 1883 γὰρ

486 1888 551 1941 οὑ
585 1886 752 1951 ζῶντι
790 1886 973 1956 μόνον,
1006 1887 1142 1941 ἀλλά
1173 1889 1267 1942 καὶ
1302 1891 1690 1962 τελευτήσαντι
1721 1891 1921 1952 πάντες
1945 1890 2065 1942 ἐπί-

488 1982 725 2019 στευσαν
746 1981 760 1995 ·
795 1966 1040 2031 ἐκείνους
1069 1965 1126 2019 δὲ
1161 1968 1362 2030 εὐθέως
1383 1969 1592 2023 εἴασαν.
1629 1970 1739 2023 Kal
1782 1967 1970 2040 τρίτην
2008 1967 2066 2020 δὲ

484 2045 633 2116 μετά
663 2045 873 2099 τούτων
905 2045 1056 2099 ἔστιν
1099 2049 1273 2101 εἰπεῖν
1303 2047 1363 2100 οὐ
1409 2050 1629 2122 μικράν.
1688 2049 1916 2102 Ἐκεῖνοι
1966 2046 2064 2116 μὲν

485 2124 599 2195 γὰρ
622 2123 698 2186 ώς
716 2122 995 2194 τύραννοι,
1016 2124 1112 2177 καὶ
1128 2124 1219 2178 ἐπὶ
1250 2125 1561 2198 ἀποστασία
1580 2127 1754 2180 πάντα
1771 2138 1797 2166 ι
1824 2123 2062 2178 ἐποίουνο

486 2200 650 2264 αὐτὸς
676 2201 733 2254 δὲ
774 2200 922 2255 οὕτω
964 2202 1152 2273 πόρρω
1197 2202 1389 2257 ἑαυτὸν
1433 2206 1692 2275 τοιαύτης
1732 2205 2067 2273 κατέστησεν

487 2274 744 2348 ὑποψίας,
770 2280 845 2345 ώς
874 2281 969 2334 καὶ
995 2278 1257 2335 θελόντων
1276 2282 1438 2337 αὑτὸν
1471 2274 1697 2353 ποιῆσαι
1723 2281 1944 2353 βασιλέα
1975 2298 2068 2350 φυ-

485 2358 625 2425 γεῖν,
655 2359 748 2411 καὶ
769 2359 1190 2429 ἐπερωτώντων,
1224 2362 1273 2413 εί
1302 2361 1676 2425 ἕξεστιδοῦναι
1709 2362 1908 2431 κῆνσον
1931 2359 2069 2414 Καί-

488 2451 639 2504 σαρι,
691 2435 948 2489 κελεῦσαι
985 2439 1323 2505 καταθεῖναι,
1366 2442 1458 2494 καὶ
1493 2441 1655 2495 αὑτὸν
1688 2439 1965 2494 ἐπιδοῦναι
2007 2438 2067 2491 τδ

485 2512 778 2591 δίδραχμα.
809 2513 1183 2591 Πρὸς-τούτοις
1208 2518 1371 2582 αὐτὸς
1389 2520 1488 2589 μὲν
1514 2520 1652 2591 ὑπὲρ
1673 2519 1772 2589 τῆς
1791 2517 2067 2589 σωτηρίας

484 2590 597 2669 τῶν
626 2592 916 2663 προϐάτων
943 2588 1128 2665 ἦλθεν,
1163 2595 1249 2649 ἵνα
1287 2588 1431 2669 ζωὴν
1462 2588 1649 2668 ἔχωσι,
1678 2588 1773 2651 καὶ
1806 2588 2066 2667 περισσὸν

487 2668 677 2739 ἔχωσι,
705 2671 905 2743 φησίν
943 2673 1141 2725 ἐκεῖνοι
1182 2674 1238 2727 δὲ
1288 2668 1395 2729 καὶ.
1428 2674 1529 2746 τῆς
1561 2674 1843 2747 παρούσης
1870 2674 2067 2736 αὑτοὺς

488 2749 636 2819 ζωῆς
665 2749 1069 2819 ἀπεστέρησαν.
1100 2752 1207 2805 Καὶ
1232 2753 1281 2805 οἱ
1320 2754 1416 2823 μὲν
1449 2753 1768 2824 προῦδωκαν
1808 2754 1931 2815 τοὺς
1966 2753 2065 2822 ἐμ-

485 2826 900 2890 πιστευθέντας,
935 2829 1027 2881 καὶ
1054 2828 1254 2898 ἔφυγον
1275 2846 1290 2860 ·
1312 2831 1473 2894 αὐτὸς
1492 2832 1548 2884 δὲ
1582 2831 1754 2896 οὕτως
1784 2831 1915 2900 ἔστη
1945 2848 2066 2899 γεν-

487 2903 678 2968 ναίως,
712 2905 786 2969 ώς
813 2907 907 2958 καὶ
927 2905 1025 2977 τὴν
1042 2907 1221 2979 ψυχὴν
1251 2908 1550 2963 ἐπιδοῦναι.
1581 2910 1691 2962 Kal
1710 2910 1759 2962 οἱ
1785 2908 1885 2978 μὲν
1915 2909 2067 2961 ἀκον-

486 2998 579 3047 τες
633 2985 725 3038 καὶ
774 2987 1209 3056 ἀναγκαζόμενοι
1266 2989 1361 3040 καὶ
1425 2988 1717 3057 φεύγοντες
1776 2987 1976 3041 ἔπαθον
2029 2986 2066 3040 ἀ

486 3058 688 3116 ἔπαθον
712 3062 761 3102 δ’
789 3058 942 3125 οὗτος
962 3064 1017 3116 δὲ
1037 3064 1179 3118 ἑκὼν
1201 3065 1294 3118 κα)⁵
1319 3064 1748 3136 προαιρούμενος
1774 3065 2065 3135 ὑπέμεινεν

487 3139 725 3195 ἅπαντα.
781 3143 1014 3210 Ταύτην
1054 3142 1170 3211 τὴν
1218 3145 1540 3213 παροιμίαν
1583 3140 1753 3198 εἶπεν
1800 3141 2004 3208 αὐτοῖς
2032 3143 2066 3194 ὀ

498 3219 734 3289 Ἰησοῦς
754 3239 766 3251 ·
795 3221 1012 3274 ἐκεῖνοι
1037 3220 1106 3273 δὲ
1144 3224 1255 3276 οὐκ
1286 3222 1563 3292 ἔγνωσαν
1590 3224 1721 3276 τίνα
1746 3218 1825 3292 ἦν
1857 3221 1895 3275 ἁ
1924 3219 2064 3275 ἐλά-

480 3300 580 3351 λει
610 3298 835 3364 αὐτοῖς.
873 3300 983 3352 Kal
1001 3298 1143 3361 τίνος
1163 3300 1351 3353 ἕνεκεν
1381 3300 1608 3369 ἀσαφῶς
1634 3296 1787 3353 εἶπεν
1809 3302 1991 3363 αὐτοῖς
2014 3310 2063 3363 ες

488 3376 1033 3447 Προσεκτικωτέρους
1063 3378 1261 3441 αὐτοὺς
1282 3379 1501 3447 ποιῆσαι
1528 3378 1869 3447 βουλόμενος.
1914 3379 2065 3430 Ἐπεὶ

485 3452 579 3507 οῦν
606 3453 764 3507 τοῦτο
814 3454 1212 3514 κατεσκεύασε,
1260 3455 1376 3506 λύει
1410 3455 1596 3507 λοιπὸν
1626 3457 1725 3523 τὴν
1771 3456 2061 3523 ἀσάφειαν,

484 3530 635 3584 οὕτω
662 3531 867 3599 λέγων·
910 3532 1057 3599 Ἐγώ
1083 3534 1197 3599 εἰμι
1227 3532 1264 3598 ἢ
1314 3534 1462 3600 θύρα
1485 3548 1499 3561 ⁸
1540 3532 1615 3585 δι’
1650 3533 1796 3601 ἐμοῦ
1830 3534 1939 3585 ἐάν
1974 3551 2065 3599 τις

484 3608 754 3676 εἰσέλθῃ,
784 3610 1216 3671 εἰσελεύσεται,
1249 3610 1347 3663 καί
1389 3611 1795 3675 ἐξελεύσεται,
1833 3610 1931 3663 καὶ
1964 3628 2064 3664 νο-

479 3686 610 3755 μὴν
650 3684 933 3752 εὑρήσειο
977 3682 1110 3747 οἷον,
1146 3688 1204 3737 ἐν
1249 3688 1520 3759 ἀσφαλείᾳ
1571 3688 1720 3742 ἔσται
1778 3688 1871 3741 καὶ
1909 3689 2063 3761 ἀδείᾳ.

488 3764 682 3833 (νομὴν
710 3763 767 3816 δὲ
796 3765 895 3834 τὴν
920 3763 1124 3835 τροφὴν
1153 3765 1387 3818 ἐνταῦθα
1415 3765 1563 3833 λέγει
1593 3768 1684 3819 καὶ
1719 3767 1922 3839 βοσκὴν
1953 3767 2063 3823 τῶν

400 3900 405 3905 λ
485 3842 795 3909 προϐάτων,
834 3842 926 3894 καὶ
964 3841 1215 3906 ἐξουσίαν
1256 3843 1352 3896 καί
1384 3845 1723 3916 κυριότητα),
1757 3844 2061 3909 τουτέστιν,

489 3919 676 3972 Ἔνδον
718 3923 889 3990 μενεῖ,
921 3921 1015 3973 καὶ
1033 3921 1210 3983 οὐδεὶς
1232 3921 1395 3974 αὑτὸν
1419 3921 1754 3992 ἐξωθήσεται
1775 3941 1787 3953 ”
1811 3924 1948 3994 ὅπερ
1968 3919 2062 3976 οὖν

484 4000 577 4051 ἐπὶ
608 3998 718 4050 τῶν
743 3999 1056 4052 ἀποστόλων
1076 3999 1319 4068 γέγονεν,
1351 4000 1400 4052 οἳ
1433 4001 1573 4070 μετὰ
1602 4001 1785 4062 ἀδείας
1809 4002 2062 4073 εἰσῄεσαν

483 4080 578 4131 καὶ
604 4079 851 4150 ἐξῄεσαν,
880 4079 956 4143 ὡς
985 4079 1165 4150 πάσης
1194 4080 1376 4152 κύριοι
1396 4081 1751 4151 γεγενημένοι
1768 4081 1865 4151 τῆς
1881 4082 2062 4133 οἰκου-

486 4158 677 4229 μένης,
728 4160 823 4211 καὶ
859 4159 1032 4222 οὐδεὶς
1062 4160 1258 4223 αὐτοὺς
1300 4159 1550 4212 ἐκϐαλεῖν
1590 4160 1796 4230 ἴσχυσε.
1833 4160 2062 4228 Πάντες

484 4236 616 4290 ὅσοι
646 4232 854 4306 ἦλθον,
897 4236 1147 4291 κλέπται
1178 4236 1298 4291 εἰσὶ
1327 4237 1425 4291 καὶ
1467 4239 1693 4307 λῃσταί
1720 4256 1733 4269 ’
1769 4238 1904 4292 ἀλλ’
1948 4242 2061 4293 οὐκ

483 4314 765 4383 ἤκουσαν
790 4315 991 4370 αὐτῶν
1022 4318 1096 4371 τὰ
1127 4319 1413 4385 πρόϐατα.
1451 4318 1525 4370 Οὐ
1560 4317 1690 4388 περὶ
1717 4317 1824 4371 τῶν
1852 4334 2062 4390 προφη-

481 4394 592 4448 τῶν
629 4412 795 4467 φησιν
825 4395 1080 4462 ἐνταῦθα,
1110 4396 1291 4460 καθὼς
1314 4399 1363 4450 οί
1389 4397 1659 4469 αἱρετικοί
1696 4413 1858 4466 φασιν
1896 4398 2062 4467 (ὲκεί-

482 4492 590 4528 νων
618 4474 730 4547 γὰρ
776 4477 1036 4547 ἥκουσαν,
1064 4476 1159 4530 καὶ
1187 4476 1253 4529 δι’
1297 4477 1522 4529 ἐκείνων
1566 4476 1915 4540 ἐπίστευσαν,
1947 4477 2061 4530 ὅσοι

482 4554 579 4608 καὶ
609 4555 936 4609 ἐπίστευσαν
972 4556 1049 4626 τῷ
1086 4556 1368 4627 Χριστῷ),
1399 4556 1533 4610 ἀλλά
1574 4558 1703 4629 περὶ
1750 4557 1925 4611 Θευδᾶ
1968 4558 2063 4611 καὶ

495 4632 660 4688 Ἰούδα
689 4634 859 4703 λέγει,
886 4637 980 4688 καὶ
1006 4635 1116 4688 τῶν
1145 4637 1319 4690 ἄλλων
1360 4636 1720 4691 στασιαστῶν.
1760 4636 1969 4700 Ἀλλως
2006 4635 2062 4688 δὲ

480 4715 578 4768 καὶ¹
602 4715 684 4780 τὸ,
710 4718 834 4769 Οὐκ
862 4715 1143 4784 ἤκουσαν
1170 4716 1242 4769 τὰ
1276 4716 1559 4783 πρόϐατα,
1606 4717 1842 4770 ἐπαινῶν
1877 4712 2057 4769 εἶπεν·

478 4795 720 4866 οὐδαμοῦ
751 4796 808 4849 δὲ
852 4797 1102 4866 φαίνεται
1150 4796 1389 4850 ἐπαινῶν
1429 4798 1556 4860 τοὺς
1604 4796 2062 4867 παρακούσαντας

478 4877 591 4929 τῶν
617 4876 934 4947 προφητῶν,
961 4875 1098 4930 ἀλλά
1125 4875 1433 4930 τούναντίον
1454 4874 1696 4939 κακίζων
1723 4877 1817 4929 καὶ
1837 4876 2061 4930 διαϐάλ-

478 4954 589 5009 λων
635 4955 899 5025 σφοδρῶς.
933 4956 1094 5009 Ὅθεν
1132 4955 1311 5026 δῆλον,
1347 4954 1430 5007 ὅτι
1460 4954 1540 5019 τὸ,
1578 4956 1701 5008 Οὐκ
1743 4954 2057 5023 ἥκουσαν,

448 5090 451 5091 ,
479 5033 576 5090 νῦν
599 5034 728 5106 περὶ
766 5034 877 5088 τῶν
907 5034 1247 5088 στασιαστῶν
1274 5034 1497 5086 ἐκείνων
1547 5032 1782 5103 εἴρηται.
1829 5034 1892 5087 '0
1921 5035 2059 5089 κλέα

483 5128 634 5181 πτης
656 5116 728 5169 οὐ
745 5113 832 5184 μὴ
858 5114 1110 5184 ἔρχεται,
1128 5116 1180 5167 εὶ
1194 5111 1278 5182 μὴ
1297 5114 1398 5167 ἵνα
1419 5112 1617 5181 κλέψῃ
1646 5113 1741 5166 καὶ
1770 5113 1930 5181 θύσῃ
1960 5114 2059 5168 καὶ

480 5193 760 5263 ἀπολέσῃ
779 5211 791 5225 ·
817 5195 955 5265 ὅπερ
982 5193 1102 5247 τότε
1119 5194 1333 5263 γέγονε,
1366 5192 1586 5246 πάντων
1618 5193 1937 5261 σφαγέντων
1964 5193 2060 5247 καὶ

480 5271 871 5343 ἀπολομένωνἈ
898 5271 1046 5341 Ἐγὼ
1072 5272 1139 5326 δὲ
1168 5270 1377 5343 ἦλθον,
1402 5273 1504 5325 ἵνα
1541 5270 1696 5340 ζωὴν
1724 5273 1931 5343 ἔχωσι,
1960 5274 2059 5329 καὶ

480 5350 776 5418 περισσὸν
813 5341 1018 5421 ἕλωσι.
1071 5341 1200 5405 Kal'
1228 5351 1281 5406 τί
1308 5351 1452 5423 ζωῆς
1485 5341 1886 5426 περισσότερον,
1940 5355 2061 5409 εἰπέ

484 5449 609 5502 μοι;
640 5432 899 5487 Βασιλεία
925 5434 1189 5506 οὐρανῶν.
1228 5434 1367 5489 ’Λλλ’
1385 5434 1538 5488 οὑπω
1560 5435 1707 5504 λέγει
1727 5435 1906 5500 τοῦτο,
1927 5437 2062 5491 ἀλλά

480 5511 541 5565 τὸ
569 5513 668 5584 τῆς
694 5511 1003 5586 Clu-713549]
1037 5513 1208 5585 ὄνομα
1240 5516 1615 5587 περιστρέφει,
1634 5516 1771 5586 ὅπερ
1794 5512 1862 5588 ῆν
1879 5517 2062 5579 αὐτοῖς

482 5592 783 5663 γνώριμον.
830 5592 969 5656 Ἐγώ
1000 5595 1117 5663 ειμι
1156 5596 1188 5647 ό
1217 5593 1442 5662 ποιμὴν
1482 5598 1516 5649 ὀ
1544 5597 1752 5662 καλός.
1795 5595 2060 5650 Ἐνταῦθα

481 5669 668 5725 λοιπὸν
694 5670 821 5740 περὶ
854 5669 945 5723 τοῦ
970 5670 1174 5734 πάθους
1204 5671 1534 5741 διαλέγεται,
1569 5672 1783 5736 δεικνὺς
1807 5675 1889 5727 ὅτι
1920 5674 2061 5744 ὑπὲρ

468 5751 582 5817 τῆς
606 5748 700 5801 τοῦ
722 5749 926 5817 κόσμου
961 5749 1230 5820 σωτηρίας
1247 5750 1405 5804 τοῦτο
1420 5751 1651 5819 γίνεται,
1683 5752 1775 5805 καὶ
1791 5753 1891 5806 οὑκ
1910 5752 2059 5807 ἄκων

1216 277 1273 333 S.
1312 275 1595 333 JOANNIS
1632 271 2117 355 CHRYSOSTOM!
2156 272 2475 333 KRCHIEP.
2510 273 3055 334 CONSTANTINOP;

3644 266 3744 329 336

2170 396 2263 448 ἐπὶ
2292 395 2446 449 τοῦτο
2476 396 2711 467 ἔρχεται.
2735 393 2867 450 Εἶτα
2893 396 3045 465 λέγει
3074 394 3134 447 τὸ
3158 393 3357 463 δεῖγμα
3377 387 3468 444 τοῦ
3494 392 3749 461 ποιμένος-

2170 474 2333 528 πάλιν
2363 475 2458 528 καὶ
2496 473 2588 527 τοῦ
2621 474 2915 544 μισθωτοῦ.
2965 476 3027 527 '0
3057 473 3175 543 μὲν
3224 473 3333 541 γὰρ
3370 469 3598 539 ποιμὴν
3633 468 3752 534 τὴν·

2170 557 2381 626 ψυχὴν
2402 557 2618 611 ἑαυτοῦ
2644 559 2909 623 τίθησιν·
2940 560 2972 613 ό
2991 554 3292 625 μισθωτὸς
3313 554 3382 607 δὲ
3404 553 3501 608 καὶ
3524 556 3636 607 οὐκ
3664 551 3749 606 ὢν

2168 636 2412 706 ποιμὴν,
2440 631 2512 692 οὗ
2533 638 2645 689 οὐκ
2672 637 2789 691 είσὶ
2820 639 2892 689 τὰ
2929 636 3193 702 πρόϐατα
3235 633 3374 695 ἴδια,
3412 632 3617 700 θεωρεῖ
3644 632 3745 687 τὸν

2168 716 2365 768 λύκον
2398 714 2746 784 ἐρχόμενον,
2795 715 2893 768 καὶ
2924 714 3142 781 ἀφίησι
3193 713 3265 766 τὰ
3306 713 3602 780 πρόϐατα,
3651 711 3749 766 καί

2169 797 2374 863 φεύγει
2397 835 2411 858 ,
2444 795 2543 848 καὶ
2582 794 2819 862 ἔρχεται
2842 796 2874 847 ό
2903 795 3112 858 λύκος,
3160 791 3255 845 καί
3286 789 3527 859 ἁρπάζει
3574 790 3745 846 αὑτά.

2184 872 2450 926 Ἐνταῦθα
2493 872 2762 925 δείκνυσιν
2802 871 2994 924 ἑαυτὸν
3029 869 3173 924 οῦτω
3205 868 3508 941 κρατοῦντα
3537 868 3615 931 ώς
3659 870 3751 921 τὸν

2171 950 2412 1021 Πατέρα,
2453 950 2507 1003 εἴ
2551 967 2615 1018 γε
2665 950 2867 1019 ποιμὴν
2898 949 3059 1011 αὑτός
3098 950 3236 1011 ἐστι,
3286 948 3379 1000 καὶ
3431 948 3541 999 [δια
3585 947 3745 999 αὑτοῦ

2170 1028 2286 1081 ἐστι
2332 1028 2402 1083 τά
2445 1028 2716 1099 πρόϐατα.
2760 1028 2925 1101 Ὁρᾷς
2973 1027 3091 1091 πῶς
3137 1028 3197 1079 ἐν
3245 1028 3364 1088 ταῖς
3417 1024 3751 1096 παραϐολαῖς

2172 1107 2504 1180 ὑψηλότερον
2538 1108 2859 1178 φθέγγεται,
2897 1106 3026 1159 ἔνθα
3070 1103 3458 1158 συνεσκίασται
3504 1105 3533 1156 ὁ
3575 1103 3746 1171 λόγος,

2171 1187 2265 1240 καὶ
2296 1188 2355 1241 οὑ
2386 1187 2567 1241 δίδωσι
2603 1187 2773 1256 λαϐὴν
2812 1185 3051 1256 φανερὰν
3078 1186 3191 1247 τοῖς
3224 1182 3640 1255 ἀκροωμένοιςς
3692 1182 3751 1236 Τί

2173 1261 2265 1319 οῦν
2290 1267 2318 1319 ὁ
2352 1266 2621 1336 μισθωτὸς
2644 1260 2797 1328 οὗτος
2824 1266 3001 1329 ποιετ;
3031 1262 3365 1330 Θεωρεῒτὸν
3377 1263 3573 1316 λύκον
3590 1262 3753 1329 ἐρχό-

2168 1361 2377 1415 μενον,
2412 1344 2511 1397 καὶ
2538 1345 2754 1411 ἀφίησι
2780 1342 2852 1396 τὰ
2881 1343 3168 1410 πρόϐατα,
3199 1342 3297 1395 καὶ
3326 1342 3565 1410 ἔρχεται
3589 1344 3622 1396 ό
3643 1340 3747 1393 λύ-

2173 1438 2301 1488 κος,
2330 1423 2427 1475 καὶ
2459 1420 2696 1489 ἁρπάζει
2727 1421 2899 1475 αὐτά.
2930 1419 3103 1474 Τοῦτο
3124 1421 3321 1473 ἐκεῖνοι
3349 1419 3745 1488 πεποιήκασινο

2173 1500 2336 1565 αὐτὸς
2363 1500 2421 1554 δὲ
2444 1499 2773 1554 τούναντίον.
2807 1499 2918 1553 Kal
2946 1500 3075 1571 γὰρ,
3102 1502 3263 1570 ἡνίκα
3295 1498 3628 1570 συνελήφθη.
3662 1513 3754 1568 φησ

2176 1579 2259 1632 σίν
2280 1597 2293 1609 ·
2316 1581 2532 1648 ’Ἅφετε
2553 1579 2804 1644 τούτους
2827 1577 3103 1648 ὑπάγειν.
3135 1578 3222 1631 ἵνα
3245 1576 3508 1649 πληρωθῇ
3530 1576 3751 1646 ὀλόγος,

2172 1652 2256 1710 ὅτι
2288 1656 2463 1720 οὐδεὶς
2491 1657 2548 1724 ἐξ
2577 1656 2757 1710 αὑτῶν
2801 1656 3071 1712 ἀπώλετο.
3112 1657 3270 1710 Ἔστι
3303 1656 3361 1709 δὲ
3396 1655 3639 1710 ἐνταῦθα
3664 1656 3749 1709 καὶ

2173 1734 2365 1805 νοητὸν
2391 1734 2731 1787 ὑποπτεῦσαι
2748 1734 2932 1789 λύκον.
2947 1734 3058 1788 Kal
3077 1734 3183 1806 γὰρ
3198 1734 3320 1788 οὐδὲ
3341 1735 3549 1788 ἐκεῖνον
3574 1735 3756 1788 εἴασεν

2171 1812 2477 1867 ἀπελθόντα
2505 1812 2754 1884 ἁρπάσαι
2801 1812 2870 1866 τὰ
2904 1812 3172 1884 πρόϐατα.
3214 1812 3292 1866 Οὑ
3321 1811 3482 1876 λύκος
3518 1813 3576 1866 δέ
3609 1816 3751 1866 ἐστιν

2171 1886 2325 1954 οὗτος
2359 1891 2538 1961 μόνον,
2566 1890 2703 1944 ἀλλά
2740 1894 2836 1945 καὶ
2867 1891 3024 1946 λέων.
3074 1892 3128 1944 Ὀ
3174 1891 3285 1962 γὰρ
3323 1890 3541 1959 ἐχθρὸς
3587 1890 3753 1961 ἡμῶν

2172 1968 2473 2040 διάϐολος,
2505 1970 2688 2040 φησὶν,
2717 1967 2798 2036 ὡς
2818 1969 2977 2024 λέων
3002 1969 3372 2037 περιέρχεται
3394 1969 3742 2038 ὠρυόμενος.

2173 2039 2343 2113 Οὗτος
2365 2049 2459 2102 καὶ
2475 2039 2598 2118 ὄφις
2626 2048 2719 2102 καὶ
2734 2048 2951 2120 δράκων
2986 2048 3103 2103 ἐστί
3117 2065 3131 2081 ο
3152 2047 3393 2103 Πατεῒτε
3419 2047 3529 2120 γὰρ
3556 2047 3753 2102 ἐπάνω

2174 2126 2367 2198 ὄφεων
2387 2126 2487 2181 καὶ
2505 2128 2834 2197 σκορπίων.

2242 2275 2303 2330 δ’.
2323 2273 2434 2338 Διὸ,
2450 2275 2773 2348 παρακαλῶ,
2795 2275 3045 2348 μένωμεν
3060 2274 3164 2329 ὑπὸ
3188 2275 3266 2347 τῷ
3278 2274 3498 2345 ποιμένι
3513 2274 3749 2346 νεμόμει

2173 2372 2287 2409 νοι’
2328 2355 2598 2426 μενοῦμεν
2642 2355 2720 2419 δὲ,
2754 2355 2850 2407 ἐὰν
2888 2355 2987 2427 τῆς
3022 2356 3204 2424 φωνῆς
3235 2354 3407 2407 αὑτοῦ
3441 2353 3749 2424 ἀκούωμεν,

2174 2431 2269 2486 ἐὰν
2296 2432 2444 2503 αὑτῴ
2467 2431 2806 2503 πειθώμεθα,
2829 2431 2924 2485 ἐὰν
2954 2432 3029 2503 μὴ
3047 2432 3310 2502 ἀλλοτρίῳ
3337 2429 3621 2501 ἑπώμεθα.
3645 2431 3751 2484 Καὶ

2175 2511 2304 2565 ποία
2330 2511 2494 2564 αὑτοῦ
2518 2512 2667 2563 ἐστιν
2698 2512 2731 2581 ή
2765 2511 2950 2580 φωνῆς
2990 2508 3281 2578 Μακάριοι
3314 2512 3370 2564 οι
3410 2509 3633 2578 πτωχοὶ
3672 2507 3748 2573 τῷ

2173 2591 2466 2658 πνεύματι
2495 2605 2509 2620 '
2534 2588 2814 2658 μακάριοι
2841 2591 2897 2641 οἵ
2925 2587 3171 2656 καθαροί
3194 2586 3270 2655 τῇ
3290 2586 3529 2655 καρδίαι
3557 2584 3749 2655 μακά-

2165 2683 2287 2735 ριοι
2332 2670 2387 2720 οἱ
2424 2666 2772 2736 ἐλεήμονες.
2804 2667 2901 2719 Ἂν
2945 2666 3120 2720 ταῦτα
3142 2667 3480 2736 πράττωμεν,
3531 2664 3637 2716 ὑπὸ
3669 2661 3757 2733 τῷ

2174 2747 2391 2817 ποιμένι
2427 2747 2715 2818 μενοῦμεν,
2747 2747 2838 2801 καὶ
2864 2748 2893 2800 ό
2922 2746 3083 2811 λύκος
3118 2747 3264 2800 ἔνδον
3285 2745 3532 2816 γενέσθαι
3567 2745 3629 2798 οὑ
3653 2744 3755 2798 δυσί

2173 2828 2433 2897 νήσεται·
2489 2825 2625 2880 ἀλλά
2674 2825 2778 2880 κᾶν
2820 2824 3045 2897 ἐπέλθῃ,
3098 2825 3193 2878 ἐπὶ
3249 2826 3399 2894 κακῷ
3431 2823 3508 2894 τῷ
3558 2822 3750 2878 ἑαυτοῦ

2172 2904 2331 2957 τοῦτο
2355 2904 2672 2976 ἐργάσεται.
2698 2903 2942 2974 Ποιμένα
2969 2903 3077 2973 γὰρ
3100 2902 3298 2974 ἔχομεν
3327 2902 3471 2955 οὑτω
3500 2900 3759 2970 φιλοῦντα

2176 2985 2346 3055 ἡμᾶς,
2377 2983 2452 3046 ώς
2481 2984 2576 3037 καὶ
2604 2984 2702 3055 τὴν
2719 2983 2896 3053 ψυχὴν
2913 2982 3054 3052 ὑπὲρ
3075 2983 3233 3055 ἡμῶν
3260 2981 3567 3035 ἐπιδοῦναι.
3586 2981 3753 3034 Ὅταν

2173 3059 2266 3114 οὖν
2295 3062 2388 3114 καὶ
2419 3060 2641 3124 δυνατὸς
2758 3063 2852 3114 καὶ
2880 3062 3032 3132 φιλῇ,
3062 3061 3113 3114 τί
3153 3060 3215 3114 τὸ
3243 3059 3452 3113 κωλύον
3476 3060 3628 3130 ἡμᾶς
3656 3076 3757 3112 ama

2174 3139 2363 3210 θῆναι;
2390 3139 2575 3205 Οὐδὲν,
2605 3141 2654 3192 εί
2680 3139 2753 3212 μὴ
2783 3141 2946 3210 ἡμεῖς
2984 3139 3140 3193 αὐτοὶ
3179 3139 3584 3209 ἀποσταίημεν.
3639 3137 3758 3201 Πῶς

2172 3216 2227 3270 δὲ
2258 3217 2716 3288 ἀποστησόμεθα;
2749 3217 3013 3270 Ἄκουσον
3043 3216 3208 3270 αὑτοῦ
3238 3216 3491 3285 λέγοντος
3518 3234 3534 3247 ·
3559 3218 3643 3271 Οὐ
3659 3215 3756 3270 δύ-

2172 3300 2362 3350 νασθε
2388 3294 2531 3349 δυσὶ
2572 3296 2801 3362 κυρίοις
2833 3293 3176 3358 δουλεύειν,
3209 3293 3333 3360 Θεῷ
3354 3295 3453 3349 καὶ
3482 3292 3755 3365 μαμωνᾷ.

2178 3376 2275 3430 Ἂν
2298 3377 2473 3431 τοίνυν
2501 3375 2678 3445 τούτῳ
2693 3375 3056 3446 δουλεύωμεν,
3093 3377 3194 3446 οὐχ
3214 3374 3641 3447 ὑποστησόμεθα
3666 3376 3761 3447 τὴν

2174 3456 2383 3508 ἐκείνου
2403 3453 2711 3525 τυραννίδα.
2732 3454 2840 3506 Kal
2868 3453 2977 3525 γὰρ
2996 3453 3312 3525 τυραννίδος
3334 3453 3559 3523 ἁπάσης
3577 3453 3760 3524 πικρό-

2171 3549 2328 3605 τερον
2359 3535 2391 3603 ή
2426 3531 2534 3586 τῶν
2577 3530 2875 3603 χρημάτων
2918 3531 3204 3601 ἐπιθυμία.
3264 3530 3493 3600 Ἡδονὴν
3529 3531 3631 3601 μὲν
3658 3531 3764 3600 γὰρ

2171 3611 2428 3682 οὐδεμίαν
2459 3611 2572 3682 ἔχει
2595 3626 2609 3641 ο
2640 3610 2926 3681 φροντίδας
2957 3608 3015 3661 δὲ
3042 3610 3136 3663 καὶ
3160 3608 3407 3678 φθόνους,
3426 3610 3526 3661 καὶ
3551 3608 3760 3662 ἐπιϐουο

2170 3681 2289 3753 λάς,
2331 3691 2423 3744 καὶ
2472 3693 2647 3758 μῖσος,
2682 3690 2775 3742 καὶ
2817 3688 3204 3758 συκοφαντίας,
3234 3689 3331 3742 καὶ
3357 3690 3568 3759 ἀρετῆς
3605 3686 3767 3761 μυρία

2172 3769 2489 3839 κωλύματα.
2528 3768 2820 3840 ρᾳθυμίαν,
2843 3768 3153 3837 ἀσέλγειαν,
3182 3767 3524 3833 πλεονεξίαν,
3558 3767 3726 3838 μέθην
3745 3778 3767 3796 '

2170 3848 2207 3903 ἀ
2245 3849 2338 3901 καὶ
2367 3849 2496 3910 τοὺς
2537 3847 2854 3918 ἐλευθέρους
2884 3847 3105 3910 δούλους
3136 3850 3284 3900 ποιεῖ
3315 3847 3411 3899 xal
3441 3845 3766 3918 ἀργυρωνή-

2170 3944 2278 3982 των
2299 3929 2536 4000 χείρους,
2582 3929 2678 3982 καὶ
2718 3926 2960 3991 δούλους,
3006 3927 3106 3980 οὑκ
3147 3926 3639 3996 ἀνθρώπων,ἀλλά
3676 3924 3767 3979 καὶ

2170 4006 2264 4061 τοῦ
2291 4006 2676 4078 χαλεπωτέρου
2707 4005 2816 4058 τῶν
2847 4005 3033 4059 παθῶν
3064 4007 3157 4059 καὶ
3182 4007 3290 4061 τῶν
3309 4008 3643 4077 νοσημάτων
3675 4004 3766 4074 τῆς

2169 4086 2367 4158 ψυχῆς.
2403 4085 2461 4138 '0
2474 4084 2714 4148 τοιοῦτος
2733 4083 2904 4138 πολλά
2918 4084 3028 4137 τῶν
3051 4084 3147 4138 καὶ
3169 4083 3289 4154 Θεῴ
3314 4086 3410 4137 καὶ
3452 4084 3771 4156 ἀνθρώποις

2174 4167 2249 4236 μὴ
2271 4163 2614 4235 ἀρεσκόντων
2647 4162 2842 4233 τολμᾷ,
2864 4161 3118 4225 δεδοικὼς
3154 4162 3231 4232 μή
3253 4179 3337 4227 τις
3362 4161 3541 4217 αὑτοῦ
3573 4163 3674 4231 τὴν
3690 4160 3771 4212 δε-

2172 4245 2430 4298 σποτείαν
2477 4242 2745 4312 ἀφέληται
2779 4240 3006 4311 ταύτην.
3033 4242 3097 4294 Ὢ
3128 4242 3333 4311 πικρᾶς
3369 4240 3632 4304 δουλείας
3681 4236 3773 4292 καὶ

2168 4324 2480 4393 διαϐολικῆς
2525 4321 2878 4385 δυναστείαςῑ
2914 4320 3073 4374 τοῦτο
3104 4322 3216 4392 γὰρ
3259 4320 3504 4392 μάλιστα
3554 4321 3773 4375 πάντων

2170 4404 2287 4457 ἐστὶ
2313 4404 2373 4456 τὸ
2397 4399 2781 4472 χαλεπώτατον
2797 4399 2848 4466 ἀ,
2889 4400 2972 4454 ὅτι
3007 4401 3065 4454 ἐν
3096 4399 3372 4464 τοσούτοις
3406 4400 3771 4471 κατεχόμενοι

2170 4482 2362 4547 κακοῖς
2396 4479 2655 4552 ἡδόμεθα,
2713 4477 2808 4533 καὶ
2860 4480 2960 4549 τὴν
3006 4478 3196 4533 ἅλυσιν
3233 4478 3637 4549 ἀσπαζόμεθα,
3683 4478 3775 4531 καὶ

2169 4560 2541 4632 δεσμωτήριον
2607 4558 2885 4622 οἰκοῦντες
2939 4559 3165 4622 σκότους
3202 4558 3657 4631 πεπληρωμένον
3700 4560 3774 4621 εἰς

2171 4640 2286 4711 φῶς
2313 4639 2548 4705 ἐξελθεῖν
2578 4638 2640 4692 οὐ
2672 4636 2995 4708 βουλόμεθα,
3038 4637 3154 4691 ἀλλ’
3203 4637 3617 4709 ἐπισφὶγγομεν
3650 4640 3773 4691 ἑαυο

2168 4721 2282 4782 τοῖς
2313 4718 2383 4772 τὰ
2416 4717 2583 4782 κακὰ,
2634 4717 2729 4769 καὶ
2774 4716 3079 4786 ἐνηδόμεθα
3129 4715 3208 4787 τῷ
3246 4717 3552 4786 νοσήματι.
3615 4717 3773 4769 Ὅθεν

2170 4798 2291 4852 οὐδὲ
2324 4796 2708 4867 ἀπαλλαγῆναι
2734 4795 3035 4863 δυνάμεθα,
3074 4794 3250 4867 [550],
3284 4795 3421 4848 ἀλλὰ
3437 4796 3559 4849 τῶν
3582 4797 3656 4848 τά
3684 4795 3773 4865 μέ-

2170 4878 2341 4933 ταλλα
2390 4874 2780 4947 ἐργαζομένων
2831 4873 3213 4946 χαλεπώτερον
3252 4874 3613 4944 διακείμεθα,
3656 4878 3777 4937 τοὺς

2173 4960 2272 5030 μὲν
2313 4956 2513 5018 πόνους
2547 4955 2639 5008 καὶ
2679 4955 2777 5025 τὴν
2813 4952 3190 5025 ταλαιπωρίαν
3228 4954 3638 5024 ὑπομένοντες,
3674 4954 3776 5007 τῶν

2168 5036 2229 5091 δὲ
2272 5034 2502 5108 καρπῶν
2538 5033 2639 5087 οὑκ
2656 5032 3043 5096 ἀπολαύοντες.
3078 5032 3181 5086 Kal
3213 5033 3274 5086 τδ
3294 5033 3360 5103 δὴ
3399 5036 3600 5104 χεῖρον
3641 5032 3775 5086 πάν·

2168 5134 2298 5179 των,
2314 5116 2397 5169 ὃτι
2411 5115 2515 5168 κᾶν
2533 5112 2843 5177 ἀπαλλάξαι
2860 5112 3094 5185 βουληθῇ
3120 5129 3206 5177 τις
3223 5113 3321 5182 τῆς
3338 5115 3557 5183 πικρᾶς
3570 5111 3775 5178 ταύτης

2169 5195 2547 5267 αίχμαλωσίας
2569 5195 2737 5265 ἡμᾶς,
2752 5194 2851 5246 οὑκ
2870 5193 3198 5263 ἀνεχόμεθα,
3222 5192 3358 5245 ἀλλά
3371 5192 3465 5245 καὶ¹
3478 5191 3774 5263 δυσχεραί-

2169 5293 2333 5346 νομεν
2354 5275 2449 5329 καὶ
2464 5272 2908 5342 ἀγανακτοῦμεν,
2936 5272 3089 5325 οὐδὲν
3113 5272 3337 5342 ἄμεινον
3362 5270 3475 5323 τῶν
3515 5268 3775 5342 μαινομέ·

2169 5373 2275 5410 νων
2291 5354 2623 5425 διακείμενοι
2660 5352 2854 5423 ταύτῃ.
2889 5351 3025 5406 ἀλλά
3056 5353 3150 5404 καὶ
3179 5349 3359 5414 πολλῷ
3388 5350 3623 5404 πάντων
3642 5353 3773 5403 ἐκει-

2168 5455 2276 5490 νων
2296 5435 2643 5507 ἀθλιώτερον,
2675 5434 2770 5489 καὶ
2790 5426 3064 5495 τοσοῦτον,
3085 5432 3209 5485 ὅσον
3229 5430 3350 5485 οὑδὲ
3376 5430 3772 5501 ἀπαλλαγῆναι

2168 5516 2267 5584 τῆς
2305 5516 2504 5586 μανίας
2534 5514 2810 5584 ἐθέλομεν.
2863 5514 2955 5583 Μὴ
3004 5512 3114 5582 γὰρ
3155 5510 3245 5564 διά
3280 5509 3439 5566 τοῦτο
3471 5511 3770 5583 παρήχθης

2167 5597 2247 5656 εἰς
2284 5584 2381 5649 τὸν
2426 5593 2650 5664 κόσμον,
2706 5586 2752 5646 ὧ
2792 5591 3071 5663 ἄνθρωπε,
3116 5586 3342 5653 τοῦτον;
3392 5587 3473 5661 μὴ
3525 5590 3642 5662 γὰρ
3686 5587 3769 5643 διὰ

2167 5673 2325 5729 τοῦτο
2342 5674 2572 5743 γέγονας
2594 5672 2899 5743 ἄνθρωπος,
2939 5671 3025 5725 ἵνα
3057 5670 3126 5724 τὰ
3172 5670 3407 5740 μέταλλα
3458 5670 3652 5724 ταῦτα
3684 5669 3768 5736 ἐρ·

2171 5750 2335 5824 γάζῃ,
2371 5751 2468 5805 καὶ
2510 5752 2777 5826 συλλέγῃς
2811 5751 3068 5824 χρυσίον;
3115 5751 3192 5803 Οὑ
3222 5749 3311 5804 διὰ
3334 5746 3516 5803 ταῦτα
3562 5744 3766 5803 επλασέ

553 5845 577 5873 ⁸
612 5840 782 5890 Morel.
825 5843 1031 5893 πάντων.
1115 5845 1141 5883 b
1190 5844 1349 5895 Verba
1378 5847 1406 5893 ἃ
1434 5848 1603 5895 ἔπαθον
1629 5862 1656 5896 e
1687 5848 1835 5899 SaVil.
1863 5856 1915 5898 et
1941 5850 2062 5899 codd

2172 5848 2224 5909 3,
2242 5847 2350 5896 706.
2421 5851 2441 5877 ε
2466 5849 2636 5904 Λύτοῖς
2662 5849 2801 5898 deest
2841 5847 2888 5896 in
2921 5846 3069 5898 Savil.
3140 5843 3165 5883 δ
3187 5843 3356 5895 Μοῒειη
3390 5845 3763 5905 χαλεπώτεοθνυ
