4094 6204
265 293 364 356 525

263 403 473 474 dispersi
498 408 615 456 sunt
643 397 776 470 (Act.
798 394 852 451 5.
875 392 964 448 56.
986 389 1117 461 '57);
1143 387 1255 443 sive
1271 389 1431 441 etiam
1450 383 1828 474 futuros‘pseu-

263 469 559 555 dochr'tstos
587 469 679 562 qui
707 487 899 544 multos
924 490 1106 554 postea
1144 475 1408 534 scducturi
1436 482 1608 529 erant.
1635 469 1714 526 Ne
1752 469 1836 562 di-

264 592 444 643 cerent
463 561 639 648 enim,
667 594 725 635 se
753 575 1034 650 quemdam
1073 572 1305 642 ipsorum
1333 581 1474 631 esse,
1506 564 1663 633 longe
1688 576 1745 616 se
1771 561 1839 617 ab

265 677 367 734 illis
399 674 671 731 diversum
703 667 954 725 ostendit.
983 665 1218 720 Primam
1243 658 1598 715 differentiam
1647 652 1835 718 affert,

264 767 556 824 doctrinam
582 780 650 820 ex
669 759 958 830 Scripturis
979 763 1268 824 sumptam,
1291 763 1515 821 quarum
1542 747 1702 802 ductu
1724 744 1840 798 illos

263 860 450 931 agebat
490 874 505 913 :
548 856 637 910 alii
688 868 815 908 vero
853 864 1030 906 secus.
1085 844 1326 902 Secunda
1373 838 1670 895 differentia
1726 843 1842 891 erat

263 952 435 1006 ovium
468 944 795 1003 obedientia.
829 942 930 1012 Ipsi
959 952 1186 1007 namque
1224 949 1331 989 non
1374 931 1570 987 viventi
1603 938 1837 994 tantum,

267 1041 361 1097 sed
386 1041 550 1096 etiam
582 1049 792 1094 mortuo
815 1033 1157 1090 crediderunt
1185 1048 1198 1084 :
1229 1029 1347 1083 illos
1374 1040 1501 1080 vero
1543 1022 1719 1078 statim
1754 1034 1843 1075 re-

262 1130 558 1201 liquerunt.
591 1128 823 1184 Tertiam
851 1139 950 1180 nec
990 1121 1256 1177 modicam
1286 1117 1516 1186 adjicere
1540 1126 1842 1185 possumus.

262 1223 340 1278 illi
369 1229 428 1276 ut
457 1220 673 1292 tyranni
700 1218 767 1273 ad
789 1216 1138 1272 deiectionem
1167 1209 1343 1265 omnia
1372 1204 1639 1262 faciebant
1682 1220 1695 1255 :
1734 1201 1847 1272 ipse

263 1320 467 1369 tantum
494 1327 525 1366 a
561 1312 650 1368 tali
671 1308 977 1379 suSpieione
1000 1304 1201 1368 aberat,
1228 1309 1287 1354 ut
1305 1314 1425 1354 cum
1450 1296 1646 1352 vellent
1673 1293 1846 1363 ipsum

263 1417 442 1472 regem
472 1401 677 1468 facere,
708 1397 938 1469 fugerit;
979 1402 1180 1450 etcum
1211 1393 1601 1458 interrogarent
1626 1399 1693 1437 an
1716 1382 1854 1437 lice-

264 1503 348 1549 ret
367 1507 593 1549 censum
631 1492 759 1548 dare
784 1489 984 1547 Ctesari
1007 1530 1024 1559 ,
1059 1488 1267 1543 solvere
1287 1485 1522 1555 juberet,
1553 1487 1712 1550 atque
1738 1476 1851 1547 ipse

264 1584 425 1640 etiam
447 1581 764 1640 didracbma
785 1581 959 1636 daret.
989 1578 1069 1634 Ad
1090 1578 1205 1632 hmo
1228 1577 1341 1647 ipse
1365 1588 1460 1645 pro
1479 1572 1651 1627 salute
1675 1569 1850 1624 ovium

263 1675 434 1740 venit,
468 1682 529 1729 ut
573 1673 737 1727 vitam
762 1672 1050 1737 baberent,
1081 1677 1135 1725 et
1167 1665 1518 1723 abundantius
1544 1661 1803 1716 haberent
1832 1673 1847 1713 :

266 1765 350 1821 illi
386 1779 520 1820 vero
546 1763 796 1834 praesenti
839 1762 999 1817 etiam
1021 1760 1126 1814 vita
1173 1771 1300 1813 suos
1328 1755 1620 1825 privarunt.
1650 1749 1727 1804 Illi
1758 1762 1853 1804 eos

265 1856 358 1925 qui
414 1855 521 1911 sibi
567 1853 753 1909 crediti
808 1861 960 1907 erant
998 1848 1386 1920 prodiderunt,
1442 1851 1497 1900 et
1546 1841 1848 1912 fugerunt:

263 1942 519 2000 Christus
545 1959 671 1998 vero
699 1942 770 1997 ita
798 1940 1011 1996 fortiter
1035 1939 1209 2004 stetit,
1241 1946 1298 1991 ut
1321 1934 1551 1990 animam
1572 1946 1720 1986 suam
1748 1939 1854 1983 tra-

264 2035 441 2091 deret.
474 2033 553 2087 Illi
594 2032 781 2101 inviti,
812 2031 981 2087 coacti
1009 2038 1064 2085 et
1092 2028 1353 2099 fugientes
1383 2023 1525 2094 passi
1553 2028 1677 2078 sunt
1705 2038 1719 2074 :
1765 2018 1853 2073 hic

268 2128 447 2183 libens
476 2136 533 2181 et
559 2126 744 2180 volens
787 2125 963 2178 omnia
997 2121 1234 2191 pertulit.
1268 2118 1324 2174 6.
1380 2116 1496 2171 Hoc
1540 2111 1855 2185 proverbium

273 2219 402 2271 dixit
429 2218 501 2271 eis
525 2214 697 2269 Iesus.
730 2212 821 2268 Illi
846 2224 1015 2267 autem
1043 2228 1145 2266 non
1184 2214 1522 2281 cognouerunt
1542 2204 1662 2275 quid
1685 2201 1859 2272 loque-

268 2317 414 2362 retur
455 2309 549 2361 eis.
598 2305 708 2361 Cur
752 2304 980 2360 obscure
1025 2299 1378 2371 loquebatur?
1429 2297 1500 2353 Ut
1546 2295 1859 2349 attentiores

273 2397 550 2453 redderet.
577 2396 678 2451 Ubi
706 2404 886 2450 autem
918 2392 1049 2448 illud
1077 2391 1251 2447 elfecit
1269 2432 1284 2456 ,
1311 2388 1687 2444 obscuritatem
1720 2381 1858 2437 tollit

275 2487 359 2543 his
384 2486 600 2542 verbis:
628 2485 683 2539 9.
717 2483 830 2556 Ego
859 2500 972 2539 sum
996 2483 1179 2538 ostium
1204 2496 1223 2535 :
1251 2496 1340 2551 per
1359 2493 1438 2532 nte
1462 2478 1506 2531 si
1523 2476 1632 2541 quis
1651 2472 1859 2527 introie«

276 2579 378 2643 rit,
408 2576 718 2647 ingredietur
742 2582 789 2629 et
825 2574 1127 2646 egredietur,
1165 2581 1213 2626 et
1250 2584 1437 2641 pascua
1465 2567 1697 2621 inveniet.
1748 2562 1861 2618 lloc

279 2676 364 2723 est
383 2709 399 2735 ,
430 2667 487 2721 ln
513 2667 799 2722 securitate
820 2677 873 2722 et
895 2666 1142 2721 libertate
1167 2664 1308 2719 vivet
1338 2663 1554 2733 (pascua
1581 2667 1757 2713 autem
1777 2656 1864 2710 hic

281 2769 437 2816 vocat
458 2759 707 2830 pabulum
731 2759 931 2827 ovium,
958 2766 1380 2828 potestatemque
1401 2762 1455 2809 et
1473 2748 1863 2819 dominatum);

285 2844 393 2904 hoc
417 2858 521 2914 est,
556 2849 701 2905 lntus
732 2850 984 2916 manebit,
1018 2856 1070 2903 et
1095 2862 1252 2903 nemo
1273 2845 1397 2901 inde
1419 2842 1690 2913 expellet:
1718 2837 1860 2909 quod

288 2942 452 2996 etiam
494 2942 755 3010 apostolis
784 2941 993 3004 evenit,
1025 2939 1116 3008 qui
1142 2938 1308 2990 libere
1345 2934 1615 2989 intrabant
1656 2939 1711 2986 et
1751 2929 1866 2983 exi-

290 3028 445 3095 bant,
474 3031 622 3099 quasi
646 3028 882 3082 universi
913 3028 1059 3081 orbis
1084 3023 1318 3087 domini;
1342 3035 1605 3091 nemoque
1634 3019 1753 3073 illos
1777 3017 1874 3086 eji-

291 3132 420 3173 cere
448 3119 636 3187 potuit.
667 3118 719 3172 8.
753 3117 938 3170 Omnes
977 3123 1217 3186 quotquot
1242 3122 1357 3166 ante
1385 3127 1462 3164 me
1481 3116 1753 3174 venerunt,
1789 3109 1873 3177 fu-

295 3225 379 3264 res
400 3218 519 3263 sunt
547 3217 591 3262 et
618 3204 839 3261 latrones
858 3223 875 3271 ;
892 3208 981 3259 sed
1004 3221 1103 3258 non
1124 3203 1389 3257 audierunt
1411 3217 1492 3255 eos
1521 3215 1654 3254 oves.
1675 3197 1786 3252 Non
1811 3195 1877 3249 de

301 3296 584 3369 prophetis
606 3296 692 3350 hic
735 3296 986 3361 loquitur,
1015 3303 1075 3348 ut
1099 3294 1247 3347 aiunt
1276 3291 1508 3345 hazretici
1554 3288 1699 3359 (illos
1736 3285 1876 3339 enim

297 3388 616 3452 audierunt,
673 3395 728 3443 et
778 3402 873 3456 per
920 3386 1040 3441 illos
1110 3382 1454 3440 crediderunt
1517 3386 1772 3451 quotquot
1825 3377 1879 3431 in

297 3476 573 3533 Christum
601 3473 966 3547 crediderunt)
993 3492 1007 3540 ;
1038 3474 1130 3529 scd
1154 3472 1218 3528 de
1236 3470 1451 3527 Theuda
1482 3478 1534 3524 et
1561 3468 1695 3524 .luda
1736 3466 1883 3521 aliis-

300 3583 408 3640 que
435 3567 706 3622 seditiosis
745 3567 872 3637 agit.
902 3565 1171 3621 Prmtcrea
1205 3562 1424 3618 verbum
1451 3559 1579 3614 illud
1600 3600 1614 3625 ,
1637 3557 1762 3612 Non
1787 3572 1882 3610 au-

302 3661 504 3714 dierunt
527 3676 671 3725 oues,
705 3659 759 3713 in
790 3674 973 3712 earum
1021 3656 1230 3711 laudem
1261 3654 1389 3709 dicit
1418 3671 1432 3708 :
1464 3666 1720 3722 nusquam
1750 3664 1878 3704 vero

302 3748 483 3805 laudat
527 3764 621 3804 eos
663 3749 753 3819 qui
800 3747 1086 3818 prophetas
1114 3762 1216 3800 non
1258 3744 1575 3809 audierunt;
1609 3742 1715 3796 imo
1763 3741 1881 3797 illos

305 3841 589 3895 admodum
623 3839 884 3909 improbat
911 3847 961 3893 et
982 3836 1338 3906 reprehendit.
1365 3834 1496 3889 Hinc
1514 3835 1684 3904 palam
1710 3840 1793 3888 est
1816 3831 1882 3886 il-

306 3931 421 3999 lud,
456 3931 575 3986 Non
614 3930 916 3993 audierunt,
945 3929 1013 3985 de
1042 3928 1310 3983 seditiosis
1346 3926 1448 3980 illis
1470 3926 1669 3981 dictant
1697 3925 1881 3979 fuisse.

309 4024 399 4080 10.
427 4022 541 4077 Fur
570 4039 669 4076 non
690 4023 840 4088 venit,
870 4022 967 4075 nisi
1000 4030 1054 4075 ut
1091 4025 1287 4090 [aretur
1316 4029 1361 4072 et
1392 4027 1570 4072 mactet
1594 4027 1641 4071 et
1671 4018 1884 4087 perdat:

308 4124 366 4167 ut
395 4114 484 4168 hic
511 4113 766 4183 contigit;
797 4127 984 4167 omnes
1012 4111 1152 4166 enim
1181 4110 1395 4165 mactati
1435 4108 1700 4177 occisique
1743 4114 1883 4161 sunt.

315 4204 424 4277 Ego
449 4214 613 4258 autem
643 4205 753 4259 veni
788 4214 842 4258 ut
868 4207 1019 4257 vitam
1057 4202 1270 4256 habeant
1296 4243 1309 4266 ,
1341 4211 1387 4255 et
1415 4200 1753 4253 abundantius
1792 4200 1888 4253 Ita-

313 4295 484 4351 beant.
512 4295 647 4363 Quid
670 4338 685 4362 ,
718 4310 931 4365 quaeso,
965 4295 1071 4348 vita
1099 4290 1494 4347 abundantius?
1517 4290 1756 4359 Regnum
1787 4306 1889 4344 cre-

316 4384 510 4440 lorum.
544 4384 737 4439 Verum
769 4384 819 4438 id
852 4383 1083 4438 nondum
1112 4382 1277 4445 dicit,
1306 4380 1399 4434 sed
1426 4379 1546 4432 vita:
1582 4393 1773 4432 nomen
1814 4375 1892 4429 af-

316 4474 456 4539 fert,
486 4484 542 4529 ut
567 4484 748 4529 notum
779 4475 901 4528 illis.
933 4474 1021 4528 ll.
1055 4471 1168 4543 Ego
1201 4486 1317 4524 sum
1360 4478 1532 4539 pastor
1570 4471 1745 4523 bonus.
1798 4467 1894 4522 Hic

317 4567 532 4620 demum
574 4566 640 4620 de
687 4566 935 4634 passione
980 4564 1230 4632 loquitur,
1273 4559 1563 4616 ostendens
1600 4559 1742 4613 illam
1799 4572 1895 4628 pro

320 4656 500 4711 mundi
547 4657 715 4710 salute
764 4655 993 4709 futuram
1044 4668 1204 4720 esse,
1236 4666 1336 4707 nec
1382 4665 1440 4706 se
1490 4650 1708 4704 invitum
1753 4649 1893 4703 illam

319 4746 488 4801 adire.
542 4747 743 4801 Deinde
790 4745 1092 4814 exemplum
1139 4757 1324 4798 rursus
1372 4741 1526 4796 allert
1569 4740 1794 4811 pastoris
1843 4749 1899 4795 et

323 4836 660 4891 mercenarii.
691 4834 867 4889 Bonus
911 4835 1045 4889 enim
1091 4843 1262 4903 pastor
1301 4833 1521 4886 animam
1548 4848 1691 4886 suam
1734 4832 1895 4902 ponit.

326 4928 415 4983 12.
447 4927 792 4980 Mercenarius
817 4934 982 4980 autem
1005 4966 1021 4992 ,
1059 4923 1145 4993 qui
1172 4939 1271 4977 non
1298 4933 1372 4976 est
1401 4931 1592 4993 pastor,
1627 4924 1771 4992 cujus
1800 4937 1902 4974 non

323 5028 440 5073 sunt
466 5034 580 5072 oves
609 5018 863 5089 proprior,
894 5018 1025 5071 videt
1056 5016 1232 5087 lupum
1274 5016 1579 5080 uenientem,
1625 5025 1671 5069 et
1698 5014 1902 5068 dimittit

326 5126 439 5165 oves
460 5153 475 5176 ,
505 5120 550 5164 et
576 5110 737 5181 fugit,
760 5110 956 5164 etvenit
982 5109 1152 5178 lupus,
1182 5116 1228 5161 et
1269 5108 1402 5178 rapit
1428 5123 1534 5161 eas.
1561 5106 1658 5161 Hic
1686 5122 1745 5161 se
1783 5121 1903 5175 per-

327 5202 451 5257 inde
489 5210 648 5272 atque
689 5202 902 5257 Patrem
959 5200 1308 5270 imperantem
1347 5200 1595 5264 exhibet;
1642 5197 1903 5268 siquidem

328 5302 513 5364 pastor
539 5295 653 5364 ipse
678 5305 760 5350 est
784 5294 938 5364 cujus
962 5294 1189 5364 propriae
1224 5303 1348 5348 sunt
1374 5307 1519 5347 oves.
1553 5291 1738 5346 Viden'
1767 5307 1903 5362 quo-

331 5385 489 5441 modo
516 5386 568 5441 in
600 5387 867 5457 parabolis
893 5386 1173 5441 sublimius
1197 5386 1466 5455 loquatur,
1504 5384 1591 5438 ubi
1631 5384 1908 5439 obscurior

336 5487 411 5534 2st
437 5493 652 5544 sermo,
679 5491 854 5549 neque
897 5476 1231 5532 auditoribus
1256 5475 1503 5544 carpendi
1550 5488 1732 5527 ansam
1774 5490 1910 5543 prm-

333 5568 496 5627 beat?
521 5570 659 5638 Quid
687 5584 816 5641 ergo
839 5568 962 5624 facit
992 5567 1393 5625 mercenarius?
1442 5564 1585 5621 Videt
1611 5565 1786 5634 lupum
1826 5580 1908 5619 ve-

331 5664 549 5719 nientem
572 5702 589 5732 ,
631 5670 679 5721 et
702 5661 905 5717 dimittit
929 5676 1063 5729 oves,
1092 5670 1141 5716 et
1168 5659 1302 5716 venit
1341 5658 1508 5739 lupus,
1539 5666 1587 5712 et
1630 5655 1764 5727 rapit
1798 5670 1903 5711 eas.

1262 273 1328 330 IN
1367 265 1674 328 ιολδῑςελι
1712 256 1946 317 ηοΜιι.
1986 252 2117 314 LIX.
2157 258 2227 313 al.
2254 254 2447 325 .LVlll.

3418 260 3531 314 ἰεῦ

1946 372 2057 430 Hoc
2087 375 2160 431 illi
2191 377 2448 439 fecerunt,
2476 377 2587 446 ipse
2609 383 2815 430 contra.
2844 376 3058 432 Etenim
3077 392 3195 431 eum
3221 381 3523 447 apprehenn

1943 481 2033 521 sus
2063 465 2180 534 fuit,
2208 466 2342 520 dixit
2367 476 2380 520 ξ
2411 466 2575 520 Sinite
2598 467 2716 520 illos
2748 466 2883 520 abire
2912 464 3086 536 (Joan.
3118 468 3205 522 l8.
3231 467 3310 538 8),
3339 477 3395 521 ut
3420 458 3525 522 im-

1945 557 2178 627 pleretur
2201 573 2408 621 sermo,
2439 558 2578 628 quod
2608 557 2784 612 nullus
2814 573 2996 612 eorum
3025 560 3260 629 perierit.
3294 560 3388 614 llic
3418 575 3515 629 poi-

1946 657 2050 702 test
2080 648 2235 701 etiam
2266 647 2553 716 spiritualis
2582 648 2738 716 lupus
2768 648 3017 718 intelligi,
3063 664 3221 719 quem
3260 666 3366 704 non
3397 650 3522 705 sivit

1946 752 2075 791 oves
2104 737 2367 805 abripere.
2400 736 2515 791 Non
2546 738 2700 807 lupus
2732 747 2932 792 tantum
2977 737 3065 793 hic
3088 749 3204 807 est,
3236 741 3329 795 sed
3360 741 3520 795 etiam

1947 827 2050 881 leo.
2083 827 2213 881 Nam
2244 827 2572 881 Adversarius
2596 839 2759 883 noster
2782 830 3013 883 diabolus
3041 840 3296 901 tamquam
3323 831 3399 887 leo
3432 848 3522 885 ru-

1946 918 2085 988 giens
2109 918 2285 971 circuit
2313 916 2361 991 (l
2415 918 2530 972 Pet.
2560 920 2614 986 5,
2644 920 2722 991 8).
2756 921 2851 975 llic
2879 934 3100 990 serpens
3121 931 3175 977 et
3199 921 3360 978 draco
3388 933 3476 980 est
3504 943 3527 982 ι

1950 1009 2153 1065 Calcate
2172 1026 2323 1081 super
2350 1021 2602 1082 serpentes
2630 1022 2677 1065 et
2714 1015 2999 1084 scorpiones
3022 1013 3171 1087 (Luc.
3209 1016 3297 1071 l0.
3331 1015 3446 1087 l9).

2019 1102 2074 1157 4.
2116 1100 2228 1155 Vox
2249 1101 2436 1156 Christi
2461 1103 2713 1157 audienda
2732 1105 2925 1176 ipsique
2941 1106 3035 1160 soli
3052 1107 3363 1164 limandum.
3390 1109 3524 1163 Aua-

1948 1193 2067 1246 ritia
2124 1192 2331 1246 servitus
2396 1194 2620 1246 omnium
2665 1193 2950 1248 deterrima.
2997 1194 3328 1267 Eleentosyna
3382 1215 3523 1253 com-

1950 1282 2235 1337 mendatur.
2263 1313 2337 1325 —-
2362 1283 2537 1351 Quare
2589 1299 2719 1355 rogo
2744 1325 2759 1350 ,
2791 1299 3100 1340 maneamus
3149 1287 3248 1342 sub
3297 1291 3524 1357 pastoris

1952 1390 2078 1429 cura
2110 1392 2124 1429 :
2156 1376 2491 1432 manebimus
2518 1386 2696 1431 autem
2722 1377 2768 1430 si
2792 1392 2975 1432 vocem
3004 1378 3119 1448 ejus
3149 1379 3450 1448 audiamus,
3478 1384 3524 1437 si

1950 1466 2054 1535 ipsi
2104 1481 2307 1522 morem
2357 1482 2641 1538 geramus,
2696 1470 2739 1523 si
2787 1469 3019 1525 alienum
3070 1485 3176 1525 non
3219 1487 3524 1542 sequamur.

1948 1557 2136 1628 ‘Ecqua
2155 1572 2257 1612 vox
2278 1558 2393 1628 ejus
2409 1560 2523 1612 est?
2547 1558 2692 1612 Beati
2702 1577 2945 1628 pauperes
2959 1560 3141 1630 spiritu
3156 1577 3175 1615 :
3189 1561 3320 1616 beati
3338 1564 3533 1619 munda

1953 1654 2102 1707 corde
2125 1667 2145 1705 :
2173 1652 2303 1707 beati
2325 1652 2669 1706 misericordes
2696 1650 2906 1725 (Matth.
2934 1654 2992 1708 5.
3020 1652 3073 1709 5.
3106 1652 3158 1709 8.
3193 1653 3271 1726 7).
3310 1654 3371 1713 Si
3414 1655 3529 1713 hmc

1955 1758 2261 1810 servemus,
2307 1742 2407 1797 sub
2459 1752 2669 1812 pastore
2710 1744 3081 1813 manebimus,
3130 1754 3185 1801 et
3233 1746 3390 1817 lupus
3443 1749 3527 1804 in-

1954 1833 2102 1903 gredi
2144 1848 2249 1888 non
2298 1834 2511 1902 poterit.
2544 1833 2648 1890 Sed
2694 1836 2902 1890 etiamsi
2951 1836 3160 1904 irruat,
3205 1837 3257 1892 id
3307 1838 3361 1893 in
3408 1855 3533 1909 per-

1954 1924 2149 1980 niciem
2177 1940 2325 1979 suam
2371 1923 2548 1980 faciet.
2576 1925 2849 1981 Pastorem
2901 1927 3042 1981 enim
3088 1928 3161 1982 ita
3205 1942 3302 1984 nos
3341 1944 3530 1984 aman-

1957 2024 2064 2071 tem
2118 2016 2414 2085 habemus,
2466 2025 2522 2072 ut
2569 2018 2798 2072 animam
2838 2033 2989 2073 suam
3032 2033 3131 2090 pro
3160 2021 3314 2075 nobis
3367 2022 3533 2078 tradic

1957 2106 2115 2162 derit.
2165 2106 2298 2162 Cum
2353 2122 2480 2178 ergo
2530 2116 2584 2163 et
2639 2116 2830 2177 potens
2885 2109 2955 2164 sit
3019 2119 3075 2165 et
3125 2111 3345 2182 diligat,
3399 2113 3528 2184 quid

1959 2200 2180 2269 impedit
2207 2201 2491 2270 quominus
2527 2201 2751 2256 salutem
2779 2203 3199 2272 consequamur?
3220 2205 3396 2272 Nihil,
3431 2208 3538 2263 nisi

1962 2306 2060 2347 nos
2091 2291 2191 2361 ipsi
2219 2292 2547 2347 deficiamus.
2570 2293 2847 2361 Quomodo
2872 2294 3181 2351 deficiemus
3203 2298 3227 2351 ἲ
3253 2296 3406 2354 Illum
3430 2315 3529 2355 au-

1963 2383 2016 2438 di
2042 2384 2307 2440 dicentcm
2341 2401 2355 2439 :
2402 2383 2525 2437 Non
2567 2388 2770 2456 potestis
2815 2384 3008 2441 duobus
3043 2386 3261 2444 dontinis
3299 2391 3484 2446 seruire
3514 2432 3536 2459 ν

1964 2474 2073 2529 Deo
2098 2484 2143 2529 et
2165 2491 2413 2529 montana:
2431 2475 2642 2547 (Matth.
2673 2478 2723 2531 6.
2744 2476 2813 2531 24
2834 2478 2872 2546 ).
2898 2478 2951 2532 Si
2979 2493 3109 2550 ergo
3156 2478 3283 2535 huic
3333 2482 3536 2536 servia-

1967 2583 2118 2631 mus,
2148 2567 2289 2621 illius
2326 2566 2588 2638 tyrannidi
2619 2567 2841 2636 subjecti
2883 2583 2987 2641 non
3019 2569 3237 2625 erimus.
3269 2569 3403 2626 Nam
3445 2580 3529 2644 ty-

1965 2656 2186 2713 rannide
2208 2659 2393 2729 quavis
2417 2652 2659 2713 acerbior
2677 2668 2759 2714 est
2785 2659 3125 2730 pecuniarum
3156 2663 3541 2732 coneupisecno

1970 2752 2063 2807 tia.
2087 2750 2295 2806 Nullam
2321 2751 2478 2807 habet
2500 2752 2822 2821 voluptatem
2846 2794 2859 2819 ,
2891 2755 2984 2809 sed
3011 2755 3422 2820 sollicitudines,
3456 2756 3540 2812 iu-

1968 2843 2183 2912 vidiam,
2213 2843 2446 2910 insidias,
2479 2845 2679 2908 odium,
2712 2846 3105 2918 sycophantias,
3134 2858 3188 2906 et
3206 2850 3350 2905 mille
3373 2851 3543 2905 virtu-

1972 2933 2043 2989 tis
2073 2935 2470 3002 impedimenta,
2514 2934 2770 2989 desidiam
2795 2977 2810 3002 ,
2864 2920 3132 2992 lasciviam
3155 2980 3170 3006 ,
3225 2940 3498 2995 avaritiam
3523 2983 3540 3007 ,

1975 3022 2284 3077 ebrietatem
2305 3062 2320 3086 ,
2371 3038 2487 3091 qua:
2529 3022 2725 3076 liberos
2757 3024 2810 3076 in
2840 3025 3147 3080 servitutem
3191 3027 3458 3096 redigunt,
3489 3041 3546 3084 et

1981 3113 2152 3167 servis
2180 3111 2478 3167 deteriores
2506 3113 2836 3167 constituunt
2865 3131 2878 3166 :
2909 3127 3095 3170 servos
3120 3156 3133 3178 .
3163 3116 3400 3186 inquam,
3425 3119 3551 3173 retl-

1979 3202 2150 3269 dunt,
2195 3218 2301 3257 non
2333 3202 2607 3267 hominum
2622 3242 2640 3268 ,
2670 3203 2764 3262 sed
2792 3203 3089 3273 gravissimi
3116 3206 3355 3262 omnium
3383 3208 3550 3264 animi

1980 3293 2309 3367 morborum.
2370 3293 2468 3351 llic
2511 3294 2672 3348 multa
2702 3294 2861 3353 audet
2903 3309 3020 3365 qua:
3049 3309 3147 3351 nec
3190 3296 3300 3352 Deo
3324 3311 3424 3352 nec
3451 3298 3552 3353 bor-

1985 3383 2215 3439 minibus
2248 3383 2473 3452 placent,
2499 3393 2740 3439 metuens
2768 3399 2834 3438 ne
2858 3384 2975 3453 quis
3004 3399 3062 3440 se
3082 3386 3149 3441 ab
3171 3387 3267 3440 hac
3286 3388 3549 3443 servitute

1981 3476 2194 3533 liberet.
2234 3475 2278 3530 Ο
2303 3476 2547 3530 acerbam
2588 3476 2934 3542 servitutem,
2974 3484 3028 3531 et
3054 3476 3367 3532 diabolicam
3402 3486 3555 3548 pote-

1985 3567 2206 3623 statem!
2237 3566 2360 3622 llaec
2377 3567 2570 3636 quippe
2586 3568 2929 3624 estonmium
2952 3568 3283 3637 gravissima,
3311 3569 3450 3640 quod
3479 3578 3559 3627 tot

1985 3660 2188 3716 detenti
2218 3661 2372 3715 malis
2400 3660 2750 3727 delectemur,
2786 3670 2842 3719 et
2865 3670 3084 3718 catenas
3127 3662 3516 3733 amplectamur
3538 3707 3556 3731 ,

1986 3764 2037 3809 et
2064 3753 2205 3824 quod
2232 3753 2571 3808 tenebrosum
2610 3766 2882 3809 carcerem
2910 3753 3230 3821 habitantes,
3263 3755 3437 3812 lucem
3467 3755 3555 3811 fu-

1984 3847 2213 3917 giamus,
2246 3844 2339 3899 sed
2383 3859 2479 3903 nos
2517 3845 2671 3899 malis
2709 3846 3170 3915 eonstringamus,
3201 3856 3258 3901 et
3282 3849 3336 3902 in
3366 3849 3563 3905 morbo

1987 3937 2336 3993 oblectemur.
2361 3934 2539 4001 Quare
2564 3949 2663 3989 nec
2678 3935 2887 3990 liberari
2916 3950 3197 4004 posuimus
3215 3975 3231 4000 ,
3278 3948 3335 3990 et
3375 3937 3565 4006 peiore

1987 4041 2146 4096 quam
2172 4025 2263 4095 qui
2300 4024 2511 4079 metalla
2544 4022 2751 4077 fodiunt
2778 4023 3087 4079 conditione
3113 4038 3316 4091 sumus,
3338 4024 3467 4079 dum
3485 4026 3565 4081 la-

1990 4116 2122 4172 bore
2157 4122 2214 4169 et
2256 4112 2469 4168 miseria
2493 4111 2692 4178 obruti,
2734 4112 2937 4166 nullum
2962 4114 3086 4169 inde
3124 4112 3350 4169 fructum
3381 4119 3566 4185 perci-

1993 4207 2187 4277 pimus.
2220 4202 2481 4270 Quodque
2510 4201 2747 4256 omnium
2776 4202 3120 4257 deterrimum
3135 4214 3237 4270 est,
3257 4206 3301 4261 si
3323 4206 3443 4276 quis
3465 4223 3569 4266 nos

1995 4299 2063 4354 ab
2087 4295 2278 4351 acerba
2301 4290 2606 4363 bujusmodi
2637 4293 2944 4361 captivitate
2971 4308 3164 4349 eruere
3192 4296 3340 4360 velit,
3371 4297 3423 4351 id
3455 4312 3569 4355 non

1994 4391 2265 4459 patimur;
2298 4386 2408 4439 imo
2451 4383 2611 4439 etiam
2643 4398 2786 4452 mgre
2835 4382 3051 4439 ferimus
3092 4392 3149 4439 et
3191 4385 3571 4456 indignamur;

1998 4481 2128 4537 nihil
2169 4478 2360 4534 melius
2381 4474 2554 4531 allecti
2577 4490 2736 4544 quam
2760 4473 2852 4544 qui
2890 4474 3091 4530 insania
3109 4478 3249 4546 capti
3279 4489 3425 4545 sunt,
3454 4479 3571 4536 imo

2000 4574 2157 4644 longe
2183 4566 2600 4625 miserabiliores
2626 4565 2749 4631 illis,
2801 4564 2940 4635 quod
2992 4567 3219 4622 nolimus
3260 4569 3328 4623 ab
3364 4570 3574 4625 insania

2000 4663 2234 4721 liberari.
2290 4657 2556 4727 Numquid
2582 4672 2644 4712 ea
2674 4656 2742 4714 de
2771 4671 2929 4713 causa
2973 4659 3024 4711 in
3057 4659 3311 4714 mundum
3342 4662 3533 4716 vet-iisti
3556 4703 3574 4728 ,

2002 4772 2037 4813 ο
2065 4756 2224 4811 homo
2248 4753 2273 4805 Ἰ
2297 4767 2363 4806 an
2396 4751 2519 4806 ideo
2558 4748 2720 4805 homo
2748 4747 2918 4803 factus
2952 4763 3011 4803 es
3033 4789 3051 4815 ,
3092 4757 3152 4802 ut
3198 4749 3310 4806 lucc
3357 4752 3571 4808 metalla

2005 4845 2305 4918 operareris
2334 4852 2386 4899 et
2422 4857 2608 4901 aurum
2648 4840 2982 4912 eolligeres?
3026 4839 3141 4895 Non
3168 4841 3291 4898 ideo
3332 4854 3483 4902 certe
3508 4848 3575 4902 ad

2008 4937 2293 5006 imaginem
2346 4950 2496 4991 suam
2532 4944 2585 4989 te
2608 4932 2899 4997 formavit;
2951 4930 3046 4986 sed
3072 4940 3131 4986 ut
3158 4933 3258 5004 ipsi
3286 4935 3531 5004 placeres
3561 4978 3576 5002 ,

2006 5043 2067 5088 ut
2106 5030 2282 5086 futura
2326 5026 2735 5097 consequereris
2764 5066 2779 5090 ,
2828 5034 2889 5080 ut
2934 5038 3062 5079 eum
3106 5026 3311 5096 angelis
3348 5029 3580 5083 choreas

2002 5123 2252 5196 ageres‘.
2297 5121 2406 5176 Cur
2429 5129 2484 5175 te
2508 5120 2577 5175 ab
2603 5120 2702 5172 hac
2722 5117 3001 5173 nobilitate
3020 5115 3172 5186 ejicis
3188 5156 3204 5181 ,
3240 5127 3300 5172 et
3325 5118 3376 5171 in
3398 5126 3577 5173 extre-

2008 5233 2151 5273 mam
2171 5216 2396 5285 eoujieis
2416 5212 2798 5283 ignobilitatem
2823 5218 2878 5265 et
2903 5208 3218 5264 infamiam?
3255 5209 3360 5278 Qui
3388 5210 3582 5267 eodem

2010 5327 2119 5383 quo
2146 5322 2200 5366 tu
2229 5318 2384 5382 partu
2408 5317 2567 5362 natus
2586 5314 2688 5369 est,
2720 5313 2873 5374 partu
2902 5302 3025 5358 dico
3045 5302 3324 5372 spirituali,
3348 5302 3486 5358 fame
3502 5313 3584 5359 ta-

2011 5404 2218 5461 beseit:
2250 5410 2308 5456 tu
2344 5398 2499 5468 cepia
2526 5411 2705 5453 rerum
2748 5394 3094 5466 dirumperis.
3139 5392 3330 5449 Frater
3381 5392 3587 5450 nudum

2080 5653 2099 5685 ⁸
2133 5652 2253 5706 llaec
2267 5688 2281 5712 ,
2295 5650 2348 5701 ut
2363 5657 2473 5701 cum
2492 5641 2674 5709 angelis
2697 5642 2895 5697 choreas
2919 5652 3108 5706 ageres,
3120 5637 3334 5691 deerant
3357 5631 3409 5683 in
3431 5633 3609 5684 alorci.
