4094 6204
561 440 762 499 corpus
784 425 1092 484 circumfert
1127 443 1142 484 :
1172 435 1226 483 tn
1261 435 1438 484 vestes
1467 425 1706 483 vestibus
1751 425 1940 494 addis,
1983 425 2140 482 tineis

562 517 710 574 hunc
737 522 990 576 amictum
1017 533 1304 590 apparans.
1334 517 1548 586 Quanto
1593 518 1786 574 melius
1835 527 1980 575 esset
2009 533 2145 589 pau-

565 624 752 680 perum
797 624 1024 682 corpora
1045 609 1129 665 his
1177 609 1467 680 obtegere?
1489 607 1564 664 lta
1591 609 1734 666 enim
1770 608 1859 664 illa
1889 623 1996 664 non
2017 624 2148 666 con-

561 707 929 765 sumerentur,
972 708 1024 755 te
1039 714 1166 756 cura
1189 701 1334 755 omni
1368 696 1682 765 liberarent,
1711 705 1766 754 et
1790 697 2018 754 futuram
2049 696 2142 753 tibi

565 798 815 861 parerent
843 791 1029 847 vitam.
1061 789 1116 846 Si
1143 791 1280 846 nolis
1295 805 1403 845 eaa
1429 790 1584 845 tineis
1605 789 1848 846 consumi
1873 829 1890 857 ,
1920 789 1986 844 da
2019 805 2148 859 pauo

565 880 782 950 poribus
811 895 828 934 :
861 880 939 935 illi
970 895 1200 951 namque
1231 881 1344 934 haec
1394 885 1715 936 vestimenta
1748 882 1916 950 probe
1967 881 2146 935 sciunt

567 981 846 1030 excutere.
891 971 1092 1028 Christi
1121 986 1350 1042 namque
1373 986 1572 1042 corpus
1593 971 1827 1042 qualibet
1857 987 1976 1027 arca
2025 988 2150 1043 pre-

569 1063 761 1119 tiosius
802 1071 860 1119 et
909 1064 1076 1119 tutius
1117 1071 1238 1129 est;
1281 1079 1455 1133 neque
1485 1073 1688 1119 tantum
1715 1078 1780 1118 ea
1804 1064 2038 1120 custodit
2065 1065 2148 1120 in-

570 1163 819 1224 corrupta
843 1193 859 1220 ,
893 1153 987 1208 sed
1012 1153 1172 1210 etiam
1217 1153 1582 1223 splendidiora
1609 1153 1802 1209 reddit.
1833 1157 1968 1210 Area
2001 1171 2145 1228 saepe

567 1263 688 1302 rum
709 1246 946 1302 vestibus
971 1245 1190 1316 abrepta
1221 1255 1463 1300 extremo
1486 1253 1538 1301 te
1566 1245 1743 1302 aﬂ'ecit
1766 1245 1986 1302 damno:
2011 1247 2149 1306 hanc

573 1350 704 1393 vero
743 1335 1040 1392 custodiam
1087 1351 1156 1392 ne
1181 1349 1329 1390 mors
1356 1335 1570 1406 quidem
1599 1345 1773 1408 potest
1802 1337 2144 1395 labefactare.

579 1426 762 1498 Neque
791 1427 932 1482 enim
978 1427 1146 1498 portis
1173 1436 1266 1482 aut
1292 1427 1532 1484 vectibus
1561 1425 1650 1483 hic
1678 1428 1832 1484 nobis
1858 1437 1940 1484 est
1960 1443 2096 1500 Opus
2127 1471 2145 1497 ,

576 1531 683 1573 non
721 1517 890 1574 servis
917 1516 1274 1589 vigilantibus,
1302 1532 1403 1574 nec
1427 1517 1530 1573 alia
1557 1518 1744 1589 quavis
1765 1519 2033 1576 cautione.
2065 1520 2148 1576 Ab

567 1609 786 1667 insidiis
815 1623 1036 1680 prorsus
1064 1607 1228 1664 libera
1251 1619 1375 1664 sunt
1402 1649 1419 1677 ,
1449 1618 1508 1666 ut
1543 1623 1642 1681 par
1665 1617 1778 1678 est,
1812 1625 1932 1682 qua:
1965 1611 2022 1666 in
2037 1627 2148 1667 ea:-

573 1701 642 1758 lis
663 1709 791 1756 sunt
815 1699 1114 1756 recondita.
1143 1699 1318 1756 Locus
1359 1701 1502 1756 enim
1547 1701 1639 1759 ille
1663 1716 1694 1757 a
1720 1703 1954 1774 nequitia
2003 1693 2147 1759 nulla
2187 1750 2191 1754 .

576 1791 712 1847 adiri
761 1797 960 1862 potest.
1004 1789 1132 1848 llaec
1156 1803 1256 1846 nos
1285 1790 1496 1848 dicendi
1529 1791 1690 1848 tinem
1725 1808 1831 1848 non
1877 1793 2101 1850 facimus
2127 1835 2146 1863 ,

576 1896 780 1954 vosque
806 1881 1088 1938 audientes
1109 1897 1216 1938 non
1247 1883 1650 1956 obtemperetis.
1691 1885 1853 1957 Cujus
1875 1887 1952 1942 rei
1987 1903 2148 1944 causa

569 1985 677 2044 est,
708 1973 854 2046 quod
885 1975 1063 2046 pusilli
1093 1975 1260 2032 simus
1287 1976 1474 2043 animi,
1521 1985 1579 2034 et
1608 1979 1834 2034 terrenis
1859 1978 2146 2038 inhiemus.

566 2060 680 2121 lmo
697 2067 836 2122 absit
857 2074 914 2121 ut
939 2081 1131 2123 omnes
1157 2082 1254 2122 vos
1278 2066 1568 2136 damnent,
1593 2083 1656 2124 ac
1694 2069 1738 2124 si
1766 2083 1956 2126 omnes
1985 2071 2143 2128 incu-

572 2156 816 2212 rabiliter
861 2158 1155 2230 mgrotetis.
1184 2157 1406 2214 Etiamsi
1435 2161 1578 2216 enim
1605 2159 1638 2214 ii
1687 2161 1776 2232 qui
1816 2160 2016 2218 divitiis
2038 2161 2148 2220 ine-

573 2247 858 2315 hriantnr,
893 2247 1174 2302 obstruunt
1223 2263 1382 2304 aures
1415 2263 1482 2305 ne
1525 2249 1781 2315 audiant;
1826 2261 1880 2305 at
1922 2251 1958 2307 ii
1980 2253 2068 2322 qui
2092 2251 2148 2308 in

574 2347 885 2408 paupertate
920 2337 1082 2394 vitam
1109 2347 1308 2410 agunt,
1337 2339 1497 2396 dictis
1553 2341 1829 2398 attendere
1873 2351 2148 2414 poterunt.

571 2427 640 2483 lit
663 2427 790 2498 quid
819 2426 934 2482 haec
959 2427 1026 2483 ad
1051 2443 1312 2499 pauperes
1334 2471 1350 2497 ,
1401 2431 1628 2502 inquies,
1667 2433 1756 2504 qui
1801 2450 1900 2490 nec
1937 2451 2148 2505 aurum,

572 2533 670 2574 nec
693 2518 1008 2574 vestimenta
1035 2517 1340 2590 huiusmodi
1368 2519 1605 2577 habent?
1642 2522 1834 2579 Verum
1865 2524 1936 2580 illi
1961 2543 2148 2596 panem

573 2609 772 2664 habent
810 2617 866 2666 et
901 2624 1094 2679 aquam
1136 2609 1412 2681 frigidam;
1443 2611 1642 2668 habent
1681 2613 1816 2670 duos
1863 2617 2049 2674 olmlos
2097 2631 2152 2676 et

572 2701 757 2770 pedes,
789 2701 944 2772 queis
969 2714 1142 2772 aegros
1167 2701 1435 2769 invisent;
1467 2701 1668 2759 habent
1707 2704 1936 2776 linguam
1961 2719 2149 2768 etser-

573 2803 786 2844 monem
809 2828 824 2854 ,
855 2797 916 2843 ut
943 2789 1290 2845 consolentur
1315 2791 1456 2847 male
1492 2791 1742 2849 allectum
1767 2812 1783 2858 ;
1833 2797 2032 2854 habent
2054 2801 2152 2856 do-

577 2907 3332 2942 ..η-*Μ*-

1299 315 1358 374 S.
1398 312 1674 373 JOAN'NIS
1710 309 2184 374 CHRYSOSTOMI
2223 311 2534 372 ARCillEP.
2575 313 3105 374 CONST'ANTINOP.

3737 321 3844 382 3"8

2252 441 2396 483 mum
2426 434 2481 482 et
2504 437 2848 500 tectum,quo
2871 429 3129 500 recipiant
3161 430 3450 504 hospitem.
3486 433 3673 507 Neque
3691 441 3841 495 enim

2252 525 2330 572 tot
2361 525 2414 574 et
2451 526 2526 574 tot
2555 518 2752 575 talenta
2791 521 2904 577 auri
2937 536 2966 576 a
2997 522 3355 593 pauperibus,
3387 525 3484 581 sed
3517 545 3552 582 a
3578 527 3843 588 divitibus

2251 606 2534 677 exigimus.
2555 607 2708 676 Quod
2731 610 2774 666 si
2803 611 2868 665 ad
2897 613 3148 682 pauperis
3176 615 3372 670 ostium
3412 619 3620 676 venerit
3645 621 3802 677 Domi
3826 655 3838 664 -

2253 712 2385 761 nus,
2419 713 2524 753 non
2567 698 2782 770 pudebit
2809 715 2930 756 enm
2973 701 3058 757 vel
3087 701 3304 760 obolum
3334 707 3612 777 accipere;
3641 711 3736 766 sed
3775 729 3845 770 se

2253 790 2404 860 plura
2420 791 2690 860 accepisse
2720 791 2880 861 dicet,
2901 808 3057 864 quam
3086 794 3155 850 ah
3182 795 3250 852 iis
3269 797 3358 868 qui
3382 799 3548 854 multa
3569 801 3843 872 deposito-

2253 889 2395 936 runt.
2425 881 2565 951 Quot
2590 898 2731 938 nunc
2747 883 2988 941 homines
3009 885 3100 942 illo
3118 897 3356 958 tempore
3372 889 3538 947 fuisse
3561 903 3835 964 optarent,

2252 987 2358 1042 quo
2383 971 2626 1028 Christus
2653 973 2705 1029 iu
2732 988 2896 1030 carne
2919 985 3114 1032 terram
3149 977 3350 1046 obibat,
3397 991 3452 1037 ut
3477 983 3732 1058 colloquii
3779 999 3838 1044 et

2258 1078 2459 1118 mensa:
2484 1079 2605 1118 cum
2629 1079 2695 1120 eo
2725 1075 3004 1123 consortes
3040 1077 3223 1124 essent
3258 1072 3274 1126 ι
3327 1071 3468 1129 Ecce
3501 1074 3615 1144 jam
3669 1075 3831 1146 licet,

2253 1168 2532 1224 possumus
2563 1155 2708 1210 illum
2733 1155 2799 1212 ad
2831 1157 3111 1226 prandium
3137 1175 3331 1218 vocare
3351 1205 3368 1231 ,
3407 1179 3528 1221 cum
3563 1167 3682 1237 ipso
3703 1183 3834 1226 con-

2251 1245 2442 1309 vivari,
2469 1253 2522 1300 ct
2565 1261 2687 1301 eum
2715 1247 2905 1318 majori
2934 1249 3103 1306 lucro.
3148 1252 3346 1308 Eorum
3395 1255 3540 1312 enim
3584 1263 3675 1330 qui
3709 1276 3828 1319 cum

2253 1335 2344 1393 illo
2358 1337 2778 1396 eonvivahantur
2805 1341 2956 1396 multi
2980 1343 3273 1412 perierunt,
3299 1353 3359 1402 ιιι
3385 1345 3552 1406 ludas
3577 1359 3633 1406 et
3649 1351 3830 1423 hujus-

2253 1426 2398 1484 modi
2441 1428 2716 1496 homines;
2766 1431 3086 1504 quicumque
3134 1445 3266 1491 vero
3303 1437 3452 1494 illum
3480 1439 3592 1510 jam
3610 1442 3840 1500 domum

2255 1518 2544 1588 vocabunt,
2577 1531 2634 1576 ut
2662 1537 2864 1578 mensa:
2891 1531 2946 1580 et
2976 1525 3100 1580 tecti
3124 1537 3428 1585 consortem
3445 1531 3680 1589 ellieiant
3699 1577 3715 1598 ,
3741 1535 3836 1590 hv-

2253 1611 2558 1670 ncdictione
2604 1628 2794 1686 magna
2821 1613 3082 1672 fruentur.
3137 1617 3334 1688 Venite,
3362 1621 3555 1692 inquit,
3587 1625 3826 1684 benedicta

2253 1700 2428 1759 Patris
2443 1707 2560 1771 mei,
2584 1705 2834 1777 possidete
2859 1718 3200 1779 pra'paratum
3253 1711 3391 1768 nobis
3415 1731 3627 1787 regnum
3651 1735 3686 1772 a
3713 1735 3829 1772 con-

2251 1795 2508 1852 stitutione
2527 1799 2720 1852 mundi.
2751 1798 2954 1856 Esuriei
2975 1803 3124 1869 enim,
3153 1813 3201 1858 et
3227 1803 3437 1860 dedistis
3460 1809 3588 1863 mihi
3611 1814 3826 1870 mandu-

2253 1903 2372 1944 care
2400 1905 2422 1944 :
2446 1889 2602 1957 silici,
2628 1901 2676 1963 et
2702 1892 2914 1948 dedistis
2940 1895 3066 1950 mihi
3089 1895 3254 1952 bibere
3283 1916 3298 1955 :
3346 1899 3530 1970 hospes
3575 1919 3739 1972 mat,
3781 1916 3826 1962 et

2251 1981 2539 2050 suscepistis
2553 1997 2634 2038 nte
2647 1999 2669 2040 :
2683 1983 2934 2054 inﬁrmus,
2949 1994 2996 2040 et
3011 1986 3246 2044 uisitastis
3265 2005 3344 2044 me
3355 2007 3376 2046 :
3389 1990 3443 2046 in
3457 2007 3660 2050 carcere
3670 2013 3822 2065 erat»,

2252 2081 2298 2128 et
2334 2074 2534 2130 uenistis
2569 2075 2640 2130 ad
2678 2093 2756 2132 nte
2785 2077 2806 2150 (
2833 2076 3021 2135 Matth.
3041 2081 3131 2136 25.
3168 2083 3336 2141 Eii-36
3357 2083 3399 2156 ).
3433 2085 3502 2144 Ut
3543 2102 3674 2162 ergo
3711 2088 3842 2148 ha'e‘

2253 2163 2534 2220 audiamus
2555 2166 2737 2234 verba,
2761 2169 2960 2225 nudum
2986 2171 3296 2240 vestiamus,
3324 2175 3640 2248 colligamus
3659 2181 3825 2251 hospi.

2254 2263 2360 2310 tem
2389 2297 2404 2323 ,
2431 2254 2725 2314 nutriamus
2745 2259 3096 2328 esurientem,
3130 2264 3330 2321 sitienti
3359 2275 3545 2338 potum
3593 2271 3780 2328 demus
3805 2315 3820 2336 ,

2255 2363 2457 2420 aegrum
2483 2358 2774 2409 etcarcere
2801 2352 3078 2410 detentum
3119 2356 3412 2416 invisamus
3437 2402 3452 2426 ,
3481 2371 3540 2418 ut
3581 2363 3823 2422 ﬁduciam

2255 2447 2312 2496 et
2352 2441 2562 2497 veniam
2595 2453 2932 2514 peccatorum
2959 2446 3312 2518 accipiamus.
3342 2461 3398 2508 et
3435 2452 3522 2508 illa
3545 2454 3686 2511 bona
3711 2473 3824 2528 qua:

2253 2544 2469 2586 omnem
2498 2547 2802 2590 sermonem
2819 2543 2875 2591 et
2889 2547 3119 2592 mentem
3141 2551 3391 2610 superant
3411 2557 3822 2614 consequamur:

2254 2636 2373 2692 qum
2399 2623 2597 2678 utinam
2627 2639 2814 2680 omnes
2837 2625 3214 2697 adipiscamur,
3235 2632 3398 2700 gratia
3417 2641 3470 2687 et
3497 2631 3826 2704 benignitate

2256 2713 2462 2769 Domini
2484 2715 2654 2770 nostri
2681 2715 2808 2772 .lcsu
2835 2715 3056 2786 Christi,
3082 2719 3166 2776 cui
3195 2719 3355 2791 gloria
3382 2731 3434 2778 et
3455 2721 3738 2794 imperium
3769 2727 3822 2782 in

2255 2805 2448 2861 secula
2477 2806 2812 2861 smculortun.
2839 2809 3027 2864 Amen.

3352 2933 3821 2948 .__.____.._____._.

1943 3003 2286 3072 HOMILIA
2331 3008 2468 3072 LX.

567 3139 698 3195 Car.
738 3137 825 3196 ID.
868 3153 922 3193 ν.
965 3138 1052 3194 M.
1094 3136 1205 3210 Ego
1245 3153 1356 3192 sum
1399 3147 1573 3209 pastor
1603 3140 1794 3208 bonus,
1822 3150 1870 3196 et
1909 3158 2155 3213 cognosco

637 3244 752 3285 ores
776 3244 934 3296 meas,
961 3236 1010 3284 et
1033 3237 1336 3299 cognoscunt
1361 3244 1439 3282 me
1463 3244 1607 3285 mete.
1631 3231 1717 3286 15.
1743 3229 1888 3286 Sicut
1914 3235 2048 3287 novit
2075 3251 2155 3290 me

639 3320 800 3376 Pater
817 3362 834 3388 ,
861 3329 908 3376 et
943 3335 1036 3390 ego
1071 3335 1316 3390 cognosco
1359 3317 1566 3376 Patrem
1591 3361 1608 3387 ,
1641 3330 1688 3376 et
1729 3323 1952 3378 animant
1991 3343 2152 3381 meant

641 3425 775 3480 pono
803 3426 896 3478 pro
921 3409 1094 3464 auibus
1123 3410 1268 3464 meis.

643 3503 668 3554 ι
683 3536 697 3552 .
737 3498 927 3553 Pastor
953 3495 1194 3552 Ecclesia
1228 3497 1376 3568 fortis
1414 3514 1522 3554 esse
1555 3499 1717 3556 debet.
1755 3499 1994 3558 Pastores
2031 3505 2155 3561 ntali

565 3592 678 3661 qui.
704 3613 775 3630 --
797 3586 1040 3658 Magnum
1069 3585 1338 3657 quidpiam
1361 3629 1379 3652 ,
1409 3602 1660 3659 magnum
1684 3600 1830 3646 certe
1853 3602 1936 3647 est
1963 3593 2152 3650 Eccle-

559 3680 665 3734 sia:
691 3675 1023 3748 praelectum,
1047 3691 1168 3748 qua:
1191 3675 1357 3732 multa
1383 3685 1539 3748 egeat
1567 3677 1903 3750 philosOphia
1925 3690 1981 3738 ct
2005 3681 2155 3739 torti-

571 3767 775 3832 tudine,
801 3781 864 3823 ac
886 3775 1084 3838 quanta
1109 3764 1356 3822 Christus
1379 3766 1532 3833 dixit,
1555 3769 1628 3824 ita
1653 3778 1710 3824 ut
1735 3770 1965 3827 animam
1991 3783 2152 3844 ponat

570 3876 669 3933 pro
695 3857 915 3925 ovibus,
946 3872 1232 3928 numquam
1257 3857 1374 3914 illas
1405 3857 1652 3926 deserat,
1679 3868 1737 3918 ct
1759 3869 1943 3916 contra
1971 3863 2150 3934 lupum

566 3961 672 4010 stet
699 3950 928 4008 fortiter.
961 3947 1018 4006 In
1059 3949 1160 4006 hoc
1183 3949 1362 4007 dill'ert
1403 3959 1586 4022 pastor
1610 3966 1642 4006 a
1671 3952 2022 4008 mercenaria.
2054 3953 2152 4014 llic

566 4045 713 4102 cnim
747 4043 1070 4114 contemptis
1094 4042 1286 4100 ovibus
1314 4044 1542 4116 propria:
1569 4045 1726 4101 saluti
1761 4061 1977 4118 semper
2001 4047 2152 4104 advi-

565 4136 739 4203 cilat:
770 4135 860 4191 ille
885 4148 1020 4190 vero
1043 4174 1061 4201 ,
1091 4147 1186 4189 sua
1217 4132 1446 4191 demissa
1465 4173 1484 4202 ,
1515 4134 1740 4192 salutem
1766 4146 1919 4192 curat
1945 4139 2146 4195 ovitnn.

569 4228 697 4284 Post
717 4227 842 4283 data
865 4240 995 4297 ergo
1018 4225 1249 4297 pastoris
1277 4225 1468 4282 indicia
1492 4267 1508 4290 ,
1534 4225 1672 4282 duos
1708 4228 1856 4298 gregi
1885 4229 2151 4299 pernicio-

567 4333 661 4375 sos
687 4325 992 4375 memorat:
1023 4315 1193 4374 furem
1225 4325 1544 4373 mactantem
1569 4327 1625 4374 et
1653 4319 1945 4388 rapientem
1975 4335 2104 4378 oves
2127 4337 2143 4386 ;

567 4421 624 4467 et
649 4410 876 4468 alterum
910 4409 1001 4481 qui
1030 4425 1134 4465 non
1167 4409 1280 4482 ipse
1308 4407 1521 4480 perdit,
1547 4407 1640 4464 sed
1673 4408 1842 4466 furem
1869 4425 1974 4466 non
2003 4421 2148 4468 arcet

569 4516 670 4558 nec
709 4499 948 4572 impedit.
991 4499 1094 4556 Per
1131 4499 1275 4554 illum
1314 4507 1493 4555 autem
1533 4497 1809 4556 Thcudam
1847 4500 2143 4571 signiﬁcat,

568 4606 666 4664 per
703 4591 845 4647 hunc
870 4589 1174 4646 Iudaeorum
1203 4589 1451 4646 doctores
1476 4589 1740 4659 traducit,
1783 4591 1872 4664 qui
1899 4590 1968 4647 de
1991 4607 2144 4648 cont-

569 4682 748 4738 missis
784 4679 886 4736 sibi
923 4679 1110 4735 ovibus
1145 4679 1340 4733 nullam
1381 4677 1645 4735 habebant
1683 4694 1900 4747 curam;
1939 4697 2042 4753 qua
2077 4681 2145 4738 de

546 4754 628 4828 -re
649 4771 760 4842 jam
786 4769 913 4825 olim
943 4767 1186 4824 Ezechiel
1216 4767 1336 4822 illos
1378 4767 1655 4822 incusabat
1683 4769 1766 4824 his
1791 4770 1970 4826 verbis
1999 4787 2014 4824 :
2055 4769 2146 4826 Vat

568 4859 852 4932 pastoribus
869 4858 898 4915 1
903 4860 1071 4916 sraell
1089 4859 1276 4916 Nonne
1289 4868 1513 4931 pastores
1535 4859 1802 4929 pascebant
1817 4863 2104 4932 semctipsos
2117 4865 2144 4919 .’

567 4965 734 5007 nonne
760 4965 874 5006 oves
897 4959 1174 5020 pascuntur
1191 4966 1224 5004 a
1249 4949 1532 5021 pastoribus
1557 4947 1771 5018 (Bacch.
1799 4951 1886 5006 54.
1915 4951 2014 5022 2)?
2035 4953 2142 5009 Sed

567 5045 643 5101 illi
672 5041 1000 5102 contrarium
1037 5041 1303 5098 faciebant
1322 5081 1338 5106 ,
1363 5040 1504 5112 quod
1535 5039 1750 5095 malitia:
1775 5043 2018 5098 maxime:
2044 5059 2140 5112 ge-

567 5150 667 5190 nus
704 5141 828 5200 est,
869 5132 1202 5202 aliorumque
1239 5145 1399 5186 causa
1437 5129 1720 5184 malorum.
1754 5129 1878 5186 Ideo
1913 5147 2141 5204 namque

563 5225 692 5280 dicit
718 5241 736 5280 :
762 5223 944 5296 Neque
967 5233 1209 5280 errantes
1237 5237 1368 5278 oves
1395 5221 1722 5278 reducebant
1745 5263 1762 5290 ,
1796 5238 1968 5294 neque
1997 5227 2138 5296 quod

565 5317 794 5383 perierat
813 5314 1122 5385 qumrebant
1142 5311 1304 5384 (Ibid.
1325 5329 1374 5368 υ.
1397 5313 1475 5382 ι).
1499 5326 1671 5384 neque
1689 5312 1828 5383 quod
1850 5316 2137 5374 contritum

561 5411 678 5459 erat
701 5402 1016 5474 alligabant,
1043 5417 1213 5474 neque
1235 5403 1377 5474 quod
1407 5403 1674 5458 inlirmum
1700 5403 1958 5460 curabant
1975 5447 1988 5472 ,
2015 5423 2136 5478 quia

563 5495 768 5566 seipsns
790 5533 806 5560 ,
847 5507 952 5548 non
992 5507 1119 5550 oves
1142 5533 1158 5560 ,
1205 5495 1510 5564 pascebant.
1551 5493 1780 5564 ldipsum
1811 5493 2004 5553 Paulus
2028 5497 2138 5554 alio

565 5585 725 5640 verbo
749 5582 1081 5656 signiﬁcabat
1109 5600 1124 5638 :
1157 5583 1342 5640 Omnes
1366 5601 1480 5656 quin
1501 5602 1594 5642 sua
1621 5595 1735 5640 sunt
1759 5596 2011 5656 quarunt,
2033 5603 2135 5644 nou

559 5689 674 5744 qua:
695 5673 820 5730 Iesu
860 5673 1051 5733 Christi
1081 5673 1316 5746 (Philip.
1345 5677 1396 5733 2.
1431 5676 1497 5734 21
1523 5681 1582 5748 );
1614 5686 1666 5734 et
1697 5691 1938 5744 rursum,
1971 5677 2134 5734 Nemo

2255 3159 2368 3219 qua:
2389 3166 2484 3204 sua
2507 3158 2625 3216 sunt
2647 3153 2985 3222 quan-at,_sed‘
2998 3157 3218 3224 proximi
3243 3160 3578 3232 unusquisque
3601 3161 3674 3234 (f.
3708 3163 3816 3220 Cor.

2256 3239 2344 3296 to.
2369 3241 2486 3314 24).
2513 3241 2595 3297 Ab
2622 3253 2848 3314 utroque
2875 3261 3070 3314 genere
3093 3263 3156 3303 se
3181 3247 3424 3308 Christus
3446 3265 3690 3324 segregat
3717 3273 3730 3308 :
3758 3257 3820 3309 ab

2253 3331 2360 3388 illis
2385 3336 2474 3404 qui
2502 3333 2567 3388 ad
2603 3335 2889 3404 perniciem
2921 3337 3168 3404 veniunt,
3198 3355 3318 3396 cum
3347 3343 3422 3398 ait
3441 3383 3454 3407 ,
3484 3341 3610 3399 Ideo
3639 3347 3748 3400 veni
3770 3352 3824 3400 ut

2253 3426 2404 3478 rimus
2445 3423 2660 3480 habeant
2685 3468 2702 3495 ,
2731 3437 2780 3482 et
2823 3427 3164 3485 abundantius
3207 3431 3459 3499 habeant;
3485 3435 3554 3491 ab
3590 3435 3672 3492 his
3701 3453 3818 3492 vena

2253 3515 2343 3584 qui
2373 3515 2502 3570 nihil
2531 3528 2741 3583 curant,
2772 3519 2816 3574 si
2845 3534 2974 3576 oves
3001 3536 3030 3575 a
3063 3520 3201 3591 lupis
3219 3525 3530 3594 rapiantur;
3561 3541 3679 3582 cum
3709 3528 3820 3583 illas

2252 3619 2358 3660 non
2381 3605 2648 3678 relinquit,
2673 3608 2766 3664 sed
2787 3610 3016 3666 animam
3036 3626 3186 3668 suam
3209 3614 3354 3682 ponit
3373 3630 3442 3671 ne
3462 3615 3567 3672 ilhc
3586 3632 3815 3688 peream.

2250 3697 2384 3752 Cum
2411 3696 2552 3752 enim
2583 3699 2948 3756 consultarent
2987 3702 3132 3757 illum
3160 3687 3403 3760 occidere
3424 3747 3442 3773 ,
3472 3687 3645 3778 neque
3666 3722 3700 3762 a
3723 3707 3818 3763 do-

2251 3788 2418 3845 ctrina
2445 3789 2680 3857 destitit,
2713 3807 2884 3862 neque
2912 3793 3190 3852 credentes
3219 3797 3481 3866 prodidit;
3512 3799 3605 3855 sed
3641 3801 3784 3856 stetit
3803 3839 3818 3864 ,

2250 3887 2300 3934 et
2323 3889 2549 3936 mortem
2569 3880 2748 3938 subiit.
2777 3879 2900 3938 Ideo
2919 3883 3116 3956 ubique
3135 3884 3366 3954 dicebat,
3388 3886 3496 3961 Ego
3513 3905 3626 3944 sum
3648 3901 3822 3961 pastor

2249 3969 2428 4028 bonus.
2459 3971 2656 4028 Deinde
2682 3987 2803 4029 cum
2833 3975 3038 4030 nullum
3061 3975 3250 4033 adesse
3275 3977 3542 4035 videretur
3567 3981 3643 4036 rei
3673 3982 3821 4036 testi-

2248 4060 2484 4119 ntonihm
2505 4063 2652 4134 (nam
2675 4064 2824 4130 illttd,
2845 4065 3081 4122 Animam
3103 4083 3265 4123 secant
3286 4085 3437 4140 pono,
3466 4069 3608 4126 brevi
3635 4082 3818 4142 postea

2247 4153 2438 4211 accidit
2459 4171 2486 4220 ι
2504 4153 2634 4210 illud
2664 4172 2790 4212 vero
2809 4197 2826 4223 ,
2855 4167 2910 4213 ut
2936 4159 3091 4214 vitam
3127 4159 3377 4228 habeant,
3410 4171 3458 4218 et
3481 4161 3821 4218 abundantius

2248 4246 2500 4327 habeant,
2531 4255 2654 4318 post
2691 4262 2848 4304 suum
2875 4264 2945 4306 ex
2981 4249 3080 4308 hac
3116 4253 3222 4308 vita
3249 4251 3540 4310 discessum
3584 4254 3818 4311 futurum

2245 4336 2407 4409 erat),
2430 4337 2555 4410 quid
2589 4338 2748 4394 facit?
2775 4339 3014 4396 Alterum
3044 4341 3114 4397 ab
3139 4343 3312 4399 altero
3331 4343 3647 4410 conﬁrmat;
3671 4360 3824 4401 nem-

2245 4443 2314 4500 pe
2339 4443 2407 4485 es
2443 4443 2510 4484 eo
2537 4429 2678 4500 quod
2711 4429 2804 4487 det
2841 4432 3072 4488 animam
3099 4473 3117 4500 ,
3144 4433 3287 4504 quod
3324 4433 3415 4490 det
3446 4434 3607 4490 etiam
3635 4435 3818 4492 vitam.

2243 4517 2394 4587 Quod
2419 4529 2474 4576 et
2501 4519 2696 4578 Paulus
2723 4521 2933 4578 dicebat
2958 4540 2974 4579 :
3000 4521 3063 4580 Si
3095 4539 3211 4578 cunt
3238 4523 3430 4579 inimici
3453 4541 3675 4582 essenm
3695 4567 3713 4594 ,
3744 4543 3823 4582 re-

2243 4611 2497 4667 conciliati
2521 4628 2692 4668 sstmns
2719 4611 2829 4668 Deo
2855 4630 2946 4684 per
2969 4623 3178 4670 mortem
3203 4613 3336 4670 Filii
3355 4617 3466 4687 ejus
3490 4630 3512 4672 :
3529 4618 3690 4672 multo
3717 4634 3822 4672 nut-

2239 4704 2319 4774 gis
2346 4703 2654 4759 reconciliati
2687 4705 2816 4761 salvi
2841 4707 3026 4763 crinitis
3049 4707 3071 4778 (
3093 4706 3241 4762 Rom.
3264 4707 3318 4764 5.
3350 4708 3422 4765 10
3438 4705 3481 4782 ).
3513 4707 3582 4764 Et
3607 4725 3818 4766 rurstun

2241 4793 2366 4848 alibi
2385 4811 2400 4848 :
2422 4794 2524 4862 Qui
2539 4795 2688 4849 etiam
2704 4793 2842 4852 Filio
2851 4815 2944 4856 suo
2959 4815 3061 4854 non
3089 4798 3326 4870 pepercit,
3345 4799 3420 4873 (α)
3437 4797 3549 4874 [sed
3561 4817 3656 4873 pro
3680 4801 3820 4857 nobis

2241 4882 2469 4940 omnibus
2506 4885 2715 4940 tradidit
2750 4887 2896 4942 illuni
2917 4886 2960 4961 ,]
2982 4889 3236 4960 quomodo
3275 4903 3378 4944 non
3413 4891 3563 4944 etiam
3589 4907 3705 4945 cum
3734 4891 3819 4945 illo

2240 4977 2410 5030 omnia
2450 4976 2592 5032 nobis
2619 4977 2824 5034 donabit
2847 4980 2866 5048 (
2889 4979 3038 5036 Rom.
3065 4981 3120 5038 8.
3147 4979 3301 5051 ων
3323 4979 3428 5037 Sed
3457 4997 3552 5038 cur
3577 4997 3684 5037 non
3711 4983 3818 5054 jam

2239 5079 2493 5126 accusant
2517 5071 2670 5126 illum
2696 5079 2752 5126 ut
2779 5072 2959 5142 prius,
2989 5073 3268 5130 dicentes:
3298 5071 3376 5128 Tu
3400 5074 3464 5129 de
3488 5073 3648 5144 teipse
3677 5075 3818 5130 testi-

2239 5162 2462 5216 monium
2499 5162 2726 5234 perhibes
2747 5203 2766 5230 ,
2811 5164 3150 5219 testimonium
3195 5173 3338 5219 tuum
3380 5154 3482 5218 non
3527 5173 3601 5218 est
3649 5179 3820 5219 verum

2239 5250 2261 5320 (
2275 5251 2432 5309 Iona.
2458 5252 2513 5310 8.
2545 5252 2694 5326 15)?
2719 5253 2850 5322 Quia
2881 5269 3025 5326 srepe
3051 5255 3174 5310 illos
3199 5253 3361 5312 silere
3385 5266 3667 5327 coegerat:
3701 5267 3756 5313 et
3787 5271 3817 5310 a

2236 5344 2404 5416 signis
2444 5345 2616 5415 major
2655 5354 2956 5402 accesserat
2995 5345 3188 5401 liducia
3209 5386 3228 5412 ,
3269 5355 3328 5400 ιιι
3367 5345 3473 5402 illis
3509 5346 3813 5404 obsisteret.

2237 5436 2439 5492 Deinde
2464 5437 2588 5508 quia
2615 5437 2860 5507 superius
2884 5435 3132 5492 dixerat:
3161 5435 3230 5491 Et
3257 5451 3374 5492 ores
3400 5453 3568 5493 nocens
3589 5437 3701 5510 ejus
3726 5451 3818 5491 au-

2233 5528 2402 5596 diunt,
2423 5537 2470 5584 et
2494 5536 2768 5601 sequuntur
2789 5541 2938 5592 eunt;
2967 5541 3036 5582 ne
3061 5527 3182 5596 quis
3201 5525 3428 5595 diceret,
3453 5526 3590 5597 Quid
3615 5527 3684 5584 ad
3712 5539 3815 5583 non

2293 5685 2368 5748 (α)
2391 5683 2580 5735 uicinis
2609 5679 2769 5733 clausa
2791 5681 2966 5732 desunt
2989 5694 3040 5732 in
3060 5681 3350 5745 quihusdam
3365 5689 3472 5736 atas.
