4094 6204
253 306 375 367 321‘
1350 304 1416 371 IN
1452 312 1769 371 JOANNEM
1807 298 1880 372 ιι(

1983 315 2040 372 ι..
2082 311 2196 369 LX.
2229 315 2308 370 αλ·
2337 312 2472 370 LIX.
3461 315 3566 370 328

254 445 322 480 σε
351 429 487 482 κατ’
527 429 742 483 εἰκόνα·
775 429 891 482 ἀλλ’
915 429 1003 481 ῖνα
1045 425 1194 497 αύτῷ
1223 426 1451 498 ἀρέσῃς,
1487 427 1576 480 ἵνα
1604 425 1714 480 τῶν
1746 425 1870 497 μελε
1968 441 2062 487 τος
2095 423 2246 476 ἐστὶν
2273 423 2459 487 αὐτοῖς
2491 425 2586 478 καὶ
2609 420 2754 492 ὕδωρ
2800 420 3008 491 ψυχρόν
3030 437 3042 450 ·
3079 419 3196 474 ἀλλ’
3240 420 3418 474 ὀϐολοὶ
3447 423 3561 481 δύο.

254 509 478 564 λόντων
518 511 805 586 ἐπιτύχῃς,
855 513 941 565 ῖνα
975 513 1090 582 μετ’
1121 510 1368 580 ἀγγέλων
1409 509 1676 582 χορεύσῃς
1719 521 1766 561 ι.
1804 508 1870 562 Τί
1973 509 2066 560 καὶ
2109 505 2286 570 πόδες,
2333 503 2473 558 ῶστε
2521 501 2924 572 ἐπισκέψασθαι
2953 503 3079 564 τοὺς
3107 502 3560 574 ἀρρωστοῦντας·

251 593 459 648 τοίνυν
519 596 806 660 ἐκϐάλλεις
837 595 1066 650 σεαυτὸν
1096 595 1198 664 τῆς
1229 591 1485 664 τοιαύτης
1523 592 1869 661 συγγενείας,
1969 590 2108 643 ἀλλά
2134 589 2355 658 γλῶσσα
2396 588 2490 641 καὶ
2534 587 2713 655 λόγος,
2747 586 2886 640 ῶστε
2923 587 3310 658 παρακαλέσαι
3348 586 3441 639 τὸν
3474 586 3564 656 βε-

255 677 359 730 καὶ
404 678 559 749 πρὸς
589 679 691 748 τὴν
719 679 957 750 ἐσχάτην
979 677 1205 750 ἀτιμίαν
1238 677 1334 731 καὶ
1375 675 1694 744 δυσγένειαν
1734 673 1870 740 ἐξω·
1972 671 2274 743 ϐλημένον·
2315 671 2430 725 ἀλλ’
2487 671 2637 725 οίκία
2690 670 2786 723 καὶ
2841 669 3031 740 στέγη,
3077 668 3219 722 ῶστε
3258 669 3564 739 ὁμοδίαιτον

255 761 419 827 θεῖςς
493 762 558 816 Ὀ
581 762 682 828 τὰς
717 763 887 827 αύτάς
917 765 1000 818 σοὶ
1023 763 1195 826 λύσας
1229 763 1448 826 ὠδῖνας,
1482 761 1676 825 ὠδῖνας
1696 761 1754 814 δέ
1774 759 1898 828 λέγ-
1973 757 2198 827 ποιῆσαι
2222 755 2314 809 τὸν
2343 755 2512 820 ξένον.
2548 756 2624 808 06
2663 753 2774 825 γὰρ
2805 753 2868 824 δὴ
2924 752 3160 807 τάλαντα
3190 751 3393 822 χρυσοῦ
3431 753 3574 806 τόσα·

251 845 416 911 ωτάς
465 848 876 920 πνευματικὰς,
913 847 1058 920 λιμῷ
1101 846 1511 918 διαφθείρεται·
1559 847 1624 899 σὺ
1677 845 1734 899 δὲ
1766 845 1874 899 ὑπὸ
1973 840 2068 894 καὶ
2089 838 2222 893 τόσα
2249 836 2591 906 ἀπαιτοῦμεν
2617 835 2768 906 παρά
2784 835 2891 888 τῶν
2924 836 3205 920 πενήτων·
3239 834 3568 920 ἀλλάταῦτα

256 928 608 1003 πλησμονῆς
664 933 1084 1006 διαρρἠνυσαι.
1145 933 1203 985 Ὀ
1254 930 1483 1000 ἀδελφὸς
1539 931 1746 1000 γυμνὸς
1810 947 1875 982 το

259 1014 441 1084 σῶμα
473 1017 758 1088 περιάγει,
796 1019 860 1072 σὺ
883 1017 940 1072 δὲ
963 1018 1059 1071 καὶ
1085 1019 1200 1081 τοῖς
1231 1015 1467 1087 ἱματίοις
1489 1015 1678 1084 ἱμάτια
1699 1029 1872 1067 κατα-

251 1099 597 1165 σκευάζεις,
631 1102 984 1172 ἐπιτειχίζων
1023 1103 1136 1166 τοῖς
1184 1098 1425 1170 σκώληξι
1471 1097 1572 1168 τὴν
1617 1097 1877 1167 τοιαύτην

258 1181 606 1252 περιϐολήν.
633 1185 746 1238 Καὶ
771 1186 925 1255 πόσῳ
955 1183 1164 1254 βέλτιον
1178 1179 1248 1254 ἦν
1271 1182 1339 1236 τά
1363 1179 1591 1251 σώματα
1607 1179 1874 1250 περιϐάλ-

258 1263 388 1316 λειν
418 1265 498 1318 τὰ
545 1265 654 1320 τῶν
689 1269 965 1338 πενήτωνί
990 1265 1146 1321 Οῦτω
1189 1265 1298 1336 γὰρ
1340 1264 1436 1317 καὶ
1465 1263 1718 1317 ἀνάλωτα
1746 1261 1878 1332 ἐμε-

259 1364 326 1401 νε
361 1347 424 1412 ι),
471 1350 566 1402 καὶ
589 1352 870 1421 φροντίδος
901 1351 1118 1420 ἀπάσης
1144 1348 1471 1421 ἀπήλλαττε,
1508 1346 1602 1401 καὶ
1623 1345 1720 1418 τὴν
1747 1345 1877 1416 μέλ-

259 1430 490 1488 λουσάν
528 1451 608 1487 σοι
635 1434 784 1508 ζωὴν
821 1435 1097 1508 ἐκόμιζεν.
1148 1436 1210 1488 El
1239 1433 1348 1507 γάρ
1383 1435 1460 1505 μὴ
1498 1431 1675 1503 βούλει
1704 1431 1878 1485 ταῦτα

260 1516 550 1582 γενέσθαι
591 1519 934 1589 σητόϐρωτα,
981 1518 1071 1583 δὸς
1089 1520 1203 1582 τοῖς
1236 1519 1503 1588 πτωχοῖς·
1540 1517 1742 1569 ἐκεῖνοι
1769 1514 1879 1585 γάρ

1977 923 2077 994 μὲν
2104 921 2256 992 παρά
2275 921 2383 973 τῶν
2419 920 2816 974 πλουτούντων.
2842 920 2905 972 Εί
2938 918 2996 972 δέ
3033 936 3116 983 τις
3139 919 3310 990 πένης
3333 917 3444 988 εἴη.
3471 919 3566 971 καὶ

1973 1007 2068 1060 ἐπί¹
2088 1006 2186 1069 τὰς
2215 1005 2323 1058 τῶν
2355 1003 2530 1058 ἄλλων
2574 1004 2793 1074 ἔρχεται
2851 1003 3045 1074 θύρας,
3093 1003 3216 1057 οὐδὲ
3257 1002 3441 1056 ὀϐολὸν
3467 1003 3566 1055 λα·

1976 1090 2092 1143 ϐεῖν
2123 1092 2151 1142 6
2188 1087 2466 1158 Δεσπότης
2500 1087 2655 1158 ἡμῶν
2689 1086 3076 1156 ἐπαισχύνεται
3097 1104 3110 1118 ·
3144 1087 3280 1140 ἀλλὰ
3318 1089 3412 1141 καὶ
3445 1087 3567 1156 μεί-

1977 1171 2107 1236 ζονα
2151 1169 2300 1242 [551]
2360 1171 2478 1241 ἐρεῖ
2522 1169 2630 1222 τῶν
2677 1168 2848 1222 πολλὰ
2891 1169 3232 1239 βεϐληκότων
3287 1169 3566 1240 είληφέθαι

1977 1255 2107 1326 παρ’
2132 1252 2315 1308 αὐτοῦ.
2360 1253 2522 1306 Πόσοι
2561 1251 2670 1304 τῶν
2705 1252 2800 1304 νῦν
2821 1253 3135 1320 ἑστηκότων
3174 1250 3408 1322 ηῦξαντο
3446 1254 3566 1306 κατ’

1978 1338 2186 1398 ἐκεῖνον
2227 1334 2483 1404 γενέσθαι
2510 1335 2604 1387 16v
2628 1334 2839 1406 καιρὸν,
2883 1334 3006 1387 καθ’
3047 1333 3106 1386 ὃν
3145 1334 3283 1403 μετά
3316 1335 3516 1404 σαρκὸς
3541 1336 3570 1386 6

1978 1420 2211 1491 Χριστὸς
2261 1417 2576 1490 περιεπόλει
2633 1417 2731 1488 τὴν
2791 1417 2915 1487 γῆν,
2962 1415 3104 1469 ὥστε
3149 1416 3244 1469 καὶ
3273 1416 3569 1484 ὁμοδίαιτοι

1982 1503 2130 1573 αύτῷ
2162 1502 2436 1571 γενέσθαι,
2469 1501 2565 1554 καὶ
2585 1499 2862 1568 σύσσιτοι;
2905 1499 3037 1552 Ἰδοὺ
3072 1497 3168 1552 νῦν
3200 1498 3380 1564 ἔξεστι
3411 1498 3570 1550 τοῦτο

265 1599 428 1651 εἰσιν
466 1601 518 1653 οί
554 1600 622 1654 τὰ
670 1602 860 1670 ἱμάτια
903 1599 1076 1654 ταῦτα
1117 1598 1320 1663 είδότες
1363 1601 1637 1654 τινάσσειν
1675 1597 1878 1661 καλῶς.

263 1680 397 1734 Καὶ
431 1681 544 1750 γὰρ
559 1682 655 1735 τοῦ
685 1680 942 1735 κιϐωτίου
969 1682 1031 1736 16
1063 1682 1222 1751 σῶμα
1241 1679 1333 1735 τοῦ
1354 1682 1592 1754 Χριστοῦ
1627 1679 1882 1750 τιμιώτε-

271 1763 383 1834 ρόν
409 1781 474 1818 τε
509 1765 606 1818 καὶ
634 1765 1060 1836 ἀσφαλέστερον.
1098 1766 1234 1819 Οὐδὲ
1269 1765 1379 1837 γάρ
1410 1766 1572 1836 μόνον
1617 1764 1881 1834 φυλάσσει

266 1845 354 1899 τὰ
399 1846 619 1918 ἱμάτια,
663 1847 786 1902 ούδέ
829 1847 1080 1902 ἀνάλωτα
1108 1847 1355 1919 διατηρεῖ
1400 1847 1581 1920 μόνον,
1621 1847 1769 1900 ἀλλὰ.
1785 1846 1880 1899 καὶ

269 1928 656 2002 λαμπρότερα
687 1929 1001 2001 ἐργάζεται.
1033 1930 1107 1984 T6
1139 1931 1392 1986 κιϐώτιον
1440 1931 1703 1995 πολλάκις
1741 1928 1881 2000 μετὰ

269 2012 402 2065 τῶν
448 2013 680 2084 ίματίων
713 2013 917 2085 ληφθὲν
965 2015 1166 2087 ἐσχάτῃ
1204 2032 1265 2069 σε
1313 2016 1607 2088 περιέϐαλε
1666 2015 1874 2086 ζημίᾳ·

271 2095 503 2167 ταύτην
543 2095 600 2150 δέ
621 2096 743 2150 ούδέ
778 2096 1008 2162 θάνατος
1031 2099 1376 2170 λυμήνασθαι
1403 2100 1630 2154 δύναται
1657 2099 1754 2171 τὴν
1780 2116 1881 2168 φυ-

271 2176 493 2249 λακήν.
531 2179 666 2233 Ούδέ
720 2179 827 2251 γάρ
866 2179 1048 2250 θυρῶν
1079 2182 1315 2237 ἐνταῦθα
1361 2185 1497 2255 ἡμῖν
1536 2183 1618 2237 δεῖ
1649 2185 1746 2238 καὶ
1787 2199 1881 2254 μο-

276 2259 438 2331 χλῶν
461 2278 477 2293 ·
511 2263 613 2314 ούκ
648 2263 876 2316 οἰκετῶν
907 2264 1352 2335 ἀγρυπνούντων,
1384 2267 1484 2320 οὐκ
1532 2265 1701 2337 ἄλλης
1736 2265 1882 2328 τινὸς

275 2343 552 2418 τοιαύτης
576 2345 894 2415 ἀσφαλείας.
918 2347 1029 2402 Καὶ
1050 2347 1160 2419 γάρ
1191 2349 1371 2421 πάσης
1395 2348 1687 2420 ἐπιϐουλῆς
1707 2349 1882 2420 ἀπηλ-

278 2425 512 2490 λακται,
546 2429 639 2483 καὶ
664 2429 954 2484 ἀπόκειται
977 2430 1360 2502 φυλαττόμενα
1379 2449 1392 2464 ·
1419 2431 1606 2504 ῶσπερ
1628 2432 1796 2498 εἰκὸς,
1814 2432 1882 2486 τά

283 2512 350 2564 ἐν
391 2514 508 2576 τοῖς
539 2513 786 2583 οὐρανοῖς
819 2513 1070 2584 κείμενα.
1107 2515 1262 2585 Πάσῃ
1291 2513 1400 2588 γὰρ
1432 2513 1601 2587 κακίᾳ
1629 2517 1833 2580 ἐκεῖνος
1852 2517 1882 2569 6

282 2597 463 2658 τόπος
487 2595 703 2658 ἄϐατος.
740 2595 924 2649 Ταῦτα
949 2595 1073 2649 οὔτε
1097 2598 1256 2668 ἡμεῖς
1284 2599 1371 2652 ἀεὶ
1397 2599 1645 2668 λέγοντες
1668 2600 1881 2671 διαλιμο

286 2682 563 2752 πάνομεν,
586 2680 707 2733 οὔτε
725 2681 882 2752 ὑμεῖς
903 2681 1193 2746 ἀκούοντες
1214 2682 1487 2737 πείθεσθε.
1506 2685 1580 2737 T6
1601 2685 1657 2738 δὲ
1683 2686 1875 2749 αἴτιον,

287 2764 477 2834 ψυχῆς
502 2764 668 2834 ἐσμεν
705 2763 956 2828 εὐτελοῦς
977 2806 990 2828 ,
1027 2765 1122 2816 καὶ
1146 2765 1282 2837 πρὸς
1313 2765 1412 2836 τὴν
1431 2767 1535 2836 γῆν
1563 2768 1878 2837 κεχηνυίας,

291 2850 397 2901 καὶ
441 2848 613 2918 χαμαὶ
636 2847 961 2919 συρομένης.
994 2849 1209 2902 Μᾶλλον
1238 2849 1295 2902 δὲ
1323 2851 1398 2921 μὴ
1423 2850 1633 2918 γένοιτο
1662 2853 1880 2906 πάντων

291 2933 457 3002 ὑμῶν
478 2931 822 3000 καταγνῶναι
852 2933 1074 2996 κακίαν,
1108 2933 1184 2997 ὡς
1216 2934 1426 2998 πάντας
1455 2935 1649 2989 ἀνίατα
1681 2939 1878 2990 νοσεῖν.

292 3015 362 3068 ΕΞ
388 3015 496 3086 γάρ
541 3016 636 3068 καὶ
663 3015 712 3068 οί
755 3013 834 3084 τῷ
871 3014 1086 3082 πλούτῳ
1151 3015 1462 3085 μεθύοντες,
1511 3018 1884 3088 ἐμφράττουσι

291 3099 398 3169 τὴν
434 3099 604 3166 ἀκοὴν
644 3097 778 3167 1196;
807 3097 874 3150 τὰ
905 3098 1191 3167 λεγόμενα,
1229 3097 1344 3150 ἀλλ’
1380 3100 1427 3152 οί
1471 3101 1632 3170 πενίᾳ
1681 3100 1886 3163 συζῶν-

292 3195 393 3243 τες
442 3180 762 3250 δυνήσονται
813 3179 1098 3246 διαϐλέψαι
1144 3179 1280 3249 πρὸς
1327 3181 1395 3233 τὰ
1437 3181 1728 3251 λεγόμενα.
1774 3184 1885 3236 Καὶ

293 3265 354 3316 τί
384 3261 561 3316 ταῦτα
599 3262 738 3332 πρὸς
759 3262 884 3324 τοὺς
913 3261 1171 3332 πένητας,
1207 3263 1406 3333 φησίν;
1441 3263 1502 3316 o6
1540 3265 1652 3335 γάρ
1685 3265 1886 3334 χρυσὸς

299 3346 492 3406 αὐτοῖς
523 3344 690 3406 ἐστιν,
713 3343 831 3396 οὐδὲ
864 3343 1055 3413 ἱμάτια
1087 3344 1343 3408 τοσαῦτα,
1377 3345 1561 3416 φησίν.
1603 3345 1762 3398 Ἀλλά
1784 3346 1885 3417 ἀρ-

363 3437 391 3464 ‘
417 3434 523 3484 Ἵνα
545 3434 647 3497 μετ’
684 3435 895 3497 ἀγγέλων
915 3434 1150 3497 χορεύσῃς
1191 3435 1364 3484 deerat
1387 3437 1436 3484 in
1464 3437 1636 3486 Morel.
1703 3434 1734 3474 1³
1760 3438 1888 3488 Are-

297 3499 438 3546 tinus
471 3493 619 3554 male,
662 3493 772 3557 qua)
791 3493 834 3546 εὶ
855 3493 947 3545 Ιιοῐ
966 3493 1112 3558 ραι-ιο
1129 3505 1536 3548 consumerentur.

1982 1581 2259 1652 γενέσθαι,
2296 1580 2392 1634 καὶ
2441 1579 2628 1633 καλεῖν
2659 1579 2824 1632 αὑτὸν
2859 1578 3060 1648 μᾶλλον
3087 1577 3182 1630 ἐπὶ
3225 1578 3449 1648 ἄριστον
3474 1580 3571 1630 καὶ

1984 1663 2300 1732 ἐστιαθῆναι
2331 1661 2449 1733 μετ’
2486 1661 2675 1724 αὐτοῦ,
2706 1661 2801 1714 καὶ
2841 1661 2934 1713 ἐπί⁵
2970 1659 3180 1730 μείζονι
3214 1659 3416 1730 κέρδει.
3449 1659 3572 1712 Τῶν

1985 1747 2085 1817 μὲν
2112 1744 2222 1816 γὰρ
2259 1745 2380 1798 τότε
2407 1744 2558 1814 αύτῷ
2591 1743 3055 1796 συνεστιαθέντων
3110 1739 3298 1794 πολλοὶ
3339 1742 3434 1796 καὶ
3465 1741 3568 1794 άπ-

1980 1829 2202 1892 ὡλοντο,
2229 1823 2340 1891 οἷος
2375 1829 2469 1881 καὶ
2501 1831 2528 1882 6
2548 1826 2750 1890 Ἰούδας
2779 1821 2868 1898 ἦν,
2893 1827 2989 1880 καὶ
3007 1825 3186 1896 ἕτεροι
3213 1825 3272 1879 δέ
3297 1825 3528 1878 τοιοῦτοι
3552 1841 3567 1855 ·

1979 1913 2089 1966 τῶν
2119 1913 2176 1966 δέ
2217 1909 2529 1966 καλούντων
2554 1911 2714 1965 αὑτὸν
2736 1911 2968 1973 ἕκαστος
3005 1909 3100 1962 νῦν
3145 1911 3226 1972 είς
3257 1909 3358 1982 τὴν
3391 1908 3570 1962 οἰκίαν

1980 1995 2079 2068 τὴν
2116 1993 2337 2058 ἑαυτοῦ,
2375 1995 2471 2048 καὶ
2528 1993 2921 2065 μεταδιδόντων
2964 1990 3112 2061 αύτῷ
3153 1990 3432 2063 τραπέζης
3475 1993 3572 2045 καὶ

1983 2079 2202 2148 στέγης,
2245 2077 2498 2148 εὐλογίας
2525 2075 2894 2130 ἀπολαύσεται
2931 2073 3194 2145 μεγάλης.
3232 2073 3411 2128 Δεῦτε
3439 2074 3570 2146 γὰρ,

1982 2163 2168 2232 φησὶν,
2200 2163 2254 2216 οι
2281 2159 2676 2230 εὐλογημένοι
2707 2158 2813 2213 τοῦ
2849 2158 3083 2226 Πατρός
3098 2174 3241 2226 μου,
3283 2160 3574 2225 κληρονο-

1976 2245 2218 2316 μήσατε
2261 2243 2377 2314 τὴν
2425 2242 2878 2314 ἡτοιμασμένην
2917 2242 3061 2309 ὑμῖν
3087 2242 3419 2306 ,ϐασιλείαν
3451 2238 3572 2296 ἀπὸ

1981 2326 2322 2396 καταϐολῆς
2381 2329 2636 2396 κόσμου,
2707 2326 3034 2381 Ἐπείνιισα
3065 2325 3175 2396 γάρ
3209 2337 3258 2389 ε,
3287 2323 3388 2378 καί
3427 2324 3570 2377 ἐδώ-

1984 2414 2127 2468 κατέ
2157 2432 2259 2484 μοι
2306 2413 2552 2484 φαγεῖν·
2589 2412 2876 2481 ἐδίψησα,
2939 2411 3039 2465 καί
3091 2410 3418 2465 ἐποτίσατέ
3449 2429 3564 2480 με·

1983 2495 2159 2562 ξένος
2190 2495 2373 2564 ἤμην,
2407 2496 2507 2550 καί
2548 2493 2923 2565 συνηγάγετέ
2946 2512 3023 2564 με
3043 2513 3056 2526 ·
3097 2492 3437 2563 ἠσθένησα,
3474 2495 3573 2548 καί

1981 2578 2409 2648 ἐπεσκέψασθέ
2451 2596 2558 2648 με·
2605 2579 2674 2632 ἐν
2705 2577 2952 2648 φυλακῇ
2986 2577 3170 2647 ἥμην,
3207 2577 3302 2631 καί
3359 2576 3574 2646 ἤλθετε

1983 2665 2134 2731 πρός
2156 2680 2254 2732 με.
2293 2663 2391 2717 Ἰν’
2421 2660 2515 2717 οὖν
2541 2662 2748 2716 τούτων
2788 2662 3114 2732 ἀκούσωμεν
3149 2661 3258 2714 τῶν
3288 2661 3570 2732 ῥημάτων,

1982 2744 2292 2817 ἐνδύσωμεν
2321 2746 2413 2799 τὸν
2438 2747 2669 2816 γυμνὸν,
2695 2745 3095 2816 συναγάγωμεν
3126 2744 3217 2798 τὸν
3250 2743 3420 2808 ξένον,
3454 2743 3574 2816 θρέ-

1981 2829 2174 2900 ψωμεν
2202 2831 2294 2884 16v
2333 2831 2628 2893 πεινῶντα,
2659 2831 2974 2901 ποτίσωμεν
3022 2829 3114 2883 τὸν
3149 2829 3410 2898 διψῶντα,
3453 2829 3573 2882 ἐπιο

1986 2911 2318 2982 σκεψώμεθα
2337 2913 2428 2966 τὸν
2454 2912 2864 2986 ἀρρωστοῦντα,
2901 2913 3102 2982 ἴδωμεν
3131 2913 3222 2967 τὸν
3250 2914 3308 2965 ἐν
3333 2912 3570 2983 φυλακῇ,

1988 2997 2075 3049 ἵνα
2134 2997 2446 3069 παρρησίας
2499 2997 2934 3064 ἀπολαύσωμεν,
3003 2997 3099 3049 καὶ
3157 2997 3574 3067 ἁμαρτημάτων

1990 3076 2337 3148 συγχώρησιν
2366 3077 2641 3148 λάϐωμεν,
2677 3078 2770 3130 καὶ
2793 3077 2903 3130 τῶν
2948 3078 3171 3144 ἀγαθῶν
3207 3079 3574 3148 μετάσχωμεν

1989 3159 2235 3224 ἐκείνων,
2265 3158 2372 3212 τῶν
2402 3161 2495 3213 καλ⁵
2523 3160 2680 3226 λόγον
2710 3160 3154 3230 ὑπερϐαινόντων
3183 3162 3276 3212 καὶ
3311 3162 3435 3214 νοῦν
3458 3178 3470 3191 ·
3497 3154 3573 3214 ὧν

1990 3242 2201 3310 γένοιτο
2236 3244 2445 3307 πάντας
2493 3245 2638 3314 ἡμᾶς
2683 3245 2980 3313 ἐπιτυχεῖν,
3040 3243 3221 3313 χάριτι
3255 3243 3347 3296 καὶ
3388 3243 3574 3311 φιλαν-

1986 3327 2203 3399 θρωπία
2231 3327 2326 3381 τοῦ
2358 3328 2565 3399 Κυρίου
2607 3327 2764 3398 ἡμῶν
2807 3326 2981 3399 Ἰησοῦ
3016 3327 3276 3400 Χριστοῦ,
3312 3321 3356 3396 ᾧ
3386 3330 3418 3399 ἡ
3447 3328 3576 3394 δόξα

1987 3411 2080 3464 καὶ
2116 3411 2176 3464 16
2219 3411 2420 3481 κράτος
2449 3413 2527 3474 είς
2555 3412 2682 3474 τοὺς
2711 3410 2914 3475 αἰῶνας
2950 3410 3058 3466 τῶν
3085 3411 3318 3467 αἰώνων.
3376 3414 3570 3484 ’Δμήν.

2055 3503 2080 3532 ε
2122 3501 2220 3564 Γάρ
2243 3501 2392 3550 deest
2432 3503 2481 3550 in
2512 3499 2802 3564 quibusdam
2830 3515 2950 3551 mss.

1755 3663 2001 3718 UMIAIA
2030 3661 2107 3718 ε’.

315 3754 465 3829 Ἔπῴ
485 3754 602 3823 ειμι
618 3756 663 3829 _o'
687 3753 970 3829 1101;151:113
992 3756 1199 3829 καλός,
1225 3756 1320 3829 καί
1336 3756 1625 3829 γινώσκω
1652 3759 1722 3812 τὰ
1741 3759 1874 3829 ἐμὰ,

373 3823 472 3879 καὶ
501 3823 863 3894 τινώσκομαι
910 3824 1029 3879 ὑπὸ
1077 3826 1194 3880 τῶν
1244 3823 1420 3895 ἐμῶν.
1449 3828 1656 3896 Καθὼς
1711 3823 1880 3900 γινώὲ

375 3910 604 3952 cuius
641 3896 675 3948 ὀ
711 3895 938 3952 Πατὴρ.
979 3895 1141 3952 κάγὼ
1173 3897 1442 3952 γινώσκω
1480 3900 1586 3952 τὸν
1624 3900 1878 3952 Πατέρα.

375 3910 509 3949 σκει
523 3911 604 4032 #5
641 3896 675 3948 ὀ
711 3896 938 3980 Πατὴρ,
979 3896 1141 3964 κάγὼ
1173 3897 1458 3985 γινώσκω.
1480 3900 1586 3952 τὸν
1624 3896 1878 3983 Πατέρα,

374 3963 518 4018 salt
565 3965 828 4034 νψυχην
839 3981 959 4034 μου
982 3967 1175 4035 τίθημι
1205 3967 1355 4037 υπὲρ
1385 3986 1505 4022 των
1546 3973 1876 4038 προϐατίων.

376 4099 445 4146 α’.
474 4089 656 4160 Μέγα,
679 4089 952 4162 ἀγαπητοὶ
969 4102 1018 4154 ι,
1036 4091 1178 4163 μέγα
1207 4091 1532 4162 Ἑκκλησίας
1555 4083 1879 4163 προστασία,

306 4177 398 4230 καὶ
424 4173 625 4244 πολλῆς
652 4173 904 4244 δεόμενον
921 4173 1261 4244 φιλοσοφίας,
1287 4174 1383 4228 καὶ
1405 4175 1655 4245 ἀνδρείας
1681 4175 1880 4229 τοσαύ-

303 4277 424 4327 της,
467 4259 598 4329 ὅσης
637 4259 666 4311 6
703 4255 940 4329 Χριστὸς
988 4251 1163 4322 εἴπεν,
1217 4257 1358 4310 ὥστε
1399 4257 1496 4328 τὴν
1527 4256 1703 4328 ψυχὴν
1741 4258 1881 4330 ύπέρ

304 4345 411 4396 τῶν
447 4340 738 4414 προϐάτων
767 4340 959 4404 θεῖναι,
1003 4339 1145 4394 ὥστε
1189 4339 1458 4410 μηδέποτε
1493 4341 1881 4408 ἐγκαταλιπεῖν

305 4426 442 4481 αύτά
462 4425 644 4497 ἔρημα
673 4425 768 4479 καὶ
794 4423 995 4496 γυμνά,
1039 4424 1180 4478 ὥστε
1213 4424 1350 4495 πρὸς
1404 4423 1496 4478 16v
1531 4423 1696 4477 λύκον
1732 4425 1882 4478 ἵσταο

306 4508 431 4563 σθαι
467 4523 749 4577 γενναίως.
805 4506 991 4578 Τούτῳ
1021 4507 1132 4579 γάρ
1161 4507 1191 4559 6
1214 4506 1418 4578 ποιμὴν
1459 4506 1553 4560 τοῦ
1609 4507 1881 4578 μισθωτοῦ

304 4591 605 4664 διέστηκεν.
645 4589 706 4644 Ὀ
725 4589 822 4660 μέν
849 4590 958 4662 γάρ
981 4592 1082 4662 τὴν
1111 4591 1248 4645 ίδίαν
1290 4591 1564 4663 σωτηρίαν
1603 4591 1881 4663 πανταχοῦ

307 4677 517 4737 σκοπεῖ,
545 4671 656 4726 τῶν
689 4671 975 4742 προϐάτων
1016 4673 1234 4743 ἀμελῶν
1259 4689 1276 4708 ·
1309 4669 1460 4738 οὗτος
1503 4675 1561 4728 δὲ
1605 4673 1880 4746 πανταχοῦ

303 4758 401 4828 τὴν
428 4757 537 4814 τῶν
584 4755 872 4828 προϐάτων
910 4755 1178 4827 ἐπιζητεῖ,
1221 4756 1320 4828 τὴν
1365 4757 1558 4812 ἐαυτοῦ
1603 4758 1883 4834 παρατρέ-

306 4858 433 4911 χων.
465 4839 651 4894 Εἰπὼν
706 4839 884 4893 τοίνυν
931 4839 1024 4894 τοῦ
1057 4841 1316 4912 ποιμένος
1357 4842 1426 4895 τὰ
1467 4843 1758 4912 δείγματα,
1787 4840 1884 4896 δύο

305 4925 483 4996 τίθησι
511 4926 638 4989 τοὺς
667 4925 954 4996 λυμεῶνας
975 4941 988 4956 ·
1018 4926 1112 4980 ἕνα
1143 4927 1234 4980 τὸν
1284 4926 1526 4998 κλέπτην
1556 4931 1648 4985 τὸν
1683 4926 1883 4981 θύοντα

306 5008 399 5060 καὶ
438 5008 784 5079 ἁρπάζοντα·
827 5009 1012 5080 ἕτερον
1033 5009 1090 5062 δὲ
1147 5007 1240 5062 τὸν
1297 5010 1502 5064 τούτων
1571 5009 1671 5081 μὲν
1728 5009 1882 5063 οὐδὲν

306 5091 579 5156 ποιοῦντα,
611 5090 911 5161 γινομένων
938 5091 996 5145 δὲ
1033 5089 1237 5145 τούτων
1261 5093 1362 5145 οὐκ
1395 5093 1878 5162 ἐπιστρεφόμενον,

305 5174 421 5228 οὐδέ
452 5170 756 5228 κωλύοντα·
783 5175 852 5228 δι’
876 5175 1098 5228 ἐκείνων
1131 5177 1229 5245 μὲν
1253 5177 1379 5239 τοὺς
1405 5179 1531 5248 περὶ
1566 5179 1768 5230 Θευδᾶν
1797 5178 1881 5228 αίο

309 5256 632 5328 νιττόμενος,
675 5257 764 5310 διὰ
810 5256 1014 5310 τούτων
1061 5257 1117 5310 δὲ
1145 5260 1268 5321 τοὺς
1317 5258 1586 5312 Ἰουδαίύν
1629 5257 1882 5312 διδασκά-

305 5339 427 5404 λους
457 5341 842 5412 ἐκπομπεύων,
879 5343 940 5396 06
980 5341 1310 5412 κηδομένους
1346 5343 1466 5394 οὐδὲ
1499 5342 1882 5412 φροντίζοντας

301 5423 410 5477 ’τῶν
436 5425 955 5495 ἐμπεπιστευμένων
1012 5425 1195 5488 αὐτοῖς
1225 5425 1532 5497 προϐάτιον,
1575 5426 1752 5496 Ὀπερ
1790 5423 1882 5480 οῦν

301 5507 400 5560 ἰαὶ
425 5507 453 5558 6
495 5505 753 5573 ’ῐεζεκιὴλ
777 5507 981 5561 ἀνωθεν
1005 5507 1252 5576 ἐγκαλῶν
1285 5507 1465 5569 αὐτοῖς
1492 5505 1676 5575 ἔλεγεν
1698 5524 1710 5537 ·
1735 5511 1798 5563 ’Ὠ
1824 5516 1878 5564 ot

316 5589 583 5656 ποιμένες
613 5589 640 5628 δ
679 5589 917 5657 Ἰσραήλ
936 5607 950 5620 ·
978 5589 1064 5658 μή
1079 5591 1429 5654 βόσκουσιν
1457 5588 1609 5659 [552]
1629 5590 1884 5659 ἑαυτοὺς

363 5689 391 5751 ξ
413 5686 518 5751 Hi0
545 5684 740 5751 de‘sjgig
769 5687 877 5751 00d.
913 5686 1006 5751 796
1044 5688 1062 5751 (
1083 5691 1198 5738 olim
1241 5689 1407 5750 I959),
1429 5688 1745 5751 succeditque
1769 5693 1859 5741 cod

305 5746 398 5796 709
425 5747 574 5807 (olim
595 5746 768 5807 2535),
798 5747 1021 5797 homilias
1051 5746 1100 5797 in
1125 5746 1640 5800 Joannem'éonlinens
1667 5746 1696 5800 'a
1737 5753 1798 5800 50
1820 5756 1878 5803 ad

305 5807 385 5881 δέ.
710 5807 836 5881 06011.
859 5809 907 5881 11':
913 5811 1172 5881 Λποιμέχτς,
1201 5811 1450 5881 ’δεόμούαέ
1476 5810 1617 5858 deest
1655 5813 1710 5881 ill
1757 5816 1877 5881 ad",

313 5867 500 5916 Morem
544 5868 691 5925 inque
715 5868 854 5916 codd.
881 5867 991 5924 703,
1017 5867 1106 5918 709
1126 5879 1176 5918 et
1197 5875 1245 5919 in
1269 5873 1388 5929 edit.
1419 5872 1627 5922 Romana
1657 5876 1746 5920 τῶν
1789 5880 1829 5924 0
1848 5878 1877 5934 ’,

311 5937 393 5987 ubi
417 5937 534 5984 iilud
562 5937 599 5980 ὦ
624 5948 711 5996 pro
737 5935 819 5984 ’Ἥ
858 5935 1096 5988 Hebraice
1134 5942 1332 6000 legitur.

1982 3763 2036 3815 οι
2069 3761 2390 3831 ποιμένες;
2420 3763 2556 3832 οὐχί
2581 3761 2651 3817 τὰ
2670 3765 2934 3832 πρόϐατα
2953 3765 3302 3829 βόσκουσιν
3345 3767 3402 3818 οἱ
3439 3779 3573 3820 ποι-

1976 3844 2194 3914 μένες;
2237 3844 2376 3898 Ἀλλ’
2424 3846 2622 3900 ἐκεῖνοι
2648 3848 2958 3901 τούναντίον
2986 3848 3227 3910 ἐποίουν,
3289 3849 3428 3920 ὅπερ
3473 3849 3572 3918 μέ-

1981 3928 2167 3996 γιστόν
2224 3929 2374 3983 ἐστιν
2426 3925 2568 3992 εἶδος
2615 3929 2834 3994 κακίας,
2882 3929 2977 3984 καὶ
3031 3929 3143 3983 τῶν
3174 3929 3349 3984 ἀλλων
3397 3931 3572 3984 αἴτιον

1982 4011 2220 4066 πάντων.
2243 4012 2342 4066 Διά
2383 4011 2544 4065 τοῦτο
2575 4011 2686 4081 γάρ
2710 4028 2876 4082 φησιν
2898 4026 2914 4044 ·
2953 4010 3079 4064 οὔτε
3117 4011 3179 4062 16
3217 4011 3572 4081 πεπλανημέ-

1982 4111 2072 4149 νον
2099 4084 2458 4164 ἐπέστρεφον,
2483 4091 2605 4146 ούδέ
2645 4092 2708 4145 τὸ
2747 4091 3026 4155 ἀπολωλὸς
3075 4090 3324 4162 ἐζήτουν,
3363 4091 3482 4145 ούδέ
3509 4094 3573 4147 16

1984 4176 2445 4246 συντετριμμένον
2474 4173 2762 4244 ἐδέσμουν,
2795 4173 2917 4228 ούδέ
2937 4172 2999 4227 16
3031 4173 3350 4246 ἀρῤωστοῦν
3376 4173 3571 4246 ἐθερά-

1982 4275 2167 4322 πευον,
2199 4256 2386 4327 ἐπειδὴ
2418 4257 2666 4319 ἐαυτοὺς,
2693 4256 2787 4310 καὶ⁸
2820 4255 2882 4310 06
2915 4255 2984 4310 τὰ
3016 4255 3284 4328 πρόϐατα,
3323 4256 3567 4314 ἐϐοσκον.

1985 4342 2161 4411 Ὅπερ
2190 4339 2282 4393 καὶ
2317 4340 2346 4392 6
2371 4338 2582 4403 Παῦλος
2610 4339 2783 4410 ἑτέρῳ
2822 4339 3028 4410 ῥήματι
3061 4338 3223 4392 πάλιν
3259 4338 3447 4411 ἐδήλου
3481 4339 3573 4393 λέο

1982 4423 2212 4492 γων·οί
2245 4421 2356 4492 γὰρ
2386 4419 2613 4488 πάντες
2670 4422 2744 4476 τὰ
2780 4420 3015 4476 ἑαυτῶν
3040 4420 3344 4489 ζητοῦσιν,
3381 4424 3454 4476 οὐ
3497 4421 3572 4476 τὰ

1983 4506 2241 4574 Χριστοῦ
2301 4504 2532 4572 Ἰησοῦ·
2577 4505 2672 4558 καὶ
2716 4504 2899 4570 πάλιν,
2950 4505 3178 4576 Μηδεὶς
3231 4504 3299 4560 τὸ
3352 4506 3571 4562 ἑαυτοῦ

1983 4587 2238 4656 ζητείτω,
2274 4590 2436 4644 ἀλλὰ
2486 4587 2553 4642 τὸ
2606 4588 2711 4644 τοῦ
2766 4587 3036 4656 πλησίον
3079 4588 3355 4656 ἕκαστος.
3431 4590 3571 4643 Ἀλλ’

1983 4674 2308 4743 ἀμφοτέρων
2338 4673 2532 4726 ἐαυτὸν
2579 4673 2845 4744 διίστησιν
2877 4672 2906 4724 6
2925 4672 3160 4745 Χριστός
3179 4689 3192 4703 ·
3223 4673 3448 4726 ἐκείνων
3472 4673 3571 4743 μέν

1982 4757 2092 4809 τῶν
2121 4757 2213 4810 ἐπὶ
2237 4756 2383 4829 λύμῃ
2413 4757 2894 4829 παραγενομένων,
2930 4757 3008 4828 τῷ
3036 4759 3230 4820 εἰπεῖν,
3265 4756 3370 4810 Διὰ
3395 4756 3572 4810 τοῦτο

1982 4837 2193 4912 ἦλθον,
2243 4843 2340 4895 ἵνα
2383 4841 2538 4910 ζωὴν
2594 4843 2800 4912 ἔχωσι,
2858 4842 2956 4896 καὶ
3002 4840 3300 4908 περισσὸν
3337 4839 3522 4910 ἔχωσι
3550 4857 3565 4872 ·

1982 4923 2188 4982 τούτων
2221 4925 2277 4978 δέ
2310 4925 2417 4979 τῶν
2454 4925 2835 4998 περιορώντων
2883 4924 2988 4977 6116
3039 4923 3148 4977 τῶν
3180 4923 3360 4978 λύκων
3393 4926 3571 4996 ἁρπα-

1989 5012 2191 5080 ζόμενα
2215 5010 2282 5064 τά
2303 5010 2571 5080 πρόϐατα,
2597 5009 2672 5079 τῷ
2702 5009 2778 5079 μὴ
2811 5007 3149 5069 καταλιπεῖν,
3182 5007 3316 5061 ἀλλά
3350 5009 3444 5061 καὶ
3472 5007 3570 5077 τὴν

1987 5093 2167 5165 ψυχὴν
2199 5093 2363 5147 αὐτοῦ
2399 5093 2571 5148 θεῖναι
2619 5093 2762 5163 ὑπὲρ
2791 5092 2991 5155 αὐτῶν,
3020 5091 3160 5144 ὥστε
3209 5090 3284 5161 μὴ
3331 5089 3402 5142 τά
3439 5090 3571 5161 πρό-

1990 5175 2130 5229 ϐατα
2184 5177 2496 5232 ἀποθανεῖν.
2562 5176 2779 5243 Ἐπειδὴ
2844 5173 2954 5246 γὰρ
3007 5173 3170 5229 αὐτὸν
3222 5173 3571 5228 ἐϐουλεύοντο

1989 5259 2221 5324 ἀνελεῖν,
2276 5260 2398 5314 οὔτε
2450 5264 2550 5330 τῆς
2593 5257 2944 5321 διδασκαλίας
2975 5257 3250 5327 μετέθετο,
3283 5257 3405 5312 οὔτε
3443 5259 3570 5322 τοὺς

1988 5344 2344 5407 πιστεύοντας
2362 5343 2698 5415 προύδωκεν,
2727 5340 2840 5394 ἀλλ’
2857 5340 3008 5410 ἔστη,
3043 5341 3138 5394 καὶ
3167 5341 3339 5396 εἵλετο
3361 5341 3569 5397 ἀποθα-

1987 5429 2120 5480 νεῖν.
2153 5426 2254 5480 Διά
2281 5425 2442 5479 τοῦτο
2483 5425 2595 5478 ἄνω
2621 5424 2717 5478 καὶ
2750 5425 2900 5478 κάτω
2929 5423 3114 5492 ἔλεγεν
3133 5441 3146 5454 ·
3221 5425 3364 5496 Ἐγώ
3387 5429 3504 5494 εἰμι
3535 5429 3568 5479 ό

1987 5509 2217 5578 ποιμὴν
2245 5511 2278 5562 o'
2305 5510 2513 5573 καλός.
2562 5505 2695 5561 Εἶτα
2735 5508 2922 5579 ἐπειδὴ
2963 5509 3257 5582 ἀμάρτυρα
3286 5510 3458 5563 ἐδόκει
3497 5508 3566 5560 τά

1986 5592 2254 5661 λεγόμενα
2283 5586 2424 5644 εἶναι
2453 5591 2536 5658 (τὸ
2575 5591 2673 5661 μὲν
2717 5591 2847 5663 γάρ,
2913 5591 3032 5660 Τὴν
3077 5591 3292 5662 ψυχήν
3334 5608 3454 5660 μου
3482 5591 3565 5643 τί.

1987 5678 2149 5741 θημι,
2181 5673 2242 5726 06
2267 5671 2405 5742 μετά
2428 5673 2559 5726 πολὺ
2591 5673 2689 5745 τὴν
2715 5673 2986 5739 ἀπόδειξιν
3020 5673 3179 5726 ἔλαϐε
3201 5690 3214 5703 ·
3245 5673 3304 5726 16
3326 5671 3404 5737 δέ,
3441 5673 3565 5726 Ἵνα

1985 5754 2139 5824 ζωὴν
2170 5754 2377 5824 ἔχωσι,
2407 5754 2504 5808 καί
2535 5757 2832 5825 περισσὸν
2857 5760 3063 5828 ἔχωσι,
3085 5756 3222 5828 μετά
3246 5756 3344 5826 τὴν
3379 5755 3564 5810 ἐντεῦ-

1986 5838 2079 5890 θεν
2130 5835 2351 5906 ἔμελλεν
2415 5837 2723 5910 ἀποδημίαν
2799 5840 3235 5916 συμϐήσεσθαι,.
3271 5837 3410 5894 κατά
3467 5839 3562 5893 τὸν

1986 5917 2157 5972 αἰῶνα
2188 5916 2275 5968 16v
2299 5917 2606 5993 μέλλοντα),
2641 5923 2694 5977 τί
2721 5927 2887 5994 ποιεῖ,
2922 5923 3162 5998 Θάτερον
3197 5922 3304 5979 ἀπὸ
3325 5920 3572 5992 θατέρου,
