4094 6204
219 270 357 324 ’399

241 384 566 441 credentes
588 384 616 437 ?
650 381 772 438 audi
797 379 922 452 quid
949 378 1109 433 addat
1137 393 1148 431 :
1178 377 1247 430 Et
1283 393 1525 447 cognosco
1555 393 1667 431 oves
1694 393 1827 430 meas
1849 417 1863 440 ,

241 487 295 528 et
327 484 670 544 cognoscunt
699 489 777 528 me
806 487 944 526 mete.
988 468 1136 538 Quod
1179 479 1232 523 et
1272 468 1466 522 Paulus
1505 468 1822 538 signiﬁcavit
1853 486 1866 521 :

249 565 382 619 Non
428 568 644 634 repulit
689 564 828 619 Deus
875 563 1116 634 populum
1158 577 1303 615 suum
1345 576 1489 629 quem
1531 561 1868 631 prtecognovit

247 655 446 724 (Rom.
485 657 555 710 11
574 697 590 709 .
624 657 711 724 1);
742 665 796 709 et
824 655 1031 724 Moyses
1061 670 1074 706 :
1106 651 1346 722 Cognovit
1373 651 1618 705 Dominus
1643 651 1726 721 qui
1753 661 1867 704 sunt

240 747 363 815 ejus
388 744 477 812 (‘2.
516 745 659 799 Tim.
683 746 736 799 2.
769 744 858 812 19)
885 762 896 797 :
921 745 1039 797 illos
1061 742 1200 803 dico,
1223 743 1421 807 inquit,
1445 756 1577 811 quos
1603 741 1862 811 prtcscivi.

247 836 475 890 Deinde
522 852 601 890 ne
642 851 822 906 parem
850 833 1168 904 cognitionis
1205 831 1420 886 modum
1459 841 1709 897 putares,
1742 830 1864 884 audi

227 926 550 996 quomodo
578 927 707 982 illud
739 942 833 996 per
856 925 1128 995 sequentia
1151 923 1395 992 corrigat.
1427 921 1680 993 Cognosco
1705 938 1860 986 meas,

243 1019 479 1088 inquit,
511 1027 568 1072 et
607 1026 906 1088 cognoscunt
942 1033 1020 1070 me
1056 1031 1198 1069 mete.
1241 1014 1344 1069 Sed
1387 1028 1495 1068 non
1532 1013 1747 1082 aequalis
1781 1018 1864 1066 est

237 1109 508 1179 cognitio
540 1127 555 1162 :
582 1109 678 1165 sed
719 1109 809 1162 ubi
855 1106 1071 1176 aequalis
1113 1105 1232 1160 est?
1263 1104 1319 1158 ln
1363 1103 1519 1157 Patre
1564 1112 1620 1157 et
1647 1103 1699 1155 in
1730 1115 1857 1155 me:

241 1216 377 1253 nam
405 1200 579 1255 Sicut
602 1205 850 1270 cognoscit
872 1213 949 1250 me
975 1196 1150 1262 Pater,
1176 1204 1221 1248 et
1246 1211 1334 1266 ego
1359 1209 1602 1264 cognosco
1631 1191 1856 1245 Patrem.

224 1290 362 1345 Nisi
403 1291 573 1345 enim
610 1291 711 1345 hoc
737 1289 962 1359 probare
993 1287 1282 1349 voluisset,
1314 1301 1409 1340 cur
1446 1284 1500 1338 id
1528 1281 1860 1338 addidisset?

235 1383 388 1450 Quia
420 1383 586 1437 enim
612 1396 671 1436 se
698 1381 1003 1450 frequenter
1028 1378 1083 1431 in
1111 1386 1428 1430 cacterorum
1453 1374 1639 1428 ordine
1669 1372 1812 1442 ponit
1839 1411 1856 1437 ,

237 1491 314 1530 ne
352 1475 494 1545 quis
543 1484 755 1544 putaret
792 1487 850 1528 se
891 1473 964 1526 ita
1002 1483 1326 1538 cognoscere
1363 1467 1574 1521 Patrem
1605 1475 1662 1520 ιιι
1698 1465 1858 1519 homo
1896 1482 1897 1485 η

233 1568 552 1638 cognoscit
576 1608 592 1631 ,
618 1566 848 1621 subdidit
876 1580 890 1616 :
919 1563 1064 1618 Sicut
1100 1561 1350 1631 cognoscit
1378 1576 1456 1613 me
1488 1558 1662 1623 Pater,
1693 1567 1738 1612 et
1766 1573 1856 1626 ego

212 1675 524 1730 cognosco
557 1659 784 1712 Patrem.
812 1657 886 1711 Ita
909 1653 1144 1725 perfecte
1169 1653 1340 1719 ipsum
1366 1664 1645 1720 cognosco,
1670 1657 1724 1702 ut
1744 1648 1857 1717 ipse

232 1765 355 1805 me.
393 1749 540 1804 Ideo
567 1747 796 1808 dicebat,
830 1744 994 1800 Nemo
1019 1743 1270 1813 cognoscit
1298 1740 1514 1804 Filium,
1551 1739 1647 1792 nisi
1675 1737 1850 1804 Pater,

211 1849 284 1894 Aet
309 1839 579 1905 Patrem,
602 1841 698 1894 nisi
718 1837 886 1892 Filius
907 1835 1052 1908 (Luc.
1079 1832 1301 1903 10.22).
1327 1831 1646 1900 peculiarem
1667 1845 1851 1900 quam-

230 1931 371 1985 dam
401 1930 777 1999 cognitionem
809 1927 1068 1990 iudicans,
1096 1933 1150 1978 et
1178 1923 1385 1993 qualem
1415 1935 1570 1975 neruo
1594 1921 1728 1973 alius
1759 1935 1851 1988 po-

216 2030 351 2078 :‘tcst
377 2022 682 2090 attingere.
713 2019 823 2088 Ego
853 2034 984 2088 pono
1011 2018 1230 2070 animum
1257 2030 1435 2067 nteant.
1461 2013 1518 2066 Μ
1551 2013 1851 2082 frequenter

218 2114 400 2181 dicit,
440 2129 510 2170 se
543 2128 648 2167 non
679 2112 1017 2180 deceptoretn
1043 2123 1162 2164 esse
1187 2108 1481 2162 declarans.
1511 2104 1850 2173 Quandoqui-

231 2204 367 2260 dem
426 2203 714 2274 apostolus
752 2212 808 2256 ut
845 2217 904 2257 se
941 2217 1125 2256 verum
1163 2201 1471 2268 magistrum
1503 2197 1842 2262 ostenderet,

233 2310 418 2365 seque
441 2294 610 2349 'l’alsis
638 2293 892 2363 apostolis
922 2298 1234 2361 opponeret,
1264 2305 1328 2343 ex
1359 2288 1606 2356 periculis
1631 2297 1684 2341 et
1712 2303 1846 2341 mor-

227 2385 390 2439 tibus
414 2398 546 2439 scsc
569 2382 906 2436 commendat
928 2381 1113 2435 dicens
1139 2395 1152 2433 :
1175 2377 1240 2431 In
1262 2378 1425 2449 plagis
1443 2393 1598 2446 supra
1621 2377 1841 2439 modum,

229 2477 288 2528 in
326 2475 586 2528 mortibus
607 2473 893 2544 frequenter
913 2471 992 2542 (2.
1021 2471 1139 2525 Cor.
1169 2471 1253 2524 11.
1286 2468 1398 2538 ‘25).
1432 2467 1564 2522 Cum
1591 2467 1729 2521 enim
1759 2467 1842 2521 di-

231 2575 417 2631 ceret,
445 2566 578 2620 Sum
605 2565 714 2628 lux,
739 2563 866 2618 Sum
884 2565 1001 2630 vita,
1024 2577 1089 2617 ex
1107 2561 1244 2615 fastu
1270 2560 1410 2630 loqui
1433 2559 1568 2629 apud
1594 2559 1843 2628 insipien-

235 2667 325 2712 tes
356 2657 682 2722 videbatur;
711 2671 829 2710 cum
861 2669 988 2710 vero
1017 2655 1223 2709 dicebat
1244 2651 1422 2718 ,Μοιδὶ
1452 2652 1574 2705 volo
1597 2692 1610 2717 ,
1640 2651 1838 2706 nullam

235 2749 346 2802 sibi
401 2748 657 2802 invidiam
704 2747 960 2816 pariebat.
1005 2744 1130 2799 ldeo
1175 2743 1260 2798 hic
1305 2758 1408 2796 non
1441 2742 1728 2807 dicuntsi,
1763 2741 1838 2795 Tu

233 2841 592 2897 testimonium
619 2839 841 2912 perhibes
863 2837 926 2896 dc
951 2838 1129 2912 teipse,
1155 2836 1485 2893 testimonium
1510 2845 1645 2888 tuum
1669 2851 1834 2889 rerum

241 2923 464 2987 nonest.
484 2934 594 2989 lloc
607 2934 765 2988 verbo
782 2949 1023 3004 magnam
1042 2932 1332 2988 exhibebat
1347 2945 1546 2994 curam,
1567 2926 1611 2984 si
1624 2926 1833 3000 quidem

241 3036 346 3090 pro
377 3023 737 3092 lapidantibus
761 3023 969 3078 volebat
989 3037 1047 3078 se
1072 3021 1299 3076 tradere.

318 3111 379 3164 2.
430 3112 717 3181 Propterea
777 3112 844 3167 de
899 3112 1144 3181 gentibus
1189 3119 1487 3180 opportune
1529 3123 1830 3165 sermonem

244 3202 486 3256 inducit.
519 3202 606 3256 16.
643 3201 835 3255 Etenim
865 3202 990 3255 alias
1018 3217 1128 3255 oves
1154 3201 1331 3267 habeo,
1375 3216 1488 3269 qua:
1511 3217 1611 3254 non
1636 3209 1751 3254 sunt
1771 3214 1834 3254 ea:

245 3292 347 3345 hoc
379 3292 500 3345 ovili
531 3307 552 3345 :
580 3301 625 3346 et
663 3291 778 3345 illas
804 3301 995 3361 oportet
1025 3307 1102 3344 me
1125 3291 1394 3344 adducere.
1425 3291 1504 3344 En
1534 3305 1715 3344 rursus
1737 3305 1832 3346 vo-

243 3395 368 3436 cem
406 3379 616 3453 Oportet
643 3381 882 3446 adhibet,
907 3396 1024 3450 qnze
1056 3395 1160 3435 non
1202 3382 1570 3436 necessitatem
1601 3380 1826 3448 indicat,

243 3471 345 3527 sed
373 3488 489 3527 rem
531 3487 750 3542 prorsus
785 3487 904 3527 esse
928 3469 1196 3536 futuram;
1236 3485 1299 3526 ac
1343 3471 1388 3526 si
1423 3471 1660 3526 diceret:
1692 3471 1828 3540 Quid

243 3561 542 3629 miramini,
572 3561 615 3616 si
643 3561 800 3615 bime
827 3560 1101 3630 sequuturi
1123 3570 1266 3627 sunt,
1298 3569 1352 3614 et
1398 3562 1443 3615 si
1489 3575 1615 3616 oves
1643 3575 1826 3615 vocem

245 3668 425 3709 meam
452 3655 560 3709 sint
583 3653 879 3709 auditura}?
918 3653 1053 3708 Cum
1081 3653 1222 3706 enim
1262 3652 1392 3706 alias
1419 3667 1504 3707 me
1546 3660 1829 3722 sequentes

249 3744 523 3811 videbitis,
552 3753 607 3799 et
633 3760 816 3801 vocem
843 3759 1013 3800 meam
1043 3744 1337 3808 audientes,
1370 3752 1495 3799 tunc
1534 3745 1702 3814 magis
1727 3745 1826 3799 ob-

247 3837 587 3903 stupeseetis.
618 3834 728 3888 Etsi
750 3849 878 3888 vero
898 3833 1060 3896 dicat,
1087 3833 1212 3897 Qua:
1231 3849 1330 3885 non
1350 3842 1465 3886 sunt
1484 3848 1546 3887 ea:
1565 3834 1658 3886 hoc
1685 3832 1823 3900 ovili,

251 3941 317 3980 ne
357 3925 606 3980 turberis.
648 3924 950 3980 Diﬂ'ercntia
989 3924 1130 3978 enim
1175 3923 1227 3976 in
1269 3923 1387 3992 lege
1429 3923 1599 3978 solum
1637 3931 1737 3987 est,
1770 3931 1828 3978 ut

247 4020 322 4073 ait
342 4019 538 4074 Paulus
572 4035 585 4072 :
611 4017 787 4088 Neque
805 4016 1114 4071 circumcisio
1134 4014 1326 4084 aliquid
1347 4015 1494 4082 valet,
1523 4030 1678 4085 neque
1697 4029 1825 4086 pra:-

251 4111 466 4178 putinm.
495 4108 560 4162 Et
589 4110 704 4163 illas
731 4117 924 4177 oportet
968 4123 1046 4160 me
1074 4106 1323 4160 adducere
1349 4106 1432 4174 (1.
1461 4105 1576 4160 Cor.
1611 4106 1662 4158 7.
1695 4105 1820 4174 19).

252 4201 494 4257 Declarat
531 4211 778 4271 utrosque
803 4200 1071 4269 dispersos
1098 4206 1152 4253 et
1180 4197 1498 4254 commixtos
1535 4211 1674 4260 esse,
1711 4197 1825 4252 sine

252 4291 572 4358 pastoribus,
599 4305 718 4344 eum
758 4289 992 4344 nondum
1034 4295 1218 4358 pastor
1253 4287 1340 4342 ille
1366 4286 1538 4340 bonus
1567 4285 1820 4340 venisset.

253 4380 451 4436 [dieinde
481 4381 709 4435 futuram
751 4381 960 4435 illorum
1002 4378 1430 4448 conjunctionem
1457 4378 1774 4448 praenuntiat
1806 4395 1820 4433 :

256 4472 314 4525 Et
340 4475 430 4527 crit
470 4490 622 4526 unum
673 4473 818 4527 ovile.
849 4471 1000 4538 Quod
1032 4471 1204 4540 ipsum
1231 4469 1428 4525 Paulus
1468 4468 1819 4539 signiﬁcavit:

254 4562 316 4616 Ut
341 4566 468 4619 duos
497 4565 680 4619 condat
715 4565 767 4617 in
799 4565 1061 4633 semetipso
1099 4563 1150 4615 in
1181 4579 1337 4616 unum
1364 4577 1544 4615 novum
1574 4562 1824 4616 hominem

253 4652 478 4723 (Ep/tes.
509 4654 563 4706 2.
594 4652 711 4726 15).
742 4655 828 4708 17.
860 4653 1134 4724 Propterea
1176 4669 1254 4706 me
1281 4653 1443 4724 diligit
1479 4651 1655 4716 Pater,
1707 4654 1824 4722 quia

252 4759 338 4812 ego
361 4746 581 4797 animant
595 4761 753 4798 meam
769 4761 919 4814 pono,
939 4755 992 4797 ut
1014 4746 1192 4798 iterum
1211 4745 1452 4815 accipiam
1473 4761 1600 4798 eam.
1618 4744 1823 4814 Ecquid

255 4832 350 4889 hoc
382 4837 542 4891 verbo
587 4836 879 4890 humilius?
911 4836 1176 4906 siquidem
1201 4847 1419 4908 promer
1447 4853 1545 4892 nos
1569 4839 1823 4892 Dominus

254 4927 506 4980 amandus
527 4935 629 4991 est,
662 4928 910 4996 quoniam
935 4943 1030 4997 pro
1058 4928 1212 4982 nobis
1233 4928 1474 4982 moritur.
1507 4928 1641 4996 Quid
1672 4943 1819 4998 ergo,

254 5015 334 5072 dic
364 5019 533 5072 mihi?
567 5036 632 5073 an
661 5021 920 5088 superiori
952 5031 1190 5090 tempore
1220 5037 1323 5077 non
1351 5022 1686 5092 diligebatur,
1727 5021 1821 5075 sed

255 5121 390 5162 nunc
435 5109 658 5179 diligere
702 5111 896 5178 incepit
925 5111 1100 5176 Pater,
1127 5121 1180 5164 et
1199 5127 1295 5166 nos
1338 5111 1389 5165 in
1421 5126 1579 5166 causa
1626 5110 1822 5164 amoris

255 5196 346 5262 ipsi
372 5198 607 5253 fuimus?
635 5199 818 5254 Vidcn'
845 5211 1099 5269 quantum
1127 5212 1324 5257 nostrae
1369 5217 1427 5256 se
1453 5198 1823 5256 accommodet

257 5287 579 5343 inﬁrmitati?
616 5290 750 5356 Quid
797 5291 881 5344 hic
909 5307 1035 5362 ergo
1071 5293 1180 5345 vult
1207 5292 1461 5361 probare?
1513 5293 1646 5346 Cum
1689 5292 1820 5345 alie-

257 5394 373 5434 num
401 5381 547 5436 illum
573 5397 603 5434 a
629 5382 784 5435 Patre
819 5392 870 5436 et
896 5382 1236 5450 decoptorem
1257 5382 1514 5444 dicerent,
1547 5382 1823 5450 ipsumque

259 5467 304 5520 in
328 5479 529 5538 pestem
558 5486 619 5524 ac
648 5470 938 5540 perniciem
973 5471 1206 5535 venisse,
1239 5471 1370 5523 dicit
1410 5470 1498 5524 ille
1544 5489 1556 5524 :
1608 5469 1663 5522 Si
1720 5485 1820 5521 rion

255 5558 411 5626 aliud,
443 5559 573 5614 illud
601 5561 792 5613 saltem
821 5574 904 5613 me
931 5559 998 5612 ad
1021 5575 1114 5612 vos
1145 5559 1405 5614 amandos
1429 5560 1653 5623 induxit,
1683 5558 1822 5625 quod

259 5637 373 5717 vos,
401 5661 452 5701 ut
484 5659 537 5705 et
563 5663 684 5719 ego,
719 5663 748 5701 a
777 5647 931 5702 Patre
958 5647 1230 5714 amemini,
1249 5659 1302 5702 et
1331 5648 1446 5703 ideo
1476 5649 1542 5701 ab
1564 5648 1653 5700 illo
1678 5662 1821 5701 alltc-

1350 263 1413 320 ΙΝ
1450 263 1756 321 JOANNEM
1797 263 2018 320 “Olim.
2063 263 2176 320 LX.
2217 268 2284 321 al.
2327 267 2453 326 LIX.

3450 295 3565 348 550

1980 375 2129 442 mini,
2156 377 2278 445 quia
2305 392 2404 446 ego
2427 394 2522 448 pro
2553 381 2701 436 vobis
2726 386 2942 440 morior.
2982 388 3251 446 Praeterea
3279 395 3411 450 illud
3438 401 3557 454 vult

1973 463 2362 532 demonstrare,
2384 480 2442 521 se
2470 482 2574 523 non
2603 472 2823 526 invitum
2854 485 3077 544 mortem
3107 479 3290 546 adire;
3321 484 3342 552 (
3359 499 3482 538 nam
3513 489 3558 541 si

1973 554 2166 608 invitus
2192 566 2510 622 moreretur,
2539 562 2804 628 quomodo
2827 563 2876 617 id
2904 567 3098 622 amoris
3128 571 3398 627 vinculum
3426 575 3557 628 fuis-

1970 646 2083 716 set)
2104 647 2127 699 ?
2147 658 2200 700 et
2233 649 2374 716 quod
2399 664 2460 703 ea
2503 653 2732 707 maxime
2758 654 2827 707 sit
2855 653 3029 711 Patris
3072 660 3334 715 voluntas.
3363 662 3417 717 Si
3458 679 3554 718 au-

1971 744 2075 791 tem
2099 737 2328 793 uthomo
2357 739 2456 794 hoc
2481 741 2745 811 loquatur,
2777 759 2843 798 ne
2869 746 3076 800 mireris
3106 766 3119 802 :
3150 765 3292 820 saepe
3323 765 3551 824 namque

1971 827 2124 896 hujus
2147 829 2224 884 rei
2271 845 2482 884 causam
2512 832 2742 888 diximus
2767 873 2779 897 ,
2809 835 3240 907 superﬂuumque
3268 851 3322 894 et
3350 857 3548 898 onero-

1967 933 2084 973 sum
2109 930 2251 976 esset
2275 922 2326 976 id
2351 932 2613 992 repetere.
2644 924 2757 995 Ego
2781 943 2912 995 pono
2932 929 3152 982 animam
3173 947 3353 999 meam,
3375 945 3428 987 ut
3453 935 3549 990 ite-

1965 1027 2078 1063 rum
2123 1029 2319 1066 sumam
2366 1030 2473 1067 eam
2502 1029 2522 1068 :
2544 1016 2629 1070 18.
2660 1026 2709 1069 et
2735 1033 2881 1071 nemo
2927 1019 3058 1072 tollit
3095 1035 3204 1075 eam
3226 1037 3258 1075 a
3285 1039 3381 1078 me.
3429 1024 3542 1098 Ego

1966 1117 2097 1171 pono
2119 1119 2226 1156 eam
2252 1120 2283 1157 a
2312 1106 2522 1175 meipso.
2562 1106 2860 1162 Potestatem
2892 1109 3049 1164 habeo
3075 1115 3296 1182 ponendi
3319 1117 3541 1172 aninmm

1965 1207 2143 1259 meam,
2169 1204 2212 1247 et
2235 1204 2526 1263 potestatem
2571 1197 2728 1252 habeo
2757 1201 2984 1253 sumendi
3031 1217 3172 1256 eam.
3220 1205 3351 1272 Quia
3393 1209 3535 1264 enim

1964 1297 2104 1354 smpe
2133 1287 2414 1342 consilium
2447 1288 2677 1344 inierant
2703 1301 2758 1344 ut
2785 1291 2932 1344 illum
2960 1293 3340 1362 interﬁcerent,
3372 1299 3535 1357 dicit:

1961 1375 2044 1432 ille
2092 1377 2345 1444 nolente,
2397 1381 2598 1435 inutilis
2648 1383 2798 1436 labor
2848 1394 3024 1439 vester
3073 1387 3342 1453 erit;eta
3374 1392 3535 1460 priori

1961 1467 2249 1521 secundum
2277 1469 2588 1536 continuat,
2619 1487 2648 1525 a
2678 1481 2849 1528 morte
2905 1478 3369 1533 resurrectionem.
3425 1482 3535 1537 lloc

1958 1558 2103 1612 enim
2127 1561 2444 1628 stupendum
2474 1562 2946 1635 admirandamque
2975 1577 3074 1621 est.
3099 1569 3304 1624 Etenim
3324 1582 3498 1627 utrum
3516 1603 3535 1615 -

1958 1663 2064 1717 que
2111 1664 2307 1704 novum
2338 1651 2428 1706 fuit
2457 1661 2513 1707 et
2555 1663 2750 1722 przeter
2798 1669 3134 1712 communem
3189 1666 3534 1720 consuetudi-

1957 1751 2078 1791 nem
2096 1781 2100 1785 .

2026 1828 2254 1885 Christus
2285 1835 2534 1900 quomodo
2576 1845 2863 1903 potestate»:
2896 1837 3040 1892 habet
3068 1842 3287 1907 ponendi
3324 1855 3368 1897 et
3393 1863 3535 1900 resu-

1954 1921 2121 1974 mendi
2146 1922 2383 1977 animant.
2401 1953 2473 1964 —-
2491 1925 2638 1979 Dicto
2671 1925 2829 1996 igitur
2854 1928 3137 1998 diligenter
3174 1935 3528 1992 attendamus.

1954 2009 2260 2065 Potestatem
2289 2014 2464 2080 habeo,
2503 2016 2690 2085 inquit,
2733 2021 2951 2086 ponendi
2976 2021 3196 2074 animam
3219 2040 3398 2080 meam.
3426 2029 3529 2084 lic-

1952 2102 2070 2168 quis
2098 2111 2411 2170 potestatem
2440 2121 2544 2158 non
2589 2107 2776 2161 habeat
2803 2110 3030 2177 ponendi
3059 2113 3287 2168 animam
3334 2130 3480 2170 suam
3504 2120 3529 2172 ?

1951 2193 2184 2262 Quisque
2218 2195 2357 2248 enim
2387 2207 2559 2265 potest
2592 2213 2649 2250 se
2689 2200 3010 2255 interimere.
3047 2201 3242 2257 Verum
3289 2221 3392 2260 non
3424 2207 3526 2264 hoc

1950 2297 2108 2336 sensu
2135 2283 2379 2352 loquitur.
2412 2286 2688 2352 Quomodo
2720 2291 2887 2359 ergo?
2917 2293 2988 2344 ita
3020 2303 3331 2362 potestatem
3357 2297 3526 2355 habeo

1952 2374 2175 2440 ponendi
2231 2389 2346 2429 eam
2375 2417 2388 2443 ,
2425 2387 2479 2430 ut
2510 2394 2669 2434 nemo
2696 2384 2863 2449 possit
2893 2399 2976 2438 me
3007 2385 3219 2442 nolente
3249 2389 3298 2442 id
3326 2388 3520 2446 facere.

1948 2462 2111 2518 Secus
2153 2474 2326 2520 autem
2372 2469 2550 2522 cancri
2598 2469 2859 2526 homines.
2887 2473 2995 2530 Nos
3022 2477 3163 2530 enim
3209 2489 3522 2547 potestatem

1947 2569 2050 2607 non
2098 2556 2351 2612 habemus
2387 2559 2617 2614 animum
2655 2563 2918 2630 ponendi,
2962 2565 3064 2620 nisi
3095 2568 3389 2626 occidendo
3418 2587 3521 2627 nos

1944 2645 2110 2713 ipsos.
2143 2645 2200 2702 Si
2228 2657 2405 2703 autem
2442 2651 2494 2704 in
2546 2651 2883 2708 insidiatores
2911 2655 3228 2722 incidamus,
3255 2661 3343 2728 qui
3377 2653 3521 2716 occi-

1941 2734 2068 2789 dere
2096 2738 2316 2810 possint,
2344 2754 2447 2798 non
2481 2741 2616 2800 ultra
2651 2752 2965 2816 potestatem
2989 2745 3514 2826 habemusponcndi,

1943 2841 2142 2895 uccne;
2171 2833 2264 2887 sed
2308 2835 2485 2888 invitis
2525 2837 2679 2891 nobis
2706 2839 2781 2892 illi
2809 2840 3074 2895 occidunt.
3108 2842 3163 2898 In
3193 2844 3406 2903 Christo
3431 2865 3517 2906 se-

1940 2937 2032 2974 cus
2064 2940 2078 2976 :
2111 2940 2230 2978 nam
2258 2926 2374 2979 aliis
2405 2928 2792 2997 insidiantibus,
2827 2941 3032 3000 poterat
3062 2935 3150 2991 ille
3183 2953 3286 2992 non
3317 2957 3516 3009 ponere

1936 3012 2187 3066 animam.
2218 3013 2347 3067 Cum
2391 3015 2617 3071 dixisset
2651 3033 2796 3087 ergo,
2828 3018 2994 3076 Nemo
3024 3024 3154 3077 tollit
3201 3043 3311 3080 eam
3339 3045 3370 3081 a
3397 3047 3512 3098 me;

1935 3100 2157 3167 addidit,
2187 3100 2496 3156 Potestatem
2521 3105 2677 3159 habeo
2716 3109 2935 3174 ponendi
2974 3111 3193 3164 animam
3232 3131 3428 3182 meam;
3460 3120 3510 3173 id

1935 3198 2034 3252 est,
2069 3190 2178 3260 Ego
2207 3193 2354 3245 solus
2375 3207 2587 3262 possum
2618 3209 2815 3263 ponere
2837 3197 2978 3251 illam
3011 3215 3023 3251 :
3057 3201 3196 3268 quod
3227 3205 3374 3259 vobis
3405 3223 3509 3262 non

1934 3281 2206 3350 competit.
2233 3280 2365 3336 Nam
2389 3283 2535 3337 multi
2563 3284 2650 3338 alii
2681 3297 2902 3354 possunt
2927 3291 3157 3344 animam
3188 3293 3341 3348 nobis
3369 3296 3511 3351 abri~

1934 3387 2079 3440 pere.
2104 3371 2208 3428 Sed
2241 3373 2339 3428 hoc
2379 3374 2432 3428 in
2476 3375 2735 3445 principio
2765 3391 2870 3431 non
2894 3378 3059 3446 dixit;
3089 3396 3260 3454 neque
3285 3388 3426 3440 enim
3456 3389 3508 3444 id

1932 3463 2191 3518 creditum
2221 3465 2428 3530 fuisset,
2456 3467 2550 3521 sed
2578 3482 2697 3522 cum
2724 3484 2788 3523 ex
2812 3470 2972 3525 rebus
3000 3472 3125 3542 ipsis
3147 3476 3507 3536 testimonium

1931 3556 2152 3625 accepit,
2177 3571 2239 3611 ac
2263 3571 2404 3626 serpe
2425 3559 2734 3615 insidiantes
2755 3575 2857 3614 non
2886 3570 3170 3629 potuerunt
3205 3580 3326 3621 eum
3356 3581 3508 3624 casn-

1933 3645 2259 3715 prehendere
2281 3647 2616 3717 (lrequenter
2639 3649 2782 3704 enim
2805 3665 2867 3703 ex
2897 3653 3139 3707 manibus
3175 3671 3359 3711 eorum
3398 3659 3510 3714 ela-

1931 3751 2058 3805 psus
2086 3739 2202 3808 est)
2227 3777 2244 3804 ,
2289 3746 2412 3793 tunc
2451 3739 2664 3794 demum
2693 3742 2765 3794 ait
2797 3759 2811 3795 :
2843 3739 3006 3797 Nemo
3053 3743 3183 3797 tollit
3210 3761 3320 3800 eam
3347 3764 3378 3802 a
3407 3767 3505 3805 me.

1929 3825 1984 3881 Si
2015 3827 2114 3881 hoc
2135 3842 2315 3882 verum
2351 3837 2453 3896 est,
2485 3829 2608 3883 hinc
2635 3830 2874 3900 sequitur
2900 3847 3020 3885 eum
3054 3833 3282 3889 libenter
3311 3835 3376 3891 ad
3406 3837 3509 3895 hoc

1930 3918 2172 3982 venisse;
2205 3918 2434 3988 indeque
2462 3921 2824 3981 conﬁrmatur,
2879 3921 3026 3976 illum
3066 3936 3221 3990 posse
3257 3939 3376 3980 cmn
3406 3942 3506 3982 vo-

1930 4007 2086 4062 luerit
2110 4023 2228 4062 eam
2267 4023 2558 4064 resumere.
2585 4008 2717 4063 Nam
2744 4009 2788 4062 si
2816 4011 2884 4062 ita
2910 4011 3042 4064 mori
3074 4012 3188 4078 plus
3216 4029 3373 4082 quam
3401 4015 3503 4070 liu-

1929 4112 2142 4153 manum
2163 4108 2264 4165 est,
2297 4099 2363 4153 de
2384 4100 2586 4169 reliquo
2613 4115 2679 4154 ne
2704 4098 2929 4154 dubites.
2968 4100 3177 4156 Etenim
3206 4119 3325 4158 cum
3347 4105 3496 4162 solus

1928 4193 1998 4244 sit
2017 4190 2176 4244 vitam
2199 4190 2425 4258 ponendi
2447 4191 2713 4257 dominus,
2732 4206 2850 4245 cum
2873 4191 3058 4248 eadem
3077 4204 3338 4264 potestate
3357 4199 3498 4256 illam

1929 4295 2047 4335 cum
2079 4280 2302 4335 voluerit
2349 4289 2605 4335 resumet.
2640 4281 2821 4336 Vidcn’
2850 4283 3119 4350 quomodo
3147 4301 3176 4340 a
3220 4286 3380 4356 priori
3411 4303 3500 4344 se-

1927 4372 2155 4427 cundum
2185 4373 2389 4442 probet,
2432 4381 2486 4427 et
2513 4387 2542 4425 a
2570 4380 2740 4426 morte
2756 4375 3197 4429 resurrectionem
3241 4376 3500 4433 indubita.

1929 4476 2036 4521 tam
2062 4466 2341 4520 ostendat?
2396 4464 2506 4519 Hoc
2531 4474 2830 4536 prwceptum
2856 4466 3026 4535 accepi
3056 4483 3087 4519 a
3124 4467 3278 4522 Patre
3302 4469 3319 4538 (
3340 4468 3496 4524 Jonn.

1930 4559 2016 4615 η.
2049 4558 2116 4612 49
2141 4560 2178 4626 ).
2205 4556 2524 4624 Quodnam?
2550 4556 2619 4612 Ut
2643 4556 2838 4610 moriar
2869 4572 2965 4627 pro
2991 4558 3208 4614 mundo.
3237 4558 3373 4614 Num
3400 4576 3498 4614 ex-

1927 4653 2185 4720 Spcctavit
2209 4649 2374 4703 donec
2393 4649 2631 4714 audiret,
2658 4657 2709 4703 et
2736 4657 2858 4703 tunc
2883 4650 3170 4719 acquievit,
3198 4661 3251 4705 et
3274 4666 3342 4704 an
3363 4665 3501 4720 Opus

1928 4739 2107 4794 habuit
2144 4739 2386 4793 discere?
2417 4739 2610 4807 Ecquis
2637 4754 2798 4793 sanus
2828 4739 2926 4794 hoc
2953 4739 3182 4794 dixerit?
3214 4740 3407 4795 Verum
3439 4751 3503 4796 ut

1927 4845 2086 4899 supra
2116 4845 2233 4883 cum
2265 4829 2422 4893 dicit,
2460 4829 2730 4900 Propterea
2755 4847 2833 4885 me
2860 4831 3012 4885 Pater
3056 4832 3239 4902 diligit,
3273 4832 3496 4888 liberam

1927 4919 2158 4976 ostendit
2195 4921 2536 4986 Voluntatcm,
2571 4933 2621 4976 rt
2646 4924 2963 4977 contrariam
2993 4925 3192 4976 amovit.
3235 4926 3496 4994 suspicio-

1929 5028 2048 5069 nem
2083 5029 2095 5066 :
2129 5029 2205 5067 suc
2244 5023 2297 5067 et
2327 5013 2426 5067 hoc
2452 5015 2567 5068 loco
2589 5029 2708 5067 cum
2738 5013 2864 5068 dicit
2900 5029 2959 5069 se
2986 5026 3310 5085 praeceptum
3340 5033 3500 5071 arce~

1928 5104 2113 5172 pissea
2142 5104 2318 5170 Patre,
2341 5105 2470 5159 nihil
2495 5105 2636 5159 aliud
2659 5105 2914 5170 declarat,
2943 5120 3098 5174 quam
3129 5107 3267 5160 Patri
3293 5107 3502 5175 placere

1928 5193 2066 5262 quod
2094 5194 2203 5262 ipse
2227 5195 2381 5260 facit;
2411 5210 2476 5249 ne
2507 5195 2736 5249 occisum
2769 5205 2947 5262 postea
2976 5195 3144 5260 illum,
3173 5210 3202 5248 a
3233 5196 3388 5249 Patre
3413 5213 3501 5264 pu-

1930 5293 2100 5339 tarent
2131 5285 2443 5340 derelictum
2474 5295 2525 5339 et
2549 5285 2835 5354 proditum,
2866 5300 2964 5339 nec
2991 5287 3414 5356 exprobrarent,
3452 5299 3503 5343 nt

1929 5390 2111 5430 revera
2173 5375 2559 5442 exprobrarant
2588 5393 2600 5428 :
2628 5376 2764 5428 Alios
2791 5377 2955 5429 salvos
2977 5379 3092 5446 fecit
3116 5419 3130 5444 ,
3159 5379 3381 5446 seipsum
3407 5393 3507 5431 non

1931 5475 2087 5534 potest
2109 5465 2302 5517 salvum
2333 5464 2498 5531 facere
2521 5480 2540 5527 ;
2563 5473 2634 5530 et,
2668 5465 2728 5518 Si
2756 5463 2920 5520 Filius
2954 5466 3045 5520 Dei
3081 5482 3151 5527 es,
3187 5464 3512 5518 descendrtte

1932 5573 2078 5608 cruce
2098 5555 2306 5625 (Matth.
2334 5552 2422 5606 27.
2448 5554 2532 5607 42.
2554 5565 2598 5608 et
2619 5556 2727 5626 10).
2753 5559 2906 5626 Atqui
2936 5559 3055 5614 ideo
3079 5573 3183 5614 non
3207 5555 3506 5615 descendit.

1933 5662 1968 5716 ι]
1993 5669 2001 5697 ι
2027 5665 2052 5700 :t
2086 5647 2248 5699 Flililb
2275 5643 2364 5697 θεῖ
2394 5658 2494 5698 est.
