4094 6204
502 198 599 259 331

579 310 633 363 5.
670 304 867 360 Dei-ide
917 318 983 358 ne
1027 300 1267 363 audiens,
1301 298 1618 366 Prwceptum
1647 293 1816 361 accepi
1848 310 1877 345 a
1911 289 2089 353 Patre,

512 401 749 453 alienum
793 395 860 448 ab
902 409 968 448 eo
1014 392 1117 447 hoc
1156 406 1289 460 opus
1336 402 1455 442 esse
1506 396 1741 456 putares,
1793 383 1901 451 jam
1952 382 2099 448 prius

512 495 741 556 dixerat,
773 487 947 541 Bonus
974 494 1145 556 pastor
1176 482 1399 535 animant
1424 494 1566 532 suam
1614 479 1752 545 ponit
1779 490 1872 544 pro
1902 472 2094 533 ovibus,

515 584 598 637 his
626 580 918 637 ostendens
944 593 1072 632 oves
1099 591 1222 632 esse
1244 590 1388 637 suas,
1435 580 1489 627 et
1533 584 1668 640 Opus
1695 577 1900 637 gestum
1933 574 2098 618 totum

516 689 637 729 esse
665 688 842 736 suum,
877 683 976 724 nec
1021 683 1081 723 se
1131 680 1288 737 egere
1348 670 1634 732 prircepto.
1678 658 1807 711 Nam
1864 655 1908 709 si
1967 670 2101 723 pric-

515 773 671 833 cepto
723 778 859 833 opus
910 760 1202 824 habuisset,
1246 772 1341 811 cur
1396 754 1637 815 dixisset,
1697 749 1739 801 A
1785 748 1973 816 meipso
2002 762 2097 814 po-

519 858 627 911 no?
669 855 799 910 Nam
846 853 934 923 qui
978 868 1009 905 a
1058 851 1236 919 scipso
1266 847 1436 918 ponit,
1492 859 1596 897 non
1642 849 1764 910 eget
1813 846 2099 909 priecepto.
2148 864 2153 869 ~

515 948 743 1002 Causam
816 957 1029 1014 quoque
1098 940 1248 995 addit
1309 953 1406 994 cur
1462 935 1564 990 hoc
1612 932 1789 988 faciat.
1845 932 2100 998 Quaenam

517 1039 648 1093 illa?
672 1036 822 1105 Quod
871 1044 1053 1106 pastor
1090 1034 1179 1099 sit,
1225 1040 1280 1087 et
1324 1030 1494 1085 bonus
1525 1037 1721 1098 pastor.
1768 1025 1945 1079 Bonus
1974 1036 2105 1078 vero

518 1139 698 1199 pastor
725 1143 828 1183 non
869 1136 991 1196 eget
1033 1125 1137 1179 alio
1180 1122 1269 1194 qui
1309 1122 1374 1177 ad
1420 1135 1532 1174 rem
1576 1119 1719 1173 illam
1753 1132 1811 1171 se
1840 1115 2099 1169 hortetur.

514 1219 665 1287 Quod
705 1218 750 1272 si
799 1215 849 1271 id
881 1217 933 1271 in
964 1215 1287 1279 hominibus,
1335 1211 1502 1266 multo
1537 1209 1705 1278 magis
1733 1207 1785 1261 in
1817 1207 1945 1262 Deo.
1980 1205 2104 1260 Ideo

518 1308 711 1361 Paulus
730 1307 959 1370 dicebat,
989 1305 1326 1375 Semetipsum
1359 1302 1635 1357 exinanicit
1664 1299 1682 1371 (
1707 1298 1902 1368 Philip.
1929 1295 1984 1351 2.
2010 1296 2042 1350 Ἰ
2062 1296 2101 1366 ).

520 1401 659 1457 Nihil
691 1415 818 1471 ergo
847 1398 988 1454 aliud
1023 1399 1110 1452 hic
1135 1397 1235 1452 sibi
1274 1396 1387 1450 vult
1417 1401 1760 1464 prmceptum,
1790 1406 1949 1461 quam
1976 1403 2106 1444 con-

516 1492 754 1547 cordiam
777 1505 898 1543 cum
923 1488 1079 1543 Patre
1099 1485 1403 1542 ostendere.
1428 1483 1579 1553 Quod
1602 1484 1646 1537 si
1677 1492 1850 1537 tamen
1872 1479 2107 1535 humano

524 1591 580 1636 et
601 1579 789 1635 humili
816 1594 965 1633 more
993 1578 1191 1632 dictum
1222 1574 1309 1639 sit,
1346 1574 1397 1629 id
1423 1573 1728 1627 auditorum
1756 1568 2103 1625 imbecillitati

525 1671 887 1729 tribuendum.
940 1668 1026 1724 19.
1084 1668 1341 1722 Dissensio
1387 1668 1554 1735 itaque
1578 1665 1714 1733 facta
1741 1672 1814 1717 est
1841 1663 1971 1716 inter
2003 1659 2106 1713 Ju-

523 1766 681 1820 dteos.
710 1763 801 1817 ‘10.
844 1760 1088 1815 Dicebant
1112 1760 1223 1825 alii,
1270 1757 1588 1811 Dwnionium
1618 1755 1763 1808 habet
1805 1763 1855 1808 et
1896 1753 2105 1807 insanit.

527 1858 665 1923 Quid
693 1872 804 1911 eum
852 1852 1081 1907 auditis?
1105 1852 1193 1906 21.
1237 1850 1341 1904 Alii
1367 1848 1597 1903 dicebant
1622 1863 1640 1900 :
1681 1845 1807 1900 Han:
1833 1844 1981 1899 verba
2009 1860 2109 1897 non

522 1958 639 2002 sunt
678 1945 982 2000 dwmonium
1013 1942 1260 1996 habentis.
1310 1938 1574 2009 Numquid
1610 1937 1911 1991 dwmonium
1951 1944 2112 2005 potest

522 2054 768 2093 (iecorum
812 2035 982 2089 oculos
1019 2032 1253 2103 aperire?
1297 2030 1427 2085 Cum
1478 2029 1616 2083 enim
1664 2027 1783 2097 plus
1822 2040 1977 2097 quam
2010 2024 2112 2077 hu-

526 2146 679 2184 mana
712 2135 890 2182 essent
938 2141 1055 2195 quae
1085 2124 1417 2186 dicebantur,
1448 2130 1500 2176 et
1544 2128 1738 2191 praeter
1775 2131 2113 2174 communem

526 2219 985 2280 consuetudinem,
1014 2215 1398 2269 dmmoniacum
1428 2213 1576 2266 illum
1600 2212 1867 2275 dicebant,
1899 2210 2115 2279 jamque

527 2321 716 2379 quater
737 2305 813 2379 (a)
845 2308 922 2361 sic
955 2307 1099 2361 illum
1135 2314 1409 2359 vocarunt.
1452 2303 1581 2357 Nam
1626 2311 1783 2357 antea
1821 2302 2111 2357 dicebant:

532 2400 853 2456 Dmnonium
870 2399 1043 2452 habes:
1063 2398 1173 2466 quis
1200 2408 1246 2450 te
1265 2397 1443 2466 queerit
1464 2394 1779 2463 interﬁcere?
1798 2410 1861 2450 ac
1881 2409 2114 2460 rursum,

532 2493 719 2547 Nonne
764 2491 885 2544 bene
932 2489 1151 2542 diximus
1198 2488 1316 2558 quia
1360 2485 1715 2541 Samaritanus
1760 2501 1810 2539 es
1836 2493 1910 2546 tu,
1943 2494 1989 2537 et
2014 2483 2119 2536 da:-

533 2585 752 2639 monium
794 2580 985 2635 habes?
1015 2588 1070 2635 et
1100 2578 1204 2641 hic,
1255 2576 1574 2631 Daunoniuut
1620 2574 1765 2628 habet
1800 2586 1849 2629 et
1893 2574 2119 2636 insanit;

533 2674 655 2743 quid
700 2688 816 2726 eunt
867 2668 1054 2724 auditis
1104 2667 1297 2739 (Joan.
1325 2668 1378 2722 7.
1406 2665 1495 2721 ‘20.
1524 2675 1571 2719 et
1599 2665 1651 2720 8.
1676 2664 1816 2734 48)?
1860 2662 1973 2718 lmo
2013 2678 2118 2717 non

534 2773 746 2831 quater,
776 2760 869 2814 sed
917 2759 1115 2827 szrpius
1146 2756 1195 2812 id
1240 2757 1389 2810 illum
1422 2754 1694 2809 audivisse
1731 2761 1961 2808 constat.
1987 2751 2119 2807 Nam

535 2852 674 2923 quod
702 2853 906 2916 dicunt,
960 2849 1146 2903 Nonne
1169 2848 1289 2902 bene
1311 2847 1531 2901 diximus
1556 2845 1674 2916 quia
1698 2844 2002 2898 dannonium
2032 2844 2124 2896 lia-

537 2944 655 2999 bes!
682 2959 789 2998 non
833 2941 916 2997 bis
962 2941 1047 2996 vel
1096 2951 1193 3003 ter,
1227 2939 1319 2994 sed
1356 2938 1552 3008 saepius
1579 2936 1706 2991 illud
1735 2936 1934 2991 dictum
1962 2936 2125 2991 fuisse

535 3036 874 3091 confirmant.
908 3031 1009 3085 Alii
1035 3031 1287 3095 dicebant,
1318 3029 1507 3098 inquit,
1541 3026 1669 3081 Herc
1696 3025 1847 3081 verba
1873 3042 1973 3080 non
2006 3033 2124 3079 sunt

536 3125 843 3181 dwmonium
871 3122 1119 3176 habentis.
1154 3118 1420 3188 Numquid
1446 3119 1752 3173 darmonium
1779 3126 1938 3187 potest
1961 3133 2125 3171 eiece-

537 3233 650 3272 rum
680 3216 853 3270 oculos
882 3213 1118 3284 aperire?
1142 3212 1276 3281 Quia
1297 3211 1439 3267 enim
1466 3226 1532 3265 cx
1559 3210 1736 3266 verbis
1753 3226 1857 3264 non
1881 3218 2127 3279 poterant

539 3307 644 3362 illis
670 3305 938 3360 silentium
972 3304 1267 3373 imponere,
1289 3318 1355 3357 ex
1376 3300 1630 3371 Operibus
1653 3300 1703 3355 id
1730 3301 2121 3356 demonstrant.

539 3398 697 3455 Certe
725 3396 884 3451 verba
916 3408 1019 3448 non
1050 3401 1175 3447 sunt
1202 3391 1534 3447 daemoniaci.
1564 3390 1717 3459 Quod
1747 3391 1791 3445 si
1816 3392 1992 3446 verbis
2020 3407 2125 3446 non

541 3486 940 3556 obtemperans,
966 3498 1125 3552 opera
1150 3481 1501 3536 revereamini
1526 3481 1704 3550 (Joan.
1731 3482 1818 3535 l0.
1842 3483 1952 3552 58).
1973 3481 2127 3550 Quod

542 3578 588 3632 si
621 3592 724 3631 non
753 3573 1088 3636 daemoniaci,
1141 3572 1235 3626 Sed
1265 3572 1381 3640 plus
1406 3586 1566 3641 quam
1611 3571 1840 3627 humana
1866 3573 1951 3627 illa
1979 3583 2124 3640 sunt,

547 3667 719 3738 palam
750 3674 832 3721 est
859 3678 888 3717 a
910 3662 1088 3718 divina
1114 3661 1344 3732 quadam
1391 3662 1585 3716 virtute
1631 3661 1914 3731 proficisci.
1946 3662 2128 3717 Viden'

547 3758 955 3832 syllogismum?
1011 3755 1163 3821 Quod
1206 3754 1348 3809 enim
1394 3768 1552 3823 supra
1606 3753 1875 3807 hominem
1926 3762 2126 3821 essent,

548 3850 673 3905 hinc
725 3846 894 3917 palam
943 3855 1059 3901 erat
1102 3844 1243 3915 quod
1285 3843 1545 3910 dicerent,
1592 3842 1908 3898 Dwmonium
1946 3845 2129 3901 habet:

546 3940 687 4012 quod
714 3953 841 3994 vero
868 3937 1192 3994 daemonium
1223 3950 1328 3992 non
1374 3935 1614 4001 haberet,
1662 3951 1727 3989 ex
1769 3936 1833 3989 iis
1862 3952 1979 4005 qua:
2009 3936 2132 3993 fecit

548 4033 951 4090 demonstravit.
985 4030 1121 4100 Quid
1147 4045 1277 4099 ergo
1302 4029 1586 4085 Christus?
1614 4028 1754 4083 Nihil
1794 4029 1860 4083 ad
1906 4029 2018 4084 lucc
2048 4044 2151 4085 re-

549 4126 780 4196 Spondit.
813 4124 966 4178 Prius
995 4123 1134 4178 enim
1166 4120 1535 4192 responderat,
1561 4119 1673 4192 Ego
1695 4121 2000 4175 dwmonium
2030 4137 2131 4175 non

550 4219 745 4282 habeo;
772 4230 912 4271 nunc
940 4230 1066 4271 vero
1092 4230 1196 4269 non
1225 4214 1371 4269 item.
1404 4214 1535 4282 Quia
1559 4214 1701 4270 enim
1729 4229 1794 4269 ex
1823 4216 1982 4270 rebus
2004 4215 2132 4285 ipsis

550 4307 1063 4364 demonstrationem
1111 4306 1544 4372 concinnaverat,
1577 4306 1790 4360 demum
1819 4307 2003 4361 tacuit.
2025 4306 2133 4362 Ne-

551 4417 654 4471 que
676 4401 818 4456 enim
852 4399 1201 4469 responsione
1222 4398 1364 4468 digni
1389 4407 1539 4452 trant
1566 4399 1598 4452 ii
1631 4398 1717 4467 qui
1746 4398 2132 4453 daemoniacum

551 4492 822 4557 dicebant,
869 4506 935 4544 ex
976 4491 1228 4560 operibus
1268 4507 1385 4560 qua:
1424 4490 1675 4544 admirari
1732 4490 2032 4560 Oportebat,
2083 4502 2137 4546 et

557 4587 721 4641 Deum
765 4584 933 4653 ipsum
960 4598 1078 4637 csse
1108 4593 1313 4651 putare.
1362 4583 1562 4652 Erquid
1607 4599 1739 4651 opus
1780 4594 1911 4647 erat,
1940 4594 1991 4637 ιιι
2017 4584 2136 4640 illos

553 4680 874 4743 confutaret,
900 4693 1016 4730 cum
1045 4676 1153 4745 jam
1183 4676 1279 4743 ipsi
1306 4676 1443 4729 inter
1468 4692 1526 4730 se
1565 4677 1871 4733 dissidirent
1895 4687 1948 4731 ct
1972 4677 2138 4749 digla-

554 4770 868 4823 diareutur?
896 4769 1015 4823 Ideo
1045 4768 1233 4823 silebat
1256 4777 1309 4821 et
1330 4767 1504 4821 omnia
1532 4784 1685 4838 (equo
1706 4771 1883 4823 animo
1914 4770 2135 4826 ferebat.

555 4859 672 4916 Non
710 4874 773 4914 ea
822 4859 993 4913 Solum
1038 4860 1105 4914 de
1147 4874 1326 4926 causa,
1372 4858 1466 4913 sed
1508 4869 1564 4913 ut
1612 4875 1708 4915 uos
1740 4861 2045 4919 institueret
2071 4865 2141 4921 ad

557 4950 1015 5006 mansuetudinem
1046 4962 1099 5006 et
1129 4952 1457 5019 patientiam.

628 5046 682 5098 4.
726 5042 973 5110 Discipuli
996 5042 1182 5096 Christi
1206 5042 1461 5111 oﬂicia.—
1476 5041 1626 5097 Hunc
1646 5043 1824 5114 itaque
1844 5042 2133 5102 imitemur.

560 5133 741 5204 Neque
771 5134 942 5188 solum
987 5133 1130 5186 enim
1159 5134 1340 5199 tacuit,
1373 5132 1465 5187 sed
1494 5134 1654 5189 etiam
1695 5136 1888 5192 iterum
1925 5146 2050 5206 stat,
2082 5150 2138 5196 et

627 5287 701 5348 (η)
722 5286 817 5351 Hic
838 5293 973 5351 notat
994 5288 1193 5351 Boisius,
1217 5302 1231 5337 :
1270 5290 1411 5351 Atqui
1432 5289 1529 5341 tria
1548 5296 1734 5342 tantum
1755 5292 1861 5344 loca
1882 5292 2140 5345 adducun-

561 5346 660 5412 tur,
683 5346 734 5412 ist
749 5346 1141 5412 [oi-telegemlupn
1155 5350 1214 5399 sit
1241 5346 1445 5407 ιρι-,Ἴως
1468 5352 1571 5403 loro
1592 5360 1638 5403 et
1660 5367 1789 5405 mox.
1816 5354 1999 5404 Verum
2025 5356 2141 5411 licet

564 5411 653 5459 tria
687 5408 787 5459 loca
811 5408 993 5479 tantum
1030 5410 1219 5479 alferat,
1240 5420 1341 5473 post
1376 5416 1575 5479 tertium
1597 5416 1717 5479 dicit
1738 5416 1833 5466 alia
1854 5408 2136 5479 supcresse.

563 5480 719 5527 quare
742 5484 857 5541 cum;
877 5476 1043 5532 quater
1065 5471 1289 5541 dixisset,
1301 5484 1410 5541 post
1429 5476 1571 5527 allata
1588 5478 1676 5527 tria
1702 5476 1803 5528 loca
1826 5471 2048 5541 quartum
2066 5484 2140 5530 sic

565 5533 891 5606 exin-essent,
938 5545 1157 5606 rigatque
1183 5533 1337 5606 ptius.
1376 5536 1522 5589 Certe
1565 5545 1735 5606 aitater
1772 5533 1953 5593 habent
1982 5545 2138 5593 οιιιιιὶα

567 5594 881 5658 uetiq-laria,
912 5602 961 5645 οι
985 5594 1057 5646 υἱ»
1082 5595 1158 5644 hic
1183 5595 1406 5648 habetur.

1245 189 1300 245 S.
1336 183 1609 243 JOANNIS
1642 177 2116 238 CllRYSOSTOMl
2157 174 2476 231 ARClllEP.
2508 174 3040 232 CONSTANTINOP.
3126 164 3139 169 ’
3684 182 3789 241 δῖε

3684 219 3789 241 ιοκὰ

2207 290 2563 358 interrogatus
2586 288 2889 359 respondet,
2919 298 2971 342 et
2993 288 3337 358 providentim
3362 306 3474 347 sua:
3500 294 3655 364 signa
3676 296 3770 352 dat
3795 310 3806 343 ῑ

2203 389 2360 448 atque
2387 380 2746 435 dacmoniaeus
2775 380 3067 450 appellatus
3094 390 3146 436 et
3176 381 3415 449 insanus,
3458 383 3527 438 ab
3572 386 3805 442 homini-

2204 471 2302 525 bus
2332 473 2423 541 qui
2454 474 2601 527 mille
2626 473 2694 527 ab
2735 488 2794 528 se
2836 472 3111 527 beneficiis
3142 473 3314 529 all‘ecti
3362 474 3595 540 fuerant,
3640 478 3807 547 idque

2205 579 2308 617 neu
2356 565 2522 619 semel
2572 574 2663 617 aut
2708 565 2808 627 bis,
2858 566 2951 619 sed
3002 565 3223 633 pluries,
3274 582 3377 620 non
3406 567 3568 624 modo
3604 586 3667 626 se
3698 588 3808 629 non

2208 655 2349 710 ultus
2378 664 2481 719 est,
2509 655 2603 710 sed
2647 656 2807 709 etiam
2858 656 3113 711 beneﬁcia
3144 656 3452 712 conferendi
3498 659 3664 716 finem
3697 681 3801 721 non

2205 746 2351 801 fecit.
2399 747 2599 817 Ecquid
2640 748 2761 800 dico
2815 746 3073 802 beneﬁcia
3124 748 3483 805 conferendi?
3516 752 3625 808 Pro
3674 757 3801 825 ipsis

2206 840 2438 893 animam
2468 839 2637 907 ponit,
2663 848 2715 892 et
2738 838 3022 901 cruciﬁxus
3051 854 3146 908 pro
3171 840 3298 909 ipsis
3325 842 3541 897 Patrem
3565 844 3801 918 alloqui-

2208 941 2311 985 tur.
2346 931 2467 985 Ilaec
2495 939 2549 986 et
2574 946 2670 985 nos
2694 931 2981 985 imitemur.
3014 931 3125 986 Hoc
3153 932 3296 986 enim
3328 941 3409 988 est
3445 933 3651 992 Christi
3679 953 3800 995 esse

2206 1024 2547 1093 discipulum,
2580 1025 2623 1078 si
2648 1024 2907 1078 mansueti
2937 1023 3107 1078 simus
3130 1031 3184 1078 ct
3229 1026 3403 1080 mites.
3436 1024 3595 1082 Unde
3619 1038 3799 1086 autem

2206 1115 2273 1170 ad
2324 1114 2461 1169 hanc
2503 1115 2876 1185 perveniemus
2921 1115 3423 1170 mansuetudinem?
3471 1115 3531 1172 Si
3581 1128 3797 1186 peccata

2210 1216 2389 1260 nostra
2424 1206 2733 1275 frequenter
2768 1207 3080 1275 cegitemus,
3111 1206 3156 1259 si
3190 1205 3489 1275 lugeamus,
3536 1208 3582 1262 si
3632 1209 3799 1281 laery-

2209 1311 2436 1350 memur.
2466 1297 2656 1350 Anima
2687 1295 2884 1366 quippe
2914 1294 2965 1349 in
2993 1294 3180 1351 dolore
3205 1294 3512 1366 huiusmodi
3550 1312 3793 1365 versans,

2210 1405 2317 1444 ιιοη
2346 1388 2666 1459 indignatur.
2698 1388 2799 1445 Ubi
2844 1403 3073 1457 namque
3111 1388 3286 1445 luctus
3323 1397 3426 1457 est,
3458 1391 3528 1447 ibi
3572 1391 3648 1446 ira
3680 1408 3796 1449 esse

2210 1480 2428 1550 nequit;
2456 1479 2544 1534 ubi
2572 1479 2747 1545 dolor,
2781 1478 2848 1533 ibi
2879 1479 3149 1533 iracundia
3177 1479 3516 1546 eliminatur;
3541 1481 3635 1536 ubi
3664 1498 3795 1539 eou-

2211 1570 2357 1625 tritio
2381 1569 2566 1633 animi,
2610 1570 2749 1623 nulla
2774 1569 2843 1623 ibi
2894 1569 3204 1639 indignatio.
3237 1570 3407 1626 Luctu
3435 1572 3662 1629 all'ectus
3684 1574 3795 1629 ani-

2211 1677 2330 1717 mus
2380 1677 2487 1716 non
2530 1662 2759 1731 Spatium
2804 1662 3059 1732 temporis
3086 1662 3246 1718 habet
3284 1673 3339 1719 ut
3374 1666 3672 1732 excitetur;
3704 1668 3793 1723 sed

2212 1755 2405 1811 acerbe
2449 1755 2779 1825 iugemiscet,
2828 1756 3061 1810 amarius
3099 1754 3266 1811 ﬂebit.
3298 1756 3420 1813 Seio
3456 1758 3656 1815 multos
3688 1760 3795 1815 hzcc

2213 1845 2496 1901 audientes
2525 1846 2733 1927 ridere;
2776 1854 2831 1900 at
2858 1861 2958 1915 ego
3001 1862 3107 1902 non
3138 1847 3295 1903 linem
3340 1850 3528 1904 faciam
3558 1851 3678 1907 illos
3704 1852 3793 1908 de-

2215 1937 2453 2007 plorandi
2482 1938 2571 2008 qui
2600 1938 2795 1994 rident.
2816 1938 3012 1993 Luctus
3038 1940 3178 1993 enim
3204 1949 3287 1995 est
3312 1956 3545 2011 pncscns
3568 1953 3795 2015 tempus,

2215 2029 2464 2098 planctus
2489 2039 2542 2083 et
2565 2029 2875 2099 gemituum.
2910 2028 3067 2083 Multa
3091 2030 3288 2101 quippe
3312 2040 3368 2086 et
3394 2033 3445 2086 in
3468 2034 3641 2089 verbis
3670 2035 3799 2090 etin

2216 2118 2376 2173 rebus
2416 2132 2720 2188 peccamus.
2762 2118 2906 2174 Talia
2956 2135 3082 2174 vero
3131 2132 3499 2192 perpetrantes
3530 2125 3799 2195 excipient

2218 2209 2481 2280 gehenna,
2526 2209 2717 2265 ﬂuvius
2744 2211 2937 2265 ardens
2974 2211 3129 2281 igneo
3165 2211 3340 2279 alveo,
3374 2214 3521 2284 regni
3547 2216 3797 2271 caelorum

2218 2299 2435 2354 amissio
2460 2342 2474 2368 ,
2516 2300 2656 2371 quod
2696 2311 2773 2357 cst
2814 2302 3049 2356 omnium
3090 2303 3482 2372 gravissimum.
3504 2306 3628 2363 Post
3667 2309 3797 2363 hanc

2221 2390 2691 2447 comminationem
2718 2434 2732 2458 ,
2792 2392 2879 2447 die
2935 2393 3101 2459 mihi,
3146 2394 3324 2461 rides,
3381 2397 3434 2451 in
3472 2398 3680 2454 deliciis
3720 2402 3795 2453 vi-

2223 2480 2342 2534 vis?
2378 2496 2441 2536 ac
2481 2483 2706 2539 Domino
2744 2492 2835 2538 tuo
2874 2484 3010 2538 irato
3048 2494 3102 2540 ct
3137 2487 3511 2553 comminante,
3553 2489 3607 2543 in
3650 2491 3801 2560 lapsu

2224 2581 2429 2643 perstas
2453 2616 2467 2638 ,
2515 2589 2612 2629 nec
2652 2576 2806 2630 times
2848 2591 2913 2631 ne
2954 2575 3044 2630 tibi
3084 2577 3159 2631 sic
3192 2576 3466 2633 ardentem
3521 2576 3798 2636 fornacem

2222 2666 2544 2736 compares?
2582 2665 2696 2720 Non
2749 2666 2900 2722 audis
2950 2666 3079 2738 quid
3115 2667 3348 2739 quotidie
3383 2670 3620 2726 clamet?
3661 2671 3802 2726 Esu-

2224 2755 2433 2808 rientem
2490 2772 2568 2809 me
2622 2757 2847 2823 vidistis,
2908 2768 2957 2813 et
3008 2776 3109 2813 non
3160 2759 3365 2813 dedistis
3421 2760 3547 2815 mihi
3584 2765 3803 2818 mandu-

2224 2862 2377 2911 care;
2424 2847 2690 2915 sitientem,
2744 2859 2793 2904 et
2834 2867 2934 2904 non
2968 2851 3175 2906 dedistis
3225 2852 3351 2905 mihi
3399 2852 3583 2907 bibere.
3628 2853 3803 2909 Disce-

2226 2939 2330 2992 dite
2352 2939 2403 2992 in
2434 2938 2601 3010 ignem
2631 2951 2865 3011 paratum
2893 2941 3094 2996 diabolo
3131 2951 3178 2996 et
3215 2943 3410 3014 angelis
3450 2945 3562 3011 eius
3591 2944 3801 3019 (Matth.

2226 3030 2317 3087 25.
2345 3030 2435 3087 42.
2461 3041 2511 3086 et
2533 3031 2647 3103 41).
2680 3032 2805 3089 Haec
2831 3034 3067 3103 quotidie
3091 3036 3466 3091 comminatur.
3498 3035 3606 3095 Sed
3631 3039 3803 3095 cibum

2229 3123 2303 3177 illi
2328 3122 2470 3188 dedi,
2500 3122 2727 3194 inquies.
2754 3125 2978 3193 Quando
3009 3136 3064 3181 et
3086 3137 3219 3197 quot
3254 3127 3480 3183 diebus?
3502 3128 3691 3187 decem
3720 3144 3804 3187 aut

2228 3213 2451 3283 viginti?
2471 3215 2541 3269 At
2566 3228 2675 3269 non
2707 3220 2809 3272 hoc
2836 3217 2965 3271 satis
2995 3216 3154 3272 habet
3178 3218 3297 3285 ille;
3323 3219 3417 3275 sed
3444 3232 3646 3292 quanto
3674 3231 3805 3278 tem-

2228 3318 2360 3374 pore
2388 3305 2440 3360 in
2473 3314 2614 3361 terra
2641 3308 2887 3363 versaris.
2916 3308 3047 3364 Nam
3074 3318 3129 3364 et
3148 3311 3381 3381 virgines
3400 3312 3579 3368 oleum
3612 3314 3806 3372 habue-

2230 3406 2388 3462 runt;
2417 3396 2509 3452 sed
2534 3414 2639 3453 non
2660 3407 2914 3469 quantum
2945 3399 3010 3454 ad
3041 3400 3269 3457 salutem
3300 3403 3431 3458 satis
3455 3413 3589 3460 erat.
3632 3406 3805 3477 Siqui-

2230 3483 2350 3539 dem
2378 3492 2433 3541 et
2461 3485 2589 3555 ipsa:
2619 3487 2888 3559 lampades
2925 3490 3319 3559 accenderunt;
3361 3494 3591 3551 exclusa:
3636 3507 3805 3553 tamen

2231 3586 2357 3631 sunt
2390 3592 2421 3631 a
2462 3577 2715 3644 thalamo,
2761 3595 2823 3635 ac
2854 3581 2974 3651 jure
3011 3582 3225 3654 quidem
3267 3600 3280 3637 :
3310 3587 3587 3643 exstincta:
3617 3591 3808 3661 quippe

2233 3674 2360 3721 sunt
2386 3676 2510 3723 ante
2553 3671 2735 3739 sponsi
2777 3672 3086 3728 adventum.
3130 3674 3416 3745 Propterea
3465 3679 3634 3734 multo
3661 3683 3809 3737 nobis

2233 3770 2368 3826 opus
2394 3769 2476 3812 est
2499 3758 2640 3825 oleo,
2666 3770 2720 3815 et
2749 3777 2937 3833 magna
2978 3764 3313 3822 liberalitate.
3357 3767 3493 3823 Audi
3519 3770 3643 3839 quid
3674 3771 3810 3827 dicat

2234 3847 2491 3918 propheta
2524 3867 2538 3905 :
2569 3849 2812 3905 Miserere
2863 3856 2995 3919 mei,
3049 3853 3207 3923 Deus,
3260 3859 3531 3912 secundum
3577 3877 3808 3932 magnam

2234 3941 2630 3995 misericordiam
2674 3952 2812 3997 tuam
2837 3943 3005 4015 (Psal.
3036 3947 3125 4001 50.
3164 3948 3234 4019 ί).
3264 3948 3445 4020 Itaque
3472 3967 3570 4006 nos
3593 3952 3664 4006 ita
3693 3969 3809 4023 pro-

2236 4032 2365 4087 ximi
2389 4042 2594 4103 oportet
2616 4034 2877 4102 misereri,
2900 4046 3095 4107 quanta
3120 4053 3402 4108 possumus
3428 4042 3806 4100 misericordia.

2235 4126 2431 4192 Quales
2457 4127 2596 4180 enim
2626 4141 2748 4197 erga
2778 4141 3066 4184 conservos
3088 4128 3369 4199 fuerimus,
3401 4133 3555 4186 talem
3577 4136 3813 4204 experie-

2238 4226 2357 4265 mur
2400 4211 2705 4266 Dominum.
2755 4211 3008 4277 Quaenam
3072 4228 3262 4284 magna
3312 4225 3395 4269 est
3422 4218 3813 4277 misericordia?

2238 4301 2462 4370 Quando
2493 4319 2596 4357 non
2623 4318 2689 4358 ex
2732 4302 3012 4374 supcrlluis
3038 4304 3302 4374 dabimus,
3328 4308 3419 4362 sed
3442 4323 3506 4362 ex
3538 4309 3600 4362 iis
3630 4310 3812 4379 quibus

2240 4410 2477 4465 egemus.
2505 4394 2655 4464 Quod
2677 4396 2719 4449 si
2748 4411 2814 4450 ne
2841 4411 2903 4449 ex
2931 4396 3213 4465 superﬂuis
3238 4398 3449 4468 quidem
3474 4400 3813 4473 demus,qu:n

2242 4489 2397 4543 nobis
2426 4502 2551 4559 spes
2580 4488 2838 4556 supererit
2862 4488 2887 4542 ?
2912 4488 3051 4543 unde
3072 4503 3100 4542 a
3126 4489 3278 4543 malis
3299 4490 3691 4546 liberabimur?
3717 4508 3813 4563 quo

2241 4578 2502 4651 fugicmus
2529 4588 2589 4634 ut
2614 4581 2836 4636 salutem
2867 4583 3296 4652 consequamur?
3321 4583 3376 4637 Si
3420 4585 3562 4639 enim
3592 4586 3815 4657 virgines

2242 4678 2361 4739 post
2410 4680 2490 4725 tot
2540 4668 2763 4725 sudores
2804 4670 3002 4725 nullam
3054 4686 3272 4742 prorsus
3326 4672 3579 4727 invenere
3629 4689 3816 4730 consa-

2243 4760 2541 4827 lationem,
2592 4762 2712 4832 quis
2749 4763 2903 4819 nobis
2947 4765 3369 4835 patrocinabitur
3402 4780 3523 4820 cum
3578 4768 3667 4822 illa
3719 4779 3818 4825 tre-

2245 4852 2437 4907 menda
2476 4852 2634 4907 verba
2668 4852 2870 4909 iudicis
2921 4855 3293 4926 exprobrantis
3336 4856 3616 4913 audiemus
3646 4877 3660 4913 :
3696 4860 3819 4915 Esu-

2246 4944 2469 4999 rientem
2503 4960 2607 4998 non
2640 4960 2726 4999 me
2751 4946 3047 5001 nutrivistis
3070 4932 3185 5015 ;et,
3207 4946 3358 5016 Quod
3383 4964 3486 5002 non
3512 4948 3711 5004 fecistis
3736 4951 3816 5005 uni

2244 5052 2309 5094 ex
2330 5035 2443 5096 istis
2462 5037 2713 5101 minimis,
2738 5052 2838 5093 nec
2853 5039 2981 5093 mihi
3010 5039 3213 5096 fecistis
3243 5041 3451 5113 (Matth.
3479 5041 3569 5096 25.
3591 5042 3683 5097 b2.
3709 5043 3816 5113 40).

2245 5129 2360 5186 Non
2386 5129 2455 5185 de
2482 5129 2777 5199 discipulis,
2820 5145 2993 5201 neque
3021 5130 3088 5187 de
3137 5132 3415 5188 monachis
3461 5141 3664 5189 tantum
3713 5135 3819 5191 hac

2244 5220 2395 5287 dicit,
2428 5220 2522 5276 sed
2552 5230 2607 5275 et
2631 5220 2699 5276 de
2727 5221 2917 5291 quovis
2942 5221 3104 5277 fideli.
3136 5221 3271 5277 Nam
3315 5225 3404 5295 qui
3439 5224 3561 5280 talis
3596 5232 3700 5293 est,
3725 5224 3817 5281 etsi

2244 5329 2433 5370 servus
2462 5314 2551 5378 sit,
2603 5313 2706 5368 etsi
2736 5314 2790 5368 in
2834 5314 2951 5368 foro
2982 5313 3269 5380 mendicct,
3302 5316 3347 5370 si
3376 5315 3535 5371 modo
3563 5317 3744 5372 credat
3767 5316 3816 5372 in

2248 5408 2435 5472 Deum,
2458 5406 2578 5475 jure
2598 5406 2741 5461 omni
2766 5405 2955 5462 fruitur
2974 5405 3366 5462 benevolentia.
3395 5407 3452 5462 Si
3475 5407 3819 5478 despiciamus

2246 5502 2391 5558 illum
2419 5500 2619 5555 nudum
2664 5510 2755 5559 aut
2795 5501 3139 5567 esurientem,
3175 5500 3289 5556 haec
3317 5500 3595 5558 audiemus
3620 5500 3772 5559 verba
3799 5536 3817 5565 ι

2247 5603 2299 5652 ct
2322 5592 2515 5648 merito
2540 5592 2773 5663 quidem.
