  <div class='ocr_page' id='page_1' title='image "/cluster/home/n/w/nwhite01/storage/ocr_20150623/59/hvd.32044052786589/334.png"; bbox 0 0 4094 6204; ppageno 0'>
   <div class='ocr_carea' id='block_1_1' title="bbox 308 250 428 308">
    <p class='ocr_par' dir='ltr' id='par_1_1' title="bbox 308 250 428 308">
     <span class='ocr_line' id='line_1_1' title="bbox 308 250 428 308; baseline 0.025 -4"><span class='ocrx_word' id='word_1_1' title='bbox 308 250 428 308; x_wconf 71' lang='lat'><strong>33!</strong></span> 
     </span>
    </p>
   </div>
   <div class='ocr_carea' id='block_1_2' title="bbox 309 363 1917 440">
    <p class='ocr_par' dir='ltr' id='par_1_2' title="bbox 309 363 1917 440">
     <span class='ocr_line' id='line_1_2' title="bbox 309 363 1917 440; baseline -0.001 -21"><span class='ocrx_word' id='word_1_2' title='bbox 309 365 596 434; x_wconf 68' lang='grc' dir='ltr'>ἐξουσίας.</span> <span class='ocrx_word' id='word_1_3' title='bbox 645 366 807 440; x_wconf 75' lang='grc' dir='ltr'>Ὁρᾷς</span> <span class='ocrx_word' id='word_1_4' title='bbox 835 363 950 432; x_wconf 89' lang='grc' dir='ltr'>πῶς</span> <span class='ocrx_word' id='word_1_5' title='bbox 980 365 1088 420; x_wconf 84' lang='grc' dir='ltr'>ἀπὸ</span> <span class='ocrx_word' id='word_1_6' title='bbox 1120 365 1214 420; x_wconf 89' lang='grc' dir='ltr'>τοῦ</span> <span class='ocrx_word' id='word_1_7' title='bbox 1249 364 1518 435; x_wconf 79' lang='grc' dir='ltr'>προτέρου</span> <span class='ocrx_word' id='word_1_8' title='bbox 1561 365 1624 418; x_wconf 79' lang='grc' dir='ltr'>τὸ</span> <span class='ocrx_word' id='word_1_9' title='bbox 1665 364 1917 437; x_wconf 84' lang='grc' dir='ltr'>δεύτερον</span> 
     </span>
    </p>
   </div>
   <div class='ocr_carea' id='block_1_3' title="bbox 309 444 1916 516">
    <p class='ocr_par' dir='ltr' id='par_1_3' title="bbox 309 444 1916 516">
     <span class='ocr_line' id='line_1_3' title="bbox 309 444 1916 516; baseline -0.004 -13"><span class='ocrx_word' id='word_1_10' title='bbox 309 447 698 502; x_wconf 77' lang='grc' dir='ltr'>κατεσκεύασε</span> <span class='ocrx_word' id='word_1_11' title='bbox 725 459 776 514; x_wconf 74' lang='grc' dir='ltr'>ι,</span> <span class='ocrx_word' id='word_1_12' title='bbox 799 447 894 502; x_wconf 73' lang='grc' dir='ltr'>καὶ</span> <span class='ocrx_word' id='word_1_13' title='bbox 925 447 1033 500; x_wconf 82' lang='grc' dir='ltr'>ἀπὸ</span> <span class='ocrx_word' id='word_1_14' title='bbox 1057 444 1405 501; x_wconf 54' lang='grc' dir='ltr'>τοῦηθανάτου</span> <span class='ocrx_word' id='word_1_15' title='bbox 1435 446 1530 498; x_wconf 77' lang='grc' dir='ltr'>καὶ</span> <span class='ocrx_word' id='word_1_16' title='bbox 1553 447 1652 516; x_wconf 80' lang='grc' dir='ltr'>τὴν</span> <span class='ocrx_word' id='word_1_17' title='bbox 1681 445 1916 501; x_wconf 78' lang='grc' dir='ltr'>ἀνάστα-</span> 
     </span>
    </p>
   </div>
   <div class='ocr_carea' id='block_1_4' title="bbox 313 528 1913 605">
    <p class='ocr_par' dir='ltr' id='par_1_4' title="bbox 313 528 1913 605">
     <span class='ocr_line' id='line_1_4' title="bbox 313 528 1913 605; baseline -0.003 -19"><span class='ocrx_word' id='word_1_18' title='bbox 313 550 416 587; x_wconf 85' lang='grc' dir='ltr'>σιν</span> <span class='ocrx_word' id='word_1_19' title='bbox 448 531 648 598; x_wconf 65' lang='grc' dir='ltr'>ἔδειξεν</span> <span class='ocrx_word' id='word_1_20' title='bbox 673 531 1191 605; x_wconf 74' lang='grc' dir='ltr'>άναμφισϐήτητονς</span> <span class='ocrx_word' id='word_1_21' title='bbox 1238 531 1470 598; x_wconf 78' lang='grc' dir='ltr'>Ταύτην</span> <span class='ocrx_word' id='word_1_22' title='bbox 1499 528 1614 599; x_wconf 82' lang='grc' dir='ltr'>τὴν</span> <span class='ocrx_word' id='word_1_23' title='bbox 1651 529 1913 598; x_wconf 75' lang='grc' dir='ltr'>ἐντολὴν</span> 
     </span>
    </p>
   </div>
   <div class='ocr_carea' id='block_1_5' title="bbox 308 613 1916 686">
    <p class='ocr_par' dir='ltr' id='par_1_5' title="bbox 308 613 1916 686">
     <span class='ocr_line' id='line_1_5' title="bbox 308 613 1916 686; baseline -0.004 -13"><span class='ocrx_word' id='word_1_24' title='bbox 308 618 551 673; x_wconf 74' lang='grc' dir='ltr'>ἔλαϐον</span> <span class='ocrx_word' id='word_1_25' title='bbox 587 616 748 685; x_wconf 82' lang='grc' dir='ltr'>παρὰ</span> <span class='ocrx_word' id='word_1_26' title='bbox 787 615 897 670; x_wconf 85' lang='grc' dir='ltr'>τοῦ</span> <span class='ocrx_word' id='word_1_27' title='bbox 942 614 1194 682; x_wconf 84' lang='grc' dir='ltr'>Πατρός.</span> <span class='ocrx_word' id='word_1_28' title='bbox 1227 613 1395 668; x_wconf 85' lang='grc' dir='ltr'>Ποίαν</span> <span class='ocrx_word' id='word_1_29' title='bbox 1438 613 1502 686; x_wconf 81' lang='grc' dir='ltr'>δὴ</span> <span class='ocrx_word' id='word_1_30' title='bbox 1551 613 1792 686; x_wconf 85' lang='grc' dir='ltr'>ταύτην;</span> <span class='ocrx_word' id='word_1_31' title='bbox 1842 614 1916 666; x_wconf 83' lang='grc' dir='ltr'>Τὸ</span> 
     </span>
    </p>
   </div>
   <div class='ocr_carea' id='block_1_6' title="bbox 306 692 1920 772">
    <p class='ocr_par' dir='ltr' id='par_1_6' title="bbox 306 692 1920 772">
     <span class='ocr_line' id='line_1_6' title="bbox 306 692 1920 772; baseline -0.005 -15"><span class='ocrx_word' id='word_1_32' title='bbox 306 701 622 757; x_wconf 77' lang='grc' dir='ltr'>ἀποθανεῖν</span> <span class='ocrx_word' id='word_1_33' title='bbox 655 700 794 772; x_wconf 82' lang='grc' dir='ltr'>ὑπὲρ</span> <span class='ocrx_word' id='word_1_34' title='bbox 820 698 913 754; x_wconf 91' lang='grc' dir='ltr'>τοῦ</span> <span class='ocrx_word' id='word_1_35' title='bbox 943 693 1305 770; x_wconf 69' lang='grc' dir='ltr'>κόσμου.*Αρ’</span> <span class='ocrx_word' id='word_1_36' title='bbox 1329 692 1423 752; x_wconf 78' lang='grc' dir='ltr'>οὖν</span> <span class='ocrx_word' id='word_1_37' title='bbox 1445 697 1730 768; x_wconf 80' lang='grc' dir='ltr'>ἀνέμεινεν</span> <span class='ocrx_word' id='word_1_38' title='bbox 1758 694 1920 751; x_wconf 78' lang='grc' dir='ltr'>άκοῦ-</span> 
     </span>
    </p>
   </div>
   <div class='ocr_carea' id='block_1_7' title="bbox 309 781 1917 856">
    <p class='ocr_par' dir='ltr' id='par_1_7' title="bbox 309 781 1917 856">
     <span class='ocr_line' id='line_1_7' title="bbox 309 781 1917 856; baseline -0.002 -19"><span class='ocrx_word' id='word_1_39' title='bbox 309 801 417 839; x_wconf 81' lang='grc' dir='ltr'>σαι</span> <span class='ocrx_word' id='word_1_40' title='bbox 446 785 735 856; x_wconf 87' lang='grc' dir='ltr'>πρότερον,</span> <span class='ocrx_word' id='word_1_41' title='bbox 759 784 852 837; x_wconf 74' lang='grc' dir='ltr'>καὶ</span> <span class='ocrx_word' id='word_1_42' title='bbox 878 784 997 837; x_wconf 88' lang='grc' dir='ltr'>τότε</span> <span class='ocrx_word' id='word_1_43' title='bbox 1029 783 1224 848; x_wconf 86' lang='grc' dir='ltr'>εἵλετο,</span> <span class='ocrx_word' id='word_1_44' title='bbox 1260 783 1357 836; x_wconf 71' lang='grc' dir='ltr'>καὶ</span> <span class='ocrx_word' id='word_1_45' title='bbox 1387 781 1609 853; x_wconf 83' lang='grc' dir='ltr'>ἐδέησεν</span> <span class='ocrx_word' id='word_1_46' title='bbox 1637 781 1768 834; x_wconf 80' lang='grc' dir='ltr'>αὐτὸ</span> <span class='ocrx_word' id='word_1_47' title='bbox 1812 797 1917 852; x_wconf 68' lang='grc' dir='ltr'>μαι</span> 
     </span>
    </p>
   </div>
   <div class='ocr_carea' id='block_1_8' title="bbox 307 863 1917 938">
    <p class='ocr_par' dir='ltr' id='par_1_8' title="bbox 307 863 1917 938">
     <span class='ocr_line' id='line_1_8' title="bbox 307 863 1917 938; baseline -0.003 -16"><span class='ocrx_word' id='word_1_48' title='bbox 307 869 440 924; x_wconf 78' lang='grc' dir='ltr'>θεῖν</span> <span class='ocrx_word' id='word_1_49' title='bbox 461 887 476 933; x_wconf 84' lang='lat'><strong>;</strong></span> <span class='ocrx_word' id='word_1_50' title='bbox 500 868 610 923; x_wconf 86' lang='lat' dir='ltr'>Kal</span> <span class='ocrx_word' id='word_1_51' title='bbox 636 869 725 932; x_wconf 88' lang='grc' dir='ltr'>τίς</span> <span class='ocrx_word' id='word_1_52' title='bbox 750 868 816 922; x_wconf 85' lang='grc' dir='ltr'>ἂν</span> <span class='ocrx_word' id='word_1_53' title='bbox 843 868 999 923; x_wconf 90' lang='grc' dir='ltr'>τοῦτο</span> <span class='ocrx_word' id='word_1_54' title='bbox 1022 866 1149 922; x_wconf 84' lang='grc' dir='ltr'>νοῦν</span> <span class='ocrx_word' id='word_1_55' title='bbox 1178 867 1319 938; x_wconf 75' lang='grc' dir='ltr'>ἔχων</span> <span class='ocrx_word' id='word_1_56' title='bbox 1345 868 1521 932; x_wconf 74' lang='grc' dir='ltr'>εἴποις</span> <span class='ocrx_word' id='word_1_57' title='bbox 1563 865 1701 918; x_wconf 81' lang='grc' dir='ltr'>Ἀλλ’</span> <span class='ocrx_word' id='word_1_58' title='bbox 1727 863 1917 934; x_wconf 83' lang='grc' dir='ltr'>ὥσπερ</span> 
     </span>
    </p>
   </div>
   <div class='ocr_carea' id='block_1_9' title="bbox 306 947 1915 1024">
    <p class='ocr_par' dir='ltr' id='par_1_9' title="bbox 306 947 1915 1024">
     <span class='ocr_line' id='line_1_9' title="bbox 306 947 1915 1024; baseline -0.002 -18"><span class='ocrx_word' id='word_1_59' title='bbox 306 952 586 1024; x_wconf 80' lang='grc' dir='ltr'>ἀνωτέρω</span> <span class='ocrx_word' id='word_1_60' title='bbox 615 951 786 1006; x_wconf 75' lang='grc' dir='ltr'>εἰπὼν</span> <span class='ocrx_word' id='word_1_61' title='bbox 815 993 829 1016; x_wconf 91' lang='grc'>,</span> <span class='ocrx_word' id='word_1_62' title='bbox 862 953 967 1007; x_wconf 84' lang='grc' dir='ltr'>Διὰ</span> <span class='ocrx_word' id='word_1_63' title='bbox 1020 952 1200 1007; x_wconf 88' lang='grc' dir='ltr'>τοῦτό</span> <span class='ocrx_word' id='word_1_64' title='bbox 1226 969 1304 1024; x_wconf 80' lang='grc' dir='ltr'>με</span> <span class='ocrx_word' id='word_1_65' title='bbox 1358 954 1391 1006; x_wconf 84' lang='grc' dir='ltr'>ό</span> <span class='ocrx_word' id='word_1_66' title='bbox 1430 949 1637 1018; x_wconf 76' lang='grc' dir='ltr'>Πατὴρ</span> <span class='ocrx_word' id='word_1_67' title='bbox 1690 947 1915 1020; x_wconf 76' lang='grc' dir='ltr'>ἀγαπᾷ,</span> 
     </span>
    </p>
   </div>
   <div class='ocr_carea' id='block_1_10' title="bbox 304 1033 1920 1109">
    <p class='ocr_par' dir='ltr' id='par_1_10' title="bbox 304 1033 1920 1109">
     <span class='ocr_line' id='line_1_10' title="bbox 304 1033 1920 1109; baseline -0.001 -20"><span class='ocrx_word' id='word_1_68' title='bbox 304 1037 422 1109; x_wconf 78' lang='grc' dir='ltr'>τὴν</span> <span class='ocrx_word' id='word_1_69' title='bbox 451 1035 698 1090; x_wconf 77' lang='grc' dir='ltr'>ἑκούσιον</span> <span class='ocrx_word' id='word_1_70' title='bbox 725 1036 992 1108; x_wconf 84' lang='grc' dir='ltr'>ἐδήλωσεν</span> <span class='ocrx_word' id='word_1_71' title='bbox 1019 1038 1216 1109; x_wconf 76' lang='grc' dir='ltr'>ὁρμὴν,</span> <span class='ocrx_word' id='word_1_72' title='bbox 1247 1036 1343 1090; x_wconf 71' lang='grc' dir='ltr'>καὶ</span> <span class='ocrx_word' id='word_1_73' title='bbox 1363 1034 1460 1108; x_wconf 89' lang='grc' dir='ltr'>τὴν</span> <span class='ocrx_word' id='word_1_74' title='bbox 1488 1037 1587 1106; x_wconf 82' lang='grc' dir='ltr'>τῆς</span> <span class='ocrx_word' id='word_1_75' title='bbox 1611 1033 1920 1104; x_wconf 85' lang='grc' dir='ltr'>ἐναντιότη-</span> 
     </span>
    </p>
   </div>
   <div class='ocr_carea' id='block_1_11' title="bbox 305 1117 1919 1188">
    <p class='ocr_par' dir='ltr' id='par_1_11' title="bbox 305 1117 1919 1188">
     <span class='ocr_line' id='line_1_11' title="bbox 305 1117 1919 1188; baseline -0.001 -16"><span class='ocrx_word' id='word_1_76' title='bbox 305 1134 415 1184; x_wconf 79' lang='grc' dir='ltr'>τος</span> <span class='ocrx_word' id='word_1_77' title='bbox 447 1119 662 1173; x_wconf 77' lang='grc' dir='ltr'>ἀνεῖλεν</span> <span class='ocrx_word' id='word_1_78' title='bbox 687 1120 944 1174; x_wconf 79' lang='grc' dir='ltr'>ὑπόνοιαν</span> <span class='ocrx_word' id='word_1_79' title='bbox 969 1135 983 1150; x_wconf 66' lang='grc' dir='ltr'><strong><em>υ</em></strong></span> <span class='ocrx_word' id='word_1_80' title='bbox 1015 1119 1162 1174; x_wconf 72' lang='grc' dir='ltr'>οὕτω</span> <span class='ocrx_word' id='word_1_81' title='bbox 1201 1119 1299 1174; x_wconf 79' lang='grc' dir='ltr'>καὶ</span> <span class='ocrx_word' id='word_1_82' title='bbox 1328 1117 1561 1174; x_wconf 81' lang='grc' dir='ltr'>ἐνταῦθα</span> <span class='ocrx_word' id='word_1_83' title='bbox 1589 1117 1810 1188; x_wconf 80' lang='grc' dir='ltr'>ἐντολὴν</span> <span class='ocrx_word' id='word_1_84' title='bbox 1837 1117 1919 1170; x_wconf 82' lang='grc' dir='ltr'>εί-</span> 
     </span>
    </p>
   </div>
   <div class='ocr_carea' id='block_1_12' title="bbox 306 1199 1921 1273">
    <p class='ocr_par' dir='ltr' id='par_1_12' title="bbox 306 1199 1921 1273">
     <span class='ocr_line' id='line_1_12' title="bbox 306 1199 1921 1273; baseline 0 -20"><span class='ocrx_word' id='word_1_85' title='bbox 306 1201 557 1271; x_wconf 79' lang='grc' dir='ltr'>ληφέναι</span> <span class='ocrx_word' id='word_1_86' title='bbox 592 1200 745 1272; x_wconf 83' lang='grc' dir='ltr'>παρὰ</span> <span class='ocrx_word' id='word_1_87' title='bbox 772 1201 866 1255; x_wconf 90' lang='grc' dir='ltr'>τοῦ</span> <span class='ocrx_word' id='word_1_88' title='bbox 897 1202 1112 1273; x_wconf 82' lang='grc' dir='ltr'>Πατρὸς</span> <span class='ocrx_word' id='word_1_89' title='bbox 1140 1201 1343 1264; x_wconf 81' lang='grc' dir='ltr'>είπῶν,</span> <span class='ocrx_word' id='word_1_90' title='bbox 1373 1201 1526 1255; x_wconf 86' lang='grc' dir='ltr'>οὐδὲν</span> <span class='ocrx_word' id='word_1_91' title='bbox 1559 1200 1686 1255; x_wconf 76' lang='grc' dir='ltr'>ἄλλο</span> <span class='ocrx_word' id='word_1_92' title='bbox 1717 1199 1921 1272; x_wconf 80' lang='grc' dir='ltr'>ἐμφαί-</span> 
     </span>
    </p>
   </div>
   <div class='ocr_carea' id='block_1_13' title="bbox 308 1281 1918 1358">
    <p class='ocr_par' dir='ltr' id='par_1_13' title="bbox 308 1281 1918 1358">
     <span class='ocr_line' id='line_1_13' title="bbox 308 1281 1918 1358; baseline -0.002 -17"><span class='ocrx_word' id='word_1_93' title='bbox 308 1305 433 1354; x_wconf 84' lang='grc' dir='ltr'>νει,</span> <span class='ocrx_word' id='word_1_94' title='bbox 469 1288 502 1358; x_wconf 79' lang='grc' dir='ltr'>ἢ</span> <span class='ocrx_word' id='word_1_95' title='bbox 532 1289 614 1343; x_wconf 80' lang='grc' dir='ltr'>ὅτι</span> <span class='ocrx_word' id='word_1_96' title='bbox 649 1287 877 1358; x_wconf 77' lang='grc' dir='ltr'>Ἐκείνῳ</span> <span class='ocrx_word' id='word_1_97' title='bbox 898 1286 1046 1340; x_wconf 86' lang='grc' dir='ltr'>δοκεῖ</span> <span class='ocrx_word' id='word_1_98' title='bbox 1070 1284 1230 1339; x_wconf 89' lang='grc' dir='ltr'>τοῦτο</span> <span class='ocrx_word' id='word_1_99' title='bbox 1248 1324 1264 1350; x_wconf 95' lang='grc'>,</span> <span class='ocrx_word' id='word_1_100' title='bbox 1299 1284 1328 1338; x_wconf 83' lang='grc' dir='ltr'><strong>ὃ</strong></span> <span class='ocrx_word' id='word_1_101' title='bbox 1349 1281 1461 1352; x_wconf 83' lang='grc' dir='ltr'>ἐγὼ</span> <span class='ocrx_word' id='word_1_102' title='bbox 1487 1283 1627 1337; x_wconf 88' lang='grc' dir='ltr'>ποιῶ</span> <span class='ocrx_word' id='word_1_103' title='bbox 1649 1299 1663 1314; x_wconf 89' lang='grc'><strong>·</strong></span> <span class='ocrx_word' id='word_1_104' title='bbox 1693 1284 1761 1338; x_wconf 72' lang='grc' dir='ltr'>ἶν’</span> <span class='ocrx_word' id='word_1_105' title='bbox 1789 1285 1918 1338; x_wconf 85' lang='grc' dir='ltr'>ὃταν</span> 
     </span>
    </p>
   </div>
   <div class='ocr_carea' id='block_1_14' title="bbox 309 1365 1918 1440">
    <p class='ocr_par' dir='ltr' id='par_1_14' title="bbox 309 1365 1918 1440">
     <span class='ocr_line' id='line_1_14' title="bbox 309 1365 1918 1440; baseline -0.004 -15"><span class='ocrx_word' id='word_1_106' title='bbox 309 1371 495 1426; x_wconf 78' lang='grc' dir='ltr'>αὐτὸν</span> <span class='ocrx_word' id='word_1_107' title='bbox 526 1369 778 1436; x_wconf 80' lang='grc' dir='ltr'>ἀνέλωσι,</span> <span class='ocrx_word' id='word_1_108' title='bbox 817 1369 892 1440; x_wconf 84' lang='grc' dir='ltr'>μὴ</span> <span class='ocrx_word' id='word_1_109' title='bbox 925 1368 1221 1440; x_wconf 75' lang='grc' dir='ltr'>νομίσωσιν</span> <span class='ocrx_word' id='word_1_110' title='bbox 1250 1366 1328 1430; x_wconf 86' lang='grc' dir='ltr'>ὡς</span> <span class='ocrx_word' id='word_1_111' title='bbox 1351 1365 1918 1438; x_wconf 83' lang='grc' dir='ltr'>ἐγκαταλελειμμένον</span> 
     </span>
    </p>
   </div>
   <div class='ocr_carea' id='block_1_15' title="bbox 307 1448 1919 1528">
    <p class='ocr_par' dir='ltr' id='par_1_15' title="bbox 307 1448 1919 1528">
     <span class='ocr_line' id='line_1_15' title="bbox 307 1448 1919 1528; baseline -0.004 -18"><span class='ocrx_word' id='word_1_112' title='bbox 307 1455 424 1510; x_wconf 75' lang='grc' dir='ltr'>καὶ</span> <span class='ocrx_word' id='word_1_113' title='bbox 465 1454 848 1528; x_wconf 85' lang='grc' dir='ltr'>προδιδόμενον</span> <span class='ocrx_word' id='word_1_114' title='bbox 868 1452 980 1506; x_wconf 75' lang='grc' dir='ltr'>ὑπὸ</span> <span class='ocrx_word' id='word_1_115' title='bbox 1007 1450 1102 1505; x_wconf 86' lang='grc' dir='ltr'>τοῦ</span> <span class='ocrx_word' id='word_1_116' title='bbox 1133 1451 1350 1522; x_wconf 79' lang='grc' dir='ltr'>Πατρδς</span> <span class='ocrx_word' id='word_1_117' title='bbox 1371 1449 1708 1523; x_wconf 77' lang='grc' dir='ltr'>ἀνῃρηκέναι</span> <span class='ocrx_word' id='word_1_118' title='bbox 1734 1490 1750 1516; x_wconf 91' lang='grc'>,</span> <span class='ocrx_word' id='word_1_119' title='bbox 1783 1448 1919 1522; x_wconf 68' lang='grc' dir='ltr'>μηδὲ</span> 
     </span>
    </p>
   </div>
   <div class='ocr_carea' id='block_1_16' title="bbox 305 1533 1921 1610">
    <p class='ocr_par' dir='ltr' id='par_1_16' title="bbox 305 1533 1921 1610">
     <span class='ocr_line' id='line_1_16' title="bbox 305 1533 1921 1610; baseline -0.004 -15"><span class='ocrx_word' id='word_1_120' title='bbox 305 1539 666 1595; x_wconf 74' lang='grc' dir='ltr'>ὀνειδίσωσιν</span> <span class='ocrx_word' id='word_1_121' title='bbox 695 1537 838 1610; x_wconf 78' lang='grc' dir='ltr'>άπερ</span> <span class='ocrx_word' id='word_1_122' title='bbox 867 1535 1153 1590; x_wconf 84' lang='grc' dir='ltr'>ὠνείδισαν</span> <span class='ocrx_word' id='word_1_123' title='bbox 1170 1551 1186 1567; x_wconf 81' lang='grc'><strong>’</strong></span> <span class='ocrx_word' id='word_1_124' title='bbox 1207 1535 1467 1600; x_wconf 68' lang='grc' dir='ltr'>Ἄλλους</span> <span class='ocrx_word' id='word_1_125' title='bbox 1491 1533 1752 1598; x_wconf 74' lang='grc' dir='ltr'>ἔσωσεν,</span> <span class='ocrx_word' id='word_1_126' title='bbox 1783 1533 1921 1589; x_wconf 81' lang='grc' dir='ltr'>ἐαυ-</span> 
     </span>
    </p>
   </div>
   <div class='ocr_carea' id='block_1_17' title="bbox 303 1613 1916 1684">
    <p class='ocr_par' dir='ltr' id='par_1_17' title="bbox 303 1613 1916 1684">
     <span class='ocr_line' id='line_1_17' title="bbox 303 1613 1916 1684; baseline -0.002 -8"><span class='ocrx_word' id='word_1_127' title='bbox 303 1623 438 1678; x_wconf 72' lang='grc' dir='ltr'>τὸν</span> <span class='ocrx_word' id='word_1_128' title='bbox 471 1625 544 1678; x_wconf 82' lang='grc' dir='ltr'>οὐ</span> <span class='ocrx_word' id='word_1_129' title='bbox 575 1617 826 1676; x_wconf 82' lang='grc' dir='ltr'>δύναται</span> <span class='ocrx_word' id='word_1_130' title='bbox 853 1618 1052 1674; x_wconf 85' lang='grc' dir='ltr'>σῶσαι</span> <span class='ocrx_word' id='word_1_131' title='bbox 1075 1633 1089 1648; x_wconf 82' lang='lat'><strong><em>°</em></strong></span> <span class='ocrx_word' id='word_1_132' title='bbox 1126 1618 1240 1683; x_wconf 67' lang='grc' dir='ltr'>καὶ,</span> <span class='ocrx_word' id='word_1_133' title='bbox 1265 1620 1336 1671; x_wconf 76' lang='lat' dir='ltr'><strong><em>El</em></strong></span> <span class='ocrx_word' id='word_1_134' title='bbox 1374 1617 1506 1684; x_wconf 79' lang='grc' dir='ltr'>Υίύς</span> <span class='ocrx_word' id='word_1_135' title='bbox 1526 1613 1588 1672; x_wconf 81' lang='grc' dir='ltr'>ετ</span> <span class='ocrx_word' id='word_1_136' title='bbox 1606 1617 1916 1682; x_wconf 79' lang='grc' dir='ltr'>τοῦΘεοῦ,</span> 
     </span>
    </p>
   </div>
   <div class='ocr_carea' id='block_1_18' title="bbox 302 1699 1916 1774">
    <p class='ocr_par' dir='ltr' id='par_1_18' title="bbox 302 1699 1916 1774">
     <span class='ocr_line' id='line_1_18' title="bbox 302 1699 1916 1774; baseline -0.005 -12"><span class='ocrx_word' id='word_1_137' title='bbox 302 1705 616 1774; x_wconf 73' lang='grc' dir='ltr'>κατάϐηθι</span> <span class='ocrx_word' id='word_1_138' title='bbox 648 1703 768 1760; x_wconf 82' lang='grc' dir='ltr'>ἀπὸ</span> <span class='ocrx_word' id='word_1_139' title='bbox 803 1703 910 1758; x_wconf 81' lang='grc' dir='ltr'>τοῦ</span> <span class='ocrx_word' id='word_1_140' title='bbox 941 1699 1229 1771; x_wconf 85' lang='grc' dir='ltr'>σταυροῦ.</span> <span class='ocrx_word' id='word_1_141' title='bbox 1269 1700 1380 1753; x_wconf 82' lang='lat' dir='ltr'>Kal</span> <span class='ocrx_word' id='word_1_142' title='bbox 1419 1700 1526 1771; x_wconf 78' lang='grc' dir='ltr'>μὴν</span> <span class='ocrx_word' id='word_1_143' title='bbox 1554 1701 1642 1754; x_wconf 83' lang='grc' dir='ltr'>διά</span> <span class='ocrx_word' id='word_1_144' title='bbox 1670 1699 1829 1754; x_wconf 88' lang='grc' dir='ltr'>τοῦτο</span> <span class='ocrx_word' id='word_1_145' title='bbox 1854 1701 1916 1754; x_wconf 89' lang='grc' dir='ltr'>οὐ</span> 
     </span>
    </p>
   </div>
   <div class='ocr_carea' id='block_1_19' title="bbox 302 1780 1533 1856">
    <p class='ocr_par' dir='ltr' id='par_1_19' title="bbox 302 1780 1533 1856">
     <span class='ocr_line' id='line_1_19' title="bbox 302 1780 1533 1856; baseline -0.006 -14"><span class='ocrx_word' id='word_1_146' title='bbox 302 1789 673 1852; x_wconf 74' lang='grc' dir='ltr'>καταϐαίνει,</span> <span class='ocrx_word' id='word_1_147' title='bbox 702 1785 890 1856; x_wconf 81' lang='grc' dir='ltr'>ἐπειδὴ</span> <span class='ocrx_word' id='word_1_148' title='bbox 925 1784 1054 1847; x_wconf 89' lang='grc' dir='ltr'>Υίός</span> <span class='ocrx_word' id='word_1_149' title='bbox 1097 1785 1214 1836; x_wconf 81' lang='grc' dir='ltr'>ἐστι</span> <span class='ocrx_word' id='word_1_150' title='bbox 1245 1781 1341 1835; x_wconf 89' lang='grc' dir='ltr'>τοῦ</span> <span class='ocrx_word' id='word_1_151' title='bbox 1375 1780 1533 1835; x_wconf 83' lang='grc' dir='ltr'>Θεοῦ.</span> 
     </span>
    </p>
   </div>
   <div class='ocr_carea' id='block_1_20' title="bbox 388 1866 1918 1946">
    <p class='ocr_par' dir='ltr' id='par_1_20' title="bbox 388 1866 1918 1946">
     <span class='ocr_line' id='line_1_20' title="bbox 388 1866 1918 1946; baseline -0.005 -16"><span class='ocrx_word' id='word_1_152' title='bbox 388 1872 468 1932; x_wconf 81' lang='grc' dir='ltr'>γ’.</span> <span class='ocrx_word' id='word_1_153' title='bbox 487 1869 637 1946; x_wconf 77' lang='lat'><strong>[355]</strong></span> <span class='ocrx_word' id='word_1_154' title='bbox 656 1867 790 1924; x_wconf 70' lang='grc' dir='ltr'>Εἶτα</span> <span class='ocrx_word' id='word_1_155' title='bbox 815 1869 903 1922; x_wconf 75' lang='grc' dir='ltr'>ἵνα</span> <span class='ocrx_word' id='word_1_156' title='bbox 923 1868 997 1939; x_wconf 87' lang='grc' dir='ltr'>μὴ</span> <span class='ocrx_word' id='word_1_157' title='bbox 1017 1866 1250 1934; x_wconf 82' lang='grc' dir='ltr'>ἁκούων,</span> <span class='ocrx_word' id='word_1_158' title='bbox 1269 1868 1350 1920; x_wconf 83' lang='grc' dir='ltr'>ὅτι</span> <span class='ocrx_word' id='word_1_159' title='bbox 1377 1866 1673 1934; x_wconf 77' lang='grc' dir='ltr'>Ἐντολὴν</span> <span class='ocrx_word' id='word_1_160' title='bbox 1693 1867 1918 1922; x_wconf 75' lang='grc' dir='ltr'>ἔλαϐον</span> 
     </span>
    </p>
   </div>
   <div class='ocr_carea' id='block_1_21' title="bbox 302 1947 1916 2023">
    <p class='ocr_par' dir='ltr' id='par_1_21' title="bbox 302 1947 1916 2023">
     <span class='ocr_line' id='line_1_21' title="bbox 302 1947 1916 2023; baseline -0.004 -15"><span class='ocrx_word' id='word_1_161' title='bbox 302 1955 486 2023; x_wconf 70' lang='grc' dir='ltr'>παρὰ</span> <span class='ocrx_word' id='word_1_162' title='bbox 538 1953 644 2008; x_wconf 84' lang='grc' dir='ltr'>τοῦ</span> <span class='ocrx_word' id='word_1_163' title='bbox 673 1950 906 2019; x_wconf 77' lang='grc' dir='ltr'>Πατρός</span> <span class='ocrx_word' id='word_1_164' title='bbox 925 1989 940 2013; x_wconf 92' lang='grc'>,</span> <span class='ocrx_word' id='word_1_165' title='bbox 977 1949 1257 2019; x_wconf 83' lang='grc' dir='ltr'>ἀλλότριον</span> <span class='ocrx_word' id='word_1_166' title='bbox 1287 1947 1452 2002; x_wconf 89' lang='grc' dir='ltr'>αὐτοῦ</span> <span class='ocrx_word' id='word_1_167' title='bbox 1482 1948 1542 2001; x_wconf 79' lang='grc' dir='ltr'>τὸ</span> <span class='ocrx_word' id='word_1_168' title='bbox 1584 1948 1916 2021; x_wconf 86' lang='grc' dir='ltr'>κατόρθωμα</span> 
     </span>
    </p>
   </div>
   <div class='ocr_carea' id='block_1_22' title="bbox 302 2030 1918 2108">
    <p class='ocr_par' dir='ltr' id='par_1_22' title="bbox 302 2030 1918 2108">
     <span class='ocr_line' id='line_1_22' title="bbox 302 2030 1918 2108; baseline -0.004 -18"><span class='ocrx_word' id='word_1_169' title='bbox 302 2034 465 2092; x_wconf 73' lang='grc' dir='ltr'>εἷναι</span> <span class='ocrx_word' id='word_1_170' title='bbox 495 2035 745 2108; x_wconf 76' lang='grc' dir='ltr'>νομίσῃς,</span> <span class='ocrx_word' id='word_1_171' title='bbox 774 2032 1061 2106; x_wconf 80' lang='grc' dir='ltr'>προλαϐὼν</span> <span class='ocrx_word' id='word_1_172' title='bbox 1078 2032 1264 2101; x_wconf 80' lang='grc' dir='ltr'>ἔλεγεν</span> <span class='ocrx_word' id='word_1_173' title='bbox 1282 2050 1294 2062; x_wconf 90' lang='grc'><strong>·</strong></span> <span class='ocrx_word' id='word_1_174' title='bbox 1329 2033 1394 2086; x_wconf 89' lang='lat'><strong>&#39;0</strong></span> <span class='ocrx_word' id='word_1_175' title='bbox 1418 2030 1648 2101; x_wconf 78' lang='grc' dir='ltr'>ποιμὴν</span> <span class='ocrx_word' id='word_1_176' title='bbox 1673 2035 1708 2086; x_wconf 80' lang='grc' dir='ltr'><em>ὁ</em></span> <span class='ocrx_word' id='word_1_177' title='bbox 1728 2031 1918 2098; x_wconf 77' lang='grc' dir='ltr'>καλὸς</span> 
     </span>
    </p>
   </div>
   <div class='ocr_carea' id='block_1_23' title="bbox 303 2113 1915 2191">
    <p class='ocr_par' dir='ltr' id='par_1_23' title="bbox 303 2113 1915 2191">
     <span class='ocr_line' id='line_1_23' title="bbox 303 2113 1915 2191; baseline -0.004 -17"><span class='ocrx_word' id='word_1_178' title='bbox 303 2120 441 2191; x_wconf 69' lang='grc' dir='ltr'>τὴν</span> <span class='ocrx_word' id='word_1_179' title='bbox 480 2118 696 2190; x_wconf 73' lang='grc' dir='ltr'>ψυχὴν</span> <span class='ocrx_word' id='word_1_180' title='bbox 727 2117 915 2172; x_wconf 81' lang='grc' dir='ltr'>αὐτοῦ</span> <span class='ocrx_word' id='word_1_181' title='bbox 948 2116 1187 2183; x_wconf 80' lang='grc' dir='ltr'>τίθησιν</span> <span class='ocrx_word' id='word_1_182' title='bbox 1214 2113 1368 2184; x_wconf 82' lang='grc' dir='ltr'>ὑπὲρ</span> <span class='ocrx_word' id='word_1_183' title='bbox 1408 2113 1528 2168; x_wconf 84' lang='grc' dir='ltr'>τῶν</span> <span class='ocrx_word' id='word_1_184' title='bbox 1562 2115 1874 2184; x_wconf 82' lang='grc' dir='ltr'>προϐάτων</span> <span class='ocrx_word' id='word_1_185' title='bbox 1896 2129 1915 2146; x_wconf 80' lang='grc' dir='ltr'><strong><em>ο</em></strong></span> 
     </span>
    </p>
   </div>
   <div class='ocr_carea' id='block_1_24' title="bbox 300 2197 1917 2270">
    <p class='ocr_par' dir='ltr' id='par_1_24' title="bbox 300 2197 1917 2270">
     <span class='ocr_line' id='line_1_24' title="bbox 300 2197 1917 2270; baseline -0.004 -11"><span class='ocrx_word' id='word_1_186' title='bbox 300 2205 408 2259; x_wconf 71' lang='grc' dir='ltr'>διὰ</span> <span class='ocrx_word' id='word_1_187' title='bbox 449 2207 654 2257; x_wconf 88' lang='grc' dir='ltr'>τούτων</span> <span class='ocrx_word' id='word_1_188' title='bbox 682 2202 898 2264; x_wconf 74' lang='grc' dir='ltr'>δεικνὺς</span> <span class='ocrx_word' id='word_1_189' title='bbox 925 2197 1090 2254; x_wconf 84' lang='grc' dir='ltr'>αὐτοῦ</span> <span class='ocrx_word' id='word_1_190' title='bbox 1119 2198 1250 2254; x_wconf 73' lang='grc' dir='ltr'>ὄντα</span> <span class='ocrx_word' id='word_1_191' title='bbox 1279 2199 1348 2253; x_wconf 87' lang='grc' dir='ltr'>τὰ</span> <span class='ocrx_word' id='word_1_192' title='bbox 1381 2198 1632 2270; x_wconf 80' lang='grc' dir='ltr'>πρόϐατα</span> <span class='ocrx_word' id='word_1_193' title='bbox 1656 2239 1672 2266; x_wconf 94' lang='grc'>,</span> <span class='ocrx_word' id='word_1_194' title='bbox 1705 2199 1802 2253; x_wconf 82' lang='grc' dir='ltr'>καὶ</span> <span class='ocrx_word' id='word_1_195' title='bbox 1834 2199 1917 2253; x_wconf 85' lang='grc' dir='ltr'>ὅτι</span> 
     </span>
    </p>
   </div>
   <div class='ocr_carea' id='block_1_25' title="bbox 303 2279 1916 2356">
    <p class='ocr_par' dir='ltr' id='par_1_25' title="bbox 303 2279 1916 2356">
     <span class='ocr_line' id='line_1_25' title="bbox 303 2279 1916 2356; baseline -0.005 -13"><span class='ocrx_word' id='word_1_196' title='bbox 303 2287 489 2343; x_wconf 84' lang='grc' dir='ltr'>αὐτοῦ</span> <span class='ocrx_word' id='word_1_197' title='bbox 507 2286 568 2340; x_wconf 82' lang='grc' dir='ltr'>τδ</span> <span class='ocrx_word' id='word_1_198' title='bbox 593 2285 926 2356; x_wconf 89' lang='grc' dir='ltr'>κατόρθωμα</span> <span class='ocrx_word' id='word_1_199' title='bbox 961 2279 1030 2354; x_wconf 83' lang='grc' dir='ltr'>ἦν</span> <span class='ocrx_word' id='word_1_200' title='bbox 1059 2283 1168 2337; x_wconf 78' lang='grc' dir='ltr'>πᾶν</span> <span class='ocrx_word' id='word_1_201' title='bbox 1195 2282 1255 2336; x_wconf 76' lang='grc' dir='ltr'>τὸ</span> <span class='ocrx_word' id='word_1_202' title='bbox 1284 2283 1654 2354; x_wconf 79' lang='grc' dir='ltr'>γεγενημένον</span> <span class='ocrx_word' id='word_1_203' title='bbox 1678 2323 1694 2347; x_wconf 93' lang='grc'>,</span> <span class='ocrx_word' id='word_1_204' title='bbox 1729 2282 1826 2336; x_wconf 71' lang='grc' dir='ltr'>καὶ</span> <span class='ocrx_word' id='word_1_205' title='bbox 1853 2283 1916 2336; x_wconf 93' lang='grc' dir='ltr'>οὐ</span> 
     </span>
    </p>
   </div>
   <div class='ocr_carea' id='block_1_26' title="bbox 302 2365 1917 2444">
    <p class='ocr_par' dir='ltr' id='par_1_26' title="bbox 302 2365 1917 2444">
     <span class='ocr_line' id='line_1_26' title="bbox 302 2365 1917 2444; baseline -0.005 -17"><span class='ocrx_word' id='word_1_206' title='bbox 302 2373 578 2444; x_wconf 82' lang='grc' dir='ltr'>δεόμενον</span> <span class='ocrx_word' id='word_1_207' title='bbox 603 2369 766 2424; x_wconf 81' lang='grc' dir='ltr'>αὐτὸν</span> <span class='ocrx_word' id='word_1_208' title='bbox 798 2367 1040 2439; x_wconf 87' lang='grc' dir='ltr'>ἐντολῆς.</span> <span class='ocrx_word' id='word_1_209' title='bbox 1081 2367 1145 2420; x_wconf 75' lang='lat' dir='ltr'><strong><em>El</em></strong></span> <span class='ocrx_word' id='word_1_210' title='bbox 1178 2365 1289 2438; x_wconf 83' lang='grc' dir='ltr'>γὰρ</span> <span class='ocrx_word' id='word_1_211' title='bbox 1323 2367 1547 2438; x_wconf 82' lang='grc' dir='ltr'>ἐντολῆς</span> <span class='ocrx_word' id='word_1_212' title='bbox 1576 2367 1766 2433; x_wconf 88' lang='grc' dir='ltr'>ἐδεῖτο,</span> <span class='ocrx_word' id='word_1_213' title='bbox 1796 2366 1917 2431; x_wconf 86' lang='grc' dir='ltr'>πῶς</span> 
     </span>
    </p>
   </div>
   <div class='ocr_carea' id='block_1_27' title="bbox 306 2449 1914 2525">
    <p class='ocr_par' dir='ltr' id='par_1_27' title="bbox 306 2449 1914 2525">
     <span class='ocr_line' id='line_1_27' title="bbox 306 2449 1914 2525; baseline -0.005 -14"><span class='ocrx_word' id='word_1_214' title='bbox 306 2457 508 2525; x_wconf 71' lang='grc' dir='ltr'>ἔλεγεν</span> <span class='ocrx_word' id='word_1_215' title='bbox 531 2473 547 2488; x_wconf 78' lang='grc' dir='ltr'><strong>ο</strong></span> <span class='ocrx_word' id='word_1_216' title='bbox 594 2454 714 2510; x_wconf 71' lang='grc' dir='ltr'>Ἀπ’</span> <span class='ocrx_word' id='word_1_217' title='bbox 744 2451 1006 2523; x_wconf 83' lang='grc' dir='ltr'>ἐμαυτοῦ</span> <span class='ocrx_word' id='word_1_218' title='bbox 1052 2452 1283 2520; x_wconf 85' lang='grc' dir='ltr'>τίθημι;</span> <span class='ocrx_word' id='word_1_219' title='bbox 1345 2451 1402 2505; x_wconf 86' lang='lat'><strong>&#39;0</strong></span> <span class='ocrx_word' id='word_1_220' title='bbox 1437 2450 1546 2521; x_wconf 82' lang='grc' dir='ltr'>γὰρ</span> <span class='ocrx_word' id='word_1_221' title='bbox 1579 2450 1672 2520; x_wconf 82' lang='grc' dir='ltr'>ἀφ’</span> <span class='ocrx_word' id='word_1_222' title='bbox 1718 2449 1914 2504; x_wconf 80' lang='grc' dir='ltr'>ἑαυτοῦ</span> 
     </span>
    </p>
   </div>
   <div class='ocr_carea' id='block_1_28' title="bbox 305 2532 1911 2605">
    <p class='ocr_par' dir='ltr' id='par_1_28' title="bbox 305 2532 1911 2605">
     <span class='ocr_line' id='line_1_28' title="bbox 305 2532 1911 2605; baseline -0.006 -10"><span class='ocrx_word' id='word_1_223' title='bbox 305 2540 494 2604; x_wconf 69' lang='grc' dir='ltr'>τιθεὶς</span> <span class='ocrx_word' id='word_1_224' title='bbox 536 2537 599 2591; x_wconf 83' lang='grc' dir='ltr'>οὐ</span> <span class='ocrx_word' id='word_1_225' title='bbox 649 2536 830 2591; x_wconf 78' lang='grc' dir='ltr'>δέεται</span> <span class='ocrx_word' id='word_1_226' title='bbox 877 2535 1119 2605; x_wconf 85' lang='grc' dir='ltr'>ἐντολῆς.</span> <span class='ocrx_word' id='word_1_227' title='bbox 1144 2535 1254 2587; x_wconf 90' lang='lat' dir='ltr'>Kal</span> <span class='ocrx_word' id='word_1_228' title='bbox 1285 2532 1386 2605; x_wconf 80' lang='grc' dir='ltr'>τὴν</span> <span class='ocrx_word' id='word_1_229' title='bbox 1418 2533 1597 2587; x_wconf 73' lang='grc' dir='ltr'>αἰτίαν</span> <span class='ocrx_word' id='word_1_230' title='bbox 1620 2533 1678 2587; x_wconf 84' lang='grc' dir='ltr'>δὲ</span> <span class='ocrx_word' id='word_1_231' title='bbox 1707 2533 1911 2604; x_wconf 89' lang='grc' dir='ltr'>τίθησι,</span> 
     </span>
    </p>
   </div>
   <div class='ocr_carea' id='block_1_29' title="bbox 303 2616 1912 2696">
    <p class='ocr_par' dir='ltr' id='par_1_29' title="bbox 303 2616 1912 2696">
     <span class='ocr_line' id='line_1_29' title="bbox 303 2616 1912 2696; baseline -0.004 -19"><span class='ocrx_word' id='word_1_232' title='bbox 303 2624 383 2677; x_wconf 79' lang='grc' dir='ltr'>δι’</span> <span class='ocrx_word' id='word_1_233' title='bbox 419 2625 486 2696; x_wconf 79' lang='grc' dir='ltr'>ἣν</span> <span class='ocrx_word' id='word_1_234' title='bbox 528 2619 687 2676; x_wconf 86' lang='grc' dir='ltr'>τοῦτο</span> <span class='ocrx_word' id='word_1_235' title='bbox 719 2621 882 2674; x_wconf 82' lang='grc' dir='ltr'>ποιεῖ.</span> <span class='ocrx_word' id='word_1_236' title='bbox 917 2617 1052 2672; x_wconf 85' lang='grc' dir='ltr'>Ποία</span> <span class='ocrx_word' id='word_1_237' title='bbox 1095 2618 1152 2672; x_wconf 81' lang='grc' dir='ltr'>δὲ</span> <span class='ocrx_word' id='word_1_238' title='bbox 1196 2616 1334 2688; x_wconf 80' lang='grc' dir='ltr'>αὕτη</span> <span class='ocrx_word' id='word_1_239' title='bbox 1368 2617 1520 2682; x_wconf 86' lang='grc' dir='ltr'>ἐστί;</span> <span class='ocrx_word' id='word_1_240' title='bbox 1557 2616 1631 2670; x_wconf 84' lang='grc' dir='ltr'>Τὸ</span> <span class='ocrx_word' id='word_1_241' title='bbox 1678 2617 1912 2689; x_wconf 85' lang='grc' dir='ltr'>ποιμένα</span> 
     </span>
    </p>
   </div>
   <div class='ocr_carea' id='block_1_30' title="bbox 312 2699 1911 2773">
    <p class='ocr_par' dir='ltr' id='par_1_30' title="bbox 312 2699 1911 2773">
     <span class='ocr_line' id='line_1_30' title="bbox 312 2699 1911 2773; baseline -0.002 -15"><span class='ocrx_word' id='word_1_242' title='bbox 312 2707 485 2760; x_wconf 73' lang='grc' dir='ltr'>αὐτὸν</span> <span class='ocrx_word' id='word_1_243' title='bbox 511 2701 672 2769; x_wconf 71' lang='grc' dir='ltr'>εἶναι,</span> <span class='ocrx_word' id='word_1_244' title='bbox 697 2704 794 2759; x_wconf 76' lang='grc' dir='ltr'>καὶ</span> <span class='ocrx_word' id='word_1_245' title='bbox 820 2702 984 2756; x_wconf 82' lang='grc' dir='ltr'>καλὸν</span> <span class='ocrx_word' id='word_1_246' title='bbox 1012 2701 1268 2773; x_wconf 89' lang='grc' dir='ltr'>ποιμένα.</span> <span class='ocrx_word' id='word_1_247' title='bbox 1309 2701 1367 2753; x_wconf 88' lang='lat'>&#39;0</span> <span class='ocrx_word' id='word_1_248' title='bbox 1405 2701 1463 2754; x_wconf 84' lang='grc' dir='ltr'>δὲ</span> <span class='ocrx_word' id='word_1_249' title='bbox 1496 2699 1659 2766; x_wconf 83' lang='grc' dir='ltr'>καλὸς</span> <span class='ocrx_word' id='word_1_250' title='bbox 1705 2702 1911 2773; x_wconf 80' lang='grc' dir='ltr'>ποιμὴν</span> 
     </span>
    </p>
   </div>
   <div class='ocr_carea' id='block_1_31' title="bbox 308 2784 1908 2859">
    <p class='ocr_par' dir='ltr' id='par_1_31' title="bbox 308 2784 1908 2859">
     <span class='ocr_line' id='line_1_31' title="bbox 308 2784 1908 2859; baseline -0.003 -14"><span class='ocrx_word' id='word_1_251' title='bbox 308 2793 380 2845; x_wconf 85' lang='grc' dir='ltr'>οὐ</span> <span class='ocrx_word' id='word_1_252' title='bbox 410 2790 580 2845; x_wconf 85' lang='grc' dir='ltr'>δεῖται</span> <span class='ocrx_word' id='word_1_253' title='bbox 606 2789 793 2859; x_wconf 82' lang='grc' dir='ltr'>ἐτέρου</span> <span class='ocrx_word' id='word_1_254' title='bbox 815 2785 907 2840; x_wconf 83' lang='grc' dir='ltr'>τοῦ</span> <span class='ocrx_word' id='word_1_255' title='bbox 931 2785 1066 2857; x_wconf 69' lang='grc' dir='ltr'>πρὸς</span> <span class='ocrx_word' id='word_1_256' title='bbox 1086 2784 1243 2838; x_wconf 86' lang='grc' dir='ltr'>τοῦτο</span> <span class='ocrx_word' id='word_1_257' title='bbox 1266 2784 1426 2838; x_wconf 84' lang='grc' dir='ltr'>αὐτὸν</span> <span class='ocrx_word' id='word_1_258' title='bbox 1441 2784 1908 2854; x_wconf 85' lang='grc' dir='ltr'>διαναστήσοντος.</span> 
     </span>
    </p>
   </div>
   <div class='ocr_carea' id='block_1_32' title="bbox 311 2866 1908 2942">
    <p class='ocr_par' dir='ltr' id='par_1_32' title="bbox 311 2866 1908 2942">
     <span class='ocr_line' id='line_1_32' title="bbox 311 2866 1908 2942; baseline -0.003 -14"><span class='ocrx_word' id='word_1_259' title='bbox 311 2874 385 2928; x_wconf 64' lang='lat' dir='ltr'><strong><em>El</em></strong></span> <span class='ocrx_word' id='word_1_260' title='bbox 417 2874 472 2928; x_wconf 76' lang='grc' dir='ltr'>δὲ</span> <span class='ocrx_word' id='word_1_261' title='bbox 506 2873 594 2926; x_wconf 83' lang='grc' dir='ltr'>ἐπ’</span> <span class='ocrx_word' id='word_1_262' title='bbox 626 2869 929 2942; x_wconf 79' lang='grc' dir='ltr'>ἀνθρώπων</span> <span class='ocrx_word' id='word_1_263' title='bbox 961 2869 1141 2933; x_wconf 82' lang='grc' dir='ltr'>τοῦτο,</span> <span class='ocrx_word' id='word_1_264' title='bbox 1179 2866 1359 2938; x_wconf 81' lang='grc' dir='ltr'>πολλῷ</span> <span class='ocrx_word' id='word_1_265' title='bbox 1396 2867 1594 2938; x_wconf 84' lang='grc' dir='ltr'>μᾶλλον</span> <span class='ocrx_word' id='word_1_266' title='bbox 1625 2869 1718 2922; x_wconf 81' lang='grc' dir='ltr'>ἐπὶ</span> <span class='ocrx_word' id='word_1_267' title='bbox 1750 2868 1908 2925; x_wconf 86' lang='grc' dir='ltr'>Θεοῦ.</span> 
     </span>
    </p>
   </div>
   <div class='ocr_carea' id='block_1_33' title="bbox 311 2951 1912 3020">
    <p class='ocr_par' dir='ltr' id='par_1_33' title="bbox 311 2951 1912 3020">
     <span class='ocr_line' id='line_1_33' title="bbox 311 2951 1912 3020; baseline -0.001 -10"><span class='ocrx_word' id='word_1_268' title='bbox 311 2957 425 3011; x_wconf 74' lang='grc' dir='ltr'>Δια</span> <span class='ocrx_word' id='word_1_269' title='bbox 443 2957 600 3009; x_wconf 78' lang='grc' dir='ltr'>τοῦτο</span> <span class='ocrx_word' id='word_1_270' title='bbox 618 2955 712 3008; x_wconf 68' lang='grc' dir='ltr'>καὶ</span> <span class='ocrx_word' id='word_1_271' title='bbox 726 2956 754 3006; x_wconf 89' lang='grc' dir='ltr'>ό</span> <span class='ocrx_word' id='word_1_272' title='bbox 774 2952 984 3016; x_wconf 78' lang='grc' dir='ltr'>Παῦλος</span> <span class='ocrx_word' id='word_1_273' title='bbox 1008 2952 1212 3020; x_wconf 76' lang='grc' dir='ltr'>ἔλεγεν,</span> <span class='ocrx_word' id='word_1_274' title='bbox 1229 2953 1314 3004; x_wconf 80' lang='grc' dir='ltr'>ὅτι</span> <span class='ocrx_word' id='word_1_275' title='bbox 1328 2951 1576 3005; x_wconf 77' lang='grc' dir='ltr'>Ἑαυτὸν</span> <span class='ocrx_word' id='word_1_276' title='bbox 1589 2952 1912 3008; x_wconf 73' lang='grc' dir='ltr'>ἐκένωσεν.</span> 
     </span>
    </p>
   </div>
   <div class='ocr_carea' id='block_1_34' title="bbox 313 3032 1910 3107">
    <p class='ocr_par' dir='ltr' id='par_1_34' title="bbox 313 3032 1910 3107">
     <span class='ocr_line' id='line_1_34' title="bbox 313 3032 1910 3107; baseline -0.001 -15"><span class='ocrx_word' id='word_1_277' title='bbox 313 3040 490 3094; x_wconf 81' lang='grc' dir='ltr'>Οὐδὲν</span> <span class='ocrx_word' id='word_1_278' title='bbox 523 3034 616 3091; x_wconf 75' lang='grc' dir='ltr'>οὖν</span> <span class='ocrx_word' id='word_1_279' title='bbox 649 3037 777 3091; x_wconf 84' lang='grc' dir='ltr'>άλλο</span> <span class='ocrx_word' id='word_1_280' title='bbox 803 3037 839 3107; x_wconf 75' lang='grc' dir='ltr'><strong>ἡ</strong></span> <span class='ocrx_word' id='word_1_281' title='bbox 884 3034 1071 3104; x_wconf 78' lang='grc' dir='ltr'>ἐντολὴ</span> <span class='ocrx_word' id='word_1_282' title='bbox 1117 3033 1352 3087; x_wconf 83' lang='grc' dir='ltr'>ἐνταῦθα</span> <span class='ocrx_word' id='word_1_283' title='bbox 1379 3032 1626 3102; x_wconf 84' lang='grc' dir='ltr'>βούλεται</span> <span class='ocrx_word' id='word_1_284' title='bbox 1660 3037 1910 3106; x_wconf 83' lang='grc' dir='ltr'>κειμένη,</span> 
     </span>
    </p>
   </div>
   <div class='ocr_carea' id='block_1_35' title="bbox 314 3119 1912 3193">
    <p class='ocr_par' dir='ltr' id='par_1_35' title="bbox 314 3119 1912 3193">
     <span class='ocr_line' id='line_1_35' title="bbox 314 3119 1912 3193; baseline -0.001 -17"><span class='ocrx_word' id='word_1_285' title='bbox 314 3123 440 3176; x_wconf 80' lang='grc' dir='ltr'>ἀλλ’</span> <span class='ocrx_word' id='word_1_286' title='bbox 475 3123 509 3193; x_wconf 75' lang='grc' dir='ltr'>ἢ</span> <span class='ocrx_word' id='word_1_287' title='bbox 548 3123 647 3192; x_wconf 80' lang='grc' dir='ltr'>τὴν</span> <span class='ocrx_word' id='word_1_288' title='bbox 682 3120 819 3191; x_wconf 75' lang='grc' dir='ltr'>πρὸς</span> <span class='ocrx_word' id='word_1_289' title='bbox 858 3119 947 3172; x_wconf 75' lang='grc' dir='ltr'>τὸν</span> <span class='ocrx_word' id='word_1_290' title='bbox 976 3119 1196 3189; x_wconf 80' lang='grc' dir='ltr'>Πατέρα</span> <span class='ocrx_word' id='word_1_291' title='bbox 1230 3119 1483 3188; x_wconf 83' lang='grc' dir='ltr'>ὁμόνοιαν</span> <span class='ocrx_word' id='word_1_292' title='bbox 1523 3119 1715 3186; x_wconf 76' lang='grc' dir='ltr'>δεῖξαι.</span> <span class='ocrx_word' id='word_1_293' title='bbox 1758 3122 1821 3174; x_wconf 63' lang='lat' dir='ltr'><strong>Et</strong></span> <span class='ocrx_word' id='word_1_294' title='bbox 1854 3121 1912 3174; x_wconf 81' lang='grc' dir='ltr'>δὲ</span> 
     </span>
    </p>
   </div>
   <div class='ocr_carea' id='block_1_36' title="bbox 313 3201 1913 3276">
    <p class='ocr_par' dir='ltr' id='par_1_36' title="bbox 313 3201 1913 3276">
     <span class='ocr_line' id='line_1_36' title="bbox 313 3201 1913 3276; baseline -0.003 -15"><span class='ocrx_word' id='word_1_295' title='bbox 313 3207 469 3262; x_wconf 63' lang='grc' dir='ltr'>οὕτω</span> <span class='ocrx_word' id='word_1_296' title='bbox 516 3204 788 3269; x_wconf 81' lang='grc' dir='ltr'>ταπεινῶς</span> <span class='ocrx_word' id='word_1_297' title='bbox 827 3203 1042 3273; x_wconf 76' lang='grc' dir='ltr'>εἴρηται</span> <span class='ocrx_word' id='word_1_298' title='bbox 1083 3202 1176 3255; x_wconf 75' lang='grc' dir='ltr'>καὶ</span> <span class='ocrx_word' id='word_1_299' title='bbox 1222 3201 1620 3272; x_wconf 85' lang='grc' dir='ltr'>ἀνθρωπίνως,</span> <span class='ocrx_word' id='word_1_300' title='bbox 1671 3204 1768 3276; x_wconf 86' lang='grc' dir='ltr'>τῆς</span> <span class='ocrx_word' id='word_1_301' title='bbox 1805 3203 1913 3258; x_wconf 88' lang='grc' dir='ltr'>τῶν</span> 
     </span>
    </p>
   </div>
   <div class='ocr_carea' id='block_1_37' title="bbox 315 3283 1916 3358">
    <p class='ocr_par' dir='ltr' id='par_1_37' title="bbox 315 3283 1916 3358">
     <span class='ocr_line' id='line_1_37' title="bbox 315 3283 1916 3358; baseline -0.004 -12"><span class='ocrx_word' id='word_1_302' title='bbox 315 3292 637 3346; x_wconf 75' lang='grc' dir='ltr'>ἀκουόντων</span> <span class='ocrx_word' id='word_1_303' title='bbox 686 3290 835 3342; x_wconf 79' lang='grc' dir='ltr'>ἐστὶν</span> <span class='ocrx_word' id='word_1_304' title='bbox 880 3287 1164 3350; x_wconf 76' lang='grc' dir='ltr'>ἀσθενείας</span> <span class='ocrx_word' id='word_1_305' title='bbox 1217 3289 1250 3358; x_wconf 80' lang='grc' dir='ltr'><strong>ἡ</strong></span> <span class='ocrx_word' id='word_1_306' title='bbox 1303 3286 1472 3343; x_wconf 84' lang='grc' dir='ltr'>αἰτία.</span> <span class='ocrx_word' id='word_1_307' title='bbox 1507 3287 1743 3358; x_wconf 81' lang='grc' dir='ltr'>Σχίσμα</span> <span class='ocrx_word' id='word_1_308' title='bbox 1801 3283 1916 3342; x_wconf 83' lang='grc' dir='ltr'>οὖν</span> 
     </span>
    </p>
   </div>
   <div class='ocr_carea' id='block_1_38' title="bbox 314 3369 1913 3443">
    <p class='ocr_par' dir='ltr' id='par_1_38' title="bbox 314 3369 1913 3443">
     <span class='ocr_line' id='line_1_38' title="bbox 314 3369 1913 3443; baseline -0.003 -15"><span class='ocrx_word' id='word_1_309' title='bbox 314 3373 563 3443; x_wconf 74' lang='grc' dir='ltr'>ἐγένετο</span> <span class='ocrx_word' id='word_1_310' title='bbox 599 3374 668 3427; x_wconf 80' lang='grc' dir='ltr'>ἐν</span> <span class='ocrx_word' id='word_1_311' title='bbox 701 3371 826 3439; x_wconf 85' lang='grc' dir='ltr'>τοῖς</span> <span class='ocrx_word' id='word_1_312' title='bbox 883 3369 1210 3436; x_wconf 81' lang='grc' dir='ltr'>Ἰουδαίοις.</span> <span class='ocrx_word' id='word_1_313' title='bbox 1246 3370 1361 3424; x_wconf 82' lang='grc' dir='ltr'>Καὶ</span> <span class='ocrx_word' id='word_1_314' title='bbox 1416 3373 1470 3424; x_wconf 89' lang='grc' dir='ltr'>οί</span> <span class='ocrx_word' id='word_1_315' title='bbox 1514 3369 1633 3439; x_wconf 82' lang='grc' dir='ltr'>μὲν</span> <span class='ocrx_word' id='word_1_316' title='bbox 1678 3371 1913 3438; x_wconf 75' lang='grc' dir='ltr'>ἔλεγον,</span> 
     </span>
    </p>
   </div>
   <div class='ocr_carea' id='block_1_39' title="bbox 314 3452 1915 3528">
    <p class='ocr_par' dir='ltr' id='par_1_39' title="bbox 314 3452 1915 3528">
     <span class='ocr_line' id='line_1_39' title="bbox 314 3452 1915 3528; baseline -0.003 -16"><span class='ocrx_word' id='word_1_317' title='bbox 314 3459 415 3512; x_wconf 83' lang='grc' dir='ltr'>ὅτι</span> <span class='ocrx_word' id='word_1_318' title='bbox 477 3456 792 3528; x_wconf 71' lang='grc' dir='ltr'>δαιμόνιον</span> <span class='ocrx_word' id='word_1_319' title='bbox 868 3454 996 3524; x_wconf 78' lang='grc' dir='ltr'>ἔχει</span> <span class='ocrx_word' id='word_1_320' title='bbox 1071 3453 1168 3507; x_wconf 81' lang='grc' dir='ltr'>καί</span> <span class='ocrx_word' id='word_1_321' title='bbox 1233 3453 1530 3522; x_wconf 80' lang='grc' dir='ltr'>μαίνεται.</span> <span class='ocrx_word' id='word_1_322' title='bbox 1610 3453 1670 3507; x_wconf 90' lang='grc' dir='ltr'>Τί</span> <span class='ocrx_word' id='word_1_323' title='bbox 1727 3452 1915 3508; x_wconf 82' lang='grc' dir='ltr'>αὐτοῦ</span> 
     </span>
    </p>
   </div>
   <div class='ocr_carea' id='block_1_40' title="bbox 312 3536 1915 3606">
    <p class='ocr_par' dir='ltr' id='par_1_40' title="bbox 312 3536 1915 3606">
     <span class='ocr_line' id='line_1_40' title="bbox 312 3536 1915 3606; baseline -0.004 -9"><span class='ocrx_word' id='word_1_324' title='bbox 312 3543 612 3606; x_wconf 72' lang='grc' dir='ltr'>ἀκούετε;</span> <span class='ocrx_word' id='word_1_325' title='bbox 642 3543 708 3595; x_wconf 72' lang='lat' dir='ltr'><strong><em>Ol</em></strong></span> <span class='ocrx_word' id='word_1_326' title='bbox 744 3539 844 3603; x_wconf 80' lang='grc' dir='ltr'>δὲ,</span> <span class='ocrx_word' id='word_1_327' title='bbox 872 3539 961 3592; x_wconf 83' lang='grc' dir='ltr'>ὅτι</span> <span class='ocrx_word' id='word_1_328' title='bbox 999 3537 1078 3592; x_wconf 84' lang='grc' dir='ltr'>Τὰ</span> <span class='ocrx_word' id='word_1_329' title='bbox 1124 3536 1368 3606; x_wconf 78' lang='grc' dir='ltr'>ῥήματα</span> <span class='ocrx_word' id='word_1_330' title='bbox 1407 3537 1593 3592; x_wconf 86' lang='grc' dir='ltr'>ταῦτα</span> <span class='ocrx_word' id='word_1_331' title='bbox 1637 3539 1751 3592; x_wconf 81' lang='grc' dir='ltr'>οὐκ</span> <span class='ocrx_word' id='word_1_332' title='bbox 1782 3539 1915 3592; x_wconf 77' lang='grc' dir='ltr'>ἐστι</span> 
     </span>
    </p>
   </div>
   <div class='ocr_carea' id='block_1_41' title="bbox 315 3620 1916 3696">
    <p class='ocr_par' dir='ltr' id='par_1_41' title="bbox 315 3620 1916 3696">
     <span class='ocr_line' id='line_1_41' title="bbox 315 3620 1916 3696; baseline -0.004 -15"><span class='ocrx_word' id='word_1_333' title='bbox 315 3622 830 3696; x_wconf 77' lang='grc' dir='ltr'>δαιμονιζομένου.</span> <span class='ocrx_word' id='word_1_334' title='bbox 850 3621 946 3689; x_wconf 78' lang='grc' dir='ltr'>Μὴ</span> <span class='ocrx_word' id='word_1_335' title='bbox 964 3621 1276 3690; x_wconf 84' lang='grc' dir='ltr'>δαιμόνιον</span> <span class='ocrx_word' id='word_1_336' title='bbox 1297 3620 1548 3676; x_wconf 83' lang='grc' dir='ltr'>δύναται</span> <span class='ocrx_word' id='word_1_337' title='bbox 1565 3621 1916 3692; x_wconf 76' lang='grc' dir='ltr'>ὀφθαλμοὺς</span> 
     </span>
    </p>
   </div>
   <div class='ocr_carea' id='block_1_42' title="bbox 315 3703 1914 3779">
    <p class='ocr_par' dir='ltr' id='par_1_42' title="bbox 315 3703 1914 3779">
     <span class='ocr_line' id='line_1_42' title="bbox 315 3703 1914 3779; baseline -0.002 -15"><span class='ocrx_word' id='word_1_338' title='bbox 315 3708 570 3779; x_wconf 65' lang='grc' dir='ltr'>τυφλῶν</span> <span class='ocrx_word' id='word_1_339' title='bbox 599 3707 869 3773; x_wconf 73' lang='grc' dir='ltr'>ἀνοίξαις</span> <span class='ocrx_word' id='word_1_340' title='bbox 918 3705 1136 3776; x_wconf 82' lang='grc' dir='ltr'>Ἐπειδὴ</span> <span class='ocrx_word' id='word_1_341' title='bbox 1164 3703 1271 3776; x_wconf 86' lang='grc' dir='ltr'>γὰρ</span> <span class='ocrx_word' id='word_1_342' title='bbox 1308 3704 1532 3774; x_wconf 79' lang='grc' dir='ltr'>μείζονα</span> <span class='ocrx_word' id='word_1_343' title='bbox 1573 3705 1780 3778; x_wconf 76' lang='grc' dir='ltr'>ῆκατὰ</span> <span class='ocrx_word' id='word_1_344' title='bbox 1820 3705 1914 3761; x_wconf 81' lang='grc' dir='ltr'>άν-</span> 
     </span>
    </p>
   </div>
   <div class='ocr_carea' id='block_1_43' title="bbox 317 3788 1913 3865">
    <p class='ocr_par' dir='ltr' id='par_1_43' title="bbox 317 3788 1913 3865">
     <span class='ocr_line' id='line_1_43' title="bbox 317 3788 1913 3865; baseline -0.003 -16"><span class='ocrx_word' id='word_1_345' title='bbox 317 3793 541 3865; x_wconf 86' lang='grc' dir='ltr'>θρωπον</span> <span class='ocrx_word' id='word_1_346' title='bbox 571 3792 641 3846; x_wconf 81' lang='grc' dir='ltr'>τά</span> <span class='ocrx_word' id='word_1_347' title='bbox 664 3792 965 3862; x_wconf 89' lang='grc' dir='ltr'>λεγόμενα,</span> <span class='ocrx_word' id='word_1_348' title='bbox 1010 3791 1104 3844; x_wconf 73' lang='grc' dir='ltr'>καὶ</span> <span class='ocrx_word' id='word_1_349' title='bbox 1148 3789 1206 3842; x_wconf 89' lang='grc' dir='ltr'>οὐ</span> <span class='ocrx_word' id='word_1_350' title='bbox 1241 3789 1340 3860; x_wconf 87' lang='grc' dir='ltr'>τῆς</span> <span class='ocrx_word' id='word_1_351' title='bbox 1370 3788 1558 3859; x_wconf 81' lang='grc' dir='ltr'>κοινῆς</span> <span class='ocrx_word' id='word_1_352' title='bbox 1601 3790 1913 3862; x_wconf 82' lang='grc' dir='ltr'>συνηθείας,</span> 
     </span>
    </p>
   </div>
   <div class='ocr_carea' id='block_1_44' title="bbox 314 3871 1916 3948">
    <p class='ocr_par' dir='ltr' id='par_1_44' title="bbox 314 3871 1916 3948">
     <span class='ocr_line' id='line_1_44' title="bbox 314 3871 1916 3948; baseline -0.001 -18"><span class='ocrx_word' id='word_1_353' title='bbox 314 3875 659 3948; x_wconf 86' lang='grc' dir='ltr'>δαιμονῶντα</span> <span class='ocrx_word' id='word_1_354' title='bbox 692 3874 853 3928; x_wconf 81' lang='grc' dir='ltr'>αὐτὸν</span> <span class='ocrx_word' id='word_1_355' title='bbox 881 3873 1086 3942; x_wconf 76' lang='grc' dir='ltr'>ἔλεγον,</span> <span class='ocrx_word' id='word_1_356' title='bbox 1124 3871 1380 3945; x_wconf 84' lang='grc' dir='ltr'>τέταρτον</span> <span class='ocrx_word' id='word_1_357' title='bbox 1411 3871 1441 3912; x_wconf 71' lang='grc' dir='ltr'>ι’</span> <span class='ocrx_word' id='word_1_358' title='bbox 1470 3872 1569 3944; x_wconf 71' lang='grc' dir='ltr'>ήδη</span> <span class='ocrx_word' id='word_1_359' title='bbox 1611 3873 1788 3946; x_wconf 85' lang='grc' dir='ltr'>τούτῳ</span> <span class='ocrx_word' id='word_1_360' title='bbox 1814 3875 1916 3928; x_wconf 87' lang='grc' dir='ltr'>αὐ-</span> 
     </span>
    </p>
   </div>
   <div class='ocr_carea' id='block_1_45' title="bbox 315 3957 1914 4034">
    <p class='ocr_par' dir='ltr' id='par_1_45' title="bbox 315 3957 1914 4034">
     <span class='ocr_line' id='line_1_45' title="bbox 315 3957 1914 4034; baseline -0.008 -17"><span class='ocrx_word' id='word_1_361' title='bbox 315 3961 412 4017; x_wconf 79' lang='grc' dir='ltr'>τὸν</span> <span class='ocrx_word' id='word_1_362' title='bbox 447 3960 841 4034; x_wconf 83' lang='grc' dir='ltr'>προσειπόντες</span> <span class='ocrx_word' id='word_1_363' title='bbox 882 3960 996 4030; x_wconf 75' lang='grc' dir='ltr'>(καὶ</span> <span class='ocrx_word' id='word_1_364' title='bbox 1025 3959 1134 4030; x_wconf 87' lang='grc' dir='ltr'>γὰρ</span> <span class='ocrx_word' id='word_1_365' title='bbox 1171 3957 1482 4029; x_wconf 75' lang='grc' dir='ltr'>ἔμπροσθεν</span> <span class='ocrx_word' id='word_1_366' title='bbox 1516 3957 1703 4028; x_wconf 73' lang='grc' dir='ltr'>ἔλεγον</span> <span class='ocrx_word' id='word_1_367' title='bbox 1727 3976 1742 3989; x_wconf 77' lang='grc' dir='ltr'>ο</span> <span class='ocrx_word' id='word_1_368' title='bbox 1780 3962 1914 4015; x_wconf 76' lang='lat' dir='ltr'>Am-</span> 
     </span>
    </p>
   </div>
   <div class='ocr_carea' id='block_1_46' title="bbox 313 4039 1911 4116">
    <p class='ocr_par' dir='ltr' id='par_1_46' title="bbox 313 4039 1911 4116">
     <span class='ocr_line' id='line_1_46' title="bbox 313 4039 1911 4116; baseline -0.001 -18"><span class='ocrx_word' id='word_1_369' title='bbox 313 4045 535 4116; x_wconf 84' lang='grc' dir='ltr'>μόνιον</span> <span class='ocrx_word' id='word_1_370' title='bbox 563 4043 726 4114; x_wconf 74' lang='grc' dir='ltr'>ἔχεις</span> <span class='ocrx_word' id='word_1_371' title='bbox 744 4084 759 4106; x_wconf 94' lang='grc'>,</span> <span class='ocrx_word' id='word_1_372' title='bbox 781 4043 873 4110; x_wconf 87' lang='grc' dir='ltr'>τίς</span> <span class='ocrx_word' id='word_1_373' title='bbox 900 4058 974 4097; x_wconf 86' lang='grc' dir='ltr'>σε</span> <span class='ocrx_word' id='word_1_374' title='bbox 998 4039 1164 4109; x_wconf 81' lang='grc' dir='ltr'>ζητεῖ</span> <span class='ocrx_word' id='word_1_375' title='bbox 1182 4040 1570 4105; x_wconf 79' lang='grc' dir='ltr'>άποκτεῖναι;</span> <span class='ocrx_word' id='word_1_376' title='bbox 1599 4042 1696 4095; x_wconf 75' lang='lat' dir='ltr'><strong><em>xal</em></strong></span> <span class='ocrx_word' id='word_1_377' title='bbox 1721 4042 1911 4098; x_wconf 88' lang='grc' dir='ltr'>πάλιν·</span> 
     </span>
    </p>
   </div>
   <div class='ocr_carea' id='block_1_47' title="bbox 321 4121 1913 4198">
    <p class='ocr_par' dir='ltr' id='par_1_47' title="bbox 321 4121 1913 4198">
     <span class='ocr_line' id='line_1_47' title="bbox 321 4121 1913 4198; baseline -0.001 -16"><span class='ocrx_word' id='word_1_378' title='bbox 321 4131 406 4184; x_wconf 83' lang='grc' dir='ltr'>Οὐ</span> <span class='ocrx_word' id='word_1_379' title='bbox 445 4127 649 4194; x_wconf 77' lang='grc' dir='ltr'>καλῶς</span> <span class='ocrx_word' id='word_1_380' title='bbox 679 4127 968 4198; x_wconf 74' lang='grc' dir='ltr'>ἐλέγομεν</span> <span class='ocrx_word' id='word_1_381' title='bbox 987 4165 1002 4188; x_wconf 90' lang='grc'>,</span> <span class='ocrx_word' id='word_1_382' title='bbox 1035 4124 1126 4178; x_wconf 85' lang='grc' dir='ltr'>ὅτι</span> <span class='ocrx_word' id='word_1_383' title='bbox 1177 4125 1549 4193; x_wconf 80' lang='grc' dir='ltr'>Σαμαρείτης</span> <span class='ocrx_word' id='word_1_384' title='bbox 1585 4121 1645 4178; x_wconf 85' lang='grc' dir='ltr'>εἷ</span> <span class='ocrx_word' id='word_1_385' title='bbox 1667 4124 1751 4179; x_wconf 86' lang='grc' dir='ltr'>σὺ</span> <span class='ocrx_word' id='word_1_386' title='bbox 1775 4166 1794 4193; x_wconf 93' lang='grc'>,</span> <span class='ocrx_word' id='word_1_387' title='bbox 1814 4127 1913 4181; x_wconf 82' lang='grc' dir='ltr'>καί</span> 
     </span>
    </p>
   </div>
   <div class='ocr_carea' id='block_1_48' title="bbox 316 4206 1912 4283">
    <p class='ocr_par' dir='ltr' id='par_1_48' title="bbox 316 4206 1912 4283">
     <span class='ocr_line' id='line_1_48' title="bbox 316 4206 1912 4283; baseline -0.001 -18"><span class='ocrx_word' id='word_1_388' title='bbox 316 4211 633 4283; x_wconf 82' lang='grc' dir='ltr'>δαιμόνιον</span> <span class='ocrx_word' id='word_1_389' title='bbox 658 4211 821 4281; x_wconf 80' lang='grc' dir='ltr'>ἔχεις</span> <span class='ocrx_word' id='word_1_390' title='bbox 844 4226 863 4274; x_wconf 90' lang='grc'><strong><em>;</em></strong></span> <span class='ocrx_word' id='word_1_391' title='bbox 898 4209 991 4262; x_wconf 75' lang='grc' dir='ltr'>καὶ</span> <span class='ocrx_word' id='word_1_392' title='bbox 1021 4206 1256 4261; x_wconf 84' lang='grc' dir='ltr'>ἐνταῦθα</span> <span class='ocrx_word' id='word_1_393' title='bbox 1280 4225 1293 4238; x_wconf 76' lang='grc' dir='ltr'>ο</span> <span class='ocrx_word' id='word_1_394' title='bbox 1327 4207 1645 4276; x_wconf 85' lang='grc' dir='ltr'>Δαιμόνιον</span> <span class='ocrx_word' id='word_1_395' title='bbox 1663 4208 1789 4279; x_wconf 77' lang='grc' dir='ltr'>ἔχει</span> <span class='ocrx_word' id='word_1_396' title='bbox 1813 4209 1912 4264; x_wconf 80' lang='grc' dir='ltr'>καί</span> 
     </span>
    </p>
   </div>
   <div class='ocr_carea' id='block_1_49' title="bbox 312 4290 1914 4366">
    <p class='ocr_par' dir='ltr' id='par_1_49' title="bbox 312 4290 1914 4366">
     <span class='ocr_line' id='line_1_49' title="bbox 312 4290 1914 4366; baseline -0.003 -15"><span class='ocrx_word' id='word_1_397' title='bbox 312 4300 591 4366; x_wconf 74' lang='grc' dir='ltr'>μαίνεται</span> <span class='ocrx_word' id='word_1_398' title='bbox 615 4311 632 4327; x_wconf 70' lang='grc' dir='ltr'><strong>ο</strong></span> <span class='ocrx_word' id='word_1_399' title='bbox 661 4296 720 4350; x_wconf 86' lang='grc' dir='ltr'>τί</span> <span class='ocrx_word' id='word_1_400' title='bbox 737 4293 923 4350; x_wconf 83' lang='grc' dir='ltr'>αὑτοῦ</span> <span class='ocrx_word' id='word_1_401' title='bbox 949 4292 1196 4347; x_wconf 79' lang='grc' dir='ltr'>ἀκούετε</span> <span class='ocrx_word' id='word_1_402' title='bbox 1215 4291 1277 4360; x_wconf 78' lang='grc'>;)’</span> <span class='ocrx_word' id='word_1_403' title='bbox 1314 4290 1516 4362; x_wconf 85' lang='grc' dir='ltr'>μᾶλλον</span> <span class='ocrx_word' id='word_1_404' title='bbox 1547 4291 1604 4345; x_wconf 76' lang='grc' dir='ltr'>δὲ</span> <span class='ocrx_word' id='word_1_405' title='bbox 1635 4293 1698 4346; x_wconf 91' lang='grc' dir='ltr'>οὐ</span> <span class='ocrx_word' id='word_1_406' title='bbox 1722 4292 1914 4366; x_wconf 86' lang='grc' dir='ltr'>τέταρ-</span> 
     </span>
    </p>
   </div>
   <div class='ocr_carea' id='block_1_50' title="bbox 316 4373 1911 4446">
    <p class='ocr_par' dir='ltr' id='par_1_50' title="bbox 316 4373 1911 4446">
     <span class='ocr_line' id='line_1_50' title="bbox 316 4373 1911 4446; baseline -0.003 -14"><span class='ocrx_word' id='word_1_407' title='bbox 316 4397 428 4445; x_wconf 91' lang='grc' dir='ltr'>τον,</span> <span class='ocrx_word' id='word_1_408' title='bbox 458 4379 597 4434; x_wconf 82' lang='grc' dir='ltr'>ἀλλὰ</span> <span class='ocrx_word' id='word_1_409' title='bbox 624 4379 718 4433; x_wconf 69' lang='grc' dir='ltr'>καὶ</span> <span class='ocrx_word' id='word_1_410' title='bbox 746 4376 1005 4440; x_wconf 84' lang='grc' dir='ltr'>πολλάκις</span> <span class='ocrx_word' id='word_1_411' title='bbox 1037 4375 1199 4429; x_wconf 83' lang='grc' dir='ltr'>αὐτὸν</span> <span class='ocrx_word' id='word_1_412' title='bbox 1239 4373 1557 4444; x_wconf 83' lang='grc' dir='ltr'>ἀκηκοέναι.</span> <span class='ocrx_word' id='word_1_413' title='bbox 1589 4375 1664 4428; x_wconf 83' lang='grc' dir='ltr'>Τὸ</span> <span class='ocrx_word' id='word_1_414' title='bbox 1685 4376 1794 4446; x_wconf 85' lang='grc' dir='ltr'>γὰρ</span> <span class='ocrx_word' id='word_1_415' title='bbox 1821 4375 1911 4429; x_wconf 82' lang='grc' dir='ltr'>λέ-</span> 
     </span>
    </p>
   </div>
   <div class='ocr_carea' id='block_1_51' title="bbox 316 4457 1910 4532">
    <p class='ocr_par' dir='ltr' id='par_1_51' title="bbox 316 4457 1910 4532">
     <span class='ocr_line' id='line_1_51' title="bbox 316 4457 1910 4532; baseline -0.001 -14"><span class='ocrx_word' id='word_1_416' title='bbox 316 4481 458 4532; x_wconf 87' lang='grc' dir='ltr'>γειν,</span> <span class='ocrx_word' id='word_1_417' title='bbox 500 4466 583 4518; x_wconf 84' lang='grc' dir='ltr'>Οὐ</span> <span class='ocrx_word' id='word_1_418' title='bbox 617 4463 811 4529; x_wconf 72' lang='grc' dir='ltr'>καλῶς</span> <span class='ocrx_word' id='word_1_419' title='bbox 851 4459 1137 4531; x_wconf 72' lang='grc' dir='ltr'>ἐλέγομεν</span> <span class='ocrx_word' id='word_1_420' title='bbox 1161 4459 1250 4512; x_wconf 83' lang='grc' dir='ltr'>ὅτι</span> <span class='ocrx_word' id='word_1_421' title='bbox 1275 4457 1587 4528; x_wconf 86' lang='grc' dir='ltr'>δαιμόνιον</span> <span class='ocrx_word' id='word_1_422' title='bbox 1620 4462 1778 4531; x_wconf 80' lang='grc' dir='ltr'>ἔχεις</span> <span class='ocrx_word' id='word_1_423' title='bbox 1803 4478 1822 4526; x_wconf 88' lang='grc'><em>;</em></span> <span class='ocrx_word' id='word_1_424' title='bbox 1851 4463 1910 4516; x_wconf 89' lang='grc' dir='ltr'>οὐ</span> 
     </span>
    </p>
   </div>
   <div class='ocr_carea' id='block_1_52' title="bbox 315 4541 1912 4618">
    <p class='ocr_par' dir='ltr' id='par_1_52' title="bbox 315 4541 1912 4618">
     <span class='ocr_line' id='line_1_52' title="bbox 315 4541 1912 4618; baseline 0.001 -19"><span class='ocrx_word' id='word_1_425' title='bbox 315 4547 411 4601; x_wconf 86' lang='grc' dir='ltr'>τοῦ</span> <span class='ocrx_word' id='word_1_426' title='bbox 439 4547 692 4618; x_wconf 89' lang='grc' dir='ltr'>δεύτερον</span> <span class='ocrx_word' id='word_1_427' title='bbox 726 4547 818 4600; x_wconf 77' lang='grc' dir='ltr'>καὶ</span> <span class='ocrx_word' id='word_1_428' title='bbox 841 4545 1046 4617; x_wconf 89' lang='grc' dir='ltr'>τρίτον,</span> <span class='ocrx_word' id='word_1_429' title='bbox 1071 4541 1207 4596; x_wconf 84' lang='grc' dir='ltr'>ἀλλὰ</span> <span class='ocrx_word' id='word_1_430' title='bbox 1230 4541 1325 4595; x_wconf 89' lang='grc' dir='ltr'>τοῦ</span> <span class='ocrx_word' id='word_1_431' title='bbox 1348 4541 1607 4606; x_wconf 84' lang='grc' dir='ltr'>πολλάκις</span> <span class='ocrx_word' id='word_1_432' title='bbox 1629 4545 1912 4616; x_wconf 73' lang='grc' dir='ltr'>εἰρηκέναι</span> 
     </span>
    </p>
   </div>
   <div class='ocr_carea' id='block_1_53' title="bbox 317 4625 1914 4702">
    <p class='ocr_par' dir='ltr' id='par_1_53' title="bbox 317 4625 1914 4702">
     <span class='ocr_line' id='line_1_53' title="bbox 317 4625 1914 4702; baseline 0.001 -20"><span class='ocrx_word' id='word_1_433' title='bbox 317 4630 498 4693; x_wconf 81' lang='grc' dir='ltr'>τοῦτο,</span> <span class='ocrx_word' id='word_1_434' title='bbox 537 4629 758 4702; x_wconf 85' lang='grc' dir='ltr'>σημεῖόν</span> <span class='ocrx_word' id='word_1_435' title='bbox 796 4631 933 4682; x_wconf 85' lang='grc' dir='ltr'>ἐστι.</span> <span class='ocrx_word' id='word_1_436' title='bbox 963 4630 1026 4682; x_wconf 83' lang='lat' dir='ltr'>Ol</span> <span class='ocrx_word' id='word_1_437' title='bbox 1059 4625 1128 4680; x_wconf 80' lang='grc' dir='ltr'>δὲ</span> <span class='ocrx_word' id='word_1_438' title='bbox 1156 4626 1371 4696; x_wconf 74' lang='grc' dir='ltr'>ἔλεγον</span> <span class='ocrx_word' id='word_1_439' title='bbox 1399 4637 1449 4693; x_wconf 76' lang='grc' dir='ltr'>ο,</span> <span class='ocrx_word' id='word_1_440' title='bbox 1485 4627 1679 4698; x_wconf 79' lang='grc' dir='ltr'>φησίν·</span> <span class='ocrx_word' id='word_1_441' title='bbox 1722 4628 1914 4684; x_wconf 85' lang='grc' dir='ltr'>Ταῦτα</span> 
     </span>
    </p>
   </div>
   <div class='ocr_carea' id='block_1_54' title="bbox 321 4707 1914 4783">
    <p class='ocr_par' dir='ltr' id='par_1_54' title="bbox 321 4707 1914 4783">
     <span class='ocr_line' id='line_1_54' title="bbox 321 4707 1914 4783; baseline 0.001 -16"><span class='ocrx_word' id='word_1_442' title='bbox 321 4714 390 4767; x_wconf 65' lang='grc' dir='ltr'>τὰ</span> <span class='ocrx_word' id='word_1_443' title='bbox 429 4712 672 4782; x_wconf 76' lang='grc' dir='ltr'>ῥήματα</span> <span class='ocrx_word' id='word_1_444' title='bbox 711 4714 823 4765; x_wconf 77' lang='grc' dir='ltr'>οὐκ</span> <span class='ocrx_word' id='word_1_445' title='bbox 857 4711 993 4765; x_wconf 82' lang='grc' dir='ltr'>ἐστι</span> <span class='ocrx_word' id='word_1_446' title='bbox 1027 4707 1534 4780; x_wconf 79' lang='grc' dir='ltr'>δαιμονιζομένου.</span> <span class='ocrx_word' id='word_1_447' title='bbox 1569 4711 1666 4782; x_wconf 82' lang='grc' dir='ltr'>Μὴ</span> <span class='ocrx_word' id='word_1_448' title='bbox 1710 4711 1914 4783; x_wconf 82' lang='grc' dir='ltr'>δαιμό-</span> 
     </span>
    </p>
   </div>
   <div class='ocr_carea' id='block_1_55' title="bbox 321 4792 1910 4868">
    <p class='ocr_par' dir='ltr' id='par_1_55' title="bbox 321 4792 1910 4868">
     <span class='ocr_line' id='line_1_55' title="bbox 321 4792 1910 4868; baseline 0 -18"><span class='ocrx_word' id='word_1_449' title='bbox 321 4815 452 4851; x_wconf 77' lang='grc' dir='ltr'>νιον</span> <span class='ocrx_word' id='word_1_450' title='bbox 473 4797 724 4851; x_wconf 82' lang='grc' dir='ltr'>δύναται</span> <span class='ocrx_word' id='word_1_451' title='bbox 757 4792 1106 4864; x_wconf 65' lang='grc' dir='ltr'>ὀφθαλμοὺς</span> <span class='ocrx_word' id='word_1_452' title='bbox 1125 4793 1372 4863; x_wconf 68' lang='grc' dir='ltr'>τυφλῶν</span> <span class='ocrx_word' id='word_1_453' title='bbox 1389 4795 1624 4860; x_wconf 75' lang='grc' dir='ltr'>ἀνοῖξαι</span> <span class='ocrx_word' id='word_1_454' title='bbox 1643 4812 1663 4860; x_wconf 83' lang='grc'><strong><em>;</em></strong></span> <span class='ocrx_word' id='word_1_455' title='bbox 1691 4796 1910 4868; x_wconf 83' lang='grc' dir='ltr'>Ἐπειδὴ</span> 
     </span>
    </p>
   </div>
   <div class='ocr_carea' id='block_1_56' title="bbox 321 4877 1910 4953">
    <p class='ocr_par' dir='ltr' id='par_1_56' title="bbox 321 4877 1910 4953">
     <span class='ocr_line' id='line_1_56' title="bbox 321 4877 1910 4953; baseline 0.001 -20"><span class='ocrx_word' id='word_1_456' title='bbox 321 4880 431 4952; x_wconf 71' lang='grc' dir='ltr'>γὰρ</span> <span class='ocrx_word' id='word_1_457' title='bbox 462 4881 571 4934; x_wconf 74' lang='grc' dir='ltr'>ἀπὸ</span> <span class='ocrx_word' id='word_1_458' title='bbox 613 4880 876 4952; x_wconf 76' lang='grc' dir='ltr'>ῥημάτων</span> <span class='ocrx_word' id='word_1_459' title='bbox 929 4877 1030 4932; x_wconf 88' lang='grc' dir='ltr'>οὐκ</span> <span class='ocrx_word' id='word_1_460' title='bbox 1063 4877 1327 4947; x_wconf 74' lang='grc' dir='ltr'>ἠδύναντο</span> <span class='ocrx_word' id='word_1_461' title='bbox 1365 4879 1742 4952; x_wconf 78' lang='grc' dir='ltr'>ἐπιστομίζειν</span> <span class='ocrx_word' id='word_1_462' title='bbox 1766 4921 1781 4945; x_wconf 91' lang='grc'>,</span> <span class='ocrx_word' id='word_1_463' title='bbox 1811 4881 1910 4953; x_wconf 81' lang='grc' dir='ltr'>τὴν</span> 
     </span>
    </p>
   </div>
   <div class='ocr_carea' id='block_1_57' title="bbox 323 4960 1909 5032">
    <p class='ocr_par' dir='ltr' id='par_1_57' title="bbox 323 4960 1909 5032">
     <span class='ocr_line' id='line_1_57' title="bbox 323 4960 1909 5032; baseline 0.002 -17"><span class='ocrx_word' id='word_1_464' title='bbox 323 4964 594 5031; x_wconf 78' lang='grc' dir='ltr'>ἀπόδειξιν</span> <span class='ocrx_word' id='word_1_465' title='bbox 633 4962 820 5016; x_wconf 80' lang='grc' dir='ltr'>λοιπὸν</span> <span class='ocrx_word' id='word_1_466' title='bbox 847 4961 954 5014; x_wconf 75' lang='grc' dir='ltr'>ἀπὸ</span> <span class='ocrx_word' id='word_1_467' title='bbox 982 4960 1092 5014; x_wconf 88' lang='grc' dir='ltr'>τῶν</span> <span class='ocrx_word' id='word_1_468' title='bbox 1126 4961 1304 5032; x_wconf 74' lang='grc' dir='ltr'>ἔργων</span> <span class='ocrx_word' id='word_1_469' title='bbox 1332 4962 1632 5018; x_wconf 78' lang='grc' dir='ltr'>ἐποιοῦντο.</span> <span class='ocrx_word' id='word_1_470' title='bbox 1656 4964 1909 5018; x_wconf 83' lang='grc' dir='ltr'>Μάλιστα</span> 
     </span>
    </p>
   </div>
   <div class='ocr_carea' id='block_1_58' title="bbox 326 5043 1909 5118">
    <p class='ocr_par' dir='ltr' id='par_1_58' title="bbox 326 5043 1909 5118">
     <span class='ocr_line' id='line_1_58' title="bbox 326 5043 1909 5118; baseline 0.001 -19"><span class='ocrx_word' id='word_1_471' title='bbox 326 5047 421 5114; x_wconf 80' lang='grc' dir='ltr'>μὲν</span> <span class='ocrx_word' id='word_1_472' title='bbox 455 5048 564 5118; x_wconf 86' lang='grc' dir='ltr'>γὰρ</span> <span class='ocrx_word' id='word_1_473' title='bbox 593 5045 717 5099; x_wconf 82' lang='grc' dir='ltr'>οὐδὲ</span> <span class='ocrx_word' id='word_1_474' title='bbox 745 5043 814 5098; x_wconf 80' lang='grc' dir='ltr'>τὰ</span> <span class='ocrx_word' id='word_1_475' title='bbox 866 5045 1088 5114; x_wconf 79' lang='grc' dir='ltr'>ῥήματα</span> <span class='ocrx_word' id='word_1_476' title='bbox 1136 5043 1502 5113; x_wconf 85' lang='grc' dir='ltr'>δαιμονῶντός</span> <span class='ocrx_word' id='word_1_477' title='bbox 1547 5048 1730 5099; x_wconf 75' lang='grc' dir='ltr'>ἐστιν’</span> <span class='ocrx_word' id='word_1_478' title='bbox 1758 5049 1808 5100; x_wconf 86' lang='grc' dir='ltr'>εί</span> <span class='ocrx_word' id='word_1_479' title='bbox 1851 5048 1909 5100; x_wconf 86' lang='grc' dir='ltr'>δὲ</span> 
     </span>
    </p>
   </div>
   <div class='ocr_carea' id='block_1_59' title="bbox 321 5127 1909 5201">
    <p class='ocr_par' dir='ltr' id='par_1_59' title="bbox 321 5127 1909 5201">
     <span class='ocr_line' id='line_1_59' title="bbox 321 5127 1909 5201; baseline 0.002 -21"><span class='ocrx_word' id='word_1_480' title='bbox 321 5130 382 5182; x_wconf 83' lang='grc' dir='ltr'>οὐ</span> <span class='ocrx_word' id='word_1_481' title='bbox 422 5128 676 5183; x_wconf 83' lang='grc' dir='ltr'>πείθεσθε</span> <span class='ocrx_word' id='word_1_482' title='bbox 729 5129 837 5182; x_wconf 83' lang='grc' dir='ltr'>ἀπὸ</span> <span class='ocrx_word' id='word_1_483' title='bbox 898 5127 1007 5180; x_wconf 88' lang='grc' dir='ltr'>τῶν</span> <span class='ocrx_word' id='word_1_484' title='bbox 1074 5127 1377 5198; x_wconf 77' lang='grc' dir='ltr'>ῥημάτων,</span> <span class='ocrx_word' id='word_1_485' title='bbox 1428 5129 1537 5182; x_wconf 79' lang='grc' dir='ltr'>ἀπὸ</span> <span class='ocrx_word' id='word_1_486' title='bbox 1588 5129 1695 5183; x_wconf 89' lang='grc' dir='ltr'>τῶν</span> <span class='ocrx_word' id='word_1_487' title='bbox 1733 5129 1909 5201; x_wconf 76' lang='grc' dir='ltr'>ἔργων</span> 
     </span>
    </p>
   </div>
   <div class='ocr_carea' id='block_1_60' title="bbox 323 5211 1910 5286">
    <p class='ocr_par' dir='ltr' id='par_1_60' title="bbox 323 5211 1910 5286">
     <span class='ocr_line' id='line_1_60' title="bbox 323 5211 1910 5286; baseline 0.003 -23"><span class='ocrx_word' id='word_1_488' title='bbox 323 5212 700 5286; x_wconf 78' lang='grc' dir='ltr'>δυσωπήθητε.</span> <span class='ocrx_word' id='word_1_489' title='bbox 732 5215 795 5268; x_wconf 70' lang='lat' dir='ltr'><strong><em>El</em></strong></span> <span class='ocrx_word' id='word_1_490' title='bbox 826 5213 883 5266; x_wconf 80' lang='grc' dir='ltr'>δὲ</span> <span class='ocrx_word' id='word_1_491' title='bbox 938 5212 1012 5284; x_wconf 83' lang='grc' dir='ltr'>μὴ</span> <span class='ocrx_word' id='word_1_492' title='bbox 1061 5211 1424 5282; x_wconf 87' lang='grc' dir='ltr'>δαιμονῶντός</span> <span class='ocrx_word' id='word_1_493' title='bbox 1481 5214 1638 5279; x_wconf 80' lang='grc' dir='ltr'>ἐστι,</span> <span class='ocrx_word' id='word_1_494' title='bbox 1688 5215 1910 5284; x_wconf 82' lang='grc' dir='ltr'>μείζονα</span> 
     </span>
    </p>
   </div>
   <div class='ocr_carea' id='block_1_61' title="bbox 324 5295 1910 5369">
    <p class='ocr_par' dir='ltr' id='par_1_61' title="bbox 324 5295 1910 5369">
     <span class='ocr_line' id='line_1_61' title="bbox 324 5295 1910 5369; baseline 0.003 -22"><span class='ocrx_word' id='word_1_495' title='bbox 324 5295 378 5349; x_wconf 77' lang='grc' dir='ltr'>δὲ</span> <span class='ocrx_word' id='word_1_496' title='bbox 408 5297 440 5369; x_wconf 84' lang='grc' dir='ltr'>ἢ</span> <span class='ocrx_word' id='word_1_497' title='bbox 474 5298 616 5352; x_wconf 82' lang='grc' dir='ltr'>κατά</span> <span class='ocrx_word' id='word_1_498' title='bbox 651 5297 940 5368; x_wconf 76' lang='grc' dir='ltr'>ἄνθρωπον</span> <span class='ocrx_word' id='word_1_499' title='bbox 970 5339 984 5360; x_wconf 88' lang='grc'>,</span> <span class='ocrx_word' id='word_1_500' title='bbox 1019 5295 1240 5366; x_wconf 82' lang='grc' dir='ltr'>εὐδηλον</span> <span class='ocrx_word' id='word_1_501' title='bbox 1269 5296 1354 5349; x_wconf 84' lang='grc' dir='ltr'>ὅτι</span> <span class='ocrx_word' id='word_1_502' title='bbox 1385 5295 1538 5358; x_wconf 84' lang='grc' dir='ltr'>θείας</span> <span class='ocrx_word' id='word_1_503' title='bbox 1567 5296 1711 5361; x_wconf 84' lang='grc' dir='ltr'>τινὸς</span> <span class='ocrx_word' id='word_1_504' title='bbox 1738 5296 1910 5352; x_wconf 88' lang='grc' dir='ltr'>ταῦτά</span> 
     </span>
    </p>
   </div>
   <div class='ocr_carea' id='block_1_62' title="bbox 327 5376 1910 5452">
    <p class='ocr_par' dir='ltr' id='par_1_62' title="bbox 327 5376 1910 5452">
     <span class='ocr_line' id='line_1_62' title="bbox 327 5376 1910 5452; baseline 0.001 -22"><span class='ocrx_word' id='word_1_505' title='bbox 327 5379 438 5434; x_wconf 83' lang='grc' dir='ltr'>ἐστι</span> <span class='ocrx_word' id='word_1_506' title='bbox 491 5381 796 5452; x_wconf 86' lang='grc' dir='ltr'>δυνάμεως.</span> <span class='ocrx_word' id='word_1_507' title='bbox 834 5376 987 5444; x_wconf 77' lang='grc' dir='ltr'>Εἶδες</span> <span class='ocrx_word' id='word_1_508' title='bbox 1043 5377 1404 5448; x_wconf 81' lang='grc' dir='ltr'>συλλογισμόν</span> <span class='ocrx_word' id='word_1_509' title='bbox 1434 5395 1449 5442; x_wconf 89' lang='lat'><strong>;</strong></span> <span class='ocrx_word' id='word_1_510' title='bbox 1480 5377 1603 5431; x_wconf 87' lang='grc' dir='ltr'>’Ὀτι</span> <span class='ocrx_word' id='word_1_511' title='bbox 1635 5378 1742 5451; x_wconf 80' lang='grc' dir='ltr'>γάρ</span> <span class='ocrx_word' id='word_1_512' title='bbox 1791 5380 1910 5450; x_wconf 85' lang='grc' dir='ltr'>μεί-</span> 
     </span>
    </p>
   </div>
   <div class='ocr_carea' id='block_1_63' title="bbox 328 5458 1909 5535">
    <p class='ocr_par' dir='ltr' id='par_1_63' title="bbox 328 5458 1909 5535">
     <span class='ocr_line' id='line_1_63' title="bbox 328 5458 1909 5535; baseline 0.002 -21"><span class='ocrx_word' id='word_1_513' title='bbox 328 5464 451 5527; x_wconf 80' lang='grc' dir='ltr'>ζονα</span> <span class='ocrx_word' id='word_1_514' title='bbox 487 5464 520 5534; x_wconf 82' lang='grc' dir='ltr'>ἢ</span> <span class='ocrx_word' id='word_1_515' title='bbox 551 5464 694 5518; x_wconf 78' lang='grc' dir='ltr'>κατὰ</span> <span class='ocrx_word' id='word_1_516' title='bbox 724 5464 1013 5535; x_wconf 79' lang='grc' dir='ltr'>ἄνθρωπον</span> <span class='ocrx_word' id='word_1_517' title='bbox 1042 5458 1110 5534; x_wconf 82' lang='grc' dir='ltr'>ἦν</span> <span class='ocrx_word' id='word_1_518' title='bbox 1129 5505 1142 5528; x_wconf 90' lang='grc'>,</span> <span class='ocrx_word' id='word_1_519' title='bbox 1182 5461 1344 5530; x_wconf 86' lang='grc' dir='ltr'>δῆλον</span> <span class='ocrx_word' id='word_1_520' title='bbox 1375 5463 1438 5513; x_wconf 86' lang='grc' dir='ltr'>ἐκ</span> <span class='ocrx_word' id='word_1_521' title='bbox 1468 5458 1562 5512; x_wconf 81' lang='grc' dir='ltr'>τοῦ</span> <span class='ocrx_word' id='word_1_522' title='bbox 1589 5460 1768 5530; x_wconf 88' lang='grc' dir='ltr'>λέγειν</span> <span class='ocrx_word' id='word_1_523' title='bbox 1787 5505 1802 5527; x_wconf 91' lang='grc'>,</span> <span class='ocrx_word' id='word_1_524' title='bbox 1830 5463 1909 5516; x_wconf 85' lang='grc' dir='ltr'>ὅτι</span> 
     </span>
    </p>
   </div>
   <div class='ocr_carea' id='block_1_64' title="bbox 329 5538 1911 5617">
    <p class='ocr_par' dir='ltr' id='par_1_64' title="bbox 329 5538 1911 5617">
     <span class='ocr_line' id='line_1_64' title="bbox 329 5538 1911 5617; baseline 0 -19"><span class='ocrx_word' id='word_1_525' title='bbox 329 5549 639 5617; x_wconf 76' lang='grc' dir='ltr'>Δαιμόνιον</span> <span class='ocrx_word' id='word_1_526' title='bbox 667 5547 822 5615; x_wconf 75' lang='grc' dir='ltr'>ἔχει’</span> <span class='ocrx_word' id='word_1_527' title='bbox 862 5547 944 5599; x_wconf 86' lang='grc' dir='ltr'>ὅτι</span> <span class='ocrx_word' id='word_1_528' title='bbox 982 5545 1039 5598; x_wconf 82' lang='grc' dir='ltr'>δὲ</span> <span class='ocrx_word' id='word_1_529' title='bbox 1083 5544 1355 5613; x_wconf 84' lang='grc' dir='ltr'>δαιμόνιον</span> <span class='ocrx_word' id='word_1_530' title='bbox 1383 5544 1482 5596; x_wconf 88' lang='grc' dir='ltr'>οὐκ</span> <span class='ocrx_word' id='word_1_531' title='bbox 1514 5538 1680 5614; x_wconf 79' lang='grc' dir='ltr'>εἶχεν,</span> <span class='ocrx_word' id='word_1_532' title='bbox 1712 5544 1911 5616; x_wconf 80' lang='grc' dir='ltr'>ἐδήλω-</span> 
     </span>
    </p>
   </div>
   <div class='ocr_carea' id='block_1_65' title="bbox 331 5622 1908 5700">
    <p class='ocr_par' dir='ltr' id='par_1_65' title="bbox 331 5622 1908 5700">
     <span class='ocr_line' id='line_1_65' title="bbox 331 5622 1908 5700; baseline 0.002 -20"><span class='ocrx_word' id='word_1_533' title='bbox 331 5645 418 5681; x_wconf 82' lang='grc' dir='ltr'>σεν</span> <span class='ocrx_word' id='word_1_534' title='bbox 447 5631 541 5700; x_wconf 83' lang='grc' dir='ltr'>ἀφ’</span> <span class='ocrx_word' id='word_1_535' title='bbox 570 5623 645 5684; x_wconf 78' lang='grc' dir='ltr'>ὧν</span> <span class='ocrx_word' id='word_1_536' title='bbox 686 5630 931 5698; x_wconf 84' lang='grc' dir='ltr'>ἐποίησε.</span> <span class='ocrx_word' id='word_1_537' title='bbox 968 5628 1034 5680; x_wconf 92' lang='grc' dir='ltr'>Τί</span> <span class='ocrx_word' id='word_1_538' title='bbox 1073 5622 1166 5680; x_wconf 78' lang='grc' dir='ltr'>οὖν</span> <span class='ocrx_word' id='word_1_539' title='bbox 1212 5627 1242 5679; x_wconf 83' lang='grc' dir='ltr'><strong>ὁ</strong></span> <span class='ocrx_word' id='word_1_540' title='bbox 1271 5625 1540 5698; x_wconf 79' lang='grc' dir='ltr'>Χριστόςς</span> <span class='ocrx_word' id='word_1_541' title='bbox 1574 5625 1738 5681; x_wconf 83' lang='grc' dir='ltr'>Οὐδὲν</span> <span class='ocrx_word' id='word_1_542' title='bbox 1772 5627 1908 5698; x_wconf 75' lang='grc' dir='ltr'>πρὸς</span> 
     </span>
    </p>
   </div>
   <div class='ocr_carea' id='block_1_66' title="bbox 388 5709 1911 5776">
    <p class='ocr_par' dir='ltr' id='par_1_66' title="bbox 388 5709 1911 5776">
     <span class='ocr_line' id='line_1_66' title="bbox 388 5709 1911 5776; baseline -0.002 -13"><span class='ocrx_word' id='word_1_543' title='bbox 388 5716 412 5743; x_wconf 82' lang='grc'><strong><em>⁸</em></strong></span> <span class='ocrx_word' id='word_1_544' title='bbox 458 5716 634 5764; x_wconf 77' lang='lat' dir='ltr'>Morel.</span> <span class='ocrx_word' id='word_1_545' title='bbox 668 5721 720 5764; x_wconf 77' lang='grc' dir='ltr'>οι</span> <span class='ocrx_word' id='word_1_546' title='bbox 756 5714 968 5776; x_wconf 66' lang='grc' dir='ltr'>ηιιίάιιπι</span> <span class='ocrx_word' id='word_1_547' title='bbox 1012 5709 1547 5776; x_wconf 43' lang='grc' dir='ltr'>παρεσκεύασε.-8ιινίι.</span> <span class='ocrx_word' id='word_1_548' title='bbox 1588 5716 1642 5760; x_wconf 88' lang='lat' dir='ltr'><strong><em>el.</em></strong></span> <span class='ocrx_word' id='word_1_549' title='bbox 1686 5713 1769 5776; x_wconf 62' lang='lat' dir='ltr'><strong><em>alii</em></strong></span> <span class='ocrx_word' id='word_1_550' title='bbox 1798 5729 1911 5776; x_wconf 77' lang='grc' dir='ltr'>κατ-</span> 
     </span>
    </p>
   </div>
   <div class='ocr_carea' id='block_1_67' title="bbox 335 5771 1910 5839">
    <p class='ocr_par' dir='ltr' id='par_1_67' title="bbox 335 5771 1910 5839">
     <span class='ocr_line' id='line_1_67' title="bbox 335 5771 1910 5839; baseline -0.001 -15"><span class='ocrx_word' id='word_1_551' title='bbox 335 5779 578 5825; x_wconf 74' lang='grc' dir='ltr'>εσκεύασε.</span> <span class='ocrx_word' id='word_1_552' title='bbox 606 5776 637 5819; x_wconf 65' lang='lat' dir='ltr'><strong>h</strong></span> <span class='ocrx_word' id='word_1_553' title='bbox 665 5771 813 5826; x_wconf 71' lang='lat' dir='ltr'>Nouit</span> <span class='ocrx_word' id='word_1_554' title='bbox 843 5775 1034 5825; x_wconf 80' lang='lat' dir='ltr'>Boisius</span> <span class='ocrx_word' id='word_1_555' title='bbox 1054 5775 1182 5839; x_wconf 64' lang='grc' dir='ltr'>ἴοι-ιε</span> <span class='ocrx_word' id='word_1_556' title='bbox 1214 5771 1479 5839; x_wconf 62' lang='lat' dir='ltr'>[agendum</span> <span class='ocrx_word' id='word_1_557' title='bbox 1501 5782 1614 5839; x_wconf 60' lang='lat' dir='ltr'>gsse</span> <span class='ocrx_word' id='word_1_558' title='bbox 1635 5773 1910 5839; x_wconf 70' lang='grc' dir='ltr'>τρίτον,ιιοε</span> 
     </span>
    </p>
   </div>
   <div class='ocr_carea' id='block_1_68' title="bbox 337 5833 1903 5899">
    <p class='ocr_par' dir='ltr' id='par_1_68' title="bbox 337 5833 1903 5899">
     <span class='ocr_line' id='line_1_68' title="bbox 337 5833 1903 5899; baseline 0 -15"><span class='ocrx_word' id='word_1_559' title='bbox 337 5838 436 5886; x_wconf 70' lang='lat' dir='ltr'>hmo</span> <span class='ocrx_word' id='word_1_560' title='bbox 463 5846 527 5899; x_wconf 67' lang='grc' dir='ltr'>οι</span> <span class='ocrx_word' id='word_1_561' title='bbox 567 5852 695 5888; x_wconf 77' lang='lat' dir='ltr'>mox.</span> <span class='ocrx_word' id='word_1_562' title='bbox 736 5839 882 5886; x_wconf 74' lang='lat' dir='ltr'>Certe</span> <span class='ocrx_word' id='word_1_563' title='bbox 924 5839 1147 5899; x_wconf 79' lang='grc' dir='ltr'>τέταρτον</span> <span class='ocrx_word' id='word_1_564' title='bbox 1169 5833 1352 5884; x_wconf 78' lang='lat' dir='ltr'>habent</span> <span class='ocrx_word' id='word_1_565' title='bbox 1385 5833 1546 5881; x_wconf 82' lang='lat' dir='ltr'><strong>omnia</strong></span> <span class='ocrx_word' id='word_1_566' title='bbox 1583 5835 1903 5894; x_wconf 76' lang='lat' dir='ltr'>exemplaria.</span> 
     </span>
    </p>
   </div>
   <div class='ocr_carea' id='block_1_69' title="bbox 337 5898 922 5961">
    <p class='ocr_par' dir='ltr' id='par_1_69' title="bbox 337 5898 922 5961">
     <span class='ocr_line' id='line_1_69' title="bbox 337 5898 922 5961; baseline -0.007 -12"><span class='ocrx_word' id='word_1_567' title='bbox 337 5900 359 5929; x_wconf 76' lang='grc'>⁸</span> <span class='ocrx_word' id='word_1_568' title='bbox 378 5898 472 5949; x_wconf 68' lang='lat' dir='ltr'><strong><em>Alli</em></strong></span> <span class='ocrx_word' id='word_1_569' title='bbox 500 5899 578 5947; x_wconf 75' lang='grc' dir='ltr'>ἄλ)</span> <span class='ocrx_word' id='word_1_570' title='bbox 590 5917 632 5948; x_wconf 89' lang='grc' dir='ltr'>οι</span> <span class='ocrx_word' id='word_1_571' title='bbox 667 5901 716 5948; x_wconf 75' lang='grc' dir='ltr'>δὲ</span> <span class='ocrx_word' id='word_1_572' title='bbox 747 5899 922 5961; x_wconf 72' lang='grc' dir='ltr'>ιλεγον.</span> 
     </span>
    </p>
   </div>
   <div class='ocr_carea' id='block_1_70' title="bbox 1396 235 2550 304">
    <p class='ocr_par' dir='ltr' id='par_1_70' title="bbox 1396 235 2550 304">
     <span class='ocr_line' id='line_1_70' title="bbox 1396 235 2550 304; baseline 0.003 -4"><span class='ocrx_word' id='word_1_573' title='bbox 1396 243 1465 300; x_wconf 84' lang='lat' dir='ltr'>IN</span> <span class='ocrx_word' id='word_1_574' title='bbox 1502 243 1818 300; x_wconf 72' lang='lat' dir='ltr'>JOA‘NNEM</span> <span class='ocrx_word' id='word_1_575' title='bbox 1858 241 2094 300; x_wconf 79' lang='lat' dir='ltr'>HOMIL.</span> <span class='ocrx_word' id='word_1_576' title='bbox 2134 244 2245 304; x_wconf 78' lang='lat' dir='ltr'>LX.</span> <span class='ocrx_word' id='word_1_577' title='bbox 2287 249 2360 304; x_wconf 86' lang='lat' dir='ltr'><strong><em>al.</em></strong></span> <span class='ocrx_word' id='word_1_578' title='bbox 2399 235 2550 303; x_wconf 61' lang='grc' dir='ltr'>ως</span> 
     </span>
    </p>
   </div>
   <div class='ocr_carea' id='block_1_71' title="bbox 3499 259 3610 314">
    <p class='ocr_par' dir='ltr' id='par_1_71' title="bbox 3499 259 3610 314">
     <span class='ocr_line' id='line_1_71' title="bbox 3499 259 3610 314; baseline 0 0"><span class='ocrx_word' id='word_1_579' title='bbox 3499 259 3610 314; x_wconf 74' lang='lat'>53‘!</span> 
     </span>
    </p>
   </div>
   <div class='ocr_carea' id='block_1_72' title="bbox 2017 365 3613 447">
    <p class='ocr_par' dir='ltr' id='par_1_72' title="bbox 2017 365 3613 447">
     <span class='ocr_line' id='line_1_72' title="bbox 2017 365 3613 447; baseline 0.006 -27"><span class='ocrx_word' id='word_1_580' title='bbox 2017 365 2193 423; x_wconf 88' lang='grc' dir='ltr'>ταῦτα</span> <span class='ocrx_word' id='word_1_581' title='bbox 2228 369 2606 439; x_wconf 82' lang='grc' dir='ltr'>ἀποκρίνεται.</span> <span class='ocrx_word' id='word_1_582' title='bbox 2643 372 2917 442; x_wconf 83' lang='grc' dir='ltr'>Πρότερον</span> <span class='ocrx_word' id='word_1_583' title='bbox 2971 372 3069 441; x_wconf 76' lang='grc' dir='ltr'>μὲν</span> <span class='ocrx_word' id='word_1_584' title='bbox 3115 375 3220 444; x_wconf 82' lang='grc' dir='ltr'>γὰρ</span> <span class='ocrx_word' id='word_1_585' title='bbox 3257 373 3613 447; x_wconf 76' lang='grc' dir='ltr'>ἀπεκρίνατο,</span> 
     </span>
    </p>
   </div>
   <div class='ocr_carea' id='block_1_73' title="bbox 2031 451 3614 532">
    <p class='ocr_par' dir='ltr' id='par_1_73' title="bbox 2031 451 3614 532">
     <span class='ocr_line' id='line_1_73' title="bbox 2031 451 3614 532; baseline 0.006 -29"><span class='ocrx_word' id='word_1_586' title='bbox 2031 451 2172 520; x_wconf 72' lang='grc' dir='ltr'>Ἐγὼ</span> <span class='ocrx_word' id='word_1_587' title='bbox 2196 451 2510 522; x_wconf 82' lang='grc' dir='ltr'>δαιμόνιον</span> <span class='ocrx_word' id='word_1_588' title='bbox 2538 457 2650 509; x_wconf 80' lang='grc' dir='ltr'>οὐκ</span> <span class='ocrx_word' id='word_1_589' title='bbox 2679 456 2797 522; x_wconf 78' lang='grc' dir='ltr'>ἔχω</span> <span class='ocrx_word' id='word_1_590' title='bbox 2823 473 2838 487; x_wconf 76' lang='grc' dir='ltr'>ο</span> <span class='ocrx_word' id='word_1_591' title='bbox 2870 457 2990 510; x_wconf 74' lang='grc' dir='ltr'>νυνὶ</span> <span class='ocrx_word' id='word_1_592' title='bbox 3016 456 3072 508; x_wconf 82' lang='grc' dir='ltr'>δὲ</span> <span class='ocrx_word' id='word_1_593' title='bbox 3097 456 3157 509; x_wconf 83' lang='grc' dir='ltr'>οὐ</span> <span class='ocrx_word' id='word_1_594' title='bbox 3179 457 3356 511; x_wconf 83' lang='grc' dir='ltr'>τοῦτο.</span> <span class='ocrx_word' id='word_1_595' title='bbox 3397 460 3614 532; x_wconf 77' lang='grc' dir='ltr'>Ἐπειδὴ</span> 
     </span>
    </p>
   </div>
   <div class='ocr_carea' id='block_1_74' title="bbox 2019 533 3612 610">
    <p class='ocr_par' dir='ltr' id='par_1_74' title="bbox 2019 533 3612 610">
     <span class='ocr_line' id='line_1_74' title="bbox 2019 533 3612 610; baseline 0.006 -24"><span class='ocrx_word' id='word_1_596' title='bbox 2019 533 2129 605; x_wconf 85' lang='grc' dir='ltr'>γὰρ</span> <span class='ocrx_word' id='word_1_597' title='bbox 2161 535 2260 606; x_wconf 78' lang='grc' dir='ltr'>τὴν</span> <span class='ocrx_word' id='word_1_598' title='bbox 2298 535 2388 588; x_wconf 84' lang='grc' dir='ltr'>διὰ</span> <span class='ocrx_word' id='word_1_599' title='bbox 2436 535 2547 591; x_wconf 84' lang='grc' dir='ltr'>τῶν</span> <span class='ocrx_word' id='word_1_600' title='bbox 2595 539 2939 610; x_wconf 82' lang='grc' dir='ltr'>πραγμάτων</span> <span class='ocrx_word' id='word_1_601' title='bbox 2991 539 3264 610; x_wconf 82' lang='grc' dir='ltr'>παρέσχεν</span> <span class='ocrx_word' id='word_1_602' title='bbox 3315 541 3612 609; x_wconf 80' lang='grc' dir='ltr'>ἀπόδειξιν,</span> 
     </span>
    </p>
   </div>
   <div class='ocr_carea' id='block_1_75' title="bbox 2017 616 3612 696">
    <p class='ocr_par' dir='ltr' id='par_1_75' title="bbox 2017 616 3612 696">
     <span class='ocr_line' id='line_1_75' title="bbox 2017 616 3612 696; baseline 0.007 -27"><span class='ocrx_word' id='word_1_603' title='bbox 2017 616 2176 687; x_wconf 78' lang='grc' dir='ltr'>ἐσίγα</span> <span class='ocrx_word' id='word_1_604' title='bbox 2212 618 2419 675; x_wconf 84' lang='grc' dir='ltr'>λοιπόν.</span> <span class='ocrx_word' id='word_1_605' title='bbox 2467 621 2604 674; x_wconf 81' lang='grc' dir='ltr'>Οὐδὲ</span> <span class='ocrx_word' id='word_1_606' title='bbox 2637 621 2746 694; x_wconf 83' lang='grc' dir='ltr'>γὰρ</span> <span class='ocrx_word' id='word_1_607' title='bbox 2793 623 3136 693; x_wconf 81' lang='grc' dir='ltr'>ἀποκρίσεως</span> <span class='ocrx_word' id='word_1_608' title='bbox 3185 625 3324 696; x_wconf 79' lang='grc' dir='ltr'>ἦσαν</span> <span class='ocrx_word' id='word_1_609' title='bbox 3358 625 3500 691; x_wconf 82' lang='grc' dir='ltr'>ἄξιοι</span> <span class='ocrx_word' id='word_1_610' title='bbox 3560 628 3612 680; x_wconf 85' lang='grc' dir='ltr'>οί</span> 
     </span>
    </p>
   </div>
   <div class='ocr_carea' id='block_1_76' title="bbox 2016 701 3614 782">
    <p class='ocr_par' dir='ltr' id='par_1_76' title="bbox 2016 701 3614 782">
     <span class='ocr_line' id='line_1_76' title="bbox 2016 701 3614 782; baseline 0.007 -28"><span class='ocrx_word' id='word_1_611' title='bbox 2016 701 2357 773; x_wconf 87' lang='grc' dir='ltr'>δαιμονῶντα</span> <span class='ocrx_word' id='word_1_612' title='bbox 2398 705 2561 759; x_wconf 80' lang='grc' dir='ltr'>αὐτὸν</span> <span class='ocrx_word' id='word_1_613' title='bbox 2591 706 2885 771; x_wconf 87' lang='grc' dir='ltr'>καλοῦντες</span> <span class='ocrx_word' id='word_1_614' title='bbox 2917 707 3059 780; x_wconf 82' lang='grc' dir='ltr'>ὑπὲρ</span> <span class='ocrx_word' id='word_1_615' title='bbox 3083 709 3290 765; x_wconf 88' lang='grc' dir='ltr'>τούτων</span> <span class='ocrx_word' id='word_1_616' title='bbox 3315 750 3331 774; x_wconf 94' lang='grc'>,</span> <span class='ocrx_word' id='word_1_617' title='bbox 3364 711 3508 782; x_wconf 81' lang='grc' dir='ltr'>ὑπὲρ</span> <span class='ocrx_word' id='word_1_618' title='bbox 3537 705 3614 764; x_wconf 83' lang='grc' dir='ltr'>ῶν</span> 
     </span>
    </p>
   </div>
   <div class='ocr_carea' id='block_1_77' title="bbox 2019 785 3614 865">
    <p class='ocr_par' dir='ltr' id='par_1_77' title="bbox 2019 785 3614 865">
     <span class='ocr_line' id='line_1_77' title="bbox 2019 785 3614 865; baseline 0.006 -27"><span class='ocrx_word' id='word_1_619' title='bbox 2019 785 2343 856; x_wconf 80' lang='grc' dir='ltr'>θαυμάζειν,</span> <span class='ocrx_word' id='word_1_620' title='bbox 2366 787 2461 840; x_wconf 78' lang='grc' dir='ltr'>καὶ</span> <span class='ocrx_word' id='word_1_621' title='bbox 2485 789 2620 842; x_wconf 87' lang='grc' dir='ltr'>Θεὸν</span> <span class='ocrx_word' id='word_1_622' title='bbox 2647 790 2900 860; x_wconf 76' lang='grc' dir='ltr'>ἡγεῖσθαι</span> <span class='ocrx_word' id='word_1_623' title='bbox 2934 792 3096 846; x_wconf 76' lang='grc' dir='ltr'>αὐτὸν</span> <span class='ocrx_word' id='word_1_624' title='bbox 3127 794 3316 865; x_wconf 82' lang='grc' dir='ltr'>ἐχρῆν.</span> <span class='ocrx_word' id='word_1_625' title='bbox 3345 795 3410 847; x_wconf 88' lang='grc' dir='ltr'>Τί</span> <span class='ocrx_word' id='word_1_626' title='bbox 3431 794 3488 848; x_wconf 81' lang='grc' dir='ltr'>δὲ</span> <span class='ocrx_word' id='word_1_627' title='bbox 3517 795 3614 851; x_wconf 76' lang='grc' dir='ltr'>καὶ</span> 
     </span>
    </p>
   </div>
   <div class='ocr_carea' id='block_1_78' title="bbox 2018 868 3611 949">
    <p class='ocr_par' dir='ltr' id='par_1_78' title="bbox 2018 868 3611 949">
     <span class='ocr_line' id='line_1_78' title="bbox 2018 868 3611 949; baseline 0.007 -27"><span class='ocrx_word' id='word_1_628' title='bbox 2018 869 2126 922; x_wconf 73' lang='grc' dir='ltr'>ἔδει</span> <span class='ocrx_word' id='word_1_629' title='bbox 2162 868 2313 944; x_wconf 80' lang='grc'>[556]</span> <span class='ocrx_word' id='word_1_630' title='bbox 2351 871 2460 925; x_wconf 85' lang='grc' dir='ltr'>τῶν</span> <span class='ocrx_word' id='word_1_631' title='bbox 2512 874 2644 944; x_wconf 80' lang='grc' dir='ltr'>παρ’</span> <span class='ocrx_word' id='word_1_632' title='bbox 2689 875 2852 928; x_wconf 89' lang='grc' dir='ltr'>αὐτοῦ</span> <span class='ocrx_word' id='word_1_633' title='bbox 2887 876 3074 931; x_wconf 79' lang='grc' dir='ltr'>λοιπὸν</span> <span class='ocrx_word' id='word_1_634' title='bbox 3122 879 3359 949; x_wconf 77' lang='grc' dir='ltr'>ἐλέγχων</span> <span class='ocrx_word' id='word_1_635' title='bbox 3385 921 3399 945; x_wconf 91' lang='grc'>,</span> <span class='ocrx_word' id='word_1_636' title='bbox 3428 878 3611 933; x_wconf 86' lang='grc' dir='ltr'>αὐτῶν</span> 
     </span>
    </p>
   </div>
   <div class='ocr_carea' id='block_1_79' title="bbox 2019 954 3609 1035">
    <p class='ocr_par' dir='ltr' id='par_1_79' title="bbox 2019 954 3609 1035">
     <span class='ocr_line' id='line_1_79' title="bbox 2019 954 3609 1035; baseline 0.008 -30"><span class='ocrx_word' id='word_1_637' title='bbox 2019 954 2139 1006; x_wconf 89' lang='grc' dir='ltr'>κατ’</span> <span class='ocrx_word' id='word_1_638' title='bbox 2163 954 2411 1025; x_wconf 82' lang='grc' dir='ltr'>ἀλλήλων</span> <span class='ocrx_word' id='word_1_639' title='bbox 2440 956 2742 1027; x_wconf 78' lang='grc' dir='ltr'>ἱσταμένων</span> <span class='ocrx_word' id='word_1_640' title='bbox 2770 961 2863 1012; x_wconf 76' lang='grc' dir='ltr'>καὶ</span> <span class='ocrx_word' id='word_1_641' title='bbox 2890 960 3279 1032; x_wconf 84' lang='grc' dir='ltr'>διελεγχόντων</span> <span class='ocrx_word' id='word_1_642' title='bbox 3312 962 3609 1035; x_wconf 79' lang='grc' dir='ltr'>ἀλλήλουςς</span> 
     </span>
    </p>
   </div>
   <div class='ocr_carea' id='block_1_80' title="bbox 2019 1035 3614 1117">
    <p class='ocr_par' dir='ltr' id='par_1_80' title="bbox 2019 1035 3614 1117">
     <span class='ocr_line' id='line_1_80' title="bbox 2019 1035 3614 1117; baseline 0.006 -29"><span class='ocrx_word' id='word_1_643' title='bbox 2019 1035 2120 1090; x_wconf 80' lang='grc' dir='ltr'>Διὰ</span> <span class='ocrx_word' id='word_1_644' title='bbox 2151 1036 2310 1090; x_wconf 88' lang='grc' dir='ltr'>τοῦτο</span> <span class='ocrx_word' id='word_1_645' title='bbox 2343 1039 2502 1107; x_wconf 90' lang='grc' dir='ltr'>ἐσίγα</span> <span class='ocrx_word' id='word_1_646' title='bbox 2533 1039 2630 1093; x_wconf 83' lang='grc' dir='ltr'>καὶ</span> <span class='ocrx_word' id='word_1_647' title='bbox 2683 1041 2876 1112; x_wconf 85' lang='grc' dir='ltr'>πράως</span> <span class='ocrx_word' id='word_1_648' title='bbox 2916 1043 3092 1098; x_wconf 89' lang='grc' dir='ltr'>πάντα</span> <span class='ocrx_word' id='word_1_649' title='bbox 3145 1045 3360 1117; x_wconf 76' lang='grc' dir='ltr'>ἔφερεν.</span> <span class='ocrx_word' id='word_1_650' title='bbox 3392 1047 3468 1100; x_wconf 89' lang='grc' dir='ltr'>Οὐ</span> <span class='ocrx_word' id='word_1_651' title='bbox 3521 1045 3614 1099; x_wconf 82' lang='grc' dir='ltr'>διὰ</span> 
     </span>
    </p>
   </div>
   <div class='ocr_carea' id='block_1_81' title="bbox 2018 1118 3613 1196">
    <p class='ocr_par' dir='ltr' id='par_1_81' title="bbox 2018 1118 3613 1196">
     <span class='ocr_line' id='line_1_81' title="bbox 2018 1118 3613 1196; baseline 0.009 -25"><span class='ocrx_word' id='word_1_652' title='bbox 2018 1118 2178 1172; x_wconf 86' lang='grc' dir='ltr'>τοῦτο</span> <span class='ocrx_word' id='word_1_653' title='bbox 2211 1119 2270 1172; x_wconf 84' lang='grc' dir='ltr'>δὲ</span> <span class='ocrx_word' id='word_1_654' title='bbox 2306 1119 2467 1190; x_wconf 87' lang='grc' dir='ltr'>μόνον</span> <span class='ocrx_word' id='word_1_655' title='bbox 2484 1159 2500 1184; x_wconf 92' lang='grc'>,</span> <span class='ocrx_word' id='word_1_656' title='bbox 2529 1121 2669 1176; x_wconf 82' lang='grc' dir='ltr'>ἀλλὰ</span> <span class='ocrx_word' id='word_1_657' title='bbox 2696 1124 2794 1177; x_wconf 76' lang='grc' dir='ltr'>καὶ</span> <span class='ocrx_word' id='word_1_658' title='bbox 2830 1127 2978 1196; x_wconf 77' lang='grc' dir='ltr'>ἡμᾶς</span> <span class='ocrx_word' id='word_1_659' title='bbox 3006 1126 3278 1183; x_wconf 85' lang='grc' dir='ltr'>παιδεύων</span> <span class='ocrx_word' id='word_1_660' title='bbox 3307 1129 3613 1184; x_wconf 81' lang='grc' dir='ltr'>ἐπιείκειαν</span> 
     </span>
    </p>
   </div>
   <div class='ocr_carea' id='block_1_82' title="bbox 2021 1204 2764 1276">
    <p class='ocr_par' dir='ltr' id='par_1_82' title="bbox 2021 1204 2764 1276">
     <span class='ocr_line' id='line_1_82' title="bbox 2021 1204 2764 1276; baseline 0.008 -20"><span class='ocrx_word' id='word_1_661' title='bbox 2021 1204 2115 1257; x_wconf 82' lang='grc' dir='ltr'>καὶ</span> <span class='ocrx_word' id='word_1_662' title='bbox 2146 1205 2533 1276; x_wconf 82' lang='grc' dir='ltr'>μακροθυμίαν</span> <span class='ocrx_word' id='word_1_663' title='bbox 2564 1208 2764 1262; x_wconf 86' lang='grc' dir='ltr'>πᾶσαν.</span> 
     </span>
    </p>
   </div>
   <div class='ocr_carea' id='block_1_83' title="bbox 2089 1285 3615 1368">
    <p class='ocr_par' dir='ltr' id='par_1_83' title="bbox 2089 1285 3615 1368">
     <span class='ocr_line' id='line_1_83' title="bbox 2089 1285 3615 1368; baseline 0.007 -28"><span class='ocrx_word' id='word_1_664' title='bbox 2089 1285 2153 1342; x_wconf 83' lang='grc' dir='ltr'>δ’.</span> <span class='ocrx_word' id='word_1_665' title='bbox 2170 1287 2372 1341; x_wconf 79' lang='grc' dir='ltr'>Τοῦτον</span> <span class='ocrx_word' id='word_1_666' title='bbox 2389 1288 2571 1342; x_wconf 85' lang='grc' dir='ltr'>τοίνυν</span> <span class='ocrx_word' id='word_1_667' title='bbox 2597 1289 2950 1363; x_wconf 79' lang='grc' dir='ltr'>ζηλὼσωμεν.</span> <span class='ocrx_word' id='word_1_668' title='bbox 2973 1295 3109 1349; x_wconf 89' lang='grc' dir='ltr'>Οὐδέ</span> <span class='ocrx_word' id='word_1_669' title='bbox 3129 1293 3239 1366; x_wconf 80' lang='grc' dir='ltr'>γάρ</span> <span class='ocrx_word' id='word_1_670' title='bbox 3260 1295 3484 1368; x_wconf 72' lang='grc' dir='ltr'>έσίγησε</span> <span class='ocrx_word' id='word_1_671' title='bbox 3518 1295 3615 1367; x_wconf 86' lang='grc' dir='ltr'>μό-</span> 
     </span>
    </p>
   </div>
   <div class='ocr_carea' id='block_1_84' title="bbox 2019 1370 3615 1451">
    <p class='ocr_par' dir='ltr' id='par_1_84' title="bbox 2019 1370 3615 1451">
     <span class='ocr_line' id='line_1_84' title="bbox 2019 1370 3615 1451; baseline 0.004 -26"><span class='ocrx_word' id='word_1_672' title='bbox 2019 1387 2131 1436; x_wconf 87' lang='grc' dir='ltr'>νον,</span> <span class='ocrx_word' id='word_1_673' title='bbox 2161 1370 2298 1425; x_wconf 85' lang='grc' dir='ltr'>άλλὰ</span> <span class='ocrx_word' id='word_1_674' title='bbox 2323 1371 2418 1425; x_wconf 72' lang='grc' dir='ltr'>καὶ</span> <span class='ocrx_word' id='word_1_675' title='bbox 2441 1371 2603 1426; x_wconf 87' lang='grc' dir='ltr'>πάλιν</span> <span class='ocrx_word' id='word_1_676' title='bbox 2632 1373 2857 1446; x_wconf 84' lang='grc' dir='ltr'>ἐπέστη,</span> <span class='ocrx_word' id='word_1_677' title='bbox 2881 1377 2975 1430; x_wconf 75' lang='grc' dir='ltr'>καὶ</span> <span class='ocrx_word' id='word_1_678' title='bbox 3003 1379 3298 1448; x_wconf 75' lang='grc' dir='ltr'>ἐρωτηθεὶς</span> <span class='ocrx_word' id='word_1_679' title='bbox 3323 1379 3615 1451; x_wconf 63' lang='grc' dir='ltr'>άποκρίνευ</span> 
     </span>
    </p>
   </div>
   <div class='ocr_carea' id='block_1_85' title="bbox 2019 1454 3615 1528">
    <p class='ocr_par' dir='ltr' id='par_1_85' title="bbox 2019 1454 3615 1528">
     <span class='ocr_line' id='line_1_85' title="bbox 2019 1454 3615 1528; baseline 0.004 -20"><span class='ocrx_word' id='word_1_680' title='bbox 2019 1472 2142 1522; x_wconf 88' lang='grc' dir='ltr'>ται,</span> <span class='ocrx_word' id='word_1_681' title='bbox 2197 1455 2292 1507; x_wconf 80' lang='grc' dir='ltr'>καὶ</span> <span class='ocrx_word' id='word_1_682' title='bbox 2337 1454 2410 1508; x_wconf 86' lang='grc' dir='ltr'>τὰ</span> <span class='ocrx_word' id='word_1_683' title='bbox 2445 1455 2545 1525; x_wconf 90' lang='grc' dir='ltr'>τῆς</span> <span class='ocrx_word' id='word_1_684' title='bbox 2586 1457 2843 1528; x_wconf 85' lang='grc' dir='ltr'>προνοίας</span> <span class='ocrx_word' id='word_1_685' title='bbox 2874 1459 3040 1514; x_wconf 90' lang='grc' dir='ltr'>αὐτοῦ</span> <span class='ocrx_word' id='word_1_686' title='bbox 3071 1461 3442 1517; x_wconf 86' lang='grc' dir='ltr'>ἐπιδείκνυται</span> <span class='ocrx_word' id='word_1_687' title='bbox 3467 1478 3483 1496; x_wconf 79' lang='grc' dir='ltr'><strong>ο</strong></span> <span class='ocrx_word' id='word_1_688' title='bbox 3517 1463 3615 1519; x_wconf 76' lang='grc' dir='ltr'>καὶ</span> 
     </span>
    </p>
   </div>
   <div class='ocr_carea' id='block_1_86' title="bbox 2018 1536 3615 1617">
    <p class='ocr_par' dir='ltr' id='par_1_86' title="bbox 2018 1536 3615 1617">
     <span class='ocr_line' id='line_1_86' title="bbox 2018 1536 3615 1617; baseline 0.006 -27"><span class='ocrx_word' id='word_1_689' title='bbox 2018 1536 2290 1608; x_wconf 86' lang='grc' dir='ltr'>δαιμονῶν</span> <span class='ocrx_word' id='word_1_690' title='bbox 2319 1537 2541 1608; x_wconf 78' lang='grc' dir='ltr'>κληθεὶς</span> <span class='ocrx_word' id='word_1_691' title='bbox 2593 1539 2687 1593; x_wconf 72' lang='grc' dir='ltr'>καὶ</span> <span class='ocrx_word' id='word_1_692' title='bbox 2717 1541 3074 1612; x_wconf 85' lang='grc' dir='ltr'>μαινόμενος,</span> <span class='ocrx_word' id='word_1_693' title='bbox 3127 1546 3280 1613; x_wconf 71' lang='grc' dir='ltr'>παρὰ</span> <span class='ocrx_word' id='word_1_694' title='bbox 3309 1544 3615 1617; x_wconf 82' lang='grc' dir='ltr'>ἀνθρώπων</span> 
     </span>
    </p>
   </div>
   <div class='ocr_carea' id='block_1_87' title="bbox 2023 1622 3614 1695">
    <p class='ocr_par' dir='ltr' id='par_1_87' title="bbox 2023 1622 3614 1695">
     <span class='ocr_line' id='line_1_87' title="bbox 2023 1622 3614 1695; baseline 0.006 -20"><span class='ocrx_word' id='word_1_695' title='bbox 2023 1623 2195 1694; x_wconf 88' lang='grc' dir='ltr'>μυρία</span> <span class='ocrx_word' id='word_1_696' title='bbox 2226 1622 2698 1694; x_wconf 86' lang='grc' dir='ltr'>εὐηργετημένων,</span> <span class='ocrx_word' id='word_1_697' title='bbox 2732 1624 2827 1678; x_wconf 70' lang='grc' dir='ltr'>καὶ</span> <span class='ocrx_word' id='word_1_698' title='bbox 2874 1627 2973 1695; x_wconf 86' lang='grc' dir='ltr'>οὐχ</span> <span class='ocrx_word' id='word_1_699' title='bbox 3003 1625 3153 1692; x_wconf 77' lang='grc' dir='ltr'>ἅπαξ</span> <span class='ocrx_word' id='word_1_700' title='bbox 3181 1628 3301 1681; x_wconf 80' lang='grc' dir='ltr'>οὐδὲ</span> <span class='ocrx_word' id='word_1_701' title='bbox 3328 1629 3410 1691; x_wconf 73' lang='grc' dir='ltr'>δὶς</span> <span class='ocrx_word' id='word_1_702' title='bbox 3430 1670 3446 1694; x_wconf 96' lang='grc'>,</span> <span class='ocrx_word' id='word_1_703' title='bbox 3477 1629 3614 1684; x_wconf 75' lang='grc' dir='ltr'>ἀλλὰ</span> 
     </span>
    </p>
   </div>
   <div class='ocr_carea' id='block_1_88' title="bbox 2019 1705 3614 1785">
    <p class='ocr_par' dir='ltr' id='par_1_88' title="bbox 2019 1705 3614 1785">
     <span class='ocr_line' id='line_1_88' title="bbox 2019 1705 3614 1785; baseline 0.004 -25"><span class='ocrx_word' id='word_1_704' title='bbox 2019 1706 2115 1760; x_wconf 76' lang='grc' dir='ltr'>καὶ</span> <span class='ocrx_word' id='word_1_705' title='bbox 2133 1705 2425 1770; x_wconf 84' lang='grc' dir='ltr'>πολλάκις,</span> <span class='ocrx_word' id='word_1_706' title='bbox 2457 1705 2518 1758; x_wconf 88' lang='grc' dir='ltr'>οὐ</span> <span class='ocrx_word' id='word_1_707' title='bbox 2554 1705 2714 1776; x_wconf 89' lang='grc' dir='ltr'>μόνον</span> <span class='ocrx_word' id='word_1_708' title='bbox 2743 1708 2841 1761; x_wconf 87' lang='grc' dir='ltr'>οὐκ</span> <span class='ocrx_word' id='word_1_709' title='bbox 2873 1708 3139 1779; x_wconf 77' lang='grc' dir='ltr'>ἠμύνατο,</span> <span class='ocrx_word' id='word_1_710' title='bbox 3166 1710 3302 1766; x_wconf 79' lang='grc' dir='ltr'>ἀλλὰ</span> <span class='ocrx_word' id='word_1_711' title='bbox 3335 1713 3428 1766; x_wconf 80' lang='grc' dir='ltr'>καὶ</span> <span class='ocrx_word' id='word_1_712' title='bbox 3455 1713 3614 1785; x_wconf 74' lang='grc' dir='ltr'>εὐερο</span> 
     </span>
    </p>
   </div>
   <div class='ocr_carea' id='block_1_89' title="bbox 2018 1789 3610 1867">
    <p class='ocr_par' dir='ltr' id='par_1_89' title="bbox 2018 1789 3610 1867">
     <span class='ocr_line' id='line_1_89' title="bbox 2018 1789 3610 1867; baseline 0.006 -25"><span class='ocrx_word' id='word_1_713' title='bbox 2018 1789 2193 1858; x_wconf 87' lang='grc' dir='ltr'>γετῶν</span> <span class='ocrx_word' id='word_1_714' title='bbox 2223 1789 2422 1854; x_wconf 77' lang='grc' dir='ltr'>αὐτοὺς</span> <span class='ocrx_word' id='word_1_715' title='bbox 2462 1789 2524 1842; x_wconf 89' lang='grc' dir='ltr'>οὐ</span> <span class='ocrx_word' id='word_1_716' title='bbox 2556 1789 2783 1846; x_wconf 87' lang='grc' dir='ltr'>διέλιπε.</span> <span class='ocrx_word' id='word_1_717' title='bbox 2833 1793 2943 1847; x_wconf 84' lang='lat' dir='ltr'>Kal</span> <span class='ocrx_word' id='word_1_718' title='bbox 2973 1793 3026 1848; x_wconf 92' lang='grc' dir='ltr'>τί</span> <span class='ocrx_word' id='word_1_719' title='bbox 3072 1794 3217 1864; x_wconf 88' lang='grc' dir='ltr'>λέγω</span> <span class='ocrx_word' id='word_1_720' title='bbox 3263 1796 3610 1867; x_wconf 83' lang='grc' dir='ltr'>εὐεργετῶν;</span> 
     </span>
    </p>
   </div>
   <div class='ocr_carea' id='block_1_90' title="bbox 2031 1872 3614 1948">
    <p class='ocr_par' dir='ltr' id='par_1_90' title="bbox 2031 1872 3614 1948">
     <span class='ocr_line' id='line_1_90' title="bbox 2031 1872 3614 1948; baseline 0.004 -24"><span class='ocrx_word' id='word_1_721' title='bbox 2031 1872 2203 1944; x_wconf 81' lang='grc' dir='ltr'>’Υπὲρ</span> <span class='ocrx_word' id='word_1_722' title='bbox 2232 1872 2412 1926; x_wconf 85' lang='grc' dir='ltr'>αὐτῶν</span> <span class='ocrx_word' id='word_1_723' title='bbox 2450 1872 2544 1926; x_wconf 80' lang='grc' dir='ltr'>καὶ</span> <span class='ocrx_word' id='word_1_724' title='bbox 2580 1873 2680 1944; x_wconf 79' lang='grc' dir='ltr'>τὴν</span> <span class='ocrx_word' id='word_1_725' title='bbox 2708 1874 2887 1946; x_wconf 75' lang='grc' dir='ltr'>ψυχὴν</span> <span class='ocrx_word' id='word_1_726' title='bbox 2915 1877 3081 1931; x_wconf 89' lang='grc' dir='ltr'>αὐτοῦ</span> <span class='ocrx_word' id='word_1_727' title='bbox 3113 1877 3300 1948; x_wconf 82' lang='grc' dir='ltr'>ἔθηκε,</span> <span class='ocrx_word' id='word_1_728' title='bbox 3331 1880 3426 1933; x_wconf 71' lang='grc' dir='ltr'>καὶ</span> <span class='ocrx_word' id='word_1_729' title='bbox 3451 1897 3614 1933; x_wconf 77' lang='grc' dir='ltr'>σταυ-</span> 
     </span>
    </p>
   </div>
   <div class='ocr_carea' id='block_1_91' title="bbox 2025 1955 3614 2032">
    <p class='ocr_par' dir='ltr' id='par_1_91' title="bbox 2025 1955 3614 2032">
     <span class='ocr_line' id='line_1_91' title="bbox 2025 1955 3614 2032; baseline 0.003 -24"><span class='ocrx_word' id='word_1_730' title='bbox 2025 1956 2286 2027; x_wconf 88' lang='grc' dir='ltr'>ρούμενος</span> <span class='ocrx_word' id='word_1_731' title='bbox 2321 1955 2463 2026; x_wconf 76' lang='grc' dir='ltr'>ὑπὲρ</span> <span class='ocrx_word' id='word_1_732' title='bbox 2503 1957 2686 2010; x_wconf 85' lang='grc' dir='ltr'>αὐτῶν</span> <span class='ocrx_word' id='word_1_733' title='bbox 2732 1958 2812 2029; x_wconf 80' lang='grc' dir='ltr'>τῷ</span> <span class='ocrx_word' id='word_1_734' title='bbox 2861 1960 3040 2032; x_wconf 71' lang='grc' dir='ltr'>Πατρὶ</span> <span class='ocrx_word' id='word_1_735' title='bbox 3092 1960 3420 2030; x_wconf 89' lang='grc' dir='ltr'>διαλέγεται.</span> <span class='ocrx_word' id='word_1_736' title='bbox 3449 1960 3614 2015; x_wconf 77' lang='grc' dir='ltr'>Ταῦτ’</span> 
     </span>
    </p>
   </div>
   <div class='ocr_carea' id='block_1_92' title="bbox 2018 2036 3613 2117">
    <p class='ocr_par' dir='ltr' id='par_1_92' title="bbox 2018 2036 3613 2117">
     <span class='ocr_line' id='line_1_92' title="bbox 2018 2036 3613 2117; baseline 0.001 -22"><span class='ocrx_word' id='word_1_737' title='bbox 2018 2036 2113 2095; x_wconf 75' lang='grc' dir='ltr'>οὖν</span> <span class='ocrx_word' id='word_1_738' title='bbox 2137 2039 2234 2094; x_wconf 75' lang='grc' dir='ltr'>καὶ</span> <span class='ocrx_word' id='word_1_739' title='bbox 2261 2042 2423 2111; x_wconf 78' lang='grc' dir='ltr'>ἡμεῖς</span> <span class='ocrx_word' id='word_1_740' title='bbox 2454 2040 2844 2112; x_wconf 86' lang='grc' dir='ltr'>μιμησώμεθα.</span> <span class='ocrx_word' id='word_1_741' title='bbox 2881 2043 3054 2098; x_wconf 85' lang='grc' dir='ltr'>Τοῦτο</span> <span class='ocrx_word' id='word_1_742' title='bbox 3089 2045 3198 2117; x_wconf 89' lang='grc' dir='ltr'>γάρ</span> <span class='ocrx_word' id='word_1_743' title='bbox 3229 2046 3344 2100; x_wconf 85' lang='grc' dir='ltr'>ἐστι</span> <span class='ocrx_word' id='word_1_744' title='bbox 3377 2043 3613 2117; x_wconf 80' lang='grc' dir='ltr'>Χριστοῦ</span> 
     </span>
    </p>
   </div>
   <div class='ocr_carea' id='block_1_93' title="bbox 2019 2119 3614 2199">
    <p class='ocr_par' dir='ltr' id='par_1_93' title="bbox 2019 2119 3614 2199">
     <span class='ocr_line' id='line_1_93' title="bbox 2019 2119 3614 2199; baseline 0.002 -23"><span class='ocrx_word' id='word_1_745' title='bbox 2019 2119 2160 2177; x_wconf 81' lang='grc' dir='ltr'>εἶναι</span> <span class='ocrx_word' id='word_1_746' title='bbox 2199 2123 2467 2196; x_wconf 81' lang='grc' dir='ltr'>μαθητὴν,</span> <span class='ocrx_word' id='word_1_747' title='bbox 2501 2125 2562 2178; x_wconf 83' lang='grc' dir='ltr'>τὸ</span> <span class='ocrx_word' id='word_1_748' title='bbox 2587 2128 2760 2197; x_wconf 86' lang='grc' dir='ltr'>πρᾶον</span> <span class='ocrx_word' id='word_1_749' title='bbox 2785 2122 2925 2181; x_wconf 75' lang='grc' dir='ltr'>εἶναι</span> <span class='ocrx_word' id='word_1_750' title='bbox 2951 2132 3048 2182; x_wconf 82' lang='grc' dir='ltr'>καὶ</span> <span class='ocrx_word' id='word_1_751' title='bbox 3079 2129 3321 2199; x_wconf 86' lang='grc' dir='ltr'>ἐπιεικῆ.</span> <span class='ocrx_word' id='word_1_752' title='bbox 3356 2129 3525 2182; x_wconf 87' lang='grc' dir='ltr'>Πόθεν</span> <span class='ocrx_word' id='word_1_753' title='bbox 3556 2126 3614 2181; x_wconf 75' lang='grc' dir='ltr'>δὲ</span> 
     </span>
    </p>
   </div>
   <div class='ocr_carea' id='block_1_94' title="bbox 2018 2207 3615 2282">
    <p class='ocr_par' dir='ltr' id='par_1_94' title="bbox 2018 2207 3615 2282">
     <span class='ocr_line' id='line_1_94' title="bbox 2018 2207 3615 2282; baseline 0.004 -22"><span class='ocrx_word' id='word_1_754' title='bbox 2018 2207 2215 2276; x_wconf 87' lang='grc' dir='ltr'>γένοιτ’</span> <span class='ocrx_word' id='word_1_755' title='bbox 2242 2207 2308 2261; x_wconf 86' lang='grc' dir='ltr'>ἂν</span> <span class='ocrx_word' id='word_1_756' title='bbox 2331 2210 2463 2279; x_wconf 77' lang='grc' dir='ltr'>ἡμῖν</span> <span class='ocrx_word' id='word_1_757' title='bbox 2500 2207 2638 2280; x_wconf 80' lang='grc' dir='ltr'>αὐτη</span> <span class='ocrx_word' id='word_1_758' title='bbox 2672 2211 2705 2280; x_wconf 85' lang='grc' dir='ltr'><strong>ή</strong></span> <span class='ocrx_word' id='word_1_759' title='bbox 2734 2211 2977 2282; x_wconf 86' lang='grc' dir='ltr'>πραότης</span> <span class='ocrx_word' id='word_1_760' title='bbox 3010 2228 3025 2276; x_wconf 91' lang='lat'><strong>;</strong></span> <span class='ocrx_word' id='word_1_761' title='bbox 3058 2213 3156 2264; x_wconf 79' lang='lat' dir='ltr'>&quot;Av</span> <span class='ocrx_word' id='word_1_762' title='bbox 3191 2212 3292 2275; x_wconf 82' lang='grc' dir='ltr'>τὰς</span> <span class='ocrx_word' id='word_1_763' title='bbox 3339 2210 3615 2282; x_wconf 81' lang='grc' dir='ltr'>ἁμαρτίας</span> 
     </span>
    </p>
   </div>
   <div class='ocr_carea' id='block_1_95' title="bbox 2021 2291 3615 2367">
    <p class='ocr_par' dir='ltr' id='par_1_95' title="bbox 2021 2291 3615 2367">
     <span class='ocr_line' id='line_1_95' title="bbox 2021 2291 3615 2367; baseline 0.003 -23"><span class='ocrx_word' id='word_1_764' title='bbox 2021 2291 2176 2363; x_wconf 74' lang='grc' dir='ltr'>ἡμῶν</span> <span class='ocrx_word' id='word_1_765' title='bbox 2195 2291 2543 2363; x_wconf 77' lang='grc' dir='ltr'>λογιζώμεθα</span> <span class='ocrx_word' id='word_1_766' title='bbox 2563 2292 2803 2363; x_wconf 85' lang='grc' dir='ltr'>συνεχῶς</span> <span class='ocrx_word' id='word_1_767' title='bbox 2822 2334 2837 2358; x_wconf 92' lang='grc'>,</span> <span class='ocrx_word' id='word_1_768' title='bbox 2864 2294 2930 2348; x_wconf 77' lang='grc' dir='ltr'>ἂν</span> <span class='ocrx_word' id='word_1_769' title='bbox 2953 2294 3256 2364; x_wconf 86' lang='grc' dir='ltr'>πενθῶμεν,</span> <span class='ocrx_word' id='word_1_770' title='bbox 3283 2294 3350 2349; x_wconf 81' lang='grc' dir='ltr'>ἂν</span> <span class='ocrx_word' id='word_1_771' title='bbox 3369 2294 3615 2367; x_wconf 86' lang='grc' dir='ltr'>δακρύω-</span> 
     </span>
    </p>
   </div>
   <div class='ocr_carea' id='block_1_96' title="bbox 2024 2375 3615 2449">
    <p class='ocr_par' dir='ltr' id='par_1_96' title="bbox 2024 2375 3615 2449">
     <span class='ocr_line' id='line_1_96' title="bbox 2024 2375 3615 2449; baseline 0.002 -21"><span class='ocrx_word' id='word_1_772' title='bbox 2024 2393 2142 2447; x_wconf 89' lang='grc' dir='ltr'>μεν.</span> <span class='ocrx_word' id='word_1_773' title='bbox 2182 2375 2318 2429; x_wconf 85' lang='grc' dir='ltr'>Οὐδὲ</span> <span class='ocrx_word' id='word_1_774' title='bbox 2366 2377 2476 2447; x_wconf 83' lang='grc' dir='ltr'>γὰρ</span> <span class='ocrx_word' id='word_1_775' title='bbox 2523 2377 2776 2447; x_wconf 83' lang='grc' dir='ltr'>ἀνέχεται</span> <span class='ocrx_word' id='word_1_776' title='bbox 2824 2376 2970 2448; x_wconf 78' lang='grc' dir='ltr'>ψυχὴ</span> <span class='ocrx_word' id='word_1_777' title='bbox 3001 2377 3236 2449; x_wconf 79' lang='grc' dir='ltr'>τοσαύτῃ</span> <span class='ocrx_word' id='word_1_778' title='bbox 3286 2377 3615 2432; x_wconf 79' lang='grc' dir='ltr'>συνοικοῦσα</span> 
     </span>
    </p>
   </div>
   <div class='ocr_carea' id='block_1_97' title="bbox 2019 2458 3612 2535">
    <p class='ocr_par' dir='ltr' id='par_1_97' title="bbox 2019 2458 3612 2535">
     <span class='ocr_line' id='line_1_97' title="bbox 2019 2458 3612 2535; baseline 0.003 -23"><span class='ocrx_word' id='word_1_779' title='bbox 2019 2459 2182 2531; x_wconf 76' lang='grc' dir='ltr'>ὀδύνῃ</span> <span class='ocrx_word' id='word_1_780' title='bbox 2211 2459 2613 2530; x_wconf 80' lang='grc' dir='ltr'>παροξύνεσθαι</span> <span class='ocrx_word' id='word_1_781' title='bbox 2645 2461 2739 2514; x_wconf 78' lang='grc' dir='ltr'>καὶ</span> <span class='ocrx_word' id='word_1_782' title='bbox 2767 2461 3100 2532; x_wconf 76' lang='grc' dir='ltr'>ὀργίζεσθαι.</span> <span class='ocrx_word' id='word_1_783' title='bbox 3136 2462 3308 2516; x_wconf 87' lang='grc' dir='ltr'>Ἔνθα</span> <span class='ocrx_word' id='word_1_784' title='bbox 3332 2462 3442 2535; x_wconf 84' lang='grc' dir='ltr'>γὰρ</span> <span class='ocrx_word' id='word_1_785' title='bbox 3483 2462 3548 2517; x_wconf 83' lang='grc' dir='ltr'>ἂν</span> 
     </span>
    </p>
   </div>
   <div class='ocr_carea' id='block_1_98' title="bbox 2020 2539 3614 2618">
    <p class='ocr_par' dir='ltr' id='par_1_98' title="bbox 2020 2539 3614 2618">
     <span class='ocr_line' id='line_1_98' title="bbox 2020 2539 3614 2618; baseline 0.003 -23"><span class='ocrx_word' id='word_1_786' title='bbox 2020 2542 2214 2606; x_wconf 83' lang='grc' dir='ltr'>πένθος</span> <span class='ocrx_word' id='word_1_787' title='bbox 2233 2582 2247 2605; x_wconf 92' lang='grc'>,</span> <span class='ocrx_word' id='word_1_788' title='bbox 2265 2543 2435 2614; x_wconf 82' lang='grc' dir='ltr'>ὀργὴν</span> <span class='ocrx_word' id='word_1_789' title='bbox 2457 2539 2597 2598; x_wconf 80' lang='grc' dir='ltr'>εἶναι</span> <span class='ocrx_word' id='word_1_790' title='bbox 2618 2545 2898 2616; x_wconf 82' lang='grc' dir='ltr'>ἀμήχανον</span> <span class='ocrx_word' id='word_1_791' title='bbox 2920 2561 2932 2574; x_wconf 84' lang='grc'><em>’</em></span> <span class='ocrx_word' id='word_1_792' title='bbox 2957 2545 3084 2600; x_wconf 84' lang='grc' dir='ltr'>ἔνθα</span> <span class='ocrx_word' id='word_1_793' title='bbox 3107 2546 3274 2618; x_wconf 84' lang='grc' dir='ltr'>λύπη,</span> <span class='ocrx_word' id='word_1_794' title='bbox 3291 2549 3442 2601; x_wconf 82' lang='grc' dir='ltr'>πᾶσα</span> <span class='ocrx_word' id='word_1_795' title='bbox 3459 2548 3614 2600; x_wconf 80' lang='grc' dir='ltr'>ἐκπο-</span> 
     </span>
    </p>
   </div>
   <div class='ocr_carea' id='block_1_99' title="bbox 2017 2625 3613 2700">
    <p class='ocr_par' dir='ltr' id='par_1_99' title="bbox 2017 2625 3613 2700">
     <span class='ocr_line' id='line_1_99' title="bbox 2017 2625 3613 2700; baseline 0.002 -22"><span class='ocrx_word' id='word_1_796' title='bbox 2017 2625 2123 2679; x_wconf 84' lang='grc' dir='ltr'>δὼν</span> <span class='ocrx_word' id='word_1_797' title='bbox 2159 2627 2295 2696; x_wconf 82' lang='grc' dir='ltr'>ὀργή</span> <span class='ocrx_word' id='word_1_798' title='bbox 2323 2642 2336 2655; x_wconf 80' lang='grc'><em>’</em></span> <span class='ocrx_word' id='word_1_799' title='bbox 2370 2625 2498 2679; x_wconf 76' lang='grc' dir='ltr'>ἔνθα</span> <span class='ocrx_word' id='word_1_800' title='bbox 2548 2627 2808 2699; x_wconf 69' lang='grc' dir='ltr'>συν-τριϐὴ</span> <span class='ocrx_word' id='word_1_801' title='bbox 2842 2628 3083 2692; x_wconf 80' lang='grc' dir='ltr'>διανοίας</span> <span class='ocrx_word' id='word_1_802' title='bbox 3103 2670 3118 2693; x_wconf 93' lang='grc'>,</span> <span class='ocrx_word' id='word_1_803' title='bbox 3159 2629 3337 2693; x_wconf 78' lang='grc' dir='ltr'>οὐδεὶς</span> <span class='ocrx_word' id='word_1_804' title='bbox 3370 2627 3613 2700; x_wconf 69' lang='grc' dir='ltr'>παροξυσ-</span> 
     </span>
    </p>
   </div>
   <div class='ocr_carea' id='block_1_100' title="bbox 2021 2708 3612 2784">
    <p class='ocr_par' dir='ltr' id='par_1_100' title="bbox 2021 2708 3612 2784">
     <span class='ocr_line' id='line_1_100' title="bbox 2021 2708 3612 2784; baseline 0 -22"><span class='ocrx_word' id='word_1_805' title='bbox 2021 2709 2176 2780; x_wconf 88' lang='grc' dir='ltr'>σμός.</span> <span class='ocrx_word' id='word_1_806' title='bbox 2213 2708 2349 2761; x_wconf 75' lang='grc' dir='ltr'>Ὑπὸ</span> <span class='ocrx_word' id='word_1_807' title='bbox 2372 2708 2479 2780; x_wconf 83' lang='grc' dir='ltr'>γὰρ</span> <span class='ocrx_word' id='word_1_808' title='bbox 2517 2709 2748 2774; x_wconf 88' lang='grc' dir='ltr'>πένθους</span> <span class='ocrx_word' id='word_1_809' title='bbox 2777 2711 3150 2784; x_wconf 74' lang='grc' dir='ltr'>μαστιζομένη</span> <span class='ocrx_word' id='word_1_810' title='bbox 3183 2713 3217 2784; x_wconf 79' lang='grc' dir='ltr'><strong>ἠ</strong></span> <span class='ocrx_word' id='word_1_811' title='bbox 3256 2712 3467 2766; x_wconf 87' lang='grc' dir='ltr'>διάνοια</span> <span class='ocrx_word' id='word_1_812' title='bbox 3493 2710 3612 2764; x_wconf 82' lang='grc' dir='ltr'>οὐδὲ</span> 
     </span>
    </p>
   </div>
   <div class='ocr_carea' id='block_1_101' title="bbox 2020 2790 3612 2867">
    <p class='ocr_par' dir='ltr' id='par_1_101' title="bbox 2020 2790 3612 2867">
     <span class='ocr_line' id='line_1_101' title="bbox 2020 2790 3612 2867; baseline 0.005 -23"><span class='ocrx_word' id='word_1_813' title='bbox 2020 2793 2213 2864; x_wconf 83' lang='grc' dir='ltr'>σχολὴν</span> <span class='ocrx_word' id='word_1_814' title='bbox 2241 2790 2353 2864; x_wconf 68' lang='grc' dir='ltr'>ἔχει</span> <span class='ocrx_word' id='word_1_815' title='bbox 2380 2793 2718 2865; x_wconf 81' lang='grc' dir='ltr'>διεγερθῆναι</span> <span class='ocrx_word' id='word_1_816' title='bbox 2738 2811 2754 2827; x_wconf 79' lang='grc' dir='ltr'><strong>ο</strong></span> <span class='ocrx_word' id='word_1_817' title='bbox 2781 2794 2916 2849; x_wconf 79' lang='grc' dir='ltr'>ἀλλὰ</span> <span class='ocrx_word' id='word_1_818' title='bbox 2945 2796 3191 2861; x_wconf 78' lang='grc' dir='ltr'>στενάζει</span> <span class='ocrx_word' id='word_1_819' title='bbox 3219 2795 3244 2835; x_wconf 71' lang='grc' dir='ltr'><strong><em>ἀ</em></strong></span> <span class='ocrx_word' id='word_1_820' title='bbox 3279 2795 3496 2867; x_wconf 80' lang='grc' dir='ltr'>πικρὸν,</span> <span class='ocrx_word' id='word_1_821' title='bbox 3523 2795 3612 2852; x_wconf 75' lang='grc' dir='ltr'>καὶ</span> 
     </span>
    </p>
   </div>
   <div class='ocr_carea' id='block_1_102' title="bbox 2017 2874 3612 2948">
    <p class='ocr_par' dir='ltr' id='par_1_102' title="bbox 2017 2874 3612 2948">
     <span class='ocr_line' id='line_1_102' title="bbox 2017 2874 3612 2948; baseline 0 -18"><span class='ocrx_word' id='word_1_822' title='bbox 2017 2876 2314 2932; x_wconf 89' lang='grc' dir='ltr'>κλαύσεται</span> <span class='ocrx_word' id='word_1_823' title='bbox 2345 2877 2690 2948; x_wconf 86' lang='grc' dir='ltr'>πικρότερον.</span> <span class='ocrx_word' id='word_1_824' title='bbox 2725 2879 2834 2930; x_wconf 88' lang='lat' dir='ltr'>Kal</span> <span class='ocrx_word' id='word_1_825' title='bbox 2863 2874 2981 2932; x_wconf 79' lang='grc' dir='ltr'>οἶδα</span> <span class='ocrx_word' id='word_1_826' title='bbox 3014 2880 3112 2948; x_wconf 76' lang='grc' dir='ltr'>μὲν</span> <span class='ocrx_word' id='word_1_827' title='bbox 3139 2921 3154 2944; x_wconf 88' lang='grc'>,</span> <span class='ocrx_word' id='word_1_828' title='bbox 3185 2879 3267 2934; x_wconf 79' lang='grc' dir='ltr'>ὅτι</span> <span class='ocrx_word' id='word_1_829' title='bbox 3299 2879 3485 2933; x_wconf 80' lang='grc' dir='ltr'>πολλοὶ</span> <span class='ocrx_word' id='word_1_830' title='bbox 3517 2894 3612 2948; x_wconf 82' lang='grc' dir='ltr'>γε·</span> 
     </span>
    </p>
   </div>
   <div class='ocr_carea' id='block_1_103' title="bbox 2016 2959 3610 3032">
    <p class='ocr_par' dir='ltr' id='par_1_103' title="bbox 2016 2959 3610 3032">
     <span class='ocr_line' id='line_1_103' title="bbox 2016 2959 3610 3032; baseline 0.002 -19"><span class='ocrx_word' id='word_1_831' title='bbox 2016 2959 2150 3014; x_wconf 86' lang='grc' dir='ltr'>λῶσι</span> <span class='ocrx_word' id='word_1_832' title='bbox 2177 2960 2351 3014; x_wconf 86' lang='grc' dir='ltr'>ταῦτα</span> <span class='ocrx_word' id='word_1_833' title='bbox 2379 2960 2668 3023; x_wconf 82' lang='grc' dir='ltr'>ἀκούοντες</span> <span class='ocrx_word' id='word_1_834' title='bbox 2687 2975 2700 2988; x_wconf 83' lang='grc'><em>’</em></span> <span class='ocrx_word' id='word_1_835' title='bbox 2734 2960 2851 3015; x_wconf 75' lang='grc' dir='ltr'>ἀλλ’</span> <span class='ocrx_word' id='word_1_836' title='bbox 2883 2959 2994 3028; x_wconf 79' lang='grc' dir='ltr'>ἐγὼ</span> <span class='ocrx_word' id='word_1_837' title='bbox 3027 2963 3153 3024; x_wconf 75' lang='grc' dir='ltr'>τοὺς</span> <span class='ocrx_word' id='word_1_838' title='bbox 3177 2962 3452 3029; x_wconf 86' lang='grc' dir='ltr'>γελῶντας</span> <span class='ocrx_word' id='word_1_839' title='bbox 3487 2961 3610 3032; x_wconf 76' lang='grc' dir='ltr'>θρηο</span> 
     </span>
    </p>
   </div>
   <div class='ocr_carea' id='block_1_104' title="bbox 2017 3041 3610 3116">
    <p class='ocr_par' dir='ltr' id='par_1_104' title="bbox 2017 3041 3610 3116">
     <span class='ocr_line' id='line_1_104' title="bbox 2017 3041 3610 3116; baseline -0.001 -19"><span class='ocrx_word' id='word_1_840' title='bbox 2017 3043 2124 3098; x_wconf 88' lang='grc' dir='ltr'>νῶν</span> <span class='ocrx_word' id='word_1_841' title='bbox 2153 3044 2213 3097; x_wconf 81' lang='grc' dir='ltr'>οὐ</span> <span class='ocrx_word' id='word_1_842' title='bbox 2243 3043 2544 3114; x_wconf 89' lang='grc' dir='ltr'>παύσομαι.</span> <span class='ocrx_word' id='word_1_843' title='bbox 2581 3043 2820 3106; x_wconf 85' lang='grc' dir='ltr'>Πένθους</span> <span class='ocrx_word' id='word_1_844' title='bbox 2849 3041 2959 3113; x_wconf 82' lang='grc' dir='ltr'>γὰρ</span> <span class='ocrx_word' id='word_1_845' title='bbox 2991 3044 3019 3096; x_wconf 84' lang='grc' dir='ltr'>ὁ</span> <span class='ocrx_word' id='word_1_846' title='bbox 3057 3043 3248 3114; x_wconf 84' lang='grc' dir='ltr'>παρὼν</span> <span class='ocrx_word' id='word_1_847' title='bbox 3278 3044 3471 3116; x_wconf 69' lang='grc' dir='ltr'>καιρὸς</span> <span class='ocrx_word' id='word_1_848' title='bbox 3518 3044 3610 3097; x_wconf 70' lang='grc' dir='ltr'>καὶ</span> 
     </span>
    </p>
   </div>
   <div class='ocr_carea' id='block_1_105' title="bbox 2017 3125 3610 3199">
    <p class='ocr_par' dir='ltr' id='par_1_105' title="bbox 2017 3125 3610 3199">
     <span class='ocr_line' id='line_1_105' title="bbox 2017 3125 3610 3199; baseline 0 -19"><span class='ocrx_word' id='word_1_849' title='bbox 2017 3126 2230 3199; x_wconf 85' lang='grc' dir='ltr'>θρήνων</span> <span class='ocrx_word' id='word_1_850' title='bbox 2259 3127 2355 3180; x_wconf 73' lang='grc' dir='ltr'>καὶ</span> <span class='ocrx_word' id='word_1_851' title='bbox 2379 3126 2652 3198; x_wconf 83' lang='grc' dir='ltr'>ὀδυρμῶν.</span> <span class='ocrx_word' id='word_1_852' title='bbox 2686 3125 2864 3179; x_wconf 83' lang='grc' dir='ltr'>Πολλὰ</span> <span class='ocrx_word' id='word_1_853' title='bbox 2898 3125 3009 3196; x_wconf 83' lang='grc' dir='ltr'>γὰρ</span> <span class='ocrx_word' id='word_1_854' title='bbox 3039 3127 3135 3179; x_wconf 72' lang='grc' dir='ltr'>καὶ</span> <span class='ocrx_word' id='word_1_855' title='bbox 3183 3128 3241 3179; x_wconf 81' lang='grc' dir='ltr'>ἐν</span> <span class='ocrx_word' id='word_1_856' title='bbox 3271 3128 3479 3197; x_wconf 81' lang='grc' dir='ltr'>ῥήμασι</span> <span class='ocrx_word' id='word_1_857' title='bbox 3516 3127 3610 3181; x_wconf 73' lang='grc' dir='ltr'>καὶ</span> 
     </span>
    </p>
   </div>
   <div class='ocr_carea' id='block_1_106' title="bbox 2017 3208 3609 3281">
    <p class='ocr_par' dir='ltr' id='par_1_106' title="bbox 2017 3208 3609 3281">
     <span class='ocr_line' id='line_1_106' title="bbox 2017 3208 3609 3281; baseline -0.001 -18"><span class='ocrx_word' id='word_1_858' title='bbox 2017 3213 2075 3263; x_wconf 84' lang='grc' dir='ltr'>ἐν</span> <span class='ocrx_word' id='word_1_859' title='bbox 2094 3209 2416 3281; x_wconf 88' lang='grc' dir='ltr'>πράγμασιν</span> <span class='ocrx_word' id='word_1_860' title='bbox 2441 3209 2850 3280; x_wconf 82' lang='grc' dir='ltr'>ἁμαρτάνομεν.</span> <span class='ocrx_word' id='word_1_861' title='bbox 2872 3208 3011 3272; x_wconf 79' lang='grc' dir='ltr'>Τοὺς</span> <span class='ocrx_word' id='word_1_862' title='bbox 3030 3208 3087 3262; x_wconf 81' lang='grc' dir='ltr'>δὲ</span> <span class='ocrx_word' id='word_1_863' title='bbox 3113 3208 3338 3262; x_wconf 87' lang='grc' dir='ltr'>τοιαῦτα</span> <span class='ocrx_word' id='word_1_864' title='bbox 3361 3209 3609 3279; x_wconf 81' lang='grc' dir='ltr'>πλημμεο</span> 
     </span>
    </p>
   </div>
   <div class='ocr_carea' id='block_1_107' title="bbox 2016 3289 3606 3364">
    <p class='ocr_par' dir='ltr' id='par_1_107' title="bbox 2016 3289 3606 3364">
     <span class='ocr_line' id='line_1_107' title="bbox 2016 3289 3606 3364; baseline -0.001 -19"><span class='ocrx_word' id='word_1_865' title='bbox 2016 3293 2243 3356; x_wconf 82' lang='grc' dir='ltr'>λοῦντας</span> <span class='ocrx_word' id='word_1_866' title='bbox 2271 3293 2466 3360; x_wconf 86' lang='grc' dir='ltr'>γέεννα</span> <span class='ocrx_word' id='word_1_867' title='bbox 2499 3291 2802 3362; x_wconf 80' lang='grc' dir='ltr'>ἐκδέχεται,</span> <span class='ocrx_word' id='word_1_868' title='bbox 2836 3291 2930 3345; x_wconf 63' lang='grc' dir='ltr'>καί⁵</span> <span class='ocrx_word' id='word_1_869' title='bbox 2973 3292 3217 3363; x_wconf 78' lang='grc' dir='ltr'>ποταμὸς</span> <span class='ocrx_word' id='word_1_870' title='bbox 3243 3289 3380 3358; x_wconf 72' lang='grc' dir='ltr'>ζέων</span> <span class='ocrx_word' id='word_1_871' title='bbox 3407 3290 3486 3362; x_wconf 82' lang='grc' dir='ltr'>τῷ</span> <span class='ocrx_word' id='word_1_872' title='bbox 3522 3294 3606 3364; x_wconf 75' lang='grc' dir='ltr'>ρο-</span> 
     </span>
    </p>
   </div>
   <div class='ocr_carea' id='block_1_108' title="bbox 2017 3375 3610 3447">
    <p class='ocr_par' dir='ltr' id='par_1_108' title="bbox 2017 3375 3610 3447">
     <span class='ocr_line' id='line_1_108' title="bbox 2017 3375 3610 3447; baseline -0.001 -17"><span class='ocrx_word' id='word_1_873' title='bbox 2017 3375 2116 3447; x_wconf 81' lang='grc' dir='ltr'>θίῳ</span> <span class='ocrx_word' id='word_1_874' title='bbox 2156 3376 2250 3430; x_wconf 86' lang='grc' dir='ltr'>τοῦ</span> <span class='ocrx_word' id='word_1_875' title='bbox 2278 3376 2450 3446; x_wconf 73' lang='grc' dir='ltr'>πυρὸς</span> <span class='ocrx_word' id='word_1_876' title='bbox 2472 3417 2485 3441; x_wconf 90' lang='grc'>,</span> <span class='ocrx_word' id='word_1_877' title='bbox 2514 3377 2609 3430; x_wconf 76' lang='grc' dir='ltr'>καὶ</span> <span class='ocrx_word' id='word_1_878' title='bbox 2647 3375 2928 3446; x_wconf 84' lang='grc' dir='ltr'>βασιλείας</span> <span class='ocrx_word' id='word_1_879' title='bbox 2952 3375 3227 3440; x_wconf 78' lang='grc' dir='ltr'>ἔκπτωσις</span> <span class='ocrx_word' id='word_1_880' title='bbox 3250 3417 3264 3442; x_wconf 92' lang='grc'>,</span> <span class='ocrx_word' id='word_1_881' title='bbox 3294 3375 3354 3429; x_wconf 84' lang='grc' dir='ltr'>τὸ</span> <span class='ocrx_word' id='word_1_882' title='bbox 3391 3377 3610 3431; x_wconf 83' lang='grc' dir='ltr'>πάντων</span> 
     </span>
    </p>
   </div>
   <div class='ocr_carea' id='block_1_109' title="bbox 2015 3454 3610 3531">
    <p class='ocr_par' dir='ltr' id='par_1_109' title="bbox 2015 3454 3610 3531">
     <span class='ocr_line' id='line_1_109' title="bbox 2015 3454 3610 3531; baseline -0.003 -17"><span class='ocrx_word' id='word_1_883' title='bbox 2015 3459 2419 3530; x_wconf 79' lang='grc' dir='ltr'>χαλεπώτατον.</span> <span class='ocrx_word' id='word_1_884' title='bbox 2463 3457 2682 3514; x_wconf 81' lang='grc' dir='ltr'>Τούτων</span> <span class='ocrx_word' id='word_1_885' title='bbox 2742 3454 2837 3514; x_wconf 82' lang='grc' dir='ltr'>οὖν</span> <span class='ocrx_word' id='word_1_886' title='bbox 2884 3459 3303 3531; x_wconf 79' lang='grc' dir='ltr'>ὴπειλημένων,</span> <span class='ocrx_word' id='word_1_887' title='bbox 3338 3459 3459 3513; x_wconf 87' lang='grc' dir='ltr'>είπέ</span> <span class='ocrx_word' id='word_1_888' title='bbox 3494 3475 3610 3529; x_wconf 90' lang='grc' dir='ltr'>μοι,</span> 
     </span>
    </p>
   </div>
   <div class='ocr_carea' id='block_1_110' title="bbox 2017 3539 3608 3615">
    <p class='ocr_par' dir='ltr' id='par_1_110' title="bbox 2017 3539 3608 3615">
     <span class='ocr_line' id='line_1_110' title="bbox 2017 3539 3608 3615; baseline -0.002 -19"><span class='ocrx_word' id='word_1_889' title='bbox 2017 3542 2182 3614; x_wconf 81' lang='grc' dir='ltr'>γελᾷς</span> <span class='ocrx_word' id='word_1_890' title='bbox 2212 3545 2276 3598; x_wconf 85' lang='grc' dir='ltr'>σὺ</span> <span class='ocrx_word' id='word_1_891' title='bbox 2311 3544 2406 3598; x_wconf 70' lang='grc' dir='ltr'>καὶ</span> <span class='ocrx_word' id='word_1_892' title='bbox 2425 3545 2668 3615; x_wconf 78' lang='grc' dir='ltr'>τρυφᾷς;</span> <span class='ocrx_word' id='word_1_893' title='bbox 2698 3544 2794 3597; x_wconf 77' lang='grc' dir='ltr'>καὶ</span> <span class='ocrx_word' id='word_1_894' title='bbox 2827 3543 2924 3596; x_wconf 88' lang='grc' dir='ltr'>τοῦ</span> <span class='ocrx_word' id='word_1_895' title='bbox 2951 3542 3225 3597; x_wconf 84' lang='grc' dir='ltr'>Δεσπότου</span> <span class='ocrx_word' id='word_1_896' title='bbox 3251 3559 3346 3595; x_wconf 89' lang='grc' dir='ltr'>σου</span> <span class='ocrx_word' id='word_1_897' title='bbox 3381 3539 3608 3614; x_wconf 84' lang='grc' dir='ltr'>παροξυ-</span> 
     </span>
    </p>
   </div>
   <div class='ocr_carea' id='block_1_111' title="bbox 2019 3625 3609 3698">
    <p class='ocr_par' dir='ltr' id='par_1_111' title="bbox 2019 3625 3609 3698">
     <span class='ocr_line' id='line_1_111' title="bbox 2019 3625 3609 3698; baseline -0.004 -18"><span class='ocrx_word' id='word_1_898' title='bbox 2019 3627 2246 3698; x_wconf 88' lang='grc' dir='ltr'>νομένου</span> <span class='ocrx_word' id='word_1_899' title='bbox 2268 3627 2362 3681; x_wconf 70' lang='grc' dir='ltr'>καὶ</span> <span class='ocrx_word' id='word_1_900' title='bbox 2382 3625 2735 3691; x_wconf 79' lang='grc' dir='ltr'>ἀπειλοῦντος</span> <span class='ocrx_word' id='word_1_901' title='bbox 2749 3667 2763 3693; x_wconf 91' lang='grc'>,</span> <span class='ocrx_word' id='word_1_902' title='bbox 2786 3626 3026 3697; x_wconf 68' lang='grc' dir='ltr'>ἕστηκας</span> <span class='ocrx_word' id='word_1_903' title='bbox 3047 3626 3491 3691; x_wconf 82' lang='grc' dir='ltr'>άναπεπτωκὼς;</span> <span class='ocrx_word' id='word_1_904' title='bbox 3517 3625 3609 3679; x_wconf 63' lang='grc' dir='ltr'>καὶ</span> 
     </span>
    </p>
   </div>
   <div class='ocr_carea' id='block_1_112' title="bbox 2019 3707 3609 3783">
    <p class='ocr_par' dir='ltr' id='par_1_112' title="bbox 2019 3707 3609 3783">
     <span class='ocr_line' id='line_1_112' title="bbox 2019 3707 3609 3783; baseline -0.003 -16"><span class='ocrx_word' id='word_1_905' title='bbox 2019 3712 2082 3767; x_wconf 90' lang='grc' dir='ltr'>οὐ</span> <span class='ocrx_word' id='word_1_906' title='bbox 2120 3711 2366 3776; x_wconf 84' lang='grc' dir='ltr'>δέδοικας</span> <span class='ocrx_word' id='word_1_907' title='bbox 2413 3711 2488 3783; x_wconf 85' lang='grc' dir='ltr'>μὴ</span> <span class='ocrx_word' id='word_1_908' title='bbox 2517 3711 2693 3783; x_wconf 86' lang='grc' dir='ltr'>τούτῳ</span> <span class='ocrx_word' id='word_1_909' title='bbox 2739 3711 2922 3783; x_wconf 89' lang='grc' dir='ltr'>σαυτῷ</span> <span class='ocrx_word' id='word_1_910' title='bbox 2964 3710 3224 3783; x_wconf 82' lang='grc' dir='ltr'>λαμπράν</span> <span class='ocrx_word' id='word_1_911' title='bbox 3263 3709 3473 3781; x_wconf 74' lang='grc' dir='ltr'>άνάψης</span> <span class='ocrx_word' id='word_1_912' title='bbox 3512 3707 3609 3781; x_wconf 79' lang='grc' dir='ltr'>τὴν</span> 
     </span>
    </p>
   </div>
   <div class='ocr_carea' id='block_1_113' title="bbox 2019 3791 3610 3866">
    <p class='ocr_par' dir='ltr' id='par_1_113' title="bbox 2019 3791 3610 3866">
     <span class='ocr_line' id='line_1_113' title="bbox 2019 3791 3610 3866; baseline -0.001 -18"><span class='ocrx_word' id='word_1_913' title='bbox 2019 3795 2282 3866; x_wconf 87' lang='grc' dir='ltr'>κάμινον;</span> <span class='ocrx_word' id='word_1_914' title='bbox 2312 3794 2429 3848; x_wconf 86' lang='grc' dir='ltr'>υύκ</span> <span class='ocrx_word' id='word_1_915' title='bbox 2454 3793 2676 3859; x_wconf 79' lang='grc' dir='ltr'>ἀκούεις</span> <span class='ocrx_word' id='word_1_916' title='bbox 2712 3794 2765 3847; x_wconf 88' lang='grc' dir='ltr'>τί</span> <span class='ocrx_word' id='word_1_917' title='bbox 2793 3794 2916 3848; x_wconf 89' lang='grc' dir='ltr'>καθ’</span> <span class='ocrx_word' id='word_1_918' title='bbox 2949 3795 3189 3866; x_wconf 77' lang='grc' dir='ltr'>ἑκάστην</span> <span class='ocrx_word' id='word_1_919' title='bbox 3218 3794 3435 3866; x_wconf 77' lang='grc' dir='ltr'>ἡμέραν</span> <span class='ocrx_word' id='word_1_920' title='bbox 3468 3791 3569 3864; x_wconf 79' lang='grc' dir='ltr'>βοᾷ</span> <span class='ocrx_word' id='word_1_921' title='bbox 3595 3809 3610 3858; x_wconf 87' lang='lat'><strong>;</strong></span> 
     </span>
    </p>
   </div>
   <div class='ocr_carea' id='block_1_114' title="bbox 2017 3871 3608 3946">
    <p class='ocr_par' dir='ltr' id='par_1_114' title="bbox 2017 3871 3608 3946">
     <span class='ocr_line' id='line_1_114' title="bbox 2017 3871 3608 3946; baseline -0.003 -15"><span class='ocrx_word' id='word_1_922' title='bbox 2017 3876 2324 3932; x_wconf 81' lang='grc' dir='ltr'>Πεινῶντὰ</span> <span class='ocrx_word' id='word_1_923' title='bbox 2347 3893 2424 3946; x_wconf 85' lang='grc' dir='ltr'>με</span> <span class='ocrx_word' id='word_1_924' title='bbox 2447 3877 2661 3942; x_wconf 80' lang='grc' dir='ltr'>εῑὸετε,</span> <span class='ocrx_word' id='word_1_925' title='bbox 2693 3879 2790 3930; x_wconf 79' lang='grc' dir='ltr'>καὶ</span> <span class='ocrx_word' id='word_1_926' title='bbox 2822 3878 2935 3931; x_wconf 83' lang='grc' dir='ltr'>οὐκ</span> <span class='ocrx_word' id='word_1_927' title='bbox 2962 3875 3282 3944; x_wconf 75' lang='grc' dir='ltr'>ἐθρέψατεο</span> <span class='ocrx_word' id='word_1_928' title='bbox 3318 3871 3608 3944; x_wconf 66' lang='grc' dir='ltr'>διψῶντα,</span> 
     </span>
    </p>
   </div>
   <div class='ocr_carea' id='block_1_115' title="bbox 2017 3954 3606 4026">
    <p class='ocr_par' dir='ltr' id='par_1_115' title="bbox 2017 3954 3606 4026">
     <span class='ocr_line' id='line_1_115' title="bbox 2017 3954 3606 4026; baseline -0.004 -12"><span class='ocrx_word' id='word_1_929' title='bbox 2017 3960 2118 4015; x_wconf 78' lang='grc' dir='ltr'>καὶ</span> <span class='ocrx_word' id='word_1_930' title='bbox 2151 3961 2265 4014; x_wconf 80' lang='grc' dir='ltr'>οὐκ</span> <span class='ocrx_word' id='word_1_931' title='bbox 2287 3959 2626 4014; x_wconf 79' lang='grc' dir='ltr'>ἐποτίσατε.</span> <span class='ocrx_word' id='word_1_932' title='bbox 2656 3959 2994 4026; x_wconf 82' lang='grc' dir='ltr'>Πορεύεσθε</span> <span class='ocrx_word' id='word_1_933' title='bbox 3014 3961 3102 4024; x_wconf 83' lang='grc' dir='ltr'>είς</span> <span class='ocrx_word' id='word_1_934' title='bbox 3126 3959 3194 4010; x_wconf 87' lang='grc' dir='ltr'>τὸ</span> <span class='ocrx_word' id='word_1_935' title='bbox 3215 3956 3336 4026; x_wconf 72' lang='grc' dir='ltr'>πῦρ</span> <span class='ocrx_word' id='word_1_936' title='bbox 3366 3956 3430 4008; x_wconf 86' lang='grc' dir='ltr'>τὸ</span> <span class='ocrx_word' id='word_1_937' title='bbox 3458 3954 3606 4021; x_wconf 73' lang='grc' dir='ltr'>ἡτοι-</span> 
     </span>
    </p>
   </div>
   <div class='ocr_carea' id='block_1_116' title="bbox 2011 4035 3604 4114">
    <p class='ocr_par' dir='ltr' id='par_1_116' title="bbox 2011 4035 3604 4114">
     <span class='ocr_line' id='line_1_116' title="bbox 2011 4035 3604 4114; baseline -0.006 -16"><span class='ocrx_word' id='word_1_938' title='bbox 2011 4043 2332 4114; x_wconf 84' lang='grc' dir='ltr'>μασμένον</span> <span class='ocrx_word' id='word_1_939' title='bbox 2358 4040 2438 4107; x_wconf 84' lang='grc' dir='ltr'>τῷ</span> <span class='ocrx_word' id='word_1_940' title='bbox 2471 4041 2729 4106; x_wconf 69' lang='grc' dir='ltr'>διαϐόλῳ</span> <span class='ocrx_word' id='word_1_941' title='bbox 2775 4040 2876 4093; x_wconf 77' lang='grc' dir='ltr'>καί</span> <span class='ocrx_word' id='word_1_942' title='bbox 2925 4039 3052 4104; x_wconf 83' lang='grc' dir='ltr'>τοῖς</span> <span class='ocrx_word' id='word_1_943' title='bbox 3073 4039 3352 4109; x_wconf 74' lang='grc' dir='ltr'>ἀγγέλοις</span> <span class='ocrx_word' id='word_1_944' title='bbox 3379 4035 3570 4091; x_wconf 81' lang='grc' dir='ltr'>αὐτοῦ</span> <span class='ocrx_word' id='word_1_945' title='bbox 3591 4052 3604 4064; x_wconf 89' lang='grc'><strong>·</strong></span> 
     </span>
    </p>
   </div>
   <div class='ocr_carea' id='block_1_117' title="bbox 2018 4119 3606 4194">
    <p class='ocr_par' dir='ltr' id='par_1_117' title="bbox 2018 4119 3606 4194">
     <span class='ocr_line' id='line_1_117' title="bbox 2018 4119 3606 4194; baseline -0.006 -13"><span class='ocrx_word' id='word_1_946' title='bbox 2018 4128 2112 4181; x_wconf 77' lang='grc' dir='ltr'>καὶ</span> <span class='ocrx_word' id='word_1_947' title='bbox 2145 4125 2317 4180; x_wconf 89' lang='grc' dir='ltr'>ταῦτα</span> <span class='ocrx_word' id='word_1_948' title='bbox 2339 4124 2557 4178; x_wconf 81' lang='grc' dir='ltr'>ἀπειλεῖ</span> <span class='ocrx_word' id='word_1_949' title='bbox 2583 4123 2707 4178; x_wconf 81' lang='grc' dir='ltr'>καθ’</span> <span class='ocrx_word' id='word_1_950' title='bbox 2741 4122 2981 4194; x_wconf 80' lang='grc' dir='ltr'>ἑκάστην</span> <span class='ocrx_word' id='word_1_951' title='bbox 3005 4124 3242 4194; x_wconf 80' lang='grc' dir='ltr'>ἡμέραν.</span> <span class='ocrx_word' id='word_1_952' title='bbox 3292 4122 3431 4174; x_wconf 79' lang='grc' dir='ltr'>Ἀλλ’</span> <span class='ocrx_word' id='word_1_953' title='bbox 3454 4119 3606 4190; x_wconf 79' lang='grc' dir='ltr'>ἔθρε-</span> 
     </span>
    </p>
   </div>
   <div class='ocr_carea' id='block_1_118' title="bbox 2016 4204 3604 4280">
    <p class='ocr_par' dir='ltr' id='par_1_118' title="bbox 2016 4204 3604 4280">
     <span class='ocr_line' id='line_1_118' title="bbox 2016 4204 3604 4280; baseline -0.004 -18"><span class='ocrx_word' id='word_1_954' title='bbox 2016 4210 2118 4280; x_wconf 73' lang='grc' dir='ltr'>ψα,</span> <span class='ocrx_word' id='word_1_955' title='bbox 2149 4208 2338 4279; x_wconf 69' lang='grc' dir='ltr'>φησὶν,</span> <span class='ocrx_word' id='word_1_956' title='bbox 2373 4207 2556 4260; x_wconf 89' lang='grc' dir='ltr'>αὐτόν.</span> <span class='ocrx_word' id='word_1_957' title='bbox 2592 4206 2730 4259; x_wconf 89' lang='grc' dir='ltr'>Πότε</span> <span class='ocrx_word' id='word_1_958' title='bbox 2758 4207 2852 4259; x_wconf 72' lang='grc' dir='ltr'>καὶ</span> <span class='ocrx_word' id='word_1_959' title='bbox 2876 4208 3050 4270; x_wconf 68' lang='grc' dir='ltr'>πόσοις</span> <span class='ocrx_word' id='word_1_960' title='bbox 3079 4206 3328 4278; x_wconf 85' lang='grc' dir='ltr'>ἡμέρας;</span> <span class='ocrx_word' id='word_1_961' title='bbox 3360 4204 3493 4258; x_wconf 82' lang='grc' dir='ltr'>δέκα</span> <span class='ocrx_word' id='word_1_962' title='bbox 3515 4205 3604 4256; x_wconf 63' lang='grc' dir='ltr'>καὶ</span> 
     </span>
    </p>
   </div>
   <div class='ocr_carea' id='block_1_119' title="bbox 2018 4285 3603 4362">
    <p class='ocr_par' dir='ltr' id='par_1_119' title="bbox 2018 4285 3603 4362">
     <span class='ocr_line' id='line_1_119' title="bbox 2018 4285 3603 4362; baseline -0.004 -16"><span class='ocrx_word' id='word_1_963' title='bbox 2018 4293 2226 4356; x_wconf 82' lang='grc' dir='ltr'>είκοσι;</span> <span class='ocrx_word' id='word_1_964' title='bbox 2271 4289 2414 4343; x_wconf 82' lang='grc' dir='ltr'>Ἀλλ’</span> <span class='ocrx_word' id='word_1_965' title='bbox 2465 4291 2527 4344; x_wconf 85' lang='grc' dir='ltr'>οὐ</span> <span class='ocrx_word' id='word_1_966' title='bbox 2571 4288 2826 4344; x_wconf 89' lang='grc' dir='ltr'>τοσοῦτον</span> <span class='ocrx_word' id='word_1_967' title='bbox 2880 4289 3130 4362; x_wconf 88' lang='grc' dir='ltr'>βούλεται</span> <span class='ocrx_word' id='word_1_968' title='bbox 3179 4288 3370 4360; x_wconf 74' lang='grc' dir='ltr'>χρόνον</span> <span class='ocrx_word' id='word_1_969' title='bbox 3425 4285 3603 4357; x_wconf 83' lang='grc' dir='ltr'>μόνον,</span> 
     </span>
    </p>
   </div>
   <div class='ocr_carea' id='block_1_120' title="bbox 2017 4370 3602 4443">
    <p class='ocr_par' dir='ltr' id='par_1_120' title="bbox 2017 4370 3602 4443">
     <span class='ocr_line' id='line_1_120' title="bbox 2017 4370 3602 4443; baseline -0.004 -14"><span class='ocrx_word' id='word_1_970' title='bbox 2017 4376 2134 4429; x_wconf 78' lang='grc' dir='ltr'>ἀλλ’</span> <span class='ocrx_word' id='word_1_971' title='bbox 2165 4375 2290 4428; x_wconf 83' lang='grc' dir='ltr'>ὅσον</span> <span class='ocrx_word' id='word_1_972' title='bbox 2332 4373 2424 4427; x_wconf 82' lang='grc' dir='ltr'>ἐπὶ</span> <span class='ocrx_word' id='word_1_973' title='bbox 2460 4373 2558 4442; x_wconf 89' lang='grc' dir='ltr'>τῆς</span> <span class='ocrx_word' id='word_1_974' title='bbox 2583 4373 2686 4443; x_wconf 86' lang='grc' dir='ltr'>γῆς</span> <span class='ocrx_word' id='word_1_975' title='bbox 2715 4372 3032 4443; x_wconf 83' lang='grc' dir='ltr'>διατρίόεις.</span> <span class='ocrx_word' id='word_1_976' title='bbox 3079 4372 3232 4424; x_wconf 78' lang='grc' dir='ltr'>Ἐπεὶ</span> <span class='ocrx_word' id='word_1_977' title='bbox 3258 4370 3352 4424; x_wconf 76' lang='grc' dir='ltr'>καὶ</span> <span class='ocrx_word' id='word_1_978' title='bbox 3380 4370 3436 4423; x_wconf 86' lang='grc' dir='ltr'>αἱ</span> <span class='ocrx_word' id='word_1_979' title='bbox 3462 4385 3602 4440; x_wconf 58' lang='lat' dir='ltr'>«a9—</span> 
     </span>
    </p>
   </div>
   <div class='ocr_carea' id='block_1_121' title="bbox 2017 4453 3599 4529">
    <p class='ocr_par' dir='ltr' id='par_1_121' title="bbox 2017 4453 3599 4529">
     <span class='ocr_line' id='line_1_121' title="bbox 2017 4453 3599 4529; baseline -0.007 -15"><span class='ocrx_word' id='word_1_980' title='bbox 2017 4460 2160 4514; x_wconf 85' lang='grc' dir='ltr'>θένοι</span> <span class='ocrx_word' id='word_1_981' title='bbox 2191 4453 2337 4529; x_wconf 80' lang='grc' dir='ltr'>εἶχον</span> <span class='ocrx_word' id='word_1_982' title='bbox 2372 4457 2572 4522; x_wconf 76' lang='grc' dir='ltr'>ἔλαιον,</span> <span class='ocrx_word' id='word_1_983' title='bbox 2608 4456 2723 4510; x_wconf 74' lang='grc' dir='ltr'>ἀλλ’</span> <span class='ocrx_word' id='word_1_984' title='bbox 2761 4456 2860 4508; x_wconf 86' lang='grc' dir='ltr'>οὐκ</span> <span class='ocrx_word' id='word_1_985' title='bbox 2903 4455 3107 4527; x_wconf 82' lang='grc' dir='ltr'>ἀρκοῦν</span> <span class='ocrx_word' id='word_1_986' title='bbox 3150 4456 3286 4526; x_wconf 86' lang='grc' dir='ltr'>πρὸς</span> <span class='ocrx_word' id='word_1_987' title='bbox 3321 4453 3599 4524; x_wconf 85' lang='grc' dir='ltr'>σωτηρίαν</span> 
     </span>
    </p>
   </div>
   <div class='ocr_carea' id='block_1_122' title="bbox 2015 4535 3602 4612">
    <p class='ocr_par' dir='ltr' id='par_1_122' title="bbox 2015 4535 3602 4612">
     <span class='ocr_line' id='line_1_122' title="bbox 2015 4535 3602 4612; baseline 0.001 -15"><span class='ocrx_word' id='word_1_988' title='bbox 2015 4545 2229 4607; x_wconf 85' lang='grc' dir='ltr'>αὐταῖς.</span> <span class='ocrx_word' id='word_1_989' title='bbox 2269 4541 2379 4594; x_wconf 89' lang='lat' dir='ltr'>Kal</span> <span class='ocrx_word' id='word_1_990' title='bbox 2425 4541 2536 4612; x_wconf 77' lang='grc' dir='ltr'>γάρ</span> <span class='ocrx_word' id='word_1_991' title='bbox 2587 4541 2680 4595; x_wconf 74' lang='grc' dir='ltr'>καὶ</span> <span class='ocrx_word' id='word_1_992' title='bbox 2723 4535 2882 4595; x_wconf 82' lang='grc' dir='ltr'>αῦται</span> <span class='ocrx_word' id='word_1_993' title='bbox 2911 4539 3128 4610; x_wconf 76' lang='grc' dir='ltr'>ἀνῆψαν</span> <span class='ocrx_word' id='word_1_994' title='bbox 3165 4539 3264 4604; x_wconf 84' lang='grc' dir='ltr'>τὰς</span> <span class='ocrx_word' id='word_1_995' title='bbox 3289 4538 3602 4610; x_wconf 73' lang='grc' dir='ltr'>λαμπάδας,</span> 
     </span>
    </p>
   </div>
   <div class='ocr_carea' id='block_1_123' title="bbox 2015 4623 3603 4698">
    <p class='ocr_par' dir='ltr' id='par_1_123' title="bbox 2015 4623 3603 4698">
     <span class='ocr_line' id='line_1_123' title="bbox 2015 4623 3603 4698; baseline -0.004 -16"><span class='ocrx_word' id='word_1_996' title='bbox 2015 4627 2131 4682; x_wconf 85' lang='grc' dir='ltr'>ἀλλ’</span> <span class='ocrx_word' id='word_1_997' title='bbox 2157 4625 2598 4697; x_wconf 82' lang='grc' dir='ltr'>ἀπεκλείσθησαν</span> <span class='ocrx_word' id='word_1_998' title='bbox 2625 4625 2720 4679; x_wconf 90' lang='grc' dir='ltr'>τοῦ</span> <span class='ocrx_word' id='word_1_999' title='bbox 2763 4625 3049 4698; x_wconf 83' lang='grc' dir='ltr'>νυμφῶνος</span> <span class='ocrx_word' id='word_1_1000' title='bbox 3077 4643 3089 4656; x_wconf 88' lang='grc'><strong>·</strong></span> <span class='ocrx_word' id='word_1_1001' title='bbox 3127 4624 3220 4679; x_wconf 82' lang='grc' dir='ltr'>καὶ</span> <span class='ocrx_word' id='word_1_1002' title='bbox 3269 4624 3415 4696; x_wconf 86' lang='grc' dir='ltr'>μάλα</span> <span class='ocrx_word' id='word_1_1003' title='bbox 3457 4623 3603 4676; x_wconf 82' lang='grc' dir='ltr'>εἰκό-</span> 
     </span>
    </p>
   </div>
   <div class='ocr_carea' id='block_1_124' title="bbox 2012 4705 3600 4780">
    <p class='ocr_par' dir='ltr' id='par_1_124' title="bbox 2012 4705 3600 4780">
     <span class='ocr_line' id='line_1_124' title="bbox 2012 4705 3600 4780; baseline -0.004 -15"><span class='ocrx_word' id='word_1_1004' title='bbox 2012 4728 2141 4774; x_wconf 83' lang='grc' dir='ltr'>τως.</span> <span class='ocrx_word' id='word_1_1005' title='bbox 2176 4709 2462 4780; x_wconf 85' lang='grc' dir='ltr'>Ἔφθησαν</span> <span class='ocrx_word' id='word_1_1006' title='bbox 2491 4709 2601 4780; x_wconf 85' lang='grc' dir='ltr'>γὰρ</span> <span class='ocrx_word' id='word_1_1007' title='bbox 2623 4709 2931 4764; x_wconf 79' lang='grc' dir='ltr'>σϐεσθεῖσαι</span> <span class='ocrx_word' id='word_1_1008' title='bbox 2977 4709 3083 4778; x_wconf 77' lang='grc' dir='ltr'>πρὸ</span> <span class='ocrx_word' id='word_1_1009' title='bbox 3113 4709 3212 4772; x_wconf 86' lang='grc' dir='ltr'>τῆς</span> <span class='ocrx_word' id='word_1_1010' title='bbox 3245 4707 3339 4760; x_wconf 88' lang='grc' dir='ltr'>τοῦ</span> <span class='ocrx_word' id='word_1_1011' title='bbox 3367 4705 3600 4776; x_wconf 84' lang='grc' dir='ltr'>νυμφίου</span> 
     </span>
    </p>
   </div>
   <div class='ocr_carea' id='block_1_125' title="bbox 2013 4790 3602 4869">
    <p class='ocr_par' dir='ltr' id='par_1_125' title="bbox 2013 4790 3602 4869">
     <span class='ocr_line' id='line_1_125' title="bbox 2013 4790 3602 4869; baseline -0.004 -19"><span class='ocrx_word' id='word_1_1012' title='bbox 2013 4795 2341 4869; x_wconf 84' lang='grc' dir='ltr'>παρουσίας.</span> <span class='ocrx_word' id='word_1_1013' title='bbox 2366 4794 2468 4849; x_wconf 80' lang='grc' dir='ltr'>Διὰ</span> <span class='ocrx_word' id='word_1_1014' title='bbox 2491 4795 2649 4848; x_wconf 82' lang='grc' dir='ltr'>τοῦτο</span> <span class='ocrx_word' id='word_1_1015' title='bbox 2669 4794 2866 4849; x_wconf 88' lang='grc' dir='ltr'>πολλοῦ</span> <span class='ocrx_word' id='word_1_1016' title='bbox 2893 4797 3027 4865; x_wconf 82' lang='grc' dir='ltr'>ἡμῖν</span> <span class='ocrx_word' id='word_1_1017' title='bbox 3060 4793 3142 4847; x_wconf 86' lang='grc' dir='ltr'>δεῖ</span> <span class='ocrx_word' id='word_1_1018' title='bbox 3165 4792 3260 4846; x_wconf 88' lang='grc' dir='ltr'>τοῦ</span> <span class='ocrx_word' id='word_1_1019' title='bbox 3285 4791 3484 4857; x_wconf 78' lang='grc' dir='ltr'>ἐλαίου,</span> <span class='ocrx_word' id='word_1_1020' title='bbox 3508 4790 3602 4844; x_wconf 77' lang='grc' dir='ltr'>καὶ</span> 
     </span>
    </p>
   </div>
   <div class='ocr_carea' id='block_1_126' title="bbox 2011 4876 3602 4951">
    <p class='ocr_par' dir='ltr' id='par_1_126' title="bbox 2011 4876 3602 4951">
     <span class='ocr_line' id='line_1_126' title="bbox 2011 4876 3602 4951; baseline -0.005 -17"><span class='ocrx_word' id='word_1_1021' title='bbox 2011 4879 2268 4950; x_wconf 78' lang='grc' dir='ltr'>δαψιλοῦς</span> <span class='ocrx_word' id='word_1_1022' title='bbox 2294 4880 2392 4951; x_wconf 87' lang='grc' dir='ltr'>τῆς</span> <span class='ocrx_word' id='word_1_1023' title='bbox 2415 4879 2848 4951; x_wconf 80' lang='grc' dir='ltr'>φιλανθρωπίας.</span> <span class='ocrx_word' id='word_1_1024' title='bbox 2888 4881 3158 4932; x_wconf 76' lang='grc' dir='ltr'>’Ἄκουσον</span> <span class='ocrx_word' id='word_1_1025' title='bbox 3197 4876 3328 4946; x_wconf 83' lang='grc' dir='ltr'>γοῦν</span> <span class='ocrx_word' id='word_1_1026' title='bbox 3350 4877 3403 4930; x_wconf 90' lang='grc' dir='ltr'>τί</span> <span class='ocrx_word' id='word_1_1027' title='bbox 3436 4891 3602 4946; x_wconf 81' lang='grc' dir='ltr'>φησιν</span> 
     </span>
    </p>
   </div>
   <div class='ocr_carea' id='block_1_127' title="bbox 2012 4959 3602 5036">
    <p class='ocr_par' dir='ltr' id='par_1_127' title="bbox 2012 4959 3602 5036">
     <span class='ocr_line' id='line_1_127' title="bbox 2012 4959 3602 5036; baseline -0.004 -18"><span class='ocrx_word' id='word_1_1028' title='bbox 2012 4967 2042 5019; x_wconf 87' lang='grc' dir='ltr'>ό</span> <span class='ocrx_word' id='word_1_1029' title='bbox 2077 4968 2398 5036; x_wconf 80' lang='grc' dir='ltr'>προφήτης·</span> <span class='ocrx_word' id='word_1_1030' title='bbox 2437 4963 2734 5031; x_wconf 71' lang='grc' dir='ltr'>Ἐλέησόν</span> <span class='ocrx_word' id='word_1_1031' title='bbox 2757 4978 2848 5030; x_wconf 85' lang='grc' dir='ltr'>με,</span> <span class='ocrx_word' id='word_1_1032' title='bbox 2885 4965 2919 5016; x_wconf 85' lang='grc' dir='ltr'>ό</span> <span class='ocrx_word' id='word_1_1033' title='bbox 2945 4962 3124 5027; x_wconf 85' lang='grc' dir='ltr'>Θεὸς,</span> <span class='ocrx_word' id='word_1_1034' title='bbox 3174 4961 3326 5015; x_wconf 81' lang='grc' dir='ltr'>κατὰ</span> <span class='ocrx_word' id='word_1_1035' title='bbox 3358 4960 3425 5014; x_wconf 86' lang='grc' dir='ltr'>τὸ</span> <span class='ocrx_word' id='word_1_1036' title='bbox 3447 4959 3602 5029; x_wconf 70' lang='grc' dir='ltr'>μέγα</span> 
     </span>
    </p>
   </div>
   <div class='ocr_carea' id='block_1_128' title="bbox 2012 5042 3602 5117">
    <p class='ocr_par' dir='ltr' id='par_1_128' title="bbox 2012 5042 3602 5117">
     <span class='ocr_line' id='line_1_128' title="bbox 2012 5042 3602 5117; baseline -0.006 -15"><span class='ocrx_word' id='word_1_1037' title='bbox 2012 5048 2186 5114; x_wconf 74' lang='grc' dir='ltr'>ἔλεός</span> <span class='ocrx_word' id='word_1_1038' title='bbox 2209 5064 2346 5102; x_wconf 87' lang='grc' dir='ltr'>σου.</span> <span class='ocrx_word' id='word_1_1039' title='bbox 2397 5046 2610 5101; x_wconf 87' lang='grc' dir='ltr'>Οὐκοῦν</span> <span class='ocrx_word' id='word_1_1040' title='bbox 2643 5046 2735 5099; x_wconf 73' lang='grc' dir='ltr'>καὶ</span> <span class='ocrx_word' id='word_1_1041' title='bbox 2785 5046 2932 5117; x_wconf 74' lang='grc' dir='ltr'>ἡμᾶς</span> <span class='ocrx_word' id='word_1_1042' title='bbox 2985 5045 3114 5106; x_wconf 79' lang='grc' dir='ltr'>τοὺς</span> <span class='ocrx_word' id='word_1_1043' title='bbox 3165 5044 3395 5114; x_wconf 86' lang='grc' dir='ltr'>πλησίον</span> <span class='ocrx_word' id='word_1_1044' title='bbox 3429 5042 3602 5104; x_wconf 82' lang='grc' dir='ltr'>οὓτως</span> 
     </span>
    </p>
   </div>
   <div class='ocr_carea' id='block_1_129' title="bbox 2013 5117 3601 5200">
    <p class='ocr_par' dir='ltr' id='par_1_129' title="bbox 2013 5117 3601 5200">
     <span class='ocr_line' id='line_1_129' title="bbox 2013 5117 3601 5200; baseline -0.005 -17"><span class='ocrx_word' id='word_1_1045' title='bbox 2013 5132 2186 5184; x_wconf 82' lang='grc' dir='ltr'>ἐλεεῖν</span> <span class='ocrx_word' id='word_1_1046' title='bbox 2216 5131 2314 5198; x_wconf 86' lang='grc' dir='ltr'>δεῖ,</span> <span class='ocrx_word' id='word_1_1047' title='bbox 2352 5131 2494 5186; x_wconf 72' lang='grc' dir='ltr'>κατὰ</span> <span class='ocrx_word' id='word_1_1048' title='bbox 2532 5130 2593 5184; x_wconf 85' lang='grc' dir='ltr'>τὸ</span> <span class='ocrx_word' id='word_1_1049' title='bbox 2629 5129 2773 5200; x_wconf 87' lang='grc' dir='ltr'>μέγα</span> <span class='ocrx_word' id='word_1_1050' title='bbox 2809 5129 2956 5192; x_wconf 69' lang='grc' dir='ltr'>ἔλεος</span> <span class='ocrx_word' id='word_1_1051' title='bbox 3000 5127 3064 5180; x_wconf 81' lang='grc' dir='ltr'>τὸ</span> <span class='ocrx_word' id='word_1_1052' title='bbox 3105 5128 3238 5198; x_wconf 81' lang='grc' dir='ltr'>παρ’</span> <span class='ocrx_word' id='word_1_1053' title='bbox 3279 5127 3434 5197; x_wconf 83' lang='grc' dir='ltr'>ἡμῖν.</span> <span class='ocrx_word' id='word_1_1054' title='bbox 3483 5117 3601 5178; x_wconf 74' lang='grc' dir='ltr'>Οἷοι</span> 
     </span>
    </p>
   </div>
   <div class='ocr_carea' id='block_1_130' title="bbox 2012 5207 3601 5286">
    <p class='ocr_par' dir='ltr' id='par_1_130' title="bbox 2012 5207 3601 5286">
     <span class='ocr_line' id='line_1_130' title="bbox 2012 5207 3601 5286; baseline -0.008 -16"><span class='ocrx_word' id='word_1_1055' title='bbox 2012 5216 2122 5286; x_wconf 71' lang='grc' dir='ltr'>γὰρ</span> <span class='ocrx_word' id='word_1_1056' title='bbox 2153 5215 2220 5270; x_wconf 83' lang='grc' dir='ltr'>ἂν</span> <span class='ocrx_word' id='word_1_1057' title='bbox 2240 5213 2529 5285; x_wconf 85' lang='grc' dir='ltr'>γενώμεθα</span> <span class='ocrx_word' id='word_1_1058' title='bbox 2552 5229 2617 5266; x_wconf 82' lang='grc' dir='ltr'>πε</span> <span class='ocrx_word' id='word_1_1059' title='bbox 2627 5213 2680 5282; x_wconf 88' lang='lat' dir='ltr'><strong><em>9l</em></strong></span> <span class='ocrx_word' id='word_1_1060' title='bbox 2706 5211 2833 5273; x_wconf 83' lang='grc' dir='ltr'>τούς</span> <span class='ocrx_word' id='word_1_1061' title='bbox 2849 5210 3195 5280; x_wconf 82' lang='grc' dir='ltr'>ὁμοδούλους,</span> <span class='ocrx_word' id='word_1_1062' title='bbox 3215 5207 3459 5264; x_wconf 88' lang='grc' dir='ltr'>τοιούτου</span> <span class='ocrx_word' id='word_1_1063' title='bbox 3479 5224 3601 5259; x_wconf 82' lang='grc' dir='ltr'>τευ-</span> 
     </span>
    </p>
   </div>
   <div class='ocr_carea' id='block_1_131' title="bbox 2014 5292 3602 5370">
    <p class='ocr_par' dir='ltr' id='par_1_131' title="bbox 2014 5292 3602 5370">
     <span class='ocr_line' id='line_1_131' title="bbox 2014 5292 3602 5370; baseline -0.006 -17"><span class='ocrx_word' id='word_1_1064' title='bbox 2014 5298 2217 5370; x_wconf 71' lang='grc' dir='ltr'>ξόμεθα</span> <span class='ocrx_word' id='word_1_1065' title='bbox 2246 5298 2341 5352; x_wconf 88' lang='grc' dir='ltr'>τοῦ</span> <span class='ocrx_word' id='word_1_1066' title='bbox 2383 5297 2679 5352; x_wconf 84' lang='grc' dir='ltr'>Δεσπότου.</span> <span class='ocrx_word' id='word_1_1067' title='bbox 2731 5296 2891 5348; x_wconf 91' lang='grc' dir='ltr'>Ποῖον</span> <span class='ocrx_word' id='word_1_1068' title='bbox 2932 5295 2990 5348; x_wconf 78' lang='grc' dir='ltr'>δέ</span> <span class='ocrx_word' id='word_1_1069' title='bbox 3041 5294 3191 5357; x_wconf 77' lang='grc' dir='ltr'>ἔλεος</span> <span class='ocrx_word' id='word_1_1070' title='bbox 3227 5293 3402 5365; x_wconf 76' lang='grc' dir='ltr'>μέγας</span> <span class='ocrx_word' id='word_1_1071' title='bbox 3431 5292 3602 5346; x_wconf 88' lang='grc' dir='ltr'>Ὅταν</span> 
     </span>
    </p>
   </div>
   <div class='ocr_carea' id='block_1_132' title="bbox 2014 5377 3600 5454">
    <p class='ocr_par' dir='ltr' id='par_1_132' title="bbox 2014 5377 3600 5454">
     <span class='ocr_line' id='line_1_132' title="bbox 2014 5377 3600 5454; baseline -0.013 -18"><span class='ocrx_word' id='word_1_1072' title='bbox 2014 5385 2088 5454; x_wconf 79' lang='grc' dir='ltr'>μὴ</span> <span class='ocrx_word' id='word_1_1073' title='bbox 2131 5383 2196 5436; x_wconf 89' lang='grc' dir='ltr'>ἐκ</span> <span class='ocrx_word' id='word_1_1074' title='bbox 2231 5381 2324 5435; x_wconf 89' lang='grc' dir='ltr'>τοῦ</span> <span class='ocrx_word' id='word_1_1075' title='bbox 2359 5379 2801 5451; x_wconf 85' lang='grc' dir='ltr'>περισσεύματος</span> <span class='ocrx_word' id='word_1_1076' title='bbox 2831 5377 3035 5449; x_wconf 85' lang='grc' dir='ltr'>δῶμεν,</span> <span class='ocrx_word' id='word_1_1077' title='bbox 3076 5377 3192 5432; x_wconf 83' lang='grc' dir='ltr'>ἀλλ’</span> <span class='ocrx_word' id='word_1_1078' title='bbox 3226 5380 3291 5432; x_wconf 81' lang='grc' dir='ltr'>ἐκ</span> <span class='ocrx_word' id='word_1_1079' title='bbox 3323 5377 3418 5433; x_wconf 83' lang='grc' dir='ltr'>τοῦ</span> <span class='ocrx_word' id='word_1_1080' title='bbox 3448 5378 3600 5431; x_wconf 78' lang='grc' dir='ltr'>ὑστε-</span> 
     </span>
    </p>
   </div>
   <div class='ocr_carea' id='block_1_133' title="bbox 2015 5461 3601 5537">
    <p class='ocr_par' dir='ltr' id='par_1_133' title="bbox 2015 5461 3601 5537">
     <span class='ocr_line' id='line_1_133' title="bbox 2015 5461 3601 5537; baseline -0.006 -16"><span class='ocrx_word' id='word_1_1081' title='bbox 2015 5472 2280 5537; x_wconf 74' lang='grc' dir='ltr'>ρήματος.</span> <span class='ocrx_word' id='word_1_1082' title='bbox 2312 5463 2459 5537; x_wconf 79' lang='lat'>[557]</span> <span class='ocrx_word' id='word_1_1083' title='bbox 2485 5464 2547 5516; x_wconf 81' lang='grc' dir='ltr'>Εί</span> <span class='ocrx_word' id='word_1_1084' title='bbox 2572 5463 2630 5516; x_wconf 85' lang='grc' dir='ltr'>δέ</span> <span class='ocrx_word' id='word_1_1085' title='bbox 2663 5463 2796 5534; x_wconf 85' lang='grc' dir='ltr'>μηδὲ</span> <span class='ocrx_word' id='word_1_1086' title='bbox 2819 5463 2885 5515; x_wconf 87' lang='grc' dir='ltr'>ἐκ</span> <span class='ocrx_word' id='word_1_1087' title='bbox 2913 5461 3008 5516; x_wconf 89' lang='grc' dir='ltr'>τοῦ</span> <span class='ocrx_word' id='word_1_1088' title='bbox 3037 5461 3502 5534; x_wconf 85' lang='grc' dir='ltr'>περισσεύματος,</span> <span class='ocrx_word' id='word_1_1089' title='bbox 3520 5461 3601 5521; x_wconf 81' lang='grc' dir='ltr'>τίς</span> 
     </span>
    </p>
   </div>
   <div class='ocr_carea' id='block_1_134' title="bbox 2011 5543 3601 5621">
    <p class='ocr_par' dir='ltr' id='par_1_134' title="bbox 2011 5543 3601 5621">
     <span class='ocr_line' id='line_1_134' title="bbox 2011 5543 3601 5621; baseline -0.005 -17"><span class='ocrx_word' id='word_1_1090' title='bbox 2011 5553 2143 5621; x_wconf 68' lang='grc' dir='ltr'>ἡμῖν</span> <span class='ocrx_word' id='word_1_1091' title='bbox 2174 5549 2323 5602; x_wconf 78' lang='grc' dir='ltr'>ἔσται</span> <span class='ocrx_word' id='word_1_1092' title='bbox 2356 5547 2544 5613; x_wconf 84' lang='grc' dir='ltr'>ἐλπίς;</span> <span class='ocrx_word' id='word_1_1093' title='bbox 2580 5546 2746 5601; x_wconf 85' lang='grc' dir='ltr'>πόθεν</span> <span class='ocrx_word' id='word_1_1094' title='bbox 2782 5546 2892 5600; x_wconf 89' lang='grc' dir='ltr'>τῶν</span> <span class='ocrx_word' id='word_1_1095' title='bbox 2924 5547 3114 5601; x_wconf 85' lang='grc' dir='ltr'>κακῶν</span> <span class='ocrx_word' id='word_1_1096' title='bbox 3155 5547 3385 5600; x_wconf 87' lang='grc' dir='ltr'>ἐκείνων</span> <span class='ocrx_word' id='word_1_1097' title='bbox 3428 5543 3601 5597; x_wconf 82' lang='grc' dir='ltr'>ἁπαλ-</span> 
     </span>
    </p>
   </div>
   <div class='ocr_carea' id='block_1_135' title="bbox 2011 5629 3600 5704">
    <p class='ocr_par' dir='ltr' id='par_1_135' title="bbox 2011 5629 3600 5704">
     <span class='ocr_line' id='line_1_135' title="bbox 2011 5629 3600 5704; baseline -0.006 -18"><span class='ocrx_word' id='word_1_1098' title='bbox 2011 5634 2148 5704; x_wconf 77' lang='grc' dir='ltr'>λαγή</span> <span class='ocrx_word' id='word_1_1099' title='bbox 2173 5651 2187 5698; x_wconf 91' lang='grc'>;</span> <span class='ocrx_word' id='word_1_1100' title='bbox 2220 5631 2322 5684; x_wconf 87' lang='grc' dir='ltr'>ποῦ</span> <span class='ocrx_word' id='word_1_1101' title='bbox 2346 5629 2689 5701; x_wconf 86' lang='grc' dir='ltr'>δυνησόμεθα</span> <span class='ocrx_word' id='word_1_1102' title='bbox 2717 5633 2912 5700; x_wconf 80' lang='grc' dir='ltr'>φυγεῖν</span> <span class='ocrx_word' id='word_1_1103' title='bbox 2937 5632 3031 5684; x_wconf 78' lang='grc' dir='ltr'>καὶ</span> <span class='ocrx_word' id='word_1_1104' title='bbox 3070 5630 3347 5703; x_wconf 79' lang='grc' dir='ltr'>σωτηρίαν</span> <span class='ocrx_word' id='word_1_1105' title='bbox 3381 5629 3600 5698; x_wconf 71' lang='grc' dir='ltr'>εὐρεῖνς</span> 
     </span>
    </p>
   </div>
   <div class='ocr_carea' id='block_1_136' title="bbox 2012 5712 3600 5787">
    <p class='ocr_par' dir='ltr' id='par_1_136' title="bbox 2012 5712 3600 5787">
     <span class='ocr_line' id='line_1_136' title="bbox 2012 5712 3600 5787; baseline -0.004 -16"><span class='ocrx_word' id='word_1_1106' title='bbox 2012 5717 2075 5772; x_wconf 75' lang='grc' dir='ltr'><strong>Εἰ</strong></span> <span class='ocrx_word' id='word_1_1107' title='bbox 2104 5717 2214 5787; x_wconf 83' lang='grc' dir='ltr'>γάρ</span> <span class='ocrx_word' id='word_1_1108' title='bbox 2243 5718 2299 5770; x_wconf 77' lang='grc' dir='ltr'>αἱ</span> <span class='ocrx_word' id='word_1_1109' title='bbox 2332 5715 2592 5786; x_wconf 86' lang='grc' dir='ltr'>παρθένοι</span> <span class='ocrx_word' id='word_1_1110' title='bbox 2626 5717 2765 5787; x_wconf 79' lang='grc' dir='ltr'>μετὰ</span> <span class='ocrx_word' id='word_1_1111' title='bbox 2803 5718 3092 5780; x_wconf 86' lang='grc' dir='ltr'>τοσούτους</span> <span class='ocrx_word' id='word_1_1112' title='bbox 3123 5717 3220 5770; x_wconf 75' lang='grc' dir='ltr'>καὶ</span> <span class='ocrx_word' id='word_1_1113' title='bbox 3247 5712 3600 5785; x_wconf 80' lang='grc' dir='ltr'>τηλικούτους</span> 
     </span>
    </p>
   </div>
   <div class='ocr_carea' id='block_1_137' title="bbox 2015 5795 3674 5874">
    <p class='ocr_par' dir='ltr' id='par_1_137' title="bbox 2015 5795 3674 5874">
     <span class='ocr_line' id='line_1_137' title="bbox 2015 5795 3674 5874; baseline -0.002 -22"><span class='ocrx_word' id='word_1_1114' title='bbox 2015 5799 2243 5871; x_wconf 75' lang='grc' dir='ltr'>ἱδρῶτας</span> <span class='ocrx_word' id='word_1_1115' title='bbox 2273 5799 2528 5869; x_wconf 74' lang='grc' dir='ltr'>οὐδεμίαν</span> <span class='ocrx_word' id='word_1_1116' title='bbox 2559 5801 2856 5872; x_wconf 83' lang='grc' dir='ltr'>οὐδαμόθεν</span> <span class='ocrx_word' id='word_1_1117' title='bbox 2897 5802 3055 5874; x_wconf 79' lang='grc' dir='ltr'>ἔσχον</span> <span class='ocrx_word' id='word_1_1118' title='bbox 3085 5797 3436 5872; x_wconf 85' lang='grc' dir='ltr'>παραμυθίαν</span> <span class='ocrx_word' id='word_1_1119' title='bbox 3455 5813 3468 5828; x_wconf 90' lang='grc'><strong>·</strong></span> <span class='ocrx_word' id='word_1_1120' title='bbox 3508 5795 3593 5858; x_wconf 84' lang='grc' dir='ltr'>τίς</span> <span class='ocrx_word' id='word_1_1121' title='bbox 3663 5817 3674 5828; x_wconf 60' lang='grc' dir='ltr'>κ</span> 
     </span>
    </p>
   </div>
   <div class='ocr_carea' id='block_1_138' title="bbox 2077 5901 3593 5960">
    <p class='ocr_par' dir='ltr' id='par_1_138' title="bbox 2077 5901 3593 5960">
     <span class='ocr_line' id='line_1_138' title="bbox 2077 5901 3593 5960; baseline 0.001 -9"><span class='ocrx_word' id='word_1_1122' title='bbox 2077 5901 2104 5941; x_wconf 63' lang='grc' dir='ltr'><strong>τι</strong></span> <span class='ocrx_word' id='word_1_1123' title='bbox 2127 5902 2205 5951; x_wconf 70' lang='lat' dir='ltr'><strong>Sic</strong></span> <span class='ocrx_word' id='word_1_1124' title='bbox 2228 5901 2398 5951; x_wconf 70' lang='lat' dir='ltr'>Morel.</span> <span class='ocrx_word' id='word_1_1125' title='bbox 2432 5916 2538 5952; x_wconf 84' lang='lat' dir='ltr'>cum</span> <span class='ocrx_word' id='word_1_1126' title='bbox 2563 5906 2701 5959; x_wconf 73' lang='lat' dir='ltr'><strong>codd.</strong></span> <span class='ocrx_word' id='word_1_1127' title='bbox 2727 5906 2837 5960; x_wconf 66' lang='lat'>70‘5.</span> <span class='ocrx_word' id='word_1_1128' title='bbox 2864 5908 2974 5958; x_wconf 67' lang='lat'>709.</span> <span class='ocrx_word' id='word_1_1129' title='bbox 2999 5909 3148 5958; x_wconf 70' lang='lat' dir='ltr'>Sanil.</span> <span class='ocrx_word' id='word_1_1130' title='bbox 3181 5915 3227 5957; x_wconf 81' lang='lat' dir='ltr'><strong><em>cl</em></strong></span> <span class='ocrx_word' id='word_1_1131' title='bbox 3255 5907 3341 5958; x_wconf 74' lang='lat' dir='ltr'><strong><em>alii</em></strong></span> <span class='ocrx_word' id='word_1_1132' title='bbox 3369 5905 3593 5960; x_wconf 57' lang='grc' dir='ltr'>σιειάξα.</span> 
     </span>
    </p>
   </div>
  </div>
