3984 6196
229 228 328 257 τρε

229 263 244 278 ι

1331 231 1391 284 ΙΝ
1431 232 1738 288 JOXNNE“
1782 236 2004 290 IlOillL
2051 236 2158 291 LK.
2201 239 2268 290 :tl.
2315 239 2444 292 LIX.

301 337 475 406 Uﬂiria
499 337 787 390 Christiana
813 354 961 406 quam
985 339 1178 408 fmilia.
1208 369 1277 380 -—
1298 341 1430 408 Quid
1455 343 1597 396 enim
1619 359 1801 412 grave.

3384 248 3486 311 351

1912 346 2154 413 iubentur
2182 349 2347 402 bonos
2376 353 2640 414 miserari,
2673 361 2726 406 ct
2772 353 2941 408 malos
2975 355 3201 423 punire;
3255 360 3344 412 sed
3381 359 3486 426 lm-

236 430 344 498 quid
373 445 664 482 onerosmlt
692 446 719 481 a
750 430 903 483 nobis
931 429 1114 500 exigit,
1155 431 1279 501 quid
1307 450 1410 486 non
1456 434 1805 488 facillimum?
1908 437 2135 502 iusmodi
2180 439 2558 494 humanitatem
2604 444 2854 497 omnibus
2899 445 3196 515 impertire.
3226 447 3362 508 Nam
3389 453 3485 515 ait.

232 523 403 591 Neque
425 524 570 579 enim
588 522 740 587 dixit,
768 521 1014 576 Infirmus
1030 539 1199 588 eram,
1227 533 1280 578 et
1306 541 1411 591 non
1432 527 1658 580 sanastis
1682 543 1802 590 me;

1910 525 2084 586 Eslotc
2109 529 2296 582 sintita
2337 529 2482 592 Patri
2525 542 2705 598 vestro,
2745 535 2830 603 qui
2871 537 2922 589 in
2951 538 3086 598 cadis
3115 549 3210 608 est,
3240 540 3326 609 qui
3364 543 3488 606 oriri

225 613 331 678 sed,
369 610 492 665 Non
517 613 753 667 risitaatia
775 629 870 666 me.
902 612 1016 677 Non
1043 613 1196 685 dixit,
1229 614 1283 668 In
1312 631 1526 679 carcere
1554 631 1722 681 cram,
1752 625 1804 680 et
1907 618 2030 688 facit
2063 619 2218 680 solem
2249 637 2393 674 suum
2432 639 2586 692 super
2625 623 2789 689 mulos
2815 636 2861 679 et
2889 627 3064 691 bonos,
3092 638 3139 682 et
3180 629 3310 698 pluit
3334 646 3490 700 super

224 720 324 760 non
353 703 620 759 cduxistis
648 718 771 769 me;
818 703 937 770 sed,
971 703 1091 761 Non
1132 705 1332 770 periistis
1357 706 1424 766 ad
1463 723 1559 760 me.
1593 707 1794 774 Quanta

1901 707 2064 774 justas
2093 719 2139 761 et
2163 710 2378 778 iniustos
2416 711 2624 782 (illeilli.
2651 715 2704 770 5.
2733 715 2847 786 ιδ).
2880 716 2954 772 Ne
2983 733 3109 788 ergo
3151 719 3285 786 alios
3307 722 3487 786 acrius

217 795 380 865 igitur
409 794 646 861 faciliora
686 805 811 865 sunt
861 807 1146 866 przcccpta,
1196 806 1343 852 tanto
1396 799 1568 867 majus
1611 799 1805 867 suppli.

210 885 358 950 cium
410 899 518 949 non
575 886 932 943 servantibus.
982 885 1119 953 Quid
1147 887 1311 949 enim,
1342 903 1544 956 qmcso,
1575 887 1796 951 facilius,

211 991 375 1052 quam
406 991 682 1030 carcerem
713 977 907 1032 adire?
947 978 1073 1048 quid
1122 980 1386 1034 suavius?
1428 978 1560 1035 Cum
1604 980 1800 1042 videris

209 1069 349 1132 alios
379 1068 609 1130 vinctos,
637 1069 770 1123 alios
801 1069 1090 1139 squalidos,
1120 1079 1378 1134 comatos,
1406 1079 1460 1133 et
1498 1071 1686 1140 pannis
1716 1072 1798 1124 in-

209 1157 395 1223 dutos,
425 1157 564 1212 alios
612 1157 751 1213 fame
783 1159 1134 1224 tabescentes,
1190 1169 1246 1226 et
1298 1160 1363 1214 ad
1409 1161 1571 1235 pedes
1607 1175 1797 1226 canum

212 1264 367 1303 more
389 1259 752 1321 accurrentcs,
793 1250 927 1312 alios
955 1249 1240 1319 discerptis
1265 1251 1540 1318 lateribus,
1570 1250 1704 1305 alios
1731 1265 1798 1306 ex

210 1339 333 1404 foro
358 1340 553 1410 ligatos
578 1351 928 1405 revertentes,
957 1342 1046 1409 qui
1066 1350 1171 1407 tota
1197 1341 1286 1396 die
1316 1343 1703 1406 mendicantes,
1731 1357 1799 1396 ne

209 1434 393 1499 cibum
449 1431 662 1508 quidem
718 1434 1076 1497 necessarium
1127 1433 1513 1504 collegerunt;
1574 1449 1798 1502 vespere

210 1534 392 1590 autem
426 1539 458 1578 a
481 1523 796 1592 custodibus
834 1524 903 1578 ad
947 1524 1266 1579 laboriosum
1297 1533 1350 1580 et
1377 1527 1606 1586 immane
1643 1524 1798 1582 mini-

209 1616 435 1677 sterium
465 1625 682 1677 coactos
709 1632 725 1682 ;
767 1615 976 1674 etiamsi
1021 1616 1155 1686 lapis
1182 1631 1350 1680 esses,
1384 1617 1797 1678 humanissimus

210 1707 334 1762 hinc
347 1706 584 1765 evades:
607 1707 814 1764 etiamsi
842 1707 1002 1774 vitam
1028 1707 1238 1762 mollem
1265 1708 1682 1780 dissolutamtu
1708 1709 1798 1766 du-

207 1811 321 1859 cas,
369 1795 496 1861 hinc
542 1795 695 1864 plane
736 1796 1085 1866 philosophus
1117 1797 1340 1863 evades,
1381 1800 1506 1854 dum
1553 1801 1798 1856 humana:

208 1887 331 1943 sine
357 1885 721 1951 conditionem
757 1885 808 1938 in
837 1886 1024 1948 alienis
1061 1887 1450 1954 calamitatibus
1487 1889 1793 1956 intueberis,

209 1977 360 2044 Tunc
389 1979 443 2032 in
473 1988 706 2033 mentem
736 1978 914 2041 venict
938 1979 1245 2044 tremendus
1269 1980 1357 2047 ilic
1385 1980 1520 2043 dies,
1548 1982 1797 2053 variaque

206 2070 492 2151 supplicia.
525 2069 650 2126 Haec
671 2071 853 2140 animo
875 2085 1113 2140 versans,
1150 2072 1304 2142 iram,
1323 2073 1670 2143 voluptatem,
1696 2089 1796 2128 sa:-

206 2163 470 2228 cnla-rinm
511 2177 692 2226 rerum
735 2177 970 2218 amorem
999 2162 1236 2232 abjicies,
1273 2173 1329 2220 et
1356 2165 1638 2234 tranquillo
1660 2179 1794 2235 quo-

208 2253 290 2305 vis
318 2262 477 2324 portu
505 2253 924 2324 tranquilliorem
953 2255 1182 2308 animam
1219 2254 1440 2310 efﬁcies.
1484 2257 1560 2310 De
1595 2255 1796 2324 iudicio

209 2345 306 2404 illo
332 2344 814 2415 philosopbaberis,
843 2355 1015 2401 tecum
1037 2356 1307 2416 reputans,
1330 2346 1375 2402 si
1394 2347 1532 2417 apud
1554 2347 1795 2403 homines

212 2447 403 2489 tantus
427 2436 562 2492 ordo
591 2452 779 2500 rerum,
805 2446 982 2491 tantus
1005 2448 1198 2504 terror,
1236 2446 1396 2492 tantm
1429 2438 1795 2494 comminatio—

210 2541 332 2597 nos,
363 2527 533 2592 multo
555 2529 717 2598 magis
739 2529 878 2598 apud
907 2529 1093 2597 Deum.
1117 2528 1280 2584 Nulla
1305 2531 1436 2584 enim
1461 2539 1678 2602 potestas
1700 2539 1790 2595 est,

208 2619 310 2679 nisi
342 2636 378 2672 ιι
409 2618 519 2679 Deo
544 2621 718 2689 (liam.
764 2621 852 2686 l3.
886 2621 963 2692 1).
1001 2621 1102 2689 Qui
1143 2620 1471 2692 principibus
1501 2622 1614 2686 huic
1649 2621 1794 2678 ordi-

206 2711 385 2774 nanda
413 2712 706 2776 commisit,
735 2713 904 2767 multo
939 2713 1104 2783 magis
1131 2713 1244 2785 ipse
1270 2723 1608 2782 exsequetur.

279 2801 334 2852 5.
369 2799 550 2871 Hujus
575 2816 637 2854 ea:
664 2801 822 2872 ορεάο
847 2803 1069 2856 caritatis
1097 2819 1248 2872 quam
1277 2821 1304 2858 e
1328 2803 1654 2859 theatralibus
1679 2818 1793 2872 spc-

209 2891 420 2946 αραιΙή
447 2892 692 2961 gaudium
723 2895 1014 2962 percipitur.
1077 2892 1276 2950 Visendi
1315 2904 1430 2957 sunt
1471 2895 1790 2954 incarceruti.

212 2979 414 3032 .-.-Nam
446 2980 551 3034 nisi
586 2982 676 3047 ille
705 2981 927 3037 instaret
953 2983 1129 3048 timor,
1151 2983 1330 3039 omnia
1363 2999 1493 3039 sane
1519 2985 1790 3055 perirent:

209 3072 429 3139 uitanda
451 3081 531 3126 tot
548 3074 943 3142 imminentibus
959 3075 1230 3145 suppliciis
1255 3075 1400 3136 multi
1417 3076 1483 3131 ad
1505 3077 1791 3147 nequitiam

209 3176 331 3215 sese
345 3162 652 3229 conferunt.
674 3162 798 3222 llam
821 3166 863 3220 si
888 3163 1292 3236 phiIosOpheris,
1321 3165 1385 3220 ad
1401 3167 1792 3240 eleemosynam

207 3252 318 3305 eris
345 3255 670 3322 promptior,
693 3268 880 3324 magna
907 3254 1099 3313 frueris
1119 3256 1406 3325 voluptate,
1437 3265 1491 3311 et
1515 3257 1667 3327 longe
1684 3273 1796 3312 ma-

209 3342 344 3411 iore,
371 3357 534 3412 quam
559 3343 648 3414 qui
677 3359 707 3399 a
730 3346 937 3400 theatro
961 3345 1310 3409 descendunt.
1332 3347 1463 3408 Nam
1485 3349 1625 3418 quia
1648 3349 1794 3404 thea-

214 3443 296 3486 tro
323 3444 573 3504 surgunt,
599 3438 1024 3506 concupiscentia
1047 3439 1254 3493 ardent.
1284 3439 1421 3494 Cum
1450 3441 1629 3495 vident
1651 3441 1792 3508 enim

215 3526 328 3580 illas
361 3527 416 3580 in
441 3541 603 3581 scena
643 3528 914 3593 mulieres,
945 3530 1219 3585 ornatibus
1251 3532 1614 3602 splendentes,
1649 3535 1794 3598 mille

214 3617 386 3673 allecti
424 3617 754 3682 vulneribus,
785 3620 952 3674 instar
979 3622 1141 3676 maris
1166 3623 1438 3677 astuantis
1465 3635 1640 3692 erunt,
1668 3625 1792 3680 dum

215 3725 396 3761 carum
435 3718 676 3778 aspectu,
721 3710 933 3775 habitu,
970 3711 1164 3774 verbis,
1199 3713 1438 3780 incessu,
1480 3717 1794 3786 exterisque

214 3800 466 3852 cautibus
487 3800 698 3854 animus
722 3801 1016 3860 obsidetur.
1039 3801 1136 3869 Qui
1157 3814 1332 3858 autem
1349 3805 1418 3860 ab
1435 3805 1524 3858 illo
1540 3805 1648 3860 alio
1668 3821 1792 3876 spe-

215 3892 424 3945 ctaculo
452 3892 820 3962 egrediuntur,
853 3892 983 3946 nihil
1016 3894 1121 3948 tale
1147 3895 1429 3963 patientur,
1469 3896 1576 3950 imo
1605 3914 1792 3968 magna

217 3984 460 4037 fruentur
487 3983 885 4052 tratuiuillitate.
912 3984 1266 4058 Coiiipunctio
1305 3988 1443 4041 enim
1483 4003 1545 4041 ex
1594 3989 1795 4044 vincto-

218 4088 326 4125 rum
368 4081 592 4141 aspectu
635 4083 784 4142 parta
831 4073 1132 4144 huiusmodi
1173 4075 1344 4145 ignem
1393 4086 1558 4132 totum
1589 4081 1792 4134 exstin-

215 4167 339 4232 guit.
364 4165 425 4220 Si
453 4167 671 4221 exeunti
701 4181 765 4221 ex
787 4181 1003 4222 carcere
1028 4177 1274 4232 occurrat
1303 4168 1492 4226 lasciva
1519 4171 1792 4237 meretrix,

215 4256 339 4308 nihil
368 4255 445 4308 illi
472 4255 598 4310 mali
629 4255 838 4311 inferet.
869 4255 1000 4311 Nam
1032 4257 1154 4312 fuco
1183 4258 1310 4312 nulli
1333 4256 1614 4328 obnoxius,
1636 4275 1792 4329 aspc-

212 4357 327 4398 ctns
353 4345 664 4415 huiusmodi
691 4348 893 4402 retibus
923 4364 1026 4412 non
1055 4351 1312 4420 capietur.
1339 4365 1460 4406 cum
1499 4361 1681 4406 contra
1710 4364 1792 4407 ta-

216 4438 318 4489 lem
344 4448 624 4506 aspectum
655 4448 829 4492 metus
852 4439 1034 4506 iudicii
1072 4441 1144 4495 ob
1169 4442 1351 4495 oculos
1373 4444 1640 4508 'versetnr.
1671 4444 1795 4500 Ideo

212 4529 300 4583 ilic
323 4530 416 4598 qui
442 4545 604 4584 onmc
630 4531 914 4600 voluptatis
942 4547 1109 4600 genus
1133 4541 1384 4604 expertus
1405 4544 1538 4610 erat,
1561 4535 1790 4604 dicebat,

211 4617 400 4673 Helia
423 4630 496 4673 est
519 4620 591 4672 ire
626 4621 677 4673 iu
706 4623 908 4674 domum
933 4623 1117 4687 luctus,
1157 4641 1307 4695 quant
1345 4626 1397 4677 in
1435 4625 1638 4686 domum
1665 4627 1795 4682 rima

210 4708 412 4765 (Hrcle.
456 4712 509 4765 ἴ.
553 4711 630 4779 3).
677 4711 741 4765 Et
783 4710 867 4766 hic
913 4713 1069 4778 talem
1113 4724 1344 4774 sectatus
1382 4715 1791 4786 philosophiam,

213 4799 319 4854 illic
346 4800 654 4855 beatigima
672 4802 851 4867 audiet
874 4806 1054 4870 verba.
1077 4805 1154 4869 Ne
1168 4821 1294 4876 ergo
1312 4805 1440 4860 illud
1467 4808 1794 4878 negligamus

208 4904 364 4959 opus.
394 4891 615 4946 Etiamsi
642 4893 783 4948 enim
815 4910 919 4962 non
960 4896 1224 4965 possimus
1262 4912 1327 4951 eo
1358 4897 1532 4953 cibum
1576 4899 1791 4967 inferre,

210 4997 309 5037 nec
337 4994 642 5052 argentum,
679 4995 734 5040 at
763 4987 1054 5056 poterimus
1098 4989 1277 5044 verbis
1309 4990 1512 5060 lapsum
1559 4991 1792 5044 animum

204 5074 497 5136 conﬂari,
518 5083 572 5128 ct
595 5075 648 5128 in
674 5075 792 5131 aliis
819 5078 1001 5141 multis
1017 5079 1224 5148 iuvare,
1257 5071 1368 5134 sive
1389 5095 1481 5136 eos
1495 5081 1584 5150 qui
1602 5083 1652 5136 in
1672 5099 1793 5137 car-

204 5178 388 5217 cerem
429 5174 704 5220 truserunt
731 5167 1081 5238 alloqucntes,
1113 5170 1225 5224 sive
1261 5170 1510 5226 custodes
1543 5188 1793 5230 mansue-

206 5254 377 5308 tiores
412 5256 716 5320 reddentes,
748 5267 803 5322 et
840 5260 922 5318 vel
953 5262 1496 5331 quantulumcumque
1520 5265 1638 5336 opis
1662 5266 1794 5318 alle-

205 5361 412 5399 rctnns.
462 5348 520 5402 Si
555 5349 777 5410 dixeris.
827 5364 926 5405 uec
951 5351 1085 5419 frugi
1127 5367 1224 5406 nec
1270 5354 1468 5424 probos
1503 5355 1646 5414 viros
1691 5356 1796 5410 illic

201 5450 348 5499 esse,
380 5437 477 5491 sed
509 5437 824 5506 homicidas,
865 5441 1232 5510 sepulcrorum
1270 5432 1592 5512 effossorcs,
1629 5445 1793 5510 iures,

203 5528 471 5593 macine,
489 5529 738 5593 lascivos,
757 5531 1040 5602 multisque
1063 5534 1356 5591 sceleribus
1371 5537 1646 5607 obnoxios,
1673 5554 1794 5593 rur-

201 5631 298 5669 sus
317 5618 449 5672 mihi
478 5621 840 5674 necessarium
868 5621 1010 5678 hunc
1039 5623 1240 5680 aditum
1269 5626 1478 5695 probas.
1512 5627 1624 5691 Non
1652 5631 1792 5696 enim

544 5716 816 5790 Parant.
862 5722 978 5793 (in.
1029 5721 1187 5796 LIX.

1907 796 2204 862 iusectcris,
2240 815 2372 855 neve
2401 801 2476 854 sis
2515 801 2680 868 iudex
2722 804 3109 869 vehementior,
3139 807 3231 867 sed
3263 809 3406 878 mitis
3430 817 3490 872 et

1907 887 2189 946 lunnanus.
2225 889 2332 950 Nos
2381 891 2580 955 ctenim
2630 895 2729 950 etsi
2760 911 2864 948 non
2912 895 3106 966 mysehi
3154 897 3341 964 simus.
3376 914 3484 970 non

1903 979 2270 1046 sepulcrorum
2316 981 2620 1044 clfossores.
2668 1000 2772 1038 non
2821 983 2988 1051 fures,
3016 987 3108 1051 sed
3153 988 3272 1047 aliis
3299 1001 3486 1050 sumus

1902 1068 2115 1127 obnoxii
2148 1069 2311 1134 vitiis,
2344 1088 2462 1140 qua:
2504 1073 2648 1130 mille
2677 1075 2953 1144 suppliciis
2981 1076 3136 1147 digna
3173 1088 3313 1147 sunt.
3350 1079 3482 1147 Nam

1904 1161 1985 1215 vel
2009 1161 2225 1224 fratrem
2250 1162 2446 1224 fatuum
2476 1167 2801 1232 vocavimus,
2821 1166 2958 1237 quod
2987 1183 3084 1222 nos
3098 1169 3355 1238 gehenna:
3377 1171 3482 1233 ob-

1902 1253 2090 1305 noxios
2118 1253 2290 1308 reddit
2318 1270 2332 1320 ;
2364 1255 2449 1312 vel
2479 1254 2730 1313 mulieres
2773 1257 3051 1325 impudicis
3075 1257 3243 1322 oculis
3267 1259 3484 1329 aspexi-

1903 1356 2040 1408 mus,
2068 1342 2208 1412 quod
2254 1351 2336 1398 est
2362 1354 2786 1409 consummatum
2837 1346 3154 1416 adulterium
3185 1366 3199 1403 :
3227 1349 3481 1423 quodque

1901 1435 2138 1496 omnium
2170 1436 2540 1505 gravissimum
2568 1447 2671 1504 est,
2701 1438 2914 1509 indigne
2957 1441 3208 1511 mysteria
3262 1442 3481 1515 partici-

1903 1524 2163 1593 pavimus,
2183 1525 2322 1594 quod
2348 1540 2468 1582 reos
2491 1526 2612 1581 facit
2633 1528 2877 1596 corporis
2896 1538 2948 1582 ct
2973 1530 3246 1600 Sanguinis
3259 1530 3478 1594 Clll’iali.

1901 1612 1977 1668 Ne
2005 1629 2134 1684 ergo
2167 1615 2344 1672 acerbi
2392 1616 2614 1669 aliorum
2643 1626 2969 1683 scrutatores
3001 1619 3208 1684 simus;
3248 1619 3342 1673 sed
3385 1636 3482 1674 no-

1899 1713 2007 1758 stra
2032 1705 2347 1774 cogitemus,
2377 1714 2432 1763 et
2459 1706 2535 1760 sie
2567 1706 3008 1774 inhumanitatem
3046 1707 3182 1762 hanc
3209 1717 3264 1763 et
3287 1708 3480 1764 crude-

1900 1797 2101 1855 litatem
2132 1797 2456 1863 sedabimus.
2499 1798 2579 1867 Ad
2630 1798 2744 1861 lucc
2789 1815 2918 1860 vero
2958 1798 3243 1860 dicendum
3291 1799 3476 1858 etiam.

1900 1905 1999 1946 nos
2047 1891 2116 1945 ibi
2166 1890 2364 1961 probos
2413 1892 2557 1950 viros
2599 1893 2795 1960 multos
2842 1900 3150 1962 repertores
3197 1906 3338 1958 esse,
3380 1892 3476 1946 toti

1899 1981 2215 2050 plerumque
2242 1981 2443 2036 civitati
2487 1981 2864 2051 exaequandos.
2907 1981 3037 2039 Nam
3075 1996 3261 2044 carcer
3289 1982 3474 2048 ille,in

1897 2087 2004 2141 quo
2050 2071 2246 2140 Joscph
2288 2082 2424 2136 erat,
2472 2073 2669 2128 multos
2718 2072 2991 2142 improbos
3031 2071 3372 2140 continebat;
3419 2081 3476 2127 et

1899 2170 2074 2217 tamen
2099 2164 2333 2219 omnium
2358 2178 2542 2218 curam
2570 2163 2790 2234 gerebat
2809 2163 2985 2233 iustus
3011 2164 3120 2230 ille,
3139 2172 3192 2218 et
3213 2178 3334 2230 cum
3355 2162 3474 2222 aliis

1899 2252 2141 2313 occultus
2167 2261 2304 2308 erat.
2337 2252 2467 2308 Nam
2493 2268 2615 2308 cum
2647 2253 2740 2310 toti
2771 2252 3004 2324 Egypto
3028 2262 3170 2307 esset
3199 2267 3475 2321 exaequatio

1897 2343 2031 2408 dus,
2089 2343 2141 2397 in
2189 2358 2405 2402 carcere
2455 2351 2632 2398 tamen
2678 2351 2795 2398 erat
2844 2342 3042 2398 nemini
3093 2351 3271 2407 notus.
3324 2341 3475 2409 Nunc

1897 2448 2107 2504 quoque
2133 2433 2421 2498 verisimile
2445 2444 2529 2488 est
2555 2433 2624 2499 ibi
2654 2434 2853 2492 multos
2879 2447 3002 2490 esse
3029 2433 3225 2504 probos
3254 2442 3308 2486 et
3339 2431 3473 2501 frugi

1897 2528 2062 2595 viros,
2091 2528 2189 2583 etsi
2219 2543 2325 2587 non
2352 2527 2601 2588 omnibus
2629 2537 2817 2593 notos;
2846 2537 2902 2589 et
2929 2542 3056 2582 cura
3083 2527 3188 2582 illis
3213 2525 3468 2588 exhibita,

1896 2617 2132 2674 ofﬁcium
2182 2619 2304 2677 aliis
2369 2618 2662 2689 prteSIitnm
2717 2617 2928 2678 abunde
2986 2617 3079 2672 tibi
3136 2625 3470 2688 compensat.

1897 2709 2117 2766 Etiamsi
2149 2724 2278 2765 vero
2307 2710 2486 2767 nullus
2516 2709 2585 2765 ibi
2614 2710 2738 2766 talis
2763 2717 2928 2775 esset,
2957 2723 3144 2779 magna
3175 2718 3349 2770 tamen
3377 2706 3472 2771 tibi

1897 2804 2129 2873 reposita
2157 2816 2240 2859 est
2279 2819 2506 2860 merces.
2531 2802 2689 2859 Certe
2730 2803 2984 2867 Dominus
3022 2811 3144 2861 tuus
3171 2815 3275 2855 non
3299 2798 3473 2869 iustos

1897 2895 2056 2949 modo
2099 2895 2488 2964 alloquebatur,
2537 2911 2635 2950 nec
2680 2895 2916 2964 impuros
2965 2893 3234 2964 fugiebat;
3281 2891 3375 2951 sed
3419 2901 3476 2954 et

1894 2983 2250 3039 Chanana‘am
2291 2999 2413 3039 cum
2440 2983 2603 3040 multa
2635 2983 3005 3038 benevolentia
3032 2982 3267 3054 excepit,
3295 2989 3352 3041 et
3370 2981 3466 3037 Sae-

1897 3077 2211 3130 maritanam
2239 3075 2518 3131 scelestam
2548 3083 2601 3129 et
2632 3073 2917 3143 impuram,
2946 3073 3209 3142 aliamque
3229 3069 3471 3130 meretri-

1895 3183 2034 3233 cem,
2065 3165 2207 3237 quod
2241 3165 2411 3221 Judaei
2457 3163 2869 3233 caprobrarnnt,
2899 3160 3114 3230 etcepit
3150 3169 3204 3215 et
3243 3159 3470 3224 curavit,

1898 3273 2187 3331 passusque
2209 3267 2292 3313 est
2321 3267 2378 3311 ut
2403 3258 2622 3326 impura:
2648 3254 2884 3310 mulieris
2913 3251 3162 3322 lacrymis
3187 3251 3350 3322 pedes
3388 3251 3472 3314 sui

1897 3350 2217 3419 rigarentur,
2245 3358 2301 3402 ut
2331 3361 2429 3406 nos
2461 3346 2680 3408 doceret
2725 3345 2955 3406 humane
2995 3351 3304 3414 peccatores
3328 3341 3472 3408 egui-

1897 3454 2046 3516 pere.
2081 3440 2204 3502 llavc
2223 3439 2364 3495 enim
2393 3438 2621 3501 maxima
2652 3435 2952 3500 humanitas
2993 3443 3095 3489 est.
3131 3432 3267 3516 Quid
3296 3432 3466 3496 dicis?

1899 3532 2042 3587 fures
2068 3542 2123 3586 et
2151 3531 2514 3601 sepulcrorum
2540 3527 2830 3592 eﬂossores
2866 3539 3134 3588 carcerem
3174 3523 3474 3596 occupant?

1897 3624 2054 3688 Num,
2074 3638 2254 3694 quzeso
2274 3620 2504 3677 civitatis
2534 3620 2724 3676 incola:
2749 3633 2938 3674 omnes
2958 3617 3087 3687 iusti
3109 3615 3270 3671 sunt?
3295 3629 3474 3669 annon

1900 3717 1986 3771 hic
2026 3714 2178 3769 multi
2222 3712 2431 3782 peiores
2460 3720 2606 3777 sunt,
2635 3709 2728 3782 qui
2778 3707 3141 3778 impudentius
3193 3705 3476 3760 furantur?

1899 3806 2001 3861 Alii
2027 3804 2169 3860 enim
2195 3801 2535 3858 solitudinem
2567 3787 2756 3855 saltem
2788 3808 2844 3854 et
2884 3799 3133 3854 tenebras
3156 3795 3471 3858 obtendunt,

1897 3905 1950 3951 et
1979 3896 2093 3950 base
2128 3895 2263 3950 clam
2295 3894 2494 3948 faciunt
2519 3909 2534 3944 :
2563 3891 2676 3957 alii,
2704 3891 2874 3960 posita
2905 3890 3071 3951 larva,
3101 3887 3244 3943 nudo
3272 3887 3467 3956 capite,

1899 3986 2037 4042 mala
2077 3992 2406 4054 perpetrant,
2452 3981 2692 4046 violenti,
2736 3987 3000 4048 raptores,
3032 3978 3200 4030 avari.
3250 3975 3474 4030 Diftieile

1899 4091 2130 4148 namque
2150 4083 2235 4130 est
2255 4076 2426 4129 virum
2454 4075 2689 4157 reperire
2710 4071 2998 4126 insontem.

1969 4171 2022 4225 6.
2062 4167 2215 4236 Quod
2255 4168 2298 4220 si
2343 4180 2449 4230 non
2475 4179 2664 4218 aurum
2707 4165 2966 4232 rapimus,
2995 4160 3040 4216 si
3073 4175 3181 4216 non
3211 4168 3287 4215 tot
3315 4167 3369 4214 et
3399 4167 3476 4212 tot

1893 4263 2076 4332 iugera
2099 4268 2278 4319 terras,
2297 4268 2349 4311 at
2380 4253 2568 4309 fraude
2603 4263 2657 4309 et
2683 4252 2823 4308 furto
2849 4251 3076 4322 idipsnm
3103 4251 3155 4306 in
3181 4250 3475 4306 minoribus

1899 4367 1998 4424 pro
2053 4350 2190 4406 virili
2237 4349 2476 4412 facimus.
2520 4345 2651 4402 Nam
2693 4359 2816 4400 cum
2863 4344 2917 4415 in
2962 4343 3287 4400 commercio
3313 4383 3330 4405 ,
3389 4343 3471 4395 vel

1901 4446 1952 4500 in
1991 4442 2220 4502 emendo
2267 4450 2321 4496 et
2364 4437 2663 4512 vendendo,
2703 4437 2880 4509 minus
2918 4452 3076 4520 quam
3119 4443 3333 4505 oportet
3373 4450 3474 4488 nn.

1899 4550 2108 4591 lucrare
2151 4531 2546 4605 ceutcndimus,
2588 4543 2908 4598 omnemque
2947 4527 3246 4582 machinam
3290 4539 3476 4580 move-

1900 4643 2038 4688 mus,
2063 4641 2239 4694 annon
2273 4623 2401 4689 illud
2443 4621 2780 4687 latrocinium
2811 4620 2934 4675 est?
2973 4634 3150 4673 annon
3186 4617 3382 4670 furtum
3423 4624 3480 4669 et

1899 4718 2122 4786 rapina?
2162 4714 2238 4770 Nc
2267 4714 2398 4768 mihi
2418 4714 2637 4780 dixeris,
2671 4721 2724 4768 te
2753 4728 2852 4766 nec
2896 4711 3112 4766 domum
3139 4722 3237 4763 nec
3263 4721 3476 4762 servum

1899 4807 2202 4876 abstulisse.
2248 4803 2511 4873 lniustitia
2545 4817 2774 4873 namque
2805 4816 2908 4856 non
2949 4809 3115 4870 rapta:
3161 4798 3239 4854 rei
3285 4797 3474 4866 pretio,

1900 4897 1994 4951 sed
2044 4897 2302 4968 rapientis
2332 4894 2604 4960 voluntate
2634 4892 2905 4964 penditur.
2936 4891 3146 4946 Justitia
3178 4904 3404 4960 namque
3424 4898 3480 4941 et

1902 4988 2158 5055 iniustitia
2191 4987 2243 5058 in
2276 4986 2482 5063 magnis
2504 4995 2558 5040 et
2587 4983 2764 5065 parvis
2792 4983 2951 5052 rebus
2970 4981 3215 5036 eamdem
3237 4981 3342 5035 vim
3379 4977 3477 5032 ha—

1902 5081 2060 5136 bent:
2088 5092 2142 5135 et
2169 5080 2336 5135 furem
2360 5079 2570 5150 appello
2596 5088 2700 5132 tam
2723 5092 2843 5142 eum
2866 5077 2952 5145 qui
2979 5084 3192 5130 exsecta
3223 5086 3478 5127 crumena

1901 5188 2090 5226 aurum
2119 5173 2336 5245 abripit,
2354 5187 2511 5253 quam
2539 5179 2830 5236 ementem,
2854 5166 2943 5238 qui
2977 5164 3172 5235 aliquid
3199 5159 3481 5253 defraudat

1901 5263 1968 5317 de
2000 5263 2198 5330 pretio;
2222 5271 2276 5316 et
2300 5251 2511 5332 parietis
2541 5259 2851 5325 elfossorem
2874 5271 3027 5317 voco.
3047 5271 3151 5310 non
3171 5268 3294 5309 eum
3322 5251 3482 5305 mtqu

1903 5356 2015 5430 qui,
2051 5364 2207 5422 rupto
2235 5333 2456 5422 pariete,
2487 5348 2683 5417 aliquid
2717 5349 2858 5410 intus
2888 5345 3132 5414 furatur;
3179 5342 3271 5398 sed
3315 5342 3478 5396 etiam

1903 5463 2024 5501 eum
2055 5445 2165 5516 qui,
2203 5445 2322 5514 iure
2352 5442 2570 5506 violato,
2598 5439 2796 5510 aliquid
2826 5453 2856 5504 a
2889 5439 3130 5514 proximo
3168 5434 3359 5490 aufert.
3406 5432 3482 5488 Nc

1903 5553 2030 5608 ergo
2059 5538 2216 5592 rebus
2241 5536 2438 5591 nostris
2463 5534 2700 5602 omissis,
2725 5533 3019 5588 alienarum
3040 5530 3248 5601 iudices
3283 5528 3482 5583 simus:

1907 5645 2080 5700 neque
2119 5627 2245 5682 dum
2276 5627 2625 5694 humanitatis
2646 5635 2855 5710 tempus
2879 5635 2984 5698 est,
3015 5621 3304 5693 nequitiam
3330 5631 3486 5675 seru-
