3984 6196
527 234 629 290 555

531 365 700 404 temur
729 367 738 401 :
769 346 860 402 sed
890 347 1179 414 cogitantes
1208 343 1472 412 quomodo
1499 356 1595 395 nos
1625 343 1751 394 olim
1781 340 1948 394 affecti
1980 339 2093 393 fuc-

531 444 715 505 rimus,
749 441 911 492 simus
943 438 1154 490 tandem
1187 437 1444 488 mansueti
1475 445 1526 486 ιιι
1561 434 1791 501 ln-nigni.
1821 431 2093 499 Quomodo

529 547 655 599 ergo
685 529 856 583 allecti
903 527 1154 581 eramus?
1202 525 1336 578 Audi
1379 525 1594 578 Paulum
1625 524 1885 576 dicentem
1917 541 1928 573 :
1963 521 2092 572 lira-

533 641 641 675 mus
667 623 795 674 enim
843 620 1114 689 aliquando
1160 628 1202 669 et
1251 634 1340 668 nos
1394 616 1747 677 iuobedientcs,
1787 612 2092 677 insipientes,

531 721 772 775 errantes,
797 711 1060 764 servientes
1088 707 1348 760 desideriis
1370 715 1414 757 et
1435 703 1768 771 voluptatibus
1796 703 1963 763 rariis,
1989 701 2097 752 odi-

533 803 676 867 biles,
706 801 927 855 odientes
951 800 1157 852 invicem
1187 795 1310 867 (Tit.
1337 797 1388 849 3.
1414 795 1466 862 ’5)
1491 812 1505 859 ;
1541 805 1591 846 et
1619 808 1852 856 rursum,
1886 791 2099 843 Eramus

531 892 660 944 enim
687 900 869 944 natura
895 890 986 956 ﬁlii
1010 890 1100 941 ira:
1127 887 1339 956 (Ephes.
1359 886 1411 938 ει.
1437 884 1512 948 5).
1536 883 1638 937 Sed
1667 883 1804 936 Deus
1836 896 1930 933 nos
1951 879 2102 948 quasi

534 985 583 1035 in
629 996 842 1035 earcere
885 981 1129 1033 detentos
1161 977 1364 1040 videns,
1395 983 1448 1028 et
1490 973 1734 1042 gravibus
1784 971 2100 1024 constrictos

533 1075 758 1135 catenis,
796 1088 913 1142 quae
957 1070 1140 1124 ferreis
1183 1068 1338 1136 longe
1385 1065 1676 1134 graviores,
1722 1078 1822 1115 non
1870 1061 2097 1124 erubuit,

534 1162 624 1215 sed
657 1163 798 1215 venit
843 1161 892 1213 in
937 1173 1226 1216 carcerem,
1258 1167 1310 1210 et
1343 1153 1634 1207 innumeris
1672 1153 1857 1219 dignos
1900 1151 2100 1219 suppli-

537 1253 634 1304 ciis
673 1250 854 1303 eduxit
897 1248 1039 1308 inde,
1091 1257 1142 1300 et
1198 1247 1247 1298 in
1303 1259 1523 1314 regnum
1572 1241 1813 1305 induxit;
1868 1242 2103 1308 caelomte

534 1336 926 1408 splendidiores
959 1337 1154 1396 effecit,
1182 1346 1232 1388 ut
1282 1345 1332 1388 et
1363 1349 1460 1388 nos
1499 1349 1592 1401 pro
1622 1333 1755 1386 virili
1788 1341 1963 1386 nostra
2003 1331 2105 1385 hoe

535 1435 706 1498 ipsum
756 1429 1024 1482 faciamus.
1076 1427 1204 1479 Nam
1248 1440 1366 1477 cum
1416 1423 1690 1492 discipulis
1734 1422 1861 1476 dicit
1889 1438 1902 1476 :
1933 1420 1990 1472 Si
2015 1437 2104 1489 ego

537 1521 636 1573 lavi
681 1520 832 1588 pedes
861 1529 1046 1572 vestros
1077 1517 1318 1570 Dominus
1358 1526 1401 1568 et
1440 1513 1699 1584 Magister,
1727 1523 1770 1565 et
1812 1528 1895 1564 vos
1923 1511 2104 1565 debetis

535 1610 663 1662 alter
687 1609 895 1661 alterius
921 1608 1089 1660 lavare
1116 1605 1265 1675 pedes
1293 1621 1311 1656 :
1340 1604 1620 1672 exeruplum
1644 1603 1775 1656 enim
1813 1603 1927 1655 dedi
1947 1603 2101 1666 vobis,

536 1710 589 1751 ut
606 1698 1024 1766 quemadmodum
1048 1712 1136 1766 ego
1159 1696 1254 1766 feci
1275 1695 1428 1757 vobis,
1449 1695 1520 1746 ita
1543 1703 1586 1746 et
1611 1709 1692 1746 vos
1710 1693 1907 1760 faciatis
1929 1691 2103 1762 (Joan.

538 1791 624 1842 1-5.
656 1787 746 1856 14)
773 1805 785 1839 :
814 1802 918 1840 non
945 1787 1012 1840 de
1043 1784 1282 1839 lavandis
1313 1783 1532 1852 pedibus
1561 1791 1761 1836 tantum
1806 1782 1893 1834 hic
1938 1782 2104 1850 legem

537 1877 643 1940 dat,
676 1876 768 1929 sed
797 1885 849 1930 et
876 1875 941 1930 de
966 1876 1086 1928 aliis
1111 1873 1377 1936 omnibus,
1401 1887 1519 1940 qua:
1548 1873 1658 1940 ipse
1684 1871 1837 1924 nobis
1862 1871 2102 1925 contulit.

540 1947 811 2021 lloinicida
841 1974 922 2020 est
961 1966 1012 2017 in
1047 1965 1308 2018 carcere?
1359 1965 1424 2015 At
1449 1977 1543 2013 nos
1570 1962 1703 2013 bene
1732 1958 1906 2013 facere
1929 1973 1994 2013 ne
2017 1959 2108 2012 de.-

538 2057 808 2108 sistamus.
853 2055 1232 2124 Sepulcrorum
1281 2052 1506 2106 efl‘ossor
1547 2061 1650 2114 (εει,
1699 2060 1789 2102 aut
1835 2049 2110 2103 tumelias?

541 2147 644 2201 Sed
677 2164 740 2201 ne
771 2145 1004 2208 malitite,
1025 2159 1205 2199 verum
1230 2141 1547 2198 calamitatis
1577 2139 2110 2206 misereamur.S:epc

541 2249 738 2298 autem,
781 2245 838 2289 ut
881 2235 1009 2299 dixi,
1055 2234 1352 2302 reperietur
1401 2231 1471 2284 ibi
1517 2229 1774 2298 quispiam
1824 2229 2111 2281 innumeris

543 2331 669 2382 viris
696 2326 1094 2396 exmquandus;
1142 2333 1194 2379 et
1234 2325 1276 2378 si
1325 2338 1466 2390 smpe
1511 2322 1715 2374 vinctos
1753 2321 1932 2381 adeas,
1975 2319 2112 2373 latnt:

543 2427 788 2470 venatum
816 2414 1134 2484 assequeris.
1164 2414 1310 2468 Sicut
1341 2411 1630 2469 Abraham,
1663 2409 1752 2477 qui
1775 2409 1991 2478 quosvis
2020 2424 2111 2462 ev-

542 2507 790 2577 cipiebat,
821 2507 871 2559 in
916 2505 1134 2573 angelos
1166 2503 1347 2555 incidit
1378 2519 1390 2553 :
1423 2503 1499 2554 sic
1530 2512 1580 2553 et
1615 2515 1709 2552 nos
1742 2501 1791 2552 in
1827 2499 1965 2551 viros
1997 2513 2110 2551 ma-

546 2613 677 2667 gnos
730 2596 1043 2658 incidemus,
1074 2595 1115 2646 si
1149 2593 1199 2646 id
1247 2592 1661 2660 frequentemus.
1693 2589 1748 2642 Si
1795 2603 1921 2641 vero
1953 2588 2106 2640 liceat

541 2687 665 2756 quid
693 2684 1062 2739 admirandum
1093 2683 1291 2744 dicere,
1314 2696 1416 2733 non
1449 2687 1590 2732 tanta
1622 2677 1775 2731 laude
1801 2677 1989 2745 dignus
2009 2685 2110 2739 est,

540 2778 627 2845 qui
683 2790 926 2843 magnum
971 2775 1270 2843 quempiam
1307 2771 1536 2838 exeipit,
1579 2785 1736 2838 quam
1792 2771 1836 2822 is
1878 2768 1967 2837 qui
2013 2768 2112 2821 mi-

545 2882 721 2919 serum
758 2877 812 2919 et
839 2864 1122 2918 infelicem.
1159 2851 1249 2915 ille
1297 2876 1522 2929 namque
1553 2876 1655 2912 non
1687 2873 1904 2927 parvum
1953 2874 2110 2927 argu-

543 2966 779 3011 mentmn
821 2955 975 3010 aliert
1016 2955 1096 3008 sui
1145 2951 1458 3021 recipiendi,
1502 2965 1691 3020 nempe
1737 2951 1896 3003 vitam
1927 2963 2109 3008 suam;

548 3048 706 3100 homo
749 3056 924 3100 autem
955 3043 1202 3098 omnibus
1253 3042 1491 3110 abiectus
1520 3049 1574 3094 et
1603 3040 1764 3094 miser
1812 3053 1973 3092 unum
2023 3037 2114 3089 ba-

544 3139 632 3192 bet
677 3145 918 3203 portum,
946 3148 1137 3203 nempe
1173 3132 1589 3188 misericordiam
1619 3131 1732 3200 ejus
1755 3130 1842 3198 qui
1882 3144 1939 3182 se
1981 3130 2114 3182 bene

543 3228 736 3294 excipit
766 3245 778 3278 :
810 3228 986 3296 itaque
1015 3225 1127 3278 bme
1156 3223 1456 3278 humanitas
1485 3237 1612 3290 pura
1637 3232 1736 3274 ρει.
1770 3223 1867 3286 Qui
1896 3221 2042 3271 claro
2061 3229 2114 3269 nt

1565 3355 1721 3364 m

1727 3355 2008 3364 ——-.-—-—_~
2021 3356 2048 3363 ..

539 3582 667 3634 (lar.
703 3581 788 3631 10.
815 3595 864 3632 v.
892 3577 982 3630 εἳ.
1019 3575 1178 3628 Facta
1212 3586 1324 3628 sunt
1351 3584 1512 3626 autent
1537 3573 1758 3626 enctenia
1786 3573 1838 3624 in
1863 3569 2121 3639 Jerosoly-

612 3673 736 3734 mis,
765 3680 813 3724 et
835 3670 988 3722 hiems
1012 3678 1134 3720 erat.
1159 3666 1248 3721 25.
1276 3664 1339 3717 Et
1360 3664 1645 3717 auibulabat
1664 3662 1812 3717 Iesus
1832 3663 1882 3716 in
1906 3662 2110 3730 tempto,

615 3762 668 3813 in
699 3759 891 3828 porticu
923 3757 1231 3813 Salomonis.
1267 3755 1355 3808 24.
1387 3752 1830 3810 Circumdederunt
1859 3767 1974 3820 ergo
2007 3766 2115 3803 eum

617 3852 819 3915 Juda'i,
868 3859 912 3904 et
957 3848 1186 3902 dicebant
1218 3848 1304 3900 ei:
1341 3845 1610 3913 Quousque
1638 3844 1858 3896 animum
1895 3850 2116 3895 nostram

619 3943 792 3997 tollis?

615 4121 635 4172 1
652 4158 663 4170 .
679 4137 682 4140 ί
698 4116 926 4170 Christus
948 4111 1382 4167 mansuetudinem
1399 4112 1542 4162 verba
1558 4117 1604 4160 et
1625 4106 1850 4176 exemplo
1875 4105 2112 4172 prtedica-

544 4212 626 4261 vit.
663 4203 834 4259 Malus
855 4203 1154 4257 Judteorum
1180 4200 1398 4253 animus.
1419 4226 1488 4236 —
1509 4195 1692 4250 Omnis
1719 4194 1928 4263 quidem
1949 4194 2113 4246 virtus

546 4300 682 4351 bona
721 4303 836 4360 est,
878 4292 1109 4348 maxime
1147 4300 1322 4344 autem
1351 4286 1698 4342 mansuetudo
1727 4294 1781 4339 et
1813 4283 2112 4339 clementia.

549 4386 670 4440 llaec
693 4398 791 4438 nos
816 4381 1058 4436 homines
1079 4394 1198 4434 esse
1216 4378 1563 4437 demonstrat,
1594 4385 1648 4430 et
1667 4390 1694 4427 a
1723 4375 1845 4427 feris
1874 4373 2072 4426 dirimit
2099 4391 2110 4426 :

547 4478 662 4532 haec
686 4490 784 4531 nos
804 4473 1004 4543 angelis
1031 4478 1290 4540 exmquat.
1323 4467 1443 4522 Ideo
1463 4466 1704 4522 Cbrisms
1731 4465 2030 4533 frequenter
2051 4462 2118 4514 de

550 4567 648 4620 bac
677 4566 873 4619 virtute
893 4562 1052 4616 verba
1078 4559 1232 4624 facit,
1262 4571 1382 4611 eum
1412 4555 1565 4608 mites
1593 4564 1647 4608 et
1674 4561 1974 4606 mansuetos
1999 4565 2117 4604 esse

542 4657 716 4726 jubet.
743 4654 924 4728 Neque
959 4650 1123 4706 verba
1152 4654 1350 4701 tantum
1383 4645 1507 4699 facit
1525 4685 1540 4704 .
1568 4643 1659 4697 sed
1693 4650 1746 4696 et
1773 4641 2022 4710 Operibus
2050 4639 2114 4691 ad

549 4747 600 4810 id
631 4759 728 4800 nos
752 4741 1009 4805 instituit,
1036 4736 1192 4791 modo
1217 4735 1395 4804 alapas
1425 4733 1690 4802 perferens
1709 4771 1723 4795 ,
1752 4729 1910 4784 modo
1937 4728 2120 4782 convi-

549 4837 628 4890 eia
657 4843 714 4888 et
741 4832 978 4894 insidias,
1013 4845 1074 4884 ac
1101 4842 1306 4882 rursum
1334 4840 1453 4879 cum
1483 4821 1848 4877 insidiantibus
1875 4835 2114 4875 versans.

555 4925 683 4978 Nam
715 4923 802 4993 qui
833 4921 1218 4976 dtetnoniacum
1255 4915 1402 4970 illum
1433 4923 1487 4969 et
1523 4912 1908 4967 Samaritanum
1936 4912 2116 4980 appel-

549 5023 818 5081 laverant,
851 5014 939 5086 qui
969 5029 1111 5083 saepe
1134 5009 1383 5066 occidere
1411 5007 1556 5061 illum
1580 5004 1883 5069 voluerant,
1920 5005 2006 5072 qui
2041 5004 2118 5056 la-

551 5110 758 5180 pidibus
789 5105 1153 5175 impctierant,
1187 5101 1238 5153 bi
1269 5095 1739 5153 circumsistuntet
1762 5095 2114 5161 interrogant,

551 5203 610 5256 Si
637 5211 692 5254 tu
721 5216 770 5255 es
800 5195 1066 5254 Christus?
1094 5193 1274 5263 Neque
1317 5191 1434 5244 illos
1467 5197 1584 5257 post
1619 5195 1698 5240 tot
1727 5185 1958 5253 talesque
1987 5183 2115 5235 insi-

549 5294 663 5345 dias
679 5290 928 5358 ,repulit,
972 5285 1066 5341 sed
1096 5291 1370 5338 mansuete
1405 5277 1688 5333 admodum
1729 5275 2015 5343 reSpondit.
2055 5275 2120 5326 At

552 5381 907 5438 acerssarium
927 5389 1010 5434 est
1030 5379 1166 5432 hunc
1181 5389 1481 5431 sermonem
1504 5371 1661 5426 altius
1683 5377 1938 5436 repetere.
1964 5363 2120 5418 Facta

553 5485 700 5542 stml,
731 5474 933 5544 inquit,
967 5469 1186 5524 encaznia
1222 5469 1273 5520 in
1306 5462 1664 5533 Jerosolymis,
1708 5469 1752 5512 ct
1793 5459 1949 5511 hiems
1993 5466 2118 5508 erat.

552 5569 770 5637 ungulis
797 5566 881 5619 hic
903 5564 1018 5617 dies
1042 5562 1204 5613 festus
1228 5567 1280 5612 et
1306 5555 1556 5611 solemnis
1578 5560 1708 5604 erat.
1738 5550 1848 5614 Qua
1878 5546 2015 5600 enim
2038 5545 2121 5597 die

2051 3354 2302 3364 _.—-—-——-—

1886 3428 2214 3489 HOMILIA
2259 3426 2420 3485 LXI.

1230 229 1282 282 S.
1325 227 1598 283 JUANNIS
1630 225 2092 281 CIIiiYSUSTOMI
2133 226 2444 282 ARCIIIEP.
2485 227 3026 283 C0‘NS’I‘ANTINOP.‘
3655 234 3753 287 336

2198 341 2482 408 conspicuo
2527 343 2695 396 ofﬁcia
2733 342 2967 407 exhibet,
3000 358 3139 411 εωνο
3187 343 3250 394 ad
3277 345 3676 400 Ostentationetu
3707 350 3753 402 id

2203 432 2323 483 facit
2359 449 2368 482 :
2404 431 2490 498 qui
2535 447 2661 484 vero
2690 433 2951 500 abiectum
2997 433 3192 501 excipit
3228 433 3634 505 despectumque
3661 439 3756 488 bo-

2202 522 2417 583 minem,
2451 521 2519 573 ob
2548 523 2719 575 solum
2763 523 2852 575 Dei
2883 531 3201 590 pra'eeptmn
3255 524 3305 576 id
3354 525 3491 578 facit.
3521 525 3690 592 Quare
3715 531 3756 581 si

2199 611 2500 664 convivium
2545 624 2812 678 paremus,
2841 611 3060 664 claudos
3088 621 3142 664 et
3191 627 3363 665 ca-ces
3412 615 3653 683 excipere
3681 618 3759 684 jn-

2202 701 2386 754 bemur
2411 717 2426 766 ;
2471 701 2514 753 si
2535 702 2925 771 eleemosynam
2953 716 3254 770 erogemus,
3288 703 3521 756 minimis
3546 712 3601 757 et
3627 705 3761 759 vilis-

2200 791 2348 845 simis
2383 791 2593 860 elargiri
2624 790 2996 859 prmcipimur:
3026 803 3147 844 nam
3174 791 3268 858 ait,
3300 792 3556 858 Quantum
3595 795 3683 846 uni
3709 813 3765 848 «ιτ

2202 880 2279 934 his
2299 880 2516 933 minimis
2543 881 2746 949 fecistis,
2773 880 2897 933 mihi
2925 880 3112 948 fecistis
3145 879 3354 951 (Matth.
3383 883 3471 937 25.
3496 884 3614 953 45).
3641 883 3761 938 Cum

2204 983 2332 1038 ergo
2354 969 2460 1023 illic
2483 969 2812 1024 reconditum
2838 969 3143 1025 thesaurum
3165 973 3416 1038 Sciamus,
3437 987 3503 1026 eo
3525 973 3762 1042 frequen-

2206 1071 2285 1113 ter
2321 1060 2699 1128 ingrediantur,
2733 1067 2788 1114 et
2827 1059 2895 1114 ibi
2942 1062 3291 1129 negotiemnr,
3336 1077 3398 1116 ac
3446 1062 3762 1119 theatrorum

2205 1152 2435 1205 studium
2468 1153 2558 1205 illo
2581 1153 2898 1206 vertamus'.
2923 1151 2976 1206 Si
3001 1152 3128 1205 nihil
3159 1153 3297 1206 aliud
3325 1154 3655 1209 aﬂ‘erendum
3679 1157 3761 1209 ha—

2207 1243 2352 1304 beas,
2388 1243 2665 1294 verborum
2715 1241 3129 1296 consolationem
3185 1243 3396 1298 adhibe.
3444 1244 3559 1298 Non
3621 1247 3766 1300 modo

2205 1332 2342 1384 enim
2369 1331 2618 1394 alentem,
2648 1332 2740 1385 sed
2767 1339 2820 1384 et
2842 1331 3122 1386 intrantem
3151 1333 3289 1387 Deus
3316 1335 3563 1389 mercede
3590 1336 3760 1390 donat.

2206 1421 2336 1475 Nam
2364 1423 2406 1476 si
2433 1423 2720 1491 ingressus,
2749 1431 3060 1476 trementem
3091 1433 3516 1493 metuentemqne
3541 1414 3764 1480 animum

2206 1512 2623 1576 contirmaveris,
2644 1511 2924 1576 hortando,
2939 1511 3193 1580 iuvando,
3208 1528 3362 1581 opem
3388 1516 3762 1582 prominendn,

2209 1602 2595 1672 philompbiam
2623 1602 2883 1664 docendo,
2917 1617 3021 1655 non
3063 1619 3274 1671 parvam
3307 1603 3429 1658 hinc
3478 1607 3765 1660 mercedem

2209 1693 2455 1760 recipies.
2475 1691 2635 1746 Extra
2663 1691 2817 1761 positi
2848 1691 3018 1757 multi,
3040 1701 3090 1745 te
3116 1693 3186 1746 ita
3210 1694 3478 1759 loquente,
3503 1695 3764 1758 ridebunt,

2210 1784 2388 1839 multis
2417 1784 2610 1853 perfusi
2649 1783 2888 1848 deliciis;
2917 1784 3009 1838 sed
3038 1784 3124 1852 qui
3158 1785 3207 1838 in
3235 1784 3534 1840 calamitate
3562 1803 3767 1841 versan-

2216 1888 2320 1941 tur,
2358 1877 2538 1930 animo
2583 1885 2901 1944 compuncto
2943 1889 3062 1929 cum
3112 1876 3368 1929 modestia
3413 1878 3581 1932 multa
3628 1879 3768 1932 dictis

2210 1967 2515 2029 attenderit,
2558 1975 2609 2021 te
2647 1965 2956 2030 laudabunt,
2984 1974 3036 2020 et
3064 1966 3312 2020 meliores
3355 1967 3606 2021 evadent.
3650 1968 3766 2022 Nam

2212 2068 2260 2111 et
2281 2057 2500 2111 Paulum
2528 2057 2904 2126 prmdicsntem
2922 2055 3089 2111 Judzei
3114 2071 3254 2125 sepe
3277 2057 3602 2123 deriserunt,
3623 2061 3766 2113 vineti

2211 2155 2386 2198 autem
2413 2161 2531 2201 cum
2558 2160 2770 2200 summo
2799 2146 3011 2200 silentio
3039 2147 3342 2201 audiebant.
3375 2147 3517 2202 Nihil
3538 2151 3670 2202 enim
3701 2151 3762 2202 ita

2215 2237 2446 2290 animum
2498 2235 2563 2290 ad
2616 2235 3004 2306 pbiIOSOphiam
3058 2246 3346 2305 praeparat,
3382 2248 3441 2292 ut
3487 2240 3766 2300 calamitas,

2217 2327 2457 2392 tentatio,
2475 2341 2741 2380 aerumnae.
2761 2326 2885 2380 Haec
2911 2327 3084 2396 itaque
3105 2329 3420 2394 cogitantes,
3437 2339 3566 2398 quot
3596 2345 3772 2398 nempe

2221 2419 2270 2469 in
2304 2431 2520 2472 carcere
2551 2417 2736 2486 positis
2761 2419 2921 2484 bona,
2942 2426 3071 2486 quot
3091 2417 3246 2472 nobis
3275 2418 3403 2487 ipsis
3423 2419 3771 2479 ctmferemus,

2216 2507 2258 2560 si
2297 2521 2437 2573 saepe
2465 2520 2585 2560 cum
2609 2506 2713 2560 illis
2736 2520 3028 2571 versemur,
3052 2506 3290 2562 forenses
3313 2508 3427 2562 illas
3445 2519 3498 2563 et
3519 2509 3774 2578 intempe-

2217 2598 2376 2649 stivas
2411 2596 2824 2650 consuetudines
2847 2611 2914 2651 eo
2941 2607 3228 2663 vertamus,
3261 2608 3316 2652 ut
3338 2610 3388 2652 et
3429 2599 3551 2654 illos
3598 2600 3769 2652 lum-

2219 2704 2354 2751 mur,
2379 2698 2431 2742 et
2465 2689 2619 2743 nobis
2645 2689 2772 2757 ipsis
2798 2689 3032 2743 laetitiam
3063 2690 3340 2758 pariamus.
3361 2706 3422 2746 ac
3441 2692 3530 2745 Dei
3552 2692 3775 2761 gloriam

2217 2788 2485 2840 curantes,
2517 2789 2714 2834 aeterna
2739 2793 3128 2848 consequamur
3167 2781 3325 2845 bona,
3349 2783 3515 2850 gratia
3543 2790 3602 2836 et
3625 2782 3778 2836 beni-

2218 2869 2418 2938 gnitate
2446 2869 2651 2923 Domini
2683 2870 2846 2923 nostri
2875 2869 3002 2924 .Iesu
3031 2867 3248 2929 Christi,
3279 2887 3374 2939 per
3398 2887 3555 2940 quem
3585 2881 3639 2925 et
3665 2886 3778 2926 eum

2221 2974 2324 3027 quo
2360 2960 2502 3013 Patri
2529 2960 2695 3028 gloria
2722 2959 2985 3028 simulque
3019 2959 3236 3027 Spiritui
3281 2973 3486 3024 saneto,
3519 2963 3569 3015 in
3596 2963 3784 3017 Stecala

2227 3049 2562 3102 seculorum.
2594 3051 2783 3102 Amen.

2286 3229 2299 3257 ί
2340 3226 2480 3274 \zorel
2505 3225 2644 3288 legit,
2668 3226 2963 3288 sepelian'us,
2989 3240 3091 3288 pro,
3118 3234 3374 3276 vertamus.

3117 3353 3312 3360 ψ

2222 3569 2471 3636 templum
2500 3576 2858 3621 constructum
2887 3568 3085 3631 fuerat,
3116 3583 3180 3622 ex
3216 3569 3366 3638 longa
3395 3580 3452 3624 et
3475 3568 3684 3624 Persica
3712 3574 3783 3638 (σε)

2221 3661 2416 3714 reversi
2447 3660 2766 3727 captivitate,
2799 3658 2934 3714 hanc
2961 3660 3318 3715 celebritatem
3339 3661 3783 3731 solemniterage-

2223 3751 2364 3804 bant.
2414 3749 2524 3803 Diei
2568 3749 2702 3804 festo
2741 3749 2926 3804 aderat
2964 3749 3228 3804 Christus.
3279 3749 3522 3806 Instante
3571 3766 3784 3820 namque

2223 3850 2421 3906 inerte,
2465 3839 2766 3908 frequenter
2801 3841 2850 3892 in
2879 3839 3114 3900 intimam
3140 3840 3408 3896 veniebat.
3445 3841 3786 3898 Circuntdede

2221 3941 2337 3984 runt
2373 3947 2490 4001 ergo
2519 3947 2632 3983 eum
2663 3929 2834 3984 ληααή
2872 3940 2916 3984 et
2959 3930 3188 3985 dicebant
3217 3948 3236 3986 :
3268 3932 3548 4000 Quousque
3579 3933 3786 3986 annuum

2221 4035 2439 4075 nostram
2463 4023 2634 4076 tollis?
2661 4023 2722 4080 Si
2752 4033 2804 4074 tu
2829 4039 2881 4077 es
2901 4022 3127 4084 Christus
3145 4065 3160 4085 ,
3189 4023 3269 4076 dic
3296 4023 3440 4077 nobis
3466 4026 3662 4093 palam.
3681 4022 3788 4078 Non

2220 4115 2384 4178 dixit,
2425 4115 2560 4180 Quid
2596 4130 2626 4168 a
2676 4130 2759 4168 me
2799 4114 3070 4180 qua-ritis?
3108 4114 3498 4172 dzemoniacum
3526 4129 3670 4184 saepe
3702 4128 3784 4166 vo-

2220 4205 2400 4271 castis,
2435 4205 2711 4270 furiosum,
2744 4206 3170 4260 Samaritanum:
3202 4206 3308 4262 Deo
3333 4206 3706 4264 adversarium
3740 4214 3790 4257 et

2220 4294 2558 4362 deceptorem
2613 4310 2696 4350 me
2735 4295 2951 4362 putastis
2999 4309 3160 4364 esse:
3199 4304 3252 4348 et
3286 4310 3460 4362 nuper
3503 4296 3783 4353 dicebatis.

2225 4385 2300 4439 Tu
2337 4387 2668 4438 testimonium
2698 4383 2923 4455 perhibes
2955 4385 3017 4437 de
3044 4385 3233 4452 teipse;
3263 4384 3617 4438 testimonium
3659 4395 3789 4436 tum

2222 4491 2320 4526 non
2353 4483 2425 4527 est
2454 4489 2621 4526 verum
2657 4473 2830 4541 (Joan.
2857 4473 2908 4526 8.
2940 4473 3027 4541 15)
3054 4489 3068 4525 :
3101 4487 3197 4526 cur
3221 4487 3348 4541 ergo
3374 4473 3722 4542 interrogatis
3745 4480 3790 4524 et

2222 4563 2286 4616 de
2315 4580 2399 4617 me
2421 4562 2602 4617 audire
2635 4563 2791 4615 vultis
2809 4604 2822 4620 .
2854 4562 3004 4631 cnjus
3027 4563 3387 4617 testimonium
3412 4563 3680 4631 rejicitis?

2225 4652 2297 4707 hil
2329 4653 2515 4708 horum
2551 4653 2715 4716 dixit,
2757 4652 2856 4706 etsi
2900 4663 3081 4706 nosset
3116 4654 3308 4706 malum
3351 4653 3789 4722 interrogantium

2223 4747 2473 4798 animum.
2498 4743 2625 4797 Nam
2648 4743 2789 4814 quod
2812 4759 2932 4802 eum
2957 4745 3403 4800 circumdederint
3420 4785 3440 4811 ,
3462 4761 3532 4802 ac
3550 4747 3790 4808 dixerint,

2227 4837 2496 4906 Quousque
2510 4837 2731 4889 anintam
2747 4846 2974 4890 nostram
2991 4837 3123 4890 tollis
3135 4837 3162 4890 .9
3177 4836 3227 4891 id
3245 4837 3531 4893 videbatur
3542 4854 3608 4893 ex
3624 4850 3793 4892 amore

2224 4926 2452 4994 quodam
2481 4935 2535 4979 et
2561 4925 2798 4981 discendi
2827 4925 3004 4981 studio
3030 4927 3321 4995 proficisci.
3341 4927 3497 4982 ﬂens
3526 4937 3702 4982 autem
3724 4927 3792 4979 in-

2227 5015 2606 5084 terrogantium
2649 5025 2895 5085 corrupta
2935 5025 2988 5070 et
3024 5016 3243 5072 subdola
3289 5026 3426 5072 erat.
3475 5017 3614 5085 Quia
3660 5017 3791 5072 enim

2223 5119 2384 5173 opera
2409 5104 2688 5160 calumniis
2711 5121 2814 5160 non
2842 5107 2994 5160 obvia
3023 5116 3209 5171 erant,
3237 5106 3412 5162 verbis
3433 5121 3636 5177 capere
3663 5121 3793 5176 qua.

2226 5199 2411 5252 rebant
2428 5239 2444 5264 ,
2474 5198 2628 5253 aliter
2655 5213 2810 5268 quam
2838 5200 2985 5268 prius
3012 5199 3426 5268 interrogantes,
3461 5214 3530 5254 ac
3558 5199 3793 5269 frequen-

2229 5299 2308 5343 ter
2337 5288 2668 5344 sciscitantes
2686 5329 2700 5351 ,
2732 5303 2796 5342 ex
2829 5289 2958 5358 ipsis
2985 5287 3162 5342 verbis
3195 5303 3318 5343 eum
3343 5289 3630 5344 confutare
3657 5287 3790 5340 vote.

2229 5379 2385 5444 bant;
2414 5387 2467 5433 et
2500 5394 2618 5434 cum
2649 5393 2810 5449 Opera
2840 5393 3060 5448 carpere
3096 5393 3201 5432 non
3240 5388 3498 5448 possent,
3529 5393 3601 5434 ex
3628 5375 3789 5432 verbis

2228 5492 2546 5601 Λ
2583 5490 2956 5552 Chrysostomus
2993 5490 3238 5540 Persidem
3260 5498 3398 5542 vocat
3418 5484 3783 5552 Babylonia-el
