3984 6196
152 389 264 444 337

152 515 344 557 ansam
387 496 721 568 qumrebant.
768 493 894 551 Ideo
928 492 1214 558 dicebant,
1262 490 1359 546 Dic
1399 492 1564 546 nobis.
1597 491 1756 560 Atqui

151 601 302 662 stupe
338 591 499 646 dixit.
543 588 676 643 Nam
720 589 796 642 sic
839 587 1230 643 Satnnritanam
1279 583 1584 654 a‘lloquutus
1629 590 1752 634 est:

159 679 274 757 Ego
296 699 413 737 sum
442 683 527 752 qui
550 683 728 752 loquor
748 689 911 733 tecum
938 679 1116 746 (Joan.
1143 677 1199 731 4.
1223 675 1312 745 εδ)
1346 683 1400 729 et
1419 689 1564 729 caeco
1582 671 1714 728 dixit
1737 687 1752 724 :

152 781 224 835 Et
251 773 426 833 vidisti
475 792 587 830 eunt
607 815 622 842 ,
665 785 711 831 et
745 774 834 844 qui
863 773 1084 843 loquitur
1120 781 1309 834 tecum,
1341 769 1429 822 ille
1462 779 1535 822 est
1581 765 1749 839 (Ibid.

146 876 206 931 9.
236 872 353 943 37).
392 870 500 926 Illis
537 884 751 940 quoque
789 867 954 932 dixit,
997 864 1090 920 sed
1130 863 1248 919 aliis
1287 861 1481 917 verbis.
1514 858 1672 929 Atqui
1707 857 1752 912 si

149 977 339 1022 mente
367 964 698 1026 valuissent,
725 970 781 1016 et
809 967 954 1014 recte
979 956 1262 1026 explorare
1289 953 1579 1008 voluissent
1597 993 1610 1014 ,
1634 965 1755 1003 ver-

150 1059 234 1112 bis
292 1057 470 1126 ipsum
523 1050 766 1108 conﬁteri
822 1047 1166 1109 debuissent,
1217 1045 1306 1114 qui
1355 1042 1606 1112 operibus
1652 1040 1753 1094 hac

151 1154 332 1221 ipsum
374 1161 523 1218 stupe
562 1143 1021 1212 comprobaverat.
1062 1138 1213 1194 Nunc
1239 1151 1367 1192 vero
1393 1135 1602 1190 illorum
1631 1149 1752 1202 per-

154 1243 470 1298 versitalem
498 1235 801 1293 considera.
833 1235 968 1287 Cum
998 1231 1346 1286 concionatur
1375 1239 1429 1282 et
1457 1227 1632 1282 verbis
1654 1225 1749 1279 do-

149 1344 239 1390 cet
259 1377 276 1400 ,
307 1334 462 1388 aiunt
490 1348 504 1383 :
537 1328 688 1396 Quod
707 1327 904 1396 signum
933 1322 1192 1378 ostendis?
1219 1321 1350 1377 Cum
1373 1329 1548 1373 autem
1571 1318 1747 1386 operi-

150 1427 252 1481 bus
292 1422 784 1480 demonstrationes
825 1417 1058 1486 profert,
1104 1413 1288 1468 dicunt
1330 1412 1404 1465 illi
1441 1428 1454 1462 :
1489 1411 1549 1466 Si
1594 1420 1646 1463 tu
1695 1425 1746 1462 es

151 1517 410 1580 Christus,
437 1513 522 1565 dic
548 1510 691 1564 nobis
720 1509 913 1579 palam.
946 1508 1076 1561 Dum
1100 1520 1262 1575 opera
1283 1504 1516 1560 clamant
1537 1544 1550 1567 ,
1583 1499 1743 1556 verba

151 1615 438 1678 quxrunt;
469 1614 524 1659 et
545 1619 667 1659 cum
691 1602 851 1656 verba
881 1599 1106 1666 decent,
1135 1597 1201 1652 ad
1223 1611 1388 1666 opera
1408 1593 1742 1664 confugiunt,

150 1697 546 1766 contrariisque
605 1707 819 1763 semper
858 1691 1126 1746 insistunt.
1156 1687 1308 1757 Quod
1338 1687 1479 1742 enim
1517 1701 1622 1740 non
1665 1685 1747 1739 di-

149 1787 333 1844 scendi
351 1801 515 1842 causa
537 1785 954 1854 interrogarent;
971 1781 1146 1836 exitus
1161 1776 1741 1845 demonstravit.Quem

151 1880 293 1934 enim
333 1879 406 1932 ita
440 1876 544 1931 ﬁde
569 1875 790 1944 dignum
825 1873 1109 1945 putabant,
1151 1880 1209 1925 ut
1247 1869 1312 1924 de
1339 1869 1516 1939 seipse
1548 1866 1742 1922 testiﬁ-

145 1979 360 2025 cantem
382 1967 767 2030 admitterent,
797 1965 876 2020 vel
899 1979 1062 2036 pauca
1091 1964 1429 2034 loquentem,
1458 1961 1635 2015 statim
1660 1961 1741 2014 la-

148 2062 362 2132 pidibus
396 2060 681 2128 impetunt.
713 2057 893 2126 Itaque
931 2053 1072 2125 quod
1113 2051 1510 2109 circumdarent
1533 2065 1656 2106 eum
1688 2061 1743 2105 et

153 2158 414 2209 instarent
431 2192 450 2218 ,
483 2150 534 2206 id
560 2166 625 2205 ex
652 2148 888 2219 nequitia
915 2145 1368 2218 proﬁciscebatur.
1398 2142 1585 2197 Modus
1605 2155 1741 2212 quo-

152 2261 255 2316 que
282 2240 650 2314 interrogandi
689 2239 915 2295 multum
955 2250 1062 2308 pra:
1093 2248 1156 2291 se
1183 2235 1388 2290 ferebat
1411 2232 1614 2288 odium.
1646 2230 1741 2285 Dic

155 2337 300 2390 nobis
332 2335 527 2403 potant,
556 2335 598 2386 si
625 2341 676 2386 tu
694 2348 752 2386 es
779 2330 1031 2384 Christus.
1061 2326 1220 2398 Atqui
1247 2326 1422 2394 palam
1445 2324 1532 2379 ille
1558 2323 1741 2390 loque-

157 2425 317 2478 batur
343 2425 395 2478 in
418 2421 834 2477 solemnitatibus
853 2462 868 2486 ,
901 2419 1093 2490 quibus
1118 2427 1332 2486 semper
1351 2414 1555 2480 aderat,
1585 2413 1741 2468 nihila-

156 2531 259 2584 que
275 2514 417 2568 clam
439 2511 640 2568 dicebat
657 2519 675 2577 ';
703 2510 928 2578 ideoque
944 2507 1224 2562 adulantes
1245 2506 1447 2569 dicunt,
1472 2505 1743 2572 Quousque

159 2607 378 2658 animum
405 2614 634 2658 nostram
659 2602 834 2657 tollis?
864 2611 920 2654 ut
951 2607 1302 2670 prevocantes
1322 2638 1338 2662 ,
1369 2596 1601 2666 aliquam
1630 2594 1737 2648 cri-

161 2692 385 2749 minandi
426 2706 614 2748 ansam
654 2693 948 2762 reperiant.
1008 2689 1160 2756 Quod
1201 2689 1347 2744 enim
1395 2700 1607 2756 semper
1649 2685 1740 2740 illo

165 2789 335 2841 animo
372 2787 800 2856 interrogarent,
829 2799 938 2838 non
978 2791 1034 2838 ut
1067 2781 1354 2846 discerent,
1379 2780 1473 2836 sed
1515 2790 1570 2835 ut
1597 2779 1735 2834 dicta

165 2887 467 2947 carperent,
498 2893 606 2932 non
633 2877 758 2932 hinc
787 2876 993 2939 solum,
1027 2873 1192 2930 sedet
1217 2872 1434 2928 aliunde
1452 2887 1594 2941 s;epe
1617 2887 1741 2941 pro-

165 2970 328 3025 batur.
362 2970 497 3026 Nam
533 2987 657 3026 cum
689 2977 1032 3025 accesserunt
1061 2966 1299 3022 dicentes
1330 2983 1342 3018 :
1377 2963 1513 3018 Licet
1537 2979 1739 3017 censunt

166 3064 280 3116 dare
300 3061 518 3130 Caesari,
551 3078 708 3116 necne
737 3060 960 3132 (Matth.
983 3059 1074 3113 22.
1105 3058 1230 3128 l7)?
1261 3066 1314 3112 et
1339 3072 1458 3112 cum
1487 3056 1554 3111 de
1585 3071 1740 3125 repu-

162 3150 343 3208 dianda
369 3168 542 3208 uxore
572 3161 826 3223 agerent,
857 3166 1086 3221 cutnqne
1109 3150 1174 3205 de
1206 3150 1292 3204 illa
1315 3148 1736 3214 sciscitarentur,

164 3263 311 3314 qnam
354 3245 608 3301 dicebant
648 3255 852 3315 septem
892 3245 1142 3300 habuisse
1187 3244 1366 3309 viros,
1418 3240 1737 3311 deprehensi

162 3349 298 3404 sunt,
329 3354 434 3393 non
455 3338 698 3394 discendi
727 3338 924 3405 studio,
955 3338 1048 3394 sed
1068 3353 1138 3394 ex
1167 3351 1329 3408 pravo
1351 3337 1532 3391 animo
1557 3335 1739 3390 scisci-

159 3433 268 3485 tari.
298 3431 401 3487 Sed
433 3443 558 3486 tunc
591 3432 711 3486 illos
737 3432 974 3502 coarguit
1001 3429 1086 3486 his
1117 3430 1326 3496 verbis,
1365 3431 1502 3498 Quid
1530 3445 1607 3483 me
1631 3438 1738 3482 ten-

155 3524 292 3584 tatis,
323 3522 643 3592 hypocrita?
670 3521 957 3577 ostendens
982 3537 1040 3576 se
1069 3521 1281 3576 illorum
1305 3531 1563 3576 secretam
1591 3535 1739 3573 tuen-

153 3624 256 3666 tem
281 3628 639 3683 cognoscere.
666 3611 761 3666 llic
781 3627 906 3667 vero
934 3612 1064 3665 nihil
1093 3612 1318 3681 loquitur
1343 3610 1535 3674 simile,
1558 3621 1617 3664 ut
1640 3623 1738 3664 nos

148 3705 371 3770 doceat,
403 3703 747 3759 insidiatores
779 3719 885 3757 non
908 3718 1118 3772 semper
1143 3716 1265 3757 esse
1287 3701 1610 3771 arguendos,
1641 3699 1734 3755 sed

150 3799 309 3850 mqu
353 3795 600 3850 modeste
633 3803 690 3850 et
722 3803 1000 3850 mansuete
1027 3807 1148 3849 esse
1176 3793 1410 3848 ferenda.
1440 3793 1574 3860 Quia
1609 3805 1738 3861 ergo

147 3890 368 3942 stultum
397 3895 536 3949 erat,
565 3886 695 3956 ipsis
719 3886 971 3956 operibus
997 3883 1426 3953 prmdieatttibus,
1453 3882 1735 3936 verberum

154 3979 458 4033 testimonia
486 3989 729 4049 qua-rere
748 4017 763 4041 ,
795 3973 915 4032 audi
947 3974 1215 4046 quomodo
1239 3974 1368 4039 ipsis
1393 3972 1736 4042 respondeat,

153 4071 305 4124 siml
349 4062 704 4126 subindicans
745 4068 861 4122 ha-c
901 4067 1022 4121 illos
1064 4066 1257 4120 frustra
1306 4079 1584 4134 qmerere,
1630 4077 1736 4116 non

145 4155 390 4214 discendi
413 4173 574 4214 causa
594 4199 610 4222 ,
639 4166 695 4213 et
715 4156 1043 4228 signiﬁcans,
1076 4169 1134 4212 se
1151 4155 1260 4224 jam
1283 4155 1460 4210 verbis
1485 4153 1615 4223 ipsis
1633 4154 1741 4207 cla-

151 4253 346 4308 riorem
370 4251 618 4306 emisisse
643 4233 827 4306 vocem
851 4292 865 4315 ,
897 4265 990 4320 per
1017 4265 1180 4320 opera
1206 4249 1432 4305 scilicet.
1466 4247 1597 4302 Nam
1624 4246 1697 4301 ait
1724 4264 1738 4301 :

149 4341 239 4398 25.
271 4343 431 4413 Srpe
460 4344 573 4397 dixi
607 4343 743 4397 vobis
761 4384 774 4405 ,
806 4354 851 4396 et
880 4359 979 4395 non
1009 4341 1210 4396 creditis
1241 4341 1363 4394 nti/ti
1391 4356 1410 4394 :
1439 4356 1592 4410 opera
1630 4356 1743 4412 qua:

149 4451 240 4504 ego
277 4435 416 4503 [acia
456 4433 509 4487 in
539 4433 741 4488 nomine
779 4431 950 4488 Patris
978 4432 1103 4497 mei,
1135 4431 1226 4486 illa
1269 4432 1599 4485 testimonium
1630 4447 1741 4501 pcr-

151 4525 318 4579 hibent
346 4525 412 4579 de
444 4539 540 4577 tne.
585 4523 737 4592 Quod
785 4524 856 4588 ii,
886 4524 974 4595 qui
1011 4523 1151 4594 apud
1191 4523 1312 4578 illos
1355 4523 1740 4578 moderatiores

153 4625 332 4680 erant,
368 4632 515 4686 sccpe
543 4626 726 4671 mutuo
745 4616 988 4671 dicebant
1011 4634 1023 4669 :
1056 4614 1232 4686 Neque
1256 4616 1385 4669 enim
1410 4625 1569 4685 potest
1592 4617 1740 4670 homo

156 4718 386 4772 peccator
414 4709 524 4762 hcc
559 4708 702 4778 signa
749 4709 915 4775 {acere
941 4706 1130 4777 (loan.
1159 4708 1214 4764 9.
1246 4708 1364 4778 l6);
1397 4719 1449 4762 ct
1493 4724 1737 4773 rursum,

159 4796 275 4852 Non
319 4807 487 4867 potest
525 4798 830 4852 demonium
876 4815 1123 4852 recurunt
1165 4799 1340 4853 oculos
1376 4800 1605 4868 aperire;
1655 4808 1735 4862 et,

158 4886 322 4944 Nemo
360 4900 519 4959 potest
549 4889 674 4944 talia
709 4891 856 4961 signa
881 4891 1078 4959 facere,
1109 4891 1203 4944 nisi
1230 4891 1295 4945 sit
1320 4907 1434 4944 cunt
1460 4892 1550 4945 illo
1577 4889 1737 4945 Deus.

157 4979 216 5031 Ιίι
242 4980 488 5033 ridentes
516 4979 665 5049 signa
703 4995 822 5046 qua:
864 4980 1119 5044 iaciebat,
1150 4979 1396 5036 dicebant
1431 4999 1444 5035 :
1479 4979 1740 5050 Numquid

157 5069 230 5121 hic
255 5078 329 5122 est
358 5068 633 5123 Christus?
662 5069 764 5124 Alii
793 5079 969 5124 autem
997 5069 1239 5125 dicebant
1267 5088 1278 5123 :
1313 5071 1530 5138 Quando
1556 5075 1741 5127 venerit

154 5155 385 5213 Christus
404 5200 419 5221 ,
450 5177 569 5212 nunt
591 5161 742 5229 plura
765 5161 915 5231 signa
935 5162 1113 5231 faciet,
1143 5178 1294 5232 quam
1321 5163 1402 5215 hic
1422 5163 1538 5231 fecit
1563 5162 1624 5234 (1
1633 5165 1736 5217 bid.

157 5247 204 5301 7.
225 5251 365 5318 Si)?
388 5248 552 5304 Iidem
578 5265 706 5305 vero
734 5251 832 5320 ipsi
861 5265 924 5305 ex
964 5252 1215 5320 operibus
1236 5253 1484 5308 volebant
1518 5253 1570 5307 in
1595 5255 1738 5308 illum

159 5342 374 5395 credere
398 5341 641 5396 dicentes
667 5359 682 5396 :
717 5342 865 5407 Quod
892 5343 1091 5414 signant
1127 5345 1346 5398 ostendis
1379 5343 1521 5398 nobis
1541 5386 1555 5410 ,
1585 5354 1639 5398 ut
1666 5347 1740 5398 vi-

161 5431 362 5483 deas-ns
387 5441 434 5484 et
461 5431 728 5485 credamus
755 5432 842 5485 tibi
869 5432 1026 5501 (ibid.
1056 5433 1110 5486 9..
1140 5435 1266 5505 l8)?

223 5519 285 5572 ‘2.
321 5523 593 5586 Quomodo
631 5522 857 5578 Christus
875 5524 1085 5579 Indicos
1110 5527 1417 5597 increpando
1437 5529 1588 5581 sintul
1624 5528 1742 5582 alli-

164 5615 254 5666 ciet
291 5626 342 5667 et
369 5616 560 5668 inritet.
598 5614 788 5669 Eadem
828 5619 1049 5684 potentia
1083 5616 1252 5673 Patris
1291 5630 1338 5672 et
1381 5619 1531 5684 Filii,
1569 5621 1741 5674 eadem

166 5719 356 5758 atauus.
377 5735 444 5745 -
464 5706 597 5771 Quia
619 5722 748 5775 ergo
770 5717 892 5761 tunc
923 5710 1242 5764 simulabant
1271 5726 1329 5766 sc
1354 5727 1416 5765 ex
1448 5713 1563 5767 solo
1582 5713 1742 5767 verbo

178 5801 500 5864 audituros,
541 5797 630 5866 qui
674 5807 751 5852 tot
781 5801 1042 5869 tantisque
1083 5803 1331 5871 operibus
1361 5820 1465 5861 non
1503 5805 1742 5860 credide-

1266 379 1329 434 IN
1367 377 1679 434 JOANNEM
1722 377 1940 432 li().\llL.
1985 375 2121 434 LXI.
2163 381 2233 434 al.
2276 378 2384 436 LX.

3348 392 3449 448 338

1869 502 2020 559 rant,
2058 494 2264 549 illorum
2302 499 2588 567 nequitiam
2616 501 2787 568 arguit
2821 501 2902 556 his
2934 504 3146 558 vetbis:
3181 505 3242 559 Si
3280 511 3448 576 aperi.

1864 584 1956 635 bus
1978 601 2076 637 non
2098 587 2321 651 creditis,
2339 591 2588 658 quomodo
2612 593 2768 644 verbis
2788 593 3040 647 credetis?
3067 595 3242 662 Quare
3264 613 3324 650 su
3333 613 3450 667 per:

1865 675 1966 728 ﬁua
1997 687 2078 731 est
2109 679 2472 750 interrogatio.
2505 682 2594 736 26.
2629 685 2733 737 Sed
2753 686 2859 738 dia'i
2880 688 3036 753 vobis,
3063 689 3250 759 inquit.
3281 702 3326 743 et
3348 704 3453 744 nou

1863 767 2065 820 creditis
2092 769 2235 833 mihi,
2263 771 2381 839 quia
2409 789 2508 825 non
2543 774 2658 826 estis
2683 777 2744 828 tle
2775 777 2945 830 oribus
2970 782 3109 830 meis.
3146 780 3252 848 Ego
3279 791 3445 835 totum

1864 858 2094 924 pastoris
2122 860 2353 914 cilicium
2379 863 2593 916 exhilmi
2621 883 2633 918 :
2661 866 2702 918 si
2737 882 2861 919 vero
2891 884 2974 921 me
3006 884 3112 923 non
3139 872 3444 940 sequimini,

1865 964 1967 1001 non
1995 951 2135 1019 quod
2158 967 2256 1022 ego
2283 969 2386 1008 non
2420 967 2600 1024 pastor
2621 960 2719 1011 sim
2751 963 3000 1015 renuistis
3023 1005 3036 1027 ,
3065 964 3158 1018 sed
3182 967 3322 1034 quod
3352 984 3444 1020 vos

1859 1055 1986 1094 oves
2013 1057 2146 1095 tne.e
2169 1059 2271 1097 non
2294 1044 2429 1099 sitis.
2454 1046 2582 1100 Nam
2604 1047 2693 1102 27.
2721 1049 2848 1103 Ores
2872 1067 2993 1104 metu
3012 1094 3024 1117 ,
3057 1054 3246 1124 inquit,
3272 1073 3442 1109 recent

1860 1146 2020 1184 meam
2045 1133 2286 1197 audiunt,
2317 1146 2365 1188 et
2395 1149 2666 1206 sequuntur
2693 1157 2786 1204 nte,
2819 1141 2908 1196 28.
2939 1153 2986 1195 et
3026 1145 3176 1196 vitam
3197 1157 3446 1199 wtcrmtnt

1857 1219 1924 1272 do
1951 1221 2042 1283 eis,
2073 1232 2118 1274 et
2145 1239 2244 1276 non
2276 1226 2506 1292 peribunt
2540 1228 2590 1280 in
2619 1239 2864 1281 arternnnt
2888 1245 2908 1284 :
2936 1241 2981 1284 et
3007 1249 3151 1285 nemo
3177 1245 3333 1302 potest
3360 1248 3448 1282 eat»

1856 1326 2034 1380 rapere
2061 1313 2124 1365 de
2153 1331 2302 1368 manu
2331 1332 2460 1371 utea.
2493 1317 2582 1372 29.
2620 1320 2752 1386 Quia
2792 1320 2968 1387 Pater,
2999 1329 3081 1392 qui
3112 1325 3248 1378 dedit
3280 1328 3434 1412 mihi,

1856 1405 2021 1474 major
2043 1416 2114 1458 est
2143 1407 2371 1462 omnibus
2392 1425 2412 1462 .°
2440 1419 2486 1463 et
2513 1427 2656 1464 nemo
2685 1424 2846 1480 potest
2872 1431 2958 1468 eas
2992 1433 3171 1484 rapere
3193 1420 3257 1472 de
3284 1405 3438 1471 unum

1857 1493 2027 1549 Patris
2055 1499 2171 1551 mei.
2205 1501 2292 1554 50.
2327 1499 2436 1572 Ego
2475 1514 2522 1556 et
2561 1503 2720 1558 Pater
2749 1523 2905 1560 unum
2945 1526 3138 1562 smnus.
3178 1511 3435 1564 Animad-

1853 1597 2002 1643 verte
2029 1591 2295 1659 quomodo
2319 1593 2439 1648 illos
2468 1595 2776 1664 rejiciendo,
2814 1599 3057 1653 hortetur
3093 1611 3268 1656 tamen
3296 1613 3351 1658 ut
3379 1621 3436 1658 se

1851 1689 2161 1749 sequantur.
2203 1681 2334 1749 Vos,
2368 1685 2566 1754 inquit,
2613 1704 2712 1741 non
2741 1690 2929 1744 auditis
2961 1707 3074 1752 me;
3114 1709 3270 1762 neque
3305 1697 3436 1748 enim

1850 1773 1966 1825 estis
1993 1789 2144 1838 oves;
2173 1776 2258 1838 qui
2293 1792 2419 1832 vero
2451 1789 2765 1847 sequuntur,
2799 1781 2850 1835 bi
2885 1792 3012 1837 sunt
3044 1799 3107 1837 ex
3136 1786 3281 1839 ovili.
3315 1785 3438 1842 lltcc

1852 1876 2011 1931 porro
2029 1863 2259 1932 dicebat,
2289 1877 2344 1922 ut
2370 1868 2442 1922 illi
2466 1884 2594 1924 oves
2615 1885 2733 1925 esse
2753 1883 3091 1928 conarentur.
3126 1875 3180 1928 Ι)ι
3202 1875 3325 1930 inde
3347 1878 3433 1932 ubi

1849 1956 1975 2025 quid
2004 1960 2384 2028 consequuturi
2414 1961 2520 2015 sint
2547 1964 2821 2032 exposuit,
2862 1963 3044 2018 incitat
3071 1965 3190 2019 illos
3210 2006 3222 2028 ,
3258 1976 3314 2022 ut
3343 1981 3435 2022 se-

1845 2047 2041 2116 quendi
2063 2048 2386 2105 desiderium
2413 2051 2627 2106 inierat.
2655 2053 2792 2120 Quid
2814 2056 2980 2125 ergo?
3011 2072 3134 2110 num
3158 2058 3228 2113 ob
3261 2059 3434 2112 Patris

1848 2138 2137 2204 potentiam
2171 2155 2328 2193 nemo
2355 2141 2521 2210 rapit,
2552 2149 2608 2196 tu
2633 2157 2762 2198 vero
2793 2144 2920 2198 nihil
2953 2155 3105 2215 poles
3125 2189 3140 2211 ,
3170 2158 3221 2201 et
3256 2160 3435 2202 custo-

1845 2227 1963 2282 dire
1987 2243 2091 2282 non
2123 2231 2302 2284 vales?
2333 2230 2567 2288 Minime.
2597 2233 2665 2289 Ut
2691 2233 2866 2291 discas
2887 2236 3050 2301 enim,
3077 2237 3224 2304 illud,
3257 2237 3428 2305 Pater,

1845 2320 1930 2389 qui
1959 2321 2097 2376 dedit
2127 2323 2284 2389 mihi,
2330 2324 2449 2378 ideo
2485 2324 2685 2380 dictum
2729 2325 2925 2394 fuisse,
2958 2342 3026 2384 nc
3072 2330 3216 2383 illum
3257 2330 3433 2384 denuo

1850 2415 1958 2468 Deo
1979 2415 2341 2472 adversarium
2371 2417 2642 2484 dicerent;
2676 2431 2953 2490 postquam
2991 2421 3231 2487 dixerat,
3271 2423 3432 2476 Nemo

1846 2506 1978 2576 rapit
1999 2523 2082 2561 eas
2106 2507 2168 2562 de
2188 2524 2338 2561 manu
2361 2523 2489 2568 mea.
2517 2509 2685 2579 pergit
2701 2509 2989 2564 ostendens
3009 2527 3160 2566 suam
3184 2521 3238 2568 ct
3261 2513 3434 2567 Patris

1847 2613 2061 2653 manum
2091 2616 2250 2655 unam
2281 2616 2422 2655 esse.
2451 2600 2560 2655 Nisi
2589 2602 2732 2656 enim
2766 2602 2865 2658 hoc
2893 2603 2962 2656 ita
2990 2613 3161 2669 esset,
3191 2604 3431 2659 dicturus

1844 2701 1997 2747 erat:
2034 2693 2191 2747 Pater
2224 2694 2314 2764 qui
2345 2693 2491 2748 dedit
2532 2695 2692 2760 mihi,
2739 2695 2908 2764 major
2949 2697 3196 2750 ontnibus
3226 2707 3334 2760 cst,
3378 2708 3431 2750 et

1847 2799 2004 2838 nemo
2042 2794 2219 2854 potest
2249 2800 2341 2840 eas
2384 2802 2571 2856 rapere
2611 2785 2678 2841 de
2721 2802 2880 2852 manu
2914 2803 3050 2843 mea.
3088 2787 3280 2842 Verum
3325 2805 3430 2843 non

1846 2877 1913 2930 ita
1941 2877 2108 2943 dixit,
2138 2876 2231 2932 sed
2253 2918 2266 2940 ,
2299 2876 2376 2930 De
2405 2894 2556 2931 manu
2591 2876 2762 2932 Patris
2794 2880 2905 2931 mei.
2938 2879 3136 2934 Deinde
3169 2896 3236 2934 ne
3279 2893 3430 2949 putes

1846 2968 2014 3038 ipsum
2046 2983 2165 3024 esse
2205 2969 2473 3023 inﬁrmtnn
2494 3011 2509 3035 ,
2539 2969 2633 3024 sed
2667 2986 2760 3041 per
2785 2972 2955 3026 Patris
2983 2975 3272 3042 potentiam
3302 2991 3429 3028 oves

1847 3058 1896 3112 in
1927 3068 2039 3113 tuto
2065 3073 2213 3126 esse,
2245 3060 2478 3116 subdidit
2507 3080 2520 3116 :
2550 3061 2660 3132 Ego
2689 3074 2734 3116 et
2768 3063 2919 3116 Pater
2948 3081 3102 3117 unum
3130 3082 3302 3119 sumus
3320 3083 3337 3130 ;
3367 3082 3429 3119 ac

1844 3150 1886 3204 si
1917 3150 2118 3206 (liceret
2139 3193 2152 3214 ,
2178 3150 2291 3204 Non
2321 3151 2442 3206 ideo
2470 3152 2610 3218 dixi,
2641 3153 2710 3208 ob
2737 3153 2907 3207 Patris
2937 3157 3222 3225 potentiam
3255 3159 3424 3210 nemi-

1845 3256 1966 3296 nem
1995 3257 2088 3296 cas
2117 3257 2235 3298 esse
2265 3253 2577 3312 rapturum,
2608 3246 2757 3314 quasi
2799 3245 2916 3300 illas
2950 3261 3048 3316 ego
3073 3261 3289 3300 servare
3318 3262 3424 3300 non

1843 3335 2068 3388 valeam.
2092 3334 2223 3390 Nam
2247 3334 2359 3408 Ego
2379 3347 2426 3390 et
2458 3335 2610 3390 Pater
2629 3354 2780 3391 unum
2801 3353 3007 3400 suntns;
3037 3338 3084 3392 id
3107 3349 3208 3401 est,
3236 3354 3426 3393 secun-

1842 3426 1968 3481 dum
1995 3427 2283 3497 potentiam
2309 3445 2322 3482 :
2353 3442 2477 3482 nam
2503 3428 2570 3483 de
2590 3428 2676 3483 illa
2704 3428 2790 3482 hic
2815 3443 2993 3483 sermo
3013 3439 3146 3483 erat.
3171 3430 3224 3485 Si
3247 3440 3425 3485 autem

1841 3519 2028 3574 eadem
2059 3530 2137 3574 est
2165 3521 2396 3590 potentia
2419 3563 2435 3588 ,
2468 3522 2639 3589 palam
2668 3530 2744 3576 est
2769 3520 3010 3576 eatmlem
3039 3538 3157 3579 esse
3178 3523 3425 3578 substan-

1846 3611 1989 3664 tiam.
2017 3610 2153 3665 Cum
2199 3611 2341 3666 enim
2373 3613 2535 3666 multa
2583 3612 2818 3668 facerent
2849 3612 3050 3673 Judaei.
3095 3614 3311 3668 insidias
3340 3629 3430 3683 pa-

1845 3709 2024 3755 rarent
2043 3742 2058 3766 ,
2089 3711 2240 3756 extra
2270 3716 2591 3774 synagogam
2628 3705 2883 3773 ejicercnt
2904 3747 2919 3771 ,
2951 3703 3078 3758 (ῆι-ὴ
3107 3705 3225 3758 illos
3253 3708 3430 3760 onniia

1845 3790 2110 3846 incassum
2143 3793 2472 3848 machinatos
2499 3809 2638 3850 esse.
2672 3795 2802 3850 Nam
2845 3795 2894 3849 in
2926 3813 3084 3850 manu
3117 3797 3286 3852 Patris
3326 3814 3428 3850 met

1843 3892 1969 3936 sunt
2007 3897 2166 3949 oves,
2213 3892 2270 3938 ut
2309 3884 2566 3954 propheta
2595 3885 2758 3940 dicit:
2793 3885 2858 3939 In
2899 3903 3050 3939 manu
3079 3905 3187 3940 mea
3224 3891 3432 3956 depina'i

1845 3990 2015 4028 nmros
2043 3982 2156 4030 tuos
2188 3974 2208 4044 (
2226 3974 2352 4030 lsai.
2385 3976 2474 4031 49.
2507 3975 2615 4047 l6).
2653 3976 2850 4031 Deinde
2882 3993 3038 4030 unam
3068 3992 3186 4030 esse
3216 3984 3428 4030 m‘anum

1845 4064 2150 4129 ostendens,
2184 4066 2324 4120 illam
2357 4064 2516 4120 modo
2541 4080 2712 4130 suam,
2745 4065 2904 4120 modo
2935 4067 3105 4120 Patris
3133 4083 3251 4122 ese
3279 4067 3428 4120 dit-it.

1844 4157 1976 4212 Cum
2001 4172 2212 4211 manum
2236 4156 2406 4222 audis,
2431 4156 2559 4211 nihil
2583 4157 2776 4212 sensile
2797 4159 3018 4228 cogites,
3045 4158 3136 4211 sed
3163 4161 3426 4223 \irtntetn,

1847 4249 2157 4320 potentiam.
2185 4248 2239 4304 Si
2263 4258 2438 4304 autem
2472 4264 2628 4304 nemo
2653 4251 2860 4320 rapuit,
2892 4254 3011 4319 quia
3043 4251 3197 4304 Pater
3218 4251 3314 4305 sibi
3341 4269 3430 4319 po-

1849 4352 2090 4398 testatem
2128 4341 2431 4407 indidisset,
2465 4341 2793 4410 superﬂuum
2834 4341 3018 4398 fuisset
3047 4344 3276 4405 addere,
3323 4343 3432 4413 Ego

1848 4445 1892 4490 et
1925 4433 2077 4489 Pater
2107 4451 2264 4488 unum
2289 4451 2484 4489 sumus.
2514 4433 2650 4488 Nam
2680 4436 2724 4489 si
2760 4437 2934 4490 minor
2960 4436 3122 4490 Filius
3151 4447 3319 4500 esset,
3353 4448 3429 4490 te-

1849 4524 2133 4578 merarium
2172 4532 2316 4578 esset
2351 4524 2572 4578 dictum.
2605 4523 2743 4579 Nihil
2786 4535 2932 4582 certe
2971 4527 3112 4580 aliud
3157 4527 3390 4582 declarat
3419 4570 3431 4590 ,

1847 4631 2004 4685 quam
2030 4616 2279 4686 potentia:
2305 4617 2660 4686 atqualitatem
2686 4635 2699 4670 :
2729 4618 2868 4687 quod
2892 4635 3011 4674 cum
3043 4619 3209 4674 indui
3241 4621 3433 4674 intelli-

1848 4718 2054 4776 gerent,
2086 4705 2348 4775 lapidibus
2368 4707 2543 4777 ipsum
2571 4708 2919 4778 itnpetehant.
2944 4710 3121 4782 Neque
3141 4723 3321 4766 tatneu
3349 4713 3434 4766 ille

1846 4798 1986 4852 hanc
2017 4798 2215 4853 amovit
2229 4799 2562 4868 opinionem.
2591 4801 2747 4870 Atqui
2771 4802 2812 4856 si
2842 4801 2894 4854 id
2925 4801 3056 4856 falso
3077 4803 3276 4872 epinati
3304 4805 3432 4857 luis-

1848 4899 1998 4955 sent,
2033 4889 2150 4946 ilios
2179 4892 2468 4948 emendare
2493 4894 2728 4962 oportuit
2754 4910 2816 4948 ac
2842 4894 3019 4950 dicere
3045 4913 3057 4948 :
3091 4895 3198 4951 Cur
3229 4900 3327 4952 hoc
3356 4899 3434 4952 [ει-

1849 4983 2009 5037 citis?
2035 4999 2139 5038 non
2173 4985 2288 5040 haec
2313 4986 2458 5053 dixi,
2490 4997 2546 5040 ut
2574 5002 2755 5056 parem
2786 4997 3020 5056 paterna:
3051 5005 3222 5043 meam
3251 5001 3432 5059 potest»-

1850 5078 1974 5131 tiam
2001 5077 2308 5134 indicarem.
2332 5079 2482 5134 Nunc
2503 5090 2709 5145 contra,
2735 5079 2838 5133 illis
2865 5079 3266 5145 ferocientibus,
3293 5083 3434 5135 illaut

1847 5168 2152 5237 opinionem
2183 5168 2465 5224 conﬁrmat
2500 5177 2555 5223 et
2591 5170 2799 5239 probat.
2831 5169 2945 5224 Non
2973 5186 3096 5226 sese
3126 5183 3346 5240 purgat,
3382 5183 3432 5224 ut

1851 5259 1940 5327 qui
1980 5261 2120 5315 male
2161 5271 2214 5316 et
2243 5261 2376 5315 falso
2401 5261 2628 5325 dixerit;
2663 5262 2770 5316 imo
2796 5263 2915 5316 illos
2946 5262 3218 5333 increpat,
3256 5275 3310 5318 ut
3349 5283 3435 5332 qni

1851 5365 1957 5404 non
1995 5361 2408 5407 consentaneam
2439 5352 2504 5406 de
2545 5367 2603 5406 se
2653 5352 2882 5407 habeant
2927 5356 3252 5423 Opinionem.
3301 5359 3432 5410 tino:

1851 5443 1991 5496 enim
2022 5443 2260 5498 dicerent
2286 5461 2298 5496 ε
2335 5444 2425 5498 55.
2466 5443 2540 5497 De
2567 5445 2696 5497 bono
2729 5461 2877 5514 opere
2904 5463 3004 5500 non
3040 5448 3329 5517 lapidamus
3361 5460 3436 5511 te,

1850 5533 1938 5587 sed
1959 5535 2020 5586 de
2043 5535 2382 5603 blasphemia,
2415 5545 2459 5588 ct
2477 5537 2597 5607 quia
2619 5536 2767 5590 homo
2787 5555 2899 5591 cum
2930 5541 2999 5592 sis
3019 5583 3033 5602 ,
3066 5542 3194 5610 facis
3222 5544 3435 5608 trirsnm

1856 5624 2053 5689 Deum;
2083 5625 2203 5680 audi
2245 5628 2370 5694 quid
2412 5628 2594 5686 dicat:
2628 5630 2716 5684 55.
2763 5631 2824 5684 Si
2852 5632 2966 5685 illos
3005 5632 3127 5684 dicit
3169 5635 3435 5703 Scriptura

1851 5718 1997 5782 deos,
2030 5718 2098 5770 ad
2115 5735 2236 5788 quos
2257 5736 2418 5774 sermo
2445 5719 2540 5775 Dei
2561 5728 2726 5791 factus
2744 5734 2836 5787 est,
2863 5725 2946 5778 56.
2971 5726 3222 5794 quomodo
3244 5741 3330 5780 vos
3350 5728 3428 5780 di-

1859 5811 1969 5864 citis
1995 5812 2112 5881 qttia
2137 5811 2446 5883 blaspheme,
2477 5817 2596 5886 quia
2615 5817 2743 5886 dixi,
2767 5815 2931 5873 Filius
2955 5817 3048 5872 Dei
3075 5820 3224 5872 sunt?
3250 5820 3299 5874 id
3322 5832 3425 5890 est,
