3984 6196
229 391 332 460 3H

232 516 411 569 mare;
435 507 503 562 Et
518 499 786 577 quomodo
809 497 1057 555 maritum
1075 494 1327 566 aperibus
1341 495 1652 550 erudieinns
1665 494 1688 546 ?
1703 491 1836 546 Cum

231 615 289 660 te
319 599 525 656 ridebit
565 609 666 652 nec
692 591 1026 662 improbam,
1055 602 1153 642 nec
1179 587 1470 651 curiosam,
1501 602 1599 642 nec
1618 593 1838 640 ornatus

233 701 537 754 amantem,
583 703 689 742 non
719 683 1019 754 superﬂuos
1045 688 1296 749 sumptus
1321 689 1691 749 expctentem,
1742 675 1836 732 sed

234 783 599 856 przesétttiblls
634 787 980 840 contentam;
1014 782 1142 828 tunc
1189 781 1244 829 te
1285 771 1654 828 consulentem
1683 769 1834 823 feret.

235 879 291 932 Si
324 885 510 931 autem
538 871 720 928 verbis
763 864 1188 939 philosOpheris,
1217 865 1380 920 rebus
1412 872 1543 916 Vero
1571 862 1837 914 contraria

239 967 459 1032 ieceris,
494 974 622 1018 tunc
643 959 1022 1032 loquacitatem
1046 967 1191 1013 tuam
1217 954 1508 1010 danmabit.
1541 952 1634 1007 Sin
1662 950 1840 1005 verbis

239 1059 402 1114 simul
427 1064 483 1111 et
507 1053 762 1123 pperibus
780 1047 1083 1105 doctrinam
1113 1047 1338 1110 inferas,
1379 1051 1504 1097 tunc
1533 1049 1585 1097 tc
1612 1040 1840 1112 excipiet

236 1162 406 1221 atque
438 1146 610 1218 magis
635 1141 1032 1214 obtemperabit
1061 1158 1076 1194 :
1110 1148 1168 1193 ut
1189 1152 1311 1192 cum
1338 1145 1524 1189 aurum
1555 1148 1660 1188 non
1696 1147 1842 1200 qua:-

237 1259 350 1308 res,
383 1253 562 1309 neque
587 1236 938 1308 margaritas,
971 1246 1146 1301 neque
1173 1230 1607 1284 Vestimentorum
1635 1223 1844 1294 magni:

240 1334 556 1394 licentiam;
599 1326 698 1384 sed
739 1329 930 1382 hormn
983 1325 1123 1388 loco,
1171 1320 1504 1383 modestiam,
1537 1325 1840 1387 temperan-

239 1425 398 1484 tiam.
453 1419 887 1476 benevolentiam
919 1432 935 1470 :
965 1424 1129 1484 utque
1157 1428 1223 1467 ex
1253 1412 1421 1480 teipsa
1451 1409 1565 1463 haec
1607 1407 1796 1462 ail'eres
1821 1447 1838 1472 ,

237 1519 317 1571 sic
338 1513 533 1571 abillo
556 1513 748 1569 eadem
776 1511 980 1578 exiges.
1024 1505 1155 1561 Nam
1185 1503 1232 1558 si
1275 1502 1400 1573 quid
1432 1499 1498 1555 ad
1527 1498 1842 1569 placendum

240 1611 362 1665 viro
381 1609 455 1662 sit
485 1603 776 1675 agendum,
816 1600 1048 1655 animam
1077 1604 1306 1666 oportet,
1355 1609 1459 1646 non
1505 1605 1702 1660 corpus
1749 1602 1842 1643 or'-

239 1713 402 1766 nare,
434 1698 545 1752 imo
574 1706 938 1762 corrumpere.
963 1688 1146 1758 Neque
1171 1687 1311 1742 enim
1340 1685 1410 1740 ita
1452 1693 1503 1740 te
1531 1684 1608 1738 illi
1633 1683 1841 1738 amabi-

237 1789 348 1844 le’in
397 1800 592 1841 aurum
644 1782 855 1846 reddet,
887 1792 946 1834 ut
973 1776 1327 1847 temperantia
1358 1783 1412 1830 et
1451 1774 1839 1839 beneVolentia,

232 1884 410 1949 atque
428 1877 644 1930 aninms
669 1874 734 1928 ad
761 1873 922 1927 vitam
950 1881 1049 1940 pro
1066 1869 1258 1923 marito
1283 1866 1580 1938 ponendam
1605 1875 1838 1935 paratus.

235 1970 378 2024 llzrc
409 1968 555 2022 viros
594 1965 829 2035 capiunt.
849 1962 981 2018 Nam
1013 1962 1185 2017 cultus
1207 1960 1297 2014 ille
1324 1959 1626 2027 superﬂuus
1653 1957 1841 2025 diSpli-

231 2070 330 2116 σοι
355 2059 457 2126 illi,
476 2074 590 2114 rem
618 2056 932 2112 familiarem
959 2060 1230 2118 coarctat,
1252 2060 1306 2106 et
1325 2058 1596 2119 Sumptum
1617 2057 1671 2103 et
1690 2063 1846 2102 curas

237 2152 413 2220 parit.
444 2151 518 2204 At
543 2163 662 2218 qua:
681 2146 827 2212 prius
854 2145 992 2201 dicta
1015 2154 1162 2208 sunt,
1196 2141 1366 2195 virum
1392 2140 1542 2194 usori
1570 2140 1842 2208 copulant.

245 2239 640 2296 Benevolcntia
670 2238 888 2308 quippe,
918 2234 1171 2298 amicitia,
1195 2231 1538 2296 desiderium,
1561 2238 1662 2285 nec
1689 2245 1846 2285 curas
1879 2271 1882 2276 λ

246 2332 487 2396 faciunt,
519 2345 618 2386 nec
637 2330 935 2400 impensam
959 2326 1210 2397 exigunt;
1236 2325 1344 2378 imo
1368 2322 1699 2378 contrarium
1729 2331 1846 2375 om-

251 2424 417 2477 nino.
463 2421 687 2477 Ornatus
715 2419 930 2489 quidem
964 2418 1054 2472 ille
1080 2433 1111 2470 a
1151 2412 1539 2470 consuetudine
1579 2410 1844 2466 fastidium

251 2514 545 2582 ingenerat
577 2527 591 2563 :
622 2509 816 2563 animus
859 2521 988 2561 vero
1031 2513 1253 2560 ornatus
1280 2502 1520 2573 quotidie
1547 2500 1703 2554 ﬂoret
1728 2541 1742 2564 ,
1789 2510 1846 2554 et

248 2603 522 2670 majorem
574 2599 819 2654 accendit
847 2598 1134 2652 llanunmn.
1180 2593 1360 2661 Itaque
1389 2593 1432 2648 si
1476 2594 1591 2646 viro
1638 2591 1845 2661 placere

246 2694 412 2756 telis,
439 2708 573 2746 orna
605 2693 838 2746 animam
878 2689 1123 2743 castitate
1142 2727 1158 2748 .
1187 2686 1402 2757 pietate,
1435 2685 1509 2739 rei
1535 2684 1844 2738 domesticm

248 2801 406 2839 cura.
437 2783 566 2838 llzcc
595 2783 827 2837 maxime
864 2780 1134 2842 alliciunt,
1155 2790 1208 2832 et
1247 2791 1534 2845 tntmqnam
1571 2773 1840 2828 desinunt.

251 2878 411 2932 llunc
433 2882 686 2930 ornatum
734 2889 840 2928 non
879 2882 1126 2927 senectus
1155 2871 1341 2932 solvit,
1369 2884 1470 2921 non
1501 2867 1716 2921 morbus
1751 2883 1844 2920 au-

252 2969 395 3032 fert;
428 2969 525 3023 sed
551 2967 796 3037 corporis
821 2966 1021 3020 cultum
1049 2964 1356 3018 diuturnum
1387 2971 1596 3027 tempus
1641 2959 1840 3023 atterit,

253 3061 481 3116 lumbus
507 3059 796 3124 consumit,
819 3059 1028 3126 aliaque
1073 3057 1234 3109 multa
1272 3053 1520 3122 perdunt.
1566 3052 1843 3105 Atanim:c

252 3156 394 3210 busta
433 3154 519 3209 his
559 3154 807 3207 omnibus
833 3160 956 3206 sunt
983 3151 1280 3220 superiora.
1327 3147 1417 3203 Ille
1447 3155 1666 3202 ornatus
1711 3147 1842 3200 inri-

251 3246 401 3300 diatn
430 3244 571 3314 parit
591 3252 645 3298 et
665 3243 980 3312 zelotypiam
1007 3256 1022 3305 ;
1053 3241 1138 3295 hic
1167 3255 1292 3295 vero
1315 3255 1344 3293 a
1373 3238 1558 3292 morbo
1580 3237 1765 3306 quovis
1790 3247 1843 3291 et

253 3351 284 3388 a
313 3351 453 3389 rana
481 3335 647 3404 gloria
678 3334 813 3388 liber
837 3341 939 3386 est.
973 3331 1084 3386 lloc
1113 3339 1266 3400 pacto
1295 3345 1379 3384 res
1401 3329 1690 3383 dmnestica
1717 3327 1844 3381 faci-

256 3428 360 3482 liur
385 3428 489 3482 erit
511 3467 526 3491 ,
559 3436 614 3480 ct
644 3434 932 3494 proventus
963 3423 1179 3478 uberior
1198 3464 1214 3489 ,
1259 3423 1474 3493 quando
1498 3436 1684 3475 aurum
1733 3435 1839 3474 non

253 3517 471 3586 corpori
505 3525 596 3570 tuo
621 3516 1055 3584 circumpositum
1083 3513 1205 3577 erit,
1237 3529 1336 3567 nec
1384 3526 1573 3565 manus
1621 3509 1838 3578 Iigabit;

252 3607 352 3662 Sed
381 3619 483 3676 pro
511 3605 830 3662 necessariis
859 3604 1186 3675 expendetur
1211 3602 1400 3656 usibus
1433 3619 1447 3656 :
1477 3609 1534 3654 ut
1574 3600 1624 3653 iu
1663 3599 1840 3654 cibum

255 3711 566 3764 servorum,
597 3698 826 3752 ﬁliorum
853 3710 1036 3750 curam
1068 3693 1446 3758 necessariam,
1494 3691 1704 3761 aliaque
1750 3707 1839 3745 ra-

1282 371 1346 434 lN
1382 367 1698 435 maxumi
1740 366 1971 433 nomL.
2010 359 2169 430 LXII.
2209 372 2280 428 al.
2321 363 2455 429 LXI.-

3425 369 3532 428 3ίὶ

1941 486 2070 542 tioni
2099 495 2476 540 consentanea.
2499 484 2746 554 Alioquin
2785 483 2830 538 si
2862 482 2974 538 haec
3000 485 3054 538 in
3085 484 3268 540 lusum
3315 500 3529 555 pra-po-

1943 590 2158 641 nantur,
2185 579 2311 634 dum
2336 593 2430 632 cor
2453 577 2682 647 angitur,
2707 575 2848 646 quod
2876 577 3126 631 lucrum?
3147 592 3268 646 qua:
3291 579 3531 630 utilitas?

1942 673 2171 728 Tantum
2206 671 2406 726 cultum
2439 686 2542 724 non
2569 669 2694 724 sinit
2717 668 2869 722 dolor
2893 668 3155 737 aspicere.
3181 667 3339 723 Scitis
3363 669 3528 732 enim,

1943 765 2092 819 scitis
2143 763 2344 832 utique,
2372 761 2513 830 quod
2541 761 2588 815 si
2629 759 2750 830 quis
2780 759 3058 813 mulierem
3101 760 3339 813 omnium
3365 775 3528 812 orna-

1945 855 2206 910 tissimam
2233 851 2431 917 videat,
2454 851 2709 906 delectari
2741 865 2846 904 non
2895 857 3090 919 potest,
3135 849 3181 903 si
3209 850 3421 904 animus
3459 850 3529 904 sit

1946 949 1998 1003 in
2024 962 2258 1003 mterore
2281 963 2296 1000 :
2319 945 2409 1015 qui
2443 944 2586 1000 enim
2609 943 2722 999 vult
2744 942 3021 1002 delectari.
3054 941 3240 995 hilaris
3269 942 3341 996 sit
3359 957 3526 1010 opor-

1945 1046 2042 1094 tet.
2098 1037 2156 1093 Sl
2196 1045 2376 1091 autem
2408 1050 2594 1089 aurum
2646 1043 2814 1088 totum
2861 1033 2928 1087 ad
2991 1032 3290 1087 ornandum
3348 1031 3530 1088 uxoris

1900 1173 1904 1177 ρ
1943 1146 2139 1200 corpus
2167 1129 2490 1197 insumptum
2519 1136 2619 1193 est,-
2651 1127 2701 1180 in
2719 1125 2960 1195 angustia
2983 1125 3056 1178 rei
3082 1121 3358 1179 familiaris
3388 1125 3526 1179 nulla

1945 1230 2119 1291 potest
2147 1235 2266 1274 esse
2287 1219 2402 1273 heri
2426 1217 2684 1287 voluptas.
2707 1217 3039 1286 Quapropter
3063 1215 3107 1269 si
3131 1202 3288 1269 vultis
3318 1216 3528 1285 placere

1946 1312 2097 1377 viris,
2129 1310 2323 1365 dabitis
2351 1307 2608 1378 voluptati
2632 1307 2845 1386 locum:
2871 1305 3065 1360 dabitis
3088 1310 3268 1375 porro,
3293 1305 3335 1359 si
3368 1306 3527 1360 talem

1947 1405 2145 1459 cultum
2175 1412 2230 1458 et
2268 1410 2513 1456 ornatum
2543 1397 2758 1455 tollatis.
2790 1396 2916 1451 lla'c
2951 1395 3144 1464 quippe
3162 1396 3338 1449 omnia
3366 1403 3530 1468 spon-

1947 1496 2137 1550 saliqu
2181 1504 2421 1564 tempore
2450 1490 2732 1562 quamdam
2764 1488 3013 1542 videntur
3039 1487 3236 1542 habere
3281 1487 3528 1556 voluplaé

1949 1595 2086 1652 tem;
2117 1585 2436 1653 demumquc
2464 1591 2706 1650 tempore
2737 1586 3087 1632 marcescunt.
3109 1576 3164 1631 Si
3184 1575 3324 1631 enim
3340 1577 3529 1631 cadunt

1950 1685 2058 1730 tam
2090 1674 2370 1744 pulchrum
2395 1713 2412 1739 ,
2443 1672 2612 1727 solem
2641 1679 2748 1724 tam
2795 1667 3131 1738 Splendidnm
3155 1708 3172 1734 ,
3199 1667 3285 1720 cui
3327 1667 3528 1721 nulhun

1949 1782 2045 1836 par
2070 1779 2190 1820 esse
2214 1777 2410 1833 corpus
2426 1760 2648 1825 dixeris,
2670 1745 2741 1812 ob
2765 1755 3206 1813 consuetudinem
3229 1771 3334 1810 non
3361 1763 3529 1826 usque

1949 1857 2084 1912 adeo
2109 1856 2386 1919 miramur,
2415 1851 2685 1924 quomodo
2710 1860 2954 1905 ornatum
2983 1863 3178 1918 corpus
3197 1848 3284 1903 diu
3313 1848 3528 1903 mirabi-

1950 1947 2111 2002 mur?
2136 1946 2248 2000 lloc
2273 1945 2429 2010 dico,
2471 1941 2612 2013 quod
2643 1941 2800 1995 velim
2842 1954 2938 1994 vos
2983 1939 3158 1993 ornari
3190 1950 3316 1993 vero
3357 1939 3529 2006 cultu,

1949 2053 2108 2109 quem
2138 2037 2332 2091 Paulus
2368 2033 2658 2105 prtecepit:
2689 2029 2810 2084 Non
2837 2046 2964 2083 auro
3000 2040 3047 2082 et
3092 2029 3401 2100 margaritis,
3437 2042 3525 2082 aut

1949 2141 2082 2185 certe
2115 2129 2332 2200 pretiosa
2355 2168 2371 2193 ,
2415 2127 2504 2180 sed
2531 2124 2668 2193 quod
2714 2125 2850 2203 decet
2880 2109 3143 2203 mulieres,
3177 2122 3526 2190 promittentes

1951 2222 2183 2291 pietatem
2200 2234 2288 2288 per
2303 2232 2457 2285 θρα-α
2481 2215 2610 2270 bona
2631 2213 2708 2284 (l.
2728 2201 2864 2266 Tim.
2881 2201 2936 2290 ‘1.
2959 2210 3049 2266 9et
3071 2209 3180 2280 10).
3204 2202 3309 2266 Sed
3334 2210 3411 2264 vis
3429 2226 3528 2265 es-

1951 2286 2116 2364 ternis
2145 2286 2375 2378 placere,
2417 2304 2485 2358 ab
2515 2305 2686 2374 iisque
2732 2286 2975 2355 laudari?
3021 2299 3179 2355 Certe
3225 2317 3329 2354 non
3357 2306 3520 2354 castae

1951 2398 2190 2453 mulieris
2215 2404 2300 2452 est
2327 2381 2670 2450 desiderium.
2693 2392 2820 2446 Atsi
2849 2390 3006 2456 velis,
3034 2386 3195 2445 etiam
3223 2391 3344 2446 illos
3362 2389 3528 2446 habes

1952 2489 2033 2543 bis
2071 2498 2124 2542 et
2153 2487 2422 2542 amatores
2450 2493 2505 2538 et
2546 2477 2808 2538 castitatis
2839 2475 3165 2536 laudatores.
3195 2478 3343 2535 Illam
3388 2481 3530 2536 enim

1953 2578 2112 2631 talem
2145 2565 2422 2631 mulierem
2445 2588 2602 2628 nemo
2627 2573 2810 2642 aequus
2831 2571 3123 2626 :cslimator
3148 2571 3401 2638 laudabit,
3431 2558 3528 2626 sed

1951 2669 2133 2724 lascivi
2163 2663 2368 2723 tantum
2397 2673 2452 2721 et
2475 2664 2662 2719 molles
2691 2662 2966 2726 homines;
2992 2662 3099 2716 imo
3126 2675 3193 2717 ne
3233 2661 3285 2715 hi
3313 2661 3529 2731 quidem

1950 2761 2274 2826 laudabunt,
2304 2758 2399 2814 sed
2439 2752 2754 2812 maledicenl
2781 2795 2796 2811 .
2827 2770 2949 2809 cum
2979 2753 3222 2809 mulieris
3260 2753 3529 2807 lasciviant

1952 2853 2294 2908 intuebuntur
2323 2867 2338 2904 :
2370 2848 2594 2920 probam
2641 2861 2768 2902 vero
2810 2839 2947 2901 hanc
2971 2845 3248 2900 mulierem
3296 2853 3349 2900 et
3381 2843 3435 2898 bi
3478 2845 3528 2899 et

1951 2929 2026 2998 illi
2047 2955 2339 3011 omnesque
2361 2939 2648 2994 laudabunt
2670 2954 2684 3003 ;
2710 2938 2908 3008 quippe
2933 2937 3020 3006 qui
3044 2935 3174 2991 nihil
3203 2935 3272 2990 ab
3293 2935 3381 2990 illa
3404 2935 3527 2990 mall

1949 3033 2271 3103 acceperint,
2302 3018 2394 3086 sed
2426 3027 2775 3100 philoSOphizc
2800 3019 3096 3082 doctrinam
3127 3043 3141 3080 :
3172 3041 3357 3096 magna
3388 3021 3527 3096 apud

1952 3112 2196 3180 homines
2214 3123 2328 3176 laus
2352 3116 2545 3186 aderit,
2573 3124 2764 3189 magna
2780 3116 2918 3186 apud
2938 3108 3104 3171 Deum
3131 3121 3360 3170 merces.
3378 3115 3527 3171 llunc

1950 3232 2078 3286 ergo
2106 3227 2406 3284 qmeramus
2429 3214 2694 3275 ornatum,
2714 3219 2770 3262 ut
2790 3219 2842 3262 et
2866 3207 2950 3262 hic
2969 3222 3090 3262 cum
3119 3200 3360 3260 libertate
3383 3207 3525 3260 viva-

1950 3322 2070 3364 mus
2093 3347 2109 3372 ,
2139 3315 2193 3360 et
2217 3305 2389 3359 i'utura
2416 3308 2809 3370 consequamur
2831 3291 2968 3353 bona
3003 3303 3017 3352 ὲ
3057 3307 3176 3367 qua:
3215 3301 3312 3351 nos
3339 3307 3527 3350 omnes

1947 3397 2158 3468 assequi
2184 3394 2490 3464 contingat,
2518 3390 2686 3462 gratia
2715 3397 2770 3444 et
2816 3387 3143 3458 benignitate
3189 3385 3397 3442 Domini
3425 3391 3526 3440 tto-

1946 3490 2045 3547 stri
2080 3473 2209 3544 issu
2236 3484 2474 3552 Christi,
2516 3483 2602 3539 cui
2641 3481 2809 3553 gloria
2849 3480 2902 3535 in
2944 3478 3139 3535 szceula
3182 3479 3523 3535 saeculorum.

1948 3585 2143 3639 Amen.

1535 3920 1882 3998 HOMILIA
1924 3919 2097 3994 an
2143 3927 2256 4009 (α).

256 4083 388 4140 Car.
423 4085 514 4140 ll.
556 4099 608 4136 ν.
642 4082 693 4138 1.
738 4081 862 4136 Erat
889 4091 1056 4134 autent
1099 4075 1304 4147 quidam
1333 4078 1576 4148 (anguem
1605 4076 1835 4131 Lazartls

328 4190 362 4228 ο
405 4174 680 4240 Ballionia,
721 4183 784 4227 et
828 4172 1035 4226 castello
1081 4170 1264 4225 Maria:
1310 4180 1359 4224 et
1400 4169 1620 4223 Mart/uc
1660 4171 1848 4224 sororis

331 4267 463 4334 rius.
507 4260 564 4321 3-.
619 4263 785 4318 Mariti
830 4271 998 4317 autem
1043 4273 1150 4318 erat
1176 4279 1235 4318 ea
1263 4274 1377 4332 ante
1404 4261 1546 4314 unxit
1574 4258 1849 4315 Dominam

332 4368 611 4430 stagnante.

339 4496 390 4550 Ι.
450 4491 726 4550 sintan
767 4492 943 4546 unicis
997 4484 1090 4545 Dei
1152 4490 1370 4544 tanaim:
1419 4488 1732 4558 competunt.
1773 4472 1852 4540 De

271 4585 444 4642 Maria
489 4602 661 4641 sorore
708 4583 896 4639 Lasari
940 4584 1170 4656 quarstio.
1200 4580 1442 4636 —Llulti
1476 4596 1598 4635 cum
1642 4580 1850 4650 aliquos

266 4678 452 4734 vident
500 4676 742 4732 homines
793 4676 902 4732 Deo
939 4683 1209 4744 acceptos,
1259 4675 1310 4728 in
1340 4687 1634 4728 :erumnam
1661 4687 1850 4742 quam-

268 4771 438 4839 piam,
490 4779 549 4824 ut
577 4769 846 4832 morbum,
883 4777 1273 4838 paupertatem,
1301 4775 1395 4820 aut
1416 4763 1544 4835 quid
1569 4749 1744 4819 simile
1769 4764 1854 4818 in-

268 4860 491 4924 cidisse,
517 4858 910 4938 perturbantur,
956 4857 1117 4912 nescii
1164 4856 1274 4912 Deo
1314 4854 1499 4910 amicis
1543 4841 1595 4909 id
1625 4853 1854 4908 maxime

268 4961 599 5020 competere.
644 4950 777 5006 Nam
813 4948 1048 5004 Lazarus
1076 4965 1142 5004 ex
1169 4948 1365 5002 Christi
1394 4946 1581 5002 amicis
1605 4955 1752 5011 erat,
1799 4955 1856 5001 et

270 5040 648 5095 inﬁrmabatur
685 5056 700 5093 :
747 5039 798 5094 id
841 5039 984 5109 quod
1028 5037 1277 5094 dicebant
1324 5037 1358 5092 ii
1404 5036 1496 5107 qui
1549 5037 1852 5092 miserunt:

282 5129 405 5184 εει-ε
436 5146 588 5199 quem
627 5146 771 5184 amas
810 5131 1122 5198 inﬁrmatur.
1170 5127 1277 5184 Sed
1313 5128 1488 5183 locum
1518 5126 1676 5180 altius
1704 5137 1856 5196 repe-

279 5229 472 5276 tamus.
522 5219 668 5284 Erat,
711 5221 903 5290 inquit.
943 5220 1148 5290 quidam
1173 5221 1416 5290 Insignem
1443 5216 1668 5270 Lazarus
1696 5225 1728 5269 'a
1757 5199 1856 5269 Be-

280 5313 477 5366 thania.
513 5307 630 5367 Non
650 5312 749 5366 abs
787 5321 845 5367 re
871 5311 1010 5367 dixit
1040 5311 1179 5366 unde
1206 5319 1347 5366 esset
1371 5296 1623 5372 lanarius,
1669 5295 1764 5361 sed
1793 5320 1855 5358 ea

282 5401 340 5458 de
370 5416 562 5467 causa,
608 5417 767 5471 quam
815 5409 997 5470 postea
1045 5397 1284 5456 dicturus
1329 5408 1431 5453 est.
1473 5383 1688 5452 interim
1731 5407 1858 5450 vero

307 5637 309 5640 ,
333 5571 412 5640 (⁸)
449 5569 586 5640 “llic
610 5570 853 5640 hmniliant
878 5577 928 5640 et
950 5571 1070 5620 duas
1091 5566 1596 5640 sapientesglidere
1629 5565 1744 5640 olim
1771 5563 1854 5612 t‘a-

304 5637 309 5642 μ
348 5635 354 5642 .
391 5629 400 5631 -
445 5645 514 5679 Ἢ.
549 5633 832 5693 "pompm
884 5638 1015 5679 ποιηο
1059 5629 1622 5693 smitxlqtlihliothecze
1648 5633 1854 5693 Patrum,

271 5693 504 5744 blitione
528 5689 767 5749 scemata,
787 5695 982 5741 nomine
1007 5695 1156 5742 sancti
1184 5691 1335 5739 Basilii
1361 5689 1594 5739 Seleuciae
1620 5689 1852 5749 episcopi,

272 5757 441 5816 latine
494 5767 661 5801 rursus
700 5768 786 5816 per
820 5755 1121 5804 't‘heodot'um
1163 5753 1404 5802 l'cltaaunl
1449 5751 1701 5801 Socii-talis
1744 5755 1857 5798 Jesu

274 5813 598 5876 theologum.

1952 4073 2231 4145 pratsentia
2259 4078 2566 4125 tractemus.
2608 4066 2833 4121 Sorores
2869 4063 3067 4119 utiliter
3097 4063 3316 4128 indicat,
3344 4070 3399 4116 et
3421 4061 3529 4116 Ma-

1951 4169 2081 4223 riam
2107 4174 2226 4233 qua:
2256 4163 2308 4216 in
2347 4161 2528 4230 aliquo
2565 4157 2868 4227 praestabat,
2921 4155 3024 4210 hoc
3063 4153 3350 4224 adjiciens,
3403 4153 3528 4206 Erat

1949 4267 2118 4313 autem
2163 4255 2333 4308 Maria
2373 4267 2488 4320 qua:
2529 4249 2806 4303 Dominum
2847 4255 3058 4301 uouerat
3101 4255 3381 4316 utigneuto.
3434 4244 3530 4299 llic

1951 4349 2168 4421 quidam
2209 4346 2560 4416 qua-stionem
2589 4348 2838 4405 movent,
2869 4354 2964 4394 cur
2995 4337 3250 4393 Dominus
3280 4335 3380 4391 hoc
3410 4352 3528 4390 lltll-

1952 4443 2138 4498 lierem
2167 4439 2340 4494 facere
2371 4433 2715 4506 permiserit?
2746 4431 2926 4486 Primo
2953 4431 3134 4500 itaque
3169 4429 3346 4483 discas
3373 4443 3530 4496 opor-

1955 4541 2063 4597 tet,
2113 4545 2220 4585 non
2260 4529 2397 4582 hanc
2434 4540 2555 4580 esse
2585 4521 2920 4578 meretricem
2947 4519 3018 4575 de
3045 4534 3149 4588 qua
3177 4518 3453 4574 Mattiacas
3476 4528 3530 4573 et

1955 4622 2149 4687 Lucas,
2191 4617 2285 4674 sed
2315 4617 2474 4671 aliam
2523 4613 2800 4669 honestam
2829 4611 3132 4666 mulierem.
3165 4607 3271 4664 Illa:
3303 4624 3532 4677 namque

1956 4714 2210 4768 mulieres
2240 4717 2395 4766 erant
2425 4706 2658 4778 peccatis
2695 4712 2903 4758 onusta:
2931 4719 2944 4756 :
2987 4702 3105 4757 hare
3131 4716 3258 4755 vero
3283 4708 3336 4755 et
3361 4699 3534 4752 hones

1953 4813 2036 4858 sta
2080 4813 2138 4857 et
2191 4799 2449 4855 studiosa.
2507 4797 2635 4851 Nam
2689 4795 2962 4851 Christum
3011 4793 3264 4862 excipere
3307 4788 3529 4846 curarit.

1956 4892 2146 4947 Narrat
2204 4899 2382 4944 autem
2438 4885 2800 4956 evangelista,
2846 4895 3062 4937 sorores
3097 4895 3311 4952 quoque
3356 4879 3527 4947 ipsum

1955 4983 2249 5048 amavisse;
2295 4990 2351 5036 et
2390 4991 2565 5034 tamen
2599 4977 2857 5032 Lazarum
2896 4974 3030 5029 mori
3075 4973 3336 5044 permisit.
3359 4971 3535 5038 Quare

1958 5090 2086 5138 non,
2134 5080 2193 5128 ut
2231 5070 2474 5127 centurio
2515 5078 2568 5122 et
2612 5067 2862 5137 regulus,
2912 5064 3099 5119 relicto
3149 5063 3312 5118 fratre
3361 5072 3530 5129 aegro-

1960 5173 2142 5230 tante,
2195 5161 2468 5217 Christum
2515 5158 2744 5222 adcunt,
2790 5155 2884 5212 sed
2935 5154 3191 5210 mittunt?
3236 5151 3534 5207 Admodum

1958 5255 2172 5310 Christo
2202 5251 2455 5314 lidebant,
2499 5249 2704 5317 ipsique
2749 5246 3034 5300 familiares
3077 5252 3256 5298 erant.
3286 5231 3535 5311 Alioquin

1961 5345 2210 5400 mulieres
2234 5350 2390 5397 erant
2419 5339 2643 5394 inﬁrmae
2661 5377 2676 5402 ,
2705 5345 2758 5391 et
2790 5337 2931 5390 luctu
2958 5333 3352 5389 detinebantur.
3382 5330 3536 5399 Quod

1961 5438 2102 5492 enim
2135 5447 2240 5488 non
2269 5449 2334 5488 ex
2360 5440 2666 5497 contemptu
2691 5429 2769 5482 sic
2797 5427 3022 5481 fecerint
3039 5467 3056 5492 ,
3105 5436 3286 5495 postea
3313 5425 3535 5478 demon-

1963 5530 2217 5578 strarunt.
2260 5519 2416 5586 Quod
2459 5518 2618 5588 igitur
2647 5517 2762 5570 haéc
2805 5516 2892 5570 illa
2922 5531 3026 5569 non
3050 5524 3195 5569 esset
3231 5514 3400 5582 palam
3434 5516 3536 5566 cst.
3633 5523 3638 5528 '

1963 5616 2066 5673 Sed
2091 5615 2257 5677 illam,
2291 5611 2516 5680 inquies,
2547 5625 2643 5663 cur
2666 5607 2880 5662 admisit
2907 5607 3191 5661 Christus?
3229 5613 3285 5656 ut
3309 5603 3541 5656 solveret

1966 5707 2297 5777 nequitiam,
2360 5713 2417 5756 ut
2465 5701 2844 5754 humanitatem
2891 5695 3207 5758 exhiberet,
3255 5702 3307 5746 ut
3364 5692 3540 5747 discas

1969 5798 2166 5854 nulltun
2202 5807 2321 5851 esse
2364 5793 2631 5862 morbum,
2683 5791 2770 5862 qui
2818 5789 2936 5860 ejus
2975 5787 3266 5844 bonitatem
3304 5792 3539 5857 superet.
