3984 6196
311 278 418 333 813

330 391 424 442 Vel
446 389 518 440 oh
542 383 858 440 mlam'tatis
886 379 1324 450 magnitudinem,
1349 380 1431 432 vel
1451 382 1571 448 quia
1597 389 1652 432 ιιι
1681 377 1902 430 nobilio-

323 495 416 534 res
465 473 893 536 venerabantur;
936 471 1017 524 vel
1061 472 1197 524 forte
1222 470 1312 537 qui
1344 483 1448 522 non
1478 468 1700 537 improbi
1726 477 1902 529 erant,

322 576 586 623 venerunt
616 585 630 620 :
656 564 803 618 multi
818 563 957 616 enim
979 576 1042 614 ex
1073 560 1200 628 ipsis
1217 558 1576 614 crediderunt.
1602 559 1724 612 Iltec
1747 572 1904 628 porro

319 663 454 715 dii-it
500 657 861 725 evangelista.
909 653 1092 708 Lazari
1137 662 1362 706 mortem
1400 650 1744 707 confirmans.
1793 648 1905 703 Cur

317 766 482 819 porro
507 747 722 802 Christo
743 744 956 800 obviam
982 742 1128 797 venit
1156 743 1272 797 sine
1302 756 1489 796 sorore
1520 739 1755 795 comite?
1783 739 1905 794 Vult

311 839 545 893 sect-sim
579 836 731 891 illum
758 834 931 897 adire,
953 841 1008 887 et
1037 847 1149 887 rem
1180 832 1444 888 nuntiare.
1478 832 1763 900 Postquam
1803 845 1902 884 au-

315 940 429 982 tem
458 927 704 981 Christus
728 939 881 994 spem
929 923 1121 976 bonam
1169 920 1453 986 indiderat,
1502 929 1628 974 tunc
1669 919 1802 984 abit,
1851 929 1905 974 et

325 1018 545 1072 Mariam
585 1025 758 1078 vocat,
804 1021 858 1068 et
904 1011 1138 1068 occurrit
1169 1009 1265 1072 illi,
1295 1010 1441 1066 luctu
1470 1010 1646 1065 adhuc
1672 1011 1900 1078 vigente.

325 1107 516 1162 Viden'
542 1104 743 1160 amoris
771 1103 1184 1173 magnitudinem
1200 1103 1224 1152 ‘t
1267 1101 1391 1160 llaec
1429 1111 1513 1156 est
1538 1100 1606 1156 de
1630 1116 1731 1170 qua
1754 1101 1902 1154 dice-

324 1199 416 1256 bat
441 1216 456 1251 :
490 1196 660 1254 Maria
689 1209 805 1247 vero
830 1192 1068 1262 optimam
1095 1201 1290 1260 portent
1309 1191 1456 1261 elegit
1494 1189 1644 1255 (Luc.
1677 1190 1760 1244 l0.
1789 1189 1900 1260 42).

320 1285 604 1357 Quomodo
624 1300 773 1354 ergo,
803 1283 1032 1352 inquies,
1079 1281 1281 1336 Martha
1320 1296 1463 1340 nunc
1513 1281 1803 1336 ferventior
1829 1281 1905 1334 vi-

318 1377 522 1435 detur?
569 1375 683 1432 Non
725 1382 840 1430 erat
882 1372 996 1429 haec
1021 1371 1345 1435 ferventior;
1375 1371 1469 1426 sed
1500 1371 1584 1425 illa
1609 1371 1738 1425 nihil
1765 1370 1904 1426 didi-

317 1475 471 1528 cerat
501 1484 514 1519 :
553 1480 678 1520 nam
721 1465 922 1522 Martha
971 1463 1292 1518 imbecillior
1328 1472 1464 1518 erat.
1495 1459 1629 1516 Cum
1655 1464 1799 1517 enim
1828 1472 1906 1517 tot

319 1568 576 1628 uittaque
617 1556 879 1619 audisset,
927 1553 1102 1609 adhuc
1150 1563 1325 1609 tamen
1369 1553 1520 1618 dicit,
1562 1552 1684 1606 1am
1727 1557 1904 1624 fauet;

319 1651 688 1719 quatriduanus
711 1658 785 1702 est
812 1648 966 1700 enim.
1002 1647 1092 1701 Illa
1124 1661 1280 1707 vero,
1312 1646 1412 1700 etsi
1440 1644 1698 1698 nihildum
1722 1645 1906 1698 audis-

319 1752 425 1806 set,
471 1741 603 1795 nihil
630 1738 928 1808 hujusmodi
952 1737 1167 1808 loqunta
1195 1747 1311 1800 est;
1353 1735 1446 1791 sed
1474 1737 1652 1790 statim
1681 1736 1905 1792 credens

319 1831 454 1884 dixit
483 1848 497 1884 :
519 1829 612 1884 21.
636 1827 870 1893 Domine,
898 1828 941 1881 si
967 1828 1148 1898 fuisses
1173 1827 1275 1894 hic,
1304 1829 1462 1897 frater
1487 1841 1623 1880 meus
1646 1842 1747 1881 non
1772 1827 1901 1896 fuis-

318 1935 393 1980 set
431 1933 685 1978 mortuus.

391 2017 446 2072 5.
477 2015 668 2070 Videte
687 2021 886 2084 quanta
912 2011 984 2067 sit
1005 2011 1290 2067 mulierum
1322 2010 1675 2081 philosophia,
1698 2011 1904 2067 etiamsi

320 2107 595 2168 imbecilla
642 2113 823 2164 mente
865 2103 1086 2161 essent?
1114 2101 1243 2160 Viso
1276 2117 1507 2172 namque
1546 2102 1760 2158 Christo
1799 2119 1904 2157 non

318 2199 505 2252 statim
552 2197 606 2251 in
653 2196 873 2260 luctum,
925 2195 979 2255 in
1023 2193 1312 2264 planctum,
1352 2193 1404 2248 in
1446 2194 1702 2264 gemitum
1729 2209 1906 2249 erum-

325 2298 493 2359 punt,
538 2295 596 2342 ut
623 2300 723 2340 nos
749 2284 1012 2350 solemus,
1067 2282 1284 2358 quando
1326 2292 1483 2338 notos
1517 2284 1793 2353 quospiam
1838 2284 1905 2341 ad

325 2381 533 2435 luctum
566 2379 837 2436 venientes
863 2375 1261 2446 conspicimus;
1292 2375 1387 2434 sed
1428 2375 1607 2431 statim
1648 2375 1753 2431 illa:
1790 2390 1906 2431 ma-

328 2468 559 2537 gistrum
600 2467 878 2526 mirantur.
927 2465 1232 2523 Credebant
1264 2465 1447 2541 utique
1472 2465 1643 2530 amba:
1672 2465 1724 2525 in
1751 2464 1907 2528 Chri-

326 2567 504 2620 stum;
550 2557 640 2612 sed
693 2572 798 2610 non
843 2565 1019 2627 utpar
1045 2566 1178 2610 erat.
1217 2555 1460 2613 Nondum
1504 2556 1645 2618 enim
1677 2556 1908 2625 perfecte

323 2649 586 2709 sciebant,
620 2662 718 2701 nec
747 2647 912 2700 Deum
941 2660 1077 2708 esse,
1115 2659 1286 2712 neque
1318 2659 1413 2700 sua
1444 2654 1706 2719 potestate
1732 2653 1786 2699 et
1813 2660 1909 2708 au-

322 2742 572 2795 ctoritate
599 2740 716 2794 lure
742 2739 914 2794 facere
947 2759 961 2795 :
989 2737 1131 2809 quod
1164 2747 1449 2809 utrumque
1489 2737 1630 2808 ipsas
1669 2735 1904 2792 edocuit.

323 2831 479 2897 Quod
521 2840 698 2884 autem
743 2830 1064 2898 ignorarent,
1117 2835 1258 2896 patet
1291 2843 1356 2889 ex
1402 2842 1468 2883 eo
1503 2826 1644 2897 quod
1686 2827 1767 2881 his
1792 2843 1910 2891 ver-

327 2922 427 2982 bis.
479 2920 543 2976 ει
582 2920 763 2993 fuisses
806 2920 907 2982 hic,
954 2919 1112 2986 frater
1154 2927 1323 2972 noster
1352 2933 1452 2971 non
1483 2926 1608 2970 esset
1641 2926 1866 2978 mortuus
1889 2956 1906 2980 ,

327 3011 658 3073 addiderint,
704 3010 796 3063 22.
867 3009 1204 3078 Quacumque
1248 3007 1449 3077 petieris
1496 3023 1529 3060 (ι
1573 3005 1718 3069 Deo,
1769 3005 1909 3063 dabit

330 3105 457 3166 tibi;
489 3102 637 3172 quasi
683 3101 750 3155 tle
781 3101 975 3155 virtute
1003 3099 1225 3165 pnedlto
1268 3108 1322 3152 et
1349 3098 1641 3166 conspicuo
1676 3097 1790 3150 viro
1829 3096 1907 3148 lo-

327 3203 570 3262 quentes.
596 3191 728 3246 Vide
772 3199 950 3245 autem
990 3189 1114 3259 quid
1143 3189 1387 3243 Christus
1418 3186 1734 3257 respondeat
1759 3203 1776 3251 ;
1801 3186 1893 3246 25.

335 3287 582 3354 tlesurget
617 3284 772 3351 frater
815 3293 931 3336 tuus
955 3297 975 3345 ;
1034 3279 1160 3335 illud
1207 3279 1510 3343 confutatis,
1573 3279 1910 3352 Qutecumque

335 3375 556 3439 petieris.
587 3372 766 3443 Neque
794 3371 938 3426 enim
964 3370 1118 3435 dixit,
1154 3369 1357 3435 Petam,
1386 3369 1478 3422 sed
1507 3367 1676 3438 quid?
1726 3366 1913 3429 Resur-

332 3477 410 3533 ρει
434 3469 594 3536 frater
617 3474 752 3518 tuus.
802 3463 856 3518 Si
898 3462 1122 3520 dixisset
1161 3460 1303 3523 enim
1339 3476 1354 3514 :
1385 3458 1429 3515 0
1457 3459 1683 3524 mulier,
1738 3458 1911 3512 adhuc

333 3567 530 3616 terram
575 3554 843 3623 respicis?
883 3553 1060 3608 alieno
1100 3566 1206 3606 non
1245 3565 1377 3621 egeo
1403 3549 1628 3611 auxilio,
1653 3563 1681 3602 a
1709 3548 1911 3627 tueipsn

333 3648 512 3702 omnia
558 3647 734 3711 facio;
767 3645 884 3700 lucc
907 3645 1133 3700 molesta
1166 3643 1411 3709 fuissent,
1441 3651 1495 3698 ct
1523 3642 1802 3697 mulierem
1831 3641 1912 3697 of-

337 3737 650 3792 fendissent.
700 3735 851 3790 Nune
874 3748 1002 3790 vero
1021 3733 1228 3799 (licens,
1262 3731 1530 3802 Resurget,
1567 3731 1799 3792 medium
1831 3740 1910 3785 tei-

337 3831 451 3884 nuit
489 3827 730 3893 modum,
771 3837 827 3883 et
873 3842 968 3897 per
991 3825 1266 3895 sequentia
1297 3839 1359 3879 ea
1385 3839 1505 3895 qua:
1530 3823 1640 3885 dixi
1668 3822 1910 3876 subindi-

335 3923 495 3976 cavit.
530 3921 751 3976 Dicente
776 3919 917 3974 enim
949 3918 1059 3980 illa,
1086 3918 1176 3972 21.
1205 3915 1325 3972 Scio
1349 3919 1465 3984 quia
1493 3926 1714 3985 resurget
1741 3916 1791 3968 in
1823 3929 1916 3968 no-

335 4015 539 4068 rissimo
563 4013 664 4070 die.
709 4010 910 4066 clarius
939 4023 1090 4063 suam
1121 4007 1356 4062 ostendit
1394 4005 1788 4067 auctoritatem,
1831 4003 1913 4058 di-

337 4119 484 4170 rens,
514 4103 607 4158 25.
641 4101 749 4173 Ego
775 4117 887 4156 sum
921 4099 1214 4154 resurrectio
1243 4108 1293 4152 et
1322 4098 1460 4161 rita;
1487 4105 1913 4152 connuenstraus

335 4211 394 4251 se
418 4211 529 4249 non
556 4193 779 4248 alterius
803 4190 998 4244 auxilio
1031 4203 1210 4259 egere,
1245 4186 1506 4258 siquidem
1538 4185 1652 4255 ipse
1681 4185 1784 4237 vita
1810 4193 1910 4237 est.

335 4283 488 4350 Quod
515 4283 559 4336 si
600 4281 818 4335 alterius
858 4287 1041 4350 egeret
1082 4293 1267 4347 opera,
1315 4274 1586 4345 quomodo
1621 4273 1733 4342 ipse
1760 4272 1917 4327 fuerit

340 4371 669 4426 resurrectio
709 4379 764 4424 et
807 4367 956 4422 vita?
1002 4367 1106 4423 Sed
1156 4381 1262 4419 non
1304 4374 1408 4418 tam
1433 4363 1578 4417 clare
1600 4361 1756 4425 dixit,
1792 4361 1917 4416 sub-

341 4460 593 4519 indicavit
646 4469 844 4514 tamen.
891 4457 1122 4513 Rursum
1169 4456 1256 4509 illa
1299 4454 1530 4517 dicente,
1584 4452 1917 4518 Quintumque

341 4551 652 4620 poposceris.
701 4550 791 4604 ille
832 4549 1087 4617 reponit:
1136 4546 1236 4612 Qui
1281 4545 1441 4599 credit
1478 4545 1532 4597 in
1574 4559 1672 4606 me,
1723 4542 1916 4595 etiamsi

341 4651 571 4694 mortuus
601 4640 753 4707 fierit,
782 4638 906 4692 viret
930 4653 948 4699 ;
974 4636 1268 4691 ostendens
1293 4649 1352 4688 se
1378 4634 1639 4687 honorum
1678 4631 1916 4685 datorem

341 4750 486 4797 esse,
513 4743 568 4787 et
591 4748 622 4784 a
649 4746 709 4787 se.
732 4729 1020 4801 petendum
1044 4743 1184 4782 esse.
1212 4726 1305 4780 38.
1336 4724 1404 4778 Et
1444 4724 1606 4777 omnis
1643 4721 1728 4792 qui
1771 4720 1915 4784 vivit,

339 4834 389 4878 et
431 4823 600 4877 credit
625 4821 678 4874 in
707 4836 805 4884 me,
853 4835 953 4872 non
982 4818 1220 4870 morietur
1247 4817 1301 4869 in
1325 4825 1589 4869 internum.
1623 4811 1756 4868 Vide
1780 4825 1916 4880 quo-

345 4916 508 4974 modo
546 4922 778 4970 mentem
807 4911 923 4979 ejus
951 4909 1140 4977 erigat.
1167 4907 1280 4962 Non
1307 4907 1450 4960 enim
1482 4913 1689 4957 tantum
1723 4915 1918 4970 quzere-

343 5006 501 5060 batur
530 5001 852 5058 resurrectio
889 4999 1097 5062 Lauri,
1128 4998 1222 5053 sed
1268 4995 1550 5067 oportebat
1587 5003 1642 5049 et
1672 4995 1828 5056 hanc,
1867 5000 1921 5045 et

339 5098 428 5165 qui
471 5103 763 5164 przrsentes
809 5106 930 5146 cum
971 5091 1058 5146 illa
1108 5097 1285 5154 erant,
1341 5085 1786 5145 resurrectionem
1809 5081 1922 5138 edi-

293 5164 310 5180 ⁸
339 5164 521 5240 scere.
552 5184 836 5252 I'rOpterea
863 5189 1147 5250 antequam
1178 5179 1401 5235 suscitet
1429 5191 1572 5236 eum,
1603 5172 1782 5233 verbis
1808 5171 1922 5241 phi-

342 5276 681 5345 losophatur.
715 5271 865 5339 Quod
907 5272 950 5325 si
979 5269 1305 5329 resurrectio
1330 5266 1398 5321 sit
1427 5275 1480 5320 et
1501 5265 1630 5330 vita,
1675 5276 1778 5320 non
1806 5261 1924 5318 loco

345 5362 828 5427 circumscribitur,
871 5359 964 5415 sed
1010 5359 1204 5428 ubique
1245 5371 1436 5412 sanare
1477 5363 1672 5424 potest.
1715 5351 1769 5407 Si
1798 5366 1924 5405 vero

345 5459 613 5509 dixissent
659 5462 717 5506 ut
759 5451 1023 5517 Centurio,
1073 5448 1168 5502 Dic
1209 5447 1355 5501 verbo
1403 5455 1448 5499 et
1494 5444 1755 5499 sanabitur
1803 5457 1925 5510 puer

349 5565 490 5600 mnis
536 5543 750 5613 (Matth.
778 5542 951 5610 8.8),
995 5541 1046 5594 id
1071 5539 1310 5609 profecto
1338 5535 1588 5591 fecisset:
1621 5533 1744 5604 quia
1795 5545 1923 5586 vero

352 5642 500 5693 iitum
529 5636 596 5688 ad
631 5650 688 5690 se
713 5633 1004 5699 vocabant,
1051 5639 1104 5686 ct
1149 5639 1205 5685 ut
1235 5629 1438 5683 veniret
1474 5626 1760 5696 rogabant,
1803 5621 1921 5677 ideo

1376 264 1439 319 IN
1477 263 1785 320 ιολκκειι
1829 261 2050 317 11011111..
2095 261 2246 316 LXII.
2288 266 2357 320 al.
2401 265 2530 322 LXI.

3477 278 3580 336 518

2012 383 2417 450 obtemperavit,
2469 394 2524 436 ut
2565 385 2680 438 illas
2721 400 2751 437 a
2798 393 2902 438 tam
2947 386 3158 451 humili,
3207 405 3364 458 quam
3409 393 3477 447 de
3517 412 3577 450 se

2014 469 2296 536 habebant,
2343 473 2592 536 Opinione
2638 474 2963 540 retraheret,
3009 486 3062 530 et
3090 478 3156 532 ad
3187 479 3358 534 lucum
3391 486 3534 538 venit
3566 503 3580 538 :

2012 570 2064 614 et
2094 570 2270 616 tamen
2309 562 2433 616 dum
2477 579 2597 618 sese
2633 573 2980 634 attemperat.
3026 570 3260 625 ostendit
3301 587 3458 640 posse
3501 589 3582 635 se.

2009 651 2168 706 etiam
2189 651 2314 706 dum
2337 652 2532 707 absens
2558 665 2661 720 est,
2687 670 2910 721 sanare;
2942 658 3061 713 ideo
3088 661 3282 716 tardat.
3303 661 3416 718 Non
3439 665 3582 720 enim

2013 743 2223 813 vulgata
2269 745 2453 802 fuisset
2481 748 2650 816 gratia
2680 761 2903 817 repente
2931 753 3147 820 collata,
3189 756 3291 810 nisi
3337 756 3582 814 faetorem

2011 834 2295 890 emisisset.
2330 835 2397 892 Et
2438 836 2580 892 unde
2606 840 2809 894 sciebat
2839 842 3031 897 mulier
3069 845 3297 900 futuram
3342 862 3584 903 resurre-

2011 926 2286 982 ctionem‘!
2324 928 2579 985 Audierat
2605 930 2875 988 Christum
2906 935 3068 989 multa
3096 935 3164 991 de
3194 940 3589 995 resurrectione

2012 1014 2341 1084 loquentem,
2371 1019 2466 1078 sed
2499 1035 2639 1078 nunc
2667 1022 2852 1078 videre
2879 1025 3162 1096 cupiebat;
3215 1039 3270 1083 et
3298 1029 3420 1085 vide
3447 1047 3585 1101 qum

2012 1107 2172 1162 modo
2197 1107 2370 1165 adhuc
2396 1110 2541 1171 humi
2573 1122 2838 1168 versetur.
2857 1115 2990 1169 Cutn
3018 1117 3255 1172 audisset
3280 1121 3444 1186 enim,
3477 1121 3587 1192 Ego

2009 1213 2120 1250 sum
2147 1201 2442 1254 resurrectio
2462 1211 2508 1253 et
2535 1203 2657 1270 vita,
2683 1218 2788 1258 non
2816 1207 3108 1275 respondit.
3133 1208 3410 1266 Resuscita
3427 1228 3583 1274 eum;

2010 1284 2104 1340 sed
2135 1287 2302 1356 quid?
2327 1289 2488 1344 Credo
2513 1292 2632 1360 quia
2660 1302 2714 1345 tu
2741 1309 2793 1347 es
2820 1293 3052 1349 Christus
3083 1295 3248 1352 Filius
3277 1297 3391 1354 Dei.
3445 1301 3583 1368 Quid

2010 1392 2139 1446 ergo
2167 1377 2410 1434 Christus
2437 1380 2510 1435 illi
2532 1381 2664 1441 325.
2691 1383 2867 1438 Omnis
2892 1385 2979 1455 qui
3005 1387 3162 1440 credit
3188 1387 3241 1441 iu
3269 1405 3365 1454 me,
3391 1390 3586 1446 etiamsi

2011 1477 2237 1520 mortuus
2264 1469 2438 1538 fuerit,
2473 1471 2596 1524 viret
2620 1513 2634 1533 .
2665 1472 2711 1527 si
2752 1473 2851 1528 hac
2900 1490 3090 1546 nempe
3120 1487 3293 1533 morte
3337 1492 3580 1538 mortuus

2012 1557 2200 1626 fuerit;
2237 1559 2328 1622 26.
2356 1571 2404 1619 et
2442 1564 2606 1624 omnis
2630 1564 2716 1634 qui
2745 1565 2862 1624 vivit
2885 1575 2933 1619 et
2955 1567 3114 1621 credit
3139 1569 3190 1621 in
3221 1585 3320 1633 me,
3349 1587 3450 1624 non
3475 1588 3587 1626 nso-

2011 1649 2189 1713 rietur,
2213 1649 2299 1703 illa
2329 1650 2568 1710 videlicet
2594 1662 2786 1713 morte.
2803 1652 2937 1713 Cum
2962 1655 3121 1724 igitur
3146 1671 3247 1726 ego
3273 1657 3375 1713 situ
3409 1674 3585 1716 resur-

2013 1738 2202 1803 rcetio,
2232 1753 2298 1794 ne
2330 1740 2556 1800 turberis
2579 1742 2622 1804 si
2641 1742 2753 1812 jam
2778 1753 3016 1804 mortuus
3045 1743 3234 1812 fuerit,
3283 1747 3377 1802 sed
3401 1749 3581 1806 credo.

2012 1825 2137 1881 Ihec
2166 1827 2310 1882 enim
2353 1843 2460 1883 non
2503 1844 2650 1884 mors
2694 1841 2795 1885 est.
2843 1832 3058 1889 Interim
3098 1834 3242 1896 illam
3285 1837 3352 1892 de
3390 1847 3584 1898 eventu

2009 1918 2311 1972 consolatus
2338 1929 2440 1985 est,
2461 1934 2718 1990 spemque
2745 1921 2959 1991 adjecit,
2981 1931 3090 1978 tum
3117 1923 3300 1980 dicens
3318 1942 3440 1981 eum
3463 1943 3585 1982 esse

2011 2016 2458 2074 resurrecturum,
2510 2020 2619 2064 tum
2649 2012 2765 2066 lucc
2793 2012 3088 2082 proferens,
3144 2014 3253 2086 Ego
3277 2033 3388 2072 sunt
3413 2033 3582 2070 resur—

2009 2099 2204 2163 rectio;
2232 2106 2340 2152 tum
2367 2099 2527 2153 etiam
2559 2102 2700 2170 quia,
2743 2102 2788 2156 si
2819 2113 3061 2173 resurgat
3089 2113 3145 2160 et
3165 2104 3356 2162 iterum
3384 2107 3582 2163 molia-

2013 2197 2117 2251 tur,
2145 2187 2272 2242 nihil
2296 2189 2416 2242 mali
2450 2203 2702 2257 passurus
2727 2191 2818 2246 sit.
2852 2191 3033 2263 Itaque
3059 2208 3165 2249 non
3194 2204 3280 2250 est
3305 2195 3418 2250 lucc
3440 2211 3584 2251 mors

2012 2277 2376 2346 formidanda;
2405 2278 2505 2334 hoc
2533 2288 2634 2345 est,
2662 2280 2846 2352 Neque
2863 2282 2976 2353 ipse
3002 2293 3245 2340 mortuus
3273 2295 3377 2352 est,
3410 2302 3584 2358 neque

2011 2381 2107 2421 vos
2130 2368 2450 2431 moriemini.
2475 2369 2650 2428 Credis
2678 2372 2814 2436 hoc!
2839 2372 2922 2425 Ait
2946 2373 3040 2436 ilia
3068 2390 3086 2438 ς
3118 2373 3278 2438 Credo
3310 2377 3431 2447 quia
3457 2388 3508 2430 tu
3531 2396 3585 2441 es

2011 2455 2242 2515 Christus
2285 2456 2450 2521 Filius
2494 2459 2608 2530 Dei,
2653 2460 2739 2530 qui
2765 2461 2818 2514 in
2848 2462 3090 2525 mundum
3120 2464 3316 2526 venisti.
3365 2465 3585 2524 Videtur

2013 2547 2205 2601 mulier
2245 2547 2442 2611 Christi
2485 2548 2682 2608 dictum
2729 2565 2834 2604 non
2883 2551 3230 2614 intellexisse.
3263 2553 3416 2608 Novit
3438 2566 3585 2622 certe

2013 2653 2260 2708 magnum
2288 2655 2407 2696 esse
2446 2641 2737 2710 quidpiam,
2784 2641 2878 2697 scd
2925 2650 3094 2702 totum
3147 2661 3250 2699 non
3301 2645 3580 2710 intellexit.

2013 2730 2136 2793 Ideo
2163 2730 2231 2793 de
2257 2731 2355 2785 alia
2383 2747 2442 2792 re
2469 2733 2813 2802 interrogata,
2835 2733 2902 2796 de
2918 2735 3020 2798 alia
3046 2736 3352 2804 respondet.
3387 2736 3440 2791 Id
3459 2753 3586 2800 vero

2014 2820 2224 2876 interim
2256 2822 2454 2882 lucrata
2486 2831 2591 2890 est,
2619 2825 2759 2900 quod
2788 2825 2986 2883 luctum
3019 2836 3263 2896 poneret.
3299 2828 3422 2889 Ilare
3440 2829 3586 2900 quip-

2015 2929 2080 2982 pe
2109 2915 2276 2976 virtus
2320 2925 2406 2972 est
2435 2915 2721 2970 verborum
2758 2917 2978 2972 Christi.
3035 2919 3158 2973 Ideo
3186 2920 3270 2974 illa
3301 2923 3582 2989 praevenit,

2015 3005 2128 3059 haee
2176 3014 2396 3076 sequuta
2449 3015 2552 3064 est.
2626 3007 2755 3062 Nam
2822 3008 3196 3068 benevolentia
3255 3025 3380 3081 erga
3421 3013 3587 3083 magis

2013 3107 2182 3150 strum
2230 3111 2288 3150 re
2333 3098 2579 3166 praesenti
2626 3113 2728 3152 non
2762 3099 2986 3154 multum
3029 3099 3164 3152 affici
3217 3101 3575 3169 permittebat.

2014 3187 2194 3257 Itaque
2242 3202 2362 3242 cum
2407 3188 2572 3258 gratia
2621 3203 2773 3251 tuens
2819 3203 3034 3260 quoque
3083 3188 3364 3254 mulierum
3410 3190 3585 3261 philos

2012 3278 2358 3348 sophabatnr.

2087 3372 2140 3424 4.
2179 3369 2450 3425 Mulierum
2479 3370 2710 3448 planctus
2734 3380 2781 3425 et
2815 3373 2976 3431 tactus
3002 3371 3342 3433 immodestus.
3384 3400 3455 3412 --
3481 3370 3587 3428 Ve-

2014 3479 2130 3518 rum
2159 3478 2300 3526 nunc
2324 3504 2340 3530 ,
2366 3472 2562 3534 praeter
2603 3465 2703 3525 alia
2750 3463 2887 3519 mala
2908 3505 2923 3529 ,
2951 3462 3038 3518 hic
3066 3477 3277 3533 quoque
3303 3463 3584 3524 mulierum

2015 3555 2231 3610 morbus
2273 3554 2498 3618 obtinet.
2549 3554 2680 3610 Nam
2724 3555 2776 3613 in
2825 3556 2969 3609 luctu
3011 3562 3067 3610 ct
3104 3554 3316 3625 planctu
3351 3563 3583 3608 ostenta.-

2017 3649 2213 3707 tionem
2242 3649 2510 3716 affectant,
2534 3648 2751 3712 brachia
2775 3649 2974 3706 nudant
2995 3648 3036 3714 ι,
3062 3648 3238 3704 crines
3255 3646 3581 3717 discerpunt,

2015 3758 2178 3812 genas
2207 3740 2442 3805 laniant;
2469 3741 2587 3796 alia:
2610 3741 2680 3797 ob
2709 3739 2946 3795 dolorem
2971 3757 2986 3805 ;
3017 3738 3135 3800 alia:
3167 3737 3232 3801 ad
3271 3740 3586 3798 ostentatio-

2017 3849 2161 3901 nem;
2185 3832 2303 3888 alim
2327 3831 2594 3902 impudico
2619 3831 2799 3886 animo
2825 3830 3041 3886 brachia
3071 3829 3307 3894 nudant,
3339 3829 3467 3884 viris
3505 3831 3589 3881 in-

2018 3925 2310 3985 tuentibus,
2336 3922 2470 3991 Quid
2499 3923 2629 3977 facis
2652 3962 2667 3985 ,
2699 3937 2733 3976 ο
2759 3921 2990 3984 mulier?
3040 3921 3114 3985 Te
3152 3921 3204 3984 in
3250 3919 3427 3978 medio
3471 3919 3590 3973 loco

2020 4014 2244 4082 turpiter
2268 4012 2466 4076 nudas,
2499 4027 2616 4080 qua:
2643 4010 2840 4070 Christi
2873 4009 3170 4070 membrum
3219 4021 3278 4062 es
3302 4047 3318 4072 ,
3350 4007 3504 4080 idque
3535 4007 3586 4068 in

2020 4104 2134 4159 foro
2160 4103 2290 4158 viris
2323 4099 2714 4172 pnesentibus?
2742 4098 2928 4156 Crines
2972 4098 3186 4154 vellieas
3208 4136 3225 4166 ,
3274 4107 3472 4151 vestem
3508 4095 3589 4162 di-

2019 4195 2236 4260 scinctis,
2259 4208 2479 4263 magnos
2503 4193 2728 4261 eiulatus
2753 4191 2972 4256 emittis,
2992 4190 3240 4244 choream
3260 4189 3457 4243 circum
3475 4187 3589 4253 citi-

2019 4289 2124 4352 cis,
2156 4297 2210 4342 et
2247 4285 2544 4346 mamadum
2587 4283 2796 4338 illarum
2837 4281 3120 4352 imaginem
3156 4294 3340 4335 servas
3363 4319 3380 4346 ,
3414 4293 3510 4339 nec
3537 4288 3588 4331 te

2022 4387 2176 4448 putas
2219 4378 2382 4431 Deum
2431 4374 2744 4430 offendere?
2788 4373 2916 4440 Qua:
2954 4373 3040 4427 illa
3103 4372 3348 4426 insania?
3397 4372 3587 4429 Annon

2020 4468 2242 4540 gentiles
2280 4466 2782 4523 ridebunt?Aunon
2816 4463 3016 4520 fabulas
3060 4472 3240 4516 nostra
3283 4475 3401 4516 esse
3442 4471 3590 4528 puta-

2022 4563 2149 4614 bunt
2173 4559 2198 4598 ν
2228 4557 2413 4612 Dicent
2436 4556 2598 4620 enim,
2625 4554 2776 4616 Nulla
2811 4563 2893 4608 est
2921 4553 3276 4615 resurrectio;
3309 4551 3401 4612 sed
3429 4551 3586 4616 Clu-i-

2022 4652 2312 4706 stianorum
2343 4646 2588 4715 dogmata
2623 4644 2842 4705 ridicula
2873 4651 2995 4705 sunt
3019 4685 3035 4712 ,
3065 4641 3278 4704 fraudes
3299 4683 3313 4706 ,
3349 4639 3588 4704 fallat-im.

2025 4743 2102 4796 Ac
2125 4741 2168 4794 si
2195 4738 2336 4800 enim
2367 4737 2495 4796 nihil
2525 4749 2642 4807 post
2672 4737 2807 4790 hanc
2830 4736 2986 4796 vitam
3014 4734 3284 4803 supersit,
3311 4732 3378 4787 ita
3413 4731 3595 4800 lingunt

2022 4831 2161 4902 apud
2200 4830 2318 4884 illus
2354 4828 2638 4892 mulieres;
2684 4826 2815 4881 nihil
2841 4825 3121 4879 attendunt
3145 4823 3430 4894 Scriptnris
3457 4823 3589 4879 suis.

2024 4924 2299 4991 Figtnenta
2333 4928 2457 4973 sunt
2498 4919 2583 4973 illa
2611 4918 2785 4980 omnia
2816 4957 2832 4980 ,
2863 4927 2920 4976 tu.
2963 4915 3090 4984 ipsa:
3114 4913 3482 4984 comprobant.
3535 4913 3591 4966 Si

2024 5016 2166 5072 enim
2193 5014 2472 5074 crederent
2494 5026 2614 5066 eum
2641 5009 2729 5080 qui
2757 5016 2996 5062 mortuus
3018 5015 3099 5060 est
3121 5045 3138 5072 ,
3158 5020 3264 5061 non
3291 5019 3416 5059 vere
3445 5018 3593 5059 mor-

2028 5117 2172 5161 tuum
2199 5119 2319 5161 esse
2343 5145 2359 5168 ,
2389 5103 2482 5158 sed
2519 5101 2583 5155 ad
2616 5100 2890 5156 meliorem
2917 5097 3074 5152 vitam
3105 5097 3416 5157 translatum
3443 5109 3457 5158 ;
3487 5110 3591 5150 non

2027 5199 2178 5262 illum
2201 5198 2351 5269 quasi
2382 5197 2491 5266 jam
2517 5195 2654 5255 ultra
2683 5208 2788 5258 non
2815 5198 2957 5249 esset
2983 5190 3224 5260 lugerent
3243 5228 3260 5254 ,
3298 5201 3402 5241 non
3439 5187 3509 5240 ita
3536 5200 3596 5243 sa

2029 5297 2381 5355 ntacerarcnt,
2412 5301 2515 5341 non
2546 5284 2665 5339 illas
2703 5283 3006 5346 emitterent
3034 5294 3188 5335 voces
3217 5277 3597 5356 incredulitatis

2092 5445 2107 5475 ι
2145 5440 2236 5492 Alii
2259 5441 2458 5495 habent,
2483 5443 2750 5499 cruentam,
2778 5450 2880 5499 pro.
2899 5437 3100 5499 nudant.
3125 5442 3253 5484 More
3277 5447 3458 5497 nempe
3473 5445 3594 5499 gen:

2028 5503 2205 5565 tilium,
2228 5502 2311 5564 qui
2346 5503 2558 5563 pradicas
2590 5501 2638 5547 itt
2673 5495 3192 5565 funerajntlucebant,
3215 5495 3417 5565 quarum
3448 5495 3598 5565 ollieg

2028 5555 2268 5675 descripta
2305 5555 2416 5612 sunt
2450 5555 2604 5611 "t'outo
2642 5562 2811 5622 quinto
2841 5559 3148 5622 Antiquitatis
3191 5555 3460 5619 eiplanata:
3508 5556 3600 5616 sui}

2034 5639 2096 5676 un
2124 5638 2236 5672 nun.
