3984 6196
432 289 533 347 54⁸1

431 413 657 479 tuens:
690 404 805 460 Non
833 412 885 457 te
910 399 1138 469 amplius
1168 396 1357 450 videbo
1385 436 1399 458 ,
1440 407 1542 451 non
1576 401 1627 443 te
1662 380 2010 449 recuperaim.

435 476 652 555 l-‘abulaa
672 496 809 567 apud
840 496 961 549 illos
990 492 1169 547 omnia
1201 499 1342 542 sunt.
1374 484 1525 551 Quod
1552 483 1594 533 si
1620 476 1837 567 idquiid
1861 483 2019 538 caput

434 592 672 647 omnium
703 590 964 644 bonorum
988 594 1071 641 est
1097 599 1200 636 non
1225 579 1470 640 credunt,
1498 568 1677 659 multo
1698 568 1875 623 minus
1896 581 2016 617 ere-

435 684 565 741 dent
605 691 820 739 cetera.
853 681 967 737 Non
992 690 1097 734 tam
1138 672 1426 731 effeminati
1454 666 1678 741 gentiles
1703 672 1864 745 sunt:
1893 658 2021 714 ntul-

440 777 478 831 ti
508 775 646 846 apud
676 774 793 828 illos
822 771 1286 843 philosotihautur.
1318 762 1555 819 Audiens
1588 755 1802 828 gentilis
1830 752 2022 805 mulier

440 866 605 920 lilium
625 866 676 919 in
699 877 872 934 pugna
893 861 1171 927 cecidisse,
1191 858 1368 912 statim
1386 854 1652 909 sciscitata
1674 860 1775 909 est.
1794 860 2021 917 quomo-

437 958 510 1013 do
524 973 583 1013 se
600 972 688 1011 res
710 956 918 1025 publica
940 954 1158 1009 haberet
1178 950 1255 1022 (τι)
1276 940 1548 1017 ;aiiusque
1566 941 1911 1014 pltilosOphus
1928 952 2021 991 eo-

440 1060 681 1112 rouatus,
701 1060 754 1103 ut
777 1047 979 1101 audivit
1006 1046 1170 1100 filium
1191 1058 1286 1114 pro
1316 1042 1484 1111 patria
1511 1037 1791 1099 cecidisse,
1815 1034 2021 1087 sublata

439 1158 637 1198 corona
693 1142 992 1198 sciscitatus
1022 1149 1142 1192 uter
1193 1152 1256 1191 ex
1304 1135 1511 1189 duobus
1534 1174 1549 1195 .
1575 1146 1694 1214 cum
1725 1128 1843 1199 quis
1882 1137 2026 1181 esset

440 1234 737 1298 didicisset,
762 1246 1015 1287 coronam
1044 1231 1221 1284 statim
1254 1226 1511 1299 reposuit.
1543 1223 1689 1277 Multi
1721 1222 1773 1275 in
1801 1220 2022 1274 deorum

440 1337 660 1378 suorum
685 1322 941 1376 honorent
970 1320 1107 1374 ﬁlios
1131 1320 1371 1386 ﬁliasque
1398 1313 1708 1391 mactandos
1739 1310 2023 1365 tradidere.

444 1412 686 1467 hemina!
709 1421 887 1465 autem
932 1411 1183 1465 mulieres
1212 1408 1350 1475 filios
1376 1407 1658 1489 hortantur
1680 1446 1692 1468 ,
1729 1411 1783 1457 ut
1816 1410 2024 1456 scutum

441 1520 509 1561 ex
543 1505 728 1575 praelio
763 1504 1027 1571 referant,
1059 1503 1143 1558 vel
1175 1517 1338 1573 super
1367 1504 1539 1572 ipsum
1568 1498 1763 1553 mortui
1791 1494 2027 1551 referan-

442 1608 554 1653 tur.
585 1598 755 1653 Pudet
794 1615 880 1654 me
917 1598 987 1652 ita
1032 1598 1262 1668 gentiles
1303 1584 1714 1667 philosophari.
1757 1591 1883 1674 dum
1932 1607 2028 1647 nos

443 1692 674 1760 turpiter
700 1691 928 1761 agimus.
957 1690 1055 1759 Qui
1088 1688 1220 1745 nihil
1256 1690 1324 1745 de
1365 1682 1762 1765 resurrectione
1790 1690 1988 1739 norunt
2011 1724 2026 1744 .

446 1781 667 1851 perinde
705 1790 869 1852 agunt
914 1796 975 1835 ac
1021 1781 1065 1836 si
1116 1766 1379 1835 nossent:
1411 1765 1499 1850 qui
1546 1772 1739 1831 norun'i
1789 1790 2028 1831 resurre-

444 1871 676 1926 ctionem
696 1912 712 1937 ,
743 1872 812 1925 ita
857 1886 915 1926 se
938 1879 1130 1943 gerunt
1157 1887 1219 1927 ac
1247 1872 1290 1925 si
1340 1871 1480 1945 illam
1523 1871 1849 1951 ignorarent.
1882 1869 2030 1924 Multi

446 1962 588 2030 quod
617 1971 834 2032 propter
860 1962 1027 2018 Deum
1056 1978 1162 2017 non
1208 1964 1444 2033 facerent
1468 1979 1531 2018 ex
1567 1960 1801 2043 humano
1830 1962 2031 2031 pudore

447 2055 662 2109 faciunt.
718 2054 1098 2123 Opulentiores
1142 2056 1283 2109 enim
1342 2044 1595 2115 mulieres
1652 2054 1875 2123 capillos
1925 2070 2030 2107 non

446 2146 691 2210 vellunt,
723 2146 938 2200 brachia
971 2163 1077 2202 non
1120 2147 1358 2213 nudant;
1389 2147 1529 2216 quod
1558 2146 1771 2216 quidem
1803 2161 2035 2202 summo-

450 2251 581 2303 pere
608 2234 1015 2305 improhandum
1042 2280 1059 2304 ,
1096 2252 1202 2293 non
1225 2238 1366 2307 quod
1400 2254 1505 2293 non
1538 2238 1758 2309 nudent,
1791 2238 1883 2292 sed
1911 2238 2033 2307 quia

451 2341 559 2380 non
587 2327 799 2397 pietatis
840 2344 997 2383 causa
1028 2371 1043 2396 ,
1072 2345 1136 2385 ac
1167 2346 1233 2385 ne
1262 2320 1763 2398 turpes'videantur
1785 2371 1801 2397 ,
1837 2329 1935 2383 hoc
1968 2329 2036 2383 fa-

450 2419 615 2472 ciunt.
644 2418 819 2474 Pudor
846 2421 1043 2474 luctum
1064 2421 1301 2489 enhibet,
1335 2423 1427 2477 Dei
1454 2410 1627 2477 metus
1649 2438 1751 2477 non
1780 2422 2036 2497 cohibet?

454 2510 523 2565 Et
548 2510 815 2581 quomodo
846 2511 961 2567 hzec
1000 2528 1104 2566 non
1144 2511 1430 2573 admodum
1460 2512 1843 2583 improbanda?
1868 2512 2035 2581 Opor-

454 2609 592 2656 teret
612 2616 741 2674 ergo
767 2604 908 2673 quod
938 2604 1207 2674 opulenta:
1235 2601 1435 2658 faciant
1455 2605 1575 2673 quia
1602 2591 1866 2673 opulente
1891 2613 2033 2669 sunt,

455 2691 508 2747 id
540 2708 799 2763 pauperes
845 2696 914 2747 ob
942 2694 1037 2748 Dei
1067 2694 1313 2750 timorem
1344 2694 1540 2749 facere.
1576 2694 1725 2748 Nune
1753 2684 1928 2748 omnia
1960 2694 2039 2748 in-

457 2798 615 2838 verso
656 2784 843 2839 ordine
879 2785 1011 2839 liunt
1036 2802 1049 2839 :
1076 2786 1179 2839 illa:
1205 2786 1275 2840 ob
1308 2800 1496 2845 vanam
1543 2784 1767 2854 gloriam
1800 2784 2037 2854 philoso-

458 2874 728 2944 phantur,
777 2875 859 2929 ha:
908 2876 977 2931 ob
1030 2876 1521 2946 pusillanimitatem
1566 2877 1792 2946 turpiter
1853 2868 2037 2946 agunt.

456 2963 595 3031 Quid
620 2965 719 3020 hac
735 2965 1093 3036 intequalitate
1119 2959 1353 3049 deterius
1374 2967 1397 3041 2
1417 2967 1604 3023 Omnia
1634 2968 1906 3022 hominum
1925 2984 2044 3037 gra-

460 3058 534 3112 tia
576 3057 820 3114 facimus.
854 3058 1027 3115 Verba
1048 3048 1259 3131 quoque
1287 3061 1526 3117 stultitiae
1558 3060 1710 3130 plena
1746 3070 1800 3115 et
1822 3061 2043 3115 ridicula

459 3147 759 3219 proferunt.
794 3148 1048 3205 Dominus
1094 3140 1307 3223 quidem
1345 3151 1472 3207 dicit
1496 3170 1509 3205 :
1534 3152 1680 3206 Beati
1720 3153 1805 3219 qui
1834 3153 2042 3224 lugent,

463 3238 532 3294 de
565 3239 631 3295 iis
662 3240 884 3312 loquens
906 3284 922 3307 ,
976 3243 1064 3312 qui
1119 3234 1335 3318 peCcata
1388 3244 1603 3313 lugent:
1634 3260 1899 3316 nemoque
1957 3245 2047 3299 illo

466 3331 609 3403 luget
638 3333 780 3389 luctu
805 3375 820 3400 ,
854 3349 953 3389 nec
972 3344 1122 3393 curat
1148 3337 1191 3390 si
1222 3345 1404 3405 pereat
1427 3336 1636 3400 anima;
1666 3338 1766 3391 hoc
1792 3351 1894 3390 non
1914 3336 2047 3405 jussi

467 3441 653 3481 sumus
678 3426 877 3491 facere.
900 3437 955 3482 et
977 3426 1198 3485 facimus
1226 3432 1264 3481 ί.
1294 3429 1430 3495 Quid
1459 3444 1587 3500 ergo
1611 3471 1627 3497 ,
1666 3429 1873 3498 inquies
1904 3471 1917 3493 ,
1948 3428 2048 3484 ho-

471 3516 670 3571 minem
699 3515 899 3572 deﬂere
930 3533 1034 3572 non
1093 3519 1313 3573 licebit?
1339 3518 1450 3574 lloc
1472 3506 1577 3573 non
1600 3530 1723 3575 veto
1752 3562 1767 3586 ,
1800 3520 1893 3575 scd
1941 3531 2052 3576 tun~

471 3607 651 3662 siones
674 3648 690 3671 .
718 3605 814 3662 sed
845 3608 1225 3664 immoderatos
1265 3609 1444 3666 fletus.
1492 3610 1609 3665 Non
1648 3628 1764 3666 sum
1800 3611 2003 3666 ferinus
2032 3654 2048 3677 ,

472 3712 578 3755 non
606 3696 927 3755 inhumanus
955 3716 968 3752 :
1000 3700 1111 3754 scio
1143 3710 1384 3755 naturam
1409 3700 1570 3762 ﬂecti.
1604 3712 1658 3757 et
1688 3703 2050 3773 quotidianam

474 3790 747 3860 requirere
774 3792 1234 3852 consuetudinem.
1260 3793 1373 3849 Non
1399 3810 1681 3864 possumus
1711 3813 1813 3851 non
1848 3798 2050 3867 lugere,

476 3883 620 3954 quod
665 3893 719 3942 et
757 3882 1003 3943 Christus
1032 3888 1264 3942 ostendit
1297 3906 1310 3941 :
1341 3889 1661 3960 lacrymatus
1685 3891 1826 3945 cnim
1868 3901 1950 3946 est
1989 3891 2056 3946 de

481 3975 705 4035 Lazaro.
735 3976 848 4032 Hoc
885 3986 940 4033 et
987 3986 1040 4033 tu
1081 3978 1279 4033 facito!
1315 3980 1608 4052 lacrymarc
1633 4024 1647 4043 .
1686 3981 1779 4037 sed
1828 3983 2017 4037 leniter
2039 4026 2053 4046 ,

477 4066 570 4122 sed
605 4067 884 4136 pudenter,
910 4067 1004 4124 sed
1028 4085 1148 4124 cum
1183 4071 1371 4126 timore
1394 4073 1507 4127 Dei.
1544 4074 1596 4128 Si
1620 4074 1697 4128 sic
1726 4075 2055 4142 lacrymeris,

481 4158 923 4230 nonlaerymaris
963 4162 1113 4230 quasi
1166 4164 1609 4221 resurrectionem
1642 4181 1745 4219 non
1790 4166 2014 4223 credens
2038 4207 2053 4231 ,

479 4246 575 4303 sed
605 4246 754 4318 quasi
785 4250 1173 4320 separationem
1203 4268 1305 4306 non
1332 4254 1526 4308 fet-ens.

554 4339 608 4394 5.
650 4338 781 4396 Nam
827 4338 948 4396 illos
974 4342 1133 4397 etiam
1160 4344 1249 4414 qui
1283 4360 1504 4416 peregre
1548 4346 1959 4417 proﬁciscuntur
1985 4348 2062 4403 la-

481 4431 681 4502 crytuis
707 4434 1076 4505 prosequimur
1099 4477 1115 4499 ,
1145 4438 1238 4489 sed
1266 4452 1374 4491 non
1407 4438 1556 4508 quasi
1583 4438 1950 4510 desperantes.
1974 4440 2062 4496 Sic

483 4534 534 4579 ct
561 4532 614 4578 tu
644 4523 907 4595 lacrymas
931 4527 1114 4581 emitte
1138 4568 1154 4591 ,
1193 4543 1256 4583 ae
1279 4529 1323 4583 si
1370 4531 1797 4595 proﬁciscentem
1828 4534 2062 4603 prmmit-

485 4626 646 4672 tercs.
675 4615 799 4672 llaec
838 4634 942 4673 non
969 4619 1162 4687 iubens
1186 4662 1202 4686 ,
1249 4621 1342 4675 sed
1372 4622 1616 4679 humanm
1644 4640 1730 4679 me
1772 4626 2062 4680 infirmitati
2092 4616 2099 4625 ’

484 4717 847 4777 nttemperans
897 4709 1039 4766 dico.
1083 4709 1211 4765 Nam
1256 4712 1298 4765 si
1352 4725 1600 4781 peccator
1627 4726 1741 4771 erat
1780 4717 1825 4772 is
1850 4717 1939 4786 qui
1965 4716 2063 4772 de-

487 4792 699 4847 lunctus
721 4802 823 4857 est.
853 4793 942 4863 qui
972 4808 1115 4862 saepe
1141 4792 1303 4850 Deum
1338 4794 1639 4865 offenderit,
1661 4799 1939 4856 deﬂeudus
1966 4802 2065 4857 uti-

554 4904 569 4975 ξ
606 4901 796 4975 lq_aliis
818 4902 1018 4975 legitur.
1051 4918 1144 4975 ηρη
1159 4906 1289 4975 βιῳ
1304 4921 1476 4975 atauus
1494 4907 1655 4975 lugere
1677 4920 1722 4963 et
1747 4912 1979 4975 fugamus.

550 4964 623 5027 (α)
644 4964 760 5015 H:ec
782 4964 899 5027 puto
919 4966 1094 5017 referri
1117 4964 1179 5017 ad
1202 4968 1317 5019 illud
1341 4964 1695 5035 a'Opltth'tagma
1718 4964 1924 5027 Incitante
1943 4964 2067 5027 ﬁmu-

488 5026 771 5101 liurisnapud
792 5026 1096 5101 Phttarchum
1114 5044 1162 5092 p.
1188 5030 1273 5080 461
1478 5036 1605 5082 Paris
1630 5073 1643 5090 ,
1664 5048 1707 5101 β
1736 5049 1802 5101 p._
1818 5037 1929 5101 2H.
1954 5048 2067 5098 Qum

1151 5067 1162 5079 .
1188 5049 1273 5080 «η
1308 5049 1438 5083 Mil.
1478 5049 1605 5082 Paris
1630 5073 1643 5090 ,
1668 5049 1707 5083 8η
1736 5049 1783 5090 β.
1818 5049 1929 5088 τυ.
1954 5049 2067 5090 Ulla}

488 5044 627 5076 nuru
646 5044 771 5101 3pm
792 5044 1096 5100 rtutal'cnltm
1114 5044 1162 5092 p.
1188 5044 1273 5080 om
1308 5044 1448 5107 halt:
1478 5044 1605 5082 Puris
1630 5073 1643 5090 ,
1664 5048 1707 5106 βη
1736 5049 1783 5097 p.
1818 5044 1930 5110 2H.
1954 5048 2067 5098 Qum

487 5101 601 5163 cum
623 5087 746 5163 illius
758 5102 976 5163 quttupte
998 5091 1056 5163 ad
1079 5105 1292 5163 pugnam
1305 5102 1572 5163 _Bnll§l§el,
1594 5104 1645 5145 et
1663 5110 1709 5144 ιιι
1734 5099 1966 5163 suburluo
1983 5116 2068 5163 pu-

486 5161 599 5211 gnae
622 5152 808 5225 exitum
832 5152 1171 5225 exspectaret;
1178 5155 1416 5225 nuntianti
1440 5154 1698 5225 ﬁlim__su0s
1711 5174 1883 5225 Ollllics
1907 5161 1955 5212 in
1979 5152 2068 5225 pu-

605 5212 864 5285 cecidisse,
890 5212 995 5265 Vile
1028 5214 1860 5285 WﬁlM,-I‘GS|10ndll,_flOllﬁ0€
1882 5212 2070 5285 qud-rc-

603 5273 719 5351 ἐξινρᾲ
730 5272 939 5351 quqloco
957 5283 1111 5351 essent
1127 5272 1204 5351 res
1226 5272 1415 5351 ραιιξὶω.
1427 5272 1703 5351 uestigindet
1715 5281 1808 5351 ille
1824 5272 2068 5351 viderim:

493 5342 650 5407 penes
681 5340 937 5407 spartiatas
974 5349 1107 5407 esse.
1151 5348 1299 5407 tyana.
1328 5342 1490 5407 inquit
1515 5340 1625 5407 illa,
1651 5341 1861 5406 ﬁliorum
1885 5348 2068 5397 ca'dem

489 5406 582 5469 riga
605 5397 750 5469 incita
772 5397 933 5469 trudit).
960 5397 1097 5449 Alius
1134 5397 1446 5469 philosophus
1479 5403 1556 5469 hic
1588 5397 1882 5469 incruentas
1915 5407 2072 5458 Xeno-

488 5454 619 5569 ἰωῇ
652 5464 747 5506 est.
788 5456 925 5509 Hane
965 5472 1113 5522 porro
1134 5454 1388 5513 historiam
1427 5466 1583 5514 refert
1613 5464 1757 5529 Diog.
1785 5454 2069 5519 taen’iu'sVi—n

533 5518 813 5569 ettonhonte
844 5534 1016 5569 ναειιε
1037 5522 1200 5569 linem.
1226 5525 1318 5569 Hie
1340 5529 1621 5569 memoriter
1646 5527 1850 5569 ltitltmns
1874 5530 1906 5569 Γ
1912 5531 2069 5569 Ιιινπςιι.

533 5518 813 5595 etiopbonte
844 5518 1016 5595 versus
1037 5522 1200 5571 linem.
1226 5525 1318 5574 llic
1340 5529 1621 5577 memoriter
1646 5518 1850 5595 loquens
1874 5518 2071 5592 Chryse;

490 5589 691 5641 stoutms.
717 5594 823 5634 rem
845 5584 990 5650 paulo
1011 5597 1156 5636 serus
1180 5594 1357 5641 narrat.
1710 5584 1724 5595 '
1978 5584 1987 5592 ’
2024 5596 2031 5602 ‘

1162 276 1215 330 s.
1254 268 1533 332 JO.\N\.'iS
1566 250 2041 337 cnttvsosrotn

2148 248 2396 304 lClllEP.
2436 246 2968 305 CON’STANTINOP.

3601 244 3702 306 Bis

2127 360 2239 443 oue
2255 385 2375 439 est;
2408 378 2515 432 into
2557 393 2660 431 non
2709 364 2985 432 tlcilendus
3028 386 3229 444 tantum
3261 419 3274 437 ,
3324 393 3444 431 cum
3482 379 3531 429 id
3575 379 3701 432 nihil

2128 469 2227 536 ipsi
2252 468 2439 521 afferat
2464 470 2706 524 utiliuttis
2724 513 2741 536 ,
2766 469 2861 523 sed
2885 454 2947 524 ea
2980 469 3221 523 facienda
3249 479 3409 535 sunt,
3437 486 3553 539 quae
3578 487 3703 538 pos-

2127 560 2231 613 sint
2260 561 2404 614 iilum
2446 561 2670 629 iuvare,
2704 571 2769 630 ut
2807 562 3165 633 electnosynm
3189 604 3202 623 ,
3232 562 3546 618 oblaticines.
3577 564 3713 620 Hinc

2125 652 2285 707 etiam
2315 653 2602 708 lartandum
2628 664 2730 720 est,
2759 655 2901 724 quod
2924 654 3103 719 omnis
3134 655 3350 709 malitia!
3374 658 3583 710 occasio
3608 659 3707 723 ipsi

2126 743 2299 797 ablata
2331 745 2420 798 sit.
2463 743 2519 797 Si
2545 758 2674 798 vero
2695 745 2872 812 justus
2898 746 3008 811 sit,
3039 746 3417 803 ex5uitandum
3436 789 3453 812 ,
3484 751 3628 817 quod
3658 751 3709 802 in

2128 844 2242 889 tuto
2269 837 2339 890 sit
2377 836 2710 902 collocatus,
2738 846 2793 891 et
2814 836 2946 891 liber
2970 837 3038 891 ab
3063 838 3268 893 incerto
3317 838 3497 894 futuro
3528 850 3671 895 statu
3696 860 3710 895 :

2127 930 2170 982 si
2195 929 2405 996 juvenis
2437 932 2524 995 sit,
2548 929 2886 999 gaudendum
2913 929 3052 999 quod
3080 930 3187 983 cito
3217 941 3433 999 ereptus
3456 934 3524 986 sit
3553 932 3713 1002 huius

2128 1020 2249 1073 vita:
2279 1020 2464 1084 malis;
2492 1020 2537 1073 si
2567 1035 2755 1086 senex,
2785 1020 2927 1088 quod
2952 1036 3018 1076 eo
3040 1020 3239 1075 diutius
3268 1023 3338 1076 sit
3369 1039 3499 1077 usus
3525 1066 3540 1088 ,
3568 1025 3709 1094 quod

2133 1096 2360 1165 maxime
2390 1111 2743 1167 desiderabile
2788 1112 3087 1168 videbatur.
3118 1114 3198 1168 Tu
3231 1131 3357 1169 vero
3386 1115 3470 1169 his
3494 1130 3713 1185 praater—

2132 1202 2310 1255 missis
2331 1203 2599 1267 omnibus,
2631 1204 2852 1258 ancillas
2880 1204 2946 1259 ad
2977 1205 3172 1261 iuctmn
3204 1204 3393 1261 incitas
3422 1249 3437 1274 ,
3471 1208 3626 1277 quasi
3662 1211 3710 1265 in

2129 1292 2361 1347 defuncti
2394 1293 2654 1349 honorem
2680 1336 2695 1362 ,
2731 1296 2872 1365 quod
2899 1306 3192 1353 extremum
3219 1299 3455 1355 dedecus
3476 1311 3579 1355 est.
3614 1301 3714 1355 llo.

2133 1397 2232 1437 nor
2260 1385 2400 1439 enim
2441 1386 2695 1441 defuncto
2732 1395 2876 1450 sunt,
2924 1404 3029 1443 non
3071 1391 3225 1445 fletus
3251 1434 3265 1457 ,
3300 1408 3404 1447 non
3436 1394 3670 1462 ejnlatns
3696 1438 3709 1461 ,

2132 1478 2224 1531 sed
2252 1476 2571 1548 hymnorum
2619 1478 3051 1551 psalmorumqne
3106 1494 3296 1539 cantus
3340 1527 3353 1547 .
3404 1489 3713 1558 optimaque

2131 1568 2260 1623 vita.
2290 1569 2383 1624 ille
2411 1584 2640 1639 namque
2668 1569 2942 1640 digressus
2983 1588 3104 1628 cum
3143 1576 3347 1645 angelis
3374 1580 3675 1634 versabitur
3695 1620 3709 1643 ,

2133 1659 2343 1715 etiamsi
2376 1660 2551 1716 funeri
2574 1677 2730 1716 nemo
2756 1661 2933 1718 adsit:
2967 1667 3054 1734 qui
3090 1681 3248 1735 porro
3286 1668 3566 1737 improbus
3608 1687 3708 1725 tuo~

2132 1752 2271 1806 ritur
2294 1794 2307 1815 ,
2341 1754 2439 1806 etsi
2485 1762 2647 1807 totam
2678 1754 2946 1809 civitatem
2970 1756 3237 1827 exsequiis
3270 1769 3590 1828 prtesentcm
3620 1761 3708 1821 ha.

2134 1843 2276 1911 beat,
2307 1844 2439 1901 nihil
2468 1845 2592 1903 inde
2613 1847 2929 1903 lucrabitur.
3150 1851 3154 1854 ’

2207 1937 2446 2009 Defuncti
2486 1942 2736 2009 quomodo
2763 1943 2861 1996 sint
2892 1942 3273 1995 Itonorandt'.—
3293 1943 3384 1997 Vis
3410 1944 3710 2001 defunctum

2135 2028 2535 2086 cohonestare?
2579 2033 2693 2086 Alia
2739 2033 2953 2094 adhibe.
2980 2036 3391 2106 eleemosynas,
3438 2038 3704 2101 beneficia.

2137 2122 2456 2178 ministeria.
2504 2124 2640 2191 Quid
2690 2138 2755 2180 ex
2810 2137 2885 2181 tot
2933 2127 3144 2182 ﬂetibus
3190 2130 3366 2186 lucri?
3414 2130 3520 2201 Ego
3563 2134 3703 2187 aliud

2138 2216 2353 2283 gravius
2383 2215 2559 2270 audivi
2590 2235 2603 2268 :
2633 2218 2825 2273 multas
2854 2235 3046 2290 nempe
3098 2234 3219 2276 esse
3250 2238 3368 2291 qua:
3420 2239 3508 2294 per
3554 2224 3706 2278 fletus

2139 2316 2405 2362 amatores
2434 2310 2673 2363 alliciunt
2696 2353 2711 2376 ,
2740 2308 2864 2366 dum
2897 2312 3229 2367 vehementia
3261 2315 3434 2369 luctus
3460 2318 3710 2372 maritalis

2139 2402 2336 2456 amoris
2368 2404 2558 2458 famam
2603 2404 2702 2459 sibi
2751 2417 3081 2476 eontparant.
3116 2407 3159 2462 Ο
3187 2408 3513 2464 diabolieum
3536 2412 3712 2465 inven-

2143 2504 2253 2547 tum
2280 2497 2293 2549 ε
2326 2493 2369 2550 0
2396 2497 2688 2554 satanicum
2730 2498 3010 2553 artiﬁcium
3037 2502 3049 2555 !
3077 2500 3364 2572 Usquequo
3399 2513 3542 2558 terra
3570 2514 3625 2559 et
3646 2505 3717 2558 ci-

2144 2589 2225 2650 nis
2250 2631 2265 2653 ,
2298 2604 2572 2662 ustluequo
2610 2594 2830 2664 sanguis
2855 2604 2907 2649 et
2933 2609 3057 2649 caro
3083 2596 3281 2651 erimus
3303 2598 3328 2649 ι
3354 2597 3717 2668 Respiciamus

2144 2681 2195 2736 in
2225 2683 2385 2737 eteius
2412 2725 2428 2750 ,
2479 2684 2775 2754 spiritualia
2817 2688 3129 2756 cogitemus.
3177 2688 3459 2754 Quomodo
3502 2693 3717 2760 gentiles

2144 2774 2425 2845 argttemus
2452 2777 2476 2829 ἲ
2504 2776 2783 2842 Quomodo
2811 2777 2878 2833 de
2907 2780 3295 2835 resurrectione
3330 2796 3453 2835 cum
3482 2782 3589 2837 illis
3613 2798 3721 2849 age.

2146 2884 2263 2923 ltlllS
2288 2911 2304 2935 ,
2333 2872 2600 2940 quomodo
2637 2871 2705 2926 de
2742 2872 3067 2928 virtutibus?
3107 2874 3217 2941 Qua
3257 2878 3550 2931 securitate
3595 2878 3723 2931 vive.

2148 2961 2319 3015 mus?
2363 2964 2440 3017 Au
2491 2963 2703 3033 ignoras
2746 2981 2810 3018 ex
2840 2981 3072 3021 mmrore
3120 2970 3405 3036 provenire
3453 2972 3722 3023 mortem?

2150 3049 2315 3125 Dolor
2354 3052 2496 3107 enim
2542 3065 2774 3109 mentem
2825 3056 3183 3112 obteuebrans
3211 3100 3226 3123 ,
3271 3074 3377 3113 non
3408 3060 3572 3115 modo
3599 3060 3723 3113 nihil

2151 3152 2209 3195 ut
2236 3158 2332 3211 par
2357 3155 2497 3198 esset
2538 3146 2718 3203 videre
2748 3146 2877 3202 sinit
2899 3190 2913 3212 ,
2946 3152 3039 3207 sed
3086 3153 3308 3207 multum
3337 3153 3499 3208 infcrl
3525 3153 3723 3208 damni.

2154 3236 2246 3293 Illo
2274 3239 2452 3307 itaque
2485 3240 2643 3297 modo
2673 3242 2836 3297 Deum
2864 3244 3205 3310 ollendimus,
3242 3260 3303 3300 ac
3332 3261 3505 3316 neque
3537 3248 3691 3301 nobis
3712 3288 3725 3312 ,

2154 3345 2327 3399 neque
2373 3330 2625 3385 defuncto
2671 3349 2985 3402 prosumus:
3016 3337 3114 3391 hac
3168 3348 3345 3392 autem
3386 3340 3597 3394 ratione
3630 3339 3730 3393 Deo

2155 3421 2428 3491 placemus
2451 3465 2466 3487 ,
2500 3434 2553 3478 et
2594 3425 2661 3479 ab
2692 3425 2993 3483 hominibus
3015 3429 3367 3485 celebramur.
3400 3430 3534 3487 Nam
3564 3433 3609 3486 si
3639 3449 3727 3489 nos

2156 3532 2264 3571 non
2286 3518 2630 3572 concidamus
2655 3562 2668 3584 ,
2695 3520 2802 3575 cito
2835 3508 3080 3577 narraris
3115 3523 3369 3591 reliquias
3401 3526 3578 3580 aufert
3608 3543 3621 3582 :
3652 3527 3728 3579 sin

2158 3608 2494 3679 indignemur
2520 3651 2534 3671 ,
2580 3626 2678 3667 nos
2718 3610 2889 3668 dolori
2940 3613 3092 3683 quasi
3130 3612 3401 3668 dedititios
3436 3615 3632 3669 reddit.
3677 3617 3729 3669 Si

2158 3701 2357 3770 gratias
2386 3716 2626 3771 agamus,
2654 3718 2759 3758 non
2785 3703 3102 3759 delebimus.
3138 3705 3207 3760 Et
3228 3707 3500 3775 quomodo
3527 3718 3696 3776 potest
3713 3750 3727 3770 ,

2162 3792 2386 3865 inquies,
2418 3808 2523 3847 non
2546 3794 2725 3862 lugere
2748 3834 2764 3857 ,
2790 3796 2877 3864 qui
2924 3793 3109 3871 lilium,
3138 3805 3230 3849 aut
3264 3795 3423 3851 ﬁliam
3448 3838 3465 3863 ,
3486 3808 3581 3851 aut
3609 3814 3709 3851 uxu

2159 3900 2273 3951 rem
2304 3886 2527 3939 amisit?
2554 3886 2667 3940 Non
2706 3887 2826 3941 dico
2870 3868 2974 3940 non
3004 3886 3307 3956 lugendum,
3338 3888 3433 3941 sed
3477 3903 3585 3943 non
3624 3866 3732 3943 sine

2163 3978 2322 4033 modo
2352 3980 2640 4049 lugendum
2670 3995 2810 4035 esse.
2839 3980 2894 4034 Si
2925 3981 3065 4034 enim
3096 3981 3391 4049 cogitemus
3421 3982 3590 4036 Deum
3616 3982 3724 4035 abs—

2163 4074 2345 4130 tulisse
2365 4114 2380 4136 .
2411 4090 2612 4143 nosque
2642 4091 2736 4129 seu
2764 4073 2931 4130 virum
2965 4091 3059 4129 seu
3103 4076 3265 4129 ﬁlium
3317 4077 3599 4131 mortalem
3652 4074 3734 4129 h”-

2166 4166 2312 4231 bere,
2340 4167 2447 4220 cito
2487 4168 3282 4223 consolationemadnuttemus.
3308 4167 3579 4236 lndignari
3607 4183 3741 4221 nan;-

2163 4276 2268 4329 que
2298 4271 2381 4314 est
2406 4274 2591 4314 eorum
2618 4261 2706 4330 qui
2734 4261 2907 4328 majus
2933 4262 3203 4331 quidpiam
3230 4262 3513 4333 requirunt
3537 4307 3554 4327 ,
3587 4282 3737 4333 quam

2167 4359 2352 4404 natura
2382 4349 2535 4405 ferat.
2571 4351 2741 4405 Homo
2771 4362 2825 4406 et
2865 4354 3104 4408 mortalis
3149 4365 3304 4408 natus
3325 4371 3387 4409 es
3411 4398 3426 4417 .
3473 4373 3572 4410 cur
3599 4358 3738 4411 doles

2164 4442 2304 4512 quod
2329 4441 2620 4498 secundum
2662 4453 2904 4498 naturam
2944 4445 3269 4514 contigerit?
3310 4448 3391 4501 An
3412 4447 3565 4501 doles
3603 4449 3737 4517 quod

2164 4535 2418 4590 comedas
2437 4534 2503 4589 ad
2532 4535 2693 4590 vitam
2721 4536 3082 4591 servandam?
3105 4538 3239 4592 Num
3264 4541 3460 4608 quaeris
3485 4541 3607 4595 sine
3625 4543 3740 4594 cibo

2167 4627 2393 4683 vivere?
2416 4626 2505 4682 Sic
2529 4628 2670 4682 circa
2700 4637 2930 4683 mortem
2955 4628 3114 4683 facito
3134 4671 3148 4692 ,
3175 4645 3273 4684 nec
3299 4645 3508 4699 quaeras
3540 4630 3739 4685 itnmorr

2168 4720 2449 4784 talitatem.
2477 4720 2718 4777 mortalis
2744 4736 2862 4775 cum
2890 4722 2985 4776 sis.
3017 4721 3129 4777 lloc
3152 4724 3318 4777 semel
3347 4722 3620 4778 deﬁnitum
3643 4732 3737 4777 est.

2170 4813 2246 4869 Ne
2272 4814 2453 4869 doleas
2484 4856 2498 4878 ,
2532 4830 2599 4869 ne
2628 4824 2698 4869 ~te
2737 4830 2982 4871 maceres
3011 4856 3025 4880 ,
3054 4816 3145 4871 sed
3170 4816 3247 4871 fer
3271 4833 3333 4870 ea
3365 4832 3483 4887 qua:
3502 4817 3740 4872 omnibus

2170 4915 2368 4962 statuta
2402 4916 2547 4963 sunt.
2581 4906 2708 4961 Dele
2749 4907 2818 4961 de
2869 4908 3118 4976 peccatis.
3168 4906 3262 4962 llic
3301 4909 3537 4979 optimus
3579 4909 3741 4963 lectus

2171 5006 2254 5052 est
2278 5038 2294 5062 ,
2326 4997 2443 5053 haac
2492 5000 2720 5052 maxima
2770 4998 3122 5069 philosophia.
3156 4999 3281 5056 limc
3322 5016 3452 5069 ergo
3495 5008 3740 5070 perpetuo

2171 5090 2460 5145 defleamus
2485 5131 2497 5152 ,
2529 5100 2585 5144 ut
2614 5091 2721 5145 illic
2749 5092 3002 5160 gaudium
3042 5105 3436 5161 maseqnamur
3460 5134 3474 5157 ,
3502 5092 3665 5161 gratia
3695 5101 3742 5153 et

2175 5185 2498 5252 benignitate
2527 5184 2735 5238 Domini
2765 5186 2931 5238 nostri
2967 5184 3093 5240 Jesu
3123 5182 3321 5245 Οιιτῑςιι
3342 5225 3358 5251 ,
3384 5186 3468 5243 cui
3506 5184 3669 5261 gloria
3690 5182 3738 5243 in

2172 5279 2365 5336 saecula
2397 5278 2731 5336 szcculorutn.
2764 5277 2954 5335 Amen.
