4094 6204
377 395 1819 424 W

1399 276 1462 332 IN
1501 274 1808 332 JOANNEM
1850 273 2075 330 IIOMIL.
2119 273 2302 330 LXIII.
2343 276 2412 331 al.
2451 275 2611 332 LXII.

3538 291 3644 348 350

3204 400 3648 432 —_._,..___.

1680 455 2026 516 HOMILIA
2067 453 2291 513 LXIII.

373 635 499 690 CAP.
530 635 618 688 11.
647 649 698 687 v.
728 634 816 688 50.
877 632 1118 686 Nondum
1155 640 1322 682 autent
1363 635 1562 680 venerat
1591 625 1740 676 Iesus
1780 624 1831 674 in
1863 637 1951 672 rn-

445 725 670 791 stellum,
709 724 796 777 sed
828 723 998 776 eratin
1033 722 1160 785 loco,
1197 721 1282 773 ubi
1303 717 1518 772 occurrit
1545 717 1590 768 ei
1623 714 1943 767 Martha.51.

442 815 614 869 Iudici
641 826 806 868 autem
826 856 840 879 ,
869 816 954 883 qui
974 824 1114 867 erant
1142 829 1254 865 cum
1284 811 1374 864 illa
1392 851 1406 876 ,
1438 819 1544 863 etc.

444 909 496 960 1.
529 905 831 960 Diuitiarum
857 915 1169 974 contemptus
1205 905 1354 956 etiam
1374 902 1428 953 in
1457 907 1551 952 hoc
1581 899 1684 951 vita
1713 897 1948 948 utilis.—

377 999 618 1069 Magnnm
675 997 868 1056 bonum
898 1007 977 1051 cst
1027 989 1814 1090 philosophia:“philosotihiam
1862 987 1945 1040 tli-

375 1102 440 1141 co
470 1097 701 1142 nostram
723 1129 740 1153 ,
771 1104 877 1141 non
923 1097 1220 1142 externam.
1250 1083 1479 1139 Gentilis
1516 1081 1656 1180 enim
1701 1079 1943 1180 philoso:

371 1174 491 1243 phia
540 1176 698 1229 verba
725 1185 779 1229 et
818 1175 1010 1230 fabula
1050 1182 1173 1228 sunt
1201 1192 1213 1227 :
1263 1173 1556 1240 fabulaeque
1585 1170 1686 1222 illae
1717 1168 1846 1249 nihil
1876 1167 1943 1220 ad

371 1264 757 1336 philosophiam
780 1269 1064 1336 pertinent.
1088 1264 1276 1320 Omnia
1298 1263 1496 1361 quippe
1521 1260 1661 1361 apud
1685 1260 1804 1361 illos
1829 1259 1942 1361 glo-

368 1356 462 1408 riae
498 1370 657 1410 causa
688 1357 835 1410 fiunt.
871 1357 1116 1426 Magnum
1152 1359 1324 1424 itaque
1364 1354 1560 1408 bonum
1613 1349 1940 1452 philosophia

368 1455 446 1498 est
474 1484 489 1507 ,
521 1461 638 1514 quae
682 1445 833 1499 nobis
871 1447 953 1500 vel
986 1446 1037 1502 in
1084 1445 1181 1500 hac
1210 1445 1313 1498 vita
1345 1443 1512 1498 vicem
1551 1456 1700 1496 suam
1747 1440 1938 1495 reddit.

365 1534 497 1588 Nam
519 1536 606 1604 qui
628 1535 838 1589 divitias
858 1535 1176 1600 contemnit,
1205 1534 1313 1604 jam
1341 1534 1427 1589 hic
1453 1534 1730 1588 utilitatem
1754 1532 1939 1586 decer-

367 1625 462 1692 pit,
487 1625 766 1695 superiluis
785 1626 1162 1696 inutilibusque
1180 1627 1324 1681 curis
1349 1640 1565 1680 vacuus.
1590 1625 1688 1691 Qui
1712 1625 1934 1694 gloriam

362 1717 566 1776 calcat.
596 1715 708 1784 jam
737 1715 824 1772 hic
869 1717 1169 1772 mercedem
1199 1731 1348 1771 suam
1393 1716 1618 1784 recipit,
1649 1731 1768 1769 cum
1815 1715 1934 1768 nul-

363 1806 464 1860 lius
493 1809 563 1860 sit
587 1822 770 1880 servus
788 1849 804 1874 ,
842 1810 934 1864 sed
963 1824 1085 1863 vera
1114 1810 1351 1864 libertate
1380 1809 1533 1862 liber.
1566 1808 1665 1874 Qui
1697 1807 1932 1862 ca~lestia

365 1896 657 1964 desiderat,
684 1899 767 1952 hic
786 1901 1060 1968 praemium
1079 1901 1290 1969 accipit,
1318 1915 1437 1955 cum
1455 1899 1736 1970 prmsentia
1756 1899 1933 1952 omnia

362 1986 491 2040 nihil
520 2001 638 2042 esse
664 1989 966 2054 existimet,
997 1999 1049 2045 et
1079 1989 1318 2044 dolorem
1349 2004 1560 2044 omnem
1591 1989 1740 2042 facile
1769 2001 1931 2054 supe-

362 2086 460 2131 ret.
495 2078 572 2132 En
606 2079 762 2148 igitur
809 2081 1086 2136 mulierem
1139 2080 1637 2151 philosophantem,
1683 2095 1802 2148 qua:
1846 2078 1932 2132 hic

361 2167 655 2222 mercedem
698 2182 846 2223 suam
896 2171 1120 2240 accepit.
1156 2169 1288 2224 Cum
1319 2171 1459 2224 enim
1490 2170 1686 2238 lugenti
1715 2178 1766 2223 et
1793 2184 1927 2221 mm-

358 2257 492 2310 renti
537 2272 725 2311 omnes
768 2259 1098 2326 assiderent,
1144 2275 1248 2314 non
1295 2259 1621 2328 exspectavit
1649 2258 1714 2311 ad
1745 2272 1802 2311 se
1842 2273 1932 2309 ve-

359 2348 589 2402 nientem
617 2349 918 2418 Magistrum
938 2391 954 2416 ,
993 2366 1164 2419 neque
1192 2351 1500 2421 dignitatem
1535 2350 1806 2412 servavit,
1838 2365 1930 2404 ne-

357 2452 458 2506 que
487 2439 625 2490 luctu
656 2439 866 2494 detenta
912 2440 1027 2495 fuit.
1067 2441 1198 2495 Nam
1233 2451 1426 2510 prteter
1451 2442 1587 2497 hanc
1616 2441 1884 2495 miseriam
1909 2483 1922 2503 ,

356 2541 472 2593 qum
503 2528 678 2596 lugent
700 2569 714 2593 ,
748 2529 848 2584 hoc
886 2531 1072 2584 morbo
1103 2531 1346 2586 laborant
1374 2531 1511 2598 quod
1541 2530 1706 2585 velint
1731 2545 1760 2583 a
1791 2545 1928 2600 prae-

357 2616 592 2670 sentibus
621 2617 671 2671 in
721 2619 920 2672 honore
963 2619 1163 2674 haberi.
1210 2619 1374 2675 Secus
1403 2620 1487 2673 illa
1509 2660 1524 2684 ,
1558 2619 1734 2674 Statim
1768 2629 1928 2688 atque

356 2707 584 2774 audivit,
617 2710 721 2762 cito
749 2711 890 2764 venit
919 2712 982 2764 ad
1013 2712 1177 2766 illum.
1210 2711 1367 2766 Jesus
1401 2720 1578 2766 autem
1606 2711 1841 2767 nondum
1874 2712 1925 2764 in

356 2798 523 2848 vicmn
551 2798 858 2853 advenerat.
890 2800 1057 2855 Lento
1085 2803 1225 2856 enim
1253 2801 1420 2872 gradu
1447 2803 1693 2858 veniebat
1717 2845 1730 2866 ,
1764 2819 1830 2857 ne
1859 2803 1923 2856 ad

355 2885 558 2953 signum
603 2887 862 2942 edendum
911 2904 1192 2946 accurrere
1231 2892 1535 2956 videretur,
1568 2891 1663 2946 sed
1711 2902 1924 2961 rogatus

354 2977 554 3031 venire.
588 2978 680 3033 Vel
709 2983 808 3035 hoc
832 2983 1166 3038 subindicare
1194 2985 1303 3037 vult
1331 2987 1655 3053 evangelista
1686 3000 1802 3038 cum
1824 2986 1920 3049 ait,

353 3068 460 3120 cito
499 3071 791 3125 surrexisse
832 3074 971 3126 illam
998 3091 1012 3138 ;
1045 3076 1123 3130 vel
1155 3077 1388 3130 declarat
1419 3077 1487 3129 ita
1518 3079 1833 3141 accurrisse,
1868 3087 1924 3131 ut

358 3157 647 3212 adventum
691 3165 807 3227 ejus
851 3173 1214 3231 praeverteret.
1249 3166 1401 3220 Venit
1429 3177 1603 3221 autem
1637 3183 1739 3220 non
1768 3168 1876 3221 sola
1906 3209 1919 3231 ,

353 3245 446 3298 sed
469 3262 589 3299 cum
610 3247 807 3302 Iudaeis
831 3253 919 3318 qui
951 3253 1092 3306 domi
1119 3264 1286 3308 erant.
1319 3257 1385 3309 Et
1415 3271 1663 3325 perquam
1697 3258 1920 3326 pruden-

353 3334 502 3388 terei
528 3349 680 3388 soror
700 3338 834 3392 clam
865 3340 1093 3408 Magistri
1126 3345 1411 3399 adventum
1465 3347 1813 3417 significavit,
1855 3363 1921 3404 ne

351 3431 548 3476 emtum
578 3427 816 3483 turbaret
842 3447 854 3482 :
888 3446 1059 3500 neque
1079 3435 1324 3504 surgendi
1352 3451 1564 3491 causam
1587 3439 1718 3492 dixit
1743 3457 1754 3492 :
1787 3441 1920 3493 alio-

349 3514 474 3581 quin
525 3517 672 3568 multi
718 3523 1082 3577 recessissent.
1127 3525 1277 3581 Nunc
1322 3537 1498 3582 autem
1542 3530 1684 3583 illam
1733 3547 1918 3586 omnes

349 3603 499 3668 quasi
527 3605 591 3658 ad
623 3606 819 3662 luctum
871 3613 1292 3679 proficiscentem
1323 3629 1616 3686 sequuntur
1645 3639 1656 3674 :
1697 3632 1748 3674 et
1781 3620 1917 3677 forte

352 3690 474 3746 hinc
499 3694 656 3749 etiam
682 3709 946 3754 mortuum
975 3703 1134 3758 fuisse
1155 3705 1412 3761 LaZarum
1436 3709 1796 3766 confirmatur.
1824 3714 1914 3768 59..

350 3781 417 3834 Et
445 3785 660 3852 procidit
685 3787 753 3839 ad
772 3789 921 3857 pedes
945 3793 1074 3861 ejus.
1108 3794 1416 3851 Ferventior
1443 3799 1556 3855 haec
1579 3813 1691 3855 erat
1713 3843 1725 3865 ,
1758 3820 1914 3872 quam

349 3887 500 3928 soror
521 3875 654 3943 ejus.
677 3877 791 3932 Non
817 3881 1023 3935 turbam
1049 3887 1272 3940 reverita
1296 3897 1398 3952 est,
1429 3905 1532 3944 non
1556 3895 1914 3962 suspicionem

349 3980 503 4032 quam
526 3970 663 4022 circa
687 3969 830 4024 illutn
855 3973 1119 4028 habebant
1149 3978 1327 4046 (Multi
1351 3982 1492 4035 enim
1522 3984 1616 4051 ipsi
1639 3997 1789 4039 erant
1812 3988 1916 4041 ini-

349 4055 468 4108 mici
492 4056 578 4122 qui
609 4057 889 4114 dicebant:
924 4063 1044 4116 Non
1067 4077 1260 4133 poterat
1282 4069 1384 4135 hic,
1419 4074 1506 4140 qui
1526 4077 1722 4142 aperuit
1745 4079 1916 4130 oculos

347 4143 464 4195 caeci
493 4145 618 4211 nati,
651 4149 812 4216 facere
835 4161 888 4202 ut
910 4152 990 4204 hic
1016 4171 1116 4207 non
1147 4169 1422 4212 moreretur
1445 4160 1634 4231 (latin.
1657 4167 1743 4218 il.
1770 4167 1835 4220 57
1859 4169 1917 4236 )"

347 4230 447 4284 Sed
491 4247 750 4300 praesente
792 4238 1040 4308 Magistro
1089 4243 1372 4300 humanam
1412 4230 1623 4306 omnem
1657 4255 1914 4311 rationem

347 4323 551 4390 expulit
570 4365 583 4386 ,
618 4343 883 4397 unumque
908 4335 1124 4388 curabat
1149 4336 1380 4407 Magistri
1406 4341 1681 4398 honorem.
1707 4347 1772 4401 Et
1791 4352 1914 4418 quid

346 4410 514 4467 dicit?
538 4417 758 4472 Domine
777 4461 792 4485 ,
819 4423 863 4474 si
901 4423 1080 4490 fuisses
1106 4426 1214 4489 hic,
1259 4433 1420 4500 frater
1446 4449 1583 4489 meus
1612 4453 1711 4491 non
1741 4441 1916 4508 fuisset

349 4515 575 4560 mortuus
594 4507 754 4578 (Ibid.
779 4527 826 4564 υ.
857 4513 971 4583 2|).
992 4517 1124 4582 Quid
1142 4535 1270 4575 vero
1287 4519 1527 4580 Christus
1545 4528 1566 4580 2
1586 4528 1724 4584 Nihil
1742 4507 1918 4591 adhuc

345 4607 463 4648 cum
494 4595 582 4649 illa
614 4599 867 4669 loquitur,
901 4619 1071 4675 neque
1097 4608 1228 4664 dixit
1255 4612 1441 4668 eadem
1487 4632 1604 4684 quae
1631 4622 1800 4676 sorori
1830 4623 1914 4677 di-

346 4694 493 4740 xerat
534 4687 727 4755 (turba
753 4693 949 4762 quippe
989 4698 1151 4752 multa
1200 4701 1416 4767 aderat,
1449 4717 1503 4762 et.
1532 4723 1635 4763 non
1661 4722 1777 4766 erat
1804 4713 1918 4770 haec

350 4775 600 4845 loquendi
629 4787 907 4852 tempus);
940 4788 1030 4843 sed
1062 4805 1120 4844 se
1144 4803 1459 4866 attemperat
1479 4815 1541 4854 ac
1563 4802 1799 4873 dimittit,
1831 4817 1913 4860 at-

344 4879 449 4931 que
475 4867 757 4926 humanam
781 4874 880 4928 sibi
911 4889 1150 4935 naturam
1178 4898 1296 4940 esse
1324 4887 1624 4958 declarans,
1660 4897 1918 4964 tantisper

348 4953 688 5025 lacrymatur,
712 4971 765 5015 et
791 4965 996 5033 signum
1020 4970 1198 5026 diﬂ'ert
1220 4975 1449 5032 interim.
1478 4981 1610 5047 Quia
1634 4985 1775 5038 enim
1806 5003 1917 5040 ma-

345 5056 506 5110 gnum
535 5058 651 5100 erat
679 5051 992 5110 miraculum
1012 5098 1026 5123 ,
1056 5069 1113 5114 et
1157 5066 1312 5132 quale
1360 5084 1480 5124 raro
1518 5071 1749 5140 fecerat,
1782 5079 1918 5132 mul-

349 5133 493 5201 tique
522 5151 618 5203 per
645 5137 768 5193 illud
800 5145 1049 5200 credituri
1079 5163 1228 5206 erant
1262 5157 1277 5186 ¹
1303 5196 1318 5220 ,
1353 5173 1419 5212 ne
1446 5159 1490 5212 si
1521 5162 1670 5216 turba
1699 5163 1918 5222 absente

349 5219 544 5274 factum
572 5236 746 5290 esset,
778 5245 883 5283 non
927 5235 1237 5294 crederetur
1256 5284 1269 5306 ,
1300 5245 1536 5314 nihilque
1565 5250 1668 5304 illis
1697 5255 1917 5320 prodes-

349 5318 464 5372 set,
494 5312 687 5365 multos
730 5319 946 5374 attrahit
990 5332 1150 5382 testes
1171 5369 1185 5393 ,
1213 5331 1264 5386 in
1295 5333 1397 5389 hoc
1427 5336 1531 5392 illis
1556 5352 1614 5393 se
1658 5351 1916 5413 attempe-

351 5411 510 5462 rans,
543 5413 610 5451 ne
639 5402 869 5468 praedam
911 5412 1199 5471 amitteret.
1231 5420 1525 5478 Humanam
1555 5437 1730 5482 autem
1762 5435 1914 5487 exhi-

353 5485 442 5540 bet
489 5495 777 5542 naturam:
814 5490 1130 5564 lacrymatur
1176 5510 1317 5562 enim
1361 5520 1416 5564 et
1459 5514 1721 5575 turbatur.
1768 5520 1915 5579 Solet

417 5619 433 5651 ⁸
465 5621 565 5672 Alii
586 5623 783 5680 habent.
809 5640 1030 5692 magnum
1049 5648 1184 5688 erant
1213 5642 1398 5694 lucrum
1421 5654 1735 5704 consecuturi.

656 5723 924 5790 ΡΑτιιοι.
972 5733 1086 5796 Gn.
1133 5739 1296 5804 LlX.

2057 627 2252 681 quippe
2278 613 2474 667 luctum
2506 613 2768 672 humanus
2792 617 3012 675 alie-etus
3043 637 3305 684 excitare.
3337 630 3541 689 Deinde
3562 637 3644 689 af-

2059 702 2252 756 fectum
2274 705 2569 774 corripiens
2591 707 2755 777 (illud
2782 714 2922 765 enim
2942 755 2958 778 ,
2984 713 3256 782 Infremuit
3277 722 3462 791 spiritu
3483 765 3500 787 ,
3533 725 3637 782 hoc

2056 792 2393 861 significat),
2427 797 2780 853 tnrhationem
2811 802 3077 871 cohibuit,
3108 817 3165 862 et
3191 810 3269 866 sic
3294 813 3586 887 interrogat
3617 837 3628 871 :

2053 883 2142 936 3i.
2171 883 2268 937 Ubi
2289 888 2526 954 posuistis
2545 889 2698 942 eum?
2723 906 2790 946 ne
2813 891 2990 949 flendo
3013 897 3384 970 interrogaret.
3408 883 3520 960 Cur
3536 923 3638 962 au-

2057 980 2164 1024 tem
2190 972 2519 1043 interrogat?
2538 976 2690 1042 Quod
2712 980 2876 1036 nollet
2896 997 3017 1040 sese
3039 990 3276 1055 proferre
3293 1034 3309 1059 ,
3333 994 3426 1049 sed
3453 1000 3630 1052 omnia

2049 1070 2267 1128 cuperet
2295 1062 2363 1114 ab
2391 1063 2496 1118 illis
2518 1065 2760 1123 ediscere
2798 1082 3050 1141 rogatus;
3084 1077 3154 1132 ita
3186 1091 3242 1134 ut
3271 1085 3416 1138 omni
3447 1089 3628 1156 suspi-

2057 1149 2212 1205 cione
2239 1150 2459 1207 liberum
2476 1151 2618 1210 foret
2635 1157 2866 1227 signum.
2901 1162 3092 1219 Dicunt
3117 1167 3228 1233 illi,
3275 1169 3395 1225 Veni
3424 1184 3472 1227 et
3495 1149 3625 1230 uide.

2049 1243 2136 1297 35.
2161 1242 2494 1315 Lacrymatus
2519 1259 2589 1301 est
2610 1248 2784 1304 Jesus.
2812 1253 2994 1309 Viden‘
3022 1257 3191 1326 ipsum
3222 1263 3424 1317 nullum
3453 1267 3630 1322 adhuc

2052 1337 2460 1392 resurrectionis
2497 1339 2706 1408 signum
2739 1342 2989 1412 dedisse,
3022 1358 3180 1419 atque
3221 1355 3476 1411 accedere
3518 1374 3624 1413 non

2047 1435 2102 1475 ut
2148 1426 2526 1482 suscitaturum
2547 1469 2564 1494 ,
2595 1431 2689 1485 sed
2718 1441 2775 1486 ut
2812 1433 3268 1506 lacrymaturum?
3297 1444 3346 1498 id
3379 1447 3518 1516 quod
3546 1449 3623 1503 si-

2042 1514 2298 1580 gnificant
2345 1515 2551 1583 Judaei,
2598 1521 2686 1589 qui
2733 1522 3026 1582 dicebant:
3083 1529 3169 1584 56.
3217 1530 3348 1587 Ecce
3372 1514 3622 1602 quomodo

2052 1605 2250 1657 amabat
2271 1623 2407 1661 eum.
2434 1609 2651 1672 Quidam
2685 1623 2848 1666 autem
2869 1631 2929 1669 ea:
2955 1618 3056 1672 illis
3093 1620 3320 1677 dicebant
3346 1640 3364 1678 :
3390 1627 3478 1681 37.
3500 1627 3623 1683 Non

2047 1703 2244 1758 poterat
2270 1697 2372 1762 hic,
2392 1700 2476 1767 qui
2491 1703 2688 1767 aperuit
2709 1706 2877 1759 oculos
2896 1709 3016 1761 caici
3033 1750 3049 1775 ,
3079 1713 3244 1781 facere
3264 1725 3318 1768 ut
3345 1726 3393 1772 et
3420 1718 3500 1773 hic
3519 1737 3620 1775 non

2040 1787 2353 1839 moreretur?
2384 1787 2458 1842 Ne
2480 1789 2532 1842 in
2553 1791 2943 1851 calamitatibus
2972 1800 3186 1869 quidem
3215 1807 3500 1874 nequitiam
3528 1826 3620 1865 re-

2038 1886 2361 1940 presserunt.
2409 1881 2570 1950 Atqui
2615 1882 2850 1941 facturus
2877 1899 2958 1942 est
2985 1906 3094 1945 rem
3135 1893 3291 1965 longe
3321 1899 3616 1956 mirabilio-

2036 1976 2173 2015 rem.
2205 1963 2334 2018 Nam
2365 1967 2520 2037 longe
2547 1972 2838 2030 mirabilius
2866 1989 2947 2032 est
2975 1991 3092 2048 post
3117 1963 3342 2041 mortem
3364 1989 3428 2043 ad
3453 1992 3612 2047 vitam

2037 2064 2308 2118 revocare,
2338 2071 2494 2124 quam
2525 2059 2808 2118 instantem
2838 2080 3059 2124 mortem
3084 2073 3372 2144 depellere.
3404 2080 3482 2136 Ex
3501 2099 3610 2153 quo

2036 2155 2162 2211 ergo
2181 2144 2295 2212 ejus
2321 2147 2569 2205 virtutem
2601 2152 2782 2209 mirari
2810 2171 2906 2225 par
2929 2171 3044 2215 erat
3065 2204 3077 2225 ,
3110 2166 3253 2220 illum
3283 2171 3607 2228 calumniano

2037 2239 2122 2284 tur
2143 2248 2157 2296 ;
2181 2234 2504 2291 confitentur
2531 2248 2706 2296 tamen
2733 2245 2901 2313 ipsum
2925 2251 3111 2306 oculos
3135 2255 3265 2308 caeci
3294 2263 3568 2325 aperuisse
3593 2280 3606 2314 :

2036 2330 2090 2374 et
2115 2335 2235 2375 cum
2263 2328 2588 2393 oportuisset
2612 2330 2732 2386 ideo
2758 2335 2976 2403 mirari,
3010 2339 3086 2393 illi
3108 2353 3290 2397 contra
3322 2349 3612 2406 criminan-

2036 2415 2121 2462 tur
2142 2451 2158 2476 ,
2187 2413 2325 2481 quod
2367 2415 2467 2470 hoc
2505 2419 2662 2473 etiam
2694 2437 2796 2476 non
2829 2424 3033 2482 fecerit.
3064 2429 3244 2500 Neque
3278 2435 3400 2491 inde
3433 2425 3605 2496 solum

2033 2501 2290 2566 probatur
2318 2505 2436 2558 illos
2468 2523 2721 2575 perverso
2746 2513 2908 2568 fuisse
2933 2518 3153 2586 animo;
3187 2525 3283 2578 sed
3311 2529 3450 2595 quod
3481 2545 3600 2585 cum

2034 2589 2266 2642 nondum
2296 2593 2634 2661 advenisset,
2667 2614 2766 2654 nec
2795 2605 3062 2674 quidpiam
3095 2613 3430 2678 praestitisset
3450 2659 3464 2684 ,
3496 2623 3604 2673 cri-

2035 2677 2411 2735 minationibus
2466 2698 2817 2755 pra-vertant,
2852 2709 2954 2748 non
3009 2677 3320 2767 exspectato
3360 2706 3436 2761 rei
3483 2708 3607 2765 fine.

2034 2765 2215 2822 Viden'
2241 2787 2397 2837 quam
2423 2787 2673 2846 corrupto
2701 2794 2883 2837 essent
2906 2787 3143 2853 judicio?

2100 2857 2151 2910 2.
2179 2857 2518 2932 Evangelist
2542 2869 2766 2923 humana
2785 2873 2850 2927 de
2869 2875 3067 2930 Christo
3087 2883 3330 2938 scribunt.
3356 2915 3428 2927 —
3449 2887 3606 2945 Venit

2029 2962 2156 3018 ergo
2183 2951 2247 3004 ad
2295 2969 2693 3013 monumentum
2714 2999 2730 3025 ,
2761 2973 2814 3016 et
2859 2981 3046 3022 rursus
3069 2970 3316 3029 affectum
3359 2980 3600 3048 corripit.

2028 3035 2134 3092 Cur
2153 3039 2220 3096 de
2238 3042 2494 3099 industria
2522 3047 2810 3106 identidem
2832 3055 2959 3110 dicit
2981 3064 3306 3130 evangelista
3331 3067 3598 3141 lacryma-

2029 3135 2137 3183 tum
2166 3131 2317 3186 illum
2342 3149 2479 3200 esse,
2511 3147 2565 3192 et
2593 3140 2964 3200 intremuisse?
3006 3148 3071 3203 Ut
3095 3151 3268 3210 discas
3295 3157 3441 3214 illum
3469 3177 3596 3218 vere

2029 3229 2209 3274 natura
2236 3233 2416 3278 nostra
2449 3227 2686 3284 indutum
2722 3232 2904 3290 fuisse.
2933 3237 3062 3306 Quia
3085 3244 3224 3297 enim
3251 3248 3397 3315 plura
3420 3251 3488 3306 de
3507 3269 3598 3310 se-

2028 3310 2176 3379 ipso,
2211 3315 2511 3387 majoraque
2540 3337 2697 3390 quam
2745 3328 2916 3395 quivis
2943 3332 3075 3387 alius
3125 3338 3294 3403 palam
3349 3341 3598 3414 dixerat,

2027 3415 2234 3456 rursum
2267 3406 2318 3458 in
2363 3412 2634 3477 corporeis
2673 3413 2951 3473 humiliora
2995 3419 3142 3478 dicit.
3171 3425 3310 3482 Nihil
3335 3430 3403 3487 de
3434 3435 3602 3504 ipsius

2026 3502 2217 3558 morte,
2237 3504 2293 3549 ut
2313 3499 2499 3565 reiiqui
2522 3505 2877 3574 evangelista),
2900 3522 3076 3566 narrat
3094 3514 3206 3581 hic;
3227 3521 3364 3586 quod
3398 3499 3561 3581 tristis
3581 3569 3598 3594 ,

2023 3583 2162 3650 quod
2192 3585 2242 3637 in
2271 3589 2456 3654 agonia
2480 3603 2623 3646 esset
2659 3593 2866 3665 (Matth.
2904 3598 2992 3653 26.
3024 3603 3111 3658 38.
3153 3583 3318 3663 Marc.
3353 3614 3437 3668 i4.
3469 3583 3598 3685 35);

2024 3672 2115 3724 sed
2141 3687 2322 3730 contra
2349 3681 2491 3747 quod
2517 3687 2738 3752 supinos
2772 3695 3116 3755 prostravcrit
3160 3697 3179 3758 (
3203 3697 3357 3755 Joan.
3391 3705 3476 3759 18.
3508 3672 3598 3776 6’):

2023 3761 2172 3826 Quod
2198 3765 2305 3819 illic
2326 3771 2602 3835 omissum,
2646 3776 2730 3830 hic
2768 3782 3054 3849 supplevit,
3097 3786 3223 3842 dum
3253 3792 3450 3849 luctmn
3482 3799 3600 3866 ejus

2026 3868 2306 3909 memorat.
2354 3858 2485 3914 Nam
2538 3863 2605 3918 de
2646 3877 2816 3920 morte
2855 3871 3126 3928 disserens
3161 3879 3408 3936 diccbat:
3442 3883 3599 3941 Ιόιισ-

2024 3952 2201 3996 statam
2222 3947 2376 4002 habeo
2415 3955 2632 4017 ponendi
2659 3958 2882 4011 animam
2909 3977 3071 4017 meam
3114 3965 3300 4036 (Joan.
3336 3974 3422 4028 10.
3449 3977 3548 4048 18)
3582 3998 3596 4033 :

2025 4042 2077 4087 ct
2106 4035 2234 4090 nihil
2259 4039 2525 4106 objectum
2557 4044 2626 4097 ibi
2659 4047 2908 4115 loquitur.
2944 4053 3072 4108 Ideo
3096 4035 3273 4113 autem
3305 4063 3355 4115 in
3388 4071 3597 4133 passio-

2025 4138 2093 4178 ne
2138 4127 2300 4181 mnlta
2332 4130 2406 4184 illi
2447 4133 2672 4189 humana
2701 4138 3044 4211 adscribunt,
3077 4148 3202 4205 hinc
3247 4160 3599 4226 comproban-

2027 4223 2104 4266 tes
2153 4230 2330 4270 verum
2381 4220 2795 4282 incarnationem
2827 4245 2965 4287 esse.
3019 4236 3297 4298 Mattliteus
3348 4247 3414 4301 ab
3463 4265 3597 4320 ago-

2026 4305 2109 4358 nia
2130 4347 2144 4371 ,
2175 4322 2203 4359 a
2258 4315 2653 4377 perturbatione
2674 4358 2688 4380 ,
2712 4335 2741 4372 a
2787 4323 2982 4379 sudore
3009 4329 3027 4393 (
3046 4327 3171 4383 Luc.
3206 4333 3296 4388 22.
3329 4337 3418 4392 45.
3449 4305 3551 4415 ιῖ)
3578 4363 3593 4411 ;

2026 4395 2112 4450 hic
2135 4414 2165 4451 a
2192 4398 2332 4455 luctu
2363 4403 2412 4458 id
2439 4407 2643 4461 suadet.
2675 4409 2728 4464 Si
2757 4414 2897 4467 enim
2925 4429 3120 4475 nostra:
3148 4439 3251 4479 non
3282 4426 3468 4486 fuisset
3503 4395 3598 4488 ula-

2027 4494 2158 4541 turae
2177 4530 2192 4554 ,
2223 4507 2325 4545 non
2355 4508 2382 4547 a
2414 4496 2558 4551 luctu
2586 4504 2750 4557 semel
2773 4513 2827 4558 et
2852 4506 3040 4565 iterum
3082 4527 3362 4586 correptus
3383 4522 3593 4582 fuisset.

2023 4577 2158 4644 Quid
2184 4596 2310 4637 vero
2333 4583 2521 4640 Jcsus?
2545 4591 2582 4644 A
2617 4594 2931 4652 criminibus
2953 4615 3058 4656 non
3081 4619 3140 4658 se
3160 4577 3435 4666 deiendit:
3463 4617 3590 4682 quid

2023 4670 2164 4723 enim
2189 4688 2322 4741 opus
2340 4687 2452 4730 erat
2474 4682 2648 4736 verbis
2668 4686 2943 4745 confutare
2962 4707 3054 4747 eos
3074 4697 3163 4764 qui
3187 4713 3308 4754 mox
3334 4705 3584 4770 operibus

2024 4772 2175 4817 erant
2218 4766 2567 4826 confutandi?
2598 4774 2651 4828 Id
2682 4780 2821 4847 quod
2851 4784 3024 4838 minus
3056 4789 3331 4844 molestum
3361 4805 3507 4859 erat,
3541 4810 3594 4854 et

2026 4854 2192 4921 magis
2219 4867 2424 4924 poterat
2449 4861 2566 4917 illos
2594 4867 2927 4933 pudefacere.
2956 4873 3048 4928 39.
3075 4877 3158 4930 Ait
3179 4895 3342 4936 autem
3363 4899 3382 4938 :
3411 4854 3595 4940 Toitite

2025 4942 2260 5012 lapidem.
2281 4946 2387 5004 Cur
2401 4969 2503 5007 non
2521 4957 2716 5013 absens
2733 4965 2936 5016 Vocavit
2954 4974 3006 5018 et
3021 4982 3237 5037 surgere
3249 4973 3442 5040 jussit?
3461 4979 3589 5042 imo,

2025 5049 2120 5089 cur
2148 5054 2252 5092 nun
2300 5043 2473 5099 adhuc
2515 5053 2851 5120 superposito
2896 5056 3071 5125 lapide
3118 5064 3430 5118 suscitavit?
3459 5067 3591 5125 Nam

2025 5126 2112 5192 qui
2134 5139 2339 5194 poterat
2361 5149 2552 5204 corpus
2573 5151 2838 5199 mortuum
2859 5161 2986 5200 voce
3007 5163 3222 5207 movere
3236 5156 3592 5218 etanimatum

2026 5219 2346 5286 ostendere,
2376 5227 2542 5278 multo
2585 5232 2751 5300 magis
2793 5249 2923 5288 voce
2971 5236 3198 5307 lapidem
3238 5247 3589 5314 removisset;

2025 5306 2114 5372 qui
2159 5307 2401 5375 (vinctum
2434 5315 2639 5382 fasciis,
2667 5330 2721 5374 et
2746 5306 3052 5390 impeditum
3074 5369 3089 5394 ,
3121 5344 3248 5385 voce
3271 5342 3327 5387 ut
3352 5335 3590 5392 ambula~

2029 5403 2107 5448 ret
2133 5397 2343 5466 effecit,
2376 5403 2532 5472 longe
2560 5406 2762 5464 facilius
2790 5412 3019 5480 lapidem
3046 5423 3362 5478 removisset
3394 5425 3588 5496 (Joan.

2029 5487 2117 5538 Η.
2143 5489 2230 5542 45.
2261 5491 2381 5561 44).
2411 5493 2543 5559 Quid
2573 5498 2734 5554 dico?
2759 5502 2929 5559 Etiam
2951 5508 3144 5565 absens
3166 5511 3266 5568 hoc
3296 5487 3469 5572 facere
3492 5531 3590 5588 po-

2030 5576 2144 5627 tnit.
2176 5576 2284 5630 Cur
2330 5596 2456 5650 ergo
2501 5601 2607 5641 non
2656 5588 2814 5646 fecit?
2843 5594 2913 5652 Ut
2958 5598 3099 5670 ipsos
3141 5604 3386 5664 miraculi
3423 5576 3587 5657 les-tes

2028 5662 2247 5733 facet-ct,
2282 5686 2346 5724 ne
2377 5673 2602 5741 idipsum
2628 5680 2869 5741 dicerent
2894 5692 3035 5760 quod
3056 5695 3196 5748 circa
3226 5711 3423 5753 ett-cum
3451 5718 3463 5753 :
3498 5700 3594 5754 Πίι

3182 5786 3263 5847 22
