4094 6204
496 356 590 410 55!

501 483 572 528 est
593 512 608 535 .
653 485 761 527 non
791 479 874 526 est
905 468 1011 524 hic.
1053 467 1186 536 ipsa:
1217 479 1448 534 namque
1477 478 1666 520 manus
1686 504 1701 527 ,
1730 472 1781 516 et
1811 461 1948 531 quod
1977 475 2069 515 ve-

503 562 670 617 nisset
695 558 761 614 ad
801 557 1100 628 sepulcrum
1122 596 1138 620 ,
1172 553 1477 610 tcStimonio
1528 561 1684 607 erant
1713 551 1956 606 emndem
1988 549 2068 617 ip-

501 665 618 704 sum
641 663 761 704 esse
773 646 953 719 (Joan.
973 646 1024 700 9.
1043 646 1096 700 8.
1122 643 1207 713 9).
1233 642 1411 712 Quare
1432 642 1603 696 sinon
1627 655 1692 694 eo
1714 639 2073 703 advenissent,

498 737 734 809 putaturi
761 745 916 793 erant
939 744 1030 790 aut
1056 734 1370 803 phantasma
1401 744 1522 787 esse
1542 770 1557 794 ,
1589 736 1680 783 aut
1703 729 1863 782 alium
1892 735 2073 781 etnon

503 833 650 887 illum
692 845 816 888 esse
839 843 996 901 quem
1037 827 1306 881 videbant.
1333 824 1484 879 Nunc
1523 831 1702 877 autem
1743 835 1863 876 cum
1891 819 1954 874 ad
1987 834 2066 873 se-

497 923 743 990 pulcrum
785 917 1064 983 venerint,
1092 914 1320 984 lapidem
1351 912 1707 975 removerint,
1735 910 1976 978 jussique
2004 907 2069 960 li—
2105 950 2109 955 .

497 1022 676 1079 gatum
704 1024 737 1063 a
761 1007 989 1063 vinculis
1028 1005 1318 1068 solverint,
1351 1010 1404 1056 et
1429 1000 1582 1055 amici
1611 999 1699 1069 qui
1729 1013 1793 1053 ex
1824 998 2073 1065 sepulcro

505 1098 824 1161 retulerant,
849 1111 915 1151 ex
946 1095 1134 1164 pannis
1165 1094 1312 1146 illum
1341 1089 1670 1161 agnoverint,
1702 1087 1839 1158 quod
1865 1101 2076 1142 sorores

507 1203 608 1243 non
663 1184 1052 1249 abscesserint,
1101 1180 1241 1251 quod
1288 1181 1451 1234 altera
1483 1178 1709 1242 dixerit,
1739 1176 1858 1231 Jam
1900 1180 2071 1246 fmtet,

499 1275 864 1346 quatriduanus
889 1273 1021 1328 enim
1051 1281 1158 1334 est;
1197 1273 1304 1337 jam
1337 1269 1450 1323 hcce
1479 1267 1657 1322 omnia
1686 1266 1893 1321 abunde
1924 1274 2073 1334 pote-

503 1374 620 1419 rant
643 1361 913 1435 improbos
941 1361 1038 1432 ipsi
1063 1357 1302 1414 miraculi
1327 1366 1488 1414 testes
1508 1356 1776 1412 cohibere.
1805 1355 1924 1410 ldeo
1947 1371 2076 1425 prae-

496 1453 624 1522 cipit
645 1453 751 1508 illis
782 1461 837 1505 ut
857 1449 1086 1520 lapidem
1112 1464 1142 1503 a
1168 1449 1416 1517 sepulcro
1442 1455 1766 1509 amoverent,
1790 1444 2077 1499 ostendens

499 1559 559 1601 se
581 1545 750 1615 ipsum
770 1541 1065 1598 suscitare:
1099 1539 1220 1593 ideo
1237 1539 1395 1593 etiam
1419 1537 1743 1605 interrogat,
1778 1534 1876 1589 Ubi
1904 1535 2076 1604 posui-

502 1633 594 1686 stis
623 1631 782 1685 eum?
808 1639 864 1684 ut
890 1628 979 1698 qui
1007 1626 1282 1690 dixerant,
1323 1625 1445 1680 Veni
1470 1635 1516 1678 et
1541 1625 1650 1677 vide
1669 1665 1682 1687 ,
1712 1634 1761 1678 et
1789 1625 1876 1692 qui
1905 1624 2074 1677 duxe-

497 1732 620 1776 rant
639 1721 806 1785 illum,
825 1718 1005 1774 dicere
1022 1732 1132 1772 non
1157 1716 1362 1785 possint
1377 1716 1534 1770 alium
1554 1714 1712 1769 fuisse
1729 1715 2036 1768 suscitatum
2059 1731 2074 1768 :

503 1820 560 1864 ut
587 1819 639 1865 et
665 1824 765 1865 vox
796 1818 850 1864 et
880 1820 1068 1862 manus
1099 1803 1510 1860 testiﬁcarentur
1539 1802 1674 1875 (vox
1703 1803 1950 1868 dicendo,
1981 1801 2077 1856 Ve-

497 1902 551 1955 ni
571 1910 617 1955 et
644 1901 790 1964 vide;
819 1912 1006 1953 manus
1029 1896 1258 1967 lapidem
1284 1895 1516 1950 tollendo
1535 1933 1552 1960 ,
1577 1904 1630 1949 et
1652 1894 1842 1948 fascias
1862 1895 2073 1948 solven-

493 1989 632 2064 do);
663 1991 806 2046 visus
834 2003 1046 2060 quoque
1074 1997 1128 2042 et
1167 1986 1378 2041 auditus
1417 1986 1539 2058 (hic
1563 2001 1746 2041 vocem
1774 1985 2035 2039 audiendo
2056 2025 2073 2050 ,

492 2081 586 2135 ille
620 2088 901 2136 exeuntem
936 2076 1246 2149 videndo);
1278 2075 1506 2130 olfactus
1533 2090 1744 2146 quoque
1771 2076 1954 2139 testis,
1987 2076 2074 2144 qui

491 2171 722 2227 odorem
775 2169 1017 2238 excepit;
1067 2167 1189 2221 lant
1235 2169 1408 2239 faetet,
1458 2167 1659 2236 inquit;
1712 2166 2076 2236 quatriduanus

497 2263 631 2316 enim
669 2270 761 2315 est.
795 2260 924 2315 Jure
952 2273 1078 2329 ergo
1107 2257 1214 2313 dixi
1238 2299 1252 2321 ,
1283 2271 1387 2313 non
1435 2257 1763 2312 intellexisse
1795 2256 2072 2310 mulierem

502 2353 604 2406 hoc
643 2350 840 2405 Christi
886 2349 1120 2416 dictum,
1172 2347 1337 2402 Etiam
1363 2350 1408 2402 si
1447 2359 1674 2403 ntortuus
1704 2349 1888 2418 fuerit,
1930 2348 2072 2401 vivet.

505 2442 637 2498 Vide
657 2454 786 2511 ergo
809 2440 932 2511 quid
956 2452 1096 2494 nunc
1115 2439 1276 2504 dicat,
1301 2439 1448 2508 quasi
1471 2453 1555 2492 res
1576 2438 1645 2492 ob
1672 2438 2072 2495 diutumitatem

499 2531 731 2601 amplius
780 2529 892 2583 ﬁeri
925 2543 1031 2582 non
1087 2527 1273 2596 possit.
1305 2527 1411 2581 Res
1435 2527 1576 2580 enim
1620 2527 1876 2594 stupenda
1921 2536 2073 2590 crat,

497 2625 910 2694 quatriduanum
937 2631 992 2676 et
1039 2629 1348 2689 corruptum
1398 2619 1624 2673 cadaver
1667 2620 1943 2672 suscitare.
1990 2619 2078 2671 Di-

508 2713 727 2783 scipulis
758 2712 982 2782 quidem
1011 2710 1176 2777 dixit,
1215 2709 1280 2764 Ut
1308 2708 1617 2780 gloriﬁcetur
1661 2707 1824 2762 Filius
1861 2707 1976 2775 Dei,
2009 2707 2076 2762 de

509 2803 686 2872 stripso
738 2803 999 2871 loquens;
1047 2800 1254 2855 mulieri
1293 2814 1420 2854 vero
1462 2799 1570 2852 ait:
1616 2797 1814 2853 Videbis
1862 2798 2076 2870 gloriam

513 2894 607 2946 “ei
625 2935 642 2960 ,
674 2893 740 2947 de
769 2892 927 2947 Patre
953 2891 1109 2947 verba
1141 2889 1360 2946 faciens.
1391 2888 1574 2944 Viden‘
1596 2887 1894 2943 auditorum
1922 2887 2075 2943 dilic-

506 2986 728 3040 rentiam
758 2985 968 3040 diversi
1016 2984 1278 3040 sermonis“
1309 2996 1428 3037 esse
1470 2981 1725 3037 causam?
1755 2982 1811 3036 In
1842 2991 2074 3036 mentem

505 3083 719 3130 revocat
761 3090 824 3129 ea
873 3090 989 3144 qua:
1037 3074 1246 3128 mulieri
1296 3074 1533 3137 dixerat,
1567 3087 1629 3126 ac
1673 3072 1716 3126 si
1759 3072 2072 3142 redarguat,

503 3167 642 3236 quod
671 3167 832 3221 oblita
860 3167 961 3230 sit;
995 3167 1076 3220 vel
1109 3180 1228 3219 cum
1258 3163 1423 3218 nollet
1446 3163 1716 3218 adstantes
1737 3163 2034 3234 percellerc
2057 3203 2072 3227 ,

497 3256 709 3330 placide
732 3257 897 3311 dicit:
931 3256 1022 3310 40.
1055 3254 1240 3310 Nonne
1264 3255 1371 3308 dixi
1396 3253 1515 3322 tibi,
1548 3255 1594 3308 si
1625 3253 1925 3320 credideris,
1949 3254 2074 3307 vide-

493 3355 576 3406 bis
613 3351 826 3422 gloriam
859 3345 952 3398 Dei
973 3346 999 3399 ξ)

567 3445 621 3500 5.
637 3435 1608 3510 Fidesquantumsitbonum.Aposloli
1622 3452 1772 3506 quam
1819 3445 2072 3504 praestan-

503 3538 652 3590 tiores
678 3534 1008 3604 philosOphis.
1038 3561 1109 3574 —-
1129 3530 1373 3604 Magnum
1416 3543 1540 3602 ergo
1567 3528 1762 3588 bonum
1795 3537 1876 3582 est
1908 3528 2070 3595 fides,

503 3641 751 3697 magnum
804 3630 1020 3695 utique,
1074 3636 1127 3680 et
1181 3627 1468 3679 multorum
1516 3638 1672 3679 causa
1728 3620 2070 3683 bonorum‘;

503 3718 574 3772 ita
605 3725 663 3770 ut
691 3715 937 3771 homines
986 3715 1076 3769 Dei
1125 3729 1286 3784 opera
1341 3716 1393 3769 in
1440 3715 1654 3767 nomine
1701 3713 1864 3783 ipsius
1916 3713 2073 3769 edere

494 3804 728 3876 possint.
772 3802 930 3865 Nam,
987 3803 1046 3858 Si
1098 3803 1366 3856 habueritis
1416 3803 1600 3871 fidem,
1650 3802 1848 3871 inquit,
1901 3802 2072 3858 dicetis

502 3895 659 3949 monti
684 3895 829 3962 huic,
860 3893 1046 3948 Transi
1077 3895 1212 3960 hinc,
1245 3905 1290 3948 et
1320 3894 1547 3948 transibit
1579 3891 1792 3962 (Matth.
1826 3895 1912 3948 17.
1948 3893 2067 3960 l9);

500 4001 562 4041 ac
604 4001 836 4051 rursum,
881 3985 980 4050 Qui
1025 3986 1181 4039 credit
1225 3987 1277 4038 in
1330 4003 1426 4051 me,
1477 4000 1659 4054 opera,
1709 3999 1823 4054 qua:
1863 4000 1954 4054 ego
1994 3988 2074 4055 [tt-

497 4077 606 4143 cia,
631 4084 677 4129 et
696 4075 804 4145 ipse
825 4075 1002 4148 faciet,
1031 4085 1078 4128 et
1104 4078 1299 4142 majora
1321 4075 1398 4129 his
1443 4075 1590 4144 faciet
1615 4073 1805 4145 (Joan.
1837 4075 1920 4130 M.
1947 4073 2068 4143 l2).

497 4168 629 4231 Quae
666 4164 908 4233 majora?
934 4164 1009 4218 Ea
1038 4180 1155 4234 qua:
1196 4163 1437 4233 discipuli
1482 4172 1660 4232 postea
1711 4160 1906 4218 fecere.
1939 4161 2070 4216 Nam

497 4255 682 4310 umbra
699 4253 841 4309 Petri
861 4262 1128 4308 mortuum
1148 4252 1420 4307 suscitavit
1443 4251 1576 4323 (Act.
1596 4254 1648 4308 5.
1667 4252 1734 4307 15
1751 4253 1792 4323 ).
1818 4252 1906 4308 Sic
1923 4253 2067 4307 enim

497 4346 664 4416 magis
696 4345 1083 4415 prtedicabatur
1125 4343 1320 4398 Christi
1371 4353 1627 4413 potestas.
1661 4343 1932 4413 Siquidem
1963 4359 2068 4398 non

493 4446 601 4488 tam
632 4434 872 4489 mirabile
900 4444 1015 4489 erat
1073 4435 1243 4504 ipsum
1291 4435 1554 4490 viventem
1585 4435 1837 4489 miracula
1868 4434 2028 4489 edere
2050 4477 2066 4504 ,

488 4543 652 4598 quam
682 4536 802 4597 post
827 4536 1056 4582 mortem
1087 4526 1203 4596 ejus
1229 4528 1363 4581 alios
1393 4529 1442 4580 in
1473 4528 1686 4581 nomine
1711 4526 1876 4594 ipsius
1905 4526 2071 4596 majo-

495 4636 550 4673 ra
593 4628 852 4689 praestare
881 4631 1057 4688 posse.
1085 4617 1216 4672 Nam
1270 4627 1639 4687 argumentum
1673 4616 1802 4671 illud
1835 4630 1938 4668 non
1965 4616 2066 4669 du-

494 4711 638 4764 bium
666 4719 783 4765 erat
822 4707 1232 4764 resurrectionis
1272 4707 1388 4776 ejus
1419 4723 1432 4758 :
1475 4722 1592 4776 qua:
1636 4706 1680 4760 si
1711 4705 1779 4760 ab
1822 4705 2069 4760 omnibus

494 4799 605 4854 visa
638 4797 860 4865 fuisset,
884 4813 990 4853 non
1021 4797 1090 4852 ita
1123 4795 1309 4851 fuisset
1336 4796 1534 4850 credita
1562 4814 1575 4860 ;
1610 4794 1904 4864 potuissent.
1924 4795 2067 4848 enim

491 4889 673 4945 dicere
714 4889 1025 4956 phantasma
1067 4903 1223 4944 esse:
1265 4889 1390 4958 quia
1418 4897 1592 4942 autem
1626 4884 1838 4937 videbat
1863 4899 1925 4937 ex
1953 4887 2068 4940 solo

495 4977 710 5034 nomine
729 4978 844 5048 ejus
870 4978 1026 5048 longe
1052 4977 1251 5047 majora
1277 4979 1425 5048 signa
1447 4977 1560 5030 fieri
1584 5015 1598 5041 ,
1632 4987 1787 5041 quam
1811 4987 1932 5026 cum
1955 4973 2068 5042 ipse

495 5069 633 5123 inter
657 5067 904 5123 homines
932 5076 1259 5131 versaretur,
1289 5065 1445 5119 tidem
1474 5075 1667 5132 negare
1699 5073 1801 5111 non
1834 5068 2063 5128 polerat,

494 5158 592 5213 nisi
621 5157 903 5214 admodum
926 5157 1205 5227 desiperet.
1243 5155 1483 5223 Magnum
1515 5154 1690 5218 itaque
1715 5146 1911 5200 bonum
1937 5151 2068 5207 lides

492 5258 574 5301 est
592 5287 608 5315 ,
629 5262 753 5302 cum
781 5264 846 5304 ex
878 5247 1099 5305 ferventi
1121 5245 1298 5298 animo
1316 5281 1331 5308 ,
1381 5255 1561 5296 amore
1583 5248 1770 5303 magno
1791 5274 1806 5299 ,
1854 5239 2064 5297 ardenti

492 5335 658 5391 corde
699 5338 956 5406 procedit.
989 5337 1113 5392 Haec
1139 5345 1238 5388 nos
1267 5327 1610 5400 philosophos
1636 5322 1868 5377 ostendit
1901 5342 1914 5379 :
1947 5327 2067 5386 haec

494 5428 779 5482 humanam
806 5427 1002 5498 detegit
1030 5424 1284 5480 vilitatem
1307 5461 1321 5488 ,
1352 5431 1404 5476 et
1430 5415 1608 5474 missis
1633 5410 1927 5470 ratiociniis
1947 5458 1961 5483 ,
1993 5418 2064 5474 de

551 5648 566 5678 ⁸
603 5643 730 5710 Editi
753 5645 950 5710 habent,
973 5647 1148 5710 meam
1165 5643 1340 5710 [fi
1357 5638 1485 5703 ﬁdes
1507 5666 1525 5695 ,
1549 5638 1592 5684 et
1636 5641 1826 5692 magno:
1850 5632 2066 5698 efﬁciens

482 5718 563 5755 eos
581 5704 824 5766 mdium
845 5700 977 5754 illam
999 5700 1139 5751 vitam
1160 5700 1429 5755 imitatum.

1301 346 1356 403 S.
1396 341 1669 402 JOANNIS
1705 338 2178 400 CllliYSOSTOlll
2220 337 2530 398 ARClllEP.
2563 340 3088 403 CONSTANTINOP.

3663 358 3764 416 335i

2187 455 2484 512 caelestibus
2502 456 2920 527 philOSOphatur;
2943 461 3049 514 imo
3066 463 3237 530 potius
3253 478 3313 518 ea
3331 480 3446 536 qua:
3466 483 3571 523 nun
3595 482 3766 540 potest

2185 548 2411 602 humana
2443 549 2696 616 sapientia
2727 552 2988 619 reperire,
3026 554 3134 622 ipsa
3167 555 3307 624 capit
3333 564 3386 611 et
3412 556 3610 629 dirigit.
3637 562 3768 620 lluic

2184 638 2359 709 itaque
2389 638 2716 707 haereamus,
2746 657 2913 710 neque
2941 643 3230 700 ratiociniis
3256 657 3437 702 nostra
3463 655 3766 708 committa-

2185 745 2322 786 mus.
2357 730 2483 796 Cur,
2513 745 2724 799 qumso,
2768 734 2990 800 gentiles
3020 734 3146 787 nihil
3184 739 3418 806 reperire
3447 747 3767 808 potuerunt?

2182 835 2356 874 annon
2407 829 2568 875 totam
2611 822 2752 876 illam
2793 832 3064 878 externam
3115 827 3428 894 sapientiam
3459 836 3763 889 noverant?

2181 928 2278 966 cur
2316 912 2607 981 piscatores
2631 923 2685 967 et
2728 915 3071 971 tentoriorum
3109 917 3326 986 opiﬁces
3360 936 3618 990 superare
3659 941 3763 980 non

2185 1001 2512 1069 potuerunt?
2547 1015 2721 1056 nonne
2746 1003 2833 1072 qui
2871 1004 2943 1057 illi
2973 1006 3291 1071 ratiociniis,
3336 1007 3388 1060 hi
3435 1009 3558 1064 lidei
3589 1021 3756 1068 totum

2182 1091 2602 1145 commiserant?
2649 1090 2772 1145 Ideo
2829 1092 3101 1147 Platonem
3146 1094 3250 1156 illi,
3299 1095 3656 1167 Pythagoram
3705 1112 3759 1156 et

2183 1180 2318 1233 alios
2347 1194 2532 1235 omnes
2575 1195 2796 1236 errones
2834 1181 2988 1252 longe
3031 1194 3378 1252 superarunt;
3417 1192 3714 1261 tmtrologos
3737 1234 3754 1257 ,

2183 1268 2584 1324 mathematicos
2604 1311 2618 1335 ,
2663 1279 2962 1339 geometras
2982 1312 2997 1337 ,
3031 1273 3424 1340 arithmeticos,
3456 1280 3642 1346 quavis
3682 1281 3759 1335 di-

2181 1360 2401 1431 sciplina
2430 1360 2716 1416 instructos
2742 1362 3034 1429 vicerunt‘,
3077 1363 3246 1434 iisque
3267 1369 3570 1445 superiores
3586 1371 3754 1428 effecti

2181 1459 2339 1513 sunt;
2388 1450 2458 1503 ita
2489 1459 2545 1504 ut
2571 1450 2624 1504 hi
2647 1467 2772 1506 vere
2795 1451 3075 1508 videantur
3105 1455 3439 1527 philosophi,
3471 1460 3543 1514 illi
3571 1471 3748 1518 autem

2182 1539 2327 1594 stulti
2353 1554 2417 1595 ac
2444 1539 2616 1595 deliri.
2651 1543 3027 1600 Animadverte
3066 1546 3240 1614 enim,
3291 1548 3388 1603 hos
3413 1550 3611 1607 dixisse
3637 1556 3755 1608 ani-

2183 1642 2322 1683 mam
2365 1630 2752 1697 immortalem;
2799 1648 2898 1687 nec
2929 1632 3136 1689 dixisse
3161 1637 3355 1706 modo,
3386 1640 3478 1694 sed
3516 1642 3674 1696 etiam
3705 1644 3755 1698 id

2181 1721 2431 1776 suasisse.
2471 1723 2548 1776 llli
2571 1738 2699 1778 vero
2724 1725 2895 1793 primo
2921 1725 3045 1794 quid
3071 1738 3212 1783 esset
3239 1729 3570 1798 nesciebant;
3607 1743 3752 1802 post-

2181 1825 2336 1878 quam
2361 1820 2536 1864 autem
2568 1813 2879 1866 invenerunt
2901 1854 2916 1879 ,
2963 1827 3014 1868 et
3040 1816 3395 1872 distinxerunt
3431 1834 3550 1875 eam
3575 1836 3605 1873 a
3631 1837 3752 1877 cor-

2182 1917 2310 1971 pore
2331 1943 2344 1966 ,
2391 1901 2545 1956 divisi
2571 1914 2694 1956 sunt
2726 1905 2862 1958 inter
2891 1921 2976 1968 se,
3022 1906 3142 1959 aliis
3171 1907 3541 1975 incorpoream
3569 1910 3711 1966 illam
3732 1955 3748 1978 ,

2181 1992 2298 2045 aliis
2319 2006 2512 2059 corpus
2545 2006 2693 2057 esse,
2720 2001 2913 2048 etcum
2938 2009 3162 2064 corpore
3185 1995 3400 2052 dissolvi
3435 1998 3752 2058 dicentibus.

2179 2082 2378 2137 Caelum
2423 2081 2548 2136 item
2593 2083 2666 2138 illi
2712 2086 2996 2139 animatum
3029 2095 3080 2140 et
3111 2087 3266 2140 deum
3298 2104 3417 2144 esse
3439 2091 3701 2149 dixerunt
3735 2113 3750 2149 :

2183 2172 2469 2241 piscatores
2495 2188 2622 2227 vero
2647 2174 2912 2242 opificium
2935 2190 3053 2230 esse
3075 2177 3166 2231 Dei
3190 2186 3245 2232 et
3272 2179 3516 2236 dixerunt
3549 2192 3604 2237 et
3627 2199 3750 2238 sua-

2179 2271 2382 2317 serunt.
2433 2263 2538 2318 Sed
2583 2265 2722 2334 quod
2765 2267 2985 2334 gentiles
3030 2268 3322 2324 ratiociniis
3351 2280 3578 2339 utantur,
3617 2274 3748 2329 nihil

2180 2355 2372 2407 mirum
2397 2371 2411 2405 :
2435 2355 2576 2424 quod
2605 2363 2780 2409 autem
2810 2357 2843 2408 ii
2871 2359 2958 2426 qui
2989 2356 3175 2412 ﬁdeles
3199 2373 3320 2415 esse
3348 2361 3607 2428 videnlur,
3634 2365 3751 2418 ani-

2181 2443 2347 2498 malcs
2385 2445 2718 2499 inveniantur
2741 2487 2755 2512 ,
2789 2447 2890 2501 hoc
2933 2448 3075 2502 luctu
3107 2449 3319 2520 dignum
3352 2463 3434 2507 est
3465 2455 3506 2506 ⁸.
3536 2454 3661 2510 Ideo
3698 2455 3752 2510 hi

2181 2546 2388 2602 quoque
2417 2545 2764 2602 erraverunt,
2787 2546 2840 2590 et
2859 2537 2947 2590 alii
2971 2538 3182 2606 quidem
3199 2540 3378 2596 dicunt
3403 2556 3461 2597 se
3489 2544 3558 2596 ita
3587 2558 3750 2600 nosse

2181 2620 2378 2687 Deum,
2427 2632 2482 2676 ut
2524 2625 2662 2678 Deus
2704 2625 2934 2694 seipsum
2978 2631 3150 2694 novit,
3203 2630 3342 2698 quod
3379 2645 3447 2685 ne
3471 2633 3748 2700 gentilium

2180 2712 2390 2781 quidem
2425 2715 2700 2784 quisquam
2743 2717 2920 2772 dicere
2949 2733 3109 2774 ausus
3140 2730 3221 2775 est
3247 2737 3261 2773 :
3293 2722 3380 2775 alii
3423 2723 3607 2780 dicunt
3638 2741 3746 2780 non

2181 2817 2338 2871 posse
2364 2804 2528 2859 Deum
2561 2807 2676 2860 sine
2703 2807 2946 2875 passione
2975 2812 3189 2878 gignere
3208 2851 3223 2875 ,
3273 2826 3370 2865 nec
3396 2814 3513 2880 plus
3543 2813 3621 2869 illi
3651 2817 3748 2868 tri-

2181 2896 2348 2949 buunt
2376 2910 2531 2965 quam
2565 2898 2864 2953 hominibus
2892 2917 2905 2952 :
2929 2900 3015 2953 alii
3041 2901 3220 2956 dicunt
3243 2902 3372 2956 nihil
3398 2903 3648 2971 prodesse
3679 2905 3754 2960 vi-

2182 2996 2286 3040 tam
2314 2989 2530 3058 probam
2553 3030 2568 3056 ,
2601 2988 2681 3043 vel
2711 3003 2912 3044 rectum
2941 2991 3256 3048 institutum.
3291 2992 3396 3048 Sed
3427 2993 3540 3049 haec
3568 2994 3753 3052 confu-

2183 3085 2295 3130 tare
2321 3090 2425 3131 non
2455 3077 2580 3132 licet
2607 3093 2701 3147 per
2724 3087 2948 3148 tempus.

2250 3167 2303 3220 4.
2370 3164 2541 3226 Fides.
2586 3167 2716 3222 niltil
2785 3169 2985 3238 prodest
3044 3172 3288 3239 improbo.
3357 3171 3544 3238 Contra
3600 3173 3750 3227 adul-

2182 3269 2329 3311 teros.
2391 3285 2460 3297 ο·-
2505 3257 2656 3326 Quod
2702 3270 2878 3314 autem
2918 3260 3047 3315 Ildcs
3091 3271 3234 3316 recta
3275 3264 3405 3317 nihil
3448 3265 3648 3332 prosit,
3703 3266 3747 3319 si

2184 3358 2434 3416 corrupta
2471 3348 2575 3402 vita
2608 3349 2712 3416 sit,
2753 3357 2808 3404 et
2846 3349 3089 3406 Christus
3115 3359 3169 3406 et
3208 3351 3401 3407 Paulus
3440 3353 3704 3409 declarant
3730 3393 3746 3421 ,

2180 3437 2268 3504 qui
2311 3438 2412 3492 hoc
2438 3439 2666 3494 maxime
2686 3449 2873 3494 curant
2912 3456 2926 3492 :
2966 3438 3240 3508 Christus,
3269 3456 3388 3497 cum
3411 3443 3489 3498 sic
3515 3444 3668 3500 docet
3685 3444 3706 3474 ³
3733 3463 3748 3499 :

2181 3524 2299 3580 Non
2327 3528 2487 3581 omnis
2513 3531 2599 3598 qui
2639 3529 2755 3582 dicit
2797 3530 2917 3583 mihi
2938 3571 2953 3595 ,
2987 3529 3196 3584 Domine
3221 3572 3236 3597 ,
3268 3531 3482 3586 Domine
3504 3575 3520 3599 ,
3550 3534 3750 3588 intrabit

2179 3617 2229 3668 in
2254 3633 2457 3686 regnum
2485 3619 2720 3672 calorum
2747 3618 2944 3688 (Math.
2981 3621 3028 3674 7.
3062 3619 3167 3690 21)
3195 3636 3209 3685 ς
3244 3631 3297 3676 et
3326 3638 3565 3689 rursum,
3599 3623 3750 3677 Multi

2184 3709 2346 3767 dicent
2375 3709 2498 3766 mihi
2523 3711 2572 3762 in
2604 3709 2694 3763 illa
2719 3711 2801 3764 die
2830 3727 2849 3764 :
2873 3709 3120 3778 Domine,
3158 3729 3325 3766 nonne
3354 3714 3404 3766 in
3436 3715 3635 3767 nomine
3664 3726 3749 3769 tuo

2178 3803 2628 3876 prophetavimtts?
2670 3800 2736 3858 Et
2763 3812 2880 3857 tunc
2915 3804 3186 3869 conﬁtebor
3220 3803 3320 3856 illis
3343 3845 3358 3867 ,
3407 3803 3535 3868 Quia
3581 3806 3747 3857 nescio
3777 3836 3783 3840 -

2177 3898 2546 3952 vos:discedite
2570 3914 2696 3950 ante
2726 3904 2811 3966 qui
2856 3896 3134 3966 opet'atttt'ni
3174 3896 3473 3968 iniquitatem
3505 3892 3662 3962 (Ibid.
3693 3911 3742 3946 v.

2176 3988 2263 4042 22.
2293 3989 2362 4042 23
2383 3991 2421 4057 ).
2451 3989 2548 4055 Qui
2573 3989 2712 4043 enim
2750 3988 2770 4019 ⁸
2799 4004 2904 4043 non
2935 3991 3032 4044 sibi
3057 3991 3351 4053 attendunt,
3380 3985 3530 4040 facile
3551 3984 3615 4037 ad
3647 4000 3743 4038 ne-

2175 4077 2392 4148 quitiam
2441 4093 2584 4147 szrpe
2613 4077 2912 4142 declinant,
2959 4080 3165 4134 etiamsi
3219 4080 3369 4151 [idem
3413 4088 3607 4132 rectam
3649 4072 3745 4126 ha-

2178 4171 2356 4224 beant.
2402 4170 2599 4224 Paulus
2628 4179 2801 4225 autcm
2833 4169 3074 4225 llebraéis
3101 4171 3358 4231 scribens,
3394 4167 3506 4222 haec
3542 4167 3666 4220 dicit
3697 4179 3749 4221 et

2176 4271 2356 4316 monet
2385 4280 2396 4314 :
2432 4261 2617 4316 Pacem
2646 4278 2761 4315 cum
2795 4263 3020 4316 omnibus
3048 4261 3416 4330 persequimini,
3447 4269 3492 4311 et
3519 4258 3744 4325 sancti/i-

2175 4355 2445 4420 cationcnt,
2475 4357 2582 4407 sine
2607 4368 2704 4423 qua
2735 4371 2878 4407 nemo
2911 4354 3089 4407 videbit
3134 4352 3406 4406 Dominum
3428 4351 3448 4419 (
3470 4348 3627 4402 Hebr.
3659 4347 3747 4402 li.

2177 4443 2303 4512 id).
2343 4443 2820 4498 Sanctiﬁcatiouem
2853 4443 3083 4512 appellat
3111 4442 3408 4496 caSIitatem
3431 4480 3446 4503 ,
3489 4450 3544 4493 ut
3574 4452 3740 4493 unus-

2175 4536 2396 4605 quisque
2423 4549 2516 4591 sua
2549 4549 2712 4588 uxore
2739 4543 3019 4589 contentus
3043 4533 3148 4598 sit,
3179 4547 3353 4600 neque
3382 4531 3540 4584 aliam
3573 4528 3746 4582 adeat.

2173 4625 2302 4681 Nam
2329 4625 2536 4695 quisua
2565 4633 2846 4678 contentus
2872 4638 2977 4677 non
3009 4631 3125 4684 est,
3173 4621 3353 4674 salvus
3381 4635 3502 4674 esse
3530 4619 3710 4688 nequit
3733 4634 3748 4680 ;

2173 4715 2266 4772 sed
2296 4723 2476 4784 pereat
2501 4719 2740 4782 oportet,
2769 4713 2867 4766 etsi
2896 4713 3040 4764 mille
3070 4710 3222 4764 b0nis
3279 4710 3532 4776 operibus
3561 4711 3633 4761 sit
3669 4709 3756 4762 ino.

2177 4816 2427 4861 structus.
2462 4800 2834 4856 Fornicantem
2861 4800 3002 4855 enim
3032 4795 3353 4866 impossibile
3369 4805 3449 4850 est
3479 4796 3678 4852 intrare
3703 4799 3755 4852 in

2174 4907 2392 4964 regnum
2419 4891 2703 4955 caelorum;
2736 4891 2844 4944 imo
2873 4889 2921 4942 id
2941 4888 3049 4957 jam
3075 4902 3180 4941 non
3207 4883 3488 4939 fornicatio
3513 4891 3630 4952 est,
3659 4886 3754 4940 sed

2174 4983 2505 5040 adulterium.
2553 4979 2701 5035 Sicut
2733 4981 2874 5036 enim
2915 4978 3130 5049 alligata
3157 4977 3309 5041 viro,
3356 4974 3400 5028 si
3429 4989 3549 5029 cum
3581 4976 3754 5029 altero

2173 5084 2354 5140 coeat,
2388 5073 2712 5128 adulteratur
2745 5089 2757 5125 :
2788 5073 2866 5127 sic
2894 5072 3139 5140 alligatus
3169 5069 3356 5134 uxori,
3389 5067 3435 5122 si
3466 5067 3625 5121 aliam
3656 5069 3749 5121 ha-

2174 5168 2294 5223 beat
2313 5208 2328 5234 ,
2357 5164 2563 5220 adulter
2582 5171 2683 5218 est.
2711 5163 2807 5217 llic
2830 5178 2956 5218 vero
2984 5177 3088 5217 non
3118 5159 3274 5216 heres
3300 5159 3402 5214 erit
3422 5158 3568 5229 regni
3589 5158 3748 5213 czulo-

2240 5341 2253 5371 ⁸
2280 5336 2372 5386 Alii
2396 5333 2745 5397 liabeut,qttasi
2767 5332 3016 5397 pulverem
3031 5330 3348 5394 dissiparwu,
3375 5327 3501 5387 loco,
3517 5326 3634 5376 ricet
3649 5333 3749 5377 unt.

2236 5403 2256 5432 ε
2289 5399 2490 5458 Quidam
2515 5392 2702 5458 legunt,
2727 5392 2813 5458 hoc
2838 5392 3100 5458 ridiculttrrt
3119 5392 3227 5458 ρει..
3309 5451 3320 5458 _
3432 5447 3442 5458 .
3543 5447 3573 5458 __
3698 5446 3729 5458 η

2210 5462 2259 5528 L'
2294 5447 2348 5508 in
2374 5457 2481 5507 aliis
2516 5447 2715 5517 legitur,
2751 5454 2970 5505 Christus
3010 5452 3156 5517 plura
3196 5453 3256 5502 de
3301 5451 3389 5500 hoc
3427 5447 3635 5514 loquitur
3675 5447 3750 5499 di-

2175 5526 2347 5569 citaue.

2234 5532 2508 5628 θαιὲὁηηυιίἱ
2553 5577 2682 5625 lumc
2711 5576 2871 5625 locum
2917 5577 2986 5625 sic
3034 5574 3262 5623 efferunt.
3395 5568 3556 5630 «Quia
3595 5570 3756 5630 nescio

2172 5651 2252 5688 vos
2275 5627 2322 5698 ιν,
2366 5647 2430 5698 et,
2452 5639 2666 5698 iterum;
2694 5655 2722 5698 _¢
2757 5644 3086 5686 r'arttmtmnen
3129 5635 3178 5684 in
3223 5634 3312 5698 hoc
3355 5627 3497 5682 nolite
3540 5627 3756 5696 gaudere

2175 5700 2288 5763 quia
2310 5693 2508 5761 spiritus
2531 5696 2846 5758 subjiciuntur
2871 5697 3016 5748 vobis.
3035 5713 3056 5740 ιν
3089 5704 3174 5757 (nt:
3195 5693 3339 5753 enim,
3369 5701 3463 5743 etc.
