4094 6204
373 260 485 321 353

373 386 501 430 rum
520 414 538 442 ,
565 373 661 430 sed
691 374 742 429 in
768 373 1064 445 gehennam
1091 372 1305 429 incidet.
1351 375 1487 431 Audi
1513 391 1631 446 quae
1659 376 1728 432 de
1755 376 1839 432 his
1866 376 1946 432 di-

371 469 449 522 cit
478 467 722 523 Christus
752 485 766 521 :
807 466 998 522 Vermis
1020 483 1192 522 eorum
1214 482 1316 522 non
1343 469 1603 534 morietur,
1632 479 1678 523 et
1699 469 1830 540 ignis
1858 485 1956 523 non

373 559 725 628 exstinguetur
752 558 773 627 (
797 556 959 613 Marc.
1003 558 1058 614 9.
1081 558 1150 614 45
1173 557 1213 628 ).
1234 557 1407 626 (Nulla
1433 558 1576 613 enim
1605 560 1759 614 venia
1787 560 1836 614 ei
1866 560 1954 629 qui

372 649 559 702 uxoris
579 648 1000 704 consolationem
1023 648 1256 713 habens,
1289 648 1435 702 illam
1460 689 1476 715 ,
1504 647 1672 703 altera
1700 648 1955 715 admissa,

371 736 702 792 contumelia
745 735 954 793 afﬁcit:
981 737 1096 792 haec
1134 737 1330 807 quippe
1377 737 1788 807 intemperantia
1834 753 1958 793 vere

371 836 483 880 est.
523 825 673 892 Quod
720 828 765 881 si
823 827 974 882 multi
1003 827 1277 898 jejunandi
1320 836 1375 883 et
1408 827 1660 898 precandi
1705 842 1862 884 causa
1891 828 1959 884 ab

374 930 548 971 uxore
577 915 877 984 abstinent;
925 917 1015 988 qui
1043 933 1138 972 sua
1172 931 1276 972 non
1304 918 1589 973 contentus
1611 918 1829 973 alteram
1858 920 1957 974 ad-

303 1036 310 1041 -
374 1005 574 1069 mittit,
619 1017 872 1075 quantum
904 1006 1002 1062 sibi
1035 1008 1210 1077 ignem
1237 1007 1579 1063 accumulat?
1618 1007 1675 1063 Si
1700 1023 1805 1063 non
1834 1009 1957 1064 licet

373 1095 426 1150 ei
458 1096 548 1166 qui
576 1112 796 1152 uxorem
819 1098 1114 1167 repudiavit
1139 1108 1195 1153 et
1212 1098 1400 1168 ejecit,
1430 1114 1550 1154 eum
1576 1100 1748 1155 altera
1771 1100 1957 1166 coire;

376 1184 482 1242 hoc
506 1188 701 1257 quippe
738 1196 821 1243 est
847 1188 1202 1254 adulterium;
1251 1189 1341 1259 qui
1383 1205 1602 1245 uxorem
1645 1205 1826 1245 secum
1868 1190 1960 1244 ha-

376 1277 553 1344 bens,
603 1278 824 1332 alteram
856 1277 1096 1343 inducit,
1143 1288 1399 1348 quantum
1447 1279 1622 1334 scelus
1653 1282 1961 1350 perpetrat?

376 1365 551 1421 Nemo
576 1367 736 1437 igitur
777 1366 920 1423 hunc
950 1368 1196 1422 morbum
1220 1369 1273 1423 in
1302 1369 1475 1423 anima
1510 1369 1743 1426 insidere
1786 1371 1958 1437 sinat,

377 1458 475 1513 sed
499 1459 752 1513 radicitus
772 1459 983 1515 evellat.
1013 1459 1195 1529 Neque
1220 1461 1362 1515 enim
1388 1469 1494 1515 tam
1518 1477 1738 1517 uxorem
1760 1502 1775 1529 ,
1804 1478 1960 1532 quam

378 1550 615 1619 seipsum
644 1549 810 1605 hcdit.
842 1550 988 1605 Adeo
1016 1564 1181 1621 grave
1202 1591 1217 1617 ,
1241 1550 1379 1607 adeo
1403 1552 1556 1607 venia
1579 1552 1855 1623 indignum
1881 1564 1964 1608 e..t

383 1637 487 1693 hoc
514 1648 818 1708 peccatum,
850 1647 910 1694 ut
937 1641 983 1695 si
1004 1655 1170 1706 uxor,
1207 1642 1371 1697 invito
1398 1642 1625 1713 conjuge
1654 1644 1814 1698 etiam
1844 1643 1960 1699 ido-

382 1728 572 1782 lniatra
592 1768 607 1792 ,
628 1728 696 1782 ab
722 1729 812 1785 illo
827 1740 1124 1799 separetur,
1156 1746 1185 1785 a
1208 1732 1320 1786 Deo
1348 1733 1613 1801 puniatur;
1641 1734 1685 1787 si
1717 1732 1786 1786 ab
1810 1733 1958 1788 adul-

383 1827 531 1881 tero,
563 1819 804 1875 minime.
833 1820 1017 1878 Viden’
1040 1832 1293 1890 quantum
1309 1824 1388 1909 sit
1413 1823 1515 1878 hoc
1540 1824 1782 1878 malum?
1828 1824 1958 1878 Nam

386 1907 452 1963 Si
473 1926 573 1979 qua
602 1909 798 1977 ﬁdelis,
832 1911 1037 1981 inquit,
1065 1913 1243 1968 habeat
1269 1907 1428 1968 virum
1457 1915 1742 1983 inﬁdelem,
1775 1924 1821 1968 et
1856 1916 1963 1985 ipse

379 2001 622 2053 consentit
640 2000 865 2054 habitare
882 2017 995 2055 cum
1017 2003 1126 2068 illa,
1149 2020 1210 2058 ne
1226 2004 1444 2061 dimittat
1463 2006 1628 2075 ipsum
1650 2006 1734 2076 (1.
1759 2006 1876 2061 Cor.
1906 2008 1958 2061 7.

382 2088 451 2142 15
471 2090 513 2159 ).
559 2089 630 2142 De
657 2090 899 2146 adultera
947 2106 1103 2147 secus
1127 2110 1142 2159 ;
1177 2093 1271 2148 sed
1299 2094 1465 2164 quid?
1491 2094 1553 2150 Si
1579 2096 1690 2164 quis
1716 2096 1961 2149 dimiserit

381 2194 589 2232 uxorem
631 2196 773 2234 suam
804 2192 986 2251 prater
1027 2198 1233 2237 causam
1276 2185 1653 2254 fornicationis,
1698 2187 1819 2257 facit
1852 2203 1961 2240 eam

382 2270 620 2324 masc/tari
647 2270 860 2342 (Matth.
884 2273 937 2328 5.
962 2273 1075 2343 δί).
1103 2274 1236 2330 Nam
1259 2276 1302 2329 si
1328 2276 1629 2346 conjugium
1658 2294 1818 2333 unum
1847 2294 1965 2332 cor—

383 2374 481 2428 pus
526 2359 682 2427 facit;
730 2361 775 2415 si
808 2362 927 2432 quis
953 2378 1071 2418 eum
1102 2367 1386 2447 meretrice
1434 2376 1620 2433 coeat,
1654 2384 1814 2422 unum
1842 2386 1960 2423 cum

382 2450 468 2504 illa
494 2465 687 2520 corpus
717 2452 965 2507 efﬁcitur.
1008 2454 1286 2521 Quomodo
1321 2472 1447 2527 ergo
1479 2458 1700 2514 honesta
1731 2459 1922 2514 mulier
1944 2500 1958 2523 ,

379 2557 499 2610 quae
528 2551 611 2597 est
638 2543 935 2597 membrum
978 2544 1213 2612 Christi,
1264 2546 1422 2601 talem
1469 2548 1638 2602 virum
1680 2549 1963 2602 admittat?

380 2642 470 2685 aut
517 2633 785 2701 quomodo
826 2633 925 2687 sibi
963 2635 1152 2705 jnnget
1194 2637 1489 2691 membrum
1530 2641 1866 2694 meretrcis?
1899 2641 1962 2694 Et

384 2721 501 2776 vide
526 2737 683 2792 quam
710 2725 841 2777 mira
866 2738 952 2780 res
972 2725 1059 2780 sit.
1088 2724 1216 2793 Quae
1237 2740 1357 2781 cum
1381 2727 1579 2782 inﬁdeli
1606 2718 1830 2793 habitat,
1855 2746 1959 2784 non

383 2821 463 2866 est
491 2814 697 2883 impura
725 2813 744 2886 (
768 2830 887 2869 nam
916 2814 1276 2884 Sanctiﬁcatus
1301 2826 1373 2871 est
1398 2858 1413 2881 ,
1445 2819 1649 2887 inquit,
1681 2820 1756 2872 vir
1777 2820 1962 2888 inﬁde-

384 2903 444 2957 lis
470 2905 520 2958 in
549 2905 754 2961 muliere
785 2906 1022 2978 (L-Cor.
1047 2910 1101 2962 7.
1131 2909 1233 2977 16)
1269 2926 1284 2963 :
1315 2910 1383 2964 de
1412 2913 1697 2965 meretrice
1728 2926 1831 2966 non
1858 2912 1958 2979 sic,

384 2997 476 3049 sed
502 2997 813 3065 quomodo?
860 2996 1066 3053 Tollens
1096 2999 1253 3068 igitur
1276 2999 1498 3054 membra
1522 3000 1743 3068 Christi,
1771 3002 1961 3071 faciam

386 3089 605 3141 membra
625 3090 894 3144 meretricis
919 3088 1079 3163 (Ibid.
1099 3091 1151 3146 6.
1175 3092 1243 3147 15
1263 3091 1321 3161 )?
1346 3092 1457 3148 Illic
1484 3093 1739 3149 sanctitas
1761 3106 1959 3164 manet,

387 3176 587 3232 inﬁdeli
611 3193 733 3233 cum
755 3179 842 3234 illa
866 3180 1175 3246 habitante;
1205 3181 1330 3237 hinc
1356 3183 1581 3239 recedit.
1610 3183 1785 3240 Grave
1811 3202 1963 3241 nam-

384 3280 488 3335 que
517 3267 716 3323 malum
746 3278 829 3323 est
868 3270 1147 3327 fornicatio
1168 3313 1185 3338 ,
1213 3287 1374 3342 grave
1402 3274 1584 3344 utique
1603 3314 1621 3341 ,
1660 3284 1712 3330 et
1740 3277 1959 3332 immor-

1343 264 1407 319 ΙΝ
1445 264 1756 321 JOANNEM
1799 266 2021 322 ιιοωι.
2068 223 2251 327 LXI‘i.
2292 273 2361 328 al.
2404 274 2591 331 LXIII.

3545 295 3643 351 35|

2060 380 2162 433 tale
2182 380 2408 438 at'ferens
2438 385 2778 454 supplicium.
2809 387 2879 443 Et
2906 387 2961 444 in
2992 389 3092 447 hac
3118 395 3530 459 vitainnumera
3558 418 3645 460 at-

2063 472 2224 525 trahit
2259 474 2431 539 mala,
2466 476 2627 531 vitam
2676 478 2950 547 miseram,
2999 498 3098 539 nec
3138 486 3413 545 meliorem
3440 532 3456 557 ,
3486 510 3649 564 quam

2058 575 2242 616 eorum
2269 565 2357 633 qui
2389 566 2652 635 supplicio
2690 567 3016 638 afﬁciuntur,
3045 573 3172 629 dum
3198 578 3249 631 in
3281 580 3509 637 alienam
3539 584 3639 639 do-

2061 669 2203 707 mum
2235 653 2414 709 furtim
2445 668 2500 711 et
2527 672 2650 712 eum
2682 668 2915 716 tremore
2955 662 3251 734 ingreditur
3275 710 3291 736 ,
3342 684 3648 745 omnesque-

2061 754 2339 813 suspectos
2365 745 2522 802 habet
2550 788 2563 807 .
2596 758 2698 802 tam
2729 765 2912 806 servos
2942 767 3100 822 quam
3128 757 3344 813 liberos.
3369 761 3639 830 Quamob-

2063 850 2172 888 rem
2213 836 2470 903 obsecro,
2522 838 2623 894 hoc
2648 856 2743 895 vos
2773 843 3025 911 expedire
3051 848 3237 903 morbu
3279 853 3497 907 curetis.
3550 854 3645 911 Sin

2062 940 2165 978 non
2196 925 2598 996 obsequamini,
2631 946 2699 985 ne
2726 931 2779 985 in
2810 947 2961 988 saera
2991 935 3173 992 limina
3201 939 3572 1009 iugrediamini
3600 946 3639 998 ³.

2059 1017 2189 1071 Nam
2218 1006 2490 1075 scabiosus
2515 1031 2568 1074 et
2597 1023 2868 1078 morbidas
2895 1040 3024 1081 oves
3051 1044 3153 1082 non
3183 1006 3397 1100 oportet
3423 1034 3473 1087 in
3506 1034 3655 1091 bene

2062 1109 2347 1163 valentium
2370 1125 2531 1180 grege
2558 1114 2759 1165 versari
2783 1155 2795 1176 ,
2830 1114 2922 1168 sed
2950 1116 3018 1168 ab
3042 1119 3165 1171 ovili
3194 1121 3469 1189 exigendtc
3498 1135 3640 1189 sunt,

2060 1198 2230 1254 donec
2273 1201 2516 1255 morbum
2542 1200 2834 1270 deponant.
2874 1205 3005 1259 Nam
3049 1209 3288 1264 membra
3324 1211 3521 1267 Christi
3548 1232 3655 1269 su--

2061 1305 2180 1344 mus
2208 1306 2221 1343 :
2261 1306 2329 1345 ne
2356 1289 2654 1346 efﬁciamur
2681 1294 2918 1349 membra
2946 1298 3265 1354 meretricis.
3296 1299 3416 1354 Non
3440 1312 3521 1357 est
3550 1304 3636 1358 lu-

2064 1397 2227 1449 panar
2269 1381 2355 1438 hic
2400 1383 2580 1451 locus,
2623 1385 2717 1439 sed
2765 1386 3012 1442 ecclesia.
3054 1388 3110 1444 Si
3137 1392 3435 1448 membrum
3464 1411 3640 1451 mere-

2065 1474 2212 1527 tricis
2256 1473 2452 1528 habeas
2473 1513 2493 1539 ρ
2542 1489 2610 1529 ne
2638 1483 2749 1529 stes
2776 1476 2828 1529 in
2856 1477 3081 1532 ecclesia
3105 1520 3121 1546 ,
3154 1496 3222 1536 ne
3258 1482 3431 1537 locum
3456 1495 3647 1540 contu-

2064 1563 2220 1617 melia
2245 1562 2469 1618 afﬁcias.
2518 1564 2740 1619 Etiamsi
2768 1567 2908 1621 enim
2938 1568 3179 1638 gehenna
3212 1573 3355 1628 nulla
3378 1615 3395 1642 ,
3436 1578 3641 1632 nullum

2064 1654 2379 1724 supplicium
2425 1665 2602 1722 esset,
2654 1665 2774 1725 post
2805 1668 2954 1726 pacta
2986 1660 3072 1740 illa
3099 1670 3149 1716 et
3183 1665 3447 1734 nuptiales
3472 1668 3645 1723 lucer-

2064 1758 2187 1808 nas,
2220 1745 2553 1815 postjustum
2571 1746 2766 1800 lectum
2791 1755 2846 1802 et
2873 1749 3162 1805 liberorum
3190 1758 3649 1826 procreationem,

2068 1844 2184 1901 post
2215 1834 2321 1889 tale
2345 1835 2698 1900 consortium,
2724 1829 2992 1906 quomodo
3008 1839 3173 1896 audes
3198 1842 3350 1898 alteri
3376 1848 3649 1917 copulari?

2064 1939 2159 1977 cur
2187 1939 2293 1979 non
2320 1925 2520 1980 vereris
2541 1966 2556 1991 ,
2590 1941 2688 1981 nec
2717 1927 3034 1983 erubescis?
3078 1932 3161 1985 Au
3190 1932 3409 2001 ignoras
3431 1951 3526 1991 eos
3551 1939 3651 2009 qui~

2066 2029 2109 2082 p.
2135 2024 2183 2069 st
2216 2016 2396 2070 uxoris
2423 2024 2649 2071 mortem
2675 2058 2690 2083 ,
2723 2008 2882 2072 aliam
2910 2018 3111 2074 ducunt
3129 2060 3148 2087 ,
3173 2037 3203 2076 a
3232 2024 3415 2079 multis
3439 2026 3645 2097 impro-

2067 2106 2175 2161 bari
2193 2150 2209 2175 ,
2248 2108 2453 2163 etiamsi
2478 2122 2664 2178 poenas
2691 2124 2794 2165 non
2818 2109 2991 2166 daturi
3019 2113 3161 2168 sint?
3182 2114 3265 2170 Tu
3288 2131 3417 2172 vero
3439 2158 3459 2184 ,
3481 2135 3644 2174 uxore

2063 2198 2381 2270 Superstite,
2409 2200 2568 2254 aliam
2596 2201 2822 2257 inducis.
2867 2202 3048 2274 Ecqua
3075 2212 3159 2260 est
3184 2205 3269 2261 illa
3313 2208 3646 2267 incontinen-

2067 2294 2178 2347 tiu?
2207 2292 2362 2348 Disce
2397 2308 2516 2363 qua:
2553 2294 2652 2348 hac
2674 2293 2743 2350 de
2782 2309 2843 2350 re
2880 2295 3019 2350 dicta
3061 2297 3208 2352 sint:
3248 2297 3443 2354 Vermis
3470 2317 3655 2355 eorum

2065 2401 2162 2437 non
2185 2384 2442 2450 morietur,
2476 2393 2523 2438 et
2543 2385 2674 2455 ignis
2698 2401 2800 2439 non
2826 2386 3172 2457 mtinguetur
3197 2387 3218 2460 (
3243 2387 3406 2443 Marc.
3440 2391 3494 2445 9.
3520 2392 3636 2463 45).

2066 2475 2232 2530 Minas
2277 2475 2664 2544 perhorresee,
2701 2475 2828 2531 time
2863 2478 3202 2547 supplicium.
3242 2479 3360 2534 Non
3390 2492 3472 2536 est
3502 2491 3655 2537 tanta.

2063 2563 2150 2617 hic
2177 2563 2422 2633 voluptas
2441 2605 2455 2630 ,
2483 2576 2739 2634 quantum
2768 2565 2880 2621 illic
2902 2567 3246 2636 supplicium.
3282 2569 3480 2626 Verum
3510 2572 3652 2627 absit

2065 2662 2122 2708 ut
2146 2654 2266 2724 quis
2292 2655 2382 2708 tali
2410 2654 2481 2708 sit
2502 2654 2765 2710 obnoxius
2803 2657 3096 2726 supplicio;
3146 2659 3241 2713 sed
3289 2661 3488 2717 utinam
3519 2678 3646 2718 san-

2062 2746 2302 2801 ctitatem
2335 2752 2601 2801 sectantes
2638 2745 2913 2801 videamus
2942 2746 3235 2816 Christum,
3272 2758 3326 2805 et
3373 2752 3649 2821 promissis

2063 2835 2302 2891 fruamur
2340 2836 2495 2891 bonis
2525 2854 2537 2889 :
2564 2851 2683 2907 quae
2739 2850 2836 2891 nos
2867 2851 3053 2891 omnes
3083 2840 3293 2910 assequi
3338 2844 3607 2913 contingat
3630 2885 3651 2908 ,

2062 2927 2233 2998 gratia
2257 2936 2310 2981 et
2338 2926 2668 2997 benignitate
2699 2926 2905 2981 Domini
2947 2930 3114 2983 nostri
3147 2928 3275 2985 Jesu
3301 2930 3499 2987 Christi
3530 2935 3648 2997 qui-

2064 3032 2184 3073 cum
2224 3017 2366 3072 Patri
2392 3018 2558 3087 gloria
2591 3033 2802 3087 unaque
2838 3016 3058 3087 Spiritui
3103 3028 3327 3090 sancto,
3357 3022 3408 3075 in
3447 3023 3659 3079 saecula.

2067 3109 2405 3167 stcculorum.
2447 3110 2638 3164 Amen.

2129 3289 2144 3318 ι
2181 3283 2273 3333 Alii
2297 3282 2497 3340 habent,
2521 3280 2567 3331 si
2586 3293 2679 3331 non
2701 3280 2860 3341 uultis,
2882 3295 2942 3332 ne
2957 3280 3008 3333 in
3030 3283 3180 3346 adyta
3201 3282 3567 3347 iugredtamini.

1692 3430 2038 3500 HOMILIA
2078 3434 2305 3497 LXIV.

380 3574 513 3630 Car.
558 3574 614 3629 il
633 3614 645 3629 .
686 3592 738 3629 v.
779 3577 867 3631 ΔΙ.
907 3575 1058 3632 Iesus
1086 3588 1250 3632 autem
1275 3620 1290 3645 ,
1318 3580 1521 3635 elevatis
1550 3596 1751 3635 sursum
1776 3581 1955 3646 oculis,

453 3666 582 3719 dixit
606 3682 619 3718 :
648 3664 805 3720 Pater
826 3707 842 3733 ,
879 3668 1070 3738 gratias
1093 3684 1188 3739 ago
1213 3667 1339 3736 tibi,
1370 3670 1609 3740 quoniam
1641 3670 1831 3724 audisti
1861 3687 1958 3725 me.

454 3755 543 3810 42.
599 3754 707 3826 Ego
749 3767 917 3811 autem
943 3758 1157 3812 sciebant
1180 3761 1299 3829 quia
1322 3776 1519 3829 semper
1558 3777 1637 3817 me
1662 3762 1846 3827 audis;
1874 3763 1963 3817 sed

454 3856 660 3917 prapter
683 3846 881 3902 turbam
907 3849 1309 3904 circumstantem
1337 3850 1477 3919 dixi,
1507 3861 1611 3908 etc.

460 4001 513 4055 i.
550 3999 778 4056 Christus
822 4000 1036 4056 humilia
1060 4018 1194 4073 stepe
1220 4002 1459 4075 loquitur,
1503 4021 1679 4076 quare.
1711 4034 1783 4047 -—
1807 4005 1961 4072 Quod

387 4105 528 4162 saepe
573 4090 713 4159 dixi,
757 4092 859 4147 hoc
896 4102 951 4148 et
993 4108 1136 4149 nunc
1163 4094 1373 4162 dicam,
1425 4095 1671 4151 Christus
1713 4111 1818 4150 non
1853 4106 1959 4151 tam

385 4195 533 4237 suam
562 4181 902 4253 dignitatem,
950 4198 1109 4254 quam
1139 4185 1364 4240 salutem
1404 4194 1641 4240 nostram
1693 4187 1955 4256 respicit,

388 4288 483 4328 nee
509 4274 697 4344 quaerit
727 4265 976 4344 magnum
1006 4275 1282 4345 quidpiam
1308 4275 1519 4340 dicere,
1571 4277 1664 4332 sed
1689 4278 1831 4348 quod
1861 4293 1960 4334 nos

384 4363 550 4431 possit
576 4364 642 4419 ad
672 4375 730 4420 se
759 4364 991 4420 trahere.
1034 4365 1158 4420 Ideo
1187 4381 1351 4435 pauca
1382 4381 1569 4437 magna
1601 4378 1655 4425 et
1688 4371 1956 4439 sublimia,

383 4462 541 4524 atque
564 4455 724 4509 etiam
750 4455 1081 4511 subobscure
1101 4456 1257 4523 dicit,
1290 4457 1506 4514 humilia
1535 4476 1660 4515 vero
1680 4469 1734 4515 et
1755 4462 1958 4532 abiecta

383 4544 686 4615 frequenter
714 4545 1049 4601 sermonibus
1075 4546 1353 4604 admiscet.
1377 4549 1518 4618 .Quia
1548 4552 1689 4607 enim
1710 4552 1827 4608 haec
1856 4568 1956 4609 au-

306 4631 314 4640 '
383 4633 581 4690 ditores
627 4636 798 4706 magis
844 4636 1187 4703 alliciebant,
1237 4638 1322 4694 his
1387 4641 1554 4697 utitur
1601 4642 1954 4714 frequentius.

381 4725 560 4795 Neque
589 4742 803 4796 semper
830 4727 909 4782 sic
939 4727 1192 4796 loquitur,
1234 4746 1301 4787 ne
1333 4742 1516 4802 postea
1545 4734 1828 4791 eredituris
1856 4754 1958 4792 nu-

380 4827 524 4878 ceat;
568 4833 742 4887 neque
771 4817 856 4871 illa
891 4826 1063 4886 tacet,
1113 4835 1181 4875 ne
1220 4833 1511 4891 praesentes
1542 4825 1793 4882 offendat.
1824 4827 1956 4883 Nam

378 4908 468 4974 qni
496 4909 756 4978 ahjectam
785 4909 926 4964 illam
952 4919 1184 4965 mentem
1214 4912 1606 4982 deposuerunt,
1641 4918 1720 4973 vel
1752 4933 1818 4973 ex
1853 4934 1959 4974 uno

377 4998 592 5051 sublimi
629 4998 878 5067 dogmate
921 5007 1089 5054 totum
1131 5001 1431 5074 intelligere
1471 5017 1760 5076 potuerunt
1811 5028 1826 5065 :
1867 5012 1955 5080 qui

379 5101 504 5142 vero
532 5088 848 5144 demissiore
887 5092 1068 5145 animo
1107 5106 1323 5164 semper
1349 5108 1501 5151 erant
1522 5138 1537 5164 ,
1575 5098 1678 5153 nisi
1709 5099 1824 5154 hate
1850 5100 1958 5156 fre-

376 5186 601 5243 quenter
646 5178 951 5245 audissent,
998 5195 1102 5235 non
1143 5183 1325 5252 utique
1362 5186 1733 5242 accessissent.
1776 5188 1958 5260 Neque

380 5269 554 5319 tamen
586 5279 834 5335 manent,
865 5279 1142 5340 postquam
1172 5282 1248 5327 tot
1271 5284 1326 5329 et
1356 5283 1499 5330 tanta
1527 5278 1833 5345 audierunt,
1863 5283 1996 5353 sed.

380 5349 644 5419 lapidibus
666 5356 954 5439 impetunt,
981 5372 1371 5431 persequuntur
1384 5375 1438 5419 et
1458 5367 1706 5423 occidere
1731 5379 1955 5439 tentant,

381 5434 856 5517 blasphemumq’ue
897 5458 1134 5505 vocant:
1165 5468 1227 5507 ac
1276 5469 1399 5510 eum
1441 5472 1503 5511 se
1549 5457 1658 5513 Deo
1699 5464 1955 5530 aequalem

382 5531 535 5601 facit,
577 5534 803 5604 dicunt,
850 5538 952 5592 Hic
992 5541 1307 5610 blasphentat
1341 5543 1543 5618 (Marc.
1588 5549 1644 5606 9.
1673 5553 1783 5621 7);
1837 5569 1957 5613 eum

383 5636 555 5683 autem
575 5628 722 5695 dicit,
747 5631 1085 5686 Remittuntur
1112 5634 1200 5687 tibi
1242 5648 1443 5705 peccata
1472 5650 1555 5694 tua
1583 5638 1793 5710 (.llatth.
1814 5646 1867 5702 9.
1898 5650 1950 5703 2.

2066 3576 2194 3631 Luc.
2221 3574 2406 3645 5.20),
2439 3574 2823 3629 daemoniacum
2845 3585 3059 3643 vocant;
3079 3584 3135 3631 ut
3159 3577 3317 3633 etiam
3344 3594 3463 3635 eum
3493 3580 3646 3647 dixit,

2067 3670 2156 3738 qui
2224 3668 2383 3722 verba
2426 3681 2518 3720 sua
2563 3664 2803 3731 audiret,
2872 3676 3043 3722 morte
3098 3669 3426 3739 superiorem
3480 3686 3646 3727 esse:

2067 3773 2187 3813 cum
2215 3767 2397 3812 autem
2421 3757 2498 3813 sic
2539 3756 2774 3827 loquitur
2795 3797 2811 3824 ,
2864 3755 2976 3829 Ego
3005 3759 3058 3813 in
3088 3757 3246 3817 Patre
3268 3804 3283 3829 ,
3329 3773 3376 3817 et
3415 3761 3573 3819 Pater
3599 3768 3651 3819 in

2067 3863 2146 3901 me
2188 3845 2385 3919 (Joan.
2414 3846 2504 3900 14.
2550 3846 2652 3917 10)
2679 3886 2693 3914 ,
2740 3847 2914 3917 ipsum
2962 3848 3309 3920 relinquunt;
3357 3870 3648 3926 rursusque

2066 3937 2409 3993 offenduntur
2434 3951 2554 3992 cum
2585 3937 2692 4003 ait,
2721 3951 2781 3993 se
2799 3937 2868 3992 de
2891 3940 3025 3994 caelo
3051 3939 3411 3998 descendisse.
3439 3944 3502 4000 Si
3522 3962 3649 4017 ergo

2068 4026 2212 4093 haec,
2241 4027 2341 4082 etsi
2364 4026 2536 4081 rarius
2554 4026 2693 4081 dicta
2712 4065 2732 4094 ,
2762 4041 2866 4081 non
2888 4027 3129 4083 ferebant
3150 4040 3324 4086 tamen
3348 4075 3362 4099 ,
3394 4036 3481 4089 vix
3501 4045 3649 4091 certe

2065 4115 2451 4181 attendissent,
2492 4115 2538 4170 si
2582 4116 2827 4171 sublimia
2879 4132 3092 4188 semper
3128 4120 3378 4191 loquutus
3432 4123 3643 4182 fuisset.

2064 4205 2289 4273 Quando
2334 4204 2494 4276 igitur
2520 4205 2651 4261 dicit
2682 4223 2696 4259 :
2729 4205 2875 4260 Sicut
2904 4208 3161 4264 mandauit
3187 4211 3312 4266 mihi
3340 4211 3495 4268 Pater
3514 4254 3528 4278 ,
3574 4218 3645 4271 sic

2066 4297 2243 4364 loquor
2287 4294 2462 4367 (Ibid.
2490 4313 2538 4350 υ.
2567 4296 2716 4367 '51);
2776 4305 2867 4365 et,
2914 4299 2957 4352 Α
2983 4300 3171 4370 meipso
3213 4318 3310 4356 non
3367 4305 3477 4359 ueni
3518 4305 3655 4375 (Id-

2067 4390 2119 4442 7.
2152 4388 2220 4443 28
2243 4390 2260 4459 )
2281 4428 2295 4450 .
2346 4397 2470 4442 tunc
2496 4388 2723 4444 credunt
2744 4428 2759 4452 ,
2811 4397 2867 4443 ut
2919 4389 3093 4459 palam
3123 4392 3383 4462 signiﬁcat
3413 4411 3647 4468 evange-

2069 4479 2185 4533 lista
2212 4494 2333 4533 cum
2364 4478 2528 4542 dicit,
2578 4477 2704 4534 Haec
2735 4478 2825 4533 illo
2852 4480 3108 4549 loquente,
3158 4482 3302 4536 multi
3327 4485 3651 4541 crediderunt

2065 4567 2119 4621 in
2145 4584 2257 4621 eum
2283 4569 2302 4637 (
2334 4566 2418 4621 ld.
2449 4585 2496 4621 υ.
2524 4568 2648 4639 31).
2684 4568 2737 4622 Si
2772 4584 2905 4638 ergo
2936 4569 3152 4624 humilia
3205 4571 3366 4627 verba
3392 4574 3459 4628 ad
3489 4576 3643 4631 ﬁdem

2069 4658 2374 4726 trahebant,
2398 4660 2651 4715 sublimia
2674 4675 2798 4715 vero
2814 4662 3122 4717 avertebant
3141 4703 3156 4725 .
3188 4678 3364 4718 annon
3390 4679 3450 4720 ex
3461 4675 3647 4718 trema-

2065 4749 2348 4805 dementia:
2377 4750 2536 4807 fuerit
2562 4767 2667 4806 non
2696 4752 2934 4822 cogitare
2963 4752 3180 4808 humilia
3208 4754 3370 4811 verba
3392 4755 3459 4811 ad
3499 4755 3645 4810 antli-

2067 4849 2239 4895 turum
2283 4850 2497 4913 captum
2542 4850 2891 4914 attemperata
2941 4846 3099 4899 esse?
3143 4845 3418 4916 Siquidem
3450 4849 3639 4903 etalin

2069 4928 2216 4996 loco,
2245 4945 2365 4986 cum
2394 4947 2641 5003 magnum
2666 4933 2935 5003 quidpiam
2968 4934 3108 5002 l0qui
3137 4936 3293 4992 vellet
3312 4978 3330 5003 ,
3362 4937 3549 5000 tacuit,
3578 4948 3637 4991 et

2066 5034 2278 5075 causam
2308 5022 2501 5077 silentii
2528 5023 2763 5078 addidit:
2784 5023 2866 5078 Ne
2891 5025 3291 5081 scandalizemus
3321 5044 3427 5092 eos,
3443 5029 3657 5097 proiice-

2066 5111 2270 5165 hamum
2289 5113 2343 5166 in
2363 5130 2505 5168 mare
2526 5113 2546 5186 (
2569 5114 2753 5168 Matth.
2779 5116 2863 5169 i7.
2890 5114 2960 5169 26
2974 5116 3016 5185 ).
3041 5115 3190 5183 Quod
3216 5118 3375 5172 etiam
3397 5117 3484 5174 hic
3502 5120 3644 5178 facit.

2064 5201 2193 5255 Nam
2221 5213 2498 5273 postquam
2526 5204 2766 5271 dixerat,
2798 5204 2907 5275 Ego
2947 5207 3161 5259 sciebam
3190 5210 3309 5278 quia
3345 5226 3539 5281 semper
3564 5230 3642 5267 me

2065 5294 2210 5346 audis
2281 5294 2504 5359 addidit,
2523 5294 2630 5350 Sed
2647 5304 2851 5366 prapter
2875 5297 3069 5348 turbam
3089 5298 3491 5354 circuntstantem
3512 5303 3636 5365 dixi,

2065 5393 2120 5436 ut
2150 5385 2375 5438 credant.
2435 5388 2517 5438 An
2546 5394 2729 5439 nostra
2770 5384 2883 5438 haec
2917 5386 3077 5439 sunt?
3122 5403 3190 5441 an
3220 5388 3449 5444 humana
3503 5406 3634 5447 eon-

2060 5473 2265 5542 jeetura
2287 5477 2312 5529 ‘l
2337 5475 2477 5528 Cum
2499 5489 2627 5545 ergo
2648 5474 2767 5544 quis
2793 5489 2861 5530 ex
2881 5476 3092 5544 scriptis
3113 5493 3171 5531 sc
3192 5478 3500 5547 persuaderi
3539 5497 3643 5534 nun

2065 5564 2293 5633 patitur,
2325 5565 2465 5631 quod
2492 5565 2592 5634 ipsi
2622 5564 2688 5620 de
2714 5564 3114 5621 sublimioribus
3141 5568 3571 5637 offenderemur,
3602 5574 3643 5626 is

2064 5654 2284 5711 audiens
2323 5656 2594 5712 Christum
2624 5656 2890 5714 dicentem
2918 5674 2975 5714 se
3007 5658 3127 5716 idco
3159 5660 3378 5718 humilia
3406 5661 3550 5733 loqui
3582 5680 3669 5719 ne;
