4094 6204
397 318 501 376 557

400 449 684 513 inﬁrmius,
713 448 759 503 si
794 447 867 502 illi
899 444 1219 516 precandum
1248 444 1338 498 luit
1366 443 1390 497 ?
1418 441 1521 499 Sed
1552 441 1825 495 videamus
1848 453 1967 508 qua:

397 538 468 593 sit
491 538 665 592 oratio
697 554 712 591 :
755 534 932 599 Pater,
977 536 1170 606 gratias
1205 549 1303 604 ago
1346 532 1454 597 tibi,
1482 533 1601 601 quia
1642 531 1830 584 audisti
1869 546 1966 583 nte.

398 628 528 696 Quis
554 641 803 697 umquam
830 625 899 679 ita
929 634 1172 694 precatus
1193 624 1317 679 est?
1342 622 1653 691 Priusquam
1678 620 1804 690 quid
1829 619 1969 674 aliud

400 718 665 786 loquatur,
704 716 853 780 dicit,
885 715 1087 770 Gratias
1123 731 1225 782 ago
1262 716 1370 779 tibi,
1403 712 1689 769 ostendens
1714 727 1772 767 se
1803 712 1973 780 preci-

403 807 499 860 bus
537 821 644 860 non
687 820 868 876 egere.
916 804 1028 877 Ego
1065 815 1231 859 autem
1260 802 1473 859 sciebam
1514 803 1632 873 quia
1660 818 1852 873 semper
1894 818 1973 855 me

400 896 545 950 audis
573 898 612 949 ί.
667 895 779 951 lIoc
806 895 971 962 dixit,
1003 911 1108 950 non
1148 895 1290 965 quod
1334 895 1447 964 ipse
1491 908 1596 948 non
1632 902 1847 962 posset,
1877 892 1969 947 sed

401 985 539 1057 quod
589 1002 689 1040 una
730 997 871 1041 esset
907 987 1168 1040 voluntas.
1210 983 1318 1041 Cur
1356 984 1603 1055 precandi
1639 984 1807 1040 forma
1846 1001 1975 1041 usus

400 1086 483 1133 est
508 1077 533 1131 Ἰ
558 1077 675 1132 Non
704 1093 810 1142 me,
841 1077 934 1132 sed
962 1078 1109 1132 illum
1138 1077 1401 1132 dicentem
1429 1077 1551 1131 audi
1580 1093 1594 1129 :
1626 1075 1845 1146 Propter
1869 1077 1973 1131 cir-

402 1176 726 1222 cumstantem
755 1168 951 1221 turbam
971 1208 987 1233 ,
1019 1177 1076 1220 ut
1100 1176 1398 1237 cognoscunt
1436 1167 1553 1233 quia
1587 1175 1641 1219 tu
1668 1183 1747 1220 me
1770 1166 1970 1221 misisti.

403 1256 518 1311 Non
543 1257 700 1320 dixit.
731 1257 800 1313 Ut
832 1266 1154 1329 cognoscant
1181 1274 1267 1313 me
1300 1258 1558 1312 minorem
1588 1272 1706 1314 esse
1725 1299 1740 1323 ,
1768 1273 1855 1313 me
1878 1273 1971 1315 su-

405 1366 565 1418 perna
597 1352 766 1420 gratia
803 1366 980 1421 egere,
1029 1360 1083 1406 et
1116 1352 1234 1406 sine
1278 1351 1581 1421 precatione
1618 1353 1831 1420 operari
1868 1367 1971 1406 non

404 1455 560 1510 pOSSe
593 1459 608 1504 ;
640 1442 764 1507 sed,
799 1443 929 1509 Quia
959 1454 1013 1496 tu
1057 1459 1135 1496 me
1168 1443 1365 1497 misisti.
1413 1442 1535 1497 Haec
1572 1443 1764 1513 quippe
1796 1443 1969 1497 omnia

405 1531 640 1598 precatio
683 1531 975 1601 signiﬁcat,
1021 1534 1064 1587 si
1109 1534 1418 1603 simpliciter
1458 1532 1604 1587 illam
1630 1534 1971 1613 accipiamus.

402 1618 517 1674 Non
547 1620 701 1688 dixit,
733 1621 913 1677 Misisti
958 1638 1043 1677 me
1069 1624 1356 1687 inﬁrmum,
1382 1623 1651 1677 servitutis
1676 1624 1972 1691 conscium,

404 1711 492 1780 qui
525 1711 655 1765 nihil
687 1728 750 1766 ex
780 1728 865 1767 me
893 1727 1108 1782 possum
1144 1729 1160 1777 ;
1190 1714 1281 1768 sed
1306 1713 1387 1767 his
1412 1713 1590 1768 missis
1617 1715 1882 1781 omnibus,
1907 1730 1976 1770 ne

402 1802 598 1870 aliquid
644 1803 831 1858 horum
880 1804 1206 1874 suspiceris,
1256 1820 1434 1860 veram
1471 1804 1717 1873 precandi
1758 1820 1973 1861 causam

403 1892 579 1959 aﬁert,
613 1892 688 1948 Ne
731 1910 817 1949 me
865 1894 972 1949 Deo
1012 1895 1371 1949 adversarium
1414 1904 1658 1964 putarent
1689 1912 1703 1961 ;
1732 1910 1800 1950 ne
1827 1896 1975 1952 dice-

403 1990 544 2040 rent.
570 1983 682 2037 Non
708 1995 791 2038 est
828 2000 893 2040 ex
929 1985 1074 2050 Deo;
1109 1995 1164 2039 ut
1191 1985 1469 2040 ostendam
1498 2000 1609 2040 rem
1639 1985 1828 2041 factam
1855 2001 1976 2044 esse

402 2074 690 2127 secundum
738 2076 1063 2129 voluntatem
1106 2086 1290 2141 tuam;
1334 2091 1398 2129 ac
1440 2076 1484 2129 si
1512 2076 1750 2143 diceret,
1777 2078 1833 2135 Si
1866 2078 1977 2134 Deo

402 2167 702 2221 contrarius
727 2180 935 2231 essem,
966 2182 1054 2222 res
1098 2184 1204 2221 non
1250 2169 1612 2239 processisset.
1660 2170 1791 2225 Illud
1826 2186 1974 2238 vero,

404 2255 603 2309 Audiui
649 2272 728 2310 me
748 2296 765 2325 ,
808 2256 968 2311 etiam
1001 2257 1139 2312 inter
1167 2258 1367 2312 amicos
1406 2258 1601 2313 dicitur
1634 2269 1692 2315 et
1719 2261 1972 2330 aequales.

403 2344 515 2417 Ego
544 2355 709 2402 autem
739 2347 951 2401 sciebam
985 2349 1103 2418 quia
1131 2364 1327 2418 semper
1354 2365 1431 2402 me
1455 2351 1644 2415 audis;
1674 2350 1725 2406 id
1758 2360 1861 2416 est,
1909 2350 1979 2406 Ut

404 2438 651 2494 voluntas
693 2455 809 2495 mea
854 2440 982 2508 ﬁat,
1009 2456 1113 2497 non
1142 2443 1577 2513 egeo-precibus;
1607 2445 1699 2500 sed
1728 2444 1830 2500 hoc
1858 2444 1979 2500 dico

408 2540 466 2585 ut
495 2530 599 2586 illis
627 2532 881 2589 suadeam
921 2535 1013 2589 tibi
1052 2543 1109 2589 et
1142 2535 1269 2589 mihi
1299 2551 1455 2589 unam
1484 2551 1603 2591 esse
1626 2536 1973 2593 voluntatem.

402 2621 511 2678 Cur
553 2637 684 2691 ergo
730 2625 961 2693 precaris
984 2627 1009 2678 ‘t
1049 2625 1276 2694 PrOpter
1316 2626 1556 2679 inﬁrmos
1579 2638 1634 2681 et
1661 2628 1974 2682 crassiores.

405 2713 494 2766 43.
541 2711 606 2765 Et
649 2728 763 2766 cum
805 2715 912 2767 Illac
942 2715 1165 2778 dixisset,
1196 2715 1429 2769 clamauit
1466 2732 1586 2771 rore
1625 2733 1828 2788 magna.
1871 2715 1980 2773 Cur

409 2818 511 2857 non
538 2804 692 2868 dixit,
724 2804 778 2858 In
813 2806 1027 2861 nomine
1055 2807 1224 2862 Patris
1249 2809 1354 2863 mei
1382 2809 1502 2863 veni
1530 2808 1674 2865 foras
1700 2810 1725 2864 2
1752 2825 1849 2866 cur
1869 2826 1979 2868 non

409 2893 557 2959 dixit,
590 2894 796 2951 Suscita
829 2896 997 2961 illum,
1027 2896 1182 2952 Pater
1207 2898 1231 2951 ἲ
1257 2898 1351 2954 sed
1382 2899 1465 2954 his
1507 2900 1682 2956 missis
1709 2902 1979 2971 omnibus,

410 2997 787 3057 assumptoquc
816 2989 1081 3056 precantis
1106 2988 1307 3055 habitu,
1350 2991 1509 3046 rebus
1532 2991 1660 3061 ipsis
1686 2994 1980 3049 auctorita-

415 3082 519 3127 tem
547 3076 877 3131 demonstrat
900 3077 925 3131 ?
950 3077 1080 3145 Quin
1109 3077 1209 3133 hoc
1235 3079 1509 3149 sapientia:
1531 3094 1641 3137 suae
1669 3090 1770 3148 est,
1802 3082 1979 3142 verbis

416 3163 802 3231 humilitatem,
853 3169 1101 3236 operibus
1148 3172 1433 3238 potentiam
1484 3170 1787 3227 ostendere.
1845 3171 1979 3239 Quia

421 3257 560 3312 enim
584 3258 723 3311 nulla
751 3257 850 3312 alia
881 3258 946 3313 de
976 3273 1035 3313 re
1063 3267 1306 3329 poterant
1337 3260 1484 3314 illum
1518 3274 1793 3329 accusare,
1820 3277 1979 3333 quam

415 3346 556 3417 quod
586 3363 690 3402 non
720 3357 861 3403 esset
885 3364 953 3403 ex
984 3349 1095 3403 Deo
1114 3390 1129 3415 ,
1151 3359 1203 3403 et
1231 3352 1308 3404 sic
1334 3350 1719 3406 multitudinem
1744 3350 1979 3421 decipie-

414 3436 578 3504 bant;
621 3437 739 3492 ideo
768 3452 834 3493 ex
879 3439 1165 3493 abundanti
1209 3439 1338 3493 illud
1367 3439 1542 3495 verbis
1580 3441 1691 3496 suis
1718 3440 1980 3508 ostendit,

412 3542 477 3582 eo
513 3544 620 3598 quo
664 3528 940 3583 inﬁrmitas
986 3528 1194 3583 illorum
1238 3530 1478 3601 exigebat
1526 3531 1709 3590 modo.
1763 3533 1981 3588 Poterat

414 3618 553 3675 enim
597 3619 701 3674 alio
738 3619 897 3674 modo
923 3619 1261 3675 concordiam
1301 3620 1588 3678 ostendere
1623 3638 1724 3677 una
1752 3638 1873 3679 cum
1898 3624 1982 3680 di-

414 3712 613 3779 gnitate
659 3727 753 3767 sua
784 3728 798 3777 ;
834 3712 927 3767 sed
974 3728 1040 3768 eo
1090 3714 1241 3768 turba
1292 3715 1573 3784 pervenire
1613 3730 1719 3771 non
1752 3726 1982 3786 poterat.

418 3803 574 3870 Dixit,
606 3805 696 3860 45.
728 3803 941 3871 Lazare,
965 3808 1075 3859 ueni
1112 3810 1267 3878 foras.
1298 3806 1411 3863 Hoc
1437 3818 1536 3874 est,
1565 3808 1703 3880 quod
1731 3810 1941 3866 dixerat
1967 3828 1983 3867 :

426 3894 570 3950 I'enit
603 3899 750 3963 hora,
779 3899 981 3969 quando
1006 3899 1190 3952 mortui
1219 3899 1423 3953 audient
1451 3916 1615 3955 uocem
1643 3899 1768 3957 Filii
1795 3901 1910 3968 Dei,
1942 3912 1987 3957 et

417 3991 501 4058 qui
545 3991 836 4055 audierint,
882 3991 1040 4045 vivent
1065 3988 1256 4064 (Joan.
1286 3992 1340 4047 5.
1380 3990 1511 4062 28).
1542 3991 1620 4048 Ne
1655 4002 1804 4062 putes
1846 3993 1987 4049 enim

421 4081 568 4136 illum
597 4083 667 4137 ab
690 4083 862 4138 altero
894 4084 1139 4139 virtutem
1184 4085 1476 4153 accepisse,
1516 4084 1625 4154 jam
1669 4086 1913 4155 superius
1940 4096 1990 4142 te

419 4172 618 4238 docuit,
640 4184 695 4229 et
721 4175 770 4228 id
792 4174 1041 4243 operibus
1066 4173 1315 4229 ostendit.
1330 4174 1443 4229 Non
1464 4174 1616 4238 dixit,
1637 4174 1807 4245 Surge
1831 4192 1846 4242 ;
1872 4177 1988 4244 sed,

431 4264 556 4320 I'eni
593 4267 766 4336 foras,
795 4278 1061 4322 mortuum
1093 4277 1358 4339 tamquam
1395 4269 1661 4324 viventem
1687 4268 1988 4339 alloquens.

492 4360 547 4414 5.
586 4357 724 4427 Quid
773 4358 897 4414 huic
945 4360 1189 4429 potestati
1239 4374 1333 4429 par
1380 4358 1762 4428 fueritiQuOd
1793 4360 1838 4415 si
1887 4376 1991 4414 non

426 4451 635 4520 propria
684 4451 880 4506 virtute
927 4450 1028 4504 hoc
1073 4450 1218 4514 fecit,
1265 4450 1390 4520 quid
1436 4449 1557 4520 plus
1594 4450 1807 4506 habebit
1835 4466 1993 4520 quam

423 4541 669 4612 apostoli,
701 4541 791 4611 qui
832 4542 1014 4596 dicunt
1046 4559 1061 4594 :
1097 4542 1229 4607 Quid
1268 4541 1410 4596 nobis
1436 4541 1709 4608 attenditis,
1742 4552 1995 4612 tamquam

426 4634 631 4703 prOpria
672 4634 850 4686 uirtute
891 4643 977 4687 aut
1027 4634 1213 4705 pietate
1254 4633 1521 4703 fecerimus
1562 4632 1694 4686 [tunc
1735 4634 1997 4689 ambulare

426 4723 558 4792 (Act.
589 4725 640 4778 '5.
670 4721 759 4795 I2)
786 4723 810 4777 ?
839 4722 967 4778 Nam
1018 4725 1061 4778 si
1108 4741 1210 4776 nun
1256 4724 1463 4792 propria
1511 4723 1704 4778 virtute
1750 4724 1993 4789 faciebat,

429 4826 521 4868 cur
552 4828 656 4867 non
687 4814 879 4883 adjecit
909 4814 958 4868 id
992 4813 1130 4882 quod
1161 4815 1385 4882 apostoli
1424 4815 1489 4867 de
1514 4829 1573 4869 se
1597 4814 1842 4870 dicebant
1868 4816 1892 4869 Ἰ
1926 4817 1998 4871 Ita

427 4913 572 4959 certe
614 4904 689 4960 illi
738 4905 994 4974 majorem
1037 4903 1423 4974 philosophiam
1466 4914 1521 4959 et
1548 4907 1792 4960 virtutem
1839 4922 1997 4961 exer-

428 4994 655 5058 cuerint,
684 4995 771 5063 qui
799 4996 1017 5064 gloriam
1053 4996 1427 5064 prOpttisaritu.
1454 4995 1519 5050 Et
1539 4996 1687 5061 alibi,
1720 4994 1847 5061 Viri,
1879 4997 2001 5065 quid

431 5084 538 5139 lucc
556 5086 722 5157 facitis
743 5085 768 5139 ?
790 5083 994 5139 Similes
1013 5085 1147 5138 vobis
1167 5085 1391 5138 homines
1409 5102 1579 5139 sumus
1594 5084 1754 5156 (Ibid.
1779 5089 1864 5143 14.
1888 5087 2001 5156 14).

431 5175 564 5231 Num
593 5176 821 5246 apostoli
863 5177 984 5246 quia
1012 5177 1143 5231 nihil
1174 5192 1266 5246 per
1295 5177 1664 5242 seiaciebant,
1694 5177 1811 5234 hmo
1849 5179 2000 5235 dixe-

432 5276 587 5333 runt,
619 5275 678 5321 ut
725 5267 826 5321 hoc
861 5268 1032 5337 ipsum
1064 5266 1447 5336 persuaderent
1475 5282 1491 5331 ;
1521 5266 1608 5322 ille
1640 5282 1769 5322 vero
1795 5270 1839 5322 si
1867 5268 2003 5324 hanc

494 5466 509 5496 ¹
545 5469 893 5536 calamum-
917 5462 1104 5536 hahezu
1127 5476 1198 5536 τηε
1221 5470 1539 5536 Metanira
1560 5460 1688 5536 εντίιη
1709 5461 1894 5536 υοίο..ιτι
1926 5466 2001 5527 ία-

578 5522 872 5598 ίξιςιῑιίὲςρυῖε
893 5532 1029 5598 Wet
1046 5522 1249 5598 εθνὲίιιέ
1269 5522 1662 5598 conmittes?
1682 5536 1791 5598 «ξιιεη
1814 5525 1875 5598 iis
1893 5522 2004 5588 (ιη

432 5586 480 5634 in
505 5581 653 5634 textu
669 5581 937 5645 habentut‘,
957 5587 1031 5636 sic
1044 5619 1059 5644 ,
1089 5601 1113 5632 ι
1134 5594 1232 5650 Ego
1259 5581 1418 5634 autém
1680 5583 1794 5654 quia
1814 5581 2003 5649 semper

432 5658 507 5694 me
530 5644 672 5694 audis
693 5657 706 5693 :
729 5656 1037 5709 animumque
1057 5644 1183 5709 enim
1200 5645 1302 5696 uolo
1320 5651 1371 5694 tu
1391 5644 1529 5709 fucus.
1547 5658 1572 5688 s
1599 5643 1691 5692 sed
1712 5657 1818 5694 sine
1841 5652 2001 5698 uanu-

432 5708 725 5770 scriptorum
744 5703 1029 5756 auctoritate
1045 5706 1161 5758 nihil
1178 5703 1400 5772 jungere'
1411 5703 1663 5755 audemus.

1416 306 1481 362 IN
1518 301 1826 362 JOANNEM
1865 298 2095 356 IlOMIL.
2135 299 2317 356 LXIV.
2348 302 2417 356 al.
2460 301 2636 358 LXIII.

3555 319 3656 374 35%

2076 411 2143 467 de
2169 427 2228 466 se
2268 416 2575 484 opinionem
2607 417 2908 484 habuisset,
2933 435 3108 475 annon
3138 423 3347 481 illorum
3377 431 3635 485 existima.

2079 503 2276 560 tionem
2302 506 2606 572 amovissct,
2631 507 2730 562 nisi
2757 524 2849 561 sua
2870 512 3183 567 auctoritate
3203 494 3465 582 operatus
3477 532 3616 575 e-svt
3643 524 3665 575 ?

2079 594 2261 663 ecquis
2304 594 2405 650 hoc
2436 596 2684 651 dixerit?
2726 599 2880 668 Atqui
2921 610 3101 655 contra
3145 602 3374 673 loquitur
3414 606 3662 664 Christu~

2076 681 2260 737 dicens
2286 705 2299 739 :
2326 682 2541 755 PrOpter
2560 687 2957 743 circumstantem
2976 692 3169 746 turbam
3192 696 3319 761 dixi,
3351 708 3404 751 ut
3425 701 3652 757 credant.

2080 772 2259 841 Itaque
2307 774 2351 827 si
2402 776 2790 845 credidissent,
2821 794 2928 834 non
2973 797 3106 852 opus
3154 796 3270 841 erat
3301 792 3565 857 precibus.
3599 795 3653 847 Si

2079 870 2256 915 autem
2291 866 2494 932 precari
2530 866 2799 937 indignum
2831 870 2949 938 ipso
2985 889 3088 928 non
3115 886 3248 937 erat.
3277 892 3373 933 cur
3398 881 3501 936 illis
3530 900 3653 938 cau-

2078 965 2191 1005 sam
2219 953 2440 1022 impntet
2464 955 2488 1008 ?
2511 972 2606 1011 cur
2633 974 2737 1012 non
2760 960 2916 1027 dixit,
2950 963 3011 1018 Ut
3042 967 3259 1021 credant
3287 985 3372 1025 me
3399 988 3502 1026 non
3534 989 3654 1030 esse

2081 1041 2173 1095 tibi
2222 1046 2479 1113 tequidem
2509 1046 2533 1099 ?
2560 1050 2839 1117 oportebat
2869 1054 3009 1107 enim
3050 1057 3120 1111 ob
3161 1058 3306 1115 illam
3346 1065 3651 1132 Opinionem

2079 1131 2146 1187 ad
2175 1132 2277 1188 hoc
2294 1135 2492 1191 venire.
2518 1137 2622 1193 Sed
2653 1156 2773 1195 cum
2801 1142 2966 1213 legem
2990 1148 3199 1207 solvere
3232 1153 3651 1227 existimabatur,

2080 1221 2186 1277 illis
2229 1224 2358 1278 nihil
2395 1226 2783 1294 proferentibus
2826 1233 2939 1303 ipse
2980 1236 3176 1293 dictum
3205 1248 3468 1314 expressit
3497 1267 3511 1301 :
3540 1221 3654 1305 No:

2081 1313 2166 1366 lite
2186 1323 2364 1382 putare
2394 1316 2511 1387 quia
2540 1323 2650 1372 veni
2675 1322 2864 1377 solvere
2884 1326 3040 1396 legem
3063 1329 3274 1400 (Matth.
3298 1336 3350 1391 5.
3380 1339 3446 1392 l7
3470 1341 3489 1410 )
3520 1359 3533 1405 ;
3566 1345 3652 1398 hic

2080 1418 2207 1459 vero
2230 1405 2531 1475 Opinionem
2561 1411 2750 1466 lirmat.
2782 1412 2835 1468 lu
2863 1430 3087 1485 summa,
3111 1423 3235 1491 quid
3257 1441 3391 1496 opus
3407 1405 3520 1485 erat
3544 1434 3651 1488 cir-

2080 1494 2312 1550 cuitione
2337 1505 2391 1551 et
2414 1499 2814 1568 mnigmatibus?
2841 1505 2983 1562 Satis
3008 1520 3122 1565 erat
3139 1494 3360 1582 dixisse,
3392 1518 3505 1574 Non
3530 1537 3646 1578 sum

2080 1584 2328 1653 mqualis,
2378 1595 2433 1640 et
2474 1604 2585 1643 rem
2636 1592 2865 1648 solvere.
2910 1598 3045 1662 Quid
3089 1604 3467 1671 ergo?atmuu
3498 1611 3649 1677 dixit,

2084 1673 2323 1744 inquies,
2358 1675 2475 1731 Non
2501 1681 2637 1749 facio
2666 1684 2971 1740 voluntatem
3001 1706 3159 1744 meam
3183 1695 3210 1747 .9
3229 1693 3335 1752 Sed
3368 1699 3492 1755 illud
3522 1673 3647 1759 sub:

2082 1764 2309 1819 obscure
2347 1766 2498 1831 dixit,
2529 1778 2583 1823 et
2611 1782 2826 1841 propter
2863 1791 3047 1831 eorum
3088 1781 3522 1857 imbecillitatem,
3560 1810 3652 1849 ea-

2083 1853 2204 1949 dem
2236 1856 2304 1911 de
2328 1872 2512 1927 causa,
2541 1878 2643 1931 qua
2682 1867 2842 1921 etiam
2891 1881 3137 1937 precatus
3169 1887 3268 1931 est.
3312 1879 3445 1949 Quid
3473 1853 3649 1942 autem

2082 1944 2180 2044 sibi
2227 1949 2336 2002 vult
2372 1950 2524 2017 illud,
2557 1953 2808 2018 Quoniam
2850 1962 3040 2016 audisti
3074 1981 3153 2019 me
3179 1944 3356 2027 211οέ
3385 1985 3484 2044 est,
3513 1977 3653 2035 Nihil

2248 2054 2335 2138 me
2362 2051 2415 2138 et
2442 2050 2495 2098 te
2517 2048 2841 2104 contrarium
2879 2061 2979 2107 est.
3008 2035 3655 2138 Quemadmodum'igitnr

2083 2126 2234 2233 illud,
2260 2129 2456 2187 Audisti
2478 2150 2575 2203 me,
2599 2152 2704 2192 non
2730 2142 2991 2211 signiﬁcat
3011 2147 3178 2218 ipsum
3207 2169 3310 2207 non
3334 2172 3489 2226 posse
3509 2126 3651 2233 (itam

2082 2220 2129 2277 si
2158 2221 2260 2278 hoc
2283 2236 2445 2293 esset,
2474 2244 2577 2282 non
2606 2230 2912 2300 impotentia
2935 2239 3129 2307 solum,
3157 2244 3250 2298 sed
3273 2220 3651 2317 et—ignorhntia

2084 2322 2249 2379 esset,
2277 2314 2536 2386 siquidem
2566 2330 2692 2376 ante
2728 2327 3084 2392 precationem
3124 2314 3437 2393 nescivissct
3491 2344 3652 2400 Deum

2082 2415 2420 2460 assensurum
2452 2423 2572 2465 esse
2601 2426 2618 2465 :
2645 2413 2691 2467 si
2719 2429 2845 2470 vero
2873 2416 3168 2490 ignorabat,
3199 2431 3464 2495 quomodo
3489 2434 3649 2500 dixit,

2093 2491 2236 2548 Vado
2260 2505 2314 2548 ut
2352 2500 2586 2553 suscitem
2625 2517 2738 2556 eum
2765 2506 2792 2559 ξ)
2833 2522 2933 2561 nee
2972 2510 3138 2577 dixit,
3175 2491 3317 2573 vado
3348 2491 3656 2590 precaturus

2082 2584 2318 2690 ‘Patrem,
2347 2599 2403 2690 ut
2428 2593 2647 2690 suscitet
2671 2595 2834 2673 eum)
2876 2617 2890 2653 :
2921 2584 3385 2682 quemadmodum,
3419 2617 3653 2690 inquam,

2083 2674 2187 2732 hoc
2224 2693 2330 2734 non
2366 2681 2776 2754 imbecillitatis,
2807 2691 2900 2746 sed
2931 2700 3231 2756 concordiae
3252 2715 3332 2759 est
3407 2674 3654 2765 Sic-cili:

2083 2768 2432 2871 hum-Semper
2455 2792 2534 2831 me
2546 2779 2711 2834 audis.
2733 2782 2840 2871 aut
2865 2785 2964 2842 hoc
2990 2788 3293 2862 dicendum,
3321 2768 3407 2853 aut
3439 2817 3651 2871 respuu-

2082 2852 2333 2924 dendum,
2369 2858 2482 2915 haec
2512 2873 2728 2932 propter
2749 2866 2957 2925 illorum
2988 2852 3292 2942 Opinionem
3311 2852 3448 2939 dicta

2085 2946 2238 3013 Quod
2281 2952 2326 3005 si
2356 2968 2457 3009 nec
2497 2955 2792 3045 ignorabat,
2839 2976 2938 3016 nec
2982 2965 3277 3024 imbecillus
3322 2983 3457 3041 erat,
3488 2977 3656 3045 palum

2084 3047 2167 3093 est
2192 3039 2342 3096 illum
2373 3042 2494 3098 ideo
2523 3038 2747 3102 humilia
2773 3049 2932 3104 verba
2967 3053 3239 3123 loquutnm
3269 3038 3450 3129 fuisse,
3488 3038 3548 3121 ut
3577 3070 3656 3123 vel

2085 3143 2150 3220 ex
2178 3130 2467 3203 hyperbole
2486 3138 2674 3195 credas
2692 3152 2746 3196 et
2764 3143 3005 3199 conﬁteri
3043 3152 3249 3220 cogaris
3269 3195 3284 3218 ,
3324 3156 3438 3211 haec
3463 3159 3660 3218 dixisse

2088 3219 2234 3275 illum
2264 3238 2368 3278 non
2396 3227 2686 3283 secundum
2714 3220 3023 3301 dignitatem
3049 3219 3220 3308 suam,
3243 3245 3338 3299 sed
3368 3250 3659 3306 secundum

2088 3310 2504 3399 imbecillitatem
2543 3319 2863 3380 auditorum.
2909 3324 3045 3392 Quid
3081 3344 3208 3399 ergo
3243 3334 3392 3389 aiunt
3426 3341 3661 3395 veritatis

2087 3398 2273 3459 hostes
2302 3404 2465 3461 iNon
2498 3408 2563 3463 ad
2595 3410 3011 3471 imbecillitatem
3044 3398 3341 3478 auditorum
3372 3426 3522 3493 dixit,
3555 3431 3664 3485 Au-

2049 3493 2208 3549 ‘disti
2252 3512 2377 3562 me;
2422 3499 2517 3555 scd
2563 3511 2619 3556 ut
2660 3506 2965 3562 ostenderet
2995 3513 3423 3578 prtecellentiam.
3469 3519 3662 3579 Verum

2089 3584 2192 3641 hoc
2235 3602 2340 3642 non
2384 3600 2500 3646 erat
2539 3595 2951 3663 prmcellentiam
2997 3601 3400 3675 demonstrare,
3444 3612 3537 3668 sed
3566 3614 3663 3670 ad-

2090 3678 2307 3778 modum
2344 3680 2612 3739 humiliter
2658 3702 2838 3758 agere,
2861 3694 3246 3767 ostendereque
3291 3716 3350 3756 se
3379 3702 3509 3759 nihil
3550 3709 3669 3778 plus

2091 3783 2263 3864 quam
2291 3769 2562 3864 hominem
2614 3774 2830 3834 habere.
2858 3779 2991 3837 Nam
3034 3791 3235 3854 precari
3282 3808 3386 3847 non
3427 3803 3509 3849 est
3537 3769 3658 3864 ὑεῖ,

2093 3874 2193 3914 nec
2217 3859 2331 3930 ejus
2355 3863 2445 3933 qui
2473 3864 2524 3919 in
2548 3866 2737 3923 eodem
2754 3870 2902 3926 sedet
2930 3873 3083 3928 solio.
3114 3876 3301 3934 Viden’
3318 3884 3456 3937 nulla
3482 3887 3582 3940 alia
3600 3859 3668 3942 de

2093 3963 2251 4005 causa
2291 3952 2357 4007 ad
2386 3953 2486 4010 hoc
2512 3959 2751 4023 venisse,
2784 3963 2883 4017 nisi
2925 3977 3143 4036 propter
3170 3985 3353 4026 eorum
3381 3974 3655 4033 increduli-

2096 4043 2303 4096 tatem?
2341 4045 2715 4104 Animadverte
2738 4065 2866 4122 ergo
2897 4069 3009 4109 rem
3042 4056 3210 4125 ipsam
3242 4059 3357 4131 ejus
3383 4069 3668 4122 auctorita—

2097 4140 2204 4186 tem
2253 4135 2541 4215 testiﬁcari.
2573 4138 2823 4207 Vocavit,
2854 4153 2910 4198 et
2954 4146 3148 4214 prodiit
3179 4164 3421 4208 mortuus
3455 4155 3667 4225 ligatus,

2096 4221 2232 4278 IIinc
2258 4240 2325 4279 ne
2354 4226 2625 4283 videretur
2651 4246 2735 4284 res
2760 4248 2881 4288 esse
2909 4236 3219 4304 phantasma
3263 4242 3282 4312 (
3305 4259 3425 4299 nam
3457 4221 3670 4315 prodire

2097 4311 2316 4383 ligatum
2348 4332 2452 4370 non
2482 4319 2658 4375 minus
2679 4324 3047 4382 admirandum
3076 4330 3372 4399 videbatur,
3400 4311 3556 4406 quam
3582 4355 3670 4394 rc-

2098 4405 2375 4477 surgere),
2401 4408 2568 4464 Iussit
2592 4414 2717 4466 solvi
2745 4415 2909 4484 illum,
2944 4427 3001 4472 ut
3035 4428 3311 4490 tangentes
3335 4437 3384 4480 et
3415 4405 3671 4484 acceden-

2101 4505 2181 4552 tes
2203 4498 2442 4555 viderent
2465 4517 2588 4557 vere
2617 4504 2764 4559 illum
2790 4499 2931 4568 ease.
2956 4510 3022 4564 Et
3046 4512 3199 4580 dixit,
3224 4516 3312 4570 Η.
3344 4518 3506 4574 Sinite
3530 4522 3675 4576 illum

2101 4587 2255 4641 abire.
2286 4589 2470 4645 Viden’
2491 4608 2648 4663 quam
2676 4597 2746 4651 sit
2764 4599 2969 4656 ahenus
2986 4617 3016 4656 a
3044 4603 3179 4658 fastu
3206 4606 3230 4659 ?
3255 4606 3369 4663 Non
3396 4610 3675 4669 duciteum

2103 4694 2306 4743 secum,
2342 4699 2513 4753 neque
2538 4688 2685 4756 sequi
2713 4703 2772 4744 se
2791 4688 2964 4760 jubet,
2994 4709 3061 4751 ne
3086 4696 3328 4753 videatur
3353 4715 3473 4757 sese
3493 4713 3678 4760 osten-

2106 4779 2218 4825 tare
2250 4790 2261 4823 :
2294 4780 2436 4829 tanta
2485 4777 2731 4834 utebatur
2781 4782 3059 4838 modestia.
3099 4785 3316 4858 Signum
3359 4800 3561 4849 tantum
3593 4799 3681 4852 alii

2108 4863 2458 4933 mirabantur,
2486 4866 2573 4921 alii
2603 4868 2885 4926 Pharismis
2924 4877 3321 4935 nuntiaverunt.
3353 4882 3491 4950 Quid
3526 4886 3683 4955 igitur

2107 4953 2222 5008 illi?
2241 4954 2371 5010 Cum
2402 4959 2579 5013 mirari
2610 4970 2663 5015 et
2689 4963 3065 5033 obstupescere
3092 4971 3437 5038 oportuisset,
3460 4953 3680 5030 consul-

2108 5051 2220 5100 tant
2245 5057 2302 5100 ut
2332 5049 2477 5104 illum
2521 5050 2860 5120 interﬁciant,
2886 5056 2976 5125 qui
3010 5066 3273 5115 mortuum
3303 5062 3595 5119 suscitavit.
3639 5066 3684 5120 Ο

2100 5136 2461 5207 insipientiam
2495 5141 2510 5197 !
2559 5141 2692 5195 Eum
2735 5143 2823 5212 qui
2854 5143 2906 5198 in
2951 5145 3072 5202 aliis
3112 5151 3426 5219 corporibus
3454 5162 3680 5210 mortem

2108 5237 2482 5296 superaverat,
2507 5232 2662 5285 morti
2690 5246 2748 5286 se
2774 5232 3059 5291 tradituros
3081 5251 3201 5293 esse
3225 5241 3498 5310 putabant,
3518 5252 3573 5299 et
3601 5244 3678 5299 di-

2107 5326 2269 5382 cunt,
2322 5319 2411 5373 ιτ.
2447 5319 2585 5385 Quid
2622 5322 2868 5388 facimus,
2908 5325 3027 5395 quia
3057 5327 3138 5380 Itic
3165 5328 3317 5383 homo
3345 5332 3502 5386 multa
3537 5332 3681 5405 signa

2109 5406 2230 5478 facit
2254 5407 2283 5462 ἵ
2309 5407 2590 5463 Hominem
2639 5410 2786 5466 illum
2817 5415 2993 5471 adhuc
3035 5426 3257 5486 vocant,
3288 5420 3379 5491 qui
3426 5423 3567 5478 illius
3604 5424 3682 5479 di-

2112 5496 2344 5551 vinitatis
2384 5506 2582 5552 tantam
2622 5514 2943 5572 acceperant
2986 5505 3516 5566 demonstrationem.
3547 5512 3683 5579 Quid

2109 5586 2323 5655 facimus
2342 5588 2368 5641 .9
2388 5587 2619 5646 Credere
2644 5595 2943 5665 Oportebat,
2967 5598 3138 5668 ipsum
3160 5599 3337 5656 colere
3357 5607 3413 5657 et
3433 5600 3681 5670 adorare,

2111 5694 2283 5747 neque
2328 5680 2555 5748 amplius
2600 5685 2866 5744 hominem
2902 5688 3230 5748 existimare.
3262 5692 3351 5748 68.
3384 5692 3445 5750 Si
3474 5692 3680 5749 dimitti-
