4094 6204
448 269 552 325 559

447 401 558 438 mus
578 399 688 437 eum
711 381 805 446 sic,
829 379 1018 432 venient
1049 375 1286 442 Romani,
1313 376 1559 430 et.tollent
1582 383 1776 446 gentem
1803 382 2025 429 nostram

451 483 495 528 et
537 471 805 527 ciuitatem.
835 467 972 535 Quid
996 468 1167 523 facere
1194 466 1487 522 deliberant
1518 465 1581 521 ‘i
1610 465 1865 535 Populum
1890 479 2022 520 con-

446 566 613 618 citare
638 562 853 627 volunt,
884 569 942 615 ιιι
969 559 1386 629 periclitaturam
1417 559 1486 613 ob
1517 557 1812 629 tyrannidis
1850 555 2022 626 suspi-

444 656 675 710 cionem.
704 652 761 708 Si
798 652 1007 707 discant
1052 650 1273 704 Romani
1306 651 1477 717 ipsum
1517 651 1878 719 circumagere
1909 656 2021 701 tur-

445 747 587 811 ham,
616 760 715 800 nos
738 752 1010 813 suspectos
1038 742 1328 808 habebunt,
1378 752 1430 796 et
1475 742 1688 797 venient
1729 740 2019 810 tollentque

444 849 679 893 nostram
725 837 1012 892 civitatem.
1062 833 1170 889 Cur
1210 833 1437 904 (μιξεευῖ
1487 848 1614 886 num
1662 829 2016 888 defectionem

440 926 666 982 docebat
694 926 717 979 ?
745 939 923 980 nonne
943 923 1161 993 jubebat
1193 922 1445 976 tributum
1473 920 1599 975 dare
1637 918 1879 975 Caesari?
1919 933 2015 973 an-

444 1034 547 1070 non
571 1031 692 1071 cum
716 1016 862 1068 illum
886 1029 1065 1084 regem
1088 1012 1261 1067 facere
1276 1011 1555 1077 volebatis,
1578 1008 1819 1080 aufugit?
1837 1024 2013 1065 annon

445 1108 603 1162 vilem
633 1115 688 1161 et
705 1106 819 1160 sine
844 1104 985 1159 fastu
1016 1103 1176 1159 vitam
1203 1101 1449 1168 ducebat,
1479 1101 1596 1157 sine
1618 1101 1778 1155 domo
1817 1109 1872 1155 et
1896 1101 2013 1155 aliis

442 1199 742 1269 Iznjusmodi
768 1198 791 1251 ’ἔ
818 1197 943 1251 Hmc
967 1195 1232 1261 dicebant,
1266 1209 1372 1248 non
1404 1202 1721 1257 metuentes,
1744 1192 1836 1247 sed
1868 1192 2011 1247 invi-

437 1291 648 1343 dentes.
695 1287 887 1342 Verum
922 1287 970 1341 id
1015 1286 1270 1355 contigit,
1316 1284 1457 1353 quod
1491 1283 1706 1337 minime
1736 1292 2013 1350 exspecta-

437 1380 596 1442 bant,
625 1389 678 1436 et
707 1390 916 1449 gentem
955 1388 1009 1433 et
1045 1377 1227 1431 urbem
1258 1385 1507 1442 ceperunt
1536 1415 1550 1436 ,
1580 1373 1700 1442 quia
1738 1372 2007 1427 Christum

438 1473 535 1542 ipsi
568 1473 893 1527 occiderant.
925 1470 1093 1524 Erant
1131 1476 1279 1537 gesta
1328 1466 1472 1522 illius
1520 1465 1700 1535 procul
1730 1465 1873 1518 omni
1920 1478 2008 1518 su«

433 1565 693 1635 spicione.
722 1562 852 1618 Nam
883 1561 972 1632 qui
998 1574 1171 1628 azgros
1198 1557 1417 1613 sanabat
1444 1598 1460 1623 ,
1492 1558 1580 1627 qui
1607 1555 1863 1626 optimum
1888 1555 2008 1609 vitae

433 1658 727 1714 institutum
772 1654 1014 1721 docebat,
1049 1661 1104 1708 et
1131 1649 1453 1721 principibus
1480 1647 1929 1719 parerejubebat,
1963 1647 2009 1702 is

433 1764 537 1803 nou
580 1745 881 1812 allectabat,
911 1744 1002 1800 sed
1033 1741 1371 1814 propulsabat
1401 1739 1751 1812 tyrannidem.
1796 1741 1897 1804 At,
1927 1739 2007 1792 in-

431 1842 654 1911 quiunt,
687 1838 740 1895 id
777 1854 842 1894 ex
874 1834 1238 1905 superioribus
1263 1831 1645 1903 conjectamus.
1678 1828 1875 1885 Verum
1906 1828 2003 1898 ipsi

431 1928 787 1986 defectionem
817 1925 1099 1988 docebant,
1146 1939 1301 1977 secus
1345 1921 1455 1975 ille.
1504 1919 1693 1975 Viden'
1732 1919 1819 1973 illa
1865 1918 2002 1973 dicta

431 2019 825 2075 simulationem
854 2015 1067 2071 fuisse?
1108 2013 1242 2081 Quid
1272 2013 1414 2068 enim
1454 2011 1628 2066 simile
1675 2009 2004 2066 exhibebat?

428 2127 553 2168 num
578 2109 894 2166 satellitibus
932 2104 1272 2177 stipabatur?
1317 2119 1440 2157 num
1475 2117 1667 2157 currus
1711 2100 2002 2156 trahebat?

425 2217 602 2258 annon
630 2200 942 2257 solitudines
971 2198 1151 2253 obibat
1179 2196 1203 2250 ἲ
1230 2194 1335 2252 Sed
1367 2211 1434 2250 ne
1462 2194 1769 2250 viderentur
1795 2194 1907 2248 huic
1933 2209 1997 2249 ex

424 2292 586 2348 animi
627 2292 710 2347 sui
751 2289 939 2344 morbo
970 2288 1168 2349 dicere,
1215 2287 1483 2342 civitatem
1514 2294 1675 2339 totam
1711 2283 1993 2354 periclitari

423 2384 624 2449 dicunt,
653 2391 707 2438 et
734 2379 1037 2450 reipublicze
1066 2377 1286 2433 insidias
1316 2377 1509 2447 parari,
1539 2390 1701 2446 seque
1729 2375 1796 2430 de
1819 2385 1999 2432 extre-

423 2475 525 2530 mis
551 2483 808 2529 metuere.
851 2471 966 2526 Non
1007 2469 1121 2524 haec
1157 2468 1309 2523 vobis
1349 2467 1668 2538 captivitatis
1693 2483 1851 2522 causa
1882 2466 1993 2523 fue-

422 2574 582 2632 runt;
611 2562 707 2620 sed
748 2562 832 2618 bis
872 2560 1158 2624 contraria,
1190 2567 1244 2615 et
1272 2558 1409 2614 hanc
1434 2568 1488 2614 et
1516 2558 1915 2631 Babylonicam,
1943 2567 1999 2614 et

420 2658 565 2712 illam
607 2671 726 2728 qua:
767 2656 866 2711 sub
909 2652 1171 2709 Antiocho
1198 2651 1417 2720 contigit
1461 2660 1784 2720 pepererunt
1833 2667 1848 2705 :
1890 2665 1995 2705 non

418 2748 561 2819 quod
589 2746 729 2818 apud
758 2762 853 2801 vos
883 2745 976 2801 Dei
1002 2742 1236 2800 cultores
1275 2748 1476 2803 essent,
1508 2739 1601 2796 sed
1627 2740 1768 2810 quod
1814 2738 1994 2808 injusti

418 2851 474 2898 et
502 2842 670 2898 Deum
700 2841 970 2896 irritantes
998 2853 1015 2905 ;
1041 2836 1143 2892 hoc
1171 2848 1267 2890 vos
1294 2831 1547 2904 prodidit.
1569 2821 1769 2887 Verum
1800 2830 1993 2901 hujus-

415 2932 558 2989 modi
584 2946 668 2988 res
692 2942 773 2987 est
803 2928 997 2985 invidia
1027 2945 1044 2984 :
1068 2926 1199 2983 nihil
1224 2926 1475 2982 decorum
1502 2923 1631 2979 sinit
1677 2922 1877 2989 videre,
1897 2938 1992 2978 ex-

416 3007 614 3080 ciecato
641 3018 811 3078 semel
851 3019 1049 3075 animo.
1081 3016 1267 3073 Nonne
1297 3016 1454 3071 mites
1488 3029 1606 3070 esse
1635 3013 1878 3070 Christus
1904 3012 1996 3068 do—

413 3117 521 3172 cuit
535 3116 561 3170 ?
580 3129 758 3175 nonne
780 3113 949 3184 alapis
971 3124 1142 3167 caesos
1162 3110 1215 3164 in
1235 3109 1476 3175 dextera,
1497 3107 1719 3161 alteram
1742 3104 1993 3160 vertere?

414 3220 590 3262 nonne
632 3203 826 3274 injuria
851 3201 1075 3259 allectos
1104 3201 1335 3256 tolerare
1363 3198 1386 3252 2
1429 3214 1608 3254 nonne
1635 3197 1894 3267 majorem
1923 3195 1989 3251 ad

414 3299 550 3353 mala
590 3296 856 3367 patienda,
887 3309 1049 3366 quam
1088 3292 1177 3348 alii
1208 3292 1274 3347 ad
1304 3291 1446 3347 mala
1476 3290 1716 3346 facienda
1749 3290 1987 3344 animum

411 3390 714 3446 exhibere?
760 3387 1007 3443 liteccine
1055 3384 1384 3458 tyrannidem
1414 3381 1764 3439 all'ectantis?
1806 3384 1987 3437 annon

413 3483 589 3553 potius
609 3476 971 3550 prapuisantis
1001 3475 1026 3530 ?

481 3574 537 3628 4.
578 3570 777 3627 Verum
800 3609 817 3634 ,
848 3575 908 3622 ut
931 3566 1077 3631 dixi,
1107 3565 1284 3636 gravis
1311 3572 1395 3620 est
1423 3563 1617 3619 invidia
1639 3603 1654 3629 ,
1683 3571 1739 3620 et
1765 3563 1987 3618 simula-

407 3664 556 3719 tione
583 3660 757 3731 plens.
788 3657 915 3713 licet:
937 3655 1122 3712 orbem
1172 3655 1469 3711 innumeris
1519 3654 1761 3724 implevit,
1784 3654 1938 3709 malis
1968 3672 1985 3711 :

411 3754 573 3823 hujus
608 3747 782 3807 morbi
819 3761 1012 3813 causa,
1042 3746 1151 3802 rcis
1179 3754 1233 3802 et
1259 3745 1432 3801 noxiis
1456 3745 1738 3800 tribunalia
1768 3744 1983 3816 replen-

409 3853 497 3899 tur
529 3859 546 3899 :
585 3840 712 3896 hinc
743 3839 916 3895 oritur
957 3837 1138 3909 gloria:
1168 3846 1224 3893 et
1265 3836 1607 3908 pecuniarum
1647 3852 1821 3903 amor,
1864 3836 1988 3894 hinc

407 3949 562 3990 amor
588 3932 916 4005 principatus
933 3972 950 3997 ,
982 3930 1107 3985 hinc
1132 3928 1380 4000 superbia
1406 3915 1428 3982 i:
1462 3928 1584 3984 hinc
1613 3930 1714 3984 vim
1740 3929 1985 3986 scelestis

406 4022 730 4088 latronibus,
772 4036 922 4078 mare
964 4021 1148 4092 piratis
1176 4019 1455 4077 infestatur
1486 4037 1500 4073 :
1533 4020 1658 4077 hinc
1684 4020 1861 4077 caedes
1888 4037 1985 4093 per

404 4115 614 4183 orbem,
655 4112 783 4170 hinc
822 4125 990 4185 genus
1027 4120 1269 4168 nostrum
1307 4111 1647 4181 discerpitur.
1673 4111 1981 4181 Quodcum-

403 4221 510 4278 que
534 4206 731 4262 malum
761 4203 942 4271 vides,
986 4204 1111 4260 inde
1140 4204 1495 4275 proﬁciscitur
1527 4222 1541 4259 :
1572 4204 1675 4260 hoc
1710 4205 1763 4260 in
1796 4206 1983 4263 Eccle-

404 4298 513 4353 sias
553 4294 769 4367 irrepsit
807 4312 821 4350 :
859 4293 963 4351 hoc
989 4294 1193 4364 jamdiu
1239 4295 1514 4350 innumera
1551 4297 1760 4366 peperit
1791 4299 1932 4352 mala
1963 4314 1977 4351 :

399 4401 640 4443 amorem
666 4385 906 4457 pecuniae
932 4386 1127 4456 ubique
1150 4384 1353 4441 induxit
1384 4404 1399 4440 :
1431 4384 1519 4441 hic
1550 4386 1766 4443 morbus
1789 4397 1979 4442 cuncta

398 4478 679 4543 subvertit,
706 4476 964 4548 justitiam
995 4476 1231 4546 corrupit
1262 4474 1447 4548 (Dona
1470 4477 1647 4543 enim,
1673 4478 1863 4548 inquit,
1895 4494 1979 4531 sa-

399 4570 645 4640 pientium
681 4569 854 4624 oculos
892 4577 1147 4623 mtuant
1164 4610 1180 4636 ,
1221 4579 1270 4624 et
1322 4578 1577 4639 tamquam
1629 4574 1826 4641 [renum
1864 4571 1942 4625 ori
1958 4613 1974 4638 ,

397 4669 626 4714 avertunt
652 4660 991 4730 correptiones
1019 4657 1313 4732 [Eecli.20.
1334 4658 1464 4733 51])
1491 4679 1504 4714 :
1538 4661 1638 4717 hoc
1666 4676 1851 4721 servos
1882 4677 1977 4731 pro

398 4749 582 4805 liberis
616 4748 742 4805 facit
783 4766 799 4803 :
837 4749 905 4804 de
944 4749 1047 4805 hoc
1087 4748 1328 4819 quotidie
1373 4750 1707 4816 disserimus,
1752 4764 1806 4806 et
1844 4753 1976 4808 nihil

397 4838 724 4910 proﬁcimus.
760 4838 911 4896 Feris
940 4840 1152 4911 pejores
1180 4839 1459 4903 efﬁcimur,
1490 4842 1809 4911 pupillorum
1838 4842 1973 4898 bona

394 4931 663 5001 rapimus,
713 4928 901 4984 viduas
946 4928 1205 4985 uudamus
1227 4972 1242 4997 ,
1270 4944 1538 5001 pauperes
1568 4929 1809 4983 laedimus
1832 4969 1848 4995 ,
1894 4947 1973 4986 vae

457 5056 1645 5126 'Alllbabent:ottidestquodrohmtdicere?

1185 262 1243 319 S.
1277 261 1551 319 JOANNIS
1577 256 2045 318 CHRYSOSTOMI
2083 259 2395 317 ARCHIEP.
2439 263 2971 327 CONSTANTINOP.

3605 280 3709 338 επ.

2131 386 2293 443 super
2318 390 2395 428 va:
2421 375 2720 445 adjicimus.
2762 379 2849 435 Va:
2868 382 2993 436 mihi
3008 423 3023 449 ,
3047 384 3164 454 quia
3184 385 3338 454 periit
3360 386 3473 457 pius
3494 388 3558 443 de
3575 401 3710 446 terra

2131 462 2318 530 (Hicin.
2366 466 2416 518 7.
2467 465 2543 534 2).
2588 467 2835 525 Nostrum
2879 472 2989 541 jam
3029 482 3114 529 est
3155 473 3372 544 lugere;
3423 478 3530 533 imo
3578 480 3707 536 illud

2127 553 2363 623 quotidie
2399 555 2706 613 dicendum.
2736 559 2880 615 Nihil
2909 562 3174 631 precando
3205 566 3546 634 proficimus,
3579 572 3705 627 nihil

2126 661 2193 700 ex
2225 648 2463 702 consiliis
2492 659 2547 703 et
2572 652 2786 707 monitis
2816 653 3087 709 lucramur
3114 673 3128 710 :
3164 666 3327 712 restat
3357 668 3414 712 ut
3444 660 3705 733 lacrymas

2124 735 2426 793 fundamus.
2476 741 2603 795 Illud
2630 750 2685 797 ct
2713 741 2955 799 Christus
2984 746 3105 802 fecit
3137 764 3151 801 :
3180 764 3299 803 cum
3339 752 3502 806 multa
3546 753 3702 808 Jero-

2124 827 2345 897 solymis
2371 832 2567 886 monita
2597 831 2851 896 dedisset,
2881 849 3000 890 cum
3029 837 3079 891 id
3107 837 3208 891 illis
3236 839 3365 893 nihil
3398 842 3699 910 prodesset,

2120 933 2306 972 eorum
2342 920 2556 976 detlevit
2591 924 2906 980 czecitatetn.
2943 925 3053 980 Hoc
3074 935 3127 981 et
3152 930 3426 998 pmphette
3452 932 3650 987 faciunt
3684 951 3696 986 :

2119 1007 2224 1064 hoc
2265 1018 2320 1066 et
2362 1026 2460 1067 nos
2495 1029 2638 1069 nunc
2685 1014 2955 1070 faciamus.
2986 1017 3396 1088 Lacrymarum,
3442 1022 3696 1088 ﬂetuum,

2118 1103 2349 1171 ejulatus
2387 1121 2527 1160 nunc
2569 1114 2775 1175 tempus
2803 1116 2904 1164 est.
2935 1109 3244 1179 Opportune
3268 1111 3511 1169 dicamus
3540 1132 3554 1168 :
3595 1115 3694 1170 γο-

2120 1201 2230 1247 cate
2254 1193 2476 1264 lugentes
2502 1196 2765 1262 mulieres,
2805 1207 2849 1250 et
2888 1198 2956 1250 ad
2992 1201 3243 1268 sapientes
3281 1202 3495 1270 mittite,
3534 1214 3581 1257 et
3616 1206 3695 1259 lo-

2116 1291 2335 1348 quantur
2375 1281 2520 1352 (Jer.
2567 1282 2620 1338 9.
2663 1283 2792 1356 l7).
2825 1286 2912 1341 Sic
2942 1288 3076 1343 forte
3105 1292 3398 1358 poterimus
3451 1294 3692 1348 morbum

2117 1372 2329 1440 abigere
2356 1387 2538 1427 eorum
2576 1375 2664 1443 qui
2706 1376 2847 1430 aedes
2884 1377 3190 1446 splendidas
3220 1390 3534 1435 construunt
3560 1424 3574 1449 ,
3602 1385 3692 1453 qui

2115 1476 2178 1517 ex
2207 1462 2387 1531 rapina
2410 1477 2568 1533 agros
2593 1466 2693 1520 sibi
2723 1479 3054 1537 comparant.

2187 1555 2404 1621 Quinam
2425 1556 2524 1616 sint
2548 1573 2658 1611 vere
2684 1558 3221 1632 lugendi.—Lugendi
3240 1573 3446 1634 tempus
3462 1575 3543 1620 est
3563 1568 3688 1623 :sed

2114 1660 2320 1700 mecum
2363 1662 2457 1702 vos
2496 1648 2672 1719 lugete
2700 1652 2788 1720 qui
2820 1651 3021 1719 nudati,
3049 1655 3139 1725 qui
3169 1655 3277 1710 laesi
3303 1658 3433 1713 estis
3463 1675 3475 1712 :
3508 1668 3690 1715 vestro

2113 1735 2273 1792 luctui
2305 1737 2566 1810 iacrymas
2593 1756 2741 1796 meas
2773 1742 3000 1814 jungite.
3047 1745 3239 1801 Verum
3276 1764 3382 1802 non
3419 1762 3551 1816 nos,
3593 1750 3687 1806 sed

2110 1825 2228 1881 illos
2253 1827 2522 1898 lugeamus
2548 1846 2563 1883 :
2588 1845 2691 1885 non
2723 1846 2817 1887 vos
2843 1832 3117 1899 laeserunt,
3145 1836 3240 1892 sed
3268 1837 3366 1892 sibi
3394 1840 3685 1908 perniciem

2109 1915 2416 1971 intulerunt.
2455 1918 2558 1973 Vos
2582 1921 2725 1975 enim
2757 1937 2851 1991 pro
2878 1923 3067 1992 injuria
3101 1924 3241 1980 illata
3275 1941 3494 1997 regnum
3522 1930 3686 1984 caelo-

2109 2019 2224 2058 rtnu
2267 2005 2500 2067 habetis;
2531 2009 2602 2063 illi
2646 2025 2744 2079 pro
2784 2011 2933 2067 lucro
2972 2014 3289 2082 gehennam.
3334 2016 3458 2072 Ideo
3496 2019 3685 2080 melius

2107 2103 2188 2150 est
2217 2095 2372 2163 laedi,
2404 2112 2560 2167 quam
2589 2099 2804 2156 laedere.
2835 2101 3132 2173 Lugeamus
3160 2119 3286 2173 eos,
3317 2122 3423 2161 non
3453 2107 3681 2163 humano

2106 2183 2271 2252 luctu,
2302 2187 2396 2241 sed
2431 2202 2497 2243 ex
2526 2187 2721 2245 divinis
2745 2189 3034 2261 Scripturis
3071 2192 3375 2266 desumpta,
3413 2212 3516 2268 quo
3555 2212 3679 2268 pro-

2105 2278 2277 2347 phetae
2299 2278 2565 2334 luxerunt.
2595 2280 2802 2336 Acerbe
2825 2297 2945 2337 cum
2968 2283 3099 2339 lsaia
3128 2285 3427 2356 lugeamus,
3455 2298 3509 2344 et
3535 2288 3681 2345 dicao

2105 2382 2223 2423 mus
2268 2384 2285 2421 :
2348 2367 2433 2423 Va:
2472 2372 2887 2442 conjungentibus
2921 2373 3125 2428 domum
3176 2376 3380 2444 domui,
3415 2387 3461 2432 et
3502 2396 3682 2451 agrum

2103 2477 2226 2531 agro
2251 2461 2637 2531 adjicientibus,
2666 2472 2721 2515 ut
2746 2480 2778 2516 a
2814 2465 2974 2518 uicino
3003 2466 3197 2537 aliquid
3232 2472 3465 2538 auferant
3486 2511 3502 2537 ,
3532 2487 3681 2525 num-

2101 2553 2223 2622 quid
2243 2554 2525 2608 habitabilis
2544 2555 2641 2608 soli
2660 2556 2719 2608 in
2735 2563 2868 2609 terra
2884 2557 2910 2610 7
2933 2556 3126 2611 Domus
3149 2575 3346 2629 magna:
3363 2571 3408 2614 et
3427 2562 3675 2630 pulchr-te,

2101 2655 2149 2700 et
2175 2662 2275 2699 non
2300 2655 2444 2699 erunt
2468 2648 2554 2717 qui
2580 2648 2634 2700 in
2664 2648 2735 2702 eis
2763 2647 2983 2703 habitent
3027 2648 3179 2719 (lsai.
3211 2653 3264 2708 5.
3295 2651 3347 2708 8.
3375 2660 3421 2706 et
3448 2653 3524 2718 9).
3566 2653 3676 2709 Lu-

2099 2750 2318 2805 geamus
2340 2750 2459 2791 cum
2487 2736 2759 2805 Nahumo,
2792 2748 2847 2795 et
2886 2756 3006 2796 cum
3038 2741 3126 2796 illo
3164 2743 3400 2798 dicamus
3421 2785 3435 2811 ,
3473 2744 3563 2800 Vw
3587 2750 3675 2812 qui

2098 2826 2318 2894 cedi/ient
2358 2828 2411 2880 in
2448 2826 2610 2881 altum
2651 2829 2858 2884 domum
2900 2848 3044 2885 suam
3084 2831 3216 2901 (Jer.
3264 2833 3355 2888 εξ.
3389 2834 3478 2907 15)
3512 2853 3526 2889 :
3568 2837 3675 2891 imo

2099 2917 2372 2989 lugeamus
2399 2919 2534 2985 illos,
2560 2928 2618 2975 ut
2647 2928 2772 2979 tunc
2789 2920 3032 2977 Christus
3053 2922 3285 2987 Judaeos,
3315 2934 3369 2980 et
3394 2926 3633 2983 dicamus
3658 2947 3672 2983 :

2107 3011 2196 3067 Va:
2221 3011 2356 3066 vobis
2391 3011 2652 3087 diuitibus,
2694 3014 2813 3083 quia
2851 3015 3041 3069 habetis
3069 3018 3343 3071 mercedem
3385 3028 3594 3073 vestram
3629 3030 3675 3072 et

2095 3106 2483 3160 consolationem
2532 3105 2695 3176 (Luc.
2726 3105 2777 3162 6.
2806 3105 2935 3179 24).
2965 3106 3055 3163 Sic
3075 3149 3091 3173 ,
3123 3124 3307 3179 qumso
3327 3151 3342 3174 ,
3374 3124 3471 3166 nos
3497 3111 3675 3182 lugere

2095 3213 2201 3252 non
2241 3198 2557 3253 desistatnus
2594 3217 2608 3252 :
2642 3207 2695 3253 et
2723 3198 2822 3253 nisi
2853 3207 3003 3269 turpe
3033 3200 3135 3263 sit,
3169 3200 3480 3273 plangamus
3514 3218 3675 3273 super

2093 3288 2318 3345 fratrum
2350 3290 2646 3360 segnitiem.
2681 3289 2756 3344 Ne
2796 3289 3072 3361 lugeamus
3110 3291 3221 3361 jam
3260 3304 3548 3359 mortuum,
3580 3294 3672 3348 sed

2093 3390 2385 3450 raptorem,
2417 3396 2668 3446 avarum,
2699 3382 3041 3451 pecuniarum
3074 3391 3341 3437 amantem
3361 3425 3377 3449 ,
3403 3385 3672 3439 insatiabi-

2092 3470 2219 3527 lem.
2246 3467 2355 3525 Cur
2380 3481 2620 3527 mortuos
2646 3473 2903 3542 lugemus,
2938 3472 3085 3526 nullo
3109 3472 3317 3529 fructu?
3342 3475 3450 3531 llos
3488 3475 3671 3547 lugea-

2090 3577 2233 3629 mus,
2276 3562 2366 3633 qui
2407 3563 2597 3617 mutari
2632 3573 2874 3633 possunt.
2899 3563 3092 3618 Verum
3144 3566 3298 3620 nobis
3342 3566 3667 3635 lugentibus,

2090 3651 2190 3723 ipsi
2230 3651 2456 3708 fortasse
2495 3652 2689 3708 rident.
2733 3655 2802 3709 At
2847 3653 2949 3710 hoc
2986 3654 3197 3725 quoque
3240 3655 3382 3712 luctu
3420 3657 3667 3729 dignum,

2089 3744 2212 3814 quia
2234 3744 2410 3799 rident
2433 3745 2502 3799 de
2526 3743 2719 3814 quibus
2740 3744 2921 3817 lugere
2943 3755 3232 3815 oporteret.
3258 3749 3311 3802 Si
3338 3747 3460 3801 lletn
3483 3758 3670 3803 u0stro

2090 3843 2457 3896 moverentur,
2486 3833 2802 3889 cessandum
2842 3850 2870 3887 a
2909 3834 3052 3890 luctu
3093 3845 3269 3899 esset,
3300 3851 3420 3891 cum
3452 3837 3526 3890 illi
3549 3837 3663 3905 jam

2087 3924 2155 3980 ad
2194 3923 2622 3979 emendationem
2663 3933 2947 3995 pergerent
2995 3943 3008 3980 :
3047 3939 3231 3980 verum
3271 3926 3390 3995 quia
3430 3926 3505 3979 illi
3547 3926 3664 3982 sine

2087 4030 2247 4071 sensu
2278 4013 2453 4083 supini
2479 4013 2679 4084 jacent,
2710 4029 2809 4069 nos
2835 4014 3012 4069 flendo
3042 4014 3415 4085 persistamns,
3446 4028 3550 4068 non
3580 4013 3664 4068 di-

2086 4108 2222 4163 vites
2261 4115 2463 4160 tantum
2486 4146 2502 4171 ,
2541 4105 2634 4160 sed
2669 4106 2829 4161 etiam
2868 4107 3109 4176 pecunite
3146 4115 3421 4171 amantes,
3453 4120 3663 4161 avaros.

2085 4198 2201 4255 Non
2251 4198 2405 4253 mala:
2445 4206 2571 4252 sunt
2607 4197 2827 4262 divitiae.
2852 4198 3048 4269 quippe
3070 4198 3265 4269 quibus
3291 4206 3347 4252 ιιι
3370 4212 3464 4268 par
3484 4207 3562 4252 est
3588 4199 3667 4253 uti

2087 4303 2370 4361 possumus
2413 4288 2467 4342 in
2513 4303 2803 4359 egenorum
2846 4303 3036 4354 usum;
3079 4289 3174 4344 sed
3214 4290 3441 4344 avaritia
3469 4290 3663 4344 malum

2084 4388 2201 4444 est,
2253 4392 2376 4448 quae
2421 4387 2620 4433 aeterna
2672 4379 2810 4448 parit
2855 4378 3136 4448 supplicia.
3182 4379 3479 4450 Lugeamus
3512 4394 3695 4449 ergo-

2084 4470 2247 4526 Forte
2268 4471 2512 4541 qmedam
2542 4481 2796 4539 sequetur
2817 4470 3140 4525 emendatio.
3170 4469 3227 4524 Si
3255 4472 3345 4541 qui
3375 4472 3430 4525 in
3462 4472 3561 4526 hoc
3588 4473 3668 4525 iu-

2082 4561 2265 4618 cidere
2303 4560 2498 4615 malum
2532 4575 2638 4615 non
2678 4569 2949 4624 eruantur,
2982 4560 3070 4614 alii
3103 4558 3241 4614 forte
3266 4561 3366 4615 sibi
3396 4564 3667 4616 cavnhunt

2082 4668 2151 4709 ne
2179 4653 2232 4706 in
2262 4653 2489 4722 idipsum
2521 4651 2772 4706 incidant.
2806 4651 2960 4706 Fasit
2991 4651 3130 4705 Deus
3157 4662 3210 4703 ut
3238 4662 3291 4704 et
3321 4653 3450 4708 illia
3480 4655 3670 4710 morbo

2081 4743 2396 4806 liberentur,
2430 4748 2487 4795 et
2527 4753 2687 4794 nemo
2711 4749 2954 4792 nostrum
2990 4739 3042 4791 in
3084 4738 3230 4790 illum
3268 4740 3486 4808 incidat,
3526 4748 3584 4797 ut
3610 4744 3667 4798 in

2079 4831 2348 4891 communi
2376 4844 2562 4885 omnes
2589 4829 2848 4899 promissa
2874 4842 3267 4897 consequamur
3294 4830 3457 4896 bona,
3494 4835 3665 4902 gratia

2078 4937 2132 4981 et
2169 4923 2493 4992 benignitate
2522 4920 2729 4975 Domini
2762 4921 2924 4975 nostri
2953 4919 3079 4975 Jesu
3108 4918 3331 4987 Christi,
3381 4924 3464 4977 cui
3495 4927 3665 4996 gloria

2077 5017 2131 5072 in
2163 5014 2357 5068 saecula
2388 5011 2727 5068 saeculorum.
2756 5013 2949 5067 Amen.

3285 5175 3656 5195 ἦ

1723 5234 2070 5300 HOMILIA
2111 5236 2306 5298 LXV.

400 5342 522 5399 CAP.
565 5340 655 5396 11.
681 5355 737 5396 v.
767 5340 856 5396 49.
912 5337 1056 5396 Unus
1090 5345 1260 5391 autem
1298 5352 1362 5390 ea:
1399 5334 1505 5391 illis
1549 5334 1769 5405 Caiphae
1791 5377 1807 5401 ,
1851 5354 1968 5392 cum

458 5440 587 5488 esset
632 5430 864 5501 pontifex
906 5429 1030 5484 anni
1076 5425 1236 5485 illius,
1281 5426 1409 5479 dixit
1450 5425 1520 5480 eis
1566 5441 1587 5479 :
1637 5423 1737 5478 Vos
1769 5427 1968 5483 nescitis

455 5523 770 5594 quidquam,
794 5519 883 5579 50.
923 5534 1015 5574 nec
1058 5516 1290 5585 cogitatis
1324 5516 1444 5584 quia
1487 5516 1688 5585 expedit
1728 5516 1883 5584 vobis,
1913 5528 1969 5573 ut

459 5629 592 5669 unus
619 5615 866 5668 moriatur
888 5612 1038 5666 homo
1064 5622 1157 5677 pro
1181 5607 1369 5673 popqu
1389 5645 1404 5669 ,
1432 5615 1539 5662 etc.

458 5708 511 5767 1.
553 5706 740 5775 Iri/im:
764 5716 878 5782 sunt
900 5711 1069 5774 gentes
1095 5699 1145 5753 in
1172 5697 1371 5753 interitu
1392 5740 1407 5769 ,
1439 5717 1583 5771 quem
1611 5704 1833 5773 fecerunt
1864 5719 1882 5759 :
1914 5706 1965 5759 in

2083 5340 2258 5408 laqueo
2285 5340 2410 5404 isto,
2451 5355 2597 5409 quem
2620 5340 3013 5410 absconderant,
3054 5344 3442 5413 comprehensus
3476 5356 3548 5401 est
3578 5364 3668 5414 pes

2072 5447 2245 5487 eorum
2276 5430 2445 5504 (Psal.
2477 5431 2533 5489 9.
2568 5434 2677 5502 16).
2718 5433 2829 5490 lloc
2870 5433 3071 5491 ludatis
3100 5437 3340 5508 contigit.
3372 5437 3475 5508 Ipsi
3509 5453 3660 5492 nam~

2071 5537 2176 5595 que
2213 5522 2494 5589 dicebant,
2523 5525 2875 5581 occidendum
2899 5541 3023 5582 esse
3049 5526 3265 5595 Jesum,
3309 5543 3377 5584 ne
3420 5529 3657 5584 venirent

2074 5615 2319 5677 Romani.
2349 5626 2402 5671 et
2439 5617 2688 5673 tollerent
2727 5618 2964 5689 ipsorum
3012 5627 3226 5691 gentem
3263 5629 3315 5676 et
3361 5619 3655 5675 civitatem.

2071 5706 2357 5776 Postquam
2401 5717 2580 5766 autem
2624 5709 2937 5769 occiderunt
2979 5727 3136 5780 eum,
3179 5711 3294 5768 hanc
3320 5711 3460 5782 passi
3484 5720 3656 5769 sunt:
