3984 6196
288 320 362 376 sal
1287 307 1350 361 IN
1388 305 1702 363 JOANNEM
1745 303 1823 358 llG

1929 305 1971 356 ᾳ.
2016 303 2174 357 LXV.
2216 304 2283 358 al.
2327 303 2508 358 ιχιγ.

282 441 324 484 et
346 427 469 498 quod
500 435 546 478 ut
573 421 866 491 elhrgerent
896 420 1168 482 fecerant,
1201 419 1302 472 hoc
1326 419 1448 488 quia
1472 417 1642 473 fecere
1662 457 1676 481 ,
1709 433 1813 470 non

277 520 556 586 eﬂ‘ngerunt.
579 512 678 566 Sed
711 512 800 581 qui
828 511 1036 566 occisus
1059 508 1175 574 fuit,
1200 519 1280 562 est
1307 509 1357 562 in
1380 508 1560 573 cadis;
1602 507 1690 576 qui
1718 523 1783 560 au
1803 537 1816 544 -

275 623 361 664 tem
397 604 716 668 occiderunt,
757 603 1055 673 gehennam
1096 601 1268 654 Sortiti
1298 609 1422 653 sunt
1456 617 1469 653 :
1497 599 1595 654 etsi
1627 598 1677 652 id
1711 613 1814 652 non

271 707 312 754 in
341 708 452 753 voto
475 696 761 757 baberent;
799 693 892 748 sed
923 691 1369 763 quid?Volehant
1389 735 1402 755 ,
1434 692 1639 761 inquit,
1669 705 1696 743 a
1729 690 1815 744 die

271 796 346 847 illo
380 790 609 845 occidere
644 787 837 858 ipsum.
871 785 1127 840 Dicebant
1153 785 1318 850 enim,
1340 783 1546 838 Venient
1575 783 1812 846 Romani,

269 896 306 938 et
326 885 485 937 tollent
512 890 702 950 gentem
732 889 975 932 nostram.
1009 875 1151 931 Unus
1173 886 1337 930 autem
1358 892 1420 928 ex
1446 876 1546 928 illis
1569 873 1813 942 Caiphas,

270 992 365 1026 cum
394 982 508 1025 esset
533 971 758 1041 pontifex
782 969 902 1021 armi
923 969 1061 1021 illius
1083 1007 1097 1033 ,
1123 967 1273 1029 dixit,
1303 967 1512 1020 carteris
1542 965 1818 1034 impuden-

269 1069 396 1119 tior:
432 1064 523 1116 Vos
563 1063 762 1115 nescitis
801 1061 1092 1130 quidquam.
1137 1059 1210 1113 lili
1259 1075 1448 1128 nempe
1483 1058 1815 1123 dubitabant,

269 1166 314 1212 et
338 1155 660 1210 deliberando
689 1157 1076 1221 preposueraut
1125 1149 1415 1219 (dicehant
1459 1149 1598 1202 enim
1625 1190 1640 1214 ,
1685 1149 1819 1211 Quid

270 1241 536 1314 furimus?)
573 1243 659 1296 hic
692 1240 1042 1310 impudenter,
1073 1249 1255 1308 aperta
1283 1239 1474 1323 fronte,
1497 1247 1550 1292 et
1581 1238 1819 1305 petulan-

270 1343 338 1389 ter
353 1332 606 1387 clamavit.
638 1331 774 1396 Quid
814 1346 938 1384 vero
980 1329 1144 1382 dicit?
1181 1327 1278 1382 Vos
1299 1329 1497 1382 nescitis
1523 1328 1814 1398 quidquam,

269 1441 405 1495 neque
444 1423 674 1492 cogitatis
712 1422 830 1491 quia
870 1420 1070 1489 expedit
1119 1420 1274 1482 vobis,
1316 1431 1369 1472 ut
1410 1435 1540 1471 unus
1574 1418 1820 1471 moriatur
1879 1473 1884 1477 ,

269 1515 425 1574 homo,
452 1523 494 1566 et
521 1529 584 1566 ne
614 1522 719 1566 tota
745 1529 864 1583 gens
893 1520 1082 1580 pereat.
1121 1512 1210 1565 51.
1252 1508 1364 1562 Hoc
1388 1519 1553 1562 autem
1584 1526 1613 1560 α
1638 1517 1818 1563 semet-

269 1606 362 1673 ipso
386 1621 474 1656 non
501 1605 667 1668 dixit,
699 1602 788 1656 sed
816 1617 927 1656 cum
951 1611 1072 1655 esset
1100 1600 1329 1672 pontifex
1355 1601 1477 1653 anni
1507 1599 1666 1665 illius,
1695 1615 1816 1668 pro-

268 1695 480 1762 phetavit.

330 1782 466 1835 Multi
502 1783 703 1852 indigni
741 1785 912 1852 futura
957 1782 1315 1851 pradixerunt.
1339 1809 1410 1820 —
1433 1779 1596 1834 Vides
1623 1788 1819 1850 quanta

267 1875 321 1926 sit
351 1875 656 1942 pontiﬁcalis
685 1874 950 1942 potestas?
986 1873 1116 1940 Quia
1148 1873 1288 1927 enim
1316 1870 1674 1941 pontiﬁcatum
1702 1885 1822 1924 sor-

269 1966 377 2018 titus
400 1975 525 2031 erat,
572 1966 704 2019 licet
748 1964 1012 2034 indiguus,
1063 1963 1416 2033 prophetarit,
1454 1960 1578 2030 quid
1620 1961 1824 2014 diceret

270 2055 530 2124 ignorans:
561 2057 733 2126 gratia
769 2057 885 2124 ejus
921 2063 1122 2109 tantum
1150 2069 1243 2108 ore
1287 2068 1378 2108 usa
1421 2061 1522 2117 est,
1557 2053 1819 2122 impurum

270 2162 381 2200 vero
414 2161 501 2200 cor
535 2164 644 2200 non
689 2146 875 2214 tetigit.
907 2145 1051 2199 Multi
1079 2159 1290 2214 quoque
1315 2143 1401 2196 alii
1435 2144 1604 2196 futura
1629 2142 1822 2212 prmdi-

275 2247 464 2304 xerunt,
502 2237 703 2308 indigni
735 2239 876 2303 licet,
903 2236 1413 2294 Nabuchodonosor.
1455 2233 1687 2300 Pharao,
1721 2234 1810 2288 Ba-

273 2328 395 2381 laam
419 2370 431 2389 ,
473 2331 812 2398 omniumque
837 2343 993 2382 causa
1038 2327 1311 2380 manifesta
1349 2334 1451 2380 est.
1506 2325 1616 2380 lloc
1646 2335 1822 2378 autem

275 2419 371 2470 vult
400 2418 480 2470 ille
507 2419 803 2485 signiﬁcare
833 2437 846 2471 :
882 2418 987 2472 Vos
1015 2419 1230 2479 sedetis,
1277 2417 1451 2472 adhuc
1477 2418 1690 2484 segnius
1723 2417 1823 2471 hoe

271 2511 512 2576 negotium
537 2511 835 2573 attenditis,
867 2524 966 2563 nec
995 2509 1142 2563 scitis
1173 2508 1328 2562 unius
1353 2507 1580 2561 hominis
1601 2507 1822 2562 salutem

270 2613 354 2666 pro
378 2600 639 2652 communi
685 2599 1127 2652 contemnendam
1172 2614 1313 2653 esse.
1359 2597 1488 2652 Vide
1520 2608 1711 2667 quanta
1758 2599 1825 2650 sit

269 2690 417 2742 virtus
439 2690 665 2756 Spiritus
691 2709 703 2743 :
746 2706 808 2743 ex
839 2691 1076 2756 improha
1108 2698 1284 2744 mente
1313 2689 1568 2744 mirabilis
1594 2689 1824 2758 prophe-

271 2779 344 2829 tia-
371 2781 513 2832 verba
545 2782 723 2850 potuit
754 2783 966 2836 elicere.
992 2781 1154 2834 Filios
1183 2788 1359 2833 autem
1391 2780 1480 2835 Dei
1509 2774 1696 2850 gentes
1727 2798 1823 2849 ap-

273 2869 412 2935 pellat
452 2872 803 2938 evangelista,
847 2886 910 2923 ex
941 2885 1005 2922 eo
1044 2869 1184 2938 quod
1235 2869 1466 2923 futurum
1512 2879 1647 2934 erat,
1693 2871 1827 2923 sicut

272 2968 316 3010 et
338 2959 439 3026 ipse
475 2961 565 3025 ait,
603 2959 674 3012 Et
702 2961 830 3013 alias
865 2977 976 3014 ores
1020 2959 1176 3013 habeo
1203 2959 1379 3028 (Joan.
1407 2960 1493 3014 10.
1527 2961 1610 3028 16)
1633 2977 1646 3023 ;
1671 2961 1736 3013 ah
1761 2976 1826 3016 eo

271 3052 388 3117 quol
431 3050 664 3105 futurum
705 3059 818 3105 erat
855 3053 930 3104 sic
977 3066 1189 3105 vocans.
1223 3050 1358 3118 Quid
1388 3051 1485 3104 sibi
1517 3051 1623 3105 vult
1673 3051 1822 3119 illud,

272 3137 378 3191 Cum
413 3153 528 3195 esset
556 3143 794 3211 pontifex
819 3145 940 3196 anni
977 3143 1160 3196 illius?
1187 3142 1318 3197 Cum
1361 3143 1478 3197 aliis
1507 3142 1591 3197 hic
1621 3157 1827 3212 quoque

272 3245 370 3281 mos
394 3244 678 3300 corruptus
705 3243 838 3286 erat.
868 3233 980 3287 Non
1009 3234 1148 3288 enim
1178 3233 1310 3286 ultra
1345 3241 1454 3287 toto
1484 3233 1604 3286 vitae
1627 3242 1829 3302 tempo-

271 3335 339 3380 re,
362 3322 446 3375 sed
472 3339 618 3376 anno
643 3338 746 3378 uno
773 3324 1122 3378 sacerdotium
1149 3324 1422 3392 gerebant,
1453 3339 1519 3378 ex
1539 3339 1644 3393 quo
1671 3339 1829 3378 vena-

269 3410 336 3465 les
371 3411 484 3467 facti
532 3424 694 3469 erant
741 3416 1084 3483 principatus.
1126 3415 1372 3469 Attamen
1421 3414 1502 3468 vel
1545 3415 1622 3469 sic
1657 3415 1829 3470 adhuc

269 3503 429 3557 aderat
460 3506 717 3574 Spiritus.
747 3507 1031 3576 Postquam
1059 3517 1234 3561 autem
1265 3508 1317 3561 in
1345 3505 1614 3562 Christum
1642 3522 1829 3561 manus

268 3597 590 3660 sustulerunt,
618 3607 742 3652 tunc
762 3599 880 3653 illos
909 3599 1140 3666 reliquit,
1173 3607 1226 3652 et
1253 3597 1317 3652 ad
1344 3599 1613 3667 apostolos
1647 3611 1826 3654 trans-

268 3683 388 3736 latus
435 3697 534 3740 est.
587 3688 656 3740 Et
694 3687 796 3740 hoc
839 3689 1009 3741 velum
1056 3690 1276 3742 sc'Ssnm
1310 3689 1562 3753 osmndit,
1598 3704 1828 3743 necnon

269 3772 441 3829 Christi
487 3795 587 3832 vox
647 3779 872 3834 dicentis
907 3797 918 3831 :
970 3779 1098 3831 Ecce
1139 3779 1415 3830 dimittetur
1453 3780 1629 3832 domus
1668 3789 1830 3833 vestra

267 3863 441 3916 deserta
466 3867 689 3930 (.l!attl..
726 3867 818 3922 25.
844 3867 953 3933 58).
1002 3868 1067 3920 Et
1109 3867 1372 3935 .losepbus
1397 3868 1482 3936 qui
1518 3868 1672 3936 paulo
1715 3879 1831 3936 post

268 3953 368 4015 fuit,
390 3957 512 4010 dixit
538 3958 801 4027 quosdam
824 3959 1061 4027 angelos,
1094 3959 1183 4027 qui
1213 3957 1348 4026 apud
1381 3959 1495 4012 illos
1523 3958 1827 4024 manebant,

267 4059 316 4096 se
359 4048 472 4098 inde
514 4050 840 4118 migratnros
869 4065 989 4105 esse
1027 4049 1402 4119 signiticavisse
1433 4047 1529 4122 (η),
1565 4051 1661 4104 nisi
1694 4053 1829 4105 resi-

269 4135 531 4197 pi~cerent.
560 4140 827 4205 Quamdiu
873 4142 1015 4195 enim
1058 4143 1207 4196 vinea
1256 4141 1503 4208 perstitit,
1549 4157 1644 4207 pro
1683 4157 1830 4196 more

265 4231 421 4280 omnia
460 4230 597 4284 facta
649 4243 797 4296 sunt;
856 4234 942 4286 ubi
987 4241 1160 4286 autem
1210 4231 1460 4286 heredem
1501 4231 1824 4295 occiderunt,

268 4330 358 4369 non
385 4321 528 4384 item,
570 4321 668 4375 sed
723 4324 995 4390 perierunt
1027 4341 1040 4376 :
1070 4333 1123 4376 et
1157 4323 1309 4392 quasi
1355 4321 1684 4390 splendidam
1741 4337 1830 4376 ve-

265 4416 384 4461 stem
426 4410 493 4463 ab
537 4413 748 4479 ingrato
796 4413 942 4477 lilio,
989 4427 1017 4465 a
1063 4411 1259 4466 .ludteis
1303 4413 1538 4478 scilicet,
1580 4412 1828 4466 auferens

267 4496 406 4562 Deus,
437 4503 624 4568 probis
653 4502 793 4556 illam
824 4504 995 4557 servis
1042 4503 1207 4569 dedit,
1258 4517 1321 4557 ex
1369 4502 1657 4572 gentilibus
1693 4517 1824 4556 con-

265 4593 434 4656 versis,
480 4604 535 4648 et
565 4595 811 4650 desertos
856 4596 975 4649 illos
1007 4596 1282 4664 nudosque
1328 4595 1560 4664 reliquit.
1592 4594 1700 4649 Nec
1731 4610 1825 4663 pa-

264 4695 365 4733 rum
394 4682 482 4736 fuit
534 4684 681 4753 quod
729 4686 973 4740 inimicus
1011 4686 1123 4740 ha'e
1153 4684 1513 4755 prephetaret.
1547 4685 1657 4739 lIoc
1683 4688 1824 4740 enim

263 4768 382 4824 alios
405 4787 621 4842 quoque
647 4773 864 4827 allicere
895 4782 1119 4842 poterat.
1167 4773 1296 4828 Nam
1330 4784 1515 4828 contra
1546 4790 1702 4841 quam
1737 4775 1826 4828 ille

263 4860 456 4915 volebat
486 4864 688 4918 evenit.
721 4864 851 4929 Quia
882 4867 1023 4918 enim
1069 4874 1309 4919 mortuus
1346 4875 1449 4923 est.
1497 4865 1616 4919 ideo
1661 4881 1690 4919 a
1742 4865 1824 4919 fu-

263 4958 370 5003 turo
409 4955 672 5022 supplicio
701 4955 906 5009 liberati
940 4955 1124 5009 fideles
1150 4964 1290 5010 sunt.
1316 4955 1450 5023 Quid
1490 4956 1589 5010 sibi
1618 4957 1729 5009 vult
1759 4957 1823 5008 il-

260 5041 356 5102 lud,
383 5044 467 5097 52.
507 5043 577 5098 Ut
606 5056 926 5115 congregaret
953 5063 1038 5100 eos
1064 5049 1149 5114 qui
1178 5064 1353 5116 prope,
1393 5056 1438 5099 et
1469 5063 1551 5100 eos
1586 5049 1671 5116 qui
1701 5063 1824 5110 pro-

257 5132 332 5183 cul
354 5137 501 5187 sunt?
526 5135 698 5189 L'num
719 5152 912 5207 corpus
941 5137 1184 5192 reddidit.
1211 5139 1308 5203 Qui
1339 5137 1521 5192 Roma:
1541 5147 1642 5201 est,
1671 5137 1825 5192 ludos

258 5232 392 5282 potat
423 5225 720 5280 membrum
748 5242 902 5280 suum
935 5242 1074 5282 esse.
1099 5227 1232 5295 Quid
1266 5228 1386 5281 huic
1425 5230 1821 5297 congregationi

259 5312 749 5383 par?0mniumque
775 5327 930 5385 caput
946 5329 1027 5371 est
1050 5317 1312 5372 Christus.
1335 5319 1421 5374 53.
1447 5319 1620 5372 Abillo
1643 5319 1724 5371 die
1741 5337 1823 5373 co-

255 5402 527 5466 gitat-erunt
545 5403 714 5458 Juda'i
739 5415 793 5460 ut
809 5407 1139 5468 interficerent
1157 5426 1290 5462 eum.
1313 5411 1474 5462 Alitea
1493 5409 1819 5478 qumrebaut;

313 5510 386 5579 (a)_
411 5512 652 5579 Josophus
675 5515 708 5561 1.
745 5517 793 5566 6.
818 5517 897 5566 31.
926 5516 989 5565 de
1012 5517 1142 5565 Bello
1162 5519 1354 5568 Judaico
1378 5558 1391 5576 ,
1419 5519 1548 5568 inter
1570 5518 1661 5568 alia
1684 5523 1821 5579 signa

253 5566 388 5640 futuri
411 5566 815 5640 Jerosolgnmnun
837 5580 1010 5626 excidii
1031 5579 1120 5640 hoc
1145 5581 1296 5629 refert
1323 5566 1344 5629 εὴ
1361 5566 1539 5630 deinde
1563 5566 1822 5632 ieiuni-il

271 5635 485 5705 mnum:
508 5635 723 5686 mtd'itmn
745 5639 890 5705 fuisse
914 5639 1190 5705 d_i_rentitm,
1218 5642 1335 5690 Ilinc
1354 5641 1608 5705 migremus
1633 5656 1649 5692 :
1673 5657 1818 5705 quem

268 5703 399 5739 omni
425 5694 502 5742 hic
529 5705 643 5755 puto
666 5694 760 5760 res]
781 5703 911 5749 icere
931 5694 1335 5762 Chrysostomum.

3391 306 3424 359 3
3433 307 3500 360 ‘52

1921 416 2047 468 dit-it
2075 416 2238 479 enim,
2270 415 2394 470 Ideo
2419 417 2700 486 quaerebant
2724 433 2835 468 eum
2873 416 3045 469 Juda’i
3073 419 3349 485 inter/itere
3374 435 3392 480 ;
3423 433 3496 484 et,

1926 505 2060 569 Quid
2102 522 2179 559 me
2221 507 2444 572 qua'ritis
2494 507 2775 575 interﬁcere
2812 507 2989 577 (Joan.
3020 507 3072 564 5.
3111 509 3190 564 l8.
3220 511 3332 562 et7.
3362 509 3502 578 20)?

1921 596 2021 649 Sed
2056 605 2179 650 tunc
2209 598 2537 666 quaerebant,
2564 613 2702 651 ntinc
2726 609 2901 652 autem
2931 599 2979 653 id
3002 608 3320 662 statuerunt,
3345 609 3398 653 et
3426 600 3500 654 rei

1923 702 2134 740 manum
2161 687 2533 741 admoverunt.
2565 690 2649 742 54.
2695 688 2847 742 Jesus
2877 701 3042 744 autem
3063 692 3176 760 jam
3207 709 3307 744 non
3331 691 3502 760 palam

1920 777 2206 830 ambulabat
2238 777 2287 830 in
2314 777 2516 832 Juda'a.
2546 779 2749 832 Rursus
2780 779 3009 834 humano
3037 795 3184 835 more
3209 781 3362 836 saluti
3391 795 3503 835 sua:

1919 877 2092 932 cavet,
2118 882 2178 920 ac
2209 867 2508 936 frequenter
2535 868 2633 921 hoc
2664 868 2805 922 facit.

1990 958 2042 1011 2.
2075 959 2302 1012 Christus
2329 961 2548 1012 Imm/mo
2577 978 2710 1012 more
2730 961 2878 1030 fugit.
2899 992 2970 1001 -—
2990 961 3104 1017 Jam
3131 979 3344 1017 causam
3370 965 3499 1029 dixi,

1921 1066 2016 1101 cur
2047 1048 2353 1116 frequenter
2381 1049 2590 1108 abierit,
2621 1060 2672 1104 et
2701 1054 3000 1106 secesserit.
3035 1053 3184 1106 Nunc
3211 1069 3374 1124 prOpe
3405 1055 3502 1109 de-

1923 1151 2121 1194 sertum
2157 1141 2352 1193 habitat
2381 1141 2431 1194 in
2465 1141 2716 1208 Ephrata,
2747 1152 2799 1195 et
2827 1143 2893 1196 ibi
2920 1145 3167 1199 manebat
3196 1161 3317 1201 cum
3345 1147 3503 1202 disci-

1924 1233 2060 1299 pulis
2087 1233 2216 1284 suis.
2245 1231 2508 1298 Qut-mum
2539 1245 2690 1300 putas
2734 1235 2970 1288 turbatos
3011 1237 3172 1291 fuisse
3213 1237 3505 1307 discipulos

1924 1321 2162 1376 videntes
2192 1323 2363 1391 ipsum
2407 1323 2639 1377 humano
2685 1341 2830 1378 more
2857 1327 3012 1379 saluti
3043 1344 3153 1382 sum
3182 1330 3504 1395 providere?

1924 1409 2090 1464 Nemo
2121 1411 2228 1480 jam
2260 1423 2513 1482 sequutus
2544 1423 2644 1468 est.
2688 1414 2815 1468 Nam
2851 1429 2972 1469 cum
3021 1431 3186 1486 prope
3225 1429 3365 1472 esset
3389 1419 3503 1474 dies

1925 1498 2110 1564 festus,
2139 1516 2326 1556 omnes
2371 1503 2758 1574 Jerosolymam
2799 1505 3180 1572 aceurrebant;
3225 1507 3322 1578 ipsi
3353 1526 3499 1575 vero,

1923 1606 2041 1644 eum
2070 1591 2360 1661 gauderent
2406 1609 2593 1648 omnes
2629 1606 2680 1648 et
2709 1595 2898 1649 festum
2940 1607 3178 1667 agerent,
3211 1609 3337 1656 tunc
3373 1602 3504 1656 late-

1924 1679 2067 1742 bant,
2103 1690 2225 1735 tuuc
2269 1682 2318 1734 in
2371 1684 2619 1751 periculis
2663 1694 2846 1750 erant;
2893 1695 3124 1742 attamen
3174 1692 3500 1758 perSIahaut.

1924 1770 2080 1826 Certe
2126 1789 2246 1828 cum
2279 1774 2480 1830 Pascha
2522 1786 2575 1829 et
2617 1777 2942 1848 Scenopegia
2973 1780 3394 1845 celebrarentur,
3428 1784 3500 1837 illi

1927 1862 1976 1914 in
2003 1860 2217 1917 Galilaea
2249 1865 2498 1919 latebant.
2531 1867 2758 1921 Rursum
2788 1879 2969 1940 postea
3001 1872 3052 1926 in
3075 1871 3162 1926 die
3196 1873 3354 1936 festo,
3375 1874 3500 1928 dum

1925 1954 2022 2007 soli
2051 1969 2170 2009 cum
2196 1955 2447 2026 Magistro
2484 1957 2726 2028 fugerent
2755 1969 2808 2014 et
2839 1961 3084 2027 laterent,
3113 1978 3263 2018 suam
3291 1981 3412 2036 erga
3437 1968 3499 2020 ilo

1927 2043 2032 2097 lum
2075 2044 2496 2100 benevolentiam
2541 2049 2912 2104 ostendebant.
2958 2051 3095 2107 llinc
3137 2053 3307 2109 Lucas
3349 2057 3496 2110 illum

1926 2133 2125 2188 dixisse
2151 2135 2266 2188 ait:
2299 2136 2406 2206 Ego
2444 2140 2749 2205 perseveravi
2776 2142 3025 2194 vobiscum
3055 2143 3106 2196 in
3151 2146 3503 2202 tentationibus

1931 2223 2078 2292 (Leve.
2105 2224 2192 2277 ‘22.
2221 2224 2339 2295 28).
2373 2227 2494 2280 Ihec
2525 2245 2680 2298 porro
2706 2231 2914 2286 dicebat
2940 2244 2998 2287 ut
3026 2237 3350 2304 ostenderet,
3387 2240 3504 2292 illos

1925 2318 2092 2385 gratia
2121 2333 2213 2372 sua
2243 2319 2502 2374 roborari.
2550 2323 2638 2376 55.
2672 2322 2825 2376 Multi
2850 2327 2982 2379 enim
3009 2327 3071 2380 de
3106 2330 3310 2399 regione
3332 2348 3506 2385 ascen-

1927 2409 2125 2471 derunt,
2153 2419 2207 2461 ut
2234 2411 2605 2477 suncti/icarent
2633 2413 2840 2483 scipsos.
2886 2415 2974 2470 57.
3007 2417 3073 2470 Et
3103 2419 3344 2474 dederant
3381 2439 3504 2490 pon~

1927 2497 2085 2564 tiﬁces
2130 2508 2175 2552 et
2223 2498 2475 2553 Pltariuei
2514 2502 2772 2570 mandata,
2819 2515 2872 2557 ut
2899 2507 3326 2576 apprehenderent
3368 2527 3502 2564 eum.

1929 2587 2056 2642 Mira
2094 2589 2439 2644 sanctificatio
2482 2607 2600 2645 cum
2647 2595 2986 2662 sanguinaria
3033 2599 3335 2664 voluntate,
3383 2618 3502 2656 cum

1928 2682 2218 2736 cruentatis
2265 2683 2528 2738 manibus.
2573 2685 2663 2739 56.
2711 2684 2776 2738 Et
2822 2687 3051 2742 dicebant
3092 2705 3112 2745 .'
3147 2689 3344 2746 Putatis
3388 2696 3507 2761 quin
3584 2689 3590 2695 ’

1929 2789 2028 2826 non
2050 2773 2206 2826 veniet
2225 2774 2293 2826 ad
2317 2775 2451 2828 diem
2481 2775 2706 2845 festum?
2735 2778 2790 2831 lu
2835 2779 3091 2836 Paschate
3122 2781 3507 2839 insidiabantur

1930 2863 2041 2926 illi,
2089 2871 2402 2934 tempusque
2441 2865 2794 2921 solemnitatis
2851 2877 3056 2939 tempus
3107 2873 3267 2927 (πάϊς
3321 2875 3509 2929 redde-

1930 2951 2086 3015 bant;
2118 2951 2168 3005 id
2198 2961 2280 3006 est
2315 2971 2328 3008 :
2362 2954 2474 3008 Huc
2507 2955 2652 3008 illum
2687 2957 2924 3012 incidere
2955 2971 3184 3030 oportet,
3215 2963 3508 3021 advocaute

1931 3041 2086 3097 festo.
2115 3043 2159 3096 Ο
2200 3043 2523 3112 impietatem
2548 3045 2561 3098 i
2591 3043 2721 3098 Cum
2754 3048 2955 3115 majore
2981 3065 3114 3118 opus
3135 3061 3250 3105 erat
3291 3052 3504 3120 pietate,

1930 3145 1983 3188 et
2009 3150 2129 3189 cum
2159 3135 2410 3188 extremis
2435 3135 2650 3190 obnoxii
2681 3137 2992 3205 sceleribus,
3020 3140 3168 3195 liberi
3195 3144 3512 3198 emitteban-

1933 3237 2036 3296 tur,
2071 3240 2194 3286 tunc
2236 3233 2506 3286 innoxium
2538 3233 2994 3302 comprehendere
3039 3246 3316 3292 conantur.
3351 3239 3508 3310 Atqui

1930 3336 2046 3376 cum
2066 3322 2176 3394 jam
2202 3324 2328 3378 illud
2358 3333 2671 3391 tentassent,
2694 3341 2798 3381 non
2826 3328 2985 3381 modo
3003 3329 3131 3382 nihil
3151 3329 3504 3399 perfecerant,

1931 3413 2023 3465 sed
2053 3417 2209 3468 etiam
2241 3415 2445 3469 ridiculi
2479 3426 2856 3484 apparuerant.
2888 3417 3010 3474 Ideo
3040 3420 3350 3490 frequenter
3377 3425 3509 3484 inei-

1931 3503 2008 3557 dit
2033 3513 2084 3558 et
2125 3505 2321 3564 evadit.
2368 3516 2422 3560 et
2458 3508 2735 3575 cupientes
2776 3524 2834 3563 se
2877 3510 3178 3566 interﬁcere
3215 3513 3429 3577 retinet,
3457 3525 3511 3572 et

1931 3591 2119 3647 dubios
2157 3594 2426 3664 relinquit,
2458 3604 2514 3648 ut
2544 3597 2789 3652 virtutem
2826 3613 2973 3652 suam
3002 3599 3419 3658 demonstrando
3445 3603 3511 3659 il-

1933 3681 2014 3735 los
2039 3683 2102 3735 ad
2134 3686 2595 3754 compunetionem
2639 3687 2898 3764 deducat;
2926 3700 2979 3744 et
3019 3701 3074 3744 ut
3119 3702 3391 3764 postquam
3423 3709 3512 3750 ca-

1933 3783 2053 3841 ptus
2077 3775 2250 3841 fuerit,
2281 3776 2469 3840 sciant,
2500 3791 2605 3831 non
2635 3778 2680 3831 vi
2713 3762 2828 3846 sua,
2857 3779 2947 3834 sed
2975 3781 3139 3849 ipsius
3166 3762 3512 3842 concessione

1933 3863 1983 3916 id
2015 3865 2292 3920 accidisse.
2326 3865 2507 3935 Neque
2534 3867 2676 3922 enim
2707 3877 2832 3923 tunc
2860 3879 3144 3938 potuerunt
3184 3873 3329 3927 illum
3360 3889 3512 3929 com-

1935 3955 2286 4023 prehendere,
2338 3958 2436 4010 etsi
2481 3960 2772 4028 propinqua
2813 3959 3063 4015 Bethania
3091 3972 3233 4018 esset
3267 3984 3278 4018 :
3307 3975 3359 4019 et
3387 3981 3508 4022 cum

1933 4046 2476 4111 comprehendissi‘nt,
2506 4049 2722 4115 supinos
2745 4050 2860 4103 illos
2892 4053 3192 4119 prostravit.
3240 4055 3387 4125 (Cap.
3425 4058 3508 4124 l2)

1936 4137 1984 4188 l.
2020 4139 2147 4189 Ante
2173 4154 2261 4190 sex
2291 4138 2396 4190 dies
2427 4137 2639 4191 Pasclue
2668 4141 2794 4194 venit
2821 4142 2972 4196 Jesus
2998 4145 3051 4197 in
3078 4143 3398 4215 Bel/laniatu,
3427 4151 3510 4202 ubi

1932 4229 2097 4296 fuerat
2126 4226 2352 4281 Lazarus
2379 4239 2601 4283 mortuus
2624 4247 2642 4283 :
2664 4230 2717 4283 2.
2744 4241 2790 4284 et
2813 4235 3148 4289 manducabat
3177 4239 3315 4308 apud
3334 4257 3438 4304 eos;
3460 4253 3508 4296 et

1934 4316 2138 4371 Mart/ia
2161 4320 2493 4384 ministrabat,
2526 4320 2852 4395 Lazarusquc
2877 4326 3232 4384 manducabat.
3277 4331 3385 4386 lloc
3413 4349 3506 4387 ve-

1933 4425 2006 4464 r:e
2036 4412 2440 4466 resurreetionis
2461 4414 2666 4483 signum
2699 4426 2830 4480 erat,
2863 4419 3002 4487 quod
3033 4432 3150 4489 post
3178 4423 3368 4478 multos
3393 4425 3510 4482 dies

1931 4511 1986 4556 et
2015 4503 2212 4557 viveret
2241 4512 2296 4556 et
2335 4505 2696 4560 manducaret.
2727 4505 2877 4563 Unde
2907 4509 3078 4578 palam
3118 4522 3200 4566 est
3229 4515 3506 4582 prandium

1933 4594 1982 4645 in
2015 4592 2127 4660 ejus
2153 4593 2312 4646 domo
2340 4593 2498 4648 fuisse
2539 4611 2551 4624 '
2585 4611 2704 4650 nam
2733 4606 2788 4651 ut
2824 4599 2978 4653 amici
3011 4607 3065 4655 et
3099 4600 3278 4657 dilecti
3322 4603 3503 4661 Iesum

1931 4683 2218 4752 excipiunt.
2245 4684 2468 4752 Quidam
2497 4696 2670 4740 tamen
2700 4689 2881 4743 dicunt
2929 4690 2978 4744 id
3019 4691 3070 4746 in
3111 4693 3210 4748 alia
3232 4694 3390 4751 domo
3416 4714 3507 4769 ge-

1929 4785 2070 4830 stum
2102 4775 2283 4830 fuisse.
2313 4777 2474 4832 Maria
2503 4789 2677 4832 autem
2711 4796 2816 4835 non
2845 4782 3217 4840 ministrabat:
3247 4786 3506 4858 discipula

1930 4867 2069 4921 enim
2101 4879 2230 4920 erat.
2279 4869 2481 4922 llursus
2510 4870 2598 4925 hic
2642 4871 2812 4939 major
2839 4872 2989 4928 adest
3028 4875 3101 4930 illi
3132 4875 3359 4946 Spiritus
3386 4895 3508 4948 gra-

1933 4959 2024 5011 tia.
2063 4958 2176 5012 Non
2229 4961 2564 5014 ministrabat
2603 4961 2745 5042 enim
2793 4971 3058 5033 tamquam
3099 4981 3302 5035 vocata,
3334 4987 3506 5042 neque

1929 5051 2198 5104 commtmi
2247 5051 2584 5108 incumbebat
2624 5035 2946 5120 ministerio;
3005 5059 3098 5111 sed
3157 5059 3368 5116 Christo
3408 5066 3506 5119 soli

1931 5142 2184 5198 honorem
2207 5143 2378 5198 defert
2405 5162 2418 5198 :
2447 5159 2619 5214 neque
2649 5154 2705 5198 ut
2730 5145 2948 5211 homini,
2986 5149 3076 5203 sed
3102 5159 3158 5203 ut
3187 5151 3292 5206 Deo
3313 5153 3507 5211 adstat.

1929 5233 2266 5304 Unguentum
2294 5237 2434 5289 enim
2469 5235 2590 5290 ideo
2615 5236 2819 5302 elfudit,
2853 5249 2904 5292 et
2935 5241 3140 5309 capillis
3177 5244 3364 5312 capitis
3387 5246 3506 5301 abs-

1930 5327 2102 5390 tersit,
2132 5325 2270 5396 quod
2311 5326 2518 5394 signum
2563 5335 2676 5382 erat
2715 5327 2857 5382 illam
2885 5330 2951 5386 de
2980 5330 3193 5388 Chrislo
3224 5353 3326 5390 non
3357 5353 3473 5392 eam

1927 5416 2046 5470 dcm
2099 5431 2254 5485 quam
2304 5415 2394 5470 alii
2442 5416 2746 5486 opinionem
2800 5419 3012 5478 habere.
3065 5423 3167 5479 Sed
3214 5426 3503 5496 increpavit

1926 5506 2089 5561 Judas
2142 5507 2388 5574 pietatem
2437 5508 2711 5562 simulans.
2762 5511 2899 5576 Quid
2938 5529 3068 5584 ergo
3115 5515 3404 5572 Christus?
3449 5522 3493 5573 7.

1928 5599 2121 5653 Bonum
2148 5618 2273 5671 opus
2297 5612 2505 5670 operata
2539 5613 2611 5657 est
2650 5603 2701 5657 in
2731 5604 3040 5674 sepulturam
3068 5624 3249 5660 meum.
3283 5608 3388 5662 Cur
3413 5612 3500 5664 di-

1929 5694 2186 5762 scipulum
2208 5694 2346 5748 circa
2369 5695 2642 5752 mulierem
2666 5712 2768 5751 non
2793 5696 3148 5766 reprehendit,
3173 5711 3343 5768 neque
3369 5697 3501 5758 dixit
