3984 6196
397 303 502 356 563

404 429 450 474 ut
476 415 816 486 evangelista,
851 412 1019 482 ipsum
1061 407 1183 464 furti
1233 407 1461 462 faciendi
1501 422 1659 462 causa
1691 406 1971 461 mulierem

399 505 740 580 increpasse?
771 503 1024 559 Patientia
1053 517 1146 557 sua
1174 501 1340 554 voluit
1369 515 1487 553 eum
1522 499 1572 552 iu
1608 497 1861 564 pudorem
1891 497 1977 550 de-

394 601 611 655 ducere.
663 597 816 667 Quod
861 604 1038 650 autem
1086 603 1266 648 nosset
1311 593 1457 646 illum
1499 606 1616 645 esse
1648 589 1976 658 proditorem

397 705 559 764 patet,
586 694 729 764 quod
771 692 880 762 jam
924 691 1072 745 illum
1101 705 1244 759 sazpe
1273 687 1622 758 redarguerit,
1659 695 1716 739 ut
1742 701 1861 739 cum
1893 684 1977 738 di-

396 786 490 848 xit,
514 783 627 838 Non
651 798 838 838 omnes
863 781 1083 837 credunt
1107 779 1282 850 (Joan.
1304 779 1356 832 6.
1374 777 1498 844 65);
1523 774 1747 839 et,Unus
1765 791 1826 828 ea:
1842 775 1978 828 vobis

396 874 625 929 diabolus
651 884 724 929 est
745 872 909 943 (Ibid.
927 889 976 926 υ.
997 873 1054 924 Ἠ
1072 874 1110 939 ).
1136 870 1389 924 lndicavit
1411 883 1538 937 ergo
1563 881 1620 920 se
1644 881 1800 921 nosse
1831 866 1976 918 illum

397 983 517 1023 esse
550 967 894 1036 proditorem,
944 980 1048 1018 non
1091 978 1219 1016 vero
1249 971 1430 1030 aperte
1456 959 1744 1029 redarguit,
1774 958 1866 1012 sed
1898 958 1980 1010 in-

395 1059 577 1121 dulsit,
621 1055 760 1128 quod
803 1054 965 1111 vellet
1004 1068 1126 1109 eum
1166 1071 1194 1105 a
1239 1051 1511 1122 proposito
1560 1065 1830 1104 revocare.
1871 1048 1978 1102 Cur

396 1166 524 1218 ergo
551 1149 683 1202 alius
723 1147 880 1212 dixit,
923 1159 1112 1200 omnes
1145 1143 1433 1211 discipulos
1463 1142 1540 1195 sic
1583 1142 1828 1210 loqnu'tos
1859 1154 1978 1193 esse

397 1240 609 1310 (Manli.
639 1239 729 1293 26.
763 1237 859 1308 8)?
903 1236 968 1290 Et
1008 1248 1218 1298 omnes,
1258 1244 1313 1288 et
1357 1233 1480 1297 ille;
1512 1231 1605 1286 Sed
1649 1232 1840 1300 reliqui
1871 1245 1974 1284 non

394 1332 583 1387 eodem
612 1332 809 1384 animo.

469 1422 570 1476 Cur
597 1421 823 1476 Christus
848 1420 952 1490 [uri
972 1419 1163 1473 [oculos
1188 1417 1510 1472 commiserit.
1532 1447 1604 1456 —
1619 1413 1771 1482 Quod
1794 1415 1835 1468 si
1860 1413 1977 1483 quis

395 1523 620 1586 qttzrral,
666 1529 761 1566 cur
809 1511 906 1564 furi
951 1512 1152 1566 loculos
1203 1523 1492 1576 pauperum
1531 1505 1876 1568 commiserit,
1925 1515 1979 1558 et

395 1621 611 1660 avarum
642 1605 1064 1670 diSpeusatorem
1110 1600 1324 1662 fecerit,
1367 1596 1829 1665 respondebimus,
1866 1610 1976 1648 rem

395 1711 643 1752 arcanam
677 1709 838 1748 unum
888 1707 1048 1746 nosse
1093 1692 1287 1753 Deum;
1325 1687 1464 1758 quod
1505 1687 1549 1741 si
1595 1686 1864 1755 quidpiam
1909 1685 1977 1739 sit

395 1785 747 1856 coniectando
785 1783 1070 1838 dicendum
1101 1799 1114 1834 :
1155 1789 1214 1835 ut
1241 1795 1454 1834 onmem
1491 1780 1724 1833 auferret
1751 1793 1977 1832 excusa-

395 1881 555 1934 tionis
583 1893 815 1932 causam.
849 1875 964 1930 Non
997 1876 1139 1930 enim
1170 1873 1351 1929 dicere
1393 1879 1602 1942 poterat
1634 1885 1691 1925 se
1720 1886 1781 1924 ex
1812 1885 1976 1940 pecu-

398 1975 602 2027 niarum
635 1984 817 2025 amore
863 1968 916 2022 id
965 1967 1175 2031 fecisse,
1212 1981 1331 2018 cum
1363 1973 1543 2034 posset
1570 1963 1838 2032 cupiditati
1869 1977 1978 2016 sua:

395 2081 459 2120 ex
492 2063 680 2119 loculis
710 2061 882 2116 facere
913 2061 1060 2123 satis,
1086 2058 1178 2113 sed
1209 2073 1272 2113 ex
1302 2057 1501 2126 ingenti
1536 2055 1789 2124 nequitia,
1819 2068 1976 2122 quam

397 2157 610 2210 volebat
656 2153 902 2208 Christus
946 2151 1199 2205 cohibere
1229 2191 1243 2212 ,
1291 2147 1613 2217 indulgentia
1656 2160 1779 2215 erga
1834 2147 1977 2198 illum

399 2248 561 2299 multa
588 2260 735 2298 usus.
767 2243 1120 2310 Quamobrem
1147 2242 1162 2273 ¹
1192 2241 1336 2295 illum
1378 2238 1637 2292 furantem
1663 2252 1768 2290 non
1797 2251 1984 2303 argue-

401 2339 508 2401 bat,
539 2338 636 2392 etsi
667 2353 769 2388 non
803 2336 1032 2395 nescius,
1071 2334 1186 2400 ejus
1218 2333 1408 2386 malam
1451 2331 1734 2385 obstruens
1779 2328 1980 2398 cupidi-

400 2439 582 2488 tatem,
613 2437 662 2481 et
697 2442 906 2479 omnem
939 2423 1189 2478 auferens
1237 2423 1656 2478 excusationem.
1708 2421 1874 2474 Sinite
1915 2419 1979 2471 il-

399 2523 519 2582 lam,
550 2519 748 2586 inquit;
778 2519 828 2570 in
866 2518 995 2570 diem
1024 2515 1298 2585 sepultura:
1336 2530 1459 2567 metu
1488 2513 1580 2565 hoc
1618 2512 1734 2580 fecit
1778 2511 1980 2565 Rursus

357 2669 360 2672 ,
401 2612 723 2682 proditorem
770 2609 1040 2666 admonet.
1089 2622 1207 2660 cum
1257 2605 1546 2672 sepultura:
1579 2602 1837 2654 meminit.
1874 2598 1980 2653 Sed

402 2721 506 2758 non
537 2687 750 2757 ittCessit
780 2701 925 2753 illum
960 2699 1200 2761 monitio,
1232 2711 1402 2765 neque
1434 2694 1534 2748 hoc
1558 2693 1776 2747 verbum
1810 2692 1975 2746 emol-

403 2793 512 2848 livit
540 2811 552 2848 :
583 2792 679 2846 etsi
723 2792 980 2859 potuisset
1025 2789 1169 2842 illum
1212 2788 1262 2840 in
1295 2784 1809 2839 commiserationrm
1857 2782 1980 2846 inji-

401 2903 556 2950 cere;
590 2903 651 2942 ac
679 2887 721 2939 si
755 2885 955 2938 diceret
987 2900 999 2936 :
1029 2881 1280 2934 Molestus
1307 2894 1421 2932 sum
1473 2887 1526 2930 ct
1561 2889 1818 2930 onerosus
1844 2890 1857 2932 ;
1889 2874 1981 2927 sed

401 2987 648 3049 cxschta
680 2976 960 3047 pauliSpcr,
1011 2983 1065 3028 et
1093 2973 1355 3042 migrabo.
1411 2970 1522 3023 lluc
1564 2968 1704 3021 enim
1751 2966 1984 3034 respexit

401 3086 522 3125 eum
549 3071 787 3124 diceret:
818 3067 871 3121 8.
907 3064 993 3118 Me
1027 3075 1193 3117 autem
1228 3080 1328 3116 non
1356 3078 1552 3131 semper
1591 3058 1851 3112 habebitis.
1877 3055 1982 3110 Sed

406 3161 533 3215 nihil
591 3160 778 3214 horum
851 3156 1016 3211 ferum
1063 3165 1114 3212 et
1171 3154 1425 3208 furiosum
1477 3151 1743 3205 hominem
1796 3149 1982 3214 flexit,

405 3255 614 3311 etiamsi
643 3254 804 3308 multa
835 3253 936 3306 alia
967 3249 1162 3304 dixerit
1195 3260 1247 3304 et
1279 3248 1481 3312 fecerit,
1513 3245 1672 3314 pedes
1695 3244 1808 3313 ejus
1837 3243 1983 3297 lave-

405 3348 475 3401 rit
500 3347 585 3401 illa
619 3353 793 3409 nocte,
823 3357 884 3397 ac
913 3356 1110 3396 mensa:
1154 3349 1461 3393 consortem
1495 3336 1696 3397 fecerit,
1735 3335 1876 3403 quod
1905 3333 1985 3388 vel

408 3439 669 3493 latronum
718 3435 924 3487 animos
969 3431 1206 3485 mulcere
1252 3437 1459 3496 potest;
1491 3436 1544 3481 et
1591 3427 1690 3478 alia
1721 3425 1876 3478 verba
1906 3425 1987 3477 lo-

406 3519 603 3600 quutus
654 3527 751 3590 sit,
803 3539 921 3593 quae
977 3523 1196 3591 pessent
1239 3521 1398 3572 etiam
1450 3516 1677 3585 lapidem
1723 3516 1985 3571 emollire.

411 3623 476 3676 Et
503 3621 617 3674 hazc
656 3633 759 3671 non
803 3615 966 3669 multo
995 3620 1149 3675 ante,
1182 3610 1276 3665 sed
1319 3611 1370 3663 in
1417 3609 1531 3677 ipso
1572 3607 1695 3671 die,
1743 3623 1810 3661 ne
1851 3617 1988 3661 tem-

410 3727 509 3782 pus
540 3711 590 3765 in
639 3707 958 3762 oblivionem
1011 3702 1306 3759 induceret.
1353 3699 1460 3756 Sed
1507 3698 1763 3754 adversus
1813 3700 1988 3754 omnia

411 3803 658 3875 perstitit.

480 3896 534 3950 5.
574 3892 795 3946 Avaritia
825 3897 1067 3960 quantum
1105 3888 1166 3942 sit
1205 3887 1413 3946 malum.
1445 3885 1601 3938 Amor
1631 3884 1856 3954 pecunia!
1882 3883 1990 3936 dte-

410 4005 555 4044 mone
580 3985 814 4039 deterior.
837 4012 908 4022 ——
936 3973 1126 4036 Gravis
1148 3993 1376 4047 namque
1411 3985 1494 4032 est
1523 3975 1745 4030 avaritia
1777 3993 1789 4024 :
1817 3974 1991 4044 gravis

411 4088 576 4141 certe,
610 4092 725 4146 quae
755 4073 938 4128 oculos
967 4080 1020 4126 et
1049 4085 1206 4125 aures
1249 4070 1484 4133 obturet,
1517 4077 1571 4121 et
1601 4066 1712 4122 fera
1740 4065 1991 4120 saeviores

413 4171 587 4226 reddit
616 4187 627 4222 :
663 4181 763 4221 noa
793 4163 1192 4225 c0oscientiam,
1224 4176 1328 4214 non
1356 4159 1661 4222 amicitiam,
1695 4173 1798 4212 non
1821 4159 1993 4210 socie-

414 4272 597 4325 tatem,
629 4275 730 4314 nou
764 4255 1031 4326 propriam
1074 4253 1298 4306 salutem
1347 4251 1584 4319 cogitare
1613 4248 1770 4313 sinit;
1806 4247 1897 4303 scd
1926 4247 1992 4300 ab

413 4353 660 4406 omnibus
689 4350 840 4403 simul
865 4355 1130 4408 avertens,
1162 4358 1296 4414 quos
1318 4343 1458 4410 capit
1488 4343 1537 4395 in
1564 4341 1874 4396 servitutem
1904 4354 1991 4392 rc-

413 4444 563 4512 digit,
608 4449 663 4494 ut
706 4437 1015 4508 gravissima
1059 4435 1292 4489 domina.
1323 4433 1579 4502 Quodque
1625 4433 1676 4485 in
1722 4431 1818 4485 hac
1862 4430 1991 4483 dura

413 4534 670 4590 servitute
715 4528 949 4585 deterius
993 4536 1115 4592 est,
1166 4527 1361 4594 gratias
1406 4525 1506 4578 sibi
1555 4522 1824 4579 habendas
1875 4537 1994 4576 esse

415 4627 546 4698 ipsis
573 4623 792 4686 suadet;
815 4630 869 4676 et
892 4629 1092 4690 quanto
1121 4617 1288 4685 magis
1318 4617 1389 4670 illi
1429 4616 1677 4678 servitur,
1710 4623 1854 4668 tanto
1883 4629 1997 4665 ma-

413 4721 496 4788 gis
545 4724 769 4786 augetur
813 4711 1054 4778 voluptas
1098 4727 1110 4761 :
1158 4708 1384 4774 hincque
1425 4707 1734 4761 incnrabilis
1783 4706 1998 4758 morbus

416 4809 667 4880 gignitur.
714 4804 847 4858 lliuc
889 4809 1081 4858 venatu
1126 4798 1356 4854 difficilis
1409 4798 1523 4851 [nec
1569 4797 1678 4850 fera
1727 4807 1838 4860 est;
1885 4796 1997 4848 lnec

417 4899 562 4956 Giesi
593 4912 658 4952 ex
683 4893 943 4964 discipulo
985 4900 1041 4946 et
1085 4889 1344 4962 propheta
1382 4888 1652 4958 leprosum
1695 4886 1851 4950 fecit;
1887 4887 1999 4939 hzrc

421 4990 680 5048 Ananiam
729 4984 992 5057 perdidit;
1040 4983 1155 5037 haec
1207 4980 1395 5036 Jndam
1452 4977 1782 5048 proditorem
1837 4975 1996 5038 fecit;

422 5083 538 5138 haec
564 5081 832 5152 principes
856 5076 1160 5134 Judzcorum
1187 5072 1444 5141 corrupit,
1477 5070 1565 5140 qui
1607 5070 1744 5123 dona
1775 5069 2002 5135 accipie-

426 5177 552 5229 bant
576 5183 628 5226 cl
654 5172 827 5226 furum
856 5168 984 5224 socii
1016 5165 1417 5230 efficiebantur;
1446 5162 1563 5218 haec
1591 5162 1815 5232 plurima
1845 5159 2001 5214 indu-

426 5266 501 5321 xit
541 5263 700 5322 bella,
732 5260 988 5330 sanguine
1013 5258 1144 5322 vias,
1179 5255 1427 5311 lamentis
1456 5263 1511 5310 et
1537 5253 1821 5325 gemitibus
1847 5251 2006 5306 urbes

429 5355 690 5428 replevit;
715 5353 829 5407 haec
863 5366 1044 5407 comas
1088 5351 1340 5420 impuras,
1370 5361 1687 5416 mensasque
1725 5359 2006 5400 exsecran-

478 5493 494 5520 ι
519 5488 574 5538 In
598 5483 880 5548 Florilegio,
902 5491 961 5548 ut
977 5482 1315 5548 animadvertit
1344 5481 1560 5548 Savilius,
1582 5481 1661 5532 hic
1683 5479 1818 5548 locus
1837 5480 2013 5548 melius

431 5551 620 5616 habere
647 5542 962 5616 videtur,'se_d
981 5558 1048 5616 es
1082 5542 1692 5616 ᾃιρεηιὶμηςᾳιιὶιὶαίφιφῃ
1713 5542 1758 5594 si
1788 5545 2010 5616 cohibere

434 5610 652 5662 voluisset
668 5646 682 5669 ,
707 5621 801 5660 non
825 5604 1105 5669 tradidisset
1130 5604 1494 5669 benefactorem.
1519 5604 1736 5669 Christus
1757 5619 1867 5656 rero
1888 5607 2009 5657 mul-

438 5676 618 5783 tggzgtya
652 5664 789 5724 illum
825 5666 1123 5733 indulgentia
1163 5664 1406 5728 multaque
1443 5665 1669 5730 patientia
1713 5681 1854 5732 usus,
1876 5673 2014 5737 sum--

436 5744 574 5784 reoat
581 5772 592 5783 .

1219 292 1274 348 S.
1315 290 1591 348 JOANNIS
1615 288 2088 346 CHRYSOSTOMI
2131 289 2444 344 AllClllEP.
2489 287 3021 346 (.ONSTANTINOP.

2087 407 2206 473 das,
2236 408 2384 461 cibos
2424 410 2630 479 iniquos
2661 413 2910 468 reddidit.
2950 413 3153 470 Idcirco
3200 416 3462 474 idolorum
3498 425 3672 481 servi-

2086 506 2249 554 tutem
2279 501 2418 552 illam
2464 504 2672 557 vocavit
2702 503 2896 558 Paulus
2919 504 3136 576 (Co/oss.
3165 507 3216 562 3.
3257 509 3334 578 5),
3365 509 3469 565 Sed
3499 527 3677 584 neque

2085 588 2153 642 ita
2189 590 2469 648 deterruit.
2513 591 2618 646 Cur
2646 604 2821 649 autem
2868 597 3224 653 idololatriam
3259 598 3426 655 dicit?
3468 602 3674 660 Habent

2085 681 2234 734 multi
2265 682 2496 748 divitias,
2528 684 2738 752 illiSque
2762 687 2836 739 uti
2866 703 2970 741 non
3003 689 3222 754 audent,
3264 692 3358 746 sed
3391 692 3511 748 illas
3537 708 3674 749 eon-

2084 783 2314 833 sccrant.
2359 786 2411 828 et
2449 778 2729 846 nepotibus
2777 780 2999 834 intactas
3040 784 3427 851 transmittunt,
3455 800 3676 840 eorum—

2085 881 2188 935 que
2220 869 2638 929 successorihus.
2680 873 2829 939 quasi
2863 873 2971 926 Deo
2996 875 3167 928 dicata
3211 891 3444 933 munera.
3458 879 3673 932 contin-

2083 973 2209 1026 gere
2252 974 2356 1012 non
2399 961 2613 1015 audent.
2665 962 2719 1017 Si
2759 965 2974 1032 quando
3003 981 3133 1019 vero
3173 969 3237 1021 iis
3282 969 3354 1022 uti
3387 979 3672 1040 cogantur,

2085 1050 2156 1104 ita
2182 1050 2354 1104 all‘ecti
2385 1064 2507 1105 sunt
2535 1069 2597 1107 ac
2626 1054 2668 1107 si
2693 1070 2805 1108 rem
2851 1056 3086 1110 illicitam
3129 1057 3390 1115 facerent.
3423 1061 3672 1131 Alioquin

2083 1150 2261 1196 autem
2289 1158 2351 1197 ac
2374 1145 2416 1197 si
2446 1145 2564 1212 quis
2597 1146 2808 1214 gentilis
2845 1147 3186 1203 simulacrum
3217 1152 3232 1182 ¹
3263 1151 3492 1217 coleret,
3521 1154 3600 1207 sic
3620 1163 3672 1208 tu

2083 1245 2268 1284 aurum
2303 1234 2468 1300 portis
2513 1243 2567 1287 et
2595 1237 2835 1290 vectibus
2875 1241 3068 1302 munis,
3104 1254 3164 1294 ac
3211 1256 3308 1310 pro
3337 1244 3542 1312 templo
3581 1246 3670 1300 tibi

2084 1336 2260 1374 arcam
2289 1323 2496 1388 statuis,
2522 1335 2573 1378 et
2599 1325 2651 1378 in
2673 1331 2851 1381 aureis
2874 1330 3013 1382 vasis
3033 1329 3276 1399 deponis.
3297 1332 3404 1388 Sed
3426 1349 3538 1388 non
3555 1334 3670 1389 ado-

2084 1427 2171 1466 ras
2198 1413 2536 1468 simulaernm
2564 1427 2618 1468 ut
2651 1416 2783 1472 ille?
2818 1420 2885 1472 At
2915 1435 3127 1475 omnem
3161 1424 3260 1493 ipsi
3287 1425 3494 1480 cultum
3519 1425 3666 1482 exhi—

2088 1504 2200 1558 bes.
2234 1504 2544 1572 llujusmodi
2575 1506 2735 1561 homo
2762 1511 2909 1577 prius
2931 1514 3116 1566 oculos
3143 1523 3195 1566 et
3216 1515 3449 1568 animam
3478 1518 3668 1582 tradat,

2083 1609 2242 1664 quam
2267 1596 2464 1649 idolum
2491 1597 2636 1650 illud.
2661 1599 2771 1652 Hoc
2794 1599 2991 1654 faciunt
3022 1603 3134 1656 auri
3162 1614 3454 1661 amatores.
3489 1608 3559 1660 At
3582 1622 3674 1663 au-

2084 1704 2200 1741 rum
2227 1703 2330 1742 non
2349 1689 2530 1754 adoro,
2559 1691 2786 1761 inquies.
2811 1692 2996 1764 Neque
3020 1695 3106 1751 ille
3129 1696 3669 1767 idolumadorat,sed

2085 1778 2466 1834 inbahitantem
2489 1781 2807 1836 daemonem.
2835 1783 2904 1837 lta
2923 1795 2976 1838 et
3003 1794 3077 1850 tu,
3097 1787 3195 1840 etsi
3215 1802 3403 1842 aurum
3427 1805 3538 1843 non
3555 1791 3676 1846 ado-

2084 1885 2192 1934 res,
2217 1871 2310 1924 sed
2336 1871 2481 1924 illum
2509 1872 2700 1928 adores
2725 1874 3023 1930 daemonem
3046 1879 3133 1946 qui
3159 1895 3226 1933 ex
3260 1880 3376 1933 auri
3399 1881 3596 1936 intuitu
3623 1895 3674 1938 et

2085 1963 2513 2030 concupiscentia
2536 1964 2587 2017 in
2609 1975 2747 2018 tuam
2770 1966 2968 2020 involat
2985 1968 3234 2022 animam.
3255 1970 3513 2027 Dazmone
3529 1988 3672 2026 nam-

2085 2068 2187 2122 que
2208 2053 2442 2107 deterior
2461 2063 2543 2108 est
2558 2057 2901 2125 pecuniarum
2917 2057 3198 2127 cupiditas,
3222 2061 3309 2114 cui
3331 2062 3481 2115 multi
3506 2065 3670 2133 magis

2085 2147 2473 2216 obsequuntur,
2509 2163 2664 2216 quam
2711 2149 2867 2203 idolis
2905 2151 3014 2204 alii.
3053 2151 3117 2204 Hi
3149 2168 3376 2223 namque
3405 2153 3457 2207 in
3493 2156 3669 2209 multis

2087 2253 2190 2292 non
2217 2248 2431 2308 parent;
2466 2239 2537 2292 illi
2571 2255 2696 2293 vero
2727 2241 2778 2293 in
2806 2241 3053 2296 omnibus
3081 2242 3298 2306 cedunt,
3337 2254 3391 2296 et
3415 2245 3667 2316 quidquid

2087 2329 2387 2384 faciendum
2407 2340 2672 2400 suggerat,
2695 2331 3081 2400 obsequuntur.
3103 2333 3238 2400 Quid
3265 2334 3396 2387 dicit
3415 2337 3670 2389 avaritia?

2089 2423 2215 2476 Esto
2244 2423 2491 2476 munibus
2511 2423 2676 2477 hostis
2696 2435 2747 2478 et
2772 2423 3040 2489 inimicus,
3067 2435 3308 2479 naturam
3328 2426 3664 2484 obliviscere.

2090 2513 2252 2567 Dcum
2281 2524 2584 2578 euntcmne,
2615 2515 2849 2568 sacrifica
2879 2517 3012 2569 mihi
3044 2517 3270 2586 teipsum
3293 2535 3306 2570 :
3330 2527 3384 2573 et
3408 2519 3461 2571 in
3497 2519 3662 2572 omni-

2089 2604 2185 2658 bus
2209 2603 2280 2657 illi
2309 2605 2700 2673 obtemperant.
2725 2605 2884 2658 ldolis
2911 2606 3124 2674 quidem
3154 2605 3317 2660 boves
3344 2617 3400 2662 et
3423 2609 3665 2662 ovesim-

2087 2694 2383 2748 molantur:
2417 2696 2638 2747 avaritia
2663 2705 2838 2750 autem
2866 2695 3013 2758 dicit,
3038 2697 3254 2751 lmmola
3285 2698 3414 2751 mihi
3440 2702 3666 2753 animam

2089 2795 2230 2839 tuam
2256 2804 2267 2838 :
2291 2795 2342 2838 et
2368 2800 2558 2838 avarus
2593 2802 2794 2840 morem
2826 2789 2980 2856 gerit.
3013 2787 3196 2841 Viden’
3223 2790 3410 2858 quales
3437 2804 3562 2844 aras
3584 2790 3669 2842 ha-

2089 2876 2246 2932 beat?
2275 2877 2449 2946 qualia
2492 2879 2722 2946 excipiat
2761 2879 3058 2932 sacrificia?
3102 2879 3343 2949 Regnum
3397 2863 3489 2934 Dei
3531 2880 3667 2933 avari

2091 2984 2194 3022 non
2226 2968 2576 3038 possidebunt
2606 2969 2680 3035 (l.
2713 2967 2832 3024 Cor.
2866 2970 2918 3023 6.
2951 2969 3071 3038 l0):
3101 2985 3164 3023 ac
3189 2969 3317 3023 nihil
3348 2980 3528 3024 tamen
3561 2969 3666 3024 for-

2091 3059 2311 3113 midant.
2335 3059 2493 3129 Atqui
2515 3061 2627 3114 haec
2643 3057 2902 3129 cupiditas
2925 3061 3162 3114 omnium
3191 3059 3558 3114 inﬁrmissima
3573 3069 3666 3114 est.

2092 3153 2272 3222 Neque
2296 3153 2438 3207 enim
2459 3155 2657 3216 innata,
2683 3168 2855 3224 neque
2874 3153 3127 3210 naturalis
3143 3162 3226 3208 est
3245 3173 3259 3208 :
3278 3153 3518 3225 alioquin
3535 3153 3669 3210 enim

2092 3245 2247 3298 nobis
2274 3258 2303 3296 a
2337 3245 2596 3313 principio
2617 3243 2907 3301 adfuisset:
2939 3257 2994 3298 at
3023 3246 3176 3299 initio
3196 3261 3382 3299 aurum
3408 3260 3517 3298 non
3539 3253 3668 3307 erat,

2094 3351 2192 3392 nec
2222 3351 2407 3389 aurum
2435 3337 2697 3407 quispiam
2719 3339 2947 3391 amabat.
2981 3339 3048 3390 At
3075 3339 3118 3390 si
3139 3338 3319 3403 vultis,
3348 3335 3527 3391 dicam
3541 3334 3672 3389 unde

2094 3428 2288 3484 malum
2315 3429 2609 3497 irrepserit.
2638 3429 2839 3498 Singuli
2869 3443 2964 3483 eos
2991 3429 3076 3497 qui
3107 3437 3498 3497 priecesseraut
3516 3441 3672 3481 amu-

2095 3523 2208 3586 lati,
2241 3523 2483 3576 morbum
2526 3533 2811 3587 auxerunt,
2859 3532 2912 3576 et
2937 3523 3018 3575 vel
3048 3521 3268 3576 invitum
3302 3521 3490 3576 incitat
3522 3521 3566 3574 is
3589 3519 3670 3587 qui

2095 3618 2386 3688 prtecessit.
2420 3617 2551 3673 Cum
2577 3617 2758 3672 vident
2791 3618 2932 3671 enim
2965 3617 3272 3687 splendidas
3316 3617 3484 3682 aedes,
3518 3631 3669 3686 agro-

2095 3727 2213 3765 rum
2240 3712 2470 3781 copiam,
2497 3724 2769 3765 servorum
2791 3725 2998 3779 greges,
3022 3718 3269 3780 argentea
3290 3723 3441 3773 vasa,
3471 3719 3525 3762 et
3547 3707 3673 3761 mulo

2097 3814 2203 3859 tam
2235 3805 2460 3859 vestium
2486 3803 2810 3873 congeriem,
2853 3802 2982 3856 nihil
3015 3816 3119 3856 non
3160 3810 3325 3871 agunt
3349 3810 3408 3854 ut
3436 3800 3560 3855 illos
3587 3814 3670 3852 sn-

2097 3907 2320 3968 perent:
2349 3906 2405 3952 ut
2431 3897 2584 3966 primi
2629 3894 2896 3961 secundis,
2929 3894 2982 3948 hi
3024 3894 3370 3964 sequentibus
3395 3902 3557 3947 causa
3583 3907 3670 3945 cu-

2098 3989 2276 4058 piendi
2303 3989 2583 4043 exsistant.
2617 3985 2769 4055 Quod
2798 3987 2839 4040 si
2869 3985 3161 4040 voluissent
3185 3984 3460 4037 moderate
3500 3994 3670 4051 agere,

2099 4100 2202 4137 nou
2236 4083 2354 4136 aliis
2395 4081 2642 4136 doctores
2674 4079 2926 4142 fuissent;
2971 4079 3078 4131 imo
3120 4091 3292 4145 neque
3337 4075 3420 4127 his
3468 4075 3574 4128 ulla
3602 4083 3676 4126 est

2099 4177 2390 4231 excusatio.
2422 4174 2558 4228 Sunt
2585 4173 2728 4228 enim
2767 4171 2850 4224 alii
2881 4171 2968 4240 qui
3001 4170 3253 4239 pecunias
3297 4178 3577 4236 spernant.
3615 4164 3675 4217 Et

2100 4268 2219 4338 quis
2249 4268 2469 4336 spernit,
2504 4265 2744 4336 inquies?
2789 4263 2938 4330 Quod
2971 4263 3111 4317 enim
3154 4261 3371 4331 gravius
3408 4269 3512 4322 est,
3544 4268 3672 4312 tanta

2102 4362 2258 4431 hujus
2289 4361 2400 4414 vitii
2431 4360 2510 4412 vis
2545 4367 2649 4421 est,
2694 4366 2751 4411 ut
2793 4357 3035 4410 videatur
3063 4369 3167 4408 non
3217 4367 3372 4421 posse
3416 4350 3672 4420 superari,

2102 4467 2202 4506 nec
2220 4451 2469 4506 credatur
2489 4448 2788 4518 quempiam
2815 4461 2934 4500 esse
2965 4445 3053 4516 qui
3079 4444 3402 4498 contrariam
3435 4442 3674 4494 virtutem

2101 4553 2356 4599 sectetur.
2392 4542 2582 4597 Multos
2612 4549 2787 4594 tamen
2819 4536 3124 4607 hujusmodi
3156 4549 3440 4590 numerare
3468 4544 3674 4601 possum

2103 4645 2156 4690 et
2182 4636 2233 4688 in
2257 4633 2475 4688 urbibus
2505 4641 2557 4686 ct
2582 4632 2634 4686 in
2664 4630 2950 4684 montibus.
2985 4628 3051 4682 Et
3086 4626 3211 4694 quid
3242 4625 3365 4680 inde
3392 4623 3559 4679 lucri?
3588 4636 3675 4674 ne-

2103 4743 2207 4798 que
2235 4725 2376 4780 enim
2409 4725 2534 4778 hinc
2561 4722 2812 4778 meliores
2832 4719 3085 4774 evadctis.
3116 4716 3364 4786 Alioquin
3387 4723 3562 4767 autem
3580 4725 3674 4764 non

2107 4819 2173 4874 de
2203 4819 2286 4872 his
2315 4817 2467 4871 nobis
2497 4829 2676 4871 sermo
2703 4827 2842 4867 nunc
2869 4821 2970 4876 est,
3003 4826 3101 4864 nec
3125 4809 3354 4864 dicimus
3377 4806 3584 4859 divitias
3603 4801 3676 4856 ef-

2109 4911 2254 4965 fundi
2284 4918 2563 4978 oportere:
2610 4904 2804 4960 vellem
2853 4904 3064 4972 utique;
3093 4901 3185 4954 sed
3219 4899 3341 4969 quia
3371 4896 3542 4966 majus
3570 4907 3680 4948 csso

2109 5017 2244 5058 onus
2264 5001 2493 5065 videtur,
2525 5014 2630 5052 non
2661 5011 2867 5065 cogam,
2892 4994 2983 5048 sed
3015 4992 3198 5046 hortor
3223 5003 3289 5044 ne
3311 4989 3482 5041 aliena
3504 4998 3680 5038 coacu-

2110 5093 2348 5164 piscatis,
2381 5100 2540 5162 atque
2570 5104 2636 5142 ex
2665 5084 3002 5141 facultatibus
3033 5082 3354 5152 largiamini.
3385 5077 3570 5132 Multos
3591 5089 3678 5125 au-

2113 5191 2218 5239 tem
2249 5183 2580 5238 inveniemus
2611 5179 2769 5234 rebus
2798 5177 2910 5231 suis
2953 5181 3253 5236 contentos,
3288 5186 3382 5226 sua
3424 5174 3678 5225 curantes,

2113 5286 2167 5334 et
2195 5292 2260 5333 ex
2289 5273 2447 5344 justis
2493 5271 2762 5327 laboribus
2787 5271 2986 5323 victum
3017 5274 3286 5336 parantes.
3315 5262 3434 5317 Cur
3463 5274 3564 5314 non
3593 5257 3680 5309 hos

2117 5369 2386 5424 imitamur
2413 5373 2468 5420 et
2491 5361 2836 5418 aamulamur?
2865 5357 3171 5428 Cogitemus
3209 5369 3305 5409 eos
3331 5355 3421 5424 qui
3449 5359 3565 5405 ante
3594 5361 3682 5400 nos

2118 5461 2374 5517 fuerunt:
2407 5470 2582 5512 annon
2625 5453 2839 5508 illorum
2872 5449 3067 5522 praedia
3097 5455 3259 5512 stant,
3302 5445 3431 5501 dum
3458 5445 3672 5513 ipsorum

2119 5553 2228 5610 sola
2260 5549 2474 5607 nomina
2511 5541 2992 5604 circumferuntur?
3023 5540 3098 5596 Eu
3143 5538 3300 5611 hujus
3329 5536 3584 5596 balneum,
3615 5525 3669 5578 ile

2188 5735 2203 5763 ι
2241 5729 2334 5779 Alii
2354 5727 2561 5788 addunt,
2586 5738 2803 5777 stacten.
3636 5731 3677 5765 κη
