3984 6196
302 329 403 386 ως

299 445 402 501 lius
431 441 801 499 suburbanum
827 453 883 500 et
912 442 1305 499 diversorium:
1329 460 1508 501 annon
1529 447 1708 501 statim
1738 455 1901 517 atque

297 538 414 591 haec
449 534 718 603 videmus,
747 534 1171 606 ingemiscimns.
1196 537 1494 606 cogitantes
1521 547 1655 608 quot
1688 538 1901 592 labores

291 627 634 695 sustinuerit,
665 637 797 698 quot
822 638 1128 699 quantaque
1156 629 1426 698 rapuerit?
1453 638 1512 685 et
1528 644 1792 700 nusquam
1811 630 1900 685 ille

288 730 552 791 apparet;
596 721 694 777 sed
720 720 812 776 alii
838 721 959 790 eius
986 720 1331 778 facultatibus
1358 721 1715 790 delectantur,
1762 739 1898 794 quos

285 806 385 868 ille
412 828 707 885 numquam
734 822 1004 884 putasset;
1034 822 1095 870 ct
1125 813 1263 870 forte
1301 815 1464 870 etiam
1511 815 1734 879 inimici,
1765 815 1895 871 dum

286 915 572 961 estremas
617 906 708 961 ille
748 906 842 960 dat
887 920 1093 977 pestas.
1129 905 1331 961 Eadem
1361 922 1462 962 nos
1490 919 1731 962 manent.
1760 906 1895 963 Nam

289 996 413 1052 sine
436 995 605 1052 dubio
635 999 951 1065 moriemur,
990 996 1351 1068 eamdemque
1377 998 1539 1054 linem
1584 999 1893 1055 sortiemur.

288 1086 530 1154 Quanta,
552 1102 760 1158 quaso,
789 1087 939 1150 odia,
969 1095 1203 1159 quantos
1228 1097 1497 1158 stunptus,
1531 1099 1758 1159 quantas
1785 1089 1894 1144 ini-

290 1181 531 1235 miciaias
555 1181 964 1237 sustinuerunt?
990 1180 1059 1236 Et
1086 1180 1213 1252 quid
1236 1181 1363 1237 inde
1384 1182 1554 1237 lucri?
1584 1181 1891 1239 lmmortale

285 1271 638 1341 supplicium,
666 1283 722 1327 et
741 1272 1041 1327 consolatio
1062 1273 1229 1340 nulla,
1252 1273 1656 1329 criminationes
1681 1273 1751 1328 ab
1768 1288 1890 1328 om-

286 1364 454 1418 nibus
482 1380 588 1418 non
620 1365 817 1419 viventi
849 1365 1029 1431 modo,
1060 1364 1156 1421 sed
1184 1366 1351 1421 etiam
1373 1365 1629 1422 defuncto
1656 1365 1888 1420 oblatas.

280 1456 430 1522 Quid
462 1457 656 1526 porro!
699 1472 824 1512 cum
849 1457 1139 1513 multorum
1171 1458 1437 1530 imagines
1466 1459 1518 1514 in
1546 1458 1753 1515 :udibus
1783 1474 1886 1528 po~

1367 333 1434 387 ΙΝ
1472 331 1783 389 JOANNEM
1830 332 2058 393 HOMIL.
2101 336 2279 395 LXVI.
2322 343 2393 397 al.
2434 345 2593 402 LXV.

2006 460 2137 506 snas
2165 455 2549 524 conspicimus,
2578 476 2756 516 annon
2786 466 2952 536 magis
2979 467 3254 540 lugemus?
3279 473 3412 532 Vere
3433 479 3586 549 plane

2002 540 2140 596 dixit
2169 545 2462 615 propheta:
2509 549 2858 611 Verumtamen
2887 573 3014 614 vane
3052 566 3385 623 conturbatur
3424 540 3588 629 omnis

2002 633 2152 689 homo
2177 638 2346 693 virens
2367 639 2538 708 (Psal.
2561 644 2651 699 38.
2686 645 2797 718 12).
2823 648 3160 711 Perturbatio
3188 660 3329 715 enim
3360 678 3485 720 vere
3506 677 3589 722 est

2003 725 2259 828 harumce
2290 747 2468 787 rerum
2489 749 2654 804 cura;
2688 742 3019 809 perturbatio
3046 758 3101 803 et
3125 753 3371 810 anxietas
3395 770 3583 828 super.

1998 816 2127 872 llua.
2153 817 2326 877 Secus
2346 835 2525 882 autem
2559 828 2610 883 in
2640 834 2856 889 mter-nis
2882 836 2989 893 illis
3017 845 3385 904 mansionibus
3414 816 3476 905 et
3504 862 3587 908 ta-

2001 908 2322 970 bernaculis.
2356 916 2455 974 Hic
2493 920 2632 978 alius
2663 924 2941 998 laboravit,
2981 931 3117 990 alius
3140 936 3381 995 laborum
3415 940 3587 1001 fructu

2001 1005 2237 1100 potitur;
2268 1008 2339 1064 ibi
2370 1026 2499 1067 vero
2548 1014 2793 1074 laborum
2821 1037 3041 1080 suorum
3071 1029 3298 1100 quisque
3332 1033 3588 1093 dmuinns

1993 1095 2121 1163 erit,
2152 1106 2208 1153 et
2230 1102 2578 1174 multiplicem
2594 1110 2820 1180 accipiet
2835 1095 3163 1175 mercedem.
3186 1095 3265 1177 Ad
3294 1124 3436 1181 illam
3457 1145 3586 1199 ergo

1998 1193 2394 1256 possessionem
2417 1211 2802 1267 properemus:
2824 1206 2934 1262 illic
2963 1225 3214 1279 paremus
3246 1218 3399 1273 nobis
3416 1193 3582 1286 aedes,

1997 1291 2056 1381 ut
2073 1283 2410 1381 quiescamus
2426 1289 2478 1343 in
2500 1291 2714 1349 Christo
2738 1296 2867 1354 Jesu
2887 1300 3115 1358 Domino
3133 1316 3344 1375 nostro,
3366 1283 3581 1381 muenia

1996 1372 2139 1428 Patri
2167 1386 2222 1430 ct
2242 1378 2462 1447 Spiritui
2494 1393 2682 1439 sancto
2707 1388 2873 1457 gloria
2904 1391 2955 1447 in
2978 1396 3195 1452 secula.
3229 1372 3419 1456 Arnen.

1613 1683 1963 1747 HOMILIA
2005 1681 2224 1746 LXVI.

271 1828 417 1885 Car.
451 1828 539 1884 l2.
584 1845 637 1882 v.
667 1829 725 1885 9.
756 1829 996 1902 Cognovit
1044 1847 1164 1902 ergo
1197 1831 1343 1885 turba
1372 1832 1530 1885 multa
1576 1846 1641 1884 ra:
1682 1827 1881 1884 Iudicis

350 1923 479 1992 quia
502 1921 610 1976 illic
637 1933 808 1978 esset:
833 1932 879 1978 et
903 1933 1160 1989 venerunt,
1190 1940 1292 1977 non
1328 1933 1536 1993 propter
1562 1920 1738 1976 Iesum
1759 1930 1879 1973 tan-

352 2024 487 2081 tum,
515 2013 606 2070 sed
632 2024 689 2068 ut
730 2023 778 2068 et
810 2013 1068 2069 Lazarum
1096 2015 1318 2069 viderent
1341 2055 1356 2081 ,
1381 2031 1530 2085 quem
1550 2012 1809 2069 suscitavit
1849 2028 1884 2063 a

351 2129 590 2183 mortuis.

355 2220 415 2274 1.
454 2217 918 2286 Quemadmodum
966 2219 1166 2275 divitia:
1213 2221 1453 2277 incautos
1496 2220 1721 2290 perdere
1747 2235 1881 2275 con-

266 2320 598 2373 sueverunt,
620 2312 694 2365 ita
723 2320 781 2366 et
800 2313 1172 2383 principatus:
1205 2314 1309 2369 ill:c
1340 2315 1483 2369 enim
1514 2314 1566 2367 in
1598 2314 1880 2369 avaritiam

263 2402 585 2467 deducunt,
602 2402 687 2456 hic
707 2405 765 2457 in
792 2406 1172 2475 arrogantiam.
1196 2405 1331 2463 Vide
1353 2421 1483 2477 ergo
1508 2407 1646 2475 apud
1665 2406 1882 2461 intimos

266 2496 558 2554 subditam
577 2496 788 2567 quidem
808 2499 1016 2554 turbam
1044 2514 1252 2565 sanam,
1268 2500 1537 2571 principes
1557 2508 1734 2554 autem
1755 2514 1879 2554 cor-

265 2598 495 2660 ruptos.
525 2589 679 2658 Quod
707 2591 852 2646 enim
885 2591 1034 2662 plebs
1084 2591 1137 2647 in
1179 2592 1329 2647 illum
1372 2591 1659 2657 crederet,
1692 2591 1884 2646 testill-

261 2690 477 2737 cantur
496 2682 697 2753 passim
720 2682 1062 2753 evangelista
1087 2701 1102 2737 :
1135 2681 1290 2737 Multi
1307 2683 1372 2736 de
1390 2681 1539 2736 turba
1555 2681 1880 2736 crediderunt

262 2773 471 2826 ineant
498 2769 684 2841 μου.
716 2770 770 2827 7.
798 2771 913 2844 51).
944 2771 1019 2827 Es
1038 2772 1369 2843 principibus
1387 2781 1567 2828 autem
1595 2772 1747 2827 multi
1772 2787 1877 2826 non

261 2863 594 2920 credebant.
619 2864 720 2935 Ipsi
734 2879 862 2920 vero
872 2864 1077 2930 dicunt,
1090 2879 1197 2920 non
1214 2865 1389 2931 turba,
1410 2863 1677 2937 Numquid
1695 2864 1880 2933 aliquis

268 2972 345 3008 es
365 2956 682 3025 principibus
704 2955 922 3011 credidit
947 2957 1002 3011 in
1023 2973 1137 3011 eum
1162 2956 1326 3026 (Ibid.
1352 2957 1408 3012 7.
1443 2957 1512 3012 48
1532 2957 1591 3028 )?
1615 2957 1720 3013 Sed
1748 2956 1876 3028 qttid

267 3046 469 3101 dicunt
488 3046 513 3100 2
534 3045 711 3100 Turba
729 3046 926 3118 populi,
961 3048 1051 3118 qui
1078 3063 1180 3102 non
1200 3056 1388 3101 norunt
1408 3045 1592 3113 Deum,
1623 3049 1878 3103 maledicti

262 3133 591 3206 thbr‘d.
641 3151 689 3189 υ.
731 3135 849 3206 49).
901 3137 1006 3192 Eos
1060 3137 1152 3207 qui
1202 3136 1510 3203 ctedebant,
1563 3139 1877 3194 maledictos

258 3226 567 3291 dicebant;
594 3243 657 3284 se
687 3242 816 3283 vero
838 3228 931 3298 qui
961 3228 1278 3285 occiderunt
1300 3228 1571 3285 Christum
1594 3272 1611 3297 ,
1645 3230 1877 3300 pruden~

259 3329 384 3375 tes.
409 3319 506 3376 llic
528 3334 748 3391 quoque
776 3320 929 3375 multi
959 3320 1049 3391 qui
1071 3320 1386 3376 miraculum
1416 3321 1869 3387 viderant,credi-

257 3412 472 3468 deum
494 3428 514 3475 ;
541 3413 813 3484 principes
830 3422 1034 3479 autent,
1052 3427 1160 3469 non
1178 3413 1339 3469 modo
1361 3429 1467 3469 non
1480 3419 1720 3470 contenti
1745 3430 1871 3485 pro-

260 3504 411 3574 priis
434 3505 595 3558 malis
614 3511 788 3568 erant.
804 3502 899 3559 sed
916 3505 1080 3560 etiam
1103 3504 1359 3559 Lazarum
1383 3505 1684 3562 interﬁcere
1702 3516 1873 3561 tenta-

256 3594 405 3650 ltntst
424 3594 440 3625 '
458 3592 854 3665 (Joon.l2.l0).
878 3594 1031 3663 Esto,
1049 3594 1341 3658 Christum.
1359 3597 1449 3666 qui
1467 3598 1744 3653 sabbatum
1767 3598 1873 3651 sol-

260 3685 462 3747 vebat.
487 3684 581 3755 qui
610 3699 671 3741 se
696 3685 958 3756 aqualem
985 3684 1126 3741 Patri
1149 3686 1398 3754 faciebat,
1432 3698 1651 3758 propter
1675 3688 1874 3744 Ποιητι-

255 3791 373 3832 nos
409 3777 720 3832 interﬁcere
746 3776 1033 3847 quaeratis;
1060 3778 1113 3833 in
1149 3777 1351 3833 Lazaro
1376 3778 1501 3850 quid
1531 3780 1750 3835 sceleris
1776 3780 1872 3835 de-

253 3866 660 3940 prchendistis,
687 3876 748 3923 ut
770 3869 1017 3939 cogitetis
1043 3869 1388 3926 interﬁcere?
1419 3872 1497 3925 An
1550 3872 1868 3929 benclicium

249 3959 523 4030 accipere
550 3961 762 4015 crimini
806 3960 1084 4017 dandum?
1112 3962 1299 4018 Vidcn‘
1328 3964 1729 4035 sanguinarium
1758 3965 1871 4021 illo-

255 4067 396 4105 rum
455 4051 839 4122 propositum?
880 4053 1037 4124 Atqui
1079 4054 1245 4109 multa
1290 4055 1438 4125 signa
1489 4057 1724 4123 fecerat;
1772 4057 1866 4111 sed

244 4143 478 4198 nullum
536 4158 638 4198 eos
689 4142 762 4197 ita
807 4143 1142 4213 ell‘eravcrat,
1195 4162 1303 4202 non
1355 4149 1715 4218 paralyticos,
1762 4165 1866 4205 non

241 4250 469 4292 erecte.
496 4234 614 4290 Hoc
638 4236 783 4290 enim
826 4246 885 4292 et
911 4245 1099 4293 natura
1139 4239 1437 4294 mirabilius
1465 4251 1621 4307 erat,
1645 4249 1703 4296 et
1750 4251 1871 4311 post

238 4328 367 4383 alia
402 4327 572 4381 multa
605 4327 838 4392 factum;
867 4343 1062 4400 resque
1086 4331 1345 4400 stupenda
1374 4338 1495 4387 erat
1520 4332 1702 4389 videre
1719 4348 1867 4388 mor-

242 4429 425 4474 tuam
445 4416 861 4488 qnatriduannm
883 4419 1246 4475 ambulantem
1276 4431 1326 4477 et
1372 4422 1704 4493 loquentem.
1740 4424 1865 4479 Pul-

236 4511 402 4566 chra
418 4523 555 4564 sane
570 4508 692 4563 festi
715 4508 909 4571 ol'licia.
927 4512 1163 4566 caedibus
1179 4513 1548 4570 celebritatem
1574 4518 1799 4572 miscere
1818 4518 1861 4570 ³.

240 4603 546 4658 Mm
572 4599 683 4655 illic
710 4600 778 4655 de
807 4600 1009 4656 violato
1035 4601 1258 4657 sabbato
1285 4606 1613 4661 accusabant
1639 4623 1783 4668 eum.
1810 4616 1866 4663 et

240 4697 371 4752 hac
416 4695 636 4751 ratione
677 4694 931 4764 populum
981 4695 1320 4752 adducebant
1373 4717 1386 4753 :
1433 4698 1519 4755 hic
1571 4715 1698 4755 vero
1743 4703 1865 4771 quia

240 4787 402 4842 nihil
456 4795 708 4855 poterant
744 4786 989 4842 criminis
1041 4788 1259 4854 oll'crre,
1311 4801 1499 4846 contra
1550 4793 1865 4847 suseitatnm

240 4878 676 4935 mehinantnr.
703 4876 888 4949 Neque
912 4888 1159 4949 poterant
1189 4880 1274 4936 bie
1295 4881 1480 4937 dicere
1503 4925 1519 4946 .
1546 4883 1720 4950 ipsum
1745 4898 1867 4938 esse

241 4967 421 5025 Patri
449 4967 863 5035 adversarium;
905 4970 1146 5040 precatio
1187 4972 1332 5026 enim
1383 4972 1672 5029 cohibebat
1716 4974 1858 5029 illos.

312 5103 869 5183 ἕρ
892 5104 1162 5183 ξψξεείο
1182 5122 1196 5158 ε
1219 5106 1435 5183 Mer?"
1465 5108 1595 5183 εηὶηι
1614 5110 1868 5183 “tum!!!

956 5169 1192 5243 im
1211 5169 1570 5243 ᾖαπβκνεηιε
1729 5172 1868 5223 ἠυλά

229 5236 623 5342 ἔπεισας,
656 5229 720 5281 ab
738 5230 811 5282 eis
839 5229 1142 5284 desciverant
1175 5238 1223 5283 et
1257 5229 1572 5286 crediderant
1606 5229 1658 5284 in
1679 5240 1863 5286 Jesurn.

314 5354 345 5384 ο
566 5351 698 5421 hunc
717 5350 877 5421 locum
909 5352 1040 5421 male
1056 5352 1245 5405 habere
1259 5354 1529 5421 contendit,
1554 5355 1812 5421 ipsumque
1835 5370 1868 5409 ο

230 5412 1056 5533 εἳαὶιῗίοσίοςαιίωθτρίυὺει
1078 5429 1092 5466 :
1112 5416 1472 5468 Osacerdotutn
1492 5412 1768 5490 miremini,
1781 5426 1865 5482 qui

234 5478 414 5527 dea!
457 5481 613 5524 eum
632 5483 703 5526 ua
721 5488 915 5533 egrege
950 5483 1100 5533 agam
1142 5485 1194 5527 ut
1225 5477 1388 5529 mdes
1408 5478 1675 5531 celebritati
1692 5494 1864 5533 misce-

234 5477 613 5542 dianfesmn
632 5477 703 5526 ita
721 5477 924 5542 egreg’e'
950 5483 1100 5542 agnati
1142 5485 1194 5527 ut
1225 5477 1388 5542 caedes
1408 5477 1675 5542 celebritati
1692 5477 1864 5533 misee-

230 5543 369 5607 -ει
866 5540 1731 5611 εενίεηι.μηιιιιιρμιι.ειγίιίιιε.,υκο
1750 5556 1865 5611 per.-

310 5600 493 5647 ialam
506 5599 706 5649 omina
720 5595 776 5649 et
791 5596 971 5650 claram
991 5595 1218 5650 arbitrm.
1237 5595 1431 5648 Ironice
1443 5595 1709 5654 biedieitti'r
1733 5595 1868 5655 {Pul-

312 5671 394 5729 re}
416 5670 532 5729 atque
546 5660 657 5729 {egi
674 5658 850 5724 amt-ia.
868 5660 1084 5729 caedibus
1104 5660 1430 5729 celebritatem
1452 5662 1686 5723 miscere;
1704 5678 1766 5729 ac
1780 5680 1869 5729 pe-

230 5722 427 5788 rinde
600 5720 774 5788 Gra‘ca
789 5727 1090 5788 egit-imitat.
1117 5722 1395 5788 liloriiegus
1423 5734 1588 5776 autem
1624 5720 1866 5778 undta'dc

232 5786 371 5838 suis
400 5780 605 5836 allidit.
629 5796 739 5844 qua
758 5783 810 5833 in
831 5782 1152 5846 C‘trysostomi
1176 5780 1536 5838 romtneutariis
1566 5803 1660 5839 non
1685 5800 1840 5842 erant.

612 5869 878 5932 Panos.
925 5875 1040 5933 (in.
1092 5876 1252 5945 LIX.
1340 5883 1344 5887 ⁴

1991 1826 2255 1893 Quoniam
2302 1833 2462 1903 igitur
2501 1839 2708 1896 sublata
2748 1853 2865 1900 erat
2899 1847 3111 1904 assidua
3157 1850 3245 1907 illa
3289 1858 3579 1913 accusandi

1990 1922 2234 1990 materia,
2289 1926 2608 2001 signumque
2653 1936 2999 2005 conspicuum
3051 1949 3206 2008 erat,
3263 1943 3331 1998 ad
3373 1945 3582 2003 caedem

1986 2008 2270 2103 feruntur:
2297 2016 2635 2092 idipsumqne
2664 2024 2854 2081 facturi
2879 2038 3035 2085 erant
3052 2045 3177 2103 erga
3205 2048 3433 2101 mecum,
3477 2040 3582 2095 n'si

1987 2102 2194 2192 sabbati
2218 2106 2423 2163 crimen
2444 2110 2723 2170 adfuisset.
2752 2117 3003 2188 Alioquin
3043 2102 3289 2192 ignobilis
3317 2126 3410 2182 ille
3437 2139 3578 2192 erat,

1987 2191 2533 2286 ejeeeruntqueillum
2557 2202 2626 2259 de
2650 2205 2882 2275 templo:
2910 2207 2997 2264 hic
3015 2191 3194 2268 autem
3217 2213 3297 2268 vir
3325 2191 3571 2286 insignis,

1989 2294 2046 2339 ut
2075 2285 2245 2357 liquet
2283 2304 2349 2346 es
2376 2307 2444 2347 eo
2467 2295 2614 2364 quod
2663 2297 2815 2365 multi
2857 2315 3075 2359 sorores
3096 2304 3215 2374 ejus
3242 2285 3578 2365 consulatum

1987 2380 2263 2448 venerint;
2291 2390 2349 2438 et
2386 2386 2711 2446 miraculum
2736 2392 3040 2451 videntibus
3062 2398 3318 2456 onmibus
3367 2400 3574 2457 editum

1984 2466 2180 2537 fuerat,
2229 2480 2392 2544 atque
2435 2479 2704 2548 stupenda
2746 2482 2929 2539 uredo.
2985 2484 3112 2542 Ideo
3162 2504 3356 2545 omnes
3402 2493 3575 2547 visunt

1985 2562 2358 2619 occurrebant.
2405 2566 2519 2624 Hoc
2549 2569 2672 2626 illos
2697 2573 3018 2644 mordebat,
3046 2579 3190 2649 quod
3218 2582 3451 2639 instante
3484 2600 3575 2639 so-

1986 2650 2259 2710 lemnitate
2282 2695 2301 2723 ,
2333 2657 2424 2714 illa
2463 2661 2629 2718 missa
2670 2680 2860 2723 omnes
2888 2668 3205 2727 Bethaniam
3235 2673 3571 2734 advolarent.

1984 2742 2137 2799 illum
2164 2761 2294 2818 ergo
2320 2750 2568 2808 occidere
2596 2755 2763 2812 moliti
2792 2767 2938 2827 sunt,
2966 2771 3021 2817 ct
3050 2762 3182 2820 nihil
3210 2766 3414 2824 audere
3460 2768 3565 2824 sibi

1984 2833 2350 2894 videbantur:
2395 2841 2465 2897 ita
2513 2847 2841 2917 sanguinarii
2869 2863 3046 2907 erant.
3093 2852 3221 2913 ideo
3266 2857 3348 2914 les
3392 2860 3462 2916 ab
3483 2859 3572 2917 Itis

1982 2927 2161 2983 verbis
2180 2929 2388 3001 incipit,
2418 2932 2543 2989 Non
2568 2939 2984 3012 oceides(Ea:od.
3010 2945 3102 3002 ΞΟ.
3128 2950 3262 3021 l3);
3292 2950 3435 3008 etde
3457 2951 3562 3009 hoc

1982 3021 2242 3115 propheta
2262 3034 2497 3090 accusat,
2532 3026 2721 3084 Manus
2743 3047 2919 3088 eorum
2946 3039 3197 3108 sanguine
3220 3042 3386 3109 plena
3412 3042 3565 3115 (Isai.

1982 3113 2036 3167 l.
2059 3113 2172 3183 15).
2188 3114 2470 3181 Quomodo
2485 3115 2745 3192 ergoeum
2764 3141 2871 3181 non
2899 3129 3071 3196 palam
3101 3132 3152 3185 in
3170 3132 3355 3190 Iudaea
3371 3113 3563 3193 ambu-

1981 3205 2133 3270 laret,
2158 3217 2212 3262 et
2237 3209 2290 3262 in
2319 3208 2590 3268 desertum
2621 3217 2964 3284 secessisset,
2996 3223 3184 3278 iterum
3214 3224 3444 3283 ﬁdenter
3482 3229 3567 3284 iu-

1977 3302 2085 3389 trat
2101 3296 2128 3351 ?
2149 3297 2437 3367 Postquam
2463 3315 2683 3359 secessu
2711 3306 2844 3361 iram
2866 3308 3078 3366 illorum
3099 3313 3381 3372 sedaverat
3405 3359 3421 3386 ,
3445 3318 3559 3389 jam

1977 3387 2189 3457 quietos
2214 3390 2349 3447 adit.
2373 3392 2619 3466 Alioquin
2646 3398 2794 3468 plebs
2821 3402 3129 3470 praecedens
3151 3415 3206 3461 et
3225 3387 3559 3480 subsequens

1978 3490 2190 3549 poterat
2206 3482 2311 3537 illis
2322 3494 2523 3541 metum
2547 3488 2785 3547 incutere
2805 3492 2964 3550 :nihil
2981 3497 3125 3552 enim
3140 3513 3257 3555 eam
3281 3501 3351 3557 ita
3365 3503 3566 3560 allexe-

1977 3581 2100 3637 rat,
2126 3582 2187 3627 ut
2209 3574 2417 3644 signum
2442 3576 2647 3634 Lasari.
2671 3581 2823 3638 Alius
2848 3598 3015 3655 porro
3037 3590 3365 3660 evangelista
3404 3595 3561 3663 dicit,

1976 3662 2278 3722 Straverunt
2301 3669 2393 3724 sub
2421 3671 2629 3741 pedibus
2656 3676 2768 3745 ejus
2794 3679 3088 3736 vestimenta
3105 3682 3253 3755 (Luc.
3289 3687 3377 3743 l9.
3412 3689 3481 3746 56
3503 3692 3561 3758 );

1973 3766 2061 3818 et.
2112 3759 2290 3814 Omnis
2329 3762 2507 3818 civitas
2532 3779 2781 3823 commota
2809 3781 2884 3825 est
2907 3771 3124 3842 (Matth.
3153 3776 3245 3834 2|.
3274 3779 3411 3853 to);
3437 3797 3562 3839 cum

1975 3855 2125 3903 tanto
2159 3850 2367 3907 scilicet
2422 3853 2628 3913 honore
2662 3859 3079 3931 ingrcdiebatur.
3130 3868 3242 3923 llot:
3273 3850 3435 3940 porro
3479 3875 3561 3929 l‘a-

1970 3939 2151 3996 ciebat
2200 3944 2621 4035 ttt‘prophctiam
2650 3950 2808 4006 aliaat
2851 3954 3135 4024 llgurarct,
3165 3939 3322 4015 aliam
3365 3964 3561 4035 imple-

1974 4039 2056 4084 ret
2088 4049 2102 4085 :
2128 4042 2185 4086 ct
2223 4032 2362 4089 idem
2407 4033 2506 4091 fuit
2546 4038 2771 4095 alterius
2793 4042 3135 4114 principium,
3162 4049 3386 4106 alterius
3415 4032 3558 4110 “vllis.

1972 4122 2103 4179 Nam
2132 4124 2282 4189 illud.
2307 4124 2505 4183 Laetare
2529 4131 2650 4200 quia
2691 4132 2803 4187 Rea:
2830 4143 2946 4191 ttttts
2981 4139 3116 4194 venit
3139 4140 3230 4195 tibi
3266 4140 3588 4202 monstretur

1972 4214 2158 4281 (Ibid.
2221 4232 2271 4271 ο.
2313 4217 2433 4287 5),
2488 4223 2825 4291 prophetiam
2889 4226 3075 4298 implet
3118 4247 3132 4282 :
3177 4234 3318 4301 quod
3375 4248 3556 4293 autem

1972 4307 2126 4362 asino
2149 4308 2379 4365 insideat
2402 4352 2418 4375 ,
2449 4327 2562 4368 rem
2592 4314 2825 4402 futuram
2872 4320 3265 4390 prmsigniﬂcat,
3304 4327 3428 4397 quia
3457 4331 3562 4384 im-

1972 4399 2229 4455 mundum
2275 4403 2555 4471 gentiliutn
2586 4399 2756 4477 genus
2801 4409 3075 4468 subditum
3115 4413 3393 4475 habiturus
3419 4429 3556 4477 erat.

1971 4489 2454 4557 thntodoautem
2499 4496 2587 4551 alii
2617 4497 2798 4554 dicunt
2829 4500 3000 4569 ipsum
3028 4504 3317 4577 discipulos
3343 4511 3556 4567 misisse

1970 4589 2027 4633 et
2054 4581 2273 4648 dixisse,
2303 4584 2494 4640 Solvite
2516 4589 2715 4642 asinam
2735 4600 2782 4645 et
2814 4593 3011 4661 pullum
3044 4597 3065 4666 (
3089 4596 3257 4652 Marc.
3292 4601 3379 4656 il.
3411 4603 3481 4659 12
3500 4606 3557 4674 );

1970 4674 2061 4729 hic
2097 4690 2227 4730 vero
2256 4676 2389 4733 nihil
2428 4679 2602 4736 simile
2627 4682 2758 4738 dicit
2780 4724 2797 4751 ,
2829 4684 2923 4741 sed
2956 4685 3174 4745 invento
3212 4693 3382 4749 asello
3410 4696 3552 4751 luse-

1970 4763 2151 4860 disse?
2179 4765 2476 4839 Utrumque
2520 4771 2717 4830 factum
2761 4792 2883 4832 esse
2921 4781 3178 4840 credibile
3203 4794 3309 4851 est.
3337 4796 3393 4843 et
3440 4800 3563 4860 post

1971 4858 2200 4915 solutam
2225 4863 2451 4930 asinam,
2471 4865 2793 4926 ducentibus
2818 4872 3118 4945 discipulis,
3144 4879 3365 4939 invento
3389 4858 3559 4941 asello

1970 4950 2244 5007 Christum
2277 4955 2562 5014 insedisse.
2592 4954 2792 5019 nmo.
2835 4974 3014 5021 autem
3058 4972 3353 5039 palmarum
3385 4988 3438 5032 et
3460 4979 3564 5035 oli—

1973 5056 2156 5097 varunt
2187 5060 2511 5117 acceperunt
2532 5090 2548 5114 ,
2579 5061 2633 5107 et
2659 5056 2976 5114 vestimenta
3015 5069 3352 5133 straverunt,
3377 5079 3561 5125 esten-

1970 5134 2160 5235 dentes
2187 5154 2248 5195 se
2274 5142 2531 5211 majorem
2557 5145 2628 5201 de
2652 5146 2743 5204 illo
2765 5189 2780 5212 .
2817 5164 2978 5219 quam
3005 5152 3075 5210 tle
3102 5156 3385 5228 propheta.
3436 5163 3559 5235 opi-

1972 5229 2187 5288 nionem
2234 5233 2468 5302 ltabere;
2495 5248 2548 5293 et
2576 5239 2823 5297 dicebant
2860 5262 2875 5299 :
2913 5246 3000 5303 13.
3027 5247 3313 5317 Hosanna,
3349 5229 3553 5315 (reuelli.

1969 5334 2080 5378 ctus
2115 5326 2203 5396 qui
2227 5329 2361 5382 venit
2402 5329 2456 5382 in
2485 5332 2687 5387 nomine
2726 5332 2951 5391 Domini.
2994 5339 3153 5398 Vides
3183 5343 3286 5401 boc
3326 5350 3560 5407 maxime

1974 5416 2100 5472 illos
2118 5417 2307 5474 dolore
2329 5420 2576 5478 obruisse
2602 5464 2616 5484 .
2646 5425 2789 5495 quod
2815 5442 3008 5486 omnes
3046 5447 3362 5504 persuasum
3391 5438 3557 5498 babe-

1972 5516 2093 5561 rent
2136 5507 2309 5575 ipsum
2360 5524 2466 5565 non
2520 5526 2644 5568 esse
2695 5515 2806 5572 Deo
2855 5517 3266 5581 adversariam?
3324 5528 3394 5584 Et
3448 5530 3550 5588 hoc

1971 5599 2203 5654 maxime
2233 5602 2486 5670 papnlum
2513 5606 2814 5674 scindebat,
2845 5613 2989 5681 quod
3014 5629 3073 5673 se
3105 5617 3307 5676 diceret
3334 5636 3364 5675 a
3392 5621 3551 5679 Patre

1973 5692 2178 5748 venire.
2202 5694 2341 5762 Quid
2367 5695 2469 5752 sibi
2500 5698 2615 5755 vult
2641 5700 2767 5757 illttd
2791 5745 2805 5769 ,
2839 5704 2923 5760 15.
2959 5705 3157 5765 Lit-tare
3179 5713 3413 5781 multant,
3444 5715 3553 5784 ﬁlia

1972 5785 2141 5840 Sion?
2161 5787 2295 5857 Quia
2325 5804 2515 5848 omnes
2541 5793 2777 5869 ipsorum
2807 5814 2962 5872 reges
2988 5814 3044 5859 ut
3072 5806 3355 5872 plurimum
3388 5811 3551 5885 iniqui

3117 5901 3196 5959 ε,
