4094 6204
425 342 531 395 567

429 462 582 508 erant
611 461 659 505 et
689 450 892 520 cupidi,
923 449 1171 518 ipsosque
1194 448 1436 503 hostibus
1467 445 1764 509 tradebant,
1796 444 2004 516 plebem

430 543 813 599 subvertebant
853 550 906 596 et
936 540 1178 594 hostibus
1223 539 1465 594 subditos
1505 537 1795 593 reddebant
1827 555 1840 590 :
1869 536 2011 592 Con-

432 633 559 700 fide,
587 632 776 702 inquit,
802 631 887 684 hic
909 643 1011 684 non
1037 629 1153 684 talis
1175 637 1278 692 est,
1308 628 1399 682 sed
1430 637 1734 682 mansuetus
1761 635 1813 680 et
1837 626 2006 688 milis;

429 724 571 794 quod
612 741 677 778 ex
709 725 856 776 asina
884 722 1204 777 ostenditur.
1253 720 1435 789 Neque
1483 721 1624 772 enim
1651 718 1887 772 exercitu
1918 717 2012 770 sti-

429 827 586 884 patus
620 815 893 885 ingressus
919 825 1001 869 est
1025 853 1040 874 .
1071 811 1164 867 scd
1193 827 1313 865 cum
1342 811 1488 864 asina
1520 817 1744 862 tantum.
1777 808 1864 862 16.
1898 806 2010 860 Hoc

429 919 598 960 autem
627 907 931 972 nesciebant,
963 905 1148 972 inquit,
1177 901 1418 972 discipuli
1447 901 1575 970 ejus,
1607 898 1742 969 quod
1772 898 2011 965 scriptum

432 1001 495 1053 tle
518 998 608 1052 illo
637 1009 786 1054 esset.
819 995 1006 1052 Viden‘
1036 997 1156 1050 illos
1185 995 1410 1063 plurima
1439 994 1731 1062 ignorasse,
1753 991 1875 1059 quia
1899 990 2012 1055 ipse

431 1091 668 1145 nondum
714 1093 794 1143 eis
833 1087 1206 1143 revelaverat?
1254 1086 1384 1139 Nam
1433 1100 1552 1137 cum
1598 1084 1771 1147 dixit,
1819 1080 2013 1136 Solvite

435 1183 679 1252 templum
707 1181 800 1235 hoc
825 1221 842 1247 ,
870 1190 917 1233 et
947 1181 997 1232 in
1030 1178 1186 1232 tribus
1220 1177 1394 1230 diebus
1421 1173 1647 1229 excitabo
1676 1173 1807 1226 illud
1831 1171 2008 1248 (Joan.

435 1273 490 1326 2.
528 1272 628 1341 19)
669 1290 681 1326 :
715 1286 890 1339 neque
934 1280 1058 1323 tunc
1103 1269 1479 1323 intellexerunt
1507 1263 1915 1334 discipuli‘ejus.
1948 1263 2014 1316 Et

429 1365 568 1419 alius
596 1363 918 1432 evangelista
945 1359 1132 1427 (Marc.
1155 1360 1206 1415 9.
1231 1357 1456 1430 9)dicit,
1485 1356 1857 1412 absconditum
1884 1353 2014 1408 luis-

433 1471 494 1511 se
546 1469 848 1510 sermonem
879 1453 964 1507 ab.
989 1453 1087 1518 eis,
1118 1466 1215 1505 nec
1241 1451 1458 1504 scivisse
1493 1456 1916 1502 resurrecturum
1946 1445 2011 1498 il-

430 1548 540 1603 lum
581 1562 700 1603 esse
725 1561 755 1600 a
783 1546 1030 1600 mortuis.
1059 1544 1164 1600 Sed
1198 1545 1300 1598 hoc
1336 1544 1459 1611 jure
1506 1541 1876 1596 absconditum
1908 1538 2013 1592 illis

430 1649 566 1695 erat.
582 1639 918 1708 Quapropter
942 1638 1076 1691 alius
1091 1635 1413 1705 evangelista
1433 1634 1642 1704 (Matth.
1672 1633 1756 1686 l7.
1775 1631 2010 1698 22)nar-

432 1741 511 1786 rat
560 1730 704 1799 ipsos
736 1729 940 1799 singula
987 1728 1263 1782 audientes
1288 1725 1522 1781 doluisse
1548 1736 1598 1780 et
1638 1735 1857 1778 maestos
1887 1721 2015 1776 fuis-

433 1838 514 1878 se.
561 1821 616 1877 ld
656 1833 832 1876 autem
874 1821 1214 1890 contingebat
1245 1818 1386 1888 quod
1419 1819 1860 1873 resurrectionem
1907 1829 2012 1870 non

432 1913 772 1970 nossem-Et
807 1914 928 1982 jure
956 1912 1009 1966 id
1052 1911 1415 1966 occultabatur
1463 1909 1611 1980 ipsis,
1644 1908 1764 1977 quia
1806 1906 2013 1960 illorum

433 2017 645 2076 captum
676 2005 964 2074 superabat
999 2021 1011 2056 :
1040 2003 1204 2056 asinae
1247 2017 1375 2056 vero
1403 2001 1621 2055 historia
1647 2014 1744 2053 cur
1790 1997 1892 2052 illis
1925 2011 2018 2051 oc-

432 2100 574 2156 culta
603 2099 741 2154 fuit?
764 2097 898 2166 Quia
927 2098 1042 2151 haec
1069 2110 1281 2166 quoque
1303 2110 1388 2148 res
1417 2108 1604 2162 magna
1625 2100 1762 2147 erat.

502 2191 557 2247 2.
580 2190 718 2247 Vide
738 2199 916 2245 autem
939 2187 1280 2258 evangelista!
1305 2184 1717 2254 phil050phiam,
1746 2179 2017 2252 quomodo

435 2299 542 2339 non
568 2285 849 2339 erubescat
861 2281 1136 2352 pristinam
1152 2280 1360 2350 illorum
1383 2277 1730 2348 ignorantiam
1753 2273 2014 2344 proﬁteri.

435 2376 586 2444 Quod
615 2375 868 2444 scriptum
895 2381 1040 2428 esset
1058 2372 1296 2427 sciebant
1316 2387 1330 2434 ;
1351 2369 1491 2440 quod
1518 2385 1647 2423 vero
1671 2367 1740 2422 de
1768 2367 1858 2421 illo
1885 2367 2020 2420 scri-

435 2478 583 2536 ptum
609 2476 769 2531 esset,
801 2465 850 2520 id
871 2463 1202 2534 ignorabant.
1222 2461 1352 2516 Nam
1373 2471 1518 2516 certe
1536 2459 1768 2515 hoc'illis
1795 2457 2018 2513 olTendi-

435 2558 557 2614 culo
585 2557 814 2612 futurum
845 2565 984 2622 erat,
1000 2555 1043 2609 si
1069 2569 1162 2609 rex
1187 2569 1308 2608 cum
1336 2561 1496 2618 esset,
1515 2553 1631 2606 haec
1659 2559 1804 2606 esset
1829 2565 2018 2619 passu-

437 2666 550 2715 rus,
577 2659 736 2719 atque
765 2650 832 2702 ita
858 2647 1163 2702 tradendus.
1191 2645 1435 2715 Alioquin
1467 2654 1643 2697 autem
1676 2658 1779 2696 non
1813 2651 1919 2695 tam
1943 2640 2019 2694 [ι-

436 2741 541 2795 cile
566 2742 705 2810 quod
730 2755 948 2809 regnum
979 2737 1106 2792 illud
1125 2745 1271 2792 esset
1298 2736 1699 2789 intellexissent.
1733 2733 1863 2787 Nam
1885 2733 2018 2786 alius

437 2833 760 2902 evangelista
782 2833 928 2894 dicit,
952 2831 1019 2885 de
1037 2829 1198 2899 hujus
1229 2829 1407 2882 mundi
1435 2842 1597 2896 regno
1624 2825 1727 2880 dici
1749 2826 2018 2894 putavisse

441 2928 460 2996 (
493 2923 632 2979 Ibid.
655 2923 744 2979 20.
767 2923 884 2992 25).
916 2923 1002 2977 17.
1055 2918 1439 2988 Testiﬁcabatur
1479 2927 1648 2971 autem
1677 2917 1823 2970 turba
1842 2956 1858 2980 ,
1883 2917 2019 2985 quod

437 3015 690 3072 Lazarum
720 3016 1085 3070 resuscitasset.
1121 3012 1236 3066 Non
1278 3012 1421 3065 cuitu
1467 3019 1546 3064 tot
1571 3020 1790 3080 repente
1834 3009 2016 3062 mutati

437 3109 684 3170 fuissent,
717 3106 907 3175 inquit,
942 3104 1041 3158 nisi
1072 3103 1225 3173 signo
1250 3101 1624 3160 credidissent,
1659 3099 1744 3154 19.
1766 3098 2021 3153 λιδιιανὶεωί

436 3211 604 3256 autem
633 3200 867 3252 dixerunt
893 3198 1018 3261 illis,
1054 3195 1244 3249 Videtis
1271 3196 1389 3265 quia
1415 3195 1543 3247 nihil
1569 3194 1809 3264 pro/icitis
1829 3194 1854 3246 ?
1894 3192 2022 3244 Ecce

437 3294 658 3348 mundus
679 3304 813 3347 totus
835 3304 947 3362 post
971 3291 1112 3346 illum
1135 3290 1258 3344 abit.
1295 3290 1405 3343 Iloc
1422 3289 1619 3343 dictum
1655 3287 1782 3340 mihi
1814 3287 2022 3340 videtur

438 3388 507 3440 ab
537 3387 602 3441 iis
625 3387 713 3455 qui
739 3400 883 3438 sana:
913 3384 1108 3437 mentis
1131 3391 1304 3445 erant,
1335 3395 1431 3435 nec
1451 3381 1714 3434 audebant
1744 3379 1914 3447 pariam
1937 3379 2019 3431 lo-

439 3477 565 3546 qui;
595 3487 650 3532 ct
679 3491 743 3530 ex
771 3483 966 3530 eventu
1015 3471 1360 3526 cenl‘utabant
1391 3471 1530 3534 illos,
1587 3479 1646 3524 ut
1681 3469 1769 3539 qui
1817 3469 2020 3522 inutilia

441 3577 730 3622 tentarent.
763 3565 1013 3619 Mundam
1064 3575 1240 3617 autem
1271 3563 1355 3616 hic
1389 3563 1594 3616 turbam
1622 3569 1832 3615 vocant.
1873 3558 2024 3614 Solet

441 3662 589 3713 cnim
609 3658 880 3726 Scriptura
913 3655 1166 3709 mundum
1198 3654 1376 3709 dicere
1407 3665 1462 3708 et
1505 3663 1778 3708 creaturas
1804 3693 1818 3715 ,
1848 3661 1905 3706 et
1929 3667 2024 3706 eos

443 3750 535 3820 qni
569 3752 618 3803 in
649 3749 885 3816 nequitia
914 3748 1132 3802 vivunt:
1167 3746 1291 3800 illud
1343 3745 1555 3814 quidem
1601 3761 1721 3798 cum
1754 3745 1844 3803 ait.
1879 3742 2022 3810 E/fe-

443 3859 558 3895 rens
585 3840 856 3894 secundum
877 3855 1137 3893 numerum
1149 3837 1399 3892 mundum
1427 3853 1572 3890 suum
1598 3835 1749 3906 (Isai.
1775 3835 1864 3890 ω.
1887 3835 1981 3905 26)
2004 3853 2020 3890 :

444 3930 547 3985 hoc
573 3945 700 3986 vero
723 3945 843 3984 cum
879 3929 1029 3994 dicit,
1059 3927 1283 3981 Mundus
1324 3943 1409 3981 uos
1458 3943 1558 3980 non
1597 3928 1724 3990 odit,
1754 3941 1832 3979 me
1855 3936 2024 3979 autem

444 4025 548 4078 odit
579 4023 755 4097 (Joan.
788 4024 842 4076 7.
865 4019 942 4094 7).
973 4019 1097 4076 ilwc
1127 4029 1372 4074 accurate
1391 4019 1530 4072 scire
1558 4033 1652 4088 par
1671 4026 1771 4083 cst,
1796 4033 1865 4072 ne
1891 4033 2024 4087 pra:-

443 4129 527 4174 tcr
571 4120 846 4172 nominum
891 4113 1330 4186 signiﬁcationem
1375 4111 1607 4166 haeretici
1663 4125 1848 4165 ansam
1893 4111 2024 4165 arri-

446 4212 612 4281 piant.
639 4208 728 4264 20.
754 4207 917 4262 Erant
943 4217 1110 4260 autem
1149 4205 1352 4274 quidam
1399 4203 1628 4274 gentiles,
1661 4203 1746 4273 qui
1787 4203 2026 4257 ascende—

444 4314 560 4358 rant
587 4303 803 4358 adorare
826 4303 877 4355 in
900 4300 1240 4355 solemnitate.
1286 4297 1418 4352 Cum
1463 4297 1572 4367 jam
1600 4312 1765 4367 prope
1800 4305 1944 4352 esset
1969 4305 2026 4350 ut

449 4397 701 4470 proselyti
735 4396 940 4459 tierent,
978 4401 1235 4448 venerant
1258 4390 1325 4446 ad
1347 4391 1761 4452 solemnitatem,
1801 4398 1857 4444 et
1888 4387 2026 4442 lania

445 4489 700 4547 commoti
747 4488 927 4542 dicunt
958 4503 971 4538 :
1001 4485 1093 4539 21.
1137 4481 1384 4537 Volumus
1408 4481 1584 4534 Jesum
1609 4481 1793 4534 videre.
1827 4479 2027 4548 Philip-

446 4598 547 4654 pus
573 4593 748 4638 autem
777 4579 1045 4635 Andream
1076 4578 1208 4646 adit,
1241 4585 1424 4646 utpote
1443 4573 1532 4645 qui
1561 4575 1730 4644 ipsum
1761 4571 2028 4642 praecede-

448 4686 555 4740 ret,
583 4685 635 4728 et
663 4688 776 4729 rem
803 4674 849 4728 ei
873 4672 1248 4727 communicat.
1285 4670 1479 4724 Verum
1507 4681 1615 4721 non
1639 4667 1756 4722 sine
1781 4665 2028 4720 cautione

450 4781 551 4822 nec
573 4766 744 4833 palam
766 4764 820 4818 id
849 4763 977 4818 facit
1005 4780 1018 4816 :
1050 4761 1290 4816 audierat
1332 4761 1498 4826 enim,
1531 4757 1596 4812 In
1630 4761 1761 4812 viam
1804 4759 2027 4828 gentium

454 4873 514 4910 ne
545 4856 766 4909 abieritis
797 4854 814 4923 (
848 4851 1036 4906 Matth.
1065 4853 1152 4908 10.
1187 4852 1221 4908 5
1248 4850 1288 4922 ).
1322 4850 1446 4905 Ideo
1473 4864 1586 4904 rem
1616 4863 1738 4903 cum
1768 4847 2029 4917 discipqu

451 4947 894 5002 communicatam
940 4945 1190 5014 Magistro
1216 4944 1377 4998 refert
1408 4942 1610 4996 tambo
1648 4941 1788 4994 enim
1837 4939 1889 4992 id
1941 4954 2028 4992 rc-

452 5041 687 5093 tulerunt
714 5039 784 5092 cl.
843 5039 932 5092 Ille
962 5054 1088 5092 vero
1131 5038 1254 5105 quid
1289 5035 1458 5090 dicit?
1503 5034 1592 5087 25.
1634 5029 1777 5084 Venit
1822 5033 1948 5084 hora
1976 5041 2030 5083 ut

451 5132 759 5198 rlari/icctnr
787 5129 952 5184 Filius
998 5129 1233 5182 hominis.
1265 5127 1356 5180 21.
1390 5123 1508 5177 Nisi
1552 5139 1766 5194 granum
1795 5124 2033 5193 frumenti

451 5223 638 5276 rudens
662 5224 713 5276 in
742 5233 927 5276 terram
965 5232 1221 5274 mortuum
1250 5217 1423 5286 fuerit,
1452 5216 1617 5284 ipsum
1645 5214 1809 5266 solum
1842 5224 2028 5266 manet.

454 5315 590 5380 Quid
622 5315 881 5384 signiﬁcat
926 5313 1091 5373 illud,
1137 5310 1276 5364 Venit
1324 5307 1490 5362 hora?
1532 5306 1777 5368 Dixerat,
1807 5302 1875 5356 ,ιιι
1903 5306 2033 5358 uiam

453 5407 674 5476 gentium
705 5422 766 5459 ne
785 5405 1025 5468 nbieritis,
1055 5417 1264 5455 omnem
1295 5398 1492 5454 Judaris
1523 5395 1882 5467 priescindens
1910 5411 2032 5462 per-

455 5497 670 5552 vicacia:
690 5511 911 5560 ansam;
942 5495 1058 5548 illos
1084 5491 1342 5546 cohibuit.
1374 5489 1506 5544 Cum
1534 5495 1710 5542 autem
1743 5485 1816 5540 illi
1837 5485 2035 5540 immo-

456 5587 618 5658 rigcri
663 5596 962 5650 manerent,
1017 5582 1246 5653 gentiles
1287 5591 1464 5636 autem
1507 5579 1763 5634 accedere
1815 5579 2034 5642 vellent,

456 5681 692 5752 Tempus
718 5679 954 5740 demum,
983 5675 1169 5742 inquit.
1193 5683 1278 5727 est
1305 5671 1368 5726 ad
1396 5672 1692 5740 paSsionem
1727 5669 2036 5736 accedendi,

459 5782 579 5828 cum
624 5771 799 5825 omnia
849 5766 1061 5836 impleta
1102 5764 1224 5816 sint.
1266 5761 1396 5815 Nam
1437 5763 1479 5815 si
1504 5761 1904 5817 contumacibus
1936 5761 2039 5815 illis

1194 335 1248 391 S.
1281 332 1557 389 JO.\.\'NIS
1594 325 2068 388 CHRYSOSTOMI
2111 331 2426 388 ARCIHEP.
2465 327 2998 389 CONSTANTINUP.

3583 327 3701 388 563

2117 459 2328 515 semper
2358 445 2711 512 haereremus,
2745 445 2968 516 illosque
3002 443 3257 501 accedere
3298 445 3538 504 volentes
3583 465 3692 506 non

2115 537 2830 608 admitteremus,‘indignum
2852 537 2951 594 hoc
2976 549 3118 594 esset
3142 539 3468 608 providentia
3493 552 3694 597 nostra.

2115 629 2244 696 Quia
2291 631 2447 700 igitur
2482 629 2774 700 diSciptllos
2821 644 2948 685 suos
2987 639 3106 700 post
3147 646 3358 686 crucem
3403 632 3468 686 ad
3511 642 3698 702 gentes

2116 723 2374 777 missurus
2414 729 2570 788 erat,
2600 736 2719 776 cum
2759 721 2903 775 videt
2943 721 3061 774 illas
3096 720 3205 790 jam
3237 721 3492 776 accedere
3518 761 3534 788 ,
3581 723 3694 788 ait,

2115 811 2350 881 Tempus
2377 821 2460 868 est
2499 823 2557 866 ut
2598 812 2665 866 ad
2695 826 2907 866 crucem
2939 813 3168 866 veniam.
3215 811 3332 866 Non
3377 822 3532 867 antea
3573 815 3699 868 sivit

2115 905 2404 970 accedere,
2440 915 2498 960 ut
2521 904 2572 959 id
2603 916 2743 960 esset
2771 905 2823 958 in
2855 906 3213 960 testimonium
3240 906 3364 961 illis.
3397 908 3696 978 Antequam

2116 998 2257 1051 enim
2285 997 2430 1051 illum
2460 997 2802 1067 repellerent,
2828 1008 3106 1068 antequam
3129 997 3181 1051 in
3209 1013 3423 1054 crucem
3454 1011 3696 1070 agerent,

2118 1102 2221 1140 non
2253 1088 2419 1152 dixit,
2450 1087 2641 1142 Euntes
2661 1091 2830 1141 docete
2857 1105 3030 1142 omnes
3052 1099 3258 1159 gentes;
3281 1091 3376 1145 sed
3398 1132 3413 1156 ,
3459 1090 3522 1145 In
3567 1095 3699 1147 ciam

2115 1181 2338 1250 gentium
2380 1196 2443 1233 ne
2471 1179 2692 1234 abieritis
2711 1179 2920 1233 (Matth.
2941 1179 3032 1235 28.
3056 1180 3139 1235 19.
3162 1192 3209 1234 et
3233 1183 3318 1236 10.
3341 1183 3420 1252 5);
3451 1191 3505 1238 et
3527 1223 3542 1248 ,
3579 1183 3698 1238 Non

2117 1272 2301 1326 missus
2325 1289 2437 1325 sum
2467 1273 2563 1325 nisi
2590 1271 2658 1325 ad
2687 1288 2801 1325 oves
2839 1289 2953 1340 qutc
2993 1273 3250 1341 perierunt
3289 1275 3468 1328 domus
3495 1274 3662 1330 Israel
3679 1291 3700 1340 ;

2118 1371 2172 1417 et
2195 1404 2208 1425 ,
2241 1361 2360 1415 Non
2385 1373 2458 1416 est
2495 1365 2676 1416 bonum
2709 1365 2950 1432 accipere
2974 1381 3153 1432 panem
3191 1366 3409 1430 ﬁliorum
3433 1407 3447 1429 ,
3489 1378 3536 1420 ct
3578 1369 3703 1422 dare

2118 1452 2517 1525 canibusUbid.
2551 1455 2638 1509 15.
2668 1454 2757 1509 21.
2785 1454 2855 1510 26
2879 1457 2918 1524 ).
2949 1455 3082 1511 Cum
3103 1465 3278 1510 autem
3301 1459 3425 1512 odio
3447 1459 3702 1514 haberent

2118 1557 2262 1608 eum,
2291 1552 2344 1596 et
2375 1544 2444 1597 ita
2473 1544 2595 1598 odio
2621 1544 2898 1610 baberent,
2925 1555 2981 1600 ut
3001 1546 3328 1611 occiderent,
3361 1549 3690 1618 superﬂuum

2119 1644 2232 1686 erat
2276 1636 2602 1703 persistere,
2650 1636 3006 1691 renitentibus
3050 1636 3172 1690 illis.
3219 1637 3349 1691 Nam
3391 1650 3702 1694 recusarunt

2121 1720 2267 1778 illum
2324 1725 2600 1792 dicentes,
2652 1725 2768 1780 Non
2809 1727 3048 1783 habemus
3090 1745 3257 1800 regem
3309 1730 3406 1784 nisi
3452 1729 3702 1786 Cesarein

2122 1814 2299 1884 (Joan.
2317 1816 2414 1871 ~19.
2448 1817 2574 1888 15).
2620 1817 2770 1872 Tunc
2793 1818 3007 1873 demum
3039 1818 3156 1873 illos
3182 1819 3417 1882 dimisit,
3447 1822 3569 1891 quia
3602 1823 3700 1891 ipsi

2122 1909 2326 1978 priores
2352 1910 2680 1965 dimiserant.
2713 1911 2836 1966 Ideo
2863 1911 3020 1975 dicit,
3068 1911 3272 1977 Quoties
3316 1914 3451 1967 volui
3477 1930 3691 1984 conare-

2122 2015 2245 2069 gare
2268 2000 2401 2069 ﬁlios
2418 2015 2622 2056 'vestros
2644 2043 2660 2068 ,
2689 2012 2737 2055 et
2760 2003 2994 2056 noluistis
3019 2002 3039 2072 (
3064 2002 3250 2056 Matth.
3273 2005 3369 2057 ‘25.
3393 2005 3459 2059 57
3475 2003 3537 2076 )‘l
3567 2005 3705 2073 Quid

2123 2091 2221 2145 sibi
2251 2092 2376 2157 vult,
2412 2091 2638 2146 Granum
2667 2094 2927 2164 frumenti,
2956 2095 3055 2147 nisi
3080 2097 3264 2148 cadens
3286 2097 3336 2149 in
3362 2105 3542 2149 terrain
3567 2114 3708 2151 inor-

2123 2192 2260 2234 tuum
2292 2183 2484 2252 fuerit?
2513 2183 2587 2238 De
2609 2200 2768 2240 cruce
2798 2185 3050 2253 loquitur.
3075 2185 3154 2241 Ne
3166 2188 3318 2241 enim
3345 2187 3700 2254 turbarentur,

2129 2273 2424 2343 cogitantes
2453 2284 2576 2329 tunc
2601 2275 2750 2328 illutn
2771 2278 3006 2330 occisum
3033 2276 3226 2343 fuisse,
3244 2293 3372 2332 cum
3402 2291 3581 2348 gentes
3607 2297 3704 2336 ac-

2124 2376 2435 2434 cesserunt,
2467 2367 2635 2422 dicit:
2663 2368 2775 2422 Hoc
2801 2370 2947 2438 ipsos
2987 2371 3218 2424 maxime
3245 2371 3310 2424 ad
3347 2372 3705 2428 accedendum

2127 2459 2363 2525 inducit,
2398 2458 2498 2512 hoc
2537 2459 2970 2528 praedicationem
3021 2477 3192 2516 meam
3239 2464 3468 2532 augebit.
3505 2465 3706 2520 Deinde

2125 2553 2244 2619 quia
2273 2550 2606 2606 sermonibus
2633 2567 2734 2605 non
2767 2553 2836 2606 ita
2879 2553 3251 2622 persuadebat.
3279 2569 3309 2607 a
3337 2569 3512 2608 rerum
3535 2571 3705 2626 espe-

2126 2645 2316 2698 rientia
2350 2645 2492 2714 ipsos
2521 2646 2684 2700 allicit
2712 2647 2896 2701 dicens
2930 2665 2942 2700 :
2978 2647 3030 2702 In
3064 2646 3328 2702 frumento
3357 2649 3458 2704 hoc
3482 2651 3700 2716 accidit,

2127 2745 2184 2787 ut
2215 2745 2453 2790 mortuus
2474 2737 2725 2806 majorem
2765 2737 2990 2792 fructum
3023 2739 3226 2793 all‘erat.
3254 2738 3308 2794 Si
3335 2738 3508 2794 hocin
3533 2743 3699 2795 semi-

2127 2828 2302 2892 nibus,
2333 2829 2500 2882 multo
2530 2830 2697 2898 magis
2723 2828 2775 2882 in
2803 2845 2908 2883 mc.
2943 2829 3133 2884 Ver-um
3161 2830 3402 2900 discipuli
3433 2831 3568 2887 dicta
3594 2849 3706 2888 non

2129 2920 2522 2976 intellexerunt.
2552 2921 2726 2989 Quare
2757 2921 3062 2992 frequenter
3111 2922 3212 2979 hoc
3254 2925 3444 2995 repetit
3472 2941 3706 2997 evange-

2128 3013 2245 3066 lista
2267 3053 2280 3073 .
2315 3021 2372 3066 ut
2391 3024 2605 3068 excuset
2633 3029 2726 3069 eos
2748 3014 2885 3084 quod
2911 3025 3091 3084 postea
3115 3014 3362 3086 fugerint.
3406 3019 3707 3075 Istiusmodi

2128 3118 2430 3158 sermonem
2453 3104 2526 3156 de
2570 3105 2965 3159 resurrectione
2992 3105 3270 3176 disputans
3313 3108 3506 3164 Paulus
3533 3110 3710 3165 attulit

2132 3195 2213 3265 (1.
2244 3193 2360 3248 Cor.
2395 3195 2480 3249 15.
2509 3195 2598 3250 56.
2625 3195 2797 3267 sqq.

2200 3289 2254 3343 5.
2282 3288 2449 3355 Quam
2476 3303 2606 3357 ergo
2631 3290 3026 3345 excusationem
3054 3291 3327 3348 habebunt
3356 3294 3389 3349 ii
3417 3295 3503 3365 qni
3529 3310 3711 3350 resur-

2131 3380 2420 3435 rectionem
2449 3396 2554 3434 non
2584 3381 2828 3446 credunt,
2856 3397 2978 3436 cum
3007 3382 3150 3438 illam
3180 3385 3230 3437 in
3259 3386 3548 3441 seminibus
3577 3403 3711 3456 quo-

2130 3469 2257 3524 tidie
2287 3470 2635 3539 contemplari
2665 3474 2931 3540 possimus
2950 3513 2962 3534 ,
2994 3473 3044 3526 iu
3077 3473 3270 3543 plantis
3295 3491 3538 3546 quoque.
3569 3489 3622 3532 et
3652 3479 3708 3532 in

2128 3561 2469 3630 generatione
2514 3561 2737 3614 nostra?
2787 3561 2964 3616 Primo
3013 3563 3156 3618 enim
3201 3567 3475 3636 corrumpi
3524 3583 3710 3623 semen

2129 3662 2372 3723 Oportet,
2405 3664 2460 3708 et
2494 3653 2624 3707 inde
2666 3653 2776 3707 lieri
2808 3655 3224 3722 gu'nerationem.
3253 3655 3552 3712 Universim
3581 3674 3712 3714 vero

2129 3761 2251 3799 cum
2293 3745 2430 3800 Deus
2463 3744 2659 3813 aliquid
2705 3745 2862 3808 facit,
2897 3747 3056 3799 nullis
3096 3761 3229 3814 Opus
3270 3757 3352 3801 est
3394 3749 3708 3806 ratiociniis.

2129 3835 2408 3902 Quomodo
2441 3835 2585 3889 enim
2624 3849 2721 3889 nos
2760 3851 2831 3890 ex
2876 3851 2981 3889 non
3019 3836 3342 3890 exStantibus
3387 3835 3551 3890 fecit?
3582 3836 3656 3890 lla
3679 3852 3713 3891 c

2130 3929 2448 3985 Christianis
2472 3928 2593 3983 dico
2615 3969 2629 3992 ,
2662 3929 2752 3998 qui
2794 3944 2854 3984 se
2891 3928 3072 3984 dicunt
3111 3927 3398 3997 Scripturis
3434 3928 3654 3982 credere
3689 3949 3703 3983 :

2132 4022 2324 4078 addam
2368 4020 2508 4076 aliud
2548 4037 2611 4076 ex
2660 4021 2906 4076 humanis
2948 4020 3255 4077 ratiociniis.
3289 4019 3365 4075 Ex
3403 4019 3710 4074 hominibus

2131 4116 2220 4172 alii
2253 4116 2513 4187 improbi,
2545 4115 2636 4170 alii
2683 4117 2828 4185 probi
2874 4125 3000 4170 sunt
3030 4133 3042 4167 :
3070 4131 3134 4168 ex
3179 4113 3434 4182 improbis
3469 4113 3619 4167 multi
3650 4130 3713 4168 re

2134 4223 2384 4279 proSpera
2428 4207 2495 4262 ad
2541 4217 2833 4263 extremam
2878 4217 3206 4262 senectutem
3247 4206 3613 4269 devenerunt;
3643 4221 3714 4262 ex

2135 4301 2315 4370 probis
2338 4315 2492 4356 secus
2510 4315 2606 4354 res
2631 4300 2813 4354 cessit.
2837 4299 3186 4366 Quandonam
3211 4313 3340 4369 ergo
3369 4309 3422 4354 et
3449 4313 3552 4368 quo
3577 4307 3716 4352 tem-

2134 4407 2263 4462 pore
2304 4392 2494 4462 singuli
2538 4407 2632 4460 pro
2674 4391 2864 4445 merito
2892 4389 3192 4461 accipient?
3219 4389 3360 4445 Sane
3381 4431 3396 4456 ,
3429 4390 3714 4458 inquiunt,

2135 4484 2228 4539 sed
2259 4499 2542 4554 corporum
2574 4482 2896 4538 resurrectio
2924 4497 3030 4536 non
3057 4491 3158 4536 est.
3184 4479 3305 4536 Non
3332 4480 3552 4535 audiunt
3581 4480 3719 4535 Pau-

2137 4576 2246 4630 lum
2276 4576 2565 4640 dicentem,
2600 4574 2806 4645 Oportet
2839 4573 3162 4642 corruptibile
3191 4573 3284 4625 hac
3312 4573 3520 4626 induere
3547 4572 3718 4625 incor-

2134 4672 2418 4742 ruptionem
2445 4671 2520 4737 (l.
2551 4667 2666 4722 Cor.
2699 4669 2787 4722 15.
2819 4665 2952 4738 55)?
2977 4666 3092 4721 Non
3119 4665 3187 4719 de
3212 4665 3387 4718 anima
3417 4667 3549 4734 (non
3575 4665 3720 4718 enim

2137 4766 2310 4819 anima
2335 4759 2715 4830 corrumpitur)
2743 4778 2757 4814 :
2785 4769 2839 4814 et
2863 4757 3182 4814 resurreCtio
3206 4755 3402 4809 dicitur
3425 4757 3493 4808 de
3518 4755 3608 4808 illo
3631 4758 3725 4826 qui

2137 4855 2330 4912 cecidit
2358 4872 2372 4908 :
2399 4852 2591 4908 cecidit
2617 4865 2745 4906 vero
2770 4865 2982 4920 corpus.
3011 4847 3122 4902 Cur
3147 4856 3324 4899 autem
3357 4861 3461 4900 non
3492 4846 3570 4899 vis
3601 4861 3728 4903 esse

2139 4947 2376 5016 corporis
2398 4944 2839 4999 resurrectionem
2859 4941 2933 5013 (η)
2952 4941 2976 4994 l
2995 4953 3169 4992 annon
3191 4936 3456 5005 possibilis
3480 4937 3588 4992 Deo
3611 4940 3732 4992 est?

2140 5039 2244 5095 Sed
2277 5038 2376 5093 hoc
2419 5051 2614 5108 negare
2652 5044 2906 5089 extremae
2950 5030 3266 5100 insipientize
3305 5037 3466 5083 esset.
3509 5033 3578 5083 At
3620 5047 3726 5083 non

2139 5132 2293 5188 decet
2309 5134 2332 5182 Ἰ
2355 5129 2463 5185 Cur
2492 5142 2594 5182 non
2627 5126 2777 5180 decet
2806 5124 2907 5179 boc
2935 5121 3301 5191 corruptibile,
3330 5122 3469 5190 quod
3496 5129 3550 5173 ct
3581 5119 3733 5173 labo-

2143 5240 2255 5278 rctn
2277 5232 2332 5277 et
2357 5231 2582 5276 mortem
2605 5231 2709 5271 una
2732 5218 2914 5282 subiit,
2938 5229 3166 5270 coronas
3185 5213 3344 5266 etiam
3374 5210 3731 5280 participare?

2143 5315 2274 5370 Nam
2305 5316 2349 5368 si
2381 5329 2485 5368 non
2513 5313 2766 5374 deceret,
2796 5325 2900 5363 non
2932 5322 2961 5360 a
2995 5305 3256 5376 principio
3282 5299 3480 5356 factum
3508 5302 3690 5355 luisset
3714 5340 3729 5364 ,

2145 5423 2318 5476 neque
2343 5405 2582 5462 Christus
2610 5417 2822 5458 carnem
2849 5401 3183 5470 sumpsisset.
3204 5395 3352 5460 Quod
3383 5403 3559 5449 autem
3585 5407 3732 5445 sum-

2149 5499 2334 5568 pserit,
2365 5497 2615 5567 illamque
2641 5493 3056 5556 resuscitaverit,
3085 5489 3207 5544 audi
3235 5487 3359 5557 quid
3384 5487 3525 5541 dicat
3549 5501 3562 5537 :
3588 5483 3735 5551 lnfer

2148 5592 2331 5663 digitos
2358 5599 2486 5653 tuos,
2518 5599 2563 5642 et
2588 5589 2699 5640 vide
2722 5587 2840 5656 quia
2865 5585 3071 5656 spiritus
3100 5598 3213 5636 ossa
3239 5589 3285 5634 et
3313 5593 3488 5633 nervos
3516 5591 3615 5630 non
3643 5575 3737 5626 ha—

2184 5703 2283 5813 ι(η)
2309 5702 2538 5752 Ηεετθιὶεἱ
2579 5709 2722 5752 erant
2765 5700 2850 5763 qui
2897 5698 3122 5748 dicerent
3146 5705 3344 5744 carnem
3385 5702 3480 5739 non
3513 5697 3736 5735 resurre-

2203 5777 2337 5813 uram
2362 5775 2492 5813 esse.

2151 5775 2337 5816 cturam
2362 5775 2492 5814 esse.
