4094 6204
455 344 559 400 1139

457 461 533 513 bet
558 457 740 532 (Joan.
766 458 858 514 20.
887 459 1002 530 Ξῖ).
1027 461 1136 514 Cur
1162 459 1419 514 Lazarum
1451 460 1744 522 suscitavit,
1774 461 1818 514 si
1849 460 2041 514 melius

457 547 712 604 erat-sine
737 564 963 619 corpore
995 564 1272 620 resurgere
1291 551 1316 602 ‘l
1339 565 1437 604 cur
1462 548 1600 604 inter
1623 549 1769 620 signa
1795 559 1850 604 et
1879 551 2043 605 bene-

461 643 579 697 ficia
610 645 710 698 hoc
738 644 955 714 posuit?
988 661 1085 699 cur
1112 645 1260 699 cibos
1285 643 1553 713 pra'buit?
1582 643 1658 699 Ne
1683 645 1878 714 itaque,
1904 643 2038 699 dile-

457 734 557 801 cti,
589 736 656 789 ab
681 735 943 791 hmreticis
970 735 1327 805 decipiaminl.
1355 736 1420 790 Et
1450 734 1792 802 resurrectio,
1819 744 1874 790 et
1897 735 2038 806 judi-

456 827 596 881 cium
622 838 726 880 est.
763 827 885 882 llmc
909 837 1087 882 autem
1117 826 1185 881 de
1215 826 1392 883 medio
1423 827 1612 880 tollunt
1641 820 1902 897 quotquot
1939 843 2038 882 no-

460 917 573 972 lunt
598 931 820 986 operum
846 932 1062 971 suorum
1093 918 1351 972 rationem
1381 917 1625 973 reddere.
1655 918 1878 987 Oportet
1896 919 2036 973 enim

459 1007 904 1062 resurrectionem
953 1008 1109 1062 t’alem
1161 1023 1319 1075 esse,
1364 1011 1533 1079 qualis
1578 1009 1677 1064 fuit
1722 1012 2040 1066 resurrectio

456 1098 674 1154 Christi.
703 1099 958 1154 Primitias
985 1101 1125 1155 enim
1159 1101 1247 1155 ille
1273 1111 1375 1164 est.
1405 1111 1460 1156 et
1485 1101 1867 1172 pritnogenitus
1898 1119 2042 1157 mor-

459 1198 690 1243 tuorum.
722 1190 873 1256 Quod
911 1191 956 1244 si
995 1192 1316 1247 resurrectio
1355 1201 1437 1246 est
1465 1194 1654 1247 animae
1685 1194 1953 1263 purgatio,
1987 1203 2042 1248 et

460 1283 700 1338 liberalia
726 1298 755 1336 a
785 1284 1054 1352 peccatis;
1083 1283 1328 1338 Christus
1355 1299 1482 1340 vero
1508 1302 1614 1340 non
1643 1288 1882 1354 peccavit
1907 1305 1918 1338 :
1944 1303 2041 1342 cur

455 1375 794 1429 resurrexit?
821 1375 1088 1444 quomodo
1118 1389 1214 1429 nos
1242 1391 1270 1428 a
1303 1376 1676 1431 maledictione
1709 1377 1916 1432 liberati
1947 1392 2040 1431 su-

457 1480 595 1528 mus,
626 1467 669 1520 si
701 1467 814 1535 ipse
842 1467 1117 1536 peccavit?
1145 1467 1414 1536 quomodo
1442 1468 1592 1534 dicit,
1631 1466 1772 1522 Venit
1810 1469 2041 1540 princeps

459 1557 614 1628 hujus
643 1559 841 1624 mundi,
872 1568 919 1611 et
945 1559 998 1611 in
1027 1575 1108 1612 me
1131 1576 1232 1612 non
1259 1559 1403 1613 habet
1436 1560 1710 1630 quidquam
1738 1559 1918 1631 (Joau.
1949 1563 2038 1618 11.

458 1645 588 1714 30)?
610 1645 743 1700 Nam
773 1647 876 1701 hoc
900 1646 1394 1716 impeccabilitatem
1424 1649 1541 1717 ejus
1569 1649 1848 1719 significat.
1881 1650 2042 1720 Igitur

458 1739 752 1792 secundum
789 1739 928 1805 illos,
955 1747 1049 1795 aut
1088 1757 1193 1795 non
1231 1743 1484 1806 surrexit,
1515 1742 1594 1795 vel
1628 1752 1687 1796 ut
1716 1752 2038 1811 resurgeret,

457 1838 582 1883 ante
626 1832 1072 1885 resurrectionem
1117 1832 1372 1899 peccavit.
1404 1829 1507 1886 Sed
1549 1842 1602 1886 et
1635 1835 1954 1897 resurrexit,
1987 1844 2041 1888 et

457 1929 731 1986 peccatum
777 1936 881 1976 non
926 1922 1067 1977 fecit.
1112 1923 1250 1992 Ergo
1283 1925 1609 1989 resurrexit;
1639 1935 1690 1980 et
1732 1927 1845 1981 haec
1876 1943 2036 1996 prava

455 2010 697 2064 doctrina
738 2011 868 2065 nihil
903 2011 1048 2066 aliud
1083 2022 1165 2067 est
1203 2029 1362 2083 quam
1409 2015 1580 2068 inanis
1616 2016 1798 2085 gloria:
1841 2021 2037 2086 proles.

458 2099 610 2154 Hunc
635 2115 760 2170 ergo
791 2102 1036 2156 morbum
1064 2102 1346 2174 fugiamus.
1371 2106 1501 2160 Nam
1527 2104 1866 2176 Corrumpunt
1887 2111 2041 2164 bonos

453 2202 614 2247 mores
639 2193 890 2262 colloquia
916 2211 1070 2263 prava
1097 2197 1170 2265 (1.
1204 2194 1323 2251 Cor.
1357 2199 1441 2253 15.
1473 2197 1584 2266 55).
1616 2199 1728 2254 Νοη
1770 2211 1894 2255 sunt
1925 2201 2039 2256 hmc

453 2281 816 2350 apostolorum
842 2284 1110 2354 dogmata.
1139 2285 1372 2342 Marcion
1404 2297 1459 2344 et
1484 2289 1794 2346 Valentinus
1823 2293 1938 2348 haec
1964 2295 2042 2347 in-

458 2383 742 2428 novarunt.
773 2375 1062 2446 Fugiamus
1093 2393 1256 2450 ergo,
1283 2380 1486 2436 dilecti.
1515 2382 1656 2437 Nihil
1687 2385 1906 2454 prodest
1934 2387 2039 2441 vita

455 2463 616 2528 bona,
641 2479 762 2520 cum
787 2481 944 2536 prava
969 2469 1210 2524 doctrina
1235 2489 1248 2523 :
1276 2483 1332 2526 ut
1359 2472 1588 2528 vicissim
1617 2476 1746 2531 nihil
1775 2493 1901 2531 sana
1928 2478 2029 2532 do-

455 2555 656 2618 ctrina,
684 2571 804 2611 cum
833 2559 938 2612 vita
967 2572 1237 2632 corrupta.
1269 2563 1391 2618 llzec
1415 2566 1644 2634 gentiles
1669 2578 1989 2637 pepererunt
2022 2588 2035 2623 :

456 2644 571 2702 haec
597 2647 672 2703 illi
697 2660 960 2704 auxerunt
986 2651 1053 2706 ab
1077 2655 1312 2708 externis
1338 2665 1554 2723 accepta
1593 2656 1924 2727 philosolihis
1944 2701 1958 2725 ,
1986 2668 2041 2714 et

457 2741 737 2796 materiam
766 2757 869 2796 non
897 2743 1090 2799 factam
1117 2754 1172 2800 et
1204 2747 1368 2801 multa
1399 2746 1770 2817 hujuscemodi
1797 2760 2039 2804 statuen-

459 2838 559 2888 tes.
585 2831 654 2886 Ut
670 2847 800 2903 ergo
821 2833 1070 2889 dixerunt
1090 2851 1194 2890 non
1217 2852 1338 2892 esse
1357 2848 1654 2893 creatorem
1677 2840 1793 2896 sine
1820 2840 2039 2896 materia

458 2937 565 2977 non
590 2923 724 2978 facta
752 2943 766 2979 :
790 2926 868 2980 sic
889 2936 946 2981 et
969 2931 1414 2985 resurrectionem
1441 2942 1718 3000 negarunt.
1750 2933 1946 2988 Verum
1973 2951 2040 2990 ne

457 3009 524 3065 iis
551 3015 887 3069 attendamus
911 3057 927 3079 ,
961 3032 1081 3072 eum
1113 3020 1426 3074 immensam
1458 3022 1548 3077 Dei
1589 3032 1904 3092 potestatem
1938 3042 2038 3082 no-

458 3114 672 3156 scamus
699 3121 713 3158 :
741 3120 810 3160 ne
835 3107 1196 3164 attendamus.
1226 3110 1390 3165 Vobis
1431 3111 1544 3168 haec
1571 3113 1713 3170 dico.
1758 3115 1864 3171 Nos
1896 3120 2037 3172 enim

459 3194 716 3251 adversus
741 3197 860 3252 illos
885 3215 1119 3271 pugnare
1146 3219 1250 3257 non
1275 3207 1657 3263 recusahimus.
1689 3209 1792 3264 Sed
1821 3211 2040 3267 inermis

459 3295 516 3340 et
554 3287 757 3352 nudus,
787 3291 885 3344 etsi
924 3291 975 3345 in
1013 3293 1333 3350 infirmiores
1368 3297 1644 3365 inciderit,
1677 3300 1802 3356 licet
1830 3303 2038 3370 fortior,

459 3375 615 3432 facile
637 3381 895 3449 capietur.
923 3381 1053 3436 Nam
1083 3383 1129 3438 si
1155 3384 1442 3455 Scripturis
1465 3389 1834 3460 attenderetis,
1862 3401 1916 3448 et
1944 3407 2040 3450 vos

457 3469 695 3538 quotidie
720 3472 785 3526 ad
814 3487 1042 3544 pugnam
1063 3478 1411 3546 appararetis,
1443 3495 1548 3536 non
1573 3493 1762 3538 auctor
1785 3485 1934 3540 vobis
1957 3501 2042 3541 es-

459 3576 574 3616 sem
605 3573 662 3617 ut
691 3579 916 3634 pugnam
943 3567 1202 3625 adversus
1239 3570 1356 3625 illos
1394 3573 1632 3629 vitaretis
1654 3617 1670 3642 ,
1701 3575 1798 3632 sed
1823 3594 2036 3635 manum

458 3667 742 3711 conserere
761 3657 1038 3714 suaderem
1061 3677 1073 3712 :
1095 3675 1215 3714 nam
1243 3661 1395 3718 fortis
1415 3673 1498 3719 est
1515 3667 1729 3722 veritas.
1752 3668 1886 3736 Quia
1912 3687 2040 3727 vero

457 3744 745 3817 Scripturis
769 3749 844 3804 uti
873 3753 1108 3814 nescitis.
1134 3769 1478 3824 congressum
1509 3759 1690 3821 timeo.
1716 3776 1782 3816 ne
1809 3762 2038 3820 inermes

458 3849 554 3888 vos
582 3837 654 3892 illi
685 3849 1043 3908 prosternant.
1069 3843 1210 3898 Nihil
1240 3846 1404 3913 enim,
1433 3849 1564 3904 nihil
1593 3851 1774 3922 utique
1799 3854 2039 3911 imbecilo

459 3922 558 3980 lius
583 3927 648 3982 iis
675 3930 764 3999 qui
794 3930 1023 4002 Spiritus
1047 3935 1245 3990 auxilio
1267 3949 1389 3990 sunt
1418 3937 1678 3997 destituti.

530 4017 958 4092 Philosophorum
982 4042 1166 4082 mores.
1187 4058 1258 4070 -
1277 4029 1429 4097 Quod
1455 4032 1498 4086 si
1528 4035 1793 4093 exteriore
1819 4048 2034 4096 utantur

1454 346 1519 401 ΙΝ
1553 344 1869 402 ΙΟᾹΝΝΕΜ
1911 347 2136 402 1103111..
2180 346 2386 402 LXV'll.
2426 350 2494 404 al.
2538 350 2718 406 LXVI.

3613 369 3722 425 370

2145 461 2400 528 sapientia
2423 503 2436 524 ,
2483 464 2779 518 mirandum
2826 482 2928 519 non
2971 476 3085 534 cst,
3116 470 3208 525 sed
3242 474 3414 542 potius
3444 475 3720 535 ridendum

2145 550 2282 618 quod
2323 551 2498 607 Stultis
2540 564 2755 608 utantur
2799 555 3121 615 doctoribus.
3160 561 3342 633 Neque
3378 567 3521 620 enim
3549 568 3634 623 vel
3660 571 3725 626 de

2146 645 2278 712 Deo,
2315 648 2399 702 vel
2429 647 2497 702 de
2525 660 2765 703 creatura
2795 651 2918 720 quid
2949 669 3134 708 sarium
3167 655 3240 710 illi
3271 655 3509 714 invenire
3536 672 3726 730 potue-

2147 747 2306 805 runt;
2347 738 2439 793 sed
2470 753 2531 794 ea
2560 755 2677 809 qua:
2705 741 2842 806 apud
2875 759 2970 796 nos
3002 744 3157 798 vidua
3191 747 3367 810 novit,
3400 749 3728 820 Pythagoras

2145 841 2365 897 prorsus
2407 829 2683 898 ignoravit.
2714 831 2818 886 Sed
2857 831 3038 887 dicunt
3065 835 3295 890 animam
3329 837 3607 905 fruticem,
3645 843 3726 910 pi-

2145 932 2290 971 scem
2312 959 2328 981 ,
2357 933 2542 972 canem
2588 920 2722 974 fieri.
2765 921 2957 988 llisne,
2990 940 3200 994 quaeso,
3231 928 3510 984 attendas?
3539 942 3594 984 et
3622 949 3724 1000 qua

2145 1007 2390 1062 ratione?
2417 1007 2589 1077 Magni
2628 1021 2751 1064 sunt
2789 1011 2861 1066 illi
2897 1015 2947 1066 in
2989 1015 3139 1081 vico,
3169 1018 3442 1073 cincinnos
3474 1021 3726 1089 pulchros

2145 1097 2321 1162 alunt,
2364 1099 2536 1165 palliis
2579 1101 2867 1156 imluuntur
2902 1119 2914 1154 :
2957 1102 3212 1161 hactenus
3254 1109 3500 1180 pertingit
3539 1126 3726 1165 eorum

2145 1186 2496 1257 philosophia.
2523 1187 2576 1244 Si
2608 1191 2746 1244 intus
2767 1193 3041 1261 respicias,
3067 1197 3221 1263 cinis,
3255 1199 3444 1264 pulvis,
3481 1201 3610 1254 nihil
3640 1217 3728 1255 sa-

2145 1293 2270 1331 num
2299 1287 2400 1343 est,
2429 1279 2522 1334 sed
2549 1278 2850 1349 Sepulcrum
2876 1295 3051 1354 patens
3075 1297 3147 1340 est
3166 1298 3338 1357 guttur
3360 1308 3528 1344 eorum
3552 1291 3724 1361 (Psat.

2143 1367 2196 1422 5.
2231 1370 2357 1436 ll);
2388 1372 2563 1423 omnia
2605 1371 2935 1429 immunditie
2961 1385 3017 1428 et
3040 1378 3188 1431 sanie
3215 1380 3371 1447 plena
3397 1421 3410 1441 .
3446 1391 3500 1436 et
3538 1398 3721 1437 eorum

2141 1459 2388 1528 dogmata
2435 1463 2706 1518 vermibus
2761 1477 2984 1521 scatent.
3038 1468 3246 1527 Primus
3286 1488 3468 1527 eorum
3527 1491 3719 1544 aquam

2144 1550 2282 1605 dixit
2322 1568 2442 1606 esse
2490 1552 2682 1618 deum;
2715 1555 2803 1624 qui
2848 1571 3103 1627 sequutus
3144 1570 3263 1627 est,
3306 1562 3516 1632 ignem;
3549 1568 3720 1627 alius,

2143 1651 2320 1697 aerem
2357 1644 2470 1714 (a);
2509 1655 2556 1700 et
2591 1661 2775 1700 omnes
2801 1648 2866 1702 ad
2897 1665 3116 1717 corpora
3147 1652 3304 1706 delati
3327 1665 3469 1710 sunt.
3505 1658 3682 1713 llnsne
3706 1700 3721 1723 ,

2143 1746 2323 1800 qumso
2346 1775 2360 1798 ,
2391 1735 2632 1798 mireris,
2663 1738 2750 1806 qui
2787 1755 2853 1791 ne
2894 1740 3188 1810 incorporei
3219 1745 3429 1813 quidem
3464 1748 3552 1803 Dei
3579 1751 3722 1804 noti-

2144 1822 2269 1874 tiam
2298 1823 2560 1893 attigere?
2588 1825 2738 1892 Quod
2771 1829 2812 1881 si
2845 1840 3024 1897 postea
3051 1833 3176 1901 quid
3208 1846 3488 1902 noverunt,
3523 1838 3572 1892 id
3601 1855 3727 1895 eve-

2144 1912 2223 1965 nit
2248 1922 2524 1982 postquam
2551 1915 2604 1968 in
2630 1915 2859 1988 Egypto
2884 1935 3003 1974 cum
3037 1924 3233 1978 nostris
3258 1926 3547 1996 eolloquuti
3577 1921 3720 1984 sunt.

2143 2001 2248 2057 Sed
2284 2019 2352 2058 ne
2388 2019 2483 2059 vos
2521 2007 2743 2061 nimium
2794 2013 3161 2078 perturbemus
3185 2055 3199 2079 ,
3232 2015 3318 2071 hic
3350 2019 3533 2073 orandi
3563 2022 3723 2076 linem

2144 2093 2418 2148 faciamus.
2448 2096 2503 2150 Si
2531 2097 2672 2151 enim
2704 2100 2912 2155 illorum
2940 2102 3235 2159 doctrinam
3268 2122 3564 2179 proponere
3593 2112 3725 2166 inci-

2145 2185 2371 2252 piamus,
2399 2187 2524 2256 quid
2550 2187 2617 2244 de
2647 2190 2775 2255 Deo,
2803 2192 2927 2261 quid
2954 2193 3021 2248 de
3043 2198 3281 2261 materia,
3306 2199 3431 2268 quid
3457 2200 3524 2255 de
3549 2203 3724 2257 anima

2144 2285 2198 2329 et
2235 2276 2305 2331 de
2343 2293 2568 2348 corpore
2591 2280 2855 2351 dixerint,
2897 2300 3118 2356 magnus
3146 2301 3501 2360 consequetur
3536 2295 3677 2349 risus
3709 2315 3722 2350 :

2145 2382 2318 2437 neque
2355 2379 2536 2426 nostra
2580 2373 2810 2443 egebant
2851 2376 3247 2445 confutatione;
3287 2381 3388 2452 ipsi
3426 2383 3567 2438 enim
3606 2400 3726 2442 sese

2146 2468 2330 2514 mutuo
2358 2461 2688 2521 confodiunt.
2715 2464 2813 2530 Qui
2845 2475 3028 2522 contra
3061 2484 3158 2524 nos
3186 2470 3252 2525 de
3282 2476 3498 2528 materia
3528 2475 3722 2531 lihrum

2145 2551 2361 2616 scripsit
2419 2553 2524 2623 (ὁ),
2553 2555 2784 2623 seipsum
2812 2557 3067 2614 confodit.
3108 2560 3284 2629 Quare
3315 2580 3381 2619 ne
3407 2581 3501 2620 vos
3531 2565 3724 2621 frustra

2143 2636 2505 2708 detineamus,
2553 2658 2652 2698 nec
2694 2658 3000 2702 sermonum
3047 2649 3408 2721 labyrinthum
3451 2664 3723 2724 texamus,

2143 2725 2227 2780 his
2266 2729 2470 2794 missis,
2517 2731 2618 2787 hoc
2657 2733 2896 2792 dicemus
2937 2756 2950 2792 :
2990 2729 3289 2796 divinarum
3331 2743 3724 2816 Scripturarum

2144 2815 2360 2872 lectioni
2391 2821 2792 2890 attendendum,
2826 2843 2999 2898 neque
3035 2831 3210 2886 verbis
3238 2835 3550 2892 certandum
3580 2853 3721 2906 esse,

2144 2911 2289 2965 nullo
2318 2911 2510 2968 fructu.
2540 2915 2690 2980 Quod
2721 2918 2884 2974 etiam
2919 2921 3114 2977 Paulus
3155 2923 3490 2981 Timotheum
3531 2928 3722 2994 docet,

2143 3007 2243 3059 etsi
2274 3006 2432 3060 multa
2461 3007 2774 3063 instructum
2801 3012 3058 3080 sapientia
3082 3055 3097 3080 ,
3125 3025 3180 3070 et
3201 3018 3472 3087 signorum
3499 3022 3722 3090 gratiam

2146 3095 2428 3150 habentem
2461 3097 2533 3169 (2.
2570 3098 2700 3153 Tim.
2733 3101 2786 3154 2.
2819 3102 2928 3171 14).
2958 3102 3058 3173 lpsi
3089 3121 3216 3175 ergo
3256 3109 3721 3177 obtemperemns,

2143 3184 2472 3256 abjectisque
2521 3189 2709 3256 nugis,
2755 3191 3004 3260 operibus
3047 3211 3262 3251 manum
3304 3197 3720 3265 admoveanius,

2145 3275 2364 3330 fratrum
2389 3279 2556 3332 amori
2583 3278 2724 3344 dico,
2750 3280 3112 3352 hospitalitati,
3138 3296 3192 3340 et
3218 3303 3459 3358 magnam
3491 3290 3722 3346 eleemo-

2144 3383 2291 3440 synae
2317 3370 2576 3426 rationem
2604 3373 2894 3430 habeamus
2917 3393 2934 3441 ;
2963 3388 3019 3431 ut
3049 3381 3305 3447 promissa
3333 3397 3724 3454 consequamur

2144 3459 2283 3516 bona
2303 3502 2318 3528 ,
2346 3462 2512 3532 gratia
2543 3472 2598 3518 et
2631 3463 2956 3536 benignitate
2983 3468 3192 3524 Domini
3223 3473 3386 3526 nostri
3414 3473 3540 3529 .lesu
3567 3475 3717 3532 Chri-

2144 3553 2234 3620 sti,
2263 3556 2346 3608 cui
2372 3555 2538 3626 gloria
2566 3555 2617 3610 in
2648 3557 2840 3612 saecula
2867 3561 3202 3615 smculorum.
3233 3563 3427 3621 Amen.

2207 3685 2279 3766 la)
2311 3689 2528 3766 Justinus
2545 3693 2716 3753 Martyr
2738 3690 2789 3764 in
2811 3694 3104 3766 Partenetieo
3125 3695 3182 3744 ad
3208 3695 3419 3766 Graecos,
3442 3699 3584 3766 paulo
3616 3715 3726 3766 post

2144 3747 2351 3808 initium,
2365 3749 2429 3798 de
2451 3747 2843 3826 rerumomnium
2865 3747 3395 3826 principiosecimdum
3405 3747 3726 3826 ’..l.ii6§o.11{61

2142 3821 2250 3856 rum
2287 3813 2582 3882 sententiam
2624 3811 3324 3887 loquitur,aitque-Thaletem
3347 3811 3724 3887 die‘ereVaq'uam

2144 3881 2258 3940 esse
2280 3873 2504 3949 ompiumt
2516 3886 2680 3921 rerum
2696 3873 3011 3949 “piincipinm,
3029 3877 3326 3930 Heraclitum
3350 3873 3723 3949 Metapontini—un

2143 3932 2325 3997 ignem,
2337 3932 2719 3997 Anaximenem
2731 3932 2962 3997 Milesium
2976 3932 3006 3994 ,⁷
3023 3950 3210 3997 aerem,
3233 3949 3330 3992 etc.

2191 3991 2278 4062 .(b)
2306 3993 2619 4066 Philosophus
2638 3996 2831 4056 quidam
2855 3991 3034 4048 librum
3065 4000 3132 4050 de
3167 3991 3371 4054 materia
3391 4011 3558 4056 contra
3582 4007 3721 4060 cnu-

2142 4059 2323 4102 sttauos
2344 4059 2554 4117 scripsit.

1752 4259 2098 4324 HOMILIA
2139 4264 2393 4327 LXVII.

460 4377 588 4433 Cn.
621 4381 707 4435 12.
733 4397 784 4436 v.
813 4384 905 4440 25.
935 4387 1034 4454 Qui
1067 4399 1204 4444 amat
1227 4391 1449 4447 animum
1475 4411 1650 4462 suout,
1682 4397 1854 4468 perdet
1887 4417 2034 4464 eam;

531 4480 580 4524 et
617 4471 703 4539 qui
739 4473 847 4526 odit
884 4477 1104 4532 animam
1139 4495 1288 4534 suam
1323 4483 1377 4536 in
1414 4483 1508 4538 hoc
1540 4487 1762 4550 mundo,
1792 4491 1847 4544 in
1884 4493 2035 4547 vitam

530 4573 768 4619 retentam
786 4568 1012 4622 custodit
1036 4585 1166 4626 eam.
1192 4572 1283 4629 26.
1307 4575 1370 4631 Si
1391 4581 1502 4647 quis
1522 4579 1645 4633 mihi
1667 4582 1934 4650 ministrat,
1957 4602 2036 4641 me

531 4665 784 4725 sequatur.

529 4745 583 4798 1.
611 4745 846 4802 Ρηεεεηε
868 4751 972 4804 vita
991 4767 1091 4806 non
1116 4753 1276 4810 dulcis
1295 4759 1506 4828 videtur,
1531 4763 1631 4818 nisi
1652 4766 1716 4818 de
1738 4766 1910 4835 futura
1935 4787 2035 4825 non

457 4835 808 4904 cogitantibus.
841 4839 1105 4907 Quomodo
1141 4846 1229 4914 qui
1265 4860 1397 4902 amat
1427 4854 1646 4908 animam
1677 4873 1822 4912 suam
1857 4862 2036 4928 perdat

457 4939 589 4977 eam.
619 4957 690 4966 ——
719 4927 897 4983 Dulcis
925 4943 1007 4986 est
1035 4948 1272 5002 przesens
1296 4941 1397 4993 vita
1418 4983 1434 5006 ,
1462 4951 1515 4997 et
1545 4945 1722 5000 multa:
1753 4949 1906 5017 plena
1937 4966 2029 5004 vo-

457 5013 710 5084 luptatis;
735 5033 919 5074 verum
946 5039 1052 5078 non
1075 5027 1339 5093 omnibus,
1363 5032 1453 5086 sed
1481 5034 1546 5088 iis
1569 5037 1657 5104 qui
1682 5013 1778 5106 ipsi
1804 5035 2025 5095 luerent.

456 5102 511 5158 Si
549 5107 669 5175 quis
708 5122 836 5163 vero
863 5112 1049 5166 caelum
1089 5117 1372 5186 respiciat,
1403 5131 1456 5176 et
1485 5102 1620 5176 bona
1655 5102 1724 5178 ibi
1755 5129 1987 5196 reposita
2009 5171 2024 5198 ,

456 5195 563 5249 cito
585 5196 726 5251 illam
747 5197 1023 5268 despiciet,
1045 5211 1098 5258 et
1122 5219 1218 5273 pro
1240 5207 1404 5264 nihilo
1425 5209 1656 5267 habebit.
1683 5195 1896 5271 Namiet
1915 5195 2032 5273 cor-

457 5299 645 5352 porum
677 5287 1049 5357 pulchritudo,
1080 5293 1249 5349 donec
1285 5297 1383 5351 alia
1417 5301 1710 5366 speciosior
1737 5317 2026 5374 appareat,

457 5375 509 5428 in
545 5377 896 5434 admiratione
944 5382 1166 5439 habetur
1195 5405 1210 5440 :
1239 5401 1358 5441 cum
1399 5405 1526 5443 vero
1563 5391 1845 5455 formosius
1873 5399 2030 5466 quid-

457 5468 596 5537 piam
638 5472 993 5541 conspicitur,
1035 5475 1260 5541 primum
1302 5483 1676 5538 contemnitur.
1717 5485 1774 5540 Si
1808 5487 2030 5544 velimus

456 5575 584 5632 ergo
612 5561 756 5617 illam
787 5564 975 5618 intueri
1004 5565 1466 5634 pulchritudinem,
1489 5581 1544 5625 et
1569 5575 1716 5642 regni
1745 5575 1886 5631 illius
1910 5594 2030 5647 spe-

454 5654 590 5708 ciem
611 5694 627 5720 ,
655 5655 762 5709 cito
798 5657 1081 5725 praesentia
1109 5657 1316 5713 vincula
1345 5660 1717 5717 dissolvemus.
1749 5664 2026 5725 Vinculum

455 5745 596 5798 enim
625 5753 708 5801 est
734 5759 911 5799 rerum
941 5747 1282 5814 pnesentium
1313 5763 1480 5805 amor.
1511 5750 1575 5805 Et
1603 5750 1702 5806 hoc
1732 5755 1884 5810 nobis
1909 5772 2026 5812 sua-

2140 4405 2276 4461 dens
2313 4407 2592 4478 Christus,
2633 4413 2755 4468 audi
2800 4415 2925 4485 quid
2968 4416 3155 4476 dicat:
3190 4421 3290 4488 Qui
3323 4435 3461 4480 amat
3495 4429 3716 4485 animam

2139 4512 2318 4561 suam,
2359 4500 2532 4566 perdet
2571 4517 2720 4568 eam;
2755 4513 2804 4558 et
2842 4509 2929 4575 qui
2968 4509 3075 4563 odit
3112 4513 3333 4568 animam
3363 4532 3509 4572 suam
3543 4520 3595 4573 iu
3626 4521 3721 4575 hoc

2140 4587 2351 4654 mundo,
2375 4590 2427 4643 in
2456 4591 2605 4645 vitam
2621 4602 2858 4650 teteruam
2878 4601 3120 4655 custodiet
3137 4619 3267 4658 eam.
3295 4605 3394 4673 Qui
3419 4609 3542 4663 mihi
3569 4613 3693 4666 mini

2138 4686 2266 4730 strat
2286 4719 2299 4740 ,
2332 4696 2411 4732 me
2447 4692 2685 4753 sequatur
2710 4699 2731 4739 :
2756 4695 2802 4740 et
2836 4686 2922 4740 ubi
2948 4705 3039 4760 ego
3078 4708 3190 4746 sum
3211 4734 3227 4760 ,
3263 4695 3369 4749 illic
3407 4706 3455 4752 et
3494 4701 3696 4756 ministe

2141 4784 2280 4822 meus
2303 4772 2414 4824 erit.
2447 4771 2573 4828 Ha-c
2608 4777 2873 4848 mnigmati
2912 4780 3102 4837 similia
3133 4783 3402 4853 videntur,
3437 4805 3610 4861 neque
3637 4801 3718 4846 ta-

2140 4873 2259 4912 men
2303 4869 2460 4928 sunt,
2490 4863 2582 4917 sed
2618 4867 2798 4920 multa:
2838 4869 2993 4939 plena
3030 4872 3322 4940 sapientiae.
3355 4875 3424 4930 Et
3449 4883 3737 4952 quomodo,

2143 4947 2239 5014 Qui
2261 4963 2396 5006 amat
2421 4955 2643 5010 animam
2663 4975 2828 5024 suam,
2855 4949 3026 5030 perdet
3046 4981 3152 5017 eam
3167 4967 3194 5019 ?
3217 4966 3315 5033 Qui
3339 4947 3582 5026 absurdis
3602 4974 3718 5041 ejus

2137 5043 2583 5109 concupiscentiis
2607 5046 2958 5118 obtemperat,
2987 5054 3073 5121 qui
3106 5054 3224 5123 plus
3251 5072 3408 5126 quam
3440 5075 3537 5129 par
3559 5071 3640 5116 est
3665 5065 3714 5120 ei

2137 5129 2392 5201 indulget.
2437 5134 2560 5191 Ideo
2598 5138 2851 5195 admonet
2886 5143 3178 5211 quispiam,
3212 5144 3338 5201 Noli
3374 5150 3633 5206 ambulare
3661 5155 3715 5206 ir.

2136 5221 2492 5289 cupiditatibus
2517 5227 2702 5282 animle
2726 5239 2826 5282 tua:
2854 5230 3042 5298 (Et-cli.
3074 5234 3159 5288 18.
3196 5235 3327 5308 50).
3357 5237 3445 5294 Sic
3475 5241 3614 5296 enim
3645 5244 3713 5297 il-

2135 5309 2237 5364 lam
2263 5313 2456 5381 perdes
2481 5316 2634 5386 (nam
2665 5335 2694 5372 a
2721 5319 2803 5374 via
2830 5321 2896 5373 ad
2929 5322 3173 5379 virtutem
3200 5337 3391 5396 agente
3415 5330 3665 5403 abducit)
3695 5352 3709 5388 :

2135 5410 2192 5454 ut
2216 5413 2397 5457 contra
2415 5445 2430 5468 ,
2459 5405 2559 5470 Qui
2585 5408 2688 5460 odit
2726 5425 2836 5462 eam
2873 5411 2924 5464 in
2959 5412 3054 5465 hoc
3086 5416 3273 5470 mundo
3291 5460 3306 5484 ,
3335 5421 3546 5475 servabit
3573 5439 3705 5477 eam.

2132 5491 2267 5559 Quid
2292 5504 2393 5582 est,
2421 5495 2520 5560 Qui
2542 5497 2647 5550 odit
2675 5501 2827 5554 eam?
2849 5500 2946 5568 Qui
2978 5504 3051 5558 illi
3079 5508 3370 5574 perniciosa
3395 5511 3600 5582 jnbenti
3623 5530 3709 5570 re-

2131 5581 2292 5634 sistit.
2320 5581 2502 5652 Neque
2527 5584 2692 5650 dixit,
2721 5587 2819 5655 Qui
2853 5607 2957 5645 non
2985 5595 3156 5650 credit
3181 5599 3228 5652 ei
3254 5616 3268 5662 ;
3311 5581 3405 5655 sed
3424 5643 3440 5668 ,
3473 5601 3572 5667 Qui
3600 5606 3708 5658 odit

2131 5690 2260 5726 eant.
2289 5673 2746 5740 Quemadmodum
2776 5683 2918 5738 enim
2949 5685 3162 5743 odiosos
3197 5705 3296 5747 nec
3322 5693 3506 5750 audire
3532 5695 3705 5750 liben-

2133 5773 2244 5829 ter,
2277 5779 2375 5818 nec
2414 5765 2593 5822 videre
2637 5769 2841 5840 placide
2886 5790 3167 5845 possumus
3197 5798 3210 5836 :
3238 5781 3314 5838 sic
3344 5795 3393 5840 et
3435 5786 3701 5853 animam,
