2047 3102
233 148 282 179 371

232 216 292 236 cum
303 207 437 236 contraria
449 207 495 235 Dui
507 207 635 235 voluntati
646 206 763 242 pra-cipit
771 205 944 234 vehementer
953 212 1026 232 aver-

231 254 283 281 sari
300 258 415 287 oportet.
429 253 496 286 Quia
507 253 578 280 enim
589 252 642 287 jam
655 252 689 280 de
709 257 796 279 morte
814 251 970 286 loquuturus
984 254 1025 277 est

231 298 299 331 illis,
313 298 346 326 de
361 303 448 326 morte
462 298 563 325 scilicet
577 305 634 329 sua.
646 297 827 332 prmvidetquc
843 296 901 323 illos
915 296 940 322 in
956 302 1024 322 nim-

230 344 329 372 stitiam
341 344 499 378 delapsuros
511 351 582 376 esse,
595 351 650 371 rem
661 342 808 370 sublimiori
820 342 899 369 modo
912 345 1021 368 tractat:

230 390 298 424 Qttid
311 390 382 421 dico,
397 390 419 417 si
433 393 546 418 mortem
560 397 646 417 meam
660 396 713 415 non
729 388 832 415 fortiter
846 387 955 415 feralis?
967 387 1021 414 Nisi

230 444 278 463 vos
300 435 351 471 ipsi
375 436 543 467 moriamini.
562 435 627 462 nihil
650 434 725 462 vobis
745 434 809 461 lucri
831 434 972 467 supererit.
991 433 1023 459 Et

231 480 290 509 \ide
303 481 437 517 quomodo
451 481 662 508 consolationem
676 480 793 507 sermoni
807 479 944 506 admiscet.
959 478 1022 505 Val-

228 527 263 554 de
275 526 370 553 durum
385 531 411 553 et
428 526 567 553 molestutu
583 530 640 552 erat
654 525 755 556 audire,
777 525 910 550 hominem
925 524 1021 550 anima:

228 580 284 598 sua:
298 572 510 599 amantisaimum
527 572 593 597 mori
610 578 743 604 oportere.
761 570 860 604 Eanid
876 574 962 596 vetera
979 578 1021 596 re-

228 626 351 645 censeam
362 639 369 650 ,
386 618 492 653 quando
509 625 579 644 nunc
592 617 671 644 etiam
687 617 782 643 multos
798 616 962 643 inveniemus
975 616 1019 650 qui

228 665 341 691 libenter
355 665 444 691 omnia
460 664 585 696 tolerent,
599 669 626 689 ιιι
643 663 690 690 hac
704 663 756 689 vita
772 663 900 693 fruantur,
916 662 1019 689 etiamsi

227 711 311 737 futura
334 710 461 738 credant?
488 710 531 744 qui
553 717 614 737 cum
634 710 725 736 vident
748 709 875 740 a'diiieia,
897 708 1018 742 npilieia,

227 756 377 789 machinas,
394 756 570 791 lacrymautes
586 756 645 782 talia
666 755 758 782 dicunt
774 764 779 781 :
794 756 896 787 Quanta
915 754 1017 781 machi-

227 809 306 830 natnr
320 803 410 835 homo,
423 807 449 829 et
460 802 547 837 pulvis
556 802 685 829 efficitur?
699 801 734 828 lla
749 809 841 835 magna
855 806 895 828 est
908 801 1017 834 hujusce

227 848 287 875 vita:
298 848 523 882 concupiscentia.
538 848 598 874 llmc
610 847 697 882 itaque
708 847 811 873 vincula
825 847 930 874 solvens
940 847 1017 874 Chri-

225 901 282 922 stus
294 895 331 922 ait
345 904 351 921 :
368 894 418 926 Qui
435 895 487 920 odit
506 895 616 920 animant
629 902 700 920 sua»!
715 894 740 919 iu
755 894 801 919 hoc
816 893 920 923 mundo,
938 893 963 919 in
978 893 1016 919 vi-

226 946 277 967 tam
290 945 410 967 teteruam
425 940 546 967 custodiet
565 948 630 965 eant.
645 938 719 972 Quod
740 944 828 966 autem
839 944 871 965 ut
884 938 943 965 illos
957 946 1016 965 mo-

226 991 318 1018 neret,
333 990 359 1013 et
375 990 472 1012 metum
491 993 584 1012 eorum
603 985 736 1017 solveret,
752 984 809 1011 lucc
824 984 938 1015 dixerit,
955 984 1015 1011 audi

224 1041 256 1060 ex
272 1033 445 1067 sequentibus
459 1040 465 1059 :
480 1031 526 1059 26.
542 1032 591 1065 Qui
606 1031 667 1057 mihi
683 1031 816 1062 tuinistrttl,
831 1039 869 1056 me
881 1035 1015 1064 sequatur;

224 1079 257 1106 de
270 1083 356 1106 Inorlc
376 1078 485 1112 loquens
496 1098 503 1108 ,
518 1082 547 1104 et
562 1081 591 1103 ut.
604 1085 652 1112 per
671 1085 751 1110 opera
767 1077 854 1110 ipsum
870 1080 1016 1110 sequantur

224 1125 342 1158 exigens.
358 1124 477 1151 Minister
489 1123 561 1151 enim
575 1131 636 1150 eum
655 1123 697 1151 cui
719 1123 851 1149 ministrat
866 1122 940 1156 sequi
955 1129 1013 1148 om-

224 1169 288 1196 nino
302 1169 390 1196 debet.
408 1169 440 1196 Et
455 1169 594 1195 considera
609 1168 777 1203 quandonam
797 1168 853 1195 luec
869 1167 990 1201 loquatur
1006 1175 1012 1193 :

224 1223 276 1242 tton
299 1223 359 1242 cuin
383 1214 616 1249 persequutionem
639 1214 820 1248 patiebantur,
840 1213 886 1240 sed
907 1220 966 1240 cntn
987 1213 1012 1239 in

223 1261 318 1289 liducia
333 1260 483 1296 degebant,
498 1265 524 1287 et
540 1260 566 1287 in
586 1264 641 1286 tuto
654 1267 714 1286 esse
731 1260 861 1294 putabant
871 1279 879 1291 ,
894 1266 908 1285 a
923 1258 1014 1285 multis

223 1308 344 1334 honorati
359 1311 385 1334 et
397 1307 475 1337 culti;
490 1313 550 1333 cum
567 1313 625 1333 sese
638 1306 742 1340 erigere
762 1310 884 1339 poterant
897 1309 923 1331 et
935 1304 1012 1331 audi-

222 1362 251 1381 re
267 1363 273 1381 :
291 1354 321 1380 Et
337 1353 408 1380 tollat
423 1361 521 1379 crucem
537 1360 619 1385 suam,
631 1357 653 1379 et
665 1356 782 1387 sequatur
794 1360 834 1377 me
847 1350 951 1385 (Matth.
969 1350 1012 1378 16.

220 1399 266 1435 Qui)
280 1408 286 1426 :
303 1399 326 1426 id
340 1404 392 1431 est,
405 1399 517 1425 Paratus
528 1405 635 1432 semper
645 1401 703 1424 esto
713 1397 745 1424 ad
758 1396 884 1431 pericula,
897 1395 929 1422 ad
943 1403 1014 1422 mor-

221 1451 289 1476 tem,
304 1445 336 1471 ad
355 1444 521 1479 migrandum
537 1451 568 1471 ex
584 1445 633 1470 hac
651 1445 715 1469 vita.
734 1442 835 1470 Deinde
848 1450 908 1469 cum
923 1441 1012 1475 gravia

219 1496 246 1517 et
260 1491 371 1518 molesta
388 1490 508 1522 dixisset,
526 1489 664 1523 praemium
677 1488 759 1516 addit.
774 1488 916 1521 Quodnam
932 1487 1012 1513 illud?

218 1536 294 1568 Quod
318 1536 403 1570 ipsqu
427 1539 564 1570 seqttatur,
581 1533 651 1568 qttod
671 1534 705 1560 sit
723 1541 776 1560 una
792 1540 882 1560 secum
898 1541 905 1560 :
920 1536 1011 1559 osten-

218 1583 285 1609 dens
305 1582 359 1608 fore
379 1586 407 1608 ut
426 1581 590 1608 resurrectio
602 1585 715 1606 mortctu
729 1583 866 1613 sequatur.
881 1579 946 1605 Natn
963 1577 1011 1605 Ubi

218 1635 273 1655 sum
286 1635 330 1662 ego
341 1647 348 1659 ,
364 1627 463 1660 inquit,
476 1626 529 1652 illic
543 1630 567 1652 et
582 1625 695 1651 minister
708 1633 787 1651 meus.
801 1624 850 1651 Ubi
872 1629 912 1651 est
931 1623 1010 1650 Citri-

217 1674 294 1700 stus?
308 1673 335 1700 lu
349 1673 431 1699 caelis.
448 1672 519 1707 Ergo
530 1672 609 1699 etiam
626 1676 688 1698 ante
708 1671 929 1698 resurrectionem
948 1670 1011 1696 illuc

217 1724 244 1746 et
253 1718 340 1746 anima
351 1723 377 1745 et
391 1723 479 1745 mente
492 1716 694 1744 transferamur.
706 1716 800 1750 Siquis
810 1716 872 1741 milii
884 1716 1010 1742 ministru-

217 1765 297 1795 verit,
317 1763 403 1798 diliget
425 1771 482 1789 eum
506 1762 594 1790 Pater.
608 1761 662 1789 Cur
681 1769 733 1788 non
751 1761 831 1792 dixit,
854 1760 929 1795 Ego?
944 1760 1009 1793 Quia

217 1809 335 1836 nondutn
351 1813 558 1836 consentaneam
574 1807 608 1835 de
628 1808 684 1841 ipso
698 1807 849 1841 opinionem
864 1807 1008 1838 habebant,

216 1855 263 1882 sed
286 1854 414 1888 majorem
436 1853 470 1881 de
492 1854 580 1881 Patre.
597 1853 645 1887 Qui
661 1853 730 1880 enim
750 1853 866 1880 nondum
889 1853 1010 1880 sciebant

217 1900 303 1935 ipsum
320 1907 380 1927 esse
394 1904 617 1930 resurrecturum,
634 1899 771 1934 quomodo
782 1907 903 1933 magnam
917 1898 949 1926 de
963 1898 1009 1925 illo

215 1947 368 1980 opinionem
389 1945 592 1980 concepissent?
610 1945 788 1979 Quamobrem
807 1944 868 1972 filiis
887 1943 1009 1972 Zebeda-i

215 1993 253 2019 ait
265 2000 272 2018 :
286 1991 348 2018 Non
357 1996 393 2018 est
405 1999 486 2017 meum
496 1990 571 2022 dare,
585 1991 629 2017 sed
642 1990 730 2024 quibus
744 1995 861 2024 paratum
873 1994 908 2016 est
923 1998 938 2016 α
953 1989 1008 2017 Pa-

215 2044 253 2065 tre
264 2045 320 2065 meo
333 2037 429 2073 (Marc.
443 2036 486 2064 10.
499 2036 555 2073 40).
568 2037 646 2071 Atqui
661 2037 717 2071 ipse
730 2041 769 2064 est
782 2037 825 2071 qui
837 2036 948 2071 judicat.
960 2037 1009 2064 Hic

215 2092 279 2112 vero
293 2091 323 2110 se
336 2084 479 2118 genuinum
496 2084 591 2110 Filium
605 2083 736 2110 declarat.
755 2083 815 2110 Illos
832 2083 903 2110 enim
919 2087 947 2110 ut
960 2091 1007 2118 ge-

215 2130 288 2156 nuini
302 2133 330 2157 et
342 2129 397 2156 veri
412 2128 468 2155 Filii
484 2129 620 2155 ministros
634 2128 758 2162 excipiet.
772 2128 817 2154 27.
833 2127 910 2154 Nunc
922 2128 1008 2154 auium

213 2184 269 2203 mea
285 2175 384 2202 turbato
399 2179 445 2202 est.
461 2173 494 2201 Et
509 2174 569 2209 quid
580 2174 683 2201 dicunt?
699 2174 783 2206 Pater,
797 2173 910 2207 salvi/ira
924 2182 963 2200 me
977 2182 1008 2200 ea:

214 2225 262 2248 Imc
275 2221 347 2248 liora.
362 2220 441 2256 Atqui
457 2221 514 2247 haec
529 2228 579 2246 nou
599 2223 661 2246 sunt
678 2225 790 2246 mortem
804 2219 878 2246 adire
890 2219 1006 2245 suaden-

214 2269 257 2299 tis,
272 2267 327 2294 imo
340 2266 471 2294 hortantis
484 2265 584 2301 utique.
600 2265 638 2293 Ne
655 2265 776 2292 dicerent
789 2264 859 2291 cuitn
873 2272 944 2295 eum.
959 2262 1008 2290 lut-

214 2313 300 2340 manis
313 2316 449 2339 carentem
465 2310 614 2341 doloribus,
632 2310 708 2337 facile
727 2308 761 2337 de
781 2314 868 2337 morte
888 2309 1006 2344 philoso-

214 2359 306 2394 phari,
322 2362 349 2386 ct
362 2358 421 2385 sine
434 2364 483 2384 suo
498 2355 618 2391 periculo
631 2362 680 2382 nos
695 2354 794 2382 hortari
807 2362 814 2387 ;
831 2354 948 2382 ostendit
961 2361 1005 2386 se,

213 2407 276 2433 licet
289 2412 348 2432 eam
364 2395 537 2435 formidaret,
550 2403 634 2437 ipsam
648 2405 741 2435 utpote
756 2401 847 2428 utilem
863 2408 915 2427 non
929 2407 1006 2426 recu-

212 2459 283 2479 sare.
309 2450 371 2477 llmc
395 2457 476 2484 porro
499 2449 532 2476 ad
556 2451 719 2482 assumptam
741 2454 867 2477 carnem.
893 2454 947 2473 non
972 2445 1004 2472 ad

212 2498 378 2525 divinitatem
399 2496 544 2531 pertinent.
567 2493 669 2521 Idcirco
681 2492 738 2519 ait:
754 2491 832 2518 Nunc
851 2492 936 2517 anima
951 2499 1005 2517 ntro

213 2545 312 2571 turbata
326 2547 363 2570 est
373 2550 383 2569 :
394 2541 457 2576 (nisi
470 2541 541 2568 enim
557 2540 607 2566 hoc
619 2543 690 2566 esset
699 2559 707 2569 ,
721 2545 772 2572 qua
786 2538 857 2564 serie
871 2537 928 2564 luce
940 2544 1005 2563 cou—

213 2590 286 2624 scqui
302 2593 422 2624 possent,
437 2586 525 2617 Pater,
534 2585 648 2619 salui/ica
660 2592 699 2611 me
709 2592 741 2610 ea:
755 2583 802 2610 hac
814 2583 877 2609 hora
887 2583 911 2615 .9)
924 2586 951 2610 et
969 2582 1004 2608 ita

213 2634 382 2668 perturbatus
397 2635 481 2658 estut
495 2629 601 2657 liberari
618 2636 648 2657 se
668 2628 812 2663 postularet
824 2648 831 2659 .
847 2628 870 2655 si
888 2627 1006 2663 eﬁl‘ttgere

214 2682 312 2714 posset.

246 2723 273 2751 2.
290 2723 352 2751 Hmc
374 2721 497 2748 humana).
517 2725 618 2747 uatum
640 2720 781 2748 infirmitas
802 2724 854 2747 est.
868 2718 920 2747 Sed
941 2718 1001 2754 quid

212 2769 297 2797 dicam
314 2776 368 2796 non
382 2767 468 2794 habeo
478 2786 485 2799 ,
501 2773 561 2793 cum
581 2771 694 2793 mortem
710 2766 848 2800 deprcCt-r.
867 2765 1004 2801 Propterea

213 2815 265 2841 t'ctti
277 2815 303 2841 in
314 2814 402 2840 horum
416 2812 480 2838 lianc
492 2819 540 2838 :ac
553 2811 575 2838 si
589 2811 689 2839 diceret
702 2820 709 2837 :
726 2811 837 2839 Etiamsi
857 2813 1004 2844 turbemur,

212 2865 239 2887 et
251 2865 463 2891 consternuntur,
480 2861 592 2884 mortem
609 2864 641 2884 nc
655 2856 795 2892 fugiamus.
809 2857 875 2885 Nam
890 2857 923 2884 ita
941 2864 1001 2892 per-

553 150 580 178 S.
601 149 741 178 JOANNIS
759 146 998 177 CHRYSOSTOMI
1017 148 1176 177 ARCHIEP.
1197 150 1464 183 CONSTANTINOP.

1817 160 1870 189 373

1081 205 1201 253 turbatus
1213 214 1273 242 ego,
1289 216 1342 236 non
1356 209 1507 244 fugiendum
1521 211 1581 239 dico
1596 219 1604 239 :
1619 213 1757 242 ferendum
1771 217 1869 253 quippe

1079 249 1144 277 illttd
1163 255 1205 278 est
1218 253 1290 287 quod
1304 254 1410 282 accidit.
1430 255 1489 282 Non
1504 256 1565 284 dico
1575 277 1583 288 ,
1600 257 1695 286 Libera
1709 268 1754 287 me
1769 249 1802 288 ex

1077 294 1141 322 hora
1155 304 1162 328 ;
1177 297 1222 323 sed
1234 316 1243 329 ,
1256 298 1300 325 28.
1319 298 1405 332 Pater,
1421 301 1535 336 clari/ira
1554 311 1644 330 nomen
1662 309 1741 331 tuum.
1759 307 1867 336 Etiamsi

1076 341 1241 374 perturbatio
1262 343 1294 371 ad
1311 343 1368 372 lucc
1390 345 1501 373 dicenda
1524 348 1686 383 compellat,
1704 353 1867 381 contrarium

1075 386 1152 418 dico,
1169 386 1287 422 Cleri/ica
1306 398 1395 417 nomen
1410 396 1496 424 luunt;
1511 393 1537 419 id
1553 398 1610 428 est,
1628 394 1684 422 Duc
1700 396 1725 423 in
1736 404 1843 426 crucem
1859 409 1866 426 :

1075 431 1144 465 quod
1165 432 1308 461 lmmanttm
1328 435 1451 463 alit-ctum
1473 437 1589 472 indicat,
1606 445 1781 476 naturamque
1799 444 1866 472 moti

1076 476 1218 509 nolentem,
1227 479 1272 506 sed
1283 480 1360 507 vitam
1374 489 1480 510 servare
1489 485 1648 517 cupientem;
1661 488 1830 523 ostenditque
1838 498 1867 517 se

1075 531 1127 549 non
1135 529 1208 551 extra
1221 526 1464 554 lnunauosafl‘ectus
1473 536 1541 556 esse.
1550 530 1700 558 Sicutenim
1711 541 1864 568 neqncesu-

1074 568 1127 595 rirc
1139 577 1225 603 neque
1233 570 1351 599 dormire
1364 573 1468 600 crimini
1483 575 1570 607 datur,
1586 577 1624 603 sic
1644 585 1731 612 neque
1750 587 1865 613 praesen-

1074 618 1126 640 tem
1141 615 1219 642 vitam
1233 622 1335 652 optare.
1347 618 1468 646 Christus
1482 628 1544 647 vero
1556 629 1654 656 corpus
1668 623 1759 651 habuit
1774 633 1787 650 a
1804 634 1864 660 pec-

1073 660 1139 686 catis
1163 660 1293 695 liberum,
1322 671 1374 690 non
1395 672 1409 691 a
1436 667 1601 694 naturalibus
1631 670 1833 698 necessitatibus
1855 681 1861 699 :

1071 707 1186 741 alioquin
1204 716 1300 743 corpus
1322 718 1372 736 non
1390 710 1492 738 fuisset.
1511 712 1556 739 llis
1575 714 1654 740 etiam
1671 715 1740 742 aliud
1762 717 1862 745 docuit.

1071 752 1208 785 Quodnam
1226 754 1307 781 illud?
1321 755 1354 783 Ut
1375 757 1396 783 si
1418 765 1542 791 umquam
1560 758 1584 785 in
1599 761 1724 787 mmstitia
1745 767 1771 788 et
1791 769 1862 790 metu

1071 801 1165 831 simus,
1184 808 1216 827 ne
1231 801 1289 828 ideo
1302 810 1315 828 a
1332 804 1468 836 proposito
1480 805 1637 832 resiliamus.
1655 806 1739 839 Pater,
1749 809 1862 843 clari/im

1070 852 1159 871 nomen
1173 850 1253 872 tuum.
1265 847 1386 874 Ostendit
1399 856 1428 875 se
1443 857 1490 884 pro
1503 850 1613 879 veritate
1627 853 1704 885 mori,
1721 861 1776 880 rem
1790 854 1860 882 illam

1069 890 1180 924 gloriam
1198 891 1242 919 Dei
1255 900 1362 920 vocans.
1379 894 1410 920 Et
1426 894 1476 922 hoc
1486 899 1546 929 post
1556 903 1662 923 crucem
1675 899 1793 932 contigit.
1811 899 1861 926 Fu-

1071 941 1156 963 lttrntn
1169 943 1226 964 erat
1240 942 1269 965 ut
1281 939 1353 967 orbis
1368 946 1568 969 converteretur
1578 963 1586 976 ,
1597 950 1628 970 ac
1640 951 1736 971 nomen
1753 946 1798 972 Dei
1813 954 1859 973 eo-

1068 988 1219 1015 guoseeret,
1236 983 1337 1018 ipsique
1349 987 1473 1018 serviret;
1487 995 1539 1014 non
1556 988 1641 1014 Patris
1655 997 1751 1024 nempe
1762 999 1858 1019 nomen

1068 1026 1215 1061 dumtaxat,
1231 1029 1277 1056 sed
1293 1030 1372 1056 etiant
1387 1031 1445 1058 Filii
1461 1041 1466 1058 :
1482 1037 1598 1060 attamen
1611 1034 1673 1061 illud
1690 1040 1768 1063 tacet.
1786 1036 1858 1063 Venit

1068 1080 1126 1107 ergo
1138 1081 1186 1100 vox
1200 1074 1231 1100 de
1244 1076 1312 1102 caelis
1327 1084 1336 1102 :
1350 1076 1383 1103 Et
1396 1078 1534 1111 clari/icovi
1543 1099 1551 1111 ,
1566 1085 1589 1106 et
1602 1080 1691 1106 iterum
1703 1081 1855 1115 ctariﬁcabo.

1070 1117 1118 1144 Ubi
1137 1119 1311 1147 clarifieavit?
1326 1121 1352 1148 In
1371 1123 1589 1156 praecedentibus.
1605 1125 1638 1152 Et
1651 1127 1744 1153 iterum
1757 1128 1856 1154 clariﬁ-

1067 1163 1133 1190 cabo
1145 1170 1204 1198 post
1212 1173 1328 1194 crucem.
1339 1168 1406 1201 Quid
1420 1177 1483 1204 ergo
1496 1169 1639 1198 Christus?
1664 1172 1707 1199 50.
1720 1172 1779 1200 Non
1799 1182 1858 1208 pro-

1067 1214 1121 1242 pter
1142 1219 1181 1237 me
1194 1219 1242 1238 vox
1254 1213 1308 1239 lucc
1329 1215 1397 1248 facta
1412 1219 1459 1246 est,
1472 1214 1518 1242 sed
1532 1222 1635 1250 propter
1644 1226 1696 1244 vos.
1716 1217 1755 1245 illi
1768 1224 1856 1247 autem

1068 1256 1211 1284 tonitruum
1226 1265 1286 1285 esse
1299 1263 1443 1293 putarunt,
1459 1260 1501 1288 vel
1516 1262 1639 1296 angelum
1654 1263 1703 1297 ipsi
1719 1264 1856 1299 loquutum

1067 1301 1157 1329 fuisse.
1182 1302 1214 1329 Et
1235 1304 1304 1331 unde
1326 1304 1376 1331 hoc
1391 1307 1533 1340 putarunt?
1553 1314 1641 1335 annon
1655 1310 1725 1337 clara
1743 1315 1770 1337 et
1792 1318 1857 1338 eon-

1065 1346 1155 1380 spicna
1170 1354 1219 1373 vox
1237 1347 1302 1375 fuit?
1319 1349 1416 1376 Verum
1431 1351 1484 1377 cito
1497 1352 1612 1379 avolavit
1629 1353 1663 1380 ab
1681 1354 1732 1381 illis
1742 1376 1751 1388 ,
1766 1360 1857 1390 utpote

1065 1392 1249 1426 erassioribus,
1259 1395 1418 1426 carnalibus,
1434 1397 1572 1431 segnibus.
1584 1398 1633 1425 Alii
1645 1407 1739 1426 sonum
1754 1405 1855 1428 tauttnn

1065 1438 1248 1471 retinuerunt,
1262 1439 1306 1466 alii
1319 1441 1486 1468 articulatam
1501 1443 1583 1470 fuisse
1603 1452 1695 1472 vocem
1710 1453 1854 1478 noverant;

1064 1483 1126 1518 quid
1141 1492 1203 1511 vero
1216 1486 1386 1520 signiﬁcaret,
1401 1496 1453 1515 non
1469 1488 1541 1516 item.
1556 1489 1624 1523 Quid
1638 1499 1702 1526 ergo
1715 1491 1856 1520 Christus?

1064 1528 1125 1556 Non
1139 1535 1242 1564 propter
1256 1539 1295 1557 me
1303 1531 1356 1558 lucc
1366 1541 1413 1559 vox
1425 1534 1500 1566 venit,
1510 1534 1554 1561 sed
1563 1541 1666 1570 propter
1676 1544 1727 1563 vos.
1741 1537 1794 1564 (Zur
1804 1537 1856 1565 hoc

1063 1575 1148 1603 dixit?
1159 1576 1198 1603 Ad
1211 1577 1272 1603 illud
1285 1578 1431 1612 respiciens
1443 1579 1513 1613 quod
1525 1588 1630 1615 semper
1638 1581 1772 1617 dicebant,
1783 1583 1855 1610 illurn

1063 1630 1094 1648 ex
1119 1623 1173 1649 Deo
1189 1631 1240 1650 non
1254 1631 1325 1650 esse.
1344 1624 1392 1658 Qui
1407 1626 1478 1652 enim
1492 1633 1507 1653 a
1522 1626 1577 1654 Deo
1588 1628 1764 1661 clarificatur,
1787 1637 1855 1664 quo-

1063 1669 1141 1695 modo
1157 1677 1208 1696 non
1223 1675 1264 1697 est
1283 1678 1314 1698 ex
1338 1671 1391 1697 Deo
1405 1692 1413 1703 ,
1427 1672 1503 1705 ettjus
1518 1680 1616 1700 nomen
1639 1680 1747 1709 propter
1769 1675 1853 1710 ipsum

1062 1714 1234 1741 clarificatur?
1246 1715 1305 1742 Ideo
1317 1724 1365 1743 vox
1375 1716 1460 1743 delata
1474 1718 1677 1753 est.Propterea
1691 1720 1775 1755 inquit
1787 1721 1853 1755 ipse,

1063 1760 1123 1786 Non
1139 1767 1241 1796 prepter
1251 1770 1290 1788 me
1300 1762 1354 1788 lure
1364 1770 1412 1789 τοι
1421 1763 1495 1795 venit,
1509 1763 1553 1790 sed
1563 1769 1666 1799 propter
1677 1773 1719 1793 vos
1732 1774 1741 1792 :
1756 1766 1811 1793 Non
1826 1772 1855 1793 ut

1062 1806 1159 1841 aliquid
1173 1815 1187 1833 a
1202 1815 1244 1834 me
1257 1808 1404 1842 ignoratum
1418 1808 1452 1836 ab
1467 1809 1509 1836 illa
1525 1809 1630 1837 audiam
1653 1810 1762 1847 (omnia
1782 1812 1854 1840 enim

1062 1861 1120 1886 quze
1136 1853 1220 1880 Patris
1233 1858 1295 1881 sunt
1307 1855 1368 1881 novi
1380 1854 1389 1890 )
1400 1875 1407 1888 ,
1429 1855 1477 1883 sed
1498 1860 1606 1890 propter
1619 1864 1678 1883 vos.
1695 1857 1760 1890 Quia
1780 1858 1851 1885 enim

1062 1899 1187 1926 dicebant
1201 1901 1322 1935 angelum
1337 1901 1472 1935 loquutum
1485 1902 1520 1928 illi
1537 1909 1607 1934 esse,
1620 1903 1662 1930 vel
1676 1902 1773 1930 factum
1789 1911 1850 1931 esse

1062 1944 1206 1972 tonitruum
1220 1966 1227 1978 ,
1241 1951 1268 1973 et
1283 1954 1334 1972 non
1350 1946 1523 1974 advertebant
1537 1966 1545 1978 ,
1564 1947 1647 1981 inquit
1658 1967 1666 1979 .
1683 1954 1790 1983 propter
1802 1956 1850 1975 vos

1062 1989 1175 2017 delatam
1193 1999 1252 2018 esse
1267 1999 1358 2018 vocem
1372 2012 1380 2025 ,
1394 1997 1422 2019 ut
1437 1992 1498 2019 hinc
1510 1992 1709 2027 concitaremiui
1720 1993 1753 2019 ad
1765 1993 1848 2020 inter-

1061 2037 1207 2071 rogandum
1231 2038 1292 2072 quid
1315 2038 1414 2065 dictum
1438 2038 1540 2066 fuisset.
1559 2038 1597 2065 Illi
1612 2046 1676 2065 vero
1691 2038 1850 2073 stupefacti.

1063 2090 1149 2118 neque
1162 2083 1200 2109 sic
1219 2083 1415 2118 interrogarunt
1426 2103 1433 2115 ,
1449 2091 1510 2110 cum
1523 2084 1647 2111 audirent
1661 2083 1687 2110 id
1699 2083 1733 2110 ad
1750 2090 1779 2110 sc
1792 2090 1853 2118 per-

1062 2129 1157 2156 tinere.
1171 2128 1304 2156 Nescienti
1328 2130 1398 2156 enim
1421 2130 1498 2163 cuius
1517 2130 1602 2164 gratia
1626 2129 1777 2167 diceretur.
1793 2129 1853 2162 iure

1060 2182 1114 2201 non
1128 2174 1239 2209 insignis
1250 2182 1302 2202 vox
1316 2175 1454 2202 videbatur
1464 2182 1535 2202 esse.
1552 2174 1662 2209 Propter
1672 2183 1716 2202 vos
1728 2182 1775 2202 vox
1782 2174 1854 2200 τιυια-

1060 2225 1086 2246 ta
1097 2225 1143 2247 eu.
1155 2220 1246 2248 Videu'
1259 2220 1393 2255 quomodo
1401 2228 1445 2247 res
1458 2220 1572 2248 humiles
1580 2229 1672 2248 eorum
1681 2221 1766 2256 gratia
1778 2221 1853 2254 fiant,

1060 2274 1113 2293 non
1129 2267 1205 2301 quasi
1219 2265 1302 2294 Filius
1314 2267 1413 2293 auxilio
1429 2267 1518 2301 egeat?
1529 2267 1572 2294 5|.
1590 2267 1667 2294 Nunc
1677 2268 1804 2302 judicium
1817 2273 1854 2295 est

1060 2312 1159 2344 mundi,
1171 2320 1237 2338 nunc
1252 2312 1368 2346 princeps
1381 2311 1458 2345 hujus
1472 2312 1560 2337 mundi
1574 2312 1644 2345 infra
1656 2312 1780 2346 ejiciatur.
1798 2313 1855 2339 Hoc

1059 2356 1194 2391 quomodo
1207 2360 1313 2389 aptatur
1323 2356 1372 2388 illi,
1387 2354 1543 2388 Clari/icatn',
1559 2360 1583 2382 et
1597 2356 1742 2389 clariﬁcobo
1751 2357 1764 2382 ?
1777 2357 1855 2390 Opti-

1060 2409 1102 2428 me
1116 2406 1142 2427 et
1157 2400 1301 2427 admodum
1315 2404 1508 2428 consentanee.
1523 2400 1589 2434 Qttia
1604 2400 1675 2427 enim
1691 2399 1758 2428 dixit
1769 2421 1776 2432 ,
1795 2401 1857 2428 ϐία.

1059 2445 1174 2480 riﬁcubo,
1185 2445 1292 2472 modum
1303 2445 1395 2481 glori-te
1405 2445 1533 2472 ostendit.
1544 2445 1609 2478 Quis
1616 2445 1662 2472 ille
1670 2445 1783 2472 modus?
1796 2447 1854 2479 Ille,

1060 2475 1154 2525 inquit.
1168 2475 1296 2525 Ejicietttr
1303 2475 1390 2526 infra.
1404 2490 1472 2523 Quid
1486 2491 1536 2518 sibi
1549 2475 1607 2517 vult
1623 2491 1687 2518 illttd
1701 2501 1709 2518 ί
1723 2475 1869 2520 Judicitmii

1059 2540 1096 2563 est
1106 2536 1193 2562 mundi
1204 2535 1303 2570 hujus?
1313 2537 1350 2562 Ac
1362 2536 1383 2562 si
1395 2535 1506 2567 diceret,
1521 2535 1654 2563 Iudicium
1671 2537 1722 2564 erit
1735 2541 1763 2564 et
1777 2527 1882 2571 ultio.‘

1058 2581 1214 2615 Quomodo?
1229 2580 1332 2608 Occidit
1345 2582 1459 2616 primum
1475 2582 1608 2609 hominem
1622 2602 1630 2615 ,
1644 2590 1723 2617 quem
1744 2587 1855 2617 peccato

1058 2627 1202 2654 obnoxium
1227 2626 1328 2654 invenit
1344 2627 1413 2661 (Per
1432 2632 1562 2661 peccatum
1581 2628 1648 2654 enim
1665 2635 1732 2655 more
1753 2629 1855 2656 intravit

1058 2672 1146 2708 illam.
1164 2673 1190 2700 5.
1206 2671 1262 2708 νη)
1279 2681 1284 2698 :
1300 2672 1325 2699 iu
1341 2681 1382 2700 me
1393 2672 1443 2700 hoc
1456 2680 1508 2700 non
1525 2674 1634 2700 invenit.
1647 2673 1702 2700 Cur
1711 2681 1775 2709 ergo
1787 2674 1855 2702 insi-

1058 2719 1108 2749 liit,
1124 2722 1151 2745 et
1165 2718 1243 2745 morti
1257 2718 1383 2745 tradidit?
1397 2726 1445 2746 cur
1461 2718 1487 2745 in
1500 2717 1575 2746 Juda:
1588 2719 1705 2746 animam
1719 2719 1855 2754 ingressus

1058 2769 1110 2795 est,
1124 2768 1153 2790 ut
1166 2771 1209 2791 me
1224 2763 1377 2791 occideret?
1391 2764 1430 2791 Ne
1444 2764 1508 2791 mihi
1521 2764 1592 2792 enim
1610 2764 1666 2799 jam
1679 2763 1780 2792 dixeris
1791 2783 1801 2798 ο
1817 2765 1854 2793 ita

1059 2811 1141 2838 Deum
1157 2811 1355 2845 dispensavisse
1372 2820 1378 2838 :
1394 2810 1445 2838 hoc
1458 2811 1529 2838 enim
1546 2819 1598 2839 non
1615 2811 1715 2839 diaboli
1729 2815 1770 2839 est
1782 2832 1789 2844 ,
1805 2812 1854 2840 sed

1061 2857 1142 2892 ipsius
1157 2856 1304 2891 sapienti-.13.
1319 2856 1477 2891 Exploretur
1492 2856 1596 2885 interim
1611 2864 1686 2884 mens
1699 2857 1807 2892 maligni
1822 2857 1853 2885 il-
