4094 6204
390 309 531 364 ‘575

412 434 552 488 lius.
597 435 879 502 Quomodo
904 451 1033 507 ergo
1057 433 1286 491 mundus
1324 435 1378 490 in
1409 451 1497 491 me
1521 437 1822 506 judicatur?
1849 440 2010 506 Quasi

384 529 724 584 'constituto
747 529 948 598 judicio
966 571 982 595 ,
1012 528 1218 584 dicetur
1247 527 1321 582 illi
1353 546 1366 581 :
1395 528 1557 594 Esto,
1585 546 1772 585 omnes
1797 533 2010 587 occido-

406 622 494 676 ris
515 663 532 687 ,
567 622 665 678 sed
700 624 820 692 quia
860 631 1079 691 peccato
1117 621 1378 676 obnoxios
1413 622 1692 690 reperisti:
1737 621 2007 677 Christum

405 729 556 769 vero
583 731 679 772 cur
702 716 978 772 occidisti?
1005 729 1180 769 nonne
1202 713 1355 782 plane
1381 715 1597 782 injuste?
1620 715 1722 769 Per
1737 713 2008 769 Christum

405 823 555 880 ergo
587 818 727 864 totus
748 808 976 863 mundus
1002 805 1376 860 vindicabitur.
1407 804 1560 871 Quod
1587 815 1644 859 ut
1667 805 1860 859 clarius
1885 821 2006 860 eva-

403 897 516 953 dat
537 941 555 964 ,
583 899 830 969 exemplo
865 907 999 951 utar.
1024 895 1104 952 Sit
1130 897 1396 950 violentus
1421 904 1679 966 tyrannus
1705 897 1965 964 quispiam
1984 937 2000 960 ,

404 992 509 1056 qui
555 992 606 1045 in
636 1005 826 1045 manus
851 1005 975 1043 suas
1011 987 1304 1042 incidentes
1339 1001 1527 1041 omnes
1565 985 1859 1040 innumeris
1883 985 2004 1039 alti-

400 1082 529 1136 ciat
560 1082 735 1136 malis.
766 1081 864 1135 llic
889 1081 931 1134 si
971 1094 1091 1133 cum
1119 1094 1246 1148 rege
1279 1078 1364 1131 vel
1395 1093 1515 1131 cum
1546 1077 1657 1130 tilio
1699 1077 1838 1147 regis
1872 1092 2004 1130 cou-

401 1187 638 1242 gressus
658 1215 672 1238 ,
705 1173 914 1228 occidat
940 1172 1085 1225 illum
1119 1171 1310 1239 injuste
1329 1211 1346 1236 ,
1371 1170 1489 1238 ejus
1509 1184 1654 1223 mors
1683 1171 1840 1224 etiam
1871 1169 2002 1222 alios

405 1265 612 1319 ulcisci
651 1264 866 1334 poterit.
914 1262 995 1317 Sit
1022 1261 1214 1332 aliquis
1247 1262 1336 1330 qui
1363 1276 1394 1314 a
1419 1260 1748 1314 debitoribus
1788 1261 1998 1329 exigat,

403 1357 702 1418 verberet,
734 1356 786 1409 in
813 1369 1084 1409 carcerem
1105 1353 1385 1420 conjiciat;
1408 1351 1602 1406 deinde
1639 1351 1824 1405 eadem
1845 1366 1998 1404 arro-

401 1449 596 1516 gantia
627 1447 756 1502 nihil
786 1447 1066 1502 debentem
1110 1445 1328 1516 perinde
1356 1457 1530 1514 cogat.
1562 1445 1758 1499 Eorum
1799 1460 1916 1514 qua:
1946 1445 1996 1498 in

401 1540 553 1593 alios
579 1541 844 1595 commisit
868 1550 991 1594 tunc
1019 1553 1205 1608 poenas
1229 1538 1377 1593 dabit
1407 1557 1423 1593 :
1454 1537 1545 1593 ille
1568 1553 1795 1608 namque
1825 1539 1996 1608 ipsum

400 1636 648 1694 occidet.

485 1729 546 1785 5.
575 1726 663 1782 Sic
693 1735 746 1781 et
789 1726 841 1780 in
891 1725 1027 1780 Filio
1069 1725 1264 1780 factum
1306 1733 1410 1779 est.
1458 1724 1654 1778 Eorum
1703 1723 1843 1778 enim
1879 1738 1995 1792 quae

401 1827 602 1870 roritra
630 1832 723 1870 vos
749 1817 934 1870 fecerit
960 1816 1222 1879 diabolus,
1251 1829 1347 1883 per
1391 1829 1454 1869 ea
1486 1829 1603 1882 qme
1630 1823 1814 1867 contra
1845 1811 1994 1867 Chri-

401 1918 556 1960 stum
584 1923 743 1961 ausus
783 1906 899 1972 fuit,
929 1906 1076 1960 dabit
1102 1921 1306 1975 pinnas.
1337 1904 1487 1970 Quod
1515 1914 1692 1958 autem
1723 1903 1774 1957 id
1805 1903 1991 1956 subin-

399 1997 637 2058 dicetur,
669 1997 790 2049 audi
821 2014 834 2049 :
868 1995 1020 2048 Nunc
1046 1997 1276 2064 princeps
1297 1995 1449 2064 hujus
1474 1995 1650 2047 mundi
1668 1995 1893 2063 ejicietur
1913 1994 1994 2046 in-

399 2089 514 2153 fra,
547 2103 641 2158 per
662 2096 886 2142 mortem
914 2103 1106 2142 meam.
1139 2086 1228 2142 '52.
1259 2085 1324 2141 Et
1345 2103 1435 2157 ego
1462 2086 1506 2142 si
1533 2087 1782 2141 excitatus
1807 2091 1950 2156 fuero
1971 2128 1987 2154 ,

396 2193 582 2232 omnes
612 2179 810 2232 traham
853 2179 921 2231 ad
956 2179 1233 2247 meipsum;
1263 2179 1361 2231 hoc
1387 2187 1503 2244 est,
1544 2178 1703 2232 etiam
1741 2177 1988 2247 gentiles.

393 2270 474 2323 Iit
498 2285 564 2324 ne
584 2271 704 2339 quis
723 2270 947 2330 diceret,
965 2269 1245 2336 Quomodo
1264 2268 1508 2338 ejicietur
1533 2268 1689 2332 infra,
1704 2269 1748 2322 si
1777 2277 1828 2323 te
1849 2268 1990 2322 vice-

391 2361 518 2414 rit?
556 2359 670 2414 Non
698 2360 914 2423 vincet,
944 2359 1132 2429 inquit.
1173 2358 1452 2421 Quomodo
1487 2357 1630 2412 enim
1666 2357 1843 2412 vincet
1867 2372 1986 2411 eum

390 2451 498 2519 qui
529 2451 662 2504 alios
692 2451 898 2504 trahit?
923 2451 1029 2504 Nec
1056 2451 1290 2520 loquitur
1321 2450 1390 2504 de
1434 2450 1859 2513 resurrectione;
1893 2450 1984 2504 sed

393 2541 553 2611 quod
594 2542 982 2596 resurrectione
1022 2541 1194 2609 majus
1221 2549 1330 2606 est,
1361 2541 1545 2594 Omnes
1571 2540 1768 2592 traham
1791 2540 1859 2595 ad
1885 2556 1988 2594 me-

391 2632 592 2702 ipsum.
607 2631 736 2685 Nam
754 2633 795 2686 si
813 2631 1054 2698 dixisset,
1071 2632 1383 2700 Resurgam.
1399 2633 1632 2686 nondum
1656 2633 1827 2702 palam
1843 2641 1986 2686 esset

395 2722 552 2792 ipsos
594 2737 713 2776 esse
756 2721 1052 2776 credituros
1083 2738 1097 2774 :
1130 2736 1248 2776 cum
1290 2732 1468 2776 autem
1516 2722 1643 2777 dicit
1665 2764 1680 2787 ,
1712 2722 1943 2777 Credent
1966 2763 1980 2785 ,

395 2824 688 2884 utrumque
711 2813 966 2876 declarat,
990 2821 1044 2866 et
1070 2823 1495 2868 resurrecturum
1515 2828 1573 2867 se
1598 2815 1900 2867 conlirmat.
1923 2813 1980 2867 Si

396 2904 545 2958 enim
575 2912 815 2958 mortuus
841 2905 1142 2966 mansisset,
1171 2912 1224 2958 et
1255 2903 1414 2957 homo
1442 2919 1605 2973 purus
1631 2914 1793 2969 esset,
1824 2919 1983 2959 nemo

399 2994 738 3048 credidisset.
766 2992 952 3048 Omnes
975 2995 1174 3046 traham
1199 2994 1267 3046 ad
1283 2995 1547 3060 meipsum.
1573 2994 1680 3048 Cur
1705 3009 1832 3061 ergo
1855 2994 1982 3048 dicit

404 3083 616 3137 Patrem
649 3082 899 3137 trahere?
927 3082 1058 3148 Quia
1090 3083 1331 3137 trahente
1354 3083 1505 3148 Filio,
1539 3085 1700 3138 trahit
1729 3095 1781 3139 et
1804 3085 1977 3139 Pater.

403 3175 634 3228 'l‘raham
654 3215 670 3239 ,
695 3175 904 3243 inquit,
935 3182 1118 3244 utpote
1141 3189 1170 3228 a
1203 3184 1426 3244 tyranno
1450 3175 1695 3230 detentos
1714 3217 1730 3241 ,
1759 3178 1844 3246 qui
1874 3193 1979 3230 non

403 3267 611 3337 possint
636 3281 730 3336 per
754 3281 812 3321 se
831 3267 1103 3329 accedere,
1127 3273 1180 3320 et
1193 3265 1307 3334 ejus
1317 3265 1621 3322 obsistentis
1641 3284 1824 3324 manus
1845 3269 1981 3323 cllu-

1393 321 1458 376 »Ν
1493 321 1805 383 JOANNEM
1846 329 2072 386 IIOMIL.
2105 333 2331 391 LX\'lll.
2366 341 2434 393 al.
2469 339 2675 397 LXVII.

3591 361 3698 418 3η

2114 463 2256 519 gere.
2268 450 2404 506 Alibi
2417 465 2592 509 autem
2616 457 2742 511 illud
2756 459 2991 528 rapinam
3009 463 3353 521 vocat.Nemo
3368 482 3526 539 potest
3535 478 3699 542 spolia

2117 544 2260 602 [ortis
2281 560 2477 613 rapere,
2503 547 2602 600 nisi
2621 548 2762 616 prius
2785 553 2966 619 fortem
3005 553 3208 624 alliget,
3235 565 3279 610 et
3306 568 3424 612 tunc
3449 577 3571 614 vasa
3589 565 3699 631 eius

2113 635 2280 704 rapiat
2307 635 2516 707 (Matth.
2554 639 2638 692 l2.
2670 639 2781 713 29).
2817 641 2910 697 His
2932 645 3047 711 ejus
3075 647 3378 704 violentiam
3413 651 3696 722 significat.

2110 724 2260 793 Quod
2299 742 2426 796 ergo
2470 729 2574 784 illic
2611 732 2884 800 rapinam,
2915 733 3001 789 hic
3044 738 3359 794 traetiouem
3389 743 3694 811 appellavit.

2111 816 2237 872 Haec
2263 833 2384 872 cum
2412 820 2672 886 sciamus,
2715 824 3038 892 excitemur,
3084 828 3444 897 gloriﬁcemus
3490 834 3692 898 Deum,

2111 924 2217 963 non
2251 926 2343 978 per
2368 911 2525 966 fidem
2555 923 2780 979 tantum,
2805 916 2896 971 sed
2923 919 3081 971 etiam
3111 935 3206 989 per
3234 922 3428 987 vitam;
3457 925 3691 995 alioquin

2109 1019 2216 1057 non
2247 1005 2412 1073 gloria
2438 1046 2454 1067 .
2485 1006 2577 1060 sed
2616 1009 2942 1077 blasphemia
2983 1011 3033 1065 in
3077 1011 3240 1066 Deum
3272 1027 3434 1070 esset.
3466 1016 3581 1070 Non
3622 1019 3690 1073 ita

2105 1093 2506 1162 blasphematur
2533 1097 2668 1152 Deus
2697 1099 2762 1152 ab
2791 1103 3120 1156 exsecrando
3147 1107 3358 1170 gentili,
3395 1117 3448 1160 nt
3477 1124 3506 1161 a
3538 1107 3693 1163 Chri-

2105 1187 2281 1240 sniauo
2309 1200 2579 1258 corrupto.
2611 1189 2812 1246 Idcirco
2832 1195 3030 1259 Omnia,
3056 1196 3299 1262 obsecro,
3327 1198 3601 1267 faciamus,
3634 1211 3692 1256 nt

2106 1277 2247 1331 Deus
2291 1279 2456 1348 gloria
2500 1281 2783 1336 afliciatur.
2815 1283 2945 1337 Nam
2977 1285 3069 1350 ait,
3116 1286 3206 1341 Vae
3243 1303 3399 1342 servo
3443 1291 3517 1344 illi
3543 1333 3557 1356 ,
3590 1305 3700 1361 per

2103 1386 2261 1440 quem
2297 1388 2490 1426 nomen
2540 1374 2630 1427 Dei
2672 1375 3068 1444 blasphematur
3101 1379 3118 1449 (
3131 1380 3344 1448 quando
3379 1393 3556 1437 autem
3591 1383 3684 1437 Vas

2103 1461 2319 1528 dicitur,
2344 1465 2516 1517 omnis
2545 1466 2810 1520 cruciatus
2831 1469 3071 1536 sequitur
3097 1480 3255 1539 atque
3284 1473 3625 1545 supplicium)
3660 1492 3674 1529 :

2102 1553 2288 1608 beatus
2314 1566 2490 1608 autem
2511 1556 2600 1610 ille
2628 1564 2730 1620 est,
2768 1573 2860 1624 per
2885 1575 3044 1628 quem
3073 1576 3265 1615 nomen
3311 1563 3428 1630 ejus
3455 1564 3686 1618 honora-

2103 1653 2207 1697 tur.
2236 1643 2312 1698 Ne
2334 1645 2509 1714 itaque
2530 1646 2694 1701 simus
2715 1647 2863 1715 quasi
2886 1648 2936 1701 in
2960 1648 3214 1714 tenebris,
3239 1651 3330 1704 sed
3358 1653 3533 1706 omnia
3563 1669 3684 1722 pec-

2099 1744 2214 1787 cata
2240 1735 2498 1802 fugiamus
2522 1777 2538 1800 ,
2569 1737 2798 1790 maxime
2824 1746 2998 1791 autem
3032 1739 3117 1791 illa
3158 1755 3277 1808 qua:
3323 1741 3373 1795 in
3415 1743 3678 1811 publicam

2099 1823 2386 1891 perniciem
2438 1833 2751 1879 transeunt:
2784 1827 2834 1880 in
2877 1827 2960 1881 his
3007 1827 3148 1882 enim
3198 1832 3492 1899 prtesertim
3538 1833 3679 1889 Dens

2099 1912 2516 1982 blasphematur.
2549 1916 2716 1983 Quam
2749 1918 2888 1971 enim
2917 1919 3124 1973 veniam
3179 1937 3600 1992 consequemur,
3632 1927 3676 1980 si

2095 2007 2213 2060 aliis
2234 2007 2362 2060 dare
2387 2007 2542 2076 jussi,
2573 2008 2744 2063 aliena
2772 2010 3080 2078 rapiamus?
3109 2029 3227 2079 qme
3256 2015 3408 2068 nobis
3433 2016 3534 2068 erit
3554 2031 3678 2087 spes

2096 2098 2282 2152 salutis
2308 2099 2331 2150 ‘l
2358 2097 2411 2154 Si
2438 2100 2760 2154 esurientem
2788 2115 2893 2154 non
2922 2102 3056 2168 alas,
3081 2105 3337 2172 punieris;
3360 2105 3404 2158 si
3435 2106 3674 2161 indutum

2095 2206 2258 2244 exuas
2284 2231 2298 2255 ,
2346 2204 2503 2259 quam
2535 2193 2879 2261 consequeris
2918 2195 3166 2247 veniam?
3209 2195 3332 2252 Harc
3374 2197 3678 2266 frequenter

2093 2282 2270 2337 dicere
2292 2297 2394 2336 non
2421 2283 2767 2339 cessabimus.
2801 2283 2961 2339 Forte
2987 2287 3076 2356 qui
3109 2287 3266 2341 hodie
3293 2304 3398 2342 non
3428 2291 3670 2357 audiunt,

2092 2387 2210 2427 cras
2257 2373 2519 2427 audient:
2573 2375 2658 2442 qui
2711 2390 2830 2429 cras
2880 2392 2984 2429 non
3038 2377 3314 2432 attendent
3345 2419 3361 2444 ,
3421 2381 3673 2448 postridie

2092 2465 2328 2519 audient.
2380 2465 2529 2531 Quod
2557 2466 2601 2518 si
2633 2467 2721 2534 qui
2776 2466 3099 2536 immorigcri
3145 2469 3291 2534 sint,
3335 2485 3432 2523 nos
3480 2473 3668 2524 saltem

2093 2556 2292 2609 innoxii
2313 2555 2568 2624 judicium
2593 2571 2695 2609 non
2719 2555 3034 2617 subibimus.
3074 2559 3160 2626 qui
3179 2574 3295 2628 quae
3314 2568 3490 2615 nostra
3520 2570 3674 2616 erant

2091 2647 2503 2715 impleverimus.
2524 2645 2734 2706 Utinam
2764 2662 2860 2702 nec
2889 2664 2982 2704 nos
3009 2649 3074 2704 de
3089 2651 3244 2705 dictis
3272 2651 3668 2720 erubescamus,

2089 2755 2188 2794 nee
2231 2753 2326 2793 vos
2371 2739 2573 2808 pudore
2618 2737 2920 2793 aiticiamini
2945 2779 2960 2803 ,
2993 2741 3084 2795 sed
3117 2757 3303 2798 omnes
3327 2759 3446 2799 cum
3479 2745 3669 2801 fiducia

2089 2841 2232 2887 stare
2259 2831 2520 2900 possimus
2547 2841 2670 2883 ante
2700 2829 2927 2884 tribunal
2958 2833 3175 2899 Christi,
3210 2845 3267 2889 ut
3289 2845 3343 2890 et
3367 2851 3466 2891 nos
3496 2838 3667 2905 possi-

2088 2941 2206 2980 mus
2259 2926 2310 2980 in
2355 2925 2506 2979 vobis
2554 2922 2790 2994 gloriari,
2823 2925 2995 2994 deque
3019 2926 3172 2980 nullis
3211 2927 3406 2982 nostris
3434 2928 3665 2998 aliquam

2086 3017 2504 3071 consolationem
2527 3018 2788 3089 accipere;
2804 3027 3035 3074 vestram
3057 3031 3248 3084 nempe
3277 3017 3663 3086 probationem,

2088 3108 2140 3162 in
2179 3106 2389 3163 Christo
2405 3108 2528 3163 Jesu
2558 3109 2782 3162 Domino
2810 3119 3014 3174 nostro,
3044 3106 3256 3174 quicum
3277 3107 3418 3161 Patri
3439 3108 3607 3178 gloria
3641 3149 3658 3175 ,

2087 3198 2349 3266 simulque
2374 3196 2590 3266 Spiritui
2617 3207 2800 3253 sancto
2829 3199 2882 3252 in
2911 3195 3127 3273 smcpla.
3157 3197 3349 3251 Amen.

1683 3504 2028 3568 HOMILIA
2070 3507 2348 3568 LXVIII.

398 3632 525 3690 Car.
560 3638 580 3692 l
595 3637 645 3691 Ξ.
675 3654 729 3692 ν.
765 3639 854 3693 54.
897 3637 1171 3709 Respondit
1197 3642 1239 3693 ei
1261 3640 1405 3694 turba
1427 3657 1446 3695 :
1473 3641 1586 3697 Nos
1610 3644 1892 3700 audivimus
1918 3663 1982 3701 ea:

470 3729 595 3799 lege,
616 3730 749 3796 quod
773 3730 1000 3784 Christus
1027 3739 1190 3784 manet
1213 3731 1266 3785 in
1285 3740 1521 3786 a‘ternum
1542 3750 1561 3787 :
1583 3745 1630 3787 et
1655 3737 1906 3803 quomodo
1928 3746 1981 3790 tu

467 3823 613 3888 dicis,
647 3822 854 3891 Oportet
877 3824 1089 3877 exaltari
1115 3823 1307 3878 Filium
1335 3825 1550 3881 hominis
1569 3828 1594 3880 ."
1626 3827 1750 3894 Quis
1773 3839 1844 3883 est
1888 3832 1981 3884 iste

469 3910 634 3966 Filius
662 3915 917 3968 hominis?

469 4003 522 4056 l.
563 4003 704 4059 Mors
749 4004 936 4060 Christi
985 4024 1085 4061 non
1131 4009 1293 4079 obfuit
1336 4011 1604 4080 quominus
1657 4024 1878 4068 maneret
1923 4015 1976 4069 in

397 4101 656 4145 a'ternum.
683 4125 755 4136 —
775 4097 939 4151 Error
963 4097 1293 4166 deprehensu
1326 4102 1492 4157 facilis
1519 4111 1574 4156 et
1598 4103 1840 4160 infirmus
1868 4114 1971 4172 est,

396 4181 604 4235 etiamsi
627 4186 864 4239 exterius
887 4187 1029 4241 mille
1050 4189 1365 4258 depingatur
1388 4193 1672 4247 coloribus.
1700 4195 1768 4249 Et
1789 4211 1975 4264 quem-

395 4269 676 4324 admodum
705 4273 739 4326 ii
765 4314 778 4335 ,
808 4275 896 4342 qui
941 4277 1106 4330 ruina:
1137 4281 1404 4346 proximos
1435 4283 1661 4350 parietes
1689 4286 1969 4354 oblinunt,

395 4373 500 4414 non
538 4362 658 4415 illos
686 4371 860 4418 tamen
893 4366 1052 4420 illitos
1096 4369 1310 4422 ﬁrmant
1339 4387 1353 4424 :
1385 4373 1461 4425 sic
1490 4372 1578 4441 qui
1607 4376 1932 4432 mentiuntur
1951 4419 1969 4445 ,

394 4447 551 4504 facile
580 4451 962 4508 confutantur:
1006 4455 1060 4509 id
1107 4457 1246 4526 quod
1293 4459 1379 4514 hic
1425 4461 1563 4529 passi
1614 4473 1740 4518 sunt
1775 4463 1964 4523 Judzei.

391 4536 524 4593 Nam
571 4541 787 4594 Christo
815 4545 942 4612 ipsis
982 4545 1223 4612 dicente,
1263 4549 1390 4604 Cum
1434 4551 1682 4608 exaltatus
1727 4560 1906 4626 fuero,
1937 4575 1969 4611 a

388 4637 523 4684 terra
551 4647 722 4686 euntes
763 4635 960 4688 traham
985 4637 1054 4690 ad
1093 4640 1367 4708 meipsum;
1409 4642 1520 4697 Nos
1552 4646 1854 4712 audiuimus,
1883 4650 1966 4704 in-

387 4725 610 4791 quiunt,
640 4741 671 4778 a
697 4725 804 4796 lege
826 4769 841 4791 ,
869 4730 988 4799 quia
1018 4731 1247 4787 Christus
1270 4745 1432 4788 manet
1451 4736 1506 4789 in
1530 4747 1796 4794 aeternum.
1829 4742 1967 4806 Quo-

388 4815 541 4868 modo
567 4825 620 4869 tu
645 4816 769 4870 dicis
788 4859 803 4883 ,
838 4818 1046 4889 Oportet
1078 4823 1295 4877 exaltari
1338 4824 1533 4880 Filium
1563 4829 1817 4886 hominis?
1839 4831 1965 4899 Quis

386 4913 460 4955 est
489 4904 582 4957 iste
611 4903 660 4958 F
661 4906 781 4961 ilius
810 4909 1028 4964 hominis
1051 4912 1077 4964 ?
1123 4912 1327 4969 Norant
1357 4916 1513 4984 igitur
1544 4919 1813 4975 Christum
1845 4937 1963 4978 esse

387 4989 784 5062 immortalem,
825 5011 879 5052 et
918 5002 1078 5054 vitam
1127 5001 1323 5058 habere
1367 5007 1482 5060 sine
1529 5012 1773 5066 termino.
1823 5012 1964 5082 Ergo

384 5082 511 5150 quid
554 5084 758 5140 diceret
789 5088 1173 5161 intelligebant.
1207 5094 1417 5150 Etenim
1449 5098 1500 5152 in
1527 5099 1816 5167 Scripturis
1846 5118 1965 5170 pas-

386 5171 487 5225 sim
511 5182 566 5227 et
607 5177 784 5243 passio
827 5187 881 5233 et
930 5184 1255 5238 resurrectio
1301 5198 1606 5243 occurrunt.
1638 5189 1768 5242 Nam
1802 5189 1962 5246 Isaias

387 5259 503 5316 btec
527 5263 683 5317 simul
711 5268 861 5332 ponit
884 5284 898 5320 :
926 5268 1203 5335 Tamquam
1231 5274 1336 5327 ovis
1365 5277 1432 5328 ad
1458 5277 1755 5330 occisionem
1783 5280 1963 5334 ductus

385 5361 458 5402 est
484 5349 638 5418 (lsai.
663 5355 757 5408 55.
788 5357 845 5422 7)
867 5399 881 5421 ,
910 5369 963 5412 et
989 5377 1106 5426 qum
1135 5373 1430 5431 sequuntur
1458 5367 1655 5419 omnia.
1689 5366 1756 5420 Et
1801 5367 1963 5424 David

386 5439 438 5492 in
471 5443 707 5498 secundo
737 5445 970 5513 Psalmo,
998 5459 1051 5503 et
1077 5450 1203 5504 alibi
1227 5466 1370 5520 saepe
1399 5453 1512 5508 hunc
1539 5455 1697 5508 ambo
1725 5457 1958 5524 copulat.

386 5529 689 5587 l‘atriarcha
713 5550 925 5606 quoque
945 5554 1066 5593 cum
1084 5538 1240 5601 dicit.
1263 5540 1506 5596 Decidens
1525 5543 1758 5597 dormivit
1783 5555 1839 5597 ut
1859 5547 1959 5613 leo,

384 5620 726 5692 addiditque,
761 5624 828 5678 Et
871 5636 927 5680 ut
966 5628 1166 5683 catulus
1207 5630 1386 5696 leonis,
1415 5633 1529 5700 quis
1565 5633 1823 5685 suscitabit
1849 5651 1961 5691 eum

385 5705 538 5775 (lien.
577 5713 664 5768 69.
697 5715 788 5785 9)?
816 5716 1080 5790 simulque
1111 5719 1410 5788 passionem
1437 5730 1489 5776 ct
1523 5723 1958 5782 resurrectionem

2074 3649 2355 3718 signiﬁcat.
2390 3648 2583 3704 Verum
2615 3649 2666 3703 hi
2695 3658 2972 3719 sperantes
3019 3665 3078 3706 se
3108 3650 3183 3705 illi
3214 3651 3486 3706 silentium
3533 3650 3637 3706 im-

2087 3741 2354 3809 posituros
2382 3755 2446 3796 ae
2491 3741 2954 3796 demoustraturos
3006 3741 3178 3811 ipsum
3227 3758 3331 3797 non
3362 3755 3480 3796 esse
3503 3741 3656 3796 Chri-

2082 3840 2243 3896 stum,
2272 3829 2394 3886 hinc
2413 3831 2680 3886 Christum
2708 3832 2759 3886 in
2786 3841 3042 3886 aeternum
3075 3847 3289 3887 manere
3313 3834 3654 3887 confitentur.
3717 3849 3720 3852 ’

2084 3921 2149 3974 Et
2175 3920 2294 3976 vide
2321 3937 2478 3991 quam
2509 3921 2755 3990 maligne.
2787 3920 2902 3975 Non
2929 3921 3177 3975 dixerunt
3205 3923 3346 3976 enim
3368 3962 3384 3988 ,
3410 3921 3518 3976 Nos
3556 3939 3654 3976 au-

2080 4011 2306 4065 divimus
2332 4011 2470 4080 quod
2498 4012 2741 4066 Christus
2762 4027 2866 4066 non
2891 4027 3165 4080 passurus,
3195 4027 3299 4064 non
3336 4010 3654 4080 cruciﬁgen-

2079 4101 2178 4156 dus
2203 4103 2301 4165 sit,
2349 4103 2442 4155 sed
2464 4143 2478 4164 ,
2513 4103 2662 4166 Quod
2704 4110 2868 4155 manet
2911 4102 2964 4154 in
2987 4111 3248 4154 internum.
3297 4103 3452 4171 Atqui
3481 4117 3654 4169 neque

2079 4192 2181 4247 hoc
2206 4192 2401 4247 dictum
2427 4194 2750 4247 contrarium
2780 4202 2914 4247 erat.
2955 4192 3139 4247 Passio
3169 4208 3397 4263 namque
3429 4194 3654 4247 immor-

2081 4283 2297 4337 talitatis
2345 4297 2448 4337 non
2499 4283 2596 4336 fuit
2644 4283 3096 4352 impedimentum.
3145 4283 3278 4337 llinc
3319 4283 3498 4338 videre
3527 4283 3652 4338 licet

2078 4376 2239 4429 multa
2271 4390 2364 4430 eos
2389 4375 2607 4429 scivisse
2635 4391 2751 4444 qua:
2795 4378 2844 4429 in
2886 4375 3103 4429 dubium
3137 4375 3314 4428 vocari
3366 4384 3646 4443 poterant,

2075 4475 2234 4536 atque
2261 4479 2452 4536 sponte
2479 4482 2572 4520 sua
2603 4467 2917 4535 malignatos
2942 4481 3080 4522 esse.
3104 4467 3236 4534 Quia
3261 4467 3402 4521 enim
3433 4477 3555 4520 ante
3580 4465 3648 4522 dc

2073 4568 2246 4613 morte
2271 4558 2595 4612 disseruerat
2617 4598 2632 4621 ,
2663 4572 2782 4612 cum
2829 4557 2917 4612 hic
2958 4558 3202 4612 audirent
3229 4557 3377 4610 illum
3403 4557 3646 4611 exaltan-

2071 4648 2196 4702 dum
2223 4662 2374 4710 esse,
2421 4651 2520 4700 hoc
2558 4647 2807 4716 suspicati
2850 4658 2994 4702 sunt.
3045 4647 3245 4702 Deinde
3271 4647 3486 4712 dicunt,
3521 4647 3647 4711 Quis

2069 4749 2142 4793 est
2170 4740 2264 4792 iste
2289 4737 2457 4792 Filius
2500 4739 2764 4793 hominis?
2809 4739 2876 4794 Et
2922 4741 3021 4794 hoc
3071 4739 3317 4808 maligne.
3349 4737 3426 4792 Ne
3457 4749 3642 4808 putes,

2069 4828 2317 4898 inquiunt
2339 4868 2354 4890 ,
2388 4843 2484 4882 nos
2509 4828 2576 4883 de
2606 4838 2656 4884 te
2688 4832 2786 4884 hoc
2825 4829 3002 4885 dicere
3024 4870 3040 4893 ,
3073 4845 3174 4884 neu
3204 4829 3372 4893 dicas,
3417 4844 3515 4883 nos
3545 4830 3645 4883 iui-

2069 4920 2285 4974 micitize
2333 4935 2492 4976 causa
2524 4921 2615 4975 tibi
2662 4921 3048 4976 contradicere.
3101 4922 3238 4976 Ecce
3282 4920 3549 4976 nescimus
3575 4921 3643 4976 de

2067 5029 2174 5082 quo
2202 5013 2436 5082 loquaris
2457 5055 2472 5079 ,
2517 5023 2571 5069 et
2597 5023 2774 5068 tamen
2818 5013 2934 5068 huic
2980 5011 3316 5082 proferimus.
3347 5013 3484 5080 Quid
3515 5027 3644 5080 ergo

2068 5101 2354 5156 Christus?
2394 5102 2541 5171 Ipsos
2566 5103 2801 5158 confutat
2822 5145 2837 5168 ,
2870 5100 3207 5171 ostenditque
3233 5103 3532 5170 passionem
3563 5101 3643 5153 ni-

2067 5191 2142 5245 hil
2162 5193 2353 5247 obesse
2374 5194 2655 5261 quominus
2672 5194 2784 5261 ipse
2805 5201 3018 5247 maneat
3037 5193 3088 5245 in
3117 5204 3398 5245 teternum.
3420 5191 3511 5245 55.
3537 5189 3642 5243 Ad-

2068 5283 2187 5348 huc,
2209 5282 2399 5352 inquit,
2419 5282 2667 5335 modicum
2685 5292 2876 5352 tempus
2899 5282 3065 5335 lumen
3081 5284 3135 5334 in
3160 5281 3294 5334 vobis
3314 5289 3421 5344 est;
3443 5279 3641 5350 siguilio

2065 5386 2193 5425 cans
2235 5381 2460 5425 mortem
2523 5386 2670 5426 suam
2718 5387 2834 5426 esse
2881 5373 3305 5426 translationem.
3357 5371 3488 5426 Nam
3549 5371 3638 5424 lux

2067 5462 2195 5514 solis
2224 5475 2327 5514 non
2357 5461 2712 5529 exstinguitur
2731 5503 2743 5520 .
2768 5461 2860 5514 sed
2887 5477 3055 5531 parvo
3081 5471 3319 5531 tempore
3357 5461 3636 5522 secedens.

2066 5566 2274 5605 rursum
2305 5559 2544 5619 apparet.
2592 5550 2856 5603 Ambulare
2897 5552 3017 5604 dum
3046 5553 3206 5605 lucem
3239 5551 3448 5605 habetis.
3479 5542 3630 5615 Quod

2068 5641 2152 5694 hic
2181 5650 2386 5708 tempus
2430 5639 2663 5695 indicat?
2703 5657 2769 5695 an
2813 5651 2977 5696 totam
3011 5643 3144 5696 hanc
3170 5642 3371 5696 vitam?
3398 5656 3463 5694 an
3493 5650 3629 5694 tctu-

2066 5747 2161 5801 pus
2187 5741 2309 5785 autc
2335 5733 2583 5787 crucem?
2607 5732 2896 5805 Utrumque
2918 5734 3164 5790 arbitror.
3188 5735 3269 5791 0b
3305 5731 3623 5792 incfhbilem
