  <div class='ocr_page' id='page_1' title='image "/cluster/home/n/w/nwhite01/storage/ocr_20150623/59/hvd.32044052786589/377.png"; bbox 0 0 4094 6204; ppageno 0'>
   <div class='ocr_carea' id='block_1_1' title="bbox 498 291 3007 355">
    <p class='ocr_par' dir='ltr' id='par_1_1' title="bbox 498 291 3007 355">
     <span class='ocr_line' id='line_1_1' title="bbox 498 291 3007 355; baseline 0.002 -4"><span class='ocrx_word' id='word_1_1' title='bbox 498 299 563 353; x_wconf 77' lang='lat'><strong>75</strong></span> <span class='ocrx_word' id='word_1_2' title='bbox 1207 293 1263 350; x_wconf 82' lang='lat' dir='ltr'><strong>S.</strong></span> <span class='ocrx_word' id='word_1_3' title='bbox 1293 293 1572 350; x_wconf 69' lang='lat' dir='ltr'><strong>JOANNiS</strong></span> <span class='ocrx_word' id='word_1_4' title='bbox 1609 291 2081 350; x_wconf 70' lang='lat' dir='ltr'><strong>CIIRYSOSTOMI</strong></span> <span class='ocrx_word' id='word_1_5' title='bbox 2120 293 2435 350; x_wconf 74' lang='lat' dir='ltr'><strong>ARCHIEP.</strong></span> <span class='ocrx_word' id='word_1_6' title='bbox 2475 295 3007 355; x_wconf 80' lang='lat' dir='ltr'><strong>CONSTANTINOP.</strong></span> 
     </span>
    </p>
   </div>
   <div class='ocr_carea' id='block_1_2' title="bbox 460 410 2040 484">
    <p class='ocr_par' dir='ltr' id='par_1_2' title="bbox 460 410 2040 484">
     <span class='ocr_line' id='line_1_2' title="bbox 460 410 2040 484; baseline -0.003 -15"><span class='ocrx_word' id='word_1_7' title='bbox 460 417 603 470; x_wconf 81' lang='lat' dir='ltr'><strong>enim</strong></span> <span class='ocrx_word' id='word_1_8' title='bbox 649 415 764 484; x_wconf 81' lang='lat' dir='ltr'><strong>ejus</strong></span> <span class='ocrx_word' id='word_1_9' title='bbox 811 411 1228 484; x_wconf 86' lang='lat' dir='ltr'><strong>benignitatem,</strong></span> <span class='ocrx_word' id='word_1_10' title='bbox 1283 411 1432 465; x_wconf 92' lang='lat' dir='ltr'><strong>multi</strong></span> <span class='ocrx_word' id='word_1_11' title='bbox 1460 410 1622 466; x_wconf 88' lang='lat' dir='ltr'><strong>etiam</strong></span> <span class='ocrx_word' id='word_1_12' title='bbox 1666 421 1786 480; x_wconf 91' lang='lat' dir='ltr'><strong>post</strong></span> <span class='ocrx_word' id='word_1_13' title='bbox 1826 425 2040 464; x_wconf 88' lang='lat' dir='ltr'><strong>crucem</strong></span> 
     </span>
    </p>
   </div>
   <div class='ocr_carea' id='block_1_3' title="bbox 461 500 2040 574">
    <p class='ocr_par' dir='ltr' id='par_1_3' title="bbox 461 500 2040 574">
     <span class='ocr_line' id='line_1_3' title="bbox 461 500 2040 574; baseline -0.003 -14"><span class='ocrx_word' id='word_1_14' title='bbox 461 509 831 562; x_wconf 77' lang='lat' dir='ltr'><strong>crediderunt.</strong></span> <span class='ocrx_word' id='word_1_15' title='bbox 862 505 986 560; x_wconf 79' lang='lat' dir='ltr'><strong>llaec</strong></span> <span class='ocrx_word' id='word_1_16' title='bbox 1016 518 1176 574; x_wconf 92' lang='lat' dir='ltr'><strong>porro</strong></span> <span class='ocrx_word' id='word_1_17' title='bbox 1205 503 1333 557; x_wconf 93' lang='lat' dir='ltr'><strong>dicit</strong></span> <span class='ocrx_word' id='word_1_18' title='bbox 1375 513 1431 556; x_wconf 94' lang='lat' dir='ltr'><strong>ut</strong></span> <span class='ocrx_word' id='word_1_19' title='bbox 1466 503 1586 557; x_wconf 90' lang='lat' dir='ltr'><strong>illos</strong></span> <span class='ocrx_word' id='word_1_20' title='bbox 1609 500 1676 556; x_wconf 89' lang='lat' dir='ltr'><strong>ad</strong></span> <span class='ocrx_word' id='word_1_21' title='bbox 1716 501 2040 557; x_wconf 87' lang='lat' dir='ltr'><strong>credendum</strong></span> 
     </span>
    </p>
   </div>
   <div class='ocr_carea' id='block_1_4' title="bbox 460 593 2043 663">
    <p class='ocr_par' dir='ltr' id='par_1_4' title="bbox 460 593 2043 663">
     <span class='ocr_line' id='line_1_4' title="bbox 460 593 2043 663; baseline -0.001 -15"><span class='ocrx_word' id='word_1_22' title='bbox 460 600 716 660; x_wconf 78' lang='lat' dir='ltr'><strong>concitet,</strong></span> <span class='ocrx_word' id='word_1_23' title='bbox 743 596 979 649; x_wconf 89' lang='lat' dir='ltr'><strong>utetiam</strong></span> <span class='ocrx_word' id='word_1_24' title='bbox 996 595 1239 663; x_wconf 79' lang='lat' dir='ltr'><strong>superius</strong></span> <span class='ocrx_word' id='word_1_25' title='bbox 1265 593 1390 649; x_wconf 92' lang='lat' dir='ltr'><strong>fecit</strong></span> <span class='ocrx_word' id='word_1_26' title='bbox 1415 595 1486 648; x_wconf 87' lang='lat' dir='ltr'><strong>ita</strong></span> <span class='ocrx_word' id='word_1_27' title='bbox 1507 593 1710 654; x_wconf 87' lang='lat' dir='ltr'><strong>dicens,</strong></span> <span class='ocrx_word' id='word_1_28' title='bbox 1733 593 1912 646; x_wconf 76' lang='lat' dir='ltr'><strong>Adhuc</strong></span> <span class='ocrx_word' id='word_1_29' title='bbox 1934 609 2043 646; x_wconf 85' lang='lat' dir='ltr'><strong>mo-</strong></span> 
     </span>
    </p>
   </div>
   <div class='ocr_carea' id='block_1_5' title="bbox 463 683 2040 755">
    <p class='ocr_par' dir='ltr' id='par_1_5' title="bbox 463 683 2040 755">
     <span class='ocr_line' id='line_1_5' title="bbox 463 683 2040 755; baseline -0.002 -14"><span class='ocrx_word' id='word_1_30' title='bbox 463 689 635 741; x_wconf 79' lang='lat' dir='ltr'><strong>dicum</strong></span> <span class='ocrx_word' id='word_1_31' title='bbox 668 696 863 755; x_wconf 88' lang='lat' dir='ltr'><strong>tempus</strong></span> <span class='ocrx_word' id='word_1_32' title='bbox 883 685 1136 740; x_wconf 80' lang='lat' dir='ltr'><strong>vobiscum</strong></span> <span class='ocrx_word' id='word_1_33' title='bbox 1169 701 1303 739; x_wconf 85' lang='lat' dir='ltr'><strong>sum.</strong></span> <span class='ocrx_word' id='word_1_34' title='bbox 1339 684 1438 751; x_wconf 83' lang='lat' dir='ltr'><strong>Qui</strong></span> <span class='ocrx_word' id='word_1_35' title='bbox 1466 683 1689 738; x_wconf 86' lang='lat' dir='ltr'><strong>ambulat</strong></span> <span class='ocrx_word' id='word_1_36' title='bbox 1715 685 1768 737; x_wconf 90' lang='lat' dir='ltr'><strong>in</strong></span> <span class='ocrx_word' id='word_1_37' title='bbox 1800 684 2040 747; x_wconf 85' lang='lat' dir='ltr'><strong>tenebris,</strong></span> 
     </span>
    </p>
   </div>
   <div class='ocr_carea' id='block_1_6' title="bbox 463 776 2045 848">
    <p class='ocr_par' dir='ltr' id='par_1_6' title="bbox 463 776 2045 848">
     <span class='ocr_line' id='line_1_6' title="bbox 463 776 2045 848; baseline 0 -18"><span class='ocrx_word' id='word_1_38' title='bbox 463 780 616 832; x_wconf 77' lang='lat' dir='ltr'><strong>nescit</strong></span> <span class='ocrx_word' id='word_1_39' title='bbox 634 794 731 847; x_wconf 84' lang='lat' dir='ltr'><strong>quo</strong></span> <span class='ocrx_word' id='word_1_40' title='bbox 755 780 904 833; x_wconf 77' lang='lat' dir='ltr'><strong>cadat</strong></span> <span class='ocrx_word' id='word_1_41' title='bbox 928 777 1105 848; x_wconf 83' lang='lat' dir='ltr'><strong>(Joan.</strong></span> <span class='ocrx_word' id='word_1_42' title='bbox 1123 779 1176 832; x_wconf 87' lang='lat'><strong>7.</strong></span> <span class='ocrx_word' id='word_1_43' title='bbox 1201 777 1312 845; x_wconf 80' lang='lat'><strong>35).</strong></span> <span class='ocrx_word' id='word_1_44' title='bbox 1334 777 1537 845; x_wconf 85' lang='lat' dir='ltr'><strong>Quanta</strong></span> <span class='ocrx_word' id='word_1_45' title='bbox 1563 792 1700 831; x_wconf 91' lang='lat' dir='ltr'><strong>nunc</strong></span> <span class='ocrx_word' id='word_1_46' title='bbox 1717 776 1883 830; x_wconf 65' lang='lat' dir='ltr'><strong>Juda&#39;i</strong></span> <span class='ocrx_word' id='word_1_47' title='bbox 1905 778 2045 844; x_wconf 76' lang='lat' dir='ltr'><strong>igno-</strong></span> 
     </span>
    </p>
   </div>
   <div class='ocr_carea' id='block_1_7' title="bbox 464 868 2042 932">
    <p class='ocr_par' dir='ltr' id='par_1_7' title="bbox 464 868 2042 932">
     <span class='ocr_line' id='line_1_7' title="bbox 464 868 2042 932; baseline -0.002 -9"><span class='ocrx_word' id='word_1_48' title='bbox 464 879 645 924; x_wconf 89' lang='lat' dir='ltr'><strong>rantes</strong></span> <span class='ocrx_word' id='word_1_49' title='bbox 678 869 909 932; x_wconf 53' lang='lat' dir='ltr'><strong>faciunt,</strong></span> <span class='ocrx_word' id='word_1_50' title='bbox 936 885 1000 924; x_wconf 92' lang='lat' dir='ltr'><strong>ac</strong></span> <span class='ocrx_word' id='word_1_51' title='bbox 1027 871 1070 923; x_wconf 85' lang='lat' dir='ltr'><strong>si</strong></span> <span class='ocrx_word' id='word_1_52' title='bbox 1101 870 1153 923; x_wconf 91' lang='lat' dir='ltr'><strong>in</strong></span> <span class='ocrx_word' id='word_1_53' title='bbox 1185 869 1418 924; x_wconf 84' lang='lat' dir='ltr'><strong>tenebris</strong></span> <span class='ocrx_word' id='word_1_54' title='bbox 1443 868 1812 923; x_wconf 84' lang='lat' dir='ltr'><strong>ambularent!</strong></span> <span class='ocrx_word' id='word_1_55' title='bbox 1843 868 2042 922; x_wconf 81' lang='lat' dir='ltr'><strong>Viden-</strong></span> 
     </span>
    </p>
   </div>
   <div class='ocr_carea' id='block_1_8' title="bbox 466 956 2040 1026">
    <p class='ocr_par' dir='ltr' id='par_1_8' title="bbox 466 956 2040 1026">
     <span class='ocr_line' id='line_1_8' title="bbox 466 956 2040 1026; baseline -0.001 -14"><span class='ocrx_word' id='word_1_56' title='bbox 466 967 550 1012; x_wconf 90' lang='lat' dir='ltr'><strong>tur</strong></span> <span class='ocrx_word' id='word_1_57' title='bbox 573 957 676 1011; x_wconf 84' lang='lat' dir='ltr'><strong>sibi</strong></span> <span class='ocrx_word' id='word_1_58' title='bbox 703 967 846 1012; x_wconf 86' lang='lat' dir='ltr'><strong>recta</strong></span> <span class='ocrx_word' id='word_1_59' title='bbox 869 957 1113 1012; x_wconf 87' lang='lat' dir='ltr'><strong>incedere</strong></span> <span class='ocrx_word' id='word_1_60' title='bbox 1134 959 1216 1012; x_wconf 93' lang='lat' dir='ltr'><strong>via</strong></span> <span class='ocrx_word' id='word_1_61' title='bbox 1235 1000 1249 1021; x_wconf 95' lang='lat'><strong>,</strong></span> <span class='ocrx_word' id='word_1_62' title='bbox 1272 958 1396 1012; x_wconf 92' lang='lat' dir='ltr'><strong>dum</strong></span> <span class='ocrx_word' id='word_1_63' title='bbox 1426 959 1690 1012; x_wconf 89' lang='lat' dir='ltr'><strong>contraria</strong></span> <span class='ocrx_word' id='word_1_64' title='bbox 1725 956 2040 1026; x_wconf 88' lang='lat' dir='ltr'><strong>procedunt,</strong></span> 
     </span>
    </p>
   </div>
   <div class='ocr_carea' id='block_1_9' title="bbox 464 1048 2040 1119">
    <p class='ocr_par' dir='ltr' id='par_1_9' title="bbox 464 1048 2040 1119">
     <span class='ocr_line' id='line_1_9' title="bbox 464 1048 2040 1119; baseline -0.001 -18"><span class='ocrx_word' id='word_1_65' title='bbox 464 1048 740 1103; x_wconf 77' lang='lat' dir='ltr'><strong>sabbatum</strong></span> <span class='ocrx_word' id='word_1_66' title='bbox 768 1060 1065 1113; x_wconf 84' lang='lat' dir='ltr'><strong>servantes,</strong></span> <span class='ocrx_word' id='word_1_67' title='bbox 1086 1059 1137 1103; x_wconf 87' lang='lat' dir='ltr'><strong>et</strong></span> <span class='ocrx_word' id='word_1_68' title='bbox 1157 1051 1322 1118; x_wconf 79' lang='lat' dir='ltr'><strong>legem</strong></span> <span class='ocrx_word' id='word_1_69' title='bbox 1340 1050 1684 1119; x_wconf 86' lang='lat' dir='ltr'><strong>ciborumque</strong></span> <span class='ocrx_word' id='word_1_70' title='bbox 1705 1049 2040 1103; x_wconf 87' lang='lat' dir='ltr'><strong>observatio-</strong></span> 
     </span>
    </p>
   </div>
   <div class='ocr_carea' id='block_1_10' title="bbox 467 1139 2042 1202">
    <p class='ocr_par' dir='ltr' id='par_1_10' title="bbox 467 1139 2042 1202">
     <span class='ocr_line' id='line_1_10' title="bbox 467 1139 2042 1202; baseline -0.001 -11"><span class='ocrx_word' id='word_1_71' title='bbox 467 1153 583 1202; x_wconf 88' lang='lat' dir='ltr'><strong>nes;</strong></span> <span class='ocrx_word' id='word_1_72' title='bbox 602 1149 655 1191; x_wconf 87' lang='lat' dir='ltr'><strong>et</strong></span> <span class='ocrx_word' id='word_1_73' title='bbox 674 1139 913 1193; x_wconf 87' lang='lat' dir='ltr'><strong>nesciunt</strong></span> <span class='ocrx_word' id='word_1_74' title='bbox 933 1140 1016 1192; x_wconf 92' lang='lat' dir='ltr'><strong>uhi</strong></span> <span class='ocrx_word' id='word_1_75' title='bbox 1035 1140 1326 1194; x_wconf 89' lang='lat' dir='ltr'><strong>amlmlent.</strong></span> <span class='ocrx_word' id='word_1_76' title='bbox 1348 1139 1468 1193; x_wconf 82' lang='lat' dir='ltr'><strong>ideo</strong></span> <span class='ocrx_word' id='word_1_77' title='bbox 1491 1139 1729 1193; x_wconf 88' lang='lat' dir='ltr'><strong>dicebat:</strong></span> <span class='ocrx_word' id='word_1_78' title='bbox 1755 1141 1840 1194; x_wconf 84' lang='lat'><strong>56.</strong></span> <span class='ocrx_word' id='word_1_79' title='bbox 1859 1139 2042 1192; x_wconf 62' lang='lat' dir='ltr'><strong>Ambuo</strong></span> 
     </span>
    </p>
   </div>
   <div class='ocr_carea' id='block_1_11' title="bbox 466 1229 2041 1296">
    <p class='ocr_par' dir='ltr' id='par_1_11' title="bbox 466 1229 2041 1296">
     <span class='ocr_line' id='line_1_11' title="bbox 466 1229 2041 1296; baseline 0.002 -15"><span class='ocrx_word' id='word_1_80' title='bbox 466 1229 568 1282; x_wconf 88' lang='lat' dir='ltr'><strong>late</strong></span> <span class='ocrx_word' id='word_1_81' title='bbox 582 1229 632 1282; x_wconf 89' lang='lat' dir='ltr'><strong>in</strong></span> <span class='ocrx_word' id='word_1_82' title='bbox 663 1231 805 1296; x_wconf 88' lang='lat' dir='ltr'><strong>luce,</strong></span> <span class='ocrx_word' id='word_1_83' title='bbox 826 1238 879 1282; x_wconf 91' lang='lat' dir='ltr'><strong>ut</strong></span> <span class='ocrx_word' id='word_1_84' title='bbox 918 1229 1012 1296; x_wconf 81' lang='lat' dir='ltr'><strong>filii</strong></span> <span class='ocrx_word' id='word_1_85' title='bbox 1041 1230 1168 1284; x_wconf 86' lang='lat' dir='ltr'><strong>lucis</strong></span> <span class='ocrx_word' id='word_1_86' title='bbox 1201 1233 1341 1294; x_wconf 87' lang='lat' dir='ltr'><strong>sitis;</strong></span> <span class='ocrx_word' id='word_1_87' title='bbox 1376 1230 1424 1284; x_wconf 83' lang='lat' dir='ltr'><strong>id</strong></span> <span class='ocrx_word' id='word_1_88' title='bbox 1455 1240 1556 1295; x_wconf 93' lang='lat' dir='ltr'><strong>est,</strong></span> <span class='ocrx_word' id='word_1_89' title='bbox 1593 1230 1684 1284; x_wconf 83' lang='lat' dir='ltr'><strong>lilii</strong></span> <span class='ocrx_word' id='word_1_90' title='bbox 1718 1231 1842 1284; x_wconf 91' lang='lat' dir='ltr'><strong>mei.</strong></span> <span class='ocrx_word' id='word_1_91' title='bbox 1888 1231 2041 1296; x_wconf 83' lang='lat' dir='ltr'><strong>Atqui</strong></span> 
     </span>
    </p>
   </div>
   <div class='ocr_carea' id='block_1_12' title="bbox 467 1320 2041 1390">
    <p class='ocr_par' dir='ltr' id='par_1_12' title="bbox 467 1320 2041 1390">
     <span class='ocr_line' id='line_1_12' title="bbox 467 1320 2041 1390; baseline 0 -16"><span class='ocrx_word' id='word_1_92' title='bbox 467 1322 519 1374; x_wconf 89' lang='lat' dir='ltr'><strong>in</strong></span> <span class='ocrx_word' id='word_1_93' title='bbox 548 1321 804 1390; x_wconf 89' lang='lat' dir='ltr'><strong>principio</strong></span> <span class='ocrx_word' id='word_1_94' title='bbox 844 1323 1013 1390; x_wconf 85' lang='lat' dir='ltr'><strong>inquit</strong></span> <span class='ocrx_word' id='word_1_95' title='bbox 1056 1323 1378 1390; x_wconf 77' lang='lat' dir='ltr'><strong>evangelista</strong></span> <span class='ocrx_word' id='word_1_96' title='bbox 1411 1339 1423 1373; x_wconf 90' lang='lat'><strong>:</strong></span> <span class='ocrx_word' id='word_1_97' title='bbox 1460 1320 1578 1375; x_wconf 83' lang='lat' dir='ltr'><strong>Non</strong></span> <span class='ocrx_word' id='word_1_98' title='bbox 1607 1338 1670 1375; x_wconf 72' lang='lat' dir='ltr'><strong>ex</strong></span> <span class='ocrx_word' id='word_1_99' title='bbox 1693 1322 2041 1390; x_wconf 79' lang='lat' dir='ltr'><strong>sanguinibus,</strong></span> 
     </span>
    </p>
   </div>
   <div class='ocr_carea' id='block_1_13' title="bbox 464 1411 2041 1482">
    <p class='ocr_par' dir='ltr' id='par_1_13' title="bbox 464 1411 2041 1482">
     <span class='ocr_line' id='line_1_13' title="bbox 464 1411 2041 1482; baseline 0.001 -18"><span class='ocrx_word' id='word_1_100' title='bbox 464 1429 623 1482; x_wconf 86' lang='lat' dir='ltr'><strong>neque</strong></span> <span class='ocrx_word' id='word_1_101' title='bbox 646 1429 708 1466; x_wconf 75' lang='lat' dir='ltr'><strong>ea:</strong></span> <span class='ocrx_word' id='word_1_102' title='bbox 729 1415 981 1465; x_wconf 76' lang='lat' dir='ltr'><strong>voluntate</strong></span> <span class='ocrx_word' id='word_1_103' title='bbox 1005 1414 1190 1476; x_wconf 92' lang='lat' dir='ltr'><strong>carnis,</strong></span> <span class='ocrx_word' id='word_1_104' title='bbox 1207 1413 1293 1466; x_wconf 88' lang='lat' dir='ltr'><strong>sed</strong></span> <span class='ocrx_word' id='word_1_105' title='bbox 1323 1429 1384 1466; x_wconf 78' lang='lat' dir='ltr'><strong>ex</strong></span> <span class='ocrx_word' id='word_1_106' title='bbox 1401 1412 1506 1466; x_wconf 87' lang='lat' dir='ltr'><strong>Deo</strong></span> <span class='ocrx_word' id='word_1_107' title='bbox 1537 1413 1639 1466; x_wconf 82' lang='lat' dir='ltr'><strong>nati</strong></span> <span class='ocrx_word' id='word_1_108' title='bbox 1660 1422 1774 1465; x_wconf 90' lang='lat' dir='ltr'><strong>sunt</strong></span> <span class='ocrx_word' id='word_1_109' title='bbox 1796 1411 1973 1481; x_wconf 84' lang='lat' dir='ltr'><strong>(Joan.</strong></span> <span class='ocrx_word' id='word_1_110' title='bbox 1992 1413 2041 1466; x_wconf 80' lang='grc'><strong>1.</strong></span> 
     </span>
    </p>
   </div>
   <div class='ocr_carea' id='block_1_14' title="bbox 465 1503 2042 1574">
    <p class='ocr_par' dir='ltr' id='par_1_14' title="bbox 465 1503 2042 1574">
     <span class='ocr_line' id='line_1_14' title="bbox 465 1503 2042 1574; baseline 0.001 -18"><span class='ocrx_word' id='word_1_111' title='bbox 465 1505 594 1570; x_wconf 79' lang='grc'><strong>15);</strong></span> <span class='ocrx_word' id='word_1_112' title='bbox 620 1504 669 1557; x_wconf 90' lang='lat' dir='ltr'><strong>id</strong></span> <span class='ocrx_word' id='word_1_113' title='bbox 707 1517 807 1566; x_wconf 87' lang='lat' dir='ltr'><strong>est,</strong></span> <span class='ocrx_word' id='word_1_114' title='bbox 829 1521 892 1558; x_wconf 85' lang='lat' dir='ltr'><strong>ex</strong></span> <span class='ocrx_word' id='word_1_115' title='bbox 911 1505 1068 1559; x_wconf 83' lang='lat' dir='ltr'><strong>Patre</strong></span> <span class='ocrx_word' id='word_1_116' title='bbox 1088 1521 1102 1556; x_wconf 92' lang='lat'><strong>:</strong></span> <span class='ocrx_word' id='word_1_117' title='bbox 1122 1505 1207 1559; x_wconf 89' lang='lat' dir='ltr'><strong>hic</strong></span> <span class='ocrx_word' id='word_1_118' title='bbox 1224 1520 1349 1559; x_wconf 89' lang='lat' dir='ltr'><strong>vero</strong></span> <span class='ocrx_word' id='word_1_119' title='bbox 1370 1509 1482 1573; x_wconf 87' lang='lat' dir='ltr'><strong>ipse</strong></span> <span class='ocrx_word' id='word_1_120' title='bbox 1503 1505 1618 1558; x_wconf 92' lang='lat' dir='ltr'><strong>illos</strong></span> <span class='ocrx_word' id='word_1_121' title='bbox 1659 1506 1875 1574; x_wconf 76' lang='lat' dir='ltr'><strong>gignere</strong></span> <span class='ocrx_word' id='word_1_122' title='bbox 1909 1503 2042 1557; x_wconf 87' lang='lat' dir='ltr'><strong>dici-</strong></span> 
     </span>
    </p>
   </div>
   <div class='ocr_carea' id='block_1_15' title="bbox 467 1594 2044 1662">
    <p class='ocr_par' dir='ltr' id='par_1_15' title="bbox 467 1594 2044 1662">
     <span class='ocr_line' id='line_1_15' title="bbox 467 1594 2044 1662; baseline 0.001 -15"><span class='ocrx_word' id='word_1_123' title='bbox 467 1604 571 1660; x_wconf 87' lang='lat' dir='ltr'><strong>tur,</strong></span> <span class='ocrx_word' id='word_1_124' title='bbox 590 1603 642 1648; x_wconf 89' lang='lat' dir='ltr'><strong>ut</strong></span> <span class='ocrx_word' id='word_1_125' title='bbox 662 1598 798 1648; x_wconf 85' lang='lat' dir='ltr'><strong>scias</strong></span> <span class='ocrx_word' id='word_1_126' title='bbox 816 1611 970 1649; x_wconf 91' lang='lat' dir='ltr'><strong>unam</strong></span> <span class='ocrx_word' id='word_1_127' title='bbox 989 1610 1107 1650; x_wconf 89' lang='lat' dir='ltr'><strong>esse</strong></span> <span class='ocrx_word' id='word_1_128' title='bbox 1127 1597 1488 1662; x_wconf 84' lang='lat' dir='ltr'><strong>operationem</strong></span> <span class='ocrx_word' id='word_1_129' title='bbox 1506 1596 1676 1649; x_wconf 87' lang='lat' dir='ltr'><strong>Patris</strong></span> <span class='ocrx_word' id='word_1_130' title='bbox 1695 1605 1746 1649; x_wconf 91' lang='lat' dir='ltr'><strong>et</strong></span> <span class='ocrx_word' id='word_1_131' title='bbox 1766 1595 1900 1648; x_wconf 73' lang='lat' dir='ltr'><strong>Filii.</strong></span> <span class='ocrx_word' id='word_1_132' title='bbox 1919 1594 2044 1649; x_wconf 77' lang='grc' dir='ltr'><strong>Ηωε</strong></span> 
     </span>
    </p>
   </div>
   <div class='ocr_carea' id='block_1_16' title="bbox 467 1683 2048 1752">
    <p class='ocr_par' dir='ltr' id='par_1_16' title="bbox 467 1683 2048 1752">
     <span class='ocr_line' id='line_1_16' title="bbox 467 1683 2048 1752; baseline 0.001 -15"><span class='ocrx_word' id='word_1_133' title='bbox 467 1685 702 1752; x_wconf 90' lang='lat' dir='ltr'><strong>loquutus</strong></span> <span class='ocrx_word' id='word_1_134' title='bbox 726 1683 896 1747; x_wconf 79' lang='lat' dir='ltr'><strong>Iesus,</strong></span> <span class='ocrx_word' id='word_1_135' title='bbox 919 1687 1062 1746; x_wconf 87' lang='lat' dir='ltr'><strong>abiit,</strong></span> <span class='ocrx_word' id='word_1_136' title='bbox 1084 1695 1131 1738; x_wconf 89' lang='lat' dir='ltr'><strong>et</strong></span> <span class='ocrx_word' id='word_1_137' title='bbox 1150 1687 1409 1739; x_wconf 75' lang='lat' dir='ltr'><strong>abscondit</strong></span> <span class='ocrx_word' id='word_1_138' title='bbox 1431 1702 1486 1739; x_wconf 85' lang='lat' dir='ltr'><strong>se</strong></span> <span class='ocrx_word' id='word_1_139' title='bbox 1509 1685 1570 1738; x_wconf 91' lang='lat' dir='ltr'><strong>ab</strong></span> <span class='ocrx_word' id='word_1_140' title='bbox 1594 1687 1682 1739; x_wconf 91' lang='lat' dir='ltr'><strong>eis.</strong></span> <span class='ocrx_word' id='word_1_141' title='bbox 1701 1686 1809 1739; x_wconf 87' lang='lat' dir='ltr'><strong>Cur</strong></span> <span class='ocrx_word' id='word_1_142' title='bbox 1828 1686 2048 1738; x_wconf 82' lang='lat' dir='ltr'><strong>abscon-</strong></span> 
     </span>
    </p>
   </div>
   <div class='ocr_carea' id='block_1_17' title="bbox 465 1773 2041 1843">
    <p class='ocr_par' dir='ltr' id='par_1_17' title="bbox 465 1773 2041 1843">
     <span class='ocr_line' id='line_1_17' title="bbox 465 1773 2041 1843; baseline 0.001 -17"><span class='ocrx_word' id='word_1_143' title='bbox 465 1774 544 1826; x_wconf 91' lang='lat' dir='ltr'><strong>dit</strong></span> <span class='ocrx_word' id='word_1_144' title='bbox 569 1791 626 1828; x_wconf 89' lang='lat' dir='ltr'><strong>se</strong></span> <span class='ocrx_word' id='word_1_145' title='bbox 653 1775 829 1828; x_wconf 83' lang='lat' dir='ltr'><strong>nunc?</strong></span> <span class='ocrx_word' id='word_1_146' title='bbox 852 1773 1029 1842; x_wconf 82' lang='lat' dir='ltr'><strong>Neque</strong></span> <span class='ocrx_word' id='word_1_147' title='bbox 1045 1775 1186 1828; x_wconf 91' lang='lat' dir='ltr'><strong>enim</strong></span> <span class='ocrx_word' id='word_1_148' title='bbox 1216 1773 1416 1843; x_wconf 86' lang='lat' dir='ltr'><strong>lapides</strong></span> <span class='ocrx_word' id='word_1_149' title='bbox 1435 1783 1618 1827; x_wconf 87' lang='lat' dir='ltr'><strong>contra</strong></span> <span class='ocrx_word' id='word_1_150' title='bbox 1642 1791 1760 1828; x_wconf 80' lang='lat' dir='ltr'><strong>eum</strong></span> <span class='ocrx_word' id='word_1_151' title='bbox 1786 1775 2041 1840; x_wconf 91' lang='lat' dir='ltr'><strong>tulerunt,</strong></span> 
     </span>
    </p>
   </div>
   <div class='ocr_carea' id='block_1_18' title="bbox 474 1866 2043 1937">
    <p class='ocr_par' dir='ltr' id='par_1_18' title="bbox 474 1866 2043 1937">
     <span class='ocr_line' id='line_1_18' title="bbox 474 1866 2043 1937; baseline 0 -18"><span class='ocrx_word' id='word_1_152' title='bbox 474 1881 650 1936; x_wconf 90' lang='lat' dir='ltr'><strong>neque</strong></span> <span class='ocrx_word' id='word_1_153' title='bbox 687 1867 1141 1937; x_wconf 85' lang='lat' dir='ltr'><strong>blasphemarunt,</strong></span> <span class='ocrx_word' id='word_1_154' title='bbox 1172 1876 1227 1920; x_wconf 91' lang='lat' dir='ltr'><strong>ut</strong></span> <span class='ocrx_word' id='word_1_155' title='bbox 1251 1875 1372 1921; x_wconf 84' lang='lat' dir='ltr'><strong>ante</strong></span> <span class='ocrx_word' id='word_1_156' title='bbox 1403 1866 1656 1921; x_wconf 91' lang='lat' dir='ltr'><strong>fecerant.</strong></span> <span class='ocrx_word' id='word_1_157' title='bbox 1689 1867 1795 1920; x_wconf 88' lang='lat' dir='ltr'><strong>Cur</strong></span> <span class='ocrx_word' id='word_1_158' title='bbox 1825 1881 1952 1934; x_wconf 88' lang='lat' dir='ltr'><strong>ergo</strong></span> <span class='ocrx_word' id='word_1_159' title='bbox 1983 1879 2043 1919; x_wconf 89' lang='lat' dir='ltr'><strong>se</strong></span> 
     </span>
    </p>
   </div>
   <div class='ocr_carea' id='block_1_19' title="bbox 464 1955 2038 2026">
    <p class='ocr_par' dir='ltr' id='par_1_19' title="bbox 464 1955 2038 2026">
     <span class='ocr_line' id='line_1_19' title="bbox 464 1955 2038 2026; baseline -0.001 -17"><span class='ocrx_word' id='word_1_160' title='bbox 464 1957 784 2012; x_wconf 76' lang='lat' dir='ltr'><strong>abscondit?</strong></span> <span class='ocrx_word' id='word_1_161' title='bbox 812 1956 945 2012; x_wconf 86' lang='lat' dir='ltr'><strong>Cum</strong></span> <span class='ocrx_word' id='word_1_162' title='bbox 982 1958 1032 2011; x_wconf 92' lang='lat' dir='ltr'><strong>in</strong></span> <span class='ocrx_word' id='word_1_163' title='bbox 1063 1957 1221 2012; x_wconf 86' lang='lat' dir='ltr'><strong>corda</strong></span> <span class='ocrx_word' id='word_1_164' title='bbox 1257 1965 1593 2026; x_wconf 89' lang='lat' dir='ltr'><strong>penetraret,</strong></span> <span class='ocrx_word' id='word_1_165' title='bbox 1623 1955 1823 2010; x_wconf 86' lang='lat' dir='ltr'><strong>sciebat</strong></span> <span class='ocrx_word' id='word_1_166' title='bbox 1853 1969 2038 2008; x_wconf 89' lang='lat' dir='ltr'><strong>eorum</strong></span> 
     </span>
    </p>
   </div>
   <div class='ocr_carea' id='block_1_20' title="bbox 464 2047 2042 2118">
    <p class='ocr_par' dir='ltr' id='par_1_20' title="bbox 464 2047 2042 2118">
     <span class='ocr_line' id='line_1_20' title="bbox 464 2047 2042 2118; baseline 0.001 -18"><span class='ocrx_word' id='word_1_167' title='bbox 464 2048 673 2103; x_wconf 90' lang='lat' dir='ltr'><strong>animos</strong></span> <span class='ocrx_word' id='word_1_168' title='bbox 697 2049 1037 2118; x_wconf 86' lang='lat' dir='ltr'><strong>exasperari,</strong></span> <span class='ocrx_word' id='word_1_169' title='bbox 1070 2048 1278 2103; x_wconf 90' lang='lat' dir='ltr'><strong>etiamsi</strong></span> <span class='ocrx_word' id='word_1_170' title='bbox 1323 2047 1456 2109; x_wconf 82' lang='lat' dir='ltr'><strong>nihil</strong></span> <span class='ocrx_word' id='word_1_171' title='bbox 1483 2048 1830 2118; x_wconf 88' lang='lat' dir='ltr'><strong>loquerentur</strong></span> <span class='ocrx_word' id='word_1_172' title='bbox 1859 2066 1872 2100; x_wconf 91' lang='lat'>:</span> <span class='ocrx_word' id='word_1_173' title='bbox 1903 2047 2042 2102; x_wconf 89' lang='lat' dir='ltr'><strong>scic-</strong></span> 
     </span>
    </p>
   </div>
   <div class='ocr_carea' id='block_1_21' title="bbox 463 2141 2038 2210">
    <p class='ocr_par' dir='ltr' id='par_1_21' title="bbox 463 2141 2038 2210">
     <span class='ocr_line' id='line_1_21' title="bbox 463 2141 2038 2210; baseline -0.001 -16"><span class='ocrx_word' id='word_1_174' title='bbox 463 2142 554 2195; x_wconf 89' lang='lat' dir='ltr'><strong>hat</strong></span> <span class='ocrx_word' id='word_1_175' title='bbox 583 2141 788 2198; x_wconf 77' lang='lat' dir='ltr'><strong>fervere</strong></span> <span class='ocrx_word' id='word_1_176' title='bbox 833 2142 953 2196; x_wconf 86' lang='lat' dir='ltr'><strong>illos</strong></span> <span class='ocrx_word' id='word_1_177' title='bbox 981 2151 1034 2196; x_wconf 94' lang='lat' dir='ltr'><strong>et</strong></span> <span class='ocrx_word' id='word_1_178' title='bbox 1058 2141 1258 2196; x_wconf 84' lang='lat' dir='ltr'><strong>caedem</strong></span> <span class='ocrx_word' id='word_1_179' title='bbox 1287 2142 1522 2210; x_wconf 82' lang='lat' dir='ltr'><strong>spirare:</strong></span> <span class='ocrx_word' id='word_1_180' title='bbox 1556 2156 1728 2209; x_wconf 91' lang='lat' dir='ltr'><strong>neque</strong></span> <span class='ocrx_word' id='word_1_181' title='bbox 1759 2146 2038 2208; x_wconf 81' lang='lat' dir='ltr'><strong>exspecta-</strong></span> 
     </span>
    </p>
   </div>
   <div class='ocr_carea' id='block_1_22' title="bbox 462 2229 2039 2302">
    <p class='ocr_par' dir='ltr' id='par_1_22' title="bbox 462 2229 2039 2302">
     <span class='ocr_line' id='line_1_22' title="bbox 462 2229 2039 2302; baseline 0 -18"><span class='ocrx_word' id='word_1_182' title='bbox 462 2232 536 2286; x_wconf 92' lang='lat' dir='ltr'><strong>vit</strong></span> <span class='ocrx_word' id='word_1_183' title='bbox 569 2231 740 2287; x_wconf 87' lang='lat' dir='ltr'><strong>donec</strong></span> <span class='ocrx_word' id='word_1_184' title='bbox 765 2233 815 2286; x_wconf 94' lang='lat' dir='ltr'><strong>in</strong></span> <span class='ocrx_word' id='word_1_185' title='bbox 843 2247 980 2302; x_wconf 89' lang='lat' dir='ltr'><strong>opus</strong></span> <span class='ocrx_word' id='word_1_186' title='bbox 1011 2233 1353 2300; x_wconf 78' lang='lat' dir='ltr'><strong>procederent</strong></span> <span class='ocrx_word' id='word_1_187' title='bbox 1381 2272 1396 2296; x_wconf 88' lang='lat'><strong>,</strong></span> <span class='ocrx_word' id='word_1_188' title='bbox 1431 2230 1522 2284; x_wconf 88' lang='lat' dir='ltr'><strong>sed</strong></span> <span class='ocrx_word' id='word_1_189' title='bbox 1554 2229 1832 2284; x_wconf 87' lang='lat' dir='ltr'><strong>abscondit</strong></span> <span class='ocrx_word' id='word_1_190' title='bbox 1863 2244 1948 2292; x_wconf 90' lang='lat' dir='ltr'><strong>se,</strong></span> <span class='ocrx_word' id='word_1_191' title='bbox 1981 2239 2039 2284; x_wconf 91' lang='lat' dir='ltr'><strong>ut</strong></span> 
     </span>
    </p>
   </div>
   <div class='ocr_carea' id='block_1_23' title="bbox 465 2319 2035 2390">
    <p class='ocr_par' dir='ltr' id='par_1_23' title="bbox 465 2319 2035 2390">
     <span class='ocr_line' id='line_1_23' title="bbox 465 2319 2035 2390; baseline 0.001 -15"><span class='ocrx_word' id='word_1_192' title='bbox 465 2323 671 2376; x_wconf 87' lang='lat' dir='ltr'><strong>illorum</strong></span> <span class='ocrx_word' id='word_1_193' title='bbox 713 2322 960 2376; x_wconf 91' lang='lat' dir='ltr'><strong>invidiam</strong></span> <span class='ocrx_word' id='word_1_194' title='bbox 997 2323 1224 2377; x_wconf 86' lang='lat' dir='ltr'><strong>sedaret.</strong></span> <span class='ocrx_word' id='word_1_195' title='bbox 1255 2321 1390 2376; x_wconf 78' lang='lat' dir='ltr'><strong>Vide</strong></span> <span class='ocrx_word' id='word_1_196' title='bbox 1418 2321 1686 2390; x_wconf 88' lang='lat' dir='ltr'><strong>quomodo</strong></span> <span class='ocrx_word' id='word_1_197' title='bbox 1717 2319 1766 2375; x_wconf 90' lang='lat' dir='ltr'><strong>id</strong></span> <span class='ocrx_word' id='word_1_198' title='bbox 1800 2320 2035 2376; x_wconf 89' lang='lat' dir='ltr'><strong>subindi-</strong></span> 
     </span>
    </p>
   </div>
   <div class='ocr_carea' id='block_1_24' title="bbox 463 2413 2037 2483">
    <p class='ocr_par' dir='ltr' id='par_1_24' title="bbox 463 2413 2037 2483">
     <span class='ocr_line' id='line_1_24' title="bbox 463 2413 2037 2483; baseline 0.001 -17"><span class='ocrx_word' id='word_1_199' title='bbox 463 2423 549 2466; x_wconf 65' lang='grc' dir='ltr'><strong>(ιρι</strong></span> <span class='ocrx_word' id='word_1_200' title='bbox 590 2414 947 2483; x_wconf 82' lang='lat' dir='ltr'><strong>evangelista,</strong></span> <span class='ocrx_word' id='word_1_201' title='bbox 988 2414 1075 2481; x_wconf 89' lang='lat' dir='ltr'><strong>qui</strong></span> <span class='ocrx_word' id='word_1_202' title='bbox 1119 2415 1295 2467; x_wconf 85' lang='lat' dir='ltr'><strong>statim</strong></span> <span class='ocrx_word' id='word_1_203' title='bbox 1339 2413 1483 2467; x_wconf 89' lang='lat' dir='ltr'><strong>addit</strong></span> <span class='ocrx_word' id='word_1_204' title='bbox 1520 2430 1532 2465; x_wconf 93' lang='lat'>:</span> <span class='ocrx_word' id='word_1_205' title='bbox 1565 2414 1653 2468; x_wconf 77' lang='lat'><strong>37.</strong></span> <span class='ocrx_word' id='word_1_206' title='bbox 1701 2413 1827 2467; x_wconf 82' lang='lat' dir='ltr'><strong>Cum</strong></span> <span class='ocrx_word' id='word_1_207' title='bbox 1873 2424 2037 2468; x_wconf 86' lang='lat' dir='ltr'><strong>autem</strong></span> 
     </span>
    </p>
   </div>
   <div class='ocr_carea' id='block_1_25' title="bbox 463 2506 2036 2576">
    <p class='ocr_par' dir='ltr' id='par_1_25' title="bbox 463 2506 2036 2576">
     <span class='ocr_line' id='line_1_25' title="bbox 463 2506 2036 2576; baseline 0.001 -18"><span class='ocrx_word' id='word_1_208' title='bbox 463 2516 602 2559; x_wconf 87' lang='lat' dir='ltr'><strong>tanta</strong></span> <span class='ocrx_word' id='word_1_209' title='bbox 631 2507 774 2575; x_wconf 86' lang='lat' dir='ltr'><strong>signa</strong></span> <span class='ocrx_word' id='word_1_210' title='bbox 803 2507 1034 2576; x_wconf 77' lang='lat' dir='ltr'><strong>fecisset,</strong></span> <span class='ocrx_word' id='word_1_211' title='bbox 1066 2523 1166 2559; x_wconf 88' lang='lat' dir='ltr'><strong>non</strong></span> <span class='ocrx_word' id='word_1_212' title='bbox 1193 2506 1512 2559; x_wconf 86' lang='lat' dir='ltr'><strong>crediderunt</strong></span> <span class='ocrx_word' id='word_1_213' title='bbox 1548 2507 1599 2559; x_wconf 90' lang='lat' dir='ltr'><strong>in</strong></span> <span class='ocrx_word' id='word_1_214' title='bbox 1625 2523 1756 2560; x_wconf 88' lang='lat' dir='ltr'><strong>eum.</strong></span> <span class='ocrx_word' id='word_1_215' title='bbox 1791 2507 1917 2573; x_wconf 66' lang='lat' dir='ltr'><strong>Quae</strong></span> <span class='ocrx_word' id='word_1_216' title='bbox 1950 2507 2036 2560; x_wconf 86' lang='lat' dir='ltr'><strong>illa</strong></span> 
     </span>
    </p>
   </div>
   <div class='ocr_carea' id='block_1_26' title="bbox 469 2599 2036 2669">
    <p class='ocr_par' dir='ltr' id='par_1_26' title="bbox 469 2599 2036 2669">
     <span class='ocr_line' id='line_1_26' title="bbox 469 2599 2036 2669; baseline 0.001 -18"><span class='ocrx_word' id='word_1_217' title='bbox 469 2607 612 2653; x_wconf 88' lang='lat' dir='ltr'><strong>tanta</strong></span> <span class='ocrx_word' id='word_1_218' title='bbox 656 2599 844 2669; x_wconf 86' lang='lat' dir='ltr'><strong>signa?</strong></span> <span class='ocrx_word' id='word_1_219' title='bbox 887 2599 961 2653; x_wconf 89' lang='lat' dir='ltr'><strong>Ea</strong></span> <span class='ocrx_word' id='word_1_220' title='bbox 987 2615 1106 2669; x_wconf 73' lang='lat' dir='ltr'><strong>qua:</strong></span> <span class='ocrx_word' id='word_1_221' title='bbox 1147 2599 1484 2667; x_wconf 62' lang='lat' dir='ltr'><strong>prmtcrtnisit</strong></span> <span class='ocrx_word' id='word_1_222' title='bbox 1514 2599 1856 2666; x_wconf 75' lang='lat' dir='ltr'><strong>evangelista,</strong></span> <span class='ocrx_word' id='word_1_223' title='bbox 1887 2607 1942 2651; x_wconf 92' lang='lat' dir='ltr'><strong>ut</strong></span> <span class='ocrx_word' id='word_1_224' title='bbox 1969 2613 2036 2652; x_wconf 80' lang='lat' dir='ltr'><strong>ex</strong></span> 
     </span>
    </p>
   </div>
   <div class='ocr_carea' id='block_1_27' title="bbox 461 2689 2039 2760">
    <p class='ocr_par' dir='ltr' id='par_1_27' title="bbox 461 2689 2039 2760">
     <span class='ocr_line' id='line_1_27' title="bbox 461 2689 2039 2760; baseline 0 -17"><span class='ocrx_word' id='word_1_225' title='bbox 461 2692 805 2760; x_wconf 82' lang='lat' dir='ltr'><strong>sequentibus</strong></span> <span class='ocrx_word' id='word_1_226' title='bbox 829 2692 996 2760; x_wconf 89' lang='lat' dir='ltr'><strong>palam</strong></span> <span class='ocrx_word' id='word_1_227' title='bbox 1024 2699 1122 2744; x_wconf 87' lang='lat' dir='ltr'><strong>est.</strong></span> <span class='ocrx_word' id='word_1_228' title='bbox 1154 2689 1285 2744; x_wconf 89' lang='lat' dir='ltr'><strong>Nam</strong></span> <span class='ocrx_word' id='word_1_229' title='bbox 1313 2705 1434 2742; x_wconf 89' lang='lat' dir='ltr'><strong>cmn</strong></span> <span class='ocrx_word' id='word_1_230' title='bbox 1462 2690 1790 2752; x_wconf 72' lang='lat' dir='ltr'><strong>secessisset,</strong></span> <span class='ocrx_word' id='word_1_231' title='bbox 1811 2698 1862 2742; x_wconf 89' lang='lat' dir='ltr'><strong>et</strong></span> <span class='ocrx_word' id='word_1_232' title='bbox 1893 2700 2039 2758; x_wconf 86' lang='lat' dir='ltr'><strong>post-</strong></span> 
     </span>
    </p>
   </div>
   <div class='ocr_carea' id='block_1_28' title="bbox 473 2780 2036 2849">
    <p class='ocr_par' dir='ltr' id='par_1_28' title="bbox 473 2780 2036 2849">
     <span class='ocr_line' id='line_1_28' title="bbox 473 2780 2036 2849; baseline 0 -15"><span class='ocrx_word' id='word_1_233' title='bbox 473 2797 534 2834; x_wconf 90' lang='lat' dir='ltr'><strong>ea</strong></span> <span class='ocrx_word' id='word_1_234' title='bbox 566 2795 814 2836; x_wconf 81' lang='lat' dir='ltr'><strong>reversus</strong></span> <span class='ocrx_word' id='word_1_235' title='bbox 839 2791 1014 2841; x_wconf 85' lang='lat' dir='ltr'><strong>esset,</strong></span> <span class='ocrx_word' id='word_1_236' title='bbox 1037 2796 1222 2834; x_wconf 86' lang='lat' dir='ltr'><strong>rursus</strong></span> <span class='ocrx_word' id='word_1_237' title='bbox 1251 2780 1456 2848; x_wconf 81' lang='lat' dir='ltr'><strong>placide</strong></span> <span class='ocrx_word' id='word_1_238' title='bbox 1497 2780 1618 2834; x_wconf 90' lang='lat' dir='ltr'><strong>illos</strong></span> <span class='ocrx_word' id='word_1_239' title='bbox 1641 2780 1926 2849; x_wconf 81' lang='lat' dir='ltr'><strong>alloquitur</strong></span> <span class='ocrx_word' id='word_1_240' title='bbox 1954 2781 2036 2835; x_wconf 85' lang='lat' dir='ltr'><strong>his</strong></span> 
     </span>
    </p>
   </div>
   <div class='ocr_carea' id='block_1_29' title="bbox 463 2871 2036 2936">
    <p class='ocr_par' dir='ltr' id='par_1_29' title="bbox 463 2871 2036 2936">
     <span class='ocr_line' id='line_1_29' title="bbox 463 2871 2036 2936; baseline 0.003 -16"><span class='ocrx_word' id='word_1_241' title='bbox 463 2872 641 2925; x_wconf 79' lang='lat' dir='ltr'><strong>verbis</strong></span> <span class='ocrx_word' id='word_1_242' title='bbox 666 2889 678 2924; x_wconf 91' lang='lat'>:</span> <span class='ocrx_word' id='word_1_243' title='bbox 707 2871 807 2936; x_wconf 84' lang='lat' dir='ltr'><strong>Qui</strong></span> <span class='ocrx_word' id='word_1_244' title='bbox 833 2873 990 2926; x_wconf 83' lang='lat' dir='ltr'><strong>credit</strong></span> <span class='ocrx_word' id='word_1_245' title='bbox 1011 2872 1062 2924; x_wconf 90' lang='lat' dir='ltr'><strong>in</strong></span> <span class='ocrx_word' id='word_1_246' title='bbox 1089 2889 1185 2935; x_wconf 88' lang='lat' dir='ltr'><strong>me,</strong></span> <span class='ocrx_word' id='word_1_247' title='bbox 1218 2889 1318 2925; x_wconf 91' lang='lat' dir='ltr'><strong>non</strong></span> <span class='ocrx_word' id='word_1_248' title='bbox 1350 2871 1505 2924; x_wconf 90' lang='lat' dir='ltr'><strong>credit</strong></span> <span class='ocrx_word' id='word_1_249' title='bbox 1529 2871 1582 2924; x_wconf 86' lang='lat' dir='ltr'><strong>in</strong></span> <span class='ocrx_word' id='word_1_250' title='bbox 1612 2887 1708 2936; x_wconf 88' lang='lat' dir='ltr'><strong>me,</strong></span> <span class='ocrx_word' id='word_1_251' title='bbox 1731 2872 1820 2924; x_wconf 87' lang='lat' dir='ltr'><strong>sed</strong></span> <span class='ocrx_word' id='word_1_252' title='bbox 1840 2873 1892 2924; x_wconf 93' lang='lat' dir='ltr'><strong>in</strong></span> <span class='ocrx_word' id='word_1_253' title='bbox 1922 2889 2036 2926; x_wconf 79' lang='lat' dir='ltr'><strong>eum</strong></span> 
     </span>
    </p>
   </div>
   <div class='ocr_carea' id='block_1_30' title="bbox 461 2961 2039 3034">
    <p class='ocr_par' dir='ltr' id='par_1_30' title="bbox 461 2961 2039 3034">
     <span class='ocr_line' id='line_1_30' title="bbox 461 2961 2039 3034; baseline 0 -20"><span class='ocrx_word' id='word_1_254' title='bbox 461 2964 547 3030; x_wconf 85' lang='lat' dir='ltr'><strong>qui</strong></span> <span class='ocrx_word' id='word_1_255' title='bbox 573 2964 706 3016; x_wconf 85' lang='lat' dir='ltr'><strong>misit</strong></span> <span class='ocrx_word' id='word_1_256' title='bbox 731 2979 809 3016; x_wconf 88' lang='lat' dir='ltr'><strong>me</strong></span> <span class='ocrx_word' id='word_1_257' title='bbox 854 2962 1030 3034; x_wconf 88' lang='lat' dir='ltr'><strong>(Ibid.</strong></span> <span class='ocrx_word' id='word_1_258' title='bbox 1077 2963 1162 3017; x_wconf 74' lang='lat' dir='ltr'><strong>l2.</strong></span> <span class='ocrx_word' id='word_1_259' title='bbox 1194 2963 1302 3031; x_wconf 71' lang='grc'><strong>44).</strong></span> <span class='ocrx_word' id='word_1_260' title='bbox 1337 2961 1467 3016; x_wconf 85' lang='lat' dir='ltr'><strong>Vide</strong></span> <span class='ocrx_word' id='word_1_261' title='bbox 1493 2961 1614 3028; x_wconf 89' lang='lat' dir='ltr'><strong>quid</strong></span> <span class='ocrx_word' id='word_1_262' title='bbox 1646 2961 1769 3015; x_wconf 81' lang='lat' dir='ltr'><strong>facit</strong></span> <span class='ocrx_word' id='word_1_263' title='bbox 1801 2977 1814 3014; x_wconf 90' lang='lat'><strong>:</strong></span> <span class='ocrx_word' id='word_1_264' title='bbox 1846 2962 1912 3014; x_wconf 86' lang='lat' dir='ltr'><strong>ab</strong></span> <span class='ocrx_word' id='word_1_265' title='bbox 1940 2961 2039 3014; x_wconf 89' lang='lat' dir='ltr'><strong>htt-</strong></span> 
     </span>
    </p>
   </div>
   <div class='ocr_carea' id='block_1_31' title="bbox 463 3050 2036 3122">
    <p class='ocr_par' dir='ltr' id='par_1_31' title="bbox 463 3050 2036 3122">
     <span class='ocr_line' id='line_1_31' title="bbox 463 3050 2036 3122; baseline 0 -16"><span class='ocrx_word' id='word_1_266' title='bbox 463 3054 674 3106; x_wconf 80' lang='lat' dir='ltr'><strong>ntilihus</strong></span> <span class='ocrx_word' id='word_1_267' title='bbox 719 3053 938 3122; x_wconf 92' lang='lat' dir='ltr'><strong>incipit,</strong></span> <span class='ocrx_word' id='word_1_268' title='bbox 984 3062 1036 3108; x_wconf 91' lang='lat' dir='ltr'><strong>et</strong></span> <span class='ocrx_word' id='word_1_269' title='bbox 1077 3051 1308 3122; x_wconf 81' lang='lat' dir='ltr'><strong>confugit</strong></span> <span class='ocrx_word' id='word_1_270' title='bbox 1353 3051 1418 3104; x_wconf 87' lang='lat' dir='ltr'><strong>ad</strong></span> <span class='ocrx_word' id='word_1_271' title='bbox 1451 3051 1698 3116; x_wconf 85' lang='lat' dir='ltr'><strong>Patrem,</strong></span> <span class='ocrx_word' id='word_1_272' title='bbox 1741 3050 2036 3119; x_wconf 87' lang='lat' dir='ltr'><strong>iterumque</strong></span> 
     </span>
    </p>
   </div>
   <div class='ocr_carea' id='block_1_32' title="bbox 460 3142 2031 3212">
    <p class='ocr_par' dir='ltr' id='par_1_32' title="bbox 460 3142 2031 3212">
     <span class='ocr_line' id='line_1_32' title="bbox 460 3142 2031 3212; baseline -0.001 -15"><span class='ocrx_word' id='word_1_273' title='bbox 460 3143 664 3198; x_wconf 77' lang='lat' dir='ltr'><strong>extollit</strong></span> <span class='ocrx_word' id='word_1_274' title='bbox 689 3159 1011 3198; x_wconf 86' lang='lat' dir='ltr'><strong>sermonem.</strong></span> <span class='ocrx_word' id='word_1_275' title='bbox 1059 3144 1126 3198; x_wconf 86' lang='lat' dir='ltr'><strong>Et</strong></span> <span class='ocrx_word' id='word_1_276' title='bbox 1169 3159 1289 3197; x_wconf 87' lang='lat' dir='ltr'><strong>cum</strong></span> <span class='ocrx_word' id='word_1_277' title='bbox 1333 3157 1424 3197; x_wconf 91' lang='lat' dir='ltr'><strong>eos</strong></span> <span class='ocrx_word' id='word_1_278' title='bbox 1466 3142 1712 3196; x_wconf 79' lang='lat' dir='ltr'><strong>efferatos</strong></span> <span class='ocrx_word' id='word_1_279' title='bbox 1755 3142 2031 3212; x_wconf 73' lang='lat' dir='ltr'><strong>intelligit,</strong></span> 
     </span>
    </p>
   </div>
   <div class='ocr_carea' id='block_1_33' title="bbox 459 3234 2034 3304">
    <p class='ocr_par' dir='ltr' id='par_1_33' title="bbox 459 3234 2034 3304">
     <span class='ocr_line' id='line_1_33' title="bbox 459 3234 2034 3304; baseline 0.001 -16"><span class='ocrx_word' id='word_1_280' title='bbox 459 3235 679 3290; x_wconf 71' lang='lat' dir='ltr'><strong>discedit</strong></span> <span class='ocrx_word' id='word_1_281' title='bbox 702 3277 716 3298; x_wconf 95' lang='lat'><strong>,</strong></span> <span class='ocrx_word' id='word_1_282' title='bbox 743 3245 796 3290; x_wconf 93' lang='lat' dir='ltr'><strong>et</strong></span> <span class='ocrx_word' id='word_1_283' title='bbox 820 3252 1005 3291; x_wconf 90' lang='lat' dir='ltr'><strong>rursus</strong></span> <span class='ocrx_word' id='word_1_284' title='bbox 1033 3244 1303 3304; x_wconf 83' lang='lat' dir='ltr'><strong>comparet</strong></span> <span class='ocrx_word' id='word_1_285' title='bbox 1323 3277 1335 3296; x_wconf 94' lang='lat'><strong>,</strong></span> <span class='ocrx_word' id='word_1_286' title='bbox 1360 3235 1500 3288; x_wconf 90' lang='lat' dir='ltr'><strong>etab</strong></span> <span class='ocrx_word' id='word_1_287' title='bbox 1526 3234 1814 3288; x_wconf 86' lang='lat' dir='ltr'><strong>humilibus</strong></span> <span class='ocrx_word' id='word_1_288' title='bbox 1843 3234 2034 3289; x_wconf 90' lang='lat' dir='ltr'><strong>iterum</strong></span> 
     </span>
    </p>
   </div>
   <div class='ocr_carea' id='block_1_34' title="bbox 461 3325 2034 3395">
    <p class='ocr_par' dir='ltr' id='par_1_34' title="bbox 461 3325 2034 3395">
     <span class='ocr_line' id='line_1_34' title="bbox 461 3325 2034 3395; baseline -0.001 -15"><span class='ocrx_word' id='word_1_289' title='bbox 461 3330 662 3395; x_wconf 74' lang='lat' dir='ltr'><strong>incipit.</strong></span> <span class='ocrx_word' id='word_1_290' title='bbox 715 3329 779 3381; x_wconf 83' lang='lat' dir='ltr'><strong>Et</strong></span> <span class='ocrx_word' id='word_1_291' title='bbox 820 3328 1034 3381; x_wconf 88' lang='lat' dir='ltr'><strong>ubinam</strong></span> <span class='ocrx_word' id='word_1_292' title='bbox 1085 3327 1184 3381; x_wconf 89' lang='lat' dir='ltr'><strong>hoc</strong></span> <span class='ocrx_word' id='word_1_293' title='bbox 1224 3326 1387 3380; x_wconf 87' lang='lat' dir='ltr'><strong>fecit?</strong></span> <span class='ocrx_word' id='word_1_294' title='bbox 1433 3325 1543 3378; x_wconf 91' lang='lat' dir='ltr'><strong>lmo</strong></span> <span class='ocrx_word' id='word_1_295' title='bbox 1580 3325 1665 3379; x_wconf 92' lang='lat' dir='ltr'><strong>ubi</strong></span> <span class='ocrx_word' id='word_1_296' title='bbox 1718 3341 1822 3379; x_wconf 93' lang='lat' dir='ltr'><strong>non</strong></span> <span class='ocrx_word' id='word_1_297' title='bbox 1875 3325 2034 3379; x_wconf 83' lang='lat' dir='ltr'><strong>fecit?</strong></span> 
     </span>
    </p>
   </div>
   <div class='ocr_carea' id='block_1_35' title="bbox 461 3416 2034 3488">
    <p class='ocr_par' dir='ltr' id='par_1_35' title="bbox 461 3416 2034 3488">
     <span class='ocr_line' id='line_1_35' title="bbox 461 3416 2034 3488; baseline 0 -17"><span class='ocrx_word' id='word_1_298' title='bbox 461 3419 593 3473; x_wconf 76' lang='lat' dir='ltr'><strong>Vide</strong></span> <span class='ocrx_word' id='word_1_299' title='bbox 621 3419 743 3488; x_wconf 87' lang='lat' dir='ltr'><strong>quid</strong></span> <span class='ocrx_word' id='word_1_300' title='bbox 777 3419 925 3472; x_wconf 88' lang='lat' dir='ltr'><strong>initio</strong></span> <span class='ocrx_word' id='word_1_301' title='bbox 972 3419 1154 3471; x_wconf 80' lang='lat' dir='ltr'><strong>dicat:</strong></span> <span class='ocrx_word' id='word_1_302' title='bbox 1187 3417 1332 3471; x_wconf 83' lang='lat' dir='ltr'><strong>Sicut</strong></span> <span class='ocrx_word' id='word_1_303' title='bbox 1375 3417 1563 3481; x_wconf 88' lang='lat' dir='ltr'><strong>audio,</strong></span> <span class='ocrx_word' id='word_1_304' title='bbox 1598 3417 1777 3486; x_wconf 83' lang='lat' dir='ltr'><strong>judico</strong></span> <span class='ocrx_word' id='word_1_305' title='bbox 1802 3416 2034 3478; x_wconf 83' lang='lat' dir='ltr'><strong>:deinde</strong></span> 
     </span>
    </p>
   </div>
   <div class='ocr_carea' id='block_1_36' title="bbox 459 3507 2033 3574">
    <p class='ocr_par' dir='ltr' id='par_1_36' title="bbox 459 3507 2033 3574">
     <span class='ocr_line' id='line_1_36' title="bbox 459 3507 2033 3574; baseline -0.002 -11"><span class='ocrx_word' id='word_1_306' title='bbox 459 3511 735 3564; x_wconf 82' lang='lat' dir='ltr'><strong>sublimius</strong></span> <span class='ocrx_word' id='word_1_307' title='bbox 759 3549 772 3568; x_wconf 95' lang='lat'><strong>,</strong></span> <span class='ocrx_word' id='word_1_308' title='bbox 807 3508 951 3562; x_wconf 83' lang='lat' dir='ltr'><strong>Sicut</strong></span> <span class='ocrx_word' id='word_1_309' title='bbox 981 3509 1111 3561; x_wconf 84' lang='lat' dir='ltr'><strong>enim</strong></span> <span class='ocrx_word' id='word_1_310' title='bbox 1141 3507 1296 3560; x_wconf 85' lang='lat' dir='ltr'><strong>Pater</strong></span> <span class='ocrx_word' id='word_1_311' title='bbox 1319 3509 1524 3561; x_wconf 80' lang='lat' dir='ltr'><strong>suscitat</strong></span> <span class='ocrx_word' id='word_1_312' title='bbox 1551 3519 1772 3561; x_wconf 88' lang='lat' dir='ltr'><strong>mortuos</strong></span> <span class='ocrx_word' id='word_1_313' title='bbox 1798 3518 1844 3560; x_wconf 84' lang='lat' dir='ltr'><strong>et</strong></span> <span class='ocrx_word' id='word_1_314' title='bbox 1867 3508 2033 3574; x_wconf 78' lang='lat' dir='ltr'><strong>viviﬁ-</strong></span> 
     </span>
    </p>
   </div>
   <div class='ocr_carea' id='block_1_37' title="bbox 459 3595 2028 3668">
    <p class='ocr_par' dir='ltr' id='par_1_37' title="bbox 459 3595 2028 3668">
     <span class='ocr_line' id='line_1_37' title="bbox 459 3595 2028 3668; baseline -0.001 -16"><span class='ocrx_word' id='word_1_315' title='bbox 459 3611 558 3663; x_wconf 81' lang='lat' dir='ltr'><strong>cnt,</strong></span> <span class='ocrx_word' id='word_1_316' title='bbox 586 3601 658 3655; x_wconf 87' lang='lat' dir='ltr'><strong>sic</strong></span> <span class='ocrx_word' id='word_1_317' title='bbox 677 3609 723 3653; x_wconf 93' lang='lat' dir='ltr'><strong>et</strong></span> <span class='ocrx_word' id='word_1_318' title='bbox 752 3599 916 3652; x_wconf 76' lang='lat' dir='ltr'><strong>Filius</strong></span> <span class='ocrx_word' id='word_1_319' title='bbox 941 3614 1064 3668; x_wconf 79' lang='lat' dir='ltr'><strong>quos</strong></span> <span class='ocrx_word' id='word_1_320' title='bbox 1089 3596 1192 3650; x_wconf 79' lang='lat' dir='ltr'><strong>vult</strong></span> <span class='ocrx_word' id='word_1_321' title='bbox 1238 3597 1455 3662; x_wconf 84' lang='lat' dir='ltr'><strong>vivi/ient</strong></span> <span class='ocrx_word' id='word_1_322' title='bbox 1494 3597 1512 3665; x_wconf 90' lang='lat'>(</span> <span class='ocrx_word' id='word_1_323' title='bbox 1542 3595 1680 3650; x_wconf 85' lang='lat' dir='ltr'><strong>Ibid.</strong></span> <span class='ocrx_word' id='word_1_324' title='bbox 1704 3599 1754 3652; x_wconf 86' lang='lat'><strong>5.</strong></span> <span class='ocrx_word' id='word_1_325' title='bbox 1789 3598 1876 3652; x_wconf 80' lang='lat'><strong>50.</strong></span> <span class='ocrx_word' id='word_1_326' title='bbox 1903 3598 2028 3666; x_wconf 70' lang='lat'><strong>21);</strong></span> 
     </span>
    </p>
   </div>
   <div class='ocr_carea' id='block_1_38' title="bbox 461 3688 2032 3758">
    <p class='ocr_par' dir='ltr' id='par_1_38' title="bbox 461 3688 2032 3758">
     <span class='ocr_line' id='line_1_38' title="bbox 461 3688 2032 3758; baseline -0.001 -14"><span class='ocrx_word' id='word_1_327' title='bbox 461 3693 758 3758; x_wconf 86' lang='lat' dir='ltr'><strong>iterumque</strong></span> <span class='ocrx_word' id='word_1_328' title='bbox 783 3730 798 3754; x_wconf 90' lang='lat'><strong>,</strong></span> <span class='ocrx_word' id='word_1_329' title='bbox 845 3689 952 3757; x_wconf 76' lang='lat' dir='ltr'><strong>Ego</strong></span> <span class='ocrx_word' id='word_1_330' title='bbox 979 3705 1078 3740; x_wconf 86' lang='lat' dir='ltr'><strong>non</strong></span> <span class='ocrx_word' id='word_1_331' title='bbox 1113 3688 1293 3757; x_wconf 84' lang='lat' dir='ltr'><strong>judico</strong></span> <span class='ocrx_word' id='word_1_332' title='bbox 1318 3704 1403 3741; x_wconf 83' lang='lat' dir='ltr'><strong>vos</strong></span> <span class='ocrx_word' id='word_1_333' title='bbox 1423 3727 1437 3748; x_wconf 92' lang='lat'><strong>,</strong></span> <span class='ocrx_word' id='word_1_334' title='bbox 1474 3688 1607 3741; x_wconf 86' lang='lat' dir='ltr'><strong>alius</strong></span> <span class='ocrx_word' id='word_1_335' title='bbox 1633 3697 1705 3742; x_wconf 83' lang='lat' dir='ltr'><strong>est</strong></span> <span class='ocrx_word' id='word_1_336' title='bbox 1730 3689 1814 3756; x_wconf 90' lang='lat' dir='ltr'><strong>qui</strong></span> <span class='ocrx_word' id='word_1_337' title='bbox 1830 3689 2032 3758; x_wconf 84' lang='lat' dir='ltr'><strong>judicnt</strong></span> 
     </span>
    </p>
   </div>
   <div class='ocr_carea' id='block_1_39' title="bbox 459 3778 2034 3850">
    <p class='ocr_par' dir='ltr' id='par_1_39' title="bbox 459 3778 2034 3850">
     <span class='ocr_line' id='line_1_39' title="bbox 459 3778 2034 3850; baseline -0.001 -17"><span class='ocrx_word' id='word_1_338' title='bbox 459 3782 478 3844; x_wconf 87' lang='lat'><strong>(</strong></span> <span class='ocrx_word' id='word_1_339' title='bbox 509 3779 644 3833; x_wconf 84' lang='lat' dir='ltr'><strong>Ibid.</strong></span> <span class='ocrx_word' id='word_1_340' title='bbox 672 3781 724 3834; x_wconf 93' lang='lat'><strong>8.</strong></span> <span class='ocrx_word' id='word_1_341' title='bbox 752 3778 864 3849; x_wconf 82' lang='lat'><strong>50).</strong></span> <span class='ocrx_word' id='word_1_342' title='bbox 899 3780 1231 3847; x_wconf 78' lang='lat' dir='ltr'><strong>llursumquc</strong></span> <span class='ocrx_word' id='word_1_343' title='bbox 1265 3778 1498 3834; x_wconf 88' lang='lat' dir='ltr'><strong>secedit:</strong></span> <span class='ocrx_word' id='word_1_344' title='bbox 1532 3789 1820 3850; x_wconf 89' lang='lat' dir='ltr'><strong>posteaque</strong></span> <span class='ocrx_word' id='word_1_345' title='bbox 1846 3780 1896 3833; x_wconf 94' lang='lat' dir='ltr'><strong>in</strong></span> <span class='ocrx_word' id='word_1_346' title='bbox 1928 3778 2034 3835; x_wconf 87' lang='lat' dir='ltr'><strong>Ga-</strong></span> 
     </span>
    </p>
   </div>
   <div class='ocr_carea' id='block_1_40' title="bbox 462 3869 2033 3941">
    <p class='ocr_par' dir='ltr' id='par_1_40' title="bbox 462 3869 2033 3941">
     <span class='ocr_line' id='line_1_40' title="bbox 462 3869 2033 3941; baseline 0.001 -19"><span class='ocrx_word' id='word_1_347' title='bbox 462 3870 597 3923; x_wconf 69' lang='lat' dir='ltr'><strong>lilma</strong></span> <span class='ocrx_word' id='word_1_348' title='bbox 645 3885 990 3938; x_wconf 82' lang='lat' dir='ltr'><strong>comparcns,</strong></span> <span class='ocrx_word' id='word_1_349' title='bbox 1024 3869 1318 3938; x_wconf 87' lang='lat' dir='ltr'><strong>Operamini</strong></span> <span class='ocrx_word' id='word_1_350' title='bbox 1339 3910 1353 3931; x_wconf 94' lang='lat'><strong>,</strong></span> <span class='ocrx_word' id='word_1_351' title='bbox 1388 3870 1584 3941; x_wconf 90' lang='lat' dir='ltr'><strong>inquit,</strong></span> <span class='ocrx_word' id='word_1_352' title='bbox 1624 3887 1722 3924; x_wconf 89' lang='lat' dir='ltr'><strong>non</strong></span> <span class='ocrx_word' id='word_1_353' title='bbox 1759 3869 1921 3923; x_wconf 86' lang='lat' dir='ltr'><strong>cibum</strong></span> <span class='ocrx_word' id='word_1_354' title='bbox 1945 3871 2033 3940; x_wconf 92' lang='lat' dir='ltr'><strong>qui</strong></span> 
     </span>
    </p>
   </div>
   <div class='ocr_carea' id='block_1_41' title="bbox 460 3959 2032 4031">
    <p class='ocr_par' dir='ltr' id='par_1_41' title="bbox 460 3959 2032 4031">
     <span class='ocr_line' id='line_1_41' title="bbox 460 3959 2032 4031; baseline 0.001 -18"><span class='ocrx_word' id='word_1_355' title='bbox 460 3962 587 4029; x_wconf 79' lang='lat' dir='ltr'><strong>perit</strong></span> <span class='ocrx_word' id='word_1_356' title='bbox 615 3959 772 4028; x_wconf 88' lang='lat' dir='ltr'><strong>(Ibid.</strong></span> <span class='ocrx_word' id='word_1_357' title='bbox 797 3964 848 4014; x_wconf 85' lang='lat' dir='ltr'><strong>ﬁ.</strong></span> <span class='ocrx_word' id='word_1_358' title='bbox 870 3960 984 4028; x_wconf 69' lang='lat'><strong>27).</strong></span> <span class='ocrx_word' id='word_1_359' title='bbox 1011 3959 1075 4014; x_wconf 83' lang='lat' dir='ltr'><strong>Et</strong></span> <span class='ocrx_word' id='word_1_360' title='bbox 1099 3975 1220 4014; x_wconf 92' lang='lat' dir='ltr'><strong>cum</strong></span> <span class='ocrx_word' id='word_1_361' title='bbox 1243 3976 1430 4030; x_wconf 88' lang='lat' dir='ltr'><strong>tnagna</strong></span> <span class='ocrx_word' id='word_1_362' title='bbox 1455 3961 1524 4017; x_wconf 91' lang='lat' dir='ltr'><strong>de</strong></span> <span class='ocrx_word' id='word_1_363' title='bbox 1549 3975 1608 4016; x_wconf 88' lang='lat' dir='ltr'><strong>se</strong></span> <span class='ocrx_word' id='word_1_364' title='bbox 1627 3961 1866 4027; x_wconf 79' lang='lat' dir='ltr'><strong>dixisset,</strong></span> <span class='ocrx_word' id='word_1_365' title='bbox 1890 3960 2032 4031; x_wconf 90' lang='lat' dir='ltr'><strong>quod</strong></span> 
     </span>
    </p>
   </div>
   <div class='ocr_carea' id='block_1_42' title="bbox 459 4051 2031 4120">
    <p class='ocr_par' dir='ltr' id='par_1_42' title="bbox 459 4051 2031 4120">
     <span class='ocr_line' id='line_1_42' title="bbox 459 4051 2031 4120; baseline -0.001 -15"><span class='ocrx_word' id='word_1_366' title='bbox 459 4067 522 4105; x_wconf 86' lang='lat' dir='ltr'><strong>ex</strong></span> <span class='ocrx_word' id='word_1_367' title='bbox 551 4052 682 4106; x_wconf 79' lang='lat' dir='ltr'><strong>cale</strong></span> <span class='ocrx_word' id='word_1_368' title='bbox 711 4051 1084 4112; x_wconf 84' lang='lat' dir='ltr'><strong>descenderit,</strong></span> <span class='ocrx_word' id='word_1_369' title='bbox 1116 4051 1254 4120; x_wconf 86' lang='lat' dir='ltr'><strong>quod</strong></span> <span class='ocrx_word' id='word_1_370' title='bbox 1291 4051 1450 4104; x_wconf 90' lang='lat' dir='ltr'><strong>vitam</strong></span> <span class='ocrx_word' id='word_1_371' title='bbox 1480 4062 1732 4107; x_wconf 80' lang='lat' dir='ltr'><strong>:cternam</strong></span> <span class='ocrx_word' id='word_1_372' title='bbox 1759 4051 1882 4118; x_wconf 90' lang='lat' dir='ltr'><strong>det,</strong></span> <span class='ocrx_word' id='word_1_373' title='bbox 1911 4067 2031 4106; x_wconf 83' lang='lat' dir='ltr'><strong>rur-</strong></span> 
     </span>
    </p>
   </div>
   <div class='ocr_carea' id='block_1_43' title="bbox 457 4141 2020 4214">
    <p class='ocr_par' dir='ltr' id='par_1_43' title="bbox 457 4141 2020 4214">
     <span class='ocr_line' id='line_1_43' title="bbox 457 4141 2020 4214; baseline 0.001 -16"><span class='ocrx_word' id='word_1_374' title='bbox 457 4159 574 4198; x_wconf 83' lang='lat' dir='ltr'><strong>sum</strong></span> <span class='ocrx_word' id='word_1_375' title='bbox 611 4143 866 4198; x_wconf 78' lang='lat' dir='ltr'><strong>abscedit.</strong></span> <span class='ocrx_word' id='word_1_376' title='bbox 900 4143 961 4197; x_wconf 85' lang='lat' dir='ltr'><strong>Et</strong></span> <span class='ocrx_word' id='word_1_377' title='bbox 994 4143 1043 4197; x_wconf 90' lang='lat' dir='ltr'><strong>in</strong></span> <span class='ocrx_word' id='word_1_378' title='bbox 1072 4141 1396 4214; x_wconf 87' lang='lat' dir='ltr'><strong>Scenopcgia</strong></span> <span class='ocrx_word' id='word_1_379' title='bbox 1430 4161 1637 4200; x_wconf 78' lang='lat' dir='ltr'><strong>rursum</strong></span> <span class='ocrx_word' id='word_1_380' title='bbox 1668 4144 1920 4210; x_wconf 88' lang='lat' dir='ltr'><strong>adstans,</strong></span> <span class='ocrx_word' id='word_1_381' title='bbox 1954 4144 2020 4200; x_wconf 83' lang='lat' dir='ltr'><strong>id-</strong></span> 
     </span>
    </p>
   </div>
   <div class='ocr_carea' id='block_1_44' title="bbox 458 4231 796 4301">
    <p class='ocr_par' dir='ltr' id='par_1_44' title="bbox 458 4231 796 4301">
     <span class='ocr_line' id='line_1_44' title="bbox 458 4231 796 4301; baseline -0.006 -15"><span class='ocrx_word' id='word_1_382' title='bbox 458 4231 626 4301; x_wconf 89' lang='lat' dir='ltr'><strong>ipsum</strong></span> <span class='ocrx_word' id='word_1_383' title='bbox 657 4233 796 4288; x_wconf 86' lang='lat' dir='ltr'><strong>facit.</strong></span> 
     </span>
    </p>
   </div>
   <div class='ocr_carea' id='block_1_45' title="bbox 526 4324 2030 4394">
    <p class='ocr_par' dir='ltr' id='par_1_45' title="bbox 526 4324 2030 4394">
     <span class='ocr_line' id='line_1_45' title="bbox 526 4324 2030 4394; baseline 0.001 -17"><span class='ocrx_word' id='word_1_384' title='bbox 526 4325 582 4378; x_wconf 77' lang='lat'><strong>9..</strong></span> <span class='ocrx_word' id='word_1_385' title='bbox 629 4325 704 4378; x_wconf 87' lang='lat' dir='ltr'><strong>Ac</strong></span> <span class='ocrx_word' id='word_1_386' title='bbox 729 4333 984 4394; x_wconf 89' lang='lat' dir='ltr'><strong>perpetuo</strong></span> <span class='ocrx_word' id='word_1_387' title='bbox 1010 4324 1189 4379; x_wconf 86' lang='lat' dir='ltr'><strong>videas</strong></span> <span class='ocrx_word' id='word_1_388' title='bbox 1220 4325 1368 4380; x_wconf 92' lang='lat' dir='ltr'><strong>illum</strong></span> <span class='ocrx_word' id='word_1_389' title='bbox 1414 4325 1710 4380; x_wconf 90' lang='lat' dir='ltr'><strong>doctrinam</strong></span> <span class='ocrx_word' id='word_1_390' title='bbox 1757 4340 1905 4380; x_wconf 91' lang='lat' dir='ltr'><strong>suam</strong></span> <span class='ocrx_word' id='word_1_391' title='bbox 1936 4341 2030 4379; x_wconf 91' lang='lat' dir='ltr'><strong>va-</strong></span> 
     </span>
    </p>
   </div>
   <div class='ocr_carea' id='block_1_46' title="bbox 458 4414 2030 4484">
    <p class='ocr_par' dir='ltr' id='par_1_46' title="bbox 458 4414 2030 4484">
     <span class='ocr_line' id='line_1_46' title="bbox 458 4414 2030 4484; baseline 0.001 -16"><span class='ocrx_word' id='word_1_392' title='bbox 458 4414 680 4468; x_wconf 91' lang='lat' dir='ltr'><strong>riantem</strong></span> <span class='ocrx_word' id='word_1_393' title='bbox 701 4455 716 4478; x_wconf 96' lang='lat'><strong>,</strong></span> <span class='ocrx_word' id='word_1_394' title='bbox 744 4417 1022 4484; x_wconf 70' lang='lat' dir='ltr'><strong>prresentia</strong></span> <span class='ocrx_word' id='word_1_395' title='bbox 1045 4458 1060 4481; x_wconf 93' lang='lat'><strong>,</strong></span> <span class='ocrx_word' id='word_1_396' title='bbox 1090 4417 1352 4483; x_wconf 86' lang='lat' dir='ltr'><strong>absentia,</strong></span> <span class='ocrx_word' id='word_1_397' title='bbox 1379 4416 1686 4483; x_wconf 89' lang='lat' dir='ltr'><strong>humilibus,</strong></span> <span class='ocrx_word' id='word_1_398' title='bbox 1716 4417 2030 4471; x_wconf 87' lang='lat' dir='ltr'><strong>sublimilms</strong></span> 
     </span>
    </p>
   </div>
   <div class='ocr_carea' id='block_1_47' title="bbox 457 4507 2031 4576">
    <p class='ocr_par' dir='ltr' id='par_1_47' title="bbox 457 4507 2031 4576">
     <span class='ocr_line' id='line_1_47' title="bbox 457 4507 2031 4576; baseline 0.003 -18"><span class='ocrx_word' id='word_1_399' title='bbox 457 4507 654 4560; x_wconf 79' lang='lat' dir='ltr'><strong>verbis.</strong></span> <span class='ocrx_word' id='word_1_400' title='bbox 682 4507 834 4574; x_wconf 83' lang='lat' dir='ltr'><strong>Quod</strong></span> <span class='ocrx_word' id='word_1_401' title='bbox 864 4507 1020 4562; x_wconf 89' lang='lat' dir='ltr'><strong>etiam</strong></span> <span class='ocrx_word' id='word_1_402' title='bbox 1071 4508 1156 4563; x_wconf 89' lang='lat' dir='ltr'><strong>ltic</strong></span> <span class='ocrx_word' id='word_1_403' title='bbox 1199 4510 1338 4563; x_wconf 86' lang='lat' dir='ltr'><strong>fecit.</strong></span> <span class='ocrx_word' id='word_1_404' title='bbox 1370 4509 1495 4563; x_wconf 82' lang='lat' dir='ltr'><strong>Cum</strong></span> <span class='ocrx_word' id='word_1_405' title='bbox 1534 4521 1699 4562; x_wconf 87' lang='lat' dir='ltr'><strong>autem</strong></span> <span class='ocrx_word' id='word_1_406' title='bbox 1722 4519 1860 4562; x_wconf 85' lang='lat' dir='ltr'><strong>tanta</strong></span> <span class='ocrx_word' id='word_1_407' title='bbox 1886 4509 2031 4576; x_wconf 70' lang='lat' dir='ltr'><strong>signa</strong></span> 
     </span>
    </p>
   </div>
   <div class='ocr_carea' id='block_1_48' title="bbox 403 4598 2028 4668">
    <p class='ocr_par' dir='ltr' id='par_1_48' title="bbox 403 4598 2028 4668">
     <span class='ocr_line' id='line_1_48' title="bbox 403 4598 2028 4668; baseline -0.001 -17"><span class='ocrx_word' id='word_1_408' title='bbox 403 4599 409 4603; x_wconf 79' lang='grc'><strong>’</strong></span> <span class='ocrx_word' id='word_1_409' title='bbox 455 4598 670 4664; x_wconf 78' lang='lat' dir='ltr'><strong>fecisset,</strong></span> <span class='ocrx_word' id='word_1_410' title='bbox 701 4614 801 4651; x_wconf 88' lang='lat' dir='ltr'><strong>non</strong></span> <span class='ocrx_word' id='word_1_411' title='bbox 831 4598 1149 4651; x_wconf 84' lang='lat' dir='ltr'><strong>crediderunt</strong></span> <span class='ocrx_word' id='word_1_412' title='bbox 1177 4599 1226 4650; x_wconf 91' lang='lat' dir='ltr'><strong>in</strong></span> <span class='ocrx_word' id='word_1_413' title='bbox 1257 4615 1387 4656; x_wconf 85' lang='lat' dir='ltr'><strong>eum,</strong></span> <span class='ocrx_word' id='word_1_414' title='bbox 1421 4600 1621 4668; x_wconf 89' lang='lat' dir='ltr'><strong>inquit,</strong></span> <span class='ocrx_word' id='word_1_415' title='bbox 1651 4600 1739 4652; x_wconf 78' lang='lat'><strong>58.</strong></span> <span class='ocrx_word' id='word_1_416' title='bbox 1769 4607 1822 4650; x_wconf 91' lang='lat' dir='ltr'><strong>ut</strong></span> <span class='ocrx_word' id='word_1_417' title='bbox 1847 4598 2028 4667; x_wconf 87' lang='lat' dir='ltr'><strong>imple-</strong></span> 
     </span>
    </p>
   </div>
   <div class='ocr_carea' id='block_1_49' title="bbox 455 4687 2027 4760">
    <p class='ocr_par' dir='ltr' id='par_1_49' title="bbox 455 4687 2027 4760">
     <span class='ocr_line' id='line_1_49' title="bbox 455 4687 2027 4760; baseline -0.001 -19"><span class='ocrx_word' id='word_1_418' title='bbox 455 4703 587 4742; x_wconf 88' lang='lat' dir='ltr'><strong>retur</strong></span> <span class='ocrx_word' id='word_1_419' title='bbox 613 4706 775 4742; x_wconf 83' lang='lat' dir='ltr'><strong>sermo</strong></span> <span class='ocrx_word' id='word_1_420' title='bbox 800 4687 956 4742; x_wconf 70' lang='lat' dir='ltr'><strong>Isaia!</strong></span> <span class='ocrx_word' id='word_1_421' title='bbox 978 4730 990 4752; x_wconf 93' lang='lat'><strong>,</strong></span> <span class='ocrx_word' id='word_1_422' title='bbox 1019 4705 1161 4758; x_wconf 85' lang='lat' dir='ltr'><strong>quem</strong></span> <span class='ocrx_word' id='word_1_423' title='bbox 1189 4687 1316 4740; x_wconf 76' lang='lat' dir='ltr'><strong>dixit</strong></span> <span class='ocrx_word' id='word_1_424' title='bbox 1343 4703 1361 4740; x_wconf 88' lang='lat'><strong><em>:</em></strong></span> <span class='ocrx_word' id='word_1_425' title='bbox 1393 4688 1606 4742; x_wconf 86' lang='lat' dir='ltr'><strong>Domine</strong></span> <span class='ocrx_word' id='word_1_426' title='bbox 1631 4731 1643 4749; x_wconf 90' lang='lat'><strong>,</strong></span> <span class='ocrx_word' id='word_1_427' title='bbox 1674 4690 1784 4760; x_wconf 85' lang='lat' dir='ltr'><strong>quis</strong></span> <span class='ocrx_word' id='word_1_428' title='bbox 1815 4689 2027 4741; x_wconf 88' lang='lat' dir='ltr'><strong>credidit</strong></span> 
     </span>
    </p>
   </div>
   <div class='ocr_carea' id='block_1_50' title="bbox 454 4775 2028 4832">
    <p class='ocr_par' dir='ltr' id='par_1_50' title="bbox 454 4775 2028 4832">
     <span class='ocr_line' id='line_1_50' title="bbox 454 4775 2028 4832; baseline 0.001 -3"><span class='ocrx_word' id='word_1_429' title='bbox 454 4780 651 4830; x_wconf 86' lang='lat' dir='ltr'><strong>nuditui</strong></span> <span class='ocrx_word' id='word_1_430' title='bbox 681 4780 893 4832; x_wconf 86' lang='lat' dir='ltr'><strong>nostra?</strong></span> <span class='ocrx_word' id='word_1_431' title='bbox 921 4788 966 4832; x_wconf 87' lang='lat' dir='ltr'><strong>et</strong></span> <span class='ocrx_word' id='word_1_432' title='bbox 992 4777 1250 4831; x_wconf 76' lang='lat' dir='ltr'><strong>brachium</strong></span> <span class='ocrx_word' id='word_1_433' title='bbox 1276 4775 1480 4829; x_wconf 88' lang='lat' dir='ltr'><strong>Domini</strong></span> <span class='ocrx_word' id='word_1_434' title='bbox 1506 4781 1586 4830; x_wconf 84' lang='lat' dir='ltr'><strong>cui</strong></span> <span class='ocrx_word' id='word_1_435' title='bbox 1615 4779 1884 4830; x_wconf 81' lang='lat' dir='ltr'><strong>revelatum</strong></span> <span class='ocrx_word' id='word_1_436' title='bbox 1913 4779 2028 4831; x_wconf 82' lang='lat' dir='ltr'><strong>est?</strong></span> 
     </span>
    </p>
   </div>
   <div class='ocr_carea' id='block_1_51' title="bbox 457 4870 2028 4943">
    <p class='ocr_par' dir='ltr' id='par_1_51' title="bbox 457 4870 2028 4943">
     <span class='ocr_line' id='line_1_51' title="bbox 457 4870 2028 4943; baseline 0 -19"><span class='ocrx_word' id='word_1_437' title='bbox 457 4871 522 4925; x_wconf 86' lang='lat' dir='ltr'><strong>Et</strong></span> <span class='ocrx_word' id='word_1_438' title='bbox 561 4885 790 4935; x_wconf 78' lang='lat' dir='ltr'><strong>rursum,</strong></span> <span class='ocrx_word' id='word_1_439' title='bbox 820 4871 939 4926; x_wconf 83' lang='lat' dir='ltr'><strong>Non</strong></span> <span class='ocrx_word' id='word_1_440' title='bbox 970 4879 1254 4943; x_wconf 87' lang='lat' dir='ltr'><strong>potuerunt,</strong></span> <span class='ocrx_word' id='word_1_441' title='bbox 1286 4870 1474 4938; x_wconf 76' lang='lat' dir='ltr'><strong>inquit,</strong></span> <span class='ocrx_word' id='word_1_442' title='bbox 1506 4873 1724 4936; x_wconf 82' lang='lat' dir='ltr'><strong>credere,</strong></span> <span class='ocrx_word' id='word_1_443' title='bbox 1751 4873 1872 4941; x_wconf 88' lang='lat' dir='ltr'><strong>quia</strong></span> <span class='ocrx_word' id='word_1_444' title='bbox 1901 4873 2028 4924; x_wconf 69' lang='lat' dir='ltr'><strong>dixit</strong></span> 
     </span>
    </p>
   </div>
   <div class='ocr_carea' id='block_1_52' title="bbox 457 4959 2028 5029">
    <p class='ocr_par' dir='ltr' id='par_1_52' title="bbox 457 4959 2028 5029">
     <span class='ocr_line' id='line_1_52' title="bbox 457 4959 2028 5029; baseline -0.001 -15"><span class='ocrx_word' id='word_1_445' title='bbox 457 4961 623 5016; x_wconf 80' lang='lat' dir='ltr'><strong>Isaias</strong></span> <span class='ocrx_word' id='word_1_446' title='bbox 653 4977 672 5015; x_wconf 91' lang='lat'><strong><em>:</em></strong></span> <span class='ocrx_word' id='word_1_447' title='bbox 694 4961 884 5015; x_wconf 80' lang='lat' dir='ltr'><strong>Auditu</strong></span> <span class='ocrx_word' id='word_1_448' title='bbox 923 4963 1168 5024; x_wconf 81' lang='lat' dir='ltr'><strong>audietis,</strong></span> <span class='ocrx_word' id='word_1_449' title='bbox 1197 4971 1244 5014; x_wconf 86' lang='lat' dir='ltr'><strong>et</strong></span> <span class='ocrx_word' id='word_1_450' title='bbox 1286 4976 1384 5012; x_wconf 89' lang='lat' dir='ltr'><strong>non</strong></span> <span class='ocrx_word' id='word_1_451' title='bbox 1433 4961 1738 5029; x_wconf 83' lang='lat' dir='ltr'><strong>intelligetis.</strong></span> <span class='ocrx_word' id='word_1_452' title='bbox 1770 4962 1860 5013; x_wconf 78' lang='grc'><strong>41.</strong></span> <span class='ocrx_word' id='word_1_453' title='bbox 1902 4959 2028 5014; x_wconf 72' lang='lat' dir='ltr'><strong>Hcce</strong></span> 
     </span>
    </p>
   </div>
   <div class='ocr_carea' id='block_1_53' title="bbox 453 5050 2020 5122">
    <p class='ocr_par' dir='ltr' id='par_1_53' title="bbox 453 5050 2020 5122">
     <span class='ocr_line' id='line_1_53' title="bbox 453 5050 2020 5122; baseline -0.001 -18"><span class='ocrx_word' id='word_1_454' title='bbox 453 5065 620 5107; x_wconf 86' lang='lat' dir='ltr'><strong>autem</strong></span> <span class='ocrx_word' id='word_1_455' title='bbox 648 5053 777 5107; x_wconf 72' lang='lat' dir='ltr'><strong>dixit</strong></span> <span class='ocrx_word' id='word_1_456' title='bbox 803 5055 1003 5122; x_wconf 87' lang='lat' dir='ltr'><strong>quando</strong></span> <span class='ocrx_word' id='word_1_457' title='bbox 1033 5053 1154 5104; x_wconf 83' lang='lat' dir='ltr'><strong>vidit</strong></span> <span class='ocrx_word' id='word_1_458' title='bbox 1187 5051 1400 5121; x_wconf 83' lang='lat' dir='ltr'><strong>gloriam</strong></span> <span class='ocrx_word' id='word_1_459' title='bbox 1439 5051 1549 5120; x_wconf 82' lang='lat' dir='ltr'><strong>ejus</strong></span> <span class='ocrx_word' id='word_1_460' title='bbox 1568 5089 1584 5116; x_wconf 92' lang='lat'><strong>,</strong></span> <span class='ocrx_word' id='word_1_461' title='bbox 1612 5060 1655 5100; x_wconf 88' lang='lat' dir='ltr'><strong>et</strong></span> <span class='ocrx_word' id='word_1_462' title='bbox 1684 5050 1921 5116; x_wconf 85' lang='lat' dir='ltr'><strong>loquutus</strong></span> <span class='ocrx_word' id='word_1_463' title='bbox 1947 5060 2020 5102; x_wconf 88' lang='lat' dir='ltr'><strong>est</strong></span> 
     </span>
    </p>
   </div>
   <div class='ocr_carea' id='block_1_54' title="bbox 433 5125 2027 5205">
    <p class='ocr_par' dir='ltr' id='par_1_54' title="bbox 433 5125 2027 5205">
     <span class='ocr_line' id='line_1_54' title="bbox 433 5125 2027 5205; baseline 0 -11"><span class='ocrx_word' id='word_1_464' title='bbox 433 5125 516 5205; x_wconf 53' lang='lat' dir='ltr'><strong>Ede</strong></span> <span class='ocrx_word' id='word_1_465' title='bbox 536 5159 613 5196; x_wconf 85' lang='lat' dir='ltr'><strong>eo.</strong></span> <span class='ocrx_word' id='word_1_466' title='bbox 643 5145 778 5198; x_wconf 87' lang='lat' dir='ltr'><strong>Ecce</strong></span> <span class='ocrx_word' id='word_1_467' title='bbox 807 5145 997 5197; x_wconf 83' lang='lat' dir='ltr'><strong>iterum</strong></span> <span class='ocrx_word' id='word_1_468' title='bbox 1025 5141 1144 5205; x_wconf 87' lang='lat' dir='ltr'><strong>hoc,</strong></span> <span class='ocrx_word' id='word_1_469' title='bbox 1181 5142 1331 5204; x_wconf 85' lang='lat' dir='ltr'><strong>Quia,</strong></span> <span class='ocrx_word' id='word_1_470' title='bbox 1363 5149 1436 5202; x_wconf 93' lang='lat' dir='ltr'><strong>et,</strong></span> <span class='ocrx_word' id='word_1_471' title='bbox 1469 5139 1630 5200; x_wconf 75' lang='lat' dir='ltr'><strong>Dixit,</strong></span> <span class='ocrx_word' id='word_1_472' title='bbox 1657 5154 1760 5191; x_wconf 71' lang='lat' dir='ltr'><strong>non</strong></span> <span class='ocrx_word' id='word_1_473' title='bbox 1788 5140 2027 5194; x_wconf 88' lang='lat' dir='ltr'><strong>causales</strong></span> 
     </span>
    </p>
   </div>
   <div class='ocr_carea' id='block_1_55' title="bbox 431 5199 2024 5314">
    <p class='ocr_par' dir='ltr' id='par_1_55' title="bbox 431 5199 2024 5314">
     <span class='ocr_line' id='line_1_55' title="bbox 431 5199 2024 5314; baseline 0.001 -32"><span class='ocrx_word' id='word_1_474' title='bbox 431 5199 576 5314; x_wconf 53' lang='lat' dir='ltr'><strong>isunt</strong></span> <span class='ocrx_word' id='word_1_475' title='bbox 603 5248 795 5295; x_wconf 90' lang='lat' dir='ltr'><strong>voces,</strong></span> <span class='ocrx_word' id='word_1_476' title='bbox 825 5231 917 5285; x_wconf 89' lang='lat' dir='ltr'><strong>sed</strong></span> <span class='ocrx_word' id='word_1_477' title='bbox 961 5239 1204 5284; x_wconf 86' lang='lat' dir='ltr'><strong>eventum</strong></span> <span class='ocrx_word' id='word_1_478' title='bbox 1249 5231 1625 5300; x_wconf 87' lang='lat' dir='ltr'><strong>signiﬁcantes.</strong></span> <span class='ocrx_word' id='word_1_479' title='bbox 1658 5228 1841 5298; x_wconf 86' lang='lat' dir='ltr'><strong>Neque</strong></span> <span class='ocrx_word' id='word_1_480' title='bbox 1882 5231 2024 5284; x_wconf 90' lang='lat' dir='ltr'><strong>enim</strong></span> 
     </span>
    </p>
   </div>
   <div class='ocr_carea' id='block_1_56' title="bbox 433 5321 2023 5392">
    <p class='ocr_par' dir='ltr' id='par_1_56' title="bbox 433 5321 2023 5392">
     <span class='ocr_line' id='line_1_56' title="bbox 433 5321 2023 5392; baseline 0.003 -19"><span class='ocrx_word' id='word_1_481' title='bbox 433 5323 572 5390; x_wconf 78' lang='lat' dir='ltr'><strong>tquia</strong></span> <span class='ocrx_word' id='word_1_482' title='bbox 620 5323 670 5375; x_wconf 93' lang='lat' dir='ltr'><strong>id</strong></span> <span class='ocrx_word' id='word_1_483' title='bbox 697 5322 829 5375; x_wconf 78' lang='lat' dir='ltr'><strong>dixit</strong></span> <span class='ocrx_word' id='word_1_484' title='bbox 871 5321 1060 5383; x_wconf 84' lang='lat' dir='ltr'><strong>Isaias,</strong></span> <span class='ocrx_word' id='word_1_485' title='bbox 1093 5321 1213 5376; x_wconf 90' lang='lat' dir='ltr'><strong>ideo</strong></span> <span class='ocrx_word' id='word_1_486' title='bbox 1240 5337 1344 5376; x_wconf 92' lang='lat' dir='ltr'><strong>non</strong></span> <span class='ocrx_word' id='word_1_487' title='bbox 1371 5321 1745 5386; x_wconf 89' lang='lat' dir='ltr'><strong>crediderunt;</strong></span> <span class='ocrx_word' id='word_1_488' title='bbox 1777 5321 1869 5376; x_wconf 89' lang='lat' dir='ltr'><strong>sed</strong></span> <span class='ocrx_word' id='word_1_489' title='bbox 1901 5325 2023 5392; x_wconf 89' lang='lat' dir='ltr'><strong>quia</strong></span> 
     </span>
    </p>
   </div>
   <div class='ocr_carea' id='block_1_57' title="bbox 451 5411 2024 5485">
    <p class='ocr_par' dir='ltr' id='par_1_57' title="bbox 451 5411 2024 5485">
     <span class='ocr_line' id='line_1_57' title="bbox 451 5411 2024 5485; baseline 0.001 -18"><span class='ocrx_word' id='word_1_490' title='bbox 451 5413 705 5467; x_wconf 89' lang='lat' dir='ltr'><strong>credituri</strong></span> <span class='ocrx_word' id='word_1_491' title='bbox 750 5427 853 5466; x_wconf 95' lang='lat' dir='ltr'><strong>non</strong></span> <span class='ocrx_word' id='word_1_492' title='bbox 883 5421 1068 5474; x_wconf 91' lang='lat' dir='ltr'><strong>erant,</strong></span> <span class='ocrx_word' id='word_1_493' title='bbox 1097 5412 1217 5468; x_wconf 92' lang='lat' dir='ltr'><strong>ideo</strong></span> <span class='ocrx_word' id='word_1_494' title='bbox 1247 5412 1360 5469; x_wconf 81' lang='lat' dir='ltr'><strong>lucc</strong></span> <span class='ocrx_word' id='word_1_495' title='bbox 1398 5412 1530 5468; x_wconf 84' lang='lat' dir='ltr'><strong>dixit</strong></span> <span class='ocrx_word' id='word_1_496' title='bbox 1555 5411 1736 5467; x_wconf 90' lang='lat' dir='ltr'><strong>lsaias.</strong></span> <span class='ocrx_word' id='word_1_497' title='bbox 1768 5413 1876 5468; x_wconf 86' lang='lat' dir='ltr'><strong>Cur</strong></span> <span class='ocrx_word' id='word_1_498' title='bbox 1897 5430 2024 5485; x_wconf 89' lang='lat' dir='ltr'><strong>ergo</strong></span> 
     </span>
    </p>
   </div>
   <div class='ocr_carea' id='block_1_58' title="bbox 453 5503 2022 5573">
    <p class='ocr_par' dir='ltr' id='par_1_58' title="bbox 453 5503 2022 5573">
     <span class='ocr_line' id='line_1_58' title="bbox 453 5503 2022 5573; baseline 0.002 -14"><span class='ocrx_word' id='word_1_499' title='bbox 453 5521 556 5560; x_wconf 85' lang='lat' dir='ltr'><strong>non</strong></span> <span class='ocrx_word' id='word_1_500' title='bbox 605 5505 674 5558; x_wconf 89' lang='lat' dir='ltr'><strong>ita</strong></span> <span class='ocrx_word' id='word_1_501' title='bbox 721 5503 953 5573; x_wconf 89' lang='lat' dir='ltr'><strong>loquitur</strong></span> <span class='ocrx_word' id='word_1_502' title='bbox 995 5505 1351 5570; x_wconf 76' lang='lat' dir='ltr'><strong>evangelista,</strong></span> <span class='ocrx_word' id='word_1_503' title='bbox 1401 5503 1497 5559; x_wconf 89' lang='lat' dir='ltr'><strong>sed</strong></span> <span class='ocrx_word' id='word_1_504' title='bbox 1543 5503 1961 5560; x_wconf 67' lang='lat' dir='ltr'><strong>incredulitatem</strong></span> <span class='ocrx_word' id='word_1_505' title='bbox 1992 5522 2022 5562; x_wconf 84' lang='lat' dir='ltr'><strong>a</strong></span> 
     </span>
    </p>
   </div>
   <div class='ocr_carea' id='block_1_59' title="bbox 430 5593 2023 5666">
    <p class='ocr_par' dir='ltr' id='par_1_59' title="bbox 430 5593 2023 5666">
     <span class='ocr_line' id='line_1_59' title="bbox 430 5593 2023 5666; baseline 0.001 -16"><span class='ocrx_word' id='word_1_506' title='bbox 430 5594 729 5666; x_wconf 71' lang='lat' dir='ltr'><strong>prophetia</strong></span> <span class='ocrx_word' id='word_1_507' title='bbox 752 5633 767 5658; x_wconf 94' lang='lat'><strong>,</strong></span> <span class='ocrx_word' id='word_1_508' title='bbox 808 5609 914 5648; x_wconf 91' lang='lat' dir='ltr'><strong>non</strong></span> <span class='ocrx_word' id='word_1_509' title='bbox 954 5593 1282 5664; x_wconf 88' lang='lat' dir='ltr'><strong>prophetiam</strong></span> <span class='ocrx_word' id='word_1_510' title='bbox 1313 5595 1381 5650; x_wconf 88' lang='lat' dir='ltr'><strong>ab</strong></span> <span class='ocrx_word' id='word_1_511' title='bbox 1415 5594 1782 5650; x_wconf 90' lang='lat' dir='ltr'><strong>incredulitate</strong></span> <span class='ocrx_word' id='word_1_512' title='bbox 1803 5608 1922 5651; x_wconf 90' lang='lat' dir='ltr'><strong>esse</strong></span> <span class='ocrx_word' id='word_1_513' title='bbox 1941 5596 2023 5650; x_wconf 78' lang='lat' dir='ltr'><strong>di-</strong></span> 
     </span>
    </p>
   </div>
   <div class='ocr_carea' id='block_1_60' title="bbox 459 5685 2020 5760">
    <p class='ocr_par' dir='ltr' id='par_1_60' title="bbox 459 5685 2020 5760">
     <span class='ocr_line' id='line_1_60' title="bbox 459 5685 2020 5760; baseline 0.001 -18"><span class='ocrx_word' id='word_1_514' title='bbox 459 5689 529 5742; x_wconf 84' lang='lat' dir='ltr'><strong>cit</strong></span> <span class='ocrx_word' id='word_1_515' title='bbox 558 5705 570 5740; x_wconf 88' lang='lat'><strong>:</strong></span> <span class='ocrx_word' id='word_1_516' title='bbox 604 5688 710 5743; x_wconf 85' lang='lat' dir='ltr'><strong>into</strong></span> <span class='ocrx_word' id='word_1_517' title='bbox 739 5690 790 5743; x_wconf 89' lang='lat' dir='ltr'><strong>in</strong></span> <span class='ocrx_word' id='word_1_518' title='bbox 819 5685 1163 5758; x_wconf 89' lang='lat' dir='ltr'><strong>sequentibus</strong></span> <span class='ocrx_word' id='word_1_519' title='bbox 1193 5686 1320 5743; x_wconf 90' lang='lat' dir='ltr'><strong>illud</strong></span> <span class='ocrx_word' id='word_1_520' title='bbox 1349 5688 1733 5760; x_wconf 88' lang='lat' dir='ltr'><strong>signiﬁcantius</strong></span> <span class='ocrx_word' id='word_1_521' title='bbox 1761 5686 1908 5758; x_wconf 90' lang='lat' dir='ltr'><strong>ponit</strong></span> <span class='ocrx_word' id='word_1_522' title='bbox 1945 5688 2020 5744; x_wconf 91' lang='lat' dir='ltr'><strong>sic</strong></span> 
     </span>
    </p>
   </div>
   <div class='ocr_carea' id='block_1_61' title="bbox 3645 303 3775 361">
    <p class='ocr_par' dir='ltr' id='par_1_61' title="bbox 3645 303 3775 361">
     <span class='ocr_line' id='line_1_61' title="bbox 3645 303 3775 361; baseline 0 -1"><span class='ocrx_word' id='word_1_523' title='bbox 3645 303 3775 361; x_wconf 76' lang='lat'><strong>376</strong></span> 
     </span>
    </p>
   </div>
   <div class='ocr_carea' id='block_1_62' title="bbox 2153 408 3772 490">
    <p class='ocr_par' dir='ltr' id='par_1_62' title="bbox 2153 408 3772 490">
     <span class='ocr_line' id='line_1_62' title="bbox 2153 408 3772 490; baseline 0.009 -28"><span class='ocrx_word' id='word_1_524' title='bbox 2153 408 2377 479; x_wconf 78' lang='lat' dir='ltr'><strong>loquens</strong></span> <span class='ocrx_word' id='word_1_525' title='bbox 2399 450 2416 474; x_wconf 94' lang='lat'><strong>,</strong></span> <span class='ocrx_word' id='word_1_526' title='bbox 2449 409 2725 481; x_wconf 74' lang='lat' dir='ltr'><strong>PrOpterea</strong></span> <span class='ocrx_word' id='word_1_527' title='bbox 2771 431 2874 468; x_wconf 89' lang='lat' dir='ltr'><strong>non</strong></span> <span class='ocrx_word' id='word_1_528' title='bbox 2914 422 3143 484; x_wconf 78' lang='lat' dir='ltr'><strong>poterant</strong></span> <span class='ocrx_word' id='word_1_529' title='bbox 3183 417 3386 474; x_wconf 83' lang='lat' dir='ltr'><strong>credere</strong></span> <span class='ocrx_word' id='word_1_530' title='bbox 3401 459 3417 487; x_wconf 95' lang='lat'><strong>,</strong></span> <span class='ocrx_word' id='word_1_531' title='bbox 3437 420 3566 490; x_wconf 76' lang='lat' dir='ltr'><strong>quia</strong></span> <span class='ocrx_word' id='word_1_532' title='bbox 3615 423 3772 477; x_wconf 61' lang='lat' dir='ltr'><strong>dixit</strong></span> 
     </span>
    </p>
   </div>
   <div class='ocr_carea' id='block_1_63' title="bbox 2147 501 3764 580">
    <p class='ocr_par' dir='ltr' id='par_1_63' title="bbox 2147 501 3764 580">
     <span class='ocr_line' id='line_1_63' title="bbox 2147 501 3764 580; baseline 0.007 -24"><span class='ocrx_word' id='word_1_533' title='bbox 2147 501 2318 556; x_wconf 83' lang='lat' dir='ltr'><strong>Isaias</strong></span> <span class='ocrx_word' id='word_1_534' title='bbox 2334 503 2360 557; x_wconf 78' lang='lat'><strong>.’</strong></span> <span class='ocrx_word' id='word_1_535' title='bbox 2386 503 2484 558; x_wconf 82' lang='lat' dir='ltr'><strong>Hic</strong></span> <span class='ocrx_word' id='word_1_536' title='bbox 2523 505 2763 575; x_wconf 85' lang='lat' dir='ltr'><strong>pluribus</strong></span> <span class='ocrx_word' id='word_1_537' title='bbox 2787 508 2899 562; x_wconf 89' lang='lat' dir='ltr'><strong>vult</strong></span> <span class='ocrx_word' id='word_1_538' title='bbox 2926 506 3226 577; x_wconf 87' lang='lat' dir='ltr'><strong>signiﬁcare</strong></span> <span class='ocrx_word' id='word_1_539' title='bbox 3251 509 3544 580; x_wconf 69' lang='lat' dir='ltr'><strong>Scriptura:</strong></span> <span class='ocrx_word' id='word_1_540' title='bbox 3575 527 3764 568; x_wconf 53' lang='lat' dir='ltr'><strong>vet-av</strong></span> 
     </span>
    </p>
   </div>
   <div class='ocr_carea' id='block_1_64' title="bbox 2146 594 3762 674">
    <p class='ocr_par' dir='ltr' id='par_1_64' title="bbox 2146 594 3762 674">
     <span class='ocr_line' id='line_1_64' title="bbox 2146 594 3762 674; baseline 0.006 -27"><span class='ocrx_word' id='word_1_541' title='bbox 2146 594 2394 660; x_wconf 86' lang='lat' dir='ltr'><strong>citatem,</strong></span> <span class='ocrx_word' id='word_1_542' title='bbox 2425 605 2480 649; x_wconf 90' lang='lat' dir='ltr'><strong>et</strong></span> <span class='ocrx_word' id='word_1_543' title='bbox 2507 597 2647 666; x_wconf 92' lang='lat' dir='ltr'><strong>quod</strong></span> <span class='ocrx_word' id='word_1_544' title='bbox 2673 613 2791 666; x_wconf 86' lang='lat' dir='ltr'><strong>quae</strong></span> <span class='ocrx_word' id='word_1_545' title='bbox 2821 597 2907 652; x_wconf 90' lang='lat' dir='ltr'><strong>illa</strong></span> <span class='ocrx_word' id='word_1_546' title='bbox 2947 598 3230 667; x_wconf 73' lang='lat' dir='ltr'><strong>prmdixit,</strong></span> <span class='ocrx_word' id='word_1_547' title='bbox 3277 616 3382 657; x_wconf 91' lang='lat' dir='ltr'><strong>non</strong></span> <span class='ocrx_word' id='word_1_548' title='bbox 3429 603 3544 657; x_wconf 89' lang='lat' dir='ltr'><strong>alio</strong></span> <span class='ocrx_word' id='word_1_549' title='bbox 3575 618 3762 674; x_wconf 84' lang='lat' dir='ltr'><strong>quam</strong></span> 
     </span>
    </p>
   </div>
   <div class='ocr_carea' id='block_1_65' title="bbox 2147 685 3768 760">
    <p class='ocr_par' dir='ltr' id='par_1_65' title="bbox 2147 685 3768 760">
     <span class='ocr_line' id='line_1_65' title="bbox 2147 685 3768 760; baseline 0.008 -23"><span class='ocrx_word' id='word_1_550' title='bbox 2147 699 2254 754; x_wconf 91' lang='lat' dir='ltr'><strong>quo</strong></span> <span class='ocrx_word' id='word_1_551' title='bbox 2277 685 2416 739; x_wconf 83' lang='lat' dir='ltr'><strong>dixit</strong></span> <span class='ocrx_word' id='word_1_552' title='bbox 2441 686 2601 740; x_wconf 91' lang='lat' dir='ltr'><strong>modo</strong></span> <span class='ocrx_word' id='word_1_553' title='bbox 2629 689 2926 743; x_wconf 87' lang='lat' dir='ltr'><strong>evenerint.</strong></span> <span class='ocrx_word' id='word_1_554' title='bbox 2955 688 3032 743; x_wconf 85' lang='lat' dir='ltr'><strong>Ne</strong></span> <span class='ocrx_word' id='word_1_555' title='bbox 3060 691 3180 760; x_wconf 86' lang='lat' dir='ltr'><strong>quis</strong></span> <span class='ocrx_word' id='word_1_556' title='bbox 3207 691 3350 746; x_wconf 89' lang='lat' dir='ltr'><strong>enim</strong></span> <span class='ocrx_word' id='word_1_557' title='bbox 3371 692 3611 759; x_wconf 85' lang='lat' dir='ltr'><strong>diceret,</strong></span> <span class='ocrx_word' id='word_1_558' title='bbox 3640 694 3768 750; x_wconf 87' lang='lat' dir='ltr'><strong>Cur</strong></span> 
     </span>
    </p>
   </div>
   <div class='ocr_carea' id='block_1_66' title="bbox 2147 774 3764 854">
    <p class='ocr_par' dir='ltr' id='par_1_66' title="bbox 2147 774 3764 854">
     <span class='ocr_line' id='line_1_66' title="bbox 2147 774 3764 854; baseline 0.009 -28"><span class='ocrx_word' id='word_1_559' title='bbox 2147 775 2293 828; x_wconf 89' lang='lat' dir='ltr'><strong>venit</strong></span> <span class='ocrx_word' id='word_1_560' title='bbox 2313 774 2588 830; x_wconf 80' lang='lat' dir='ltr'><strong>Christus?</strong></span> <span class='ocrx_word' id='word_1_561' title='bbox 2614 791 2719 830; x_wconf 92' lang='lat' dir='ltr'><strong>non</strong></span> <span class='ocrx_word' id='word_1_562' title='bbox 2747 778 2950 832; x_wconf 89' lang='lat' dir='ltr'><strong>sciebat</strong></span> <span class='ocrx_word' id='word_1_563' title='bbox 2975 795 3080 833; x_wconf 92' lang='lat' dir='ltr'><strong>non</strong></span> <span class='ocrx_word' id='word_1_564' title='bbox 3101 780 3397 836; x_wconf 89' lang='lat' dir='ltr'><strong>credituros</strong></span> <span class='ocrx_word' id='word_1_565' title='bbox 3417 781 3542 838; x_wconf 87' lang='lat' dir='ltr'><strong>illos</strong></span> <span class='ocrx_word' id='word_1_566' title='bbox 3559 783 3590 838; x_wconf 70' lang='grc' dir='ltr'>τ</span> <span class='ocrx_word' id='word_1_567' title='bbox 3616 799 3764 854; x_wconf 80' lang='lat' dir='ltr'><strong>pro-</strong></span> 
     </span>
    </p>
   </div>
   <div class='ocr_carea' id='block_1_67' title="bbox 2147 867 3761 939">
    <p class='ocr_par' dir='ltr' id='par_1_67' title="bbox 2147 867 3761 939">
     <span class='ocr_line' id='line_1_67' title="bbox 2147 867 3761 939; baseline 0.006 -21"><span class='ocrx_word' id='word_1_568' title='bbox 2147 867 2337 935; x_wconf 89' lang='lat' dir='ltr'><strong>phetas</strong></span> <span class='ocrx_word' id='word_1_569' title='bbox 2363 867 2600 934; x_wconf 88' lang='lat' dir='ltr'><strong>inducit,</strong></span> <span class='ocrx_word' id='word_1_570' title='bbox 2626 868 2715 938; x_wconf 92' lang='lat' dir='ltr'><strong>qui</strong></span> <span class='ocrx_word' id='word_1_571' title='bbox 2757 869 2858 924; x_wconf 87' lang='lat' dir='ltr'><strong>hoc</strong></span> <span class='ocrx_word' id='word_1_572' title='bbox 2897 871 3294 939; x_wconf 68' lang='lat' dir='ltr'><strong>prazsciverunt.</strong></span> <span class='ocrx_word' id='word_1_573' title='bbox 3319 871 3478 928; x_wconf 70' lang='lat' dir='ltr'><strong>Venit</strong></span> <span class='ocrx_word' id='word_1_574' title='bbox 3505 883 3714 928; x_wconf 87' lang='lat' dir='ltr'><strong>autem</strong></span> <span class='ocrx_word' id='word_1_575' title='bbox 3741 913 3761 939; x_wconf 89' lang='lat'><strong>,</strong></span> 
     </span>
    </p>
   </div>
   <div class='ocr_carea' id='block_1_68' title="bbox 2147 956 3763 1030">
    <p class='ocr_par' dir='ltr' id='par_1_68' title="bbox 2147 956 3763 1030">
     <span class='ocr_line' id='line_1_68' title="bbox 2147 956 3763 1030; baseline 0.007 -21"><span class='ocrx_word' id='word_1_576' title='bbox 2147 970 2216 1010; x_wconf 92' lang='lat' dir='ltr'><strong>ne</strong></span> <span class='ocrx_word' id='word_1_577' title='bbox 2240 956 2468 1026; x_wconf 88' lang='lat' dir='ltr'><strong>aliquam</strong></span> <span class='ocrx_word' id='word_1_578' title='bbox 2510 958 2713 1027; x_wconf 86' lang='lat' dir='ltr'><strong>peccati</strong></span> <span class='ocrx_word' id='word_1_579' title='bbox 2751 960 2831 1013; x_wconf 89' lang='lat' dir='ltr'><strong>sui</strong></span> <span class='ocrx_word' id='word_1_580' title='bbox 2862 961 3259 1016; x_wconf 77' lang='lat' dir='ltr'><strong>excusationem</strong></span> <span class='ocrx_word' id='word_1_581' title='bbox 3289 963 3578 1018; x_wconf 89' lang='lat' dir='ltr'><strong>haberent.</strong></span> <span class='ocrx_word' id='word_1_582' title='bbox 3611 964 3763 1030; x_wconf 68' lang='lat' dir='ltr'><strong>Quae</strong></span> 
     </span>
    </p>
   </div>
   <div class='ocr_carea' id='block_1_69' title="bbox 2147 1045 3762 1121">
    <p class='ocr_par' dir='ltr' id='par_1_69' title="bbox 2147 1045 3762 1121">
     <span class='ocr_line' id='line_1_69' title="bbox 2147 1045 3762 1121; baseline 0.006 -23"><span class='ocrx_word' id='word_1_583' title='bbox 2147 1045 2287 1099; x_wconf 91' lang='lat' dir='ltr'><strong>enim</strong></span> <span class='ocrx_word' id='word_1_584' title='bbox 2319 1046 2561 1113; x_wconf 64' lang='lat' dir='ltr'><strong>praedixit</strong></span> <span class='ocrx_word' id='word_1_585' title='bbox 2592 1047 2846 1116; x_wconf 85' lang='lat' dir='ltr'><strong>propheta</strong></span> <span class='ocrx_word' id='word_1_586' title='bbox 2868 1089 2885 1113; x_wconf 94' lang='lat'><strong>,</strong></span> <span class='ocrx_word' id='word_1_587' title='bbox 2916 1060 2975 1103; x_wconf 91' lang='lat' dir='ltr'><strong>ut</strong></span> <span class='ocrx_word' id='word_1_588' title='bbox 2995 1064 3213 1118; x_wconf 87' lang='lat' dir='ltr'><strong>prorsus</strong></span> <span class='ocrx_word' id='word_1_589' title='bbox 3240 1051 3410 1105; x_wconf 88' lang='lat' dir='ltr'><strong>futura</strong></span> <span class='ocrx_word' id='word_1_590' title='bbox 3442 1053 3714 1121; x_wconf 71' lang='lat' dir='ltr'><strong>pmdixit</strong></span> <span class='ocrx_word' id='word_1_591' title='bbox 3741 1070 3762 1107; x_wconf 88' lang='lat'><strong>:</strong></span> 
     </span>
    </p>
   </div>
   <div class='ocr_carea' id='block_1_70' title="bbox 2149 1137 3756 1212">
    <p class='ocr_par' dir='ltr' id='par_1_70' title="bbox 2149 1137 3756 1212">
     <span class='ocr_line' id='line_1_70' title="bbox 2149 1137 3756 1212; baseline 0.005 -23"><span class='ocrx_word' id='word_1_592' title='bbox 2149 1137 2248 1190; x_wconf 89' lang='lat' dir='ltr'><strong>nisi</strong></span> <span class='ocrx_word' id='word_1_593' title='bbox 2285 1137 2426 1191; x_wconf 90' lang='lat' dir='ltr'><strong>enim</strong></span> <span class='ocrx_word' id='word_1_594' title='bbox 2473 1139 2691 1193; x_wconf 92' lang='lat' dir='ltr'><strong>omnino</strong></span> <span class='ocrx_word' id='word_1_595' title='bbox 2739 1138 2908 1193; x_wconf 87' lang='lat' dir='ltr'><strong>futura</strong></span> <span class='ocrx_word' id='word_1_596' title='bbox 2957 1149 3172 1206; x_wconf 88' lang='lat' dir='ltr'><strong>essent,</strong></span> <span class='ocrx_word' id='word_1_597' title='bbox 3221 1157 3327 1195; x_wconf 89' lang='lat' dir='ltr'><strong>non</strong></span> <span class='ocrx_word' id='word_1_598' title='bbox 3369 1143 3756 1212; x_wconf 62' lang='lat' dir='ltr'><strong>praedixisset.</strong></span> 
     </span>
    </p>
   </div>
   <div class='ocr_carea' id='block_1_71' title="bbox 2147 1227 3759 1298">
    <p class='ocr_par' dir='ltr' id='par_1_71' title="bbox 2147 1227 3759 1298">
     <span class='ocr_line' id='line_1_71' title="bbox 2147 1227 3759 1298; baseline 0.004 -14"><span class='ocrx_word' id='word_1_599' title='bbox 2147 1228 2316 1284; x_wconf 81' lang='lat' dir='ltr'><strong>Erant</strong></span> <span class='ocrx_word' id='word_1_600' title='bbox 2339 1237 2514 1284; x_wconf 90' lang='lat' dir='ltr'><strong>autem</strong></span> <span class='ocrx_word' id='word_1_601' title='bbox 2547 1243 2765 1298; x_wconf 88' lang='lat' dir='ltr'><strong>prorsus</strong></span> <span class='ocrx_word' id='word_1_602' title='bbox 2788 1227 2961 1284; x_wconf 87' lang='lat' dir='ltr'><strong>futura</strong></span> <span class='ocrx_word' id='word_1_603' title='bbox 2981 1269 2998 1296; x_wconf 92' lang='lat'><strong>,</strong></span> <span class='ocrx_word' id='word_1_604' title='bbox 3032 1246 3153 1286; x_wconf 90' lang='lat' dir='ltr'><strong>cum</strong></span> <span class='ocrx_word' id='word_1_605' title='bbox 3193 1232 3264 1285; x_wconf 91' lang='lat' dir='ltr'><strong>illi</strong></span> <span class='ocrx_word' id='word_1_606' title='bbox 3294 1233 3632 1289; x_wconf 88' lang='lat' dir='ltr'><strong>incurabiles</strong></span> <span class='ocrx_word' id='word_1_607' title='bbox 3661 1248 3759 1289; x_wconf 81' lang='lat' dir='ltr'><strong>es-</strong></span> 
     </span>
    </p>
   </div>
   <div class='ocr_carea' id='block_1_72' title="bbox 2147 1329 2288 1374">
    <p class='ocr_par' dir='ltr' id='par_1_72' title="bbox 2147 1329 2288 1374">
     <span class='ocr_line' id='line_1_72' title="bbox 2147 1329 2288 1374; baseline 0.007 -1"><span class='ocrx_word' id='word_1_608' title='bbox 2147 1329 2288 1374; x_wconf 90' lang='lat' dir='ltr'><strong>sent.</strong></span> 
     </span>
    </p>
   </div>
   <div class='ocr_carea' id='block_1_73' title="bbox 2219 1407 3754 1480">
    <p class='ocr_par' dir='ltr' id='par_1_73' title="bbox 2219 1407 3754 1480">
     <span class='ocr_line' id='line_1_73' title="bbox 2219 1407 3754 1480; baseline 0.005 -18"><span class='ocrx_word' id='word_1_609' title='bbox 2219 1408 2510 1475; x_wconf 75' lang='lat' dir='ltr'><strong>Pmplietia:</strong></span> <span class='ocrx_word' id='word_1_610' title='bbox 2556 1409 2748 1463; x_wconf 91' lang='lat' dir='ltr'><strong>nullam</strong></span> <span class='ocrx_word' id='word_1_611' title='bbox 2793 1410 3055 1480; x_wconf 88' lang='lat' dir='ltr'><strong>imponunt</strong></span> <span class='ocrx_word' id='word_1_612' title='bbox 3093 1413 3456 1468; x_wconf 88' lang='lat' dir='ltr'><strong>necessitatem.</strong></span> <span class='ocrx_word' id='word_1_613' title='bbox 3492 1444 3571 1454; x_wconf 93' lang='lat'><strong><em>—</em></strong></span> <span class='ocrx_word' id='word_1_614' title='bbox 3600 1407 3754 1469; x_wconf 79' lang='lat' dir='ltr'><strong>Illud</strong></span> 
     </span>
    </p>
   </div>
   <div class='ocr_carea' id='block_1_74' title="bbox 2146 1499 3751 1570">
    <p class='ocr_par' dir='ltr' id='par_1_74' title="bbox 2146 1499 3751 1570">
     <span class='ocr_line' id='line_1_74' title="bbox 2146 1499 3751 1570; baseline 0.003 -17"><span class='ocrx_word' id='word_1_615' title='bbox 2146 1511 2344 1565; x_wconf 90' lang='lat' dir='ltr'><strong>autem,</strong></span> <span class='ocrx_word' id='word_1_616' title='bbox 2380 1499 2498 1554; x_wconf 82' lang='lat' dir='ltr'><strong>Non</strong></span> <span class='ocrx_word' id='word_1_617' title='bbox 2519 1503 2804 1570; x_wconf 80' lang='lat' dir='ltr'><strong>potuerunt,</strong></span> <span class='ocrx_word' id='word_1_618' title='bbox 2833 1501 3005 1564; x_wconf 89' lang='lat' dir='ltr'><strong>idest,</strong></span> <span class='ocrx_word' id='word_1_619' title='bbox 3023 1501 3332 1558; x_wconf 87' lang='lat' dir='ltr'><strong>Noluernnt.</strong></span> <span class='ocrx_word' id='word_1_620' title='bbox 3356 1503 3466 1558; x_wconf 82' lang='lat' dir='ltr'><strong>Nec</strong></span> <span class='ocrx_word' id='word_1_621' title='bbox 3490 1505 3751 1559; x_wconf 88' lang='lat' dir='ltr'><strong>mireris.</strong></span> 
     </span>
    </p>
   </div>
   <div class='ocr_carea' id='block_1_75' title="bbox 2146 1591 3762 1665">
    <p class='ocr_par' dir='ltr' id='par_1_75' title="bbox 2146 1591 3762 1665">
     <span class='ocr_line' id='line_1_75' title="bbox 2146 1591 3762 1665; baseline 0.002 -19"><span class='ocrx_word' id='word_1_622' title='bbox 2146 1591 2277 1646; x_wconf 80' lang='lat' dir='ltr'><strong>Nam</strong></span> <span class='ocrx_word' id='word_1_623' title='bbox 2324 1593 2448 1646; x_wconf 84' lang='lat' dir='ltr'><strong>alibi</strong></span> <span class='ocrx_word' id='word_1_624' title='bbox 2498 1607 2706 1662; x_wconf 88' lang='lat' dir='ltr'><strong>quoque</strong></span> <span class='ocrx_word' id='word_1_625' title='bbox 2752 1593 2825 1646; x_wconf 87' lang='lat' dir='ltr'><strong>ait</strong></span> <span class='ocrx_word' id='word_1_626' title='bbox 2873 1610 2888 1646; x_wconf 91' lang='lat'><strong>:</strong></span> <span class='ocrx_word' id='word_1_627' title='bbox 2935 1592 3035 1658; x_wconf 81' lang='lat' dir='ltr'><strong>Qui</strong></span> <span class='ocrx_word' id='word_1_628' title='bbox 3077 1602 3237 1664; x_wconf 85' lang='lat' dir='ltr'><strong>potest</strong></span> <span class='ocrx_word' id='word_1_629' title='bbox 3279 1611 3495 1664; x_wconf 85' lang='lat' dir='ltr'><strong>capere,</strong></span> <span class='ocrx_word' id='word_1_630' title='bbox 3551 1597 3762 1665; x_wconf 81' lang='lat' dir='ltr'><strong>capiat-</strong></span> 
     </span>
    </p>
   </div>
   <div class='ocr_carea' id='block_1_76' title="bbox 2149 1682 3749 1756">
    <p class='ocr_par' dir='ltr' id='par_1_76' title="bbox 2149 1682 3749 1756">
     <span class='ocr_line' id='line_1_76' title="bbox 2149 1682 3749 1756; baseline 0.006 -21"><span class='ocrx_word' id='word_1_631' title='bbox 2149 1682 2359 1754; x_wconf 80' lang='lat' dir='ltr'><strong>(Matth.</strong></span> <span class='ocrx_word' id='word_1_632' title='bbox 2403 1682 2489 1737; x_wconf 82' lang='grc'><strong>19.</strong></span> <span class='ocrx_word' id='word_1_633' title='bbox 2537 1684 2658 1750; x_wconf 71' lang='grc'><strong>12).</strong></span> <span class='ocrx_word' id='word_1_634' title='bbox 2701 1684 2789 1739; x_wconf 87' lang='lat' dir='ltr'><strong>Sic</strong></span> <span class='ocrx_word' id='word_1_635' title='bbox 2814 1698 2958 1754; x_wconf 71' lang='lat' dir='ltr'><strong>saepe</strong></span> <span class='ocrx_word' id='word_1_636' title='bbox 3001 1685 3138 1739; x_wconf 88' lang='lat' dir='ltr'><strong>solet</strong></span> <span class='ocrx_word' id='word_1_637' title='bbox 3165 1694 3477 1754; x_wconf 86' lang='lat' dir='ltr'><strong>potestatem</strong></span> <span class='ocrx_word' id='word_1_638' title='bbox 3505 1703 3613 1756; x_wconf 87' lang='lat' dir='ltr'><strong>pro</strong></span> <span class='ocrx_word' id='word_1_639' title='bbox 3635 1703 3749 1744; x_wconf 53' lang='lat' dir='ltr'><strong>vo.</strong></span> 
     </span>
    </p>
   </div>
   <div class='ocr_carea' id='block_1_77' title="bbox 2147 1777 3748 1849">
    <p class='ocr_par' dir='ltr' id='par_1_77' title="bbox 2147 1777 3748 1849">
     <span class='ocr_line' id='line_1_77' title="bbox 2147 1777 3748 1849; baseline 0.002 -18"><span class='ocrx_word' id='word_1_640' title='bbox 2147 1777 2346 1831; x_wconf 71' lang='lat' dir='ltr'><strong>lunutte</strong></span> <span class='ocrx_word' id='word_1_641' title='bbox 2375 1792 2591 1844; x_wconf 91' lang='lat' dir='ltr'><strong>ponere.</strong></span> <span class='ocrx_word' id='word_1_642' title='bbox 2625 1777 2924 1847; x_wconf 91' lang='lat' dir='ltr'><strong>lterumque</strong></span> <span class='ocrx_word' id='word_1_643' title='bbox 2947 1819 2963 1844; x_wconf 96' lang='lat'><strong>,</strong></span> <span class='ocrx_word' id='word_1_644' title='bbox 2997 1777 3118 1832; x_wconf 84' lang='lat' dir='ltr'><strong>Non</strong></span> <span class='ocrx_word' id='word_1_645' title='bbox 3159 1788 3318 1849; x_wconf 86' lang='lat' dir='ltr'><strong>potest</strong></span> <span class='ocrx_word' id='word_1_646' title='bbox 3369 1781 3595 1836; x_wconf 86' lang='lat' dir='ltr'><strong>mundus</strong></span> <span class='ocrx_word' id='word_1_647' title='bbox 3649 1798 3748 1836; x_wconf 75' lang='lat' dir='ltr'><strong>vos</strong></span> 
     </span>
    </p>
   </div>
   <div class='ocr_carea' id='block_1_78' title="bbox 2146 1867 3744 1941">
    <p class='ocr_par' dir='ltr' id='par_1_78' title="bbox 2146 1867 3744 1941">
     <span class='ocr_line' id='line_1_78' title="bbox 2146 1867 3744 1941; baseline 0.003 -19"><span class='ocrx_word' id='word_1_648' title='bbox 2146 1867 2262 1922; x_wconf 91' lang='lat' dir='ltr'><strong>odio</strong></span> <span class='ocrx_word' id='word_1_649' title='bbox 2300 1867 2503 1930; x_wconf 81' lang='lat' dir='ltr'><strong>habere;</strong></span> <span class='ocrx_word' id='word_1_650' title='bbox 2528 1884 2607 1922; x_wconf 91' lang='lat' dir='ltr'><strong>me</strong></span> <span class='ocrx_word' id='word_1_651' title='bbox 2643 1878 2811 1922; x_wconf 81' lang='lat' dir='ltr'><strong>autent</strong></span> <span class='ocrx_word' id='word_1_652' title='bbox 2836 1870 2953 1922; x_wconf 91' lang='lat' dir='ltr'><strong>odio</strong></span> <span class='ocrx_word' id='word_1_653' title='bbox 2981 1871 3126 1924; x_wconf 83' lang='lat' dir='ltr'><strong>habet</strong></span> <span class='ocrx_word' id='word_1_654' title='bbox 3165 1870 3342 1941; x_wconf 86' lang='lat' dir='ltr'><strong>(Joan.</strong></span> <span class='ocrx_word' id='word_1_655' title='bbox 3371 1871 3423 1925; x_wconf 89' lang='lat'><strong>7.</strong></span> <span class='ocrx_word' id='word_1_656' title='bbox 3457 1872 3536 1940; x_wconf 88' lang='lat'><strong>7).</strong></span> <span class='ocrx_word' id='word_1_657' title='bbox 3571 1872 3744 1940; x_wconf 86' lang='lat' dir='ltr'><strong>Quod</strong></span> 
     </span>
    </p>
   </div>
   <div class='ocr_carea' id='block_1_79' title="bbox 2145 1958 3744 2018">
    <p class='ocr_par' dir='ltr' id='par_1_79' title="bbox 2145 1958 3744 2018">
     <span class='ocr_line' id='line_1_79' title="bbox 2145 1958 3744 2018; baseline 0.004 -6"><span class='ocrx_word' id='word_1_658' title='bbox 2145 1958 2302 2012; x_wconf 88' lang='lat' dir='ltr'><strong>etiam</strong></span> <span class='ocrx_word' id='word_1_659' title='bbox 2349 1958 2401 2011; x_wconf 92' lang='lat' dir='ltr'><strong>in</strong></span> <span class='ocrx_word' id='word_1_660' title='bbox 2443 1959 2718 2013; x_wconf 91' lang='lat' dir='ltr'><strong>communi</strong></span> <span class='ocrx_word' id='word_1_661' title='bbox 2765 1974 2862 2014; x_wconf 92' lang='lat' dir='ltr'><strong>usu</strong></span> <span class='ocrx_word' id='word_1_662' title='bbox 2911 1962 3227 2016; x_wconf 86' lang='lat' dir='ltr'><strong>observatur</strong></span> <span class='ocrx_word' id='word_1_663' title='bbox 3268 1981 3281 2016; x_wconf 91' lang='lat'><strong>:</strong></span> <span class='ocrx_word' id='word_1_664' title='bbox 3323 1971 3378 2016; x_wconf 93' lang='lat' dir='ltr'><strong>ut</strong></span> <span class='ocrx_word' id='word_1_665' title='bbox 3425 1978 3548 2017; x_wconf 93' lang='lat' dir='ltr'><strong>cum</strong></span> <span class='ocrx_word' id='word_1_666' title='bbox 3596 1963 3744 2018; x_wconf 85' lang='lat' dir='ltr'><strong>dicit</strong></span> 
     </span>
    </p>
   </div>
   <div class='ocr_carea' id='block_1_80' title="bbox 2145 2049 3740 2123">
    <p class='ocr_par' dir='ltr' id='par_1_80' title="bbox 2145 2049 3740 2123">
     <span class='ocr_line' id='line_1_80' title="bbox 2145 2049 3740 2123; baseline 0.006 -21"><span class='ocrx_word' id='word_1_667' title='bbox 2145 2049 2427 2123; x_wconf 88' lang='lat' dir='ltr'><strong>quispiam,</strong></span> <span class='ocrx_word' id='word_1_668' title='bbox 2458 2065 2562 2103; x_wconf 92' lang='lat' dir='ltr'><strong>non</strong></span> <span class='ocrx_word' id='word_1_669' title='bbox 2592 2065 2805 2119; x_wconf 91' lang='lat' dir='ltr'><strong>possum</strong></span> <span class='ocrx_word' id='word_1_670' title='bbox 2833 2049 2979 2106; x_wconf 91' lang='lat' dir='ltr'><strong>illum</strong></span> <span class='ocrx_word' id='word_1_671' title='bbox 3012 2054 3167 2108; x_wconf 89' lang='lat' dir='ltr'><strong>talem</strong></span> <span class='ocrx_word' id='word_1_672' title='bbox 3203 2069 3404 2120; x_wconf 89' lang='lat' dir='ltr'><strong>amare,</strong></span> <span class='ocrx_word' id='word_1_673' title='bbox 3431 2055 3740 2112; x_wconf 85' lang='lat' dir='ltr'><strong>voluntatis</strong></span> 
     </span>
    </p>
   </div>
   <div class='ocr_carea' id='block_1_81' title="bbox 2144 2139 3734 2210">
    <p class='ocr_par' dir='ltr' id='par_1_81' title="bbox 2144 2139 3734 2210">
     <span class='ocr_line' id='line_1_81' title="bbox 2144 2139 3734 2210; baseline 0.007 -19"><span class='ocrx_word' id='word_1_674' title='bbox 2144 2139 2533 2194; x_wconf 78' lang='lat' dir='ltr'><strong>vehementiam</strong></span> <span class='ocrx_word' id='word_1_675' title='bbox 2585 2149 2900 2210; x_wconf 90' lang='lat' dir='ltr'><strong>potestatem</strong></span> <span class='ocrx_word' id='word_1_676' title='bbox 2941 2157 3184 2197; x_wconf 91' lang='lat' dir='ltr'><strong>vocans:</strong></span> <span class='ocrx_word' id='word_1_677' title='bbox 3220 2160 3283 2200; x_wconf 89' lang='lat' dir='ltr'><strong>ac</strong></span> <span class='ocrx_word' id='word_1_678' title='bbox 3331 2161 3575 2210; x_wconf 90' lang='lat' dir='ltr'><strong>rursum,</strong></span> <span class='ocrx_word' id='word_1_679' title='bbox 3630 2145 3734 2202; x_wconf 84' lang='lat' dir='ltr'><strong>Ille</strong></span> 
     </span>
    </p>
   </div>
   <div class='ocr_carea' id='block_1_82' title="bbox 2146 2227 3734 2304">
    <p class='ocr_par' dir='ltr' id='par_1_82' title="bbox 2146 2227 3734 2304">
     <span class='ocr_line' id='line_1_82' title="bbox 2146 2227 3734 2304; baseline 0.005 -23"><span class='ocrx_word' id='word_1_680' title='bbox 2146 2227 2266 2282; x_wconf 85' lang='lat' dir='ltr'><strong>talis</strong></span> <span class='ocrx_word' id='word_1_681' title='bbox 2296 2229 2406 2280; x_wconf 88' lang='lat' dir='ltr'><strong>ﬁeri</strong></span> <span class='ocrx_word' id='word_1_682' title='bbox 2439 2244 2542 2281; x_wconf 89' lang='lat' dir='ltr'><strong>non</strong></span> <span class='ocrx_word' id='word_1_683' title='bbox 2575 2238 2750 2298; x_wconf 87' lang='lat' dir='ltr'><strong>potest</strong></span> <span class='ocrx_word' id='word_1_684' title='bbox 2777 2229 2968 2286; x_wconf 86' lang='lat' dir='ltr'><strong>bonus.</strong></span> <span class='ocrx_word' id='word_1_685' title='bbox 2991 2231 3059 2286; x_wconf 87' lang='lat' dir='ltr'><strong>Et</strong></span> <span class='ocrx_word' id='word_1_686' title='bbox 3086 2233 3338 2302; x_wconf 83' lang='lat' dir='ltr'><strong>propheta</strong></span> <span class='ocrx_word' id='word_1_687' title='bbox 3361 2234 3482 2304; x_wconf 89' lang='lat' dir='ltr'><strong>quid</strong></span> <span class='ocrx_word' id='word_1_688' title='bbox 3509 2234 3628 2288; x_wconf 83' lang='lat' dir='ltr'><strong>ait?</strong></span> <span class='ocrx_word' id='word_1_689' title='bbox 3662 2233 3734 2291; x_wconf 84' lang='lat' dir='ltr'><strong>Si</strong></span> 
     </span>
    </p>
   </div>
   <div class='ocr_carea' id='block_1_83' title="bbox 2145 2319 3736 2393">
    <p class='ocr_par' dir='ltr' id='par_1_83' title="bbox 2145 2319 3736 2393">
     <span class='ocr_line' id='line_1_83' title="bbox 2145 2319 3736 2393; baseline 0.004 -21"><span class='ocrx_word' id='word_1_690' title='bbox 2145 2320 2353 2374; x_wconf 88' lang='lat' dir='ltr'><strong>mutabit</strong></span> <span class='ocrx_word' id='word_1_691' title='bbox 2379 2319 2624 2390; x_wconf 66' lang='lat' dir='ltr'><strong>zEthiops</strong></span> <span class='ocrx_word' id='word_1_692' title='bbox 2643 2322 2820 2390; x_wconf 81' lang='lat' dir='ltr'><strong>pellem</strong></span> <span class='ocrx_word' id='word_1_693' title='bbox 2843 2337 3009 2386; x_wconf 87' lang='lat' dir='ltr'><strong>suam,</strong></span> <span class='ocrx_word' id='word_1_694' title='bbox 3039 2333 3084 2376; x_wconf 86' lang='lat' dir='ltr'><strong>et</strong></span> <span class='ocrx_word' id='word_1_695' title='bbox 3108 2323 3297 2393; x_wconf 86' lang='lat' dir='ltr'><strong>pardus</strong></span> <span class='ocrx_word' id='word_1_696' title='bbox 3323 2325 3544 2379; x_wconf 88' lang='lat' dir='ltr'><strong>maculas</strong></span> <span class='ocrx_word' id='word_1_697' title='bbox 3574 2342 3736 2390; x_wconf 77' lang='lat' dir='ltr'><strong>suas;</strong></span> 
     </span>
    </p>
   </div>
   <div class='ocr_carea' id='block_1_84' title="bbox 2143 2413 3732 2486">
    <p class='ocr_par' dir='ltr' id='par_1_84' title="bbox 2143 2413 3732 2486">
     <span class='ocr_line' id='line_1_84' title="bbox 2143 2413 3732 2486; baseline 0.003 -20"><span class='ocrx_word' id='word_1_698' title='bbox 2143 2424 2188 2467; x_wconf 87' lang='lat' dir='ltr'><strong>et</strong></span> <span class='ocrx_word' id='word_1_699' title='bbox 2217 2413 2434 2484; x_wconf 83' lang='lat' dir='ltr'><strong>populus</strong></span> <span class='ocrx_word' id='word_1_700' title='bbox 2479 2415 2559 2468; x_wconf 85' lang='lat' dir='ltr'><strong>hic</strong></span> <span class='ocrx_word' id='word_1_701' title='bbox 2599 2416 2780 2481; x_wconf 85' lang='lat' dir='ltr'><strong>poterit</strong></span> <span class='ocrx_word' id='word_1_702' title='bbox 2825 2415 2947 2469; x_wconf 80' lang='lat' dir='ltr'><strong>bene</strong></span> <span class='ocrx_word' id='word_1_703' title='bbox 2983 2417 3148 2486; x_wconf 79' lang='lat' dir='ltr'><strong>facere</strong></span> <span class='ocrx_word' id='word_1_704' title='bbox 3171 2457 3188 2482; x_wconf 92' lang='lat'><strong>,</strong></span> <span class='ocrx_word' id='word_1_705' title='bbox 3232 2416 3318 2486; x_wconf 89' lang='lat' dir='ltr'><strong>qui</strong></span> <span class='ocrx_word' id='word_1_706' title='bbox 3359 2417 3535 2470; x_wconf 90' lang='lat' dir='ltr'><strong>didicit</strong></span> <span class='ocrx_word' id='word_1_707' title='bbox 3583 2418 3732 2470; x_wconf 84' lang='lat' dir='ltr'><strong>mala</strong></span> 
     </span>
    </p>
   </div>
   <div class='ocr_carea' id='block_1_85' title="bbox 2145 2507 3735 2578">
    <p class='ocr_par' dir='ltr' id='par_1_85' title="bbox 2145 2507 3735 2578">
     <span class='ocr_line' id='line_1_85' title="bbox 2145 2507 3735 2578; baseline 0.003 -19"><span class='ocrx_word' id='word_1_708' title='bbox 2145 2507 2285 2575; x_wconf 81' lang='lat' dir='ltr'><strong>(Jer.</strong></span> <span class='ocrx_word' id='word_1_709' title='bbox 2314 2509 2401 2562; x_wconf 74' lang='grc'><strong>13.</strong></span> <span class='ocrx_word' id='word_1_710' title='bbox 2431 2507 2550 2575; x_wconf 72' lang='lat'><strong>25).</strong></span> <span class='ocrx_word' id='word_1_711' title='bbox 2577 2507 2692 2562; x_wconf 87' lang='lat' dir='ltr'><strong>Non</strong></span> <span class='ocrx_word' id='word_1_712' title='bbox 2721 2508 2844 2562; x_wconf 92' lang='lat' dir='ltr'><strong>ideo</strong></span> <span class='ocrx_word' id='word_1_713' title='bbox 2872 2507 2985 2562; x_wconf 65' lang='lat' dir='ltr'><strong>haec</strong></span> <span class='ocrx_word' id='word_1_714' title='bbox 3023 2507 3186 2573; x_wconf 87' lang='lat' dir='ltr'><strong>dicit,</strong></span> <span class='ocrx_word' id='word_1_715' title='bbox 3213 2508 3355 2578; x_wconf 90' lang='lat' dir='ltr'><strong>quod</strong></span> <span class='ocrx_word' id='word_1_716' title='bbox 3383 2523 3485 2561; x_wconf 92' lang='lat' dir='ltr'><strong>non</strong></span> <span class='ocrx_word' id='word_1_717' title='bbox 3512 2508 3735 2577; x_wconf 87' lang='lat' dir='ltr'><strong>possint</strong></span> 
     </span>
    </p>
   </div>
   <div class='ocr_carea' id='block_1_86' title="bbox 2143 2595 3735 2665">
    <p class='ocr_par' dir='ltr' id='par_1_86' title="bbox 2143 2595 3735 2665">
     <span class='ocr_line' id='line_1_86' title="bbox 2143 2595 3735 2665; baseline 0.002 -16"><span class='ocrx_word' id='word_1_718' title='bbox 2143 2597 2216 2650; x_wconf 92' lang='lat' dir='ltr'><strong>illi</strong></span> <span class='ocrx_word' id='word_1_719' title='bbox 2249 2595 2496 2651; x_wconf 89' lang='lat' dir='ltr'><strong>virtutem</strong></span> <span class='ocrx_word' id='word_1_720' title='bbox 2519 2611 2811 2662; x_wconf 86' lang='lat' dir='ltr'><strong>exercere;</strong></span> <span class='ocrx_word' id='word_1_721' title='bbox 2843 2597 2936 2652; x_wconf 86' lang='lat' dir='ltr'><strong>sed</strong></span> <span class='ocrx_word' id='word_1_722' title='bbox 2981 2597 3122 2665; x_wconf 91' lang='lat' dir='ltr'><strong>quod</strong></span> <span class='ocrx_word' id='word_1_723' title='bbox 3168 2597 3404 2661; x_wconf 88' lang='lat' dir='ltr'><strong>nollent,</strong></span> <span class='ocrx_word' id='word_1_724' title='bbox 3448 2597 3568 2652; x_wconf 90' lang='lat' dir='ltr'><strong>ideo</strong></span> <span class='ocrx_word' id='word_1_725' title='bbox 3611 2613 3735 2652; x_wconf 83' lang='lat' dir='ltr'><strong>non</strong></span> 
     </span>
    </p>
   </div>
   <div class='ocr_carea' id='block_1_87' title="bbox 2143 2687 3728 2757">
    <p class='ocr_par' dir='ltr' id='par_1_87' title="bbox 2143 2687 3728 2757">
     <span class='ocr_line' id='line_1_87' title="bbox 2143 2687 3728 2757; baseline 0.003 -19"><span class='ocrx_word' id='word_1_726' title='bbox 2143 2703 2320 2756; x_wconf 85' lang='lat' dir='ltr'><strong>posse.</strong></span> <span class='ocrx_word' id='word_1_727' title='bbox 2353 2687 2464 2741; x_wconf 87' lang='lat' dir='ltr'><strong>Hoc</strong></span> <span class='ocrx_word' id='word_1_728' title='bbox 2490 2696 2666 2741; x_wconf 91' lang='lat' dir='ltr'><strong>autem</strong></span> <span class='ocrx_word' id='word_1_729' title='bbox 2697 2688 2782 2742; x_wconf 90' lang='lat' dir='ltr'><strong>hic</strong></span> <span class='ocrx_word' id='word_1_730' title='bbox 2809 2687 2908 2742; x_wconf 90' lang='lat' dir='ltr'><strong>sibi</strong></span> <span class='ocrx_word' id='word_1_731' title='bbox 2931 2690 3042 2742; x_wconf 91' lang='lat' dir='ltr'><strong>vult</strong></span> <span class='ocrx_word' id='word_1_732' title='bbox 3062 2688 3404 2757; x_wconf 85' lang='lat' dir='ltr'><strong>evangelista,</strong></span> <span class='ocrx_word' id='word_1_733' title='bbox 3427 2704 3532 2742; x_wconf 91' lang='lat' dir='ltr'><strong>non</strong></span> <span class='ocrx_word' id='word_1_734' title='bbox 3558 2703 3728 2756; x_wconf 80' lang='lat' dir='ltr'><strong>posse</strong></span> 
     </span>
    </p>
   </div>
   <div class='ocr_carea' id='block_1_88' title="bbox 2142 2779 3724 2850">
    <p class='ocr_par' dir='ltr' id='par_1_88' title="bbox 2142 2779 3724 2850">
     <span class='ocr_line' id='line_1_88' title="bbox 2142 2779 3724 2850; baseline -0.001 -15"><span class='ocrx_word' id='word_1_735' title='bbox 2142 2781 2352 2835; x_wconf 85' lang='lat' dir='ltr'><strong>mentiri</strong></span> <span class='ocrx_word' id='word_1_736' title='bbox 2385 2779 2732 2850; x_wconf 85' lang='lat' dir='ltr'><strong>prophetam,</strong></span> <span class='ocrx_word' id='word_1_737' title='bbox 2779 2794 2950 2848; x_wconf 91' lang='lat' dir='ltr'><strong>neque</strong></span> <span class='ocrx_word' id='word_1_738' title='bbox 2997 2789 3172 2833; x_wconf 89' lang='lat' dir='ltr'><strong>tamen</strong></span> <span class='ocrx_word' id='word_1_739' title='bbox 3220 2779 3338 2833; x_wconf 90' lang='lat' dir='ltr'><strong>ideo</strong></span> <span class='ocrx_word' id='word_1_740' title='bbox 3388 2779 3724 2846; x_wconf 82' lang='lat' dir='ltr'><strong>impossibile</strong></span> 
     </span>
    </p>
   </div>
   <div class='ocr_carea' id='block_1_89' title="bbox 2141 2868 3726 2925">
    <p class='ocr_par' dir='ltr' id='par_1_89' title="bbox 2141 2868 3726 2925">
     <span class='ocr_line' id='line_1_89' title="bbox 2141 2868 3726 2925; baseline -0.001 0"><span class='ocrx_word' id='word_1_741' title='bbox 2141 2879 2260 2925; x_wconf 89' lang='lat' dir='ltr'><strong>erat</strong></span> <span class='ocrx_word' id='word_1_742' title='bbox 2305 2871 2422 2924; x_wconf 90' lang='lat' dir='ltr'><strong>illos</strong></span> <span class='ocrx_word' id='word_1_743' title='bbox 2452 2870 2690 2924; x_wconf 88' lang='lat' dir='ltr'><strong>credere.</strong></span> <span class='ocrx_word' id='word_1_744' title='bbox 2742 2869 2957 2925; x_wconf 85' lang='lat' dir='ltr'><strong>Poterat</strong></span> <span class='ocrx_word' id='word_1_745' title='bbox 2994 2870 3136 2924; x_wconf 92' lang='lat' dir='ltr'><strong>enim</strong></span> <span class='ocrx_word' id='word_1_746' title='bbox 3184 2868 3294 2924; x_wconf 89' lang='lat' dir='ltr'><strong>ﬁeri</strong></span> <span class='ocrx_word' id='word_1_747' title='bbox 3339 2869 3578 2924; x_wconf 90' lang='lat' dir='ltr'><strong>utetiam</strong></span> <span class='ocrx_word' id='word_1_748' title='bbox 3613 2870 3726 2923; x_wconf 87' lang='lat' dir='ltr'><strong>illis</strong></span> 
     </span>
    </p>
   </div>
   <div class='ocr_carea' id='block_1_90' title="bbox 2140 2960 3721 3030">
    <p class='ocr_par' dir='ltr' id='par_1_90' title="bbox 2140 2960 3721 3030">
     <span class='ocr_line' id='line_1_90' title="bbox 2140 2960 3721 3030; baseline -0.001 -12"><span class='ocrx_word' id='word_1_749' title='bbox 2140 2963 2478 3018; x_wconf 87' lang='lat' dir='ltr'><strong>credentibus</strong></span> <span class='ocrx_word' id='word_1_750' title='bbox 2502 2978 2659 3016; x_wconf 85' lang='lat' dir='ltr'><strong>verax</strong></span> <span class='ocrx_word' id='word_1_751' title='bbox 2707 2971 2848 3016; x_wconf 92' lang='lat' dir='ltr'><strong>esset</strong></span> <span class='ocrx_word' id='word_1_752' title='bbox 2888 2961 3165 3030; x_wconf 86' lang='lat' dir='ltr'><strong>pr0pheta.</strong></span> <span class='ocrx_word' id='word_1_753' title='bbox 3206 2960 3384 3030; x_wconf 87' lang='lat' dir='ltr'><strong>Neque</strong></span> <span class='ocrx_word' id='word_1_754' title='bbox 3410 2961 3552 3016; x_wconf 89' lang='lat' dir='ltr'><strong>enim</strong></span> <span class='ocrx_word' id='word_1_755' title='bbox 3598 2961 3721 3016; x_wconf 78' lang='lat' dir='ltr'><strong>tunc</strong></span> 
     </span>
    </p>
   </div>
   <div class='ocr_carea' id='block_1_91' title="bbox 2139 3050 3728 3122">
    <p class='ocr_par' dir='ltr' id='par_1_91' title="bbox 2139 3050 3728 3122">
     <span class='ocr_line' id='line_1_91' title="bbox 2139 3050 3728 3122; baseline -0.002 -14"><span class='ocrx_word' id='word_1_756' title='bbox 2139 3055 2381 3118; x_wconf 86' lang='lat' dir='ltr'><strong>dixisset,</strong></span> <span class='ocrx_word' id='word_1_757' title='bbox 2411 3055 2454 3107; x_wconf 91' lang='lat' dir='ltr'><strong>si</strong></span> <span class='ocrx_word' id='word_1_758' title='bbox 2485 3053 2736 3108; x_wconf 89' lang='lat' dir='ltr'><strong>credituri</strong></span> <span class='ocrx_word' id='word_1_759' title='bbox 2770 3052 3011 3107; x_wconf 85' lang='lat' dir='ltr'><strong>fuissent.</strong></span> <span class='ocrx_word' id='word_1_760' title='bbox 3059 3050 3198 3112; x_wconf 89' lang='lat' dir='ltr'><strong>Cur.</strong></span> <span class='ocrx_word' id='word_1_761' title='bbox 3233 3053 3474 3122; x_wconf 87' lang='lat' dir='ltr'><strong>inquies,</strong></span> <span class='ocrx_word' id='word_1_762' title='bbox 3508 3068 3612 3108; x_wconf 87' lang='lat' dir='ltr'><strong>non</strong></span> <span class='ocrx_word' id='word_1_763' title='bbox 3639 3053 3728 3106; x_wconf 44' lang='lat' dir='ltr'><strong>ita.</strong></span> 
     </span>
    </p>
   </div>
   <div class='ocr_carea' id='block_1_92' title="bbox 2139 3143 3721 3214">
    <p class='ocr_par' dir='ltr' id='par_1_92' title="bbox 2139 3143 3721 3214">
     <span class='ocr_line' id='line_1_92' title="bbox 2139 3143 3721 3214; baseline -0.003 -14"><span class='ocrx_word' id='word_1_764' title='bbox 2139 3145 2308 3200; x_wconf 78' lang='lat' dir='ltr'><strong>dixit?</strong></span> <span class='ocrx_word' id='word_1_765' title='bbox 2330 3145 2461 3212; x_wconf 87' lang='lat' dir='ltr'><strong>Quia</strong></span> <span class='ocrx_word' id='word_1_766' title='bbox 2487 3146 2618 3198; x_wconf 87' lang='lat' dir='ltr'><strong>tales</strong></span> <span class='ocrx_word' id='word_1_767' title='bbox 2635 3143 2888 3214; x_wconf 89' lang='lat' dir='ltr'><strong>quasdam</strong></span> <span class='ocrx_word' id='word_1_768' title='bbox 2919 3144 3264 3212; x_wconf 84' lang='lat' dir='ltr'><strong>praprietates</strong></span> <span class='ocrx_word' id='word_1_769' title='bbox 3290 3143 3447 3198; x_wconf 86' lang='lat' dir='ltr'><strong>habet</strong></span> <span class='ocrx_word' id='word_1_770' title='bbox 3477 3143 3721 3214; x_wconf 81' lang='lat' dir='ltr'><strong>Scriptu-</strong></span> 
     </span>
    </p>
   </div>
   <div class='ocr_carea' id='block_1_93' title="bbox 2140 3233 3718 3304">
    <p class='ocr_par' dir='ltr' id='par_1_93' title="bbox 2140 3233 3718 3304">
     <span class='ocr_line' id='line_1_93' title="bbox 2140 3233 3718 3304; baseline -0.001 -15"><span class='ocrx_word' id='word_1_771' title='bbox 2140 3253 2230 3300; x_wconf 87' lang='lat' dir='ltr'><strong>ra,</strong></span> <span class='ocrx_word' id='word_1_772' title='bbox 2263 3245 2317 3290; x_wconf 90' lang='lat' dir='ltr'><strong>et</strong></span> <span class='ocrx_word' id='word_1_773' title='bbox 2345 3235 2394 3289; x_wconf 92' lang='lat' dir='ltr'><strong>id</strong></span> <span class='ocrx_word' id='word_1_774' title='bbox 2425 3235 2540 3304; x_wconf 82' lang='lat' dir='ltr'><strong>ejus</strong></span> <span class='ocrx_word' id='word_1_775' title='bbox 2584 3235 2786 3302; x_wconf 79' lang='lat' dir='ltr'><strong>legibus</strong></span> <span class='ocrx_word' id='word_1_776' title='bbox 2823 3233 3242 3289; x_wconf 83' lang='lat' dir='ltr'><strong>Concedendnm.</strong></span> <span class='ocrx_word' id='word_1_777' title='bbox 3290 3233 3416 3288; x_wconf 69' lang='lat' dir='ltr'><strong>licet:</strong></span> <span class='ocrx_word' id='word_1_778' title='bbox 3445 3251 3594 3303; x_wconf 86' lang='lat' dir='ltr'><strong>porro</strong></span> <span class='ocrx_word' id='word_1_779' title='bbox 3633 3235 3718 3287; x_wconf 89' lang='lat' dir='ltr'><strong>di-</strong></span> 
     </span>
    </p>
   </div>
   <div class='ocr_carea' id='block_1_94' title="bbox 2139 3323 3714 3394">
    <p class='ocr_par' dir='ltr' id='par_1_94' title="bbox 2139 3323 3714 3394">
     <span class='ocr_line' id='line_1_94' title="bbox 2139 3323 3714 3394; baseline 0 -16"><span class='ocrx_word' id='word_1_780' title='bbox 2139 3328 2242 3386; x_wconf 66' lang='lat' dir='ltr'><strong>xit,</strong></span> <span class='ocrx_word' id='word_1_781' title='bbox 2269 3342 2383 3378; x_wconf 87' lang='lat' dir='ltr'><strong>cum</strong></span> <span class='ocrx_word' id='word_1_782' title='bbox 2411 3325 2532 3378; x_wconf 82' lang='lat' dir='ltr'><strong>vidit</strong></span> <span class='ocrx_word' id='word_1_783' title='bbox 2558 3323 2774 3394; x_wconf 86' lang='lat' dir='ltr'><strong>gloriam</strong></span> <span class='ocrx_word' id='word_1_784' title='bbox 2811 3325 2937 3394; x_wconf 86' lang='lat' dir='ltr'><strong>ejus.</strong></span> <span class='ocrx_word' id='word_1_785' title='bbox 2977 3323 3181 3392; x_wconf 84' lang='lat' dir='ltr'><strong>Cujus?</strong></span> <span class='ocrx_word' id='word_1_786' title='bbox 3212 3325 3402 3378; x_wconf 86' lang='lat' dir='ltr'><strong>Patris.</strong></span> <span class='ocrx_word' id='word_1_787' title='bbox 3448 3323 3554 3380; x_wconf 91' lang='lat' dir='ltr'><strong>Cur</strong></span> <span class='ocrx_word' id='word_1_788' title='bbox 3583 3341 3714 3394; x_wconf 88' lang='lat' dir='ltr'><strong>ergo</strong></span> 
     </span>
    </p>
   </div>
   <div class='ocr_carea' id='block_1_95' title="bbox 2139 3414 3712 3486">
    <p class='ocr_par' dir='ltr' id='par_1_95' title="bbox 2139 3414 3712 3486">
     <span class='ocr_line' id='line_1_95' title="bbox 2139 3414 3712 3486; baseline 0 -16"><span class='ocrx_word' id='word_1_789' title='bbox 2139 3415 2372 3470; x_wconf 86' lang='lat' dir='ltr'><strong>Joannes</strong></span> <span class='ocrx_word' id='word_1_790' title='bbox 2396 3415 2464 3470; x_wconf 90' lang='lat' dir='ltr'><strong>de</strong></span> <span class='ocrx_word' id='word_1_791' title='bbox 2494 3415 2628 3470; x_wconf 88' lang='lat' dir='ltr'><strong>Filio</strong></span> <span class='ocrx_word' id='word_1_792' title='bbox 2660 3415 2910 3485; x_wconf 90' lang='lat' dir='ltr'><strong>loquitur,</strong></span> <span class='ocrx_word' id='word_1_793' title='bbox 2938 3424 2992 3469; x_wconf 92' lang='lat' dir='ltr'><strong>et</strong></span> <span class='ocrx_word' id='word_1_794' title='bbox 3017 3415 3209 3470; x_wconf 87' lang='lat' dir='ltr'><strong>Paulus</strong></span> <span class='ocrx_word' id='word_1_795' title='bbox 3232 3416 3298 3470; x_wconf 90' lang='lat' dir='ltr'><strong>de</strong></span> <span class='ocrx_word' id='word_1_796' title='bbox 3327 3414 3526 3486; x_wconf 84' lang='lat' dir='ltr'><strong>Spiritu</strong></span> <span class='ocrx_word' id='word_1_797' title='bbox 3548 3417 3572 3470; x_wconf 76' lang='grc' dir='ltr'><strong><em>τ</em></strong></span> <span class='ocrx_word' id='word_1_798' title='bbox 3594 3417 3712 3472; x_wconf 84' lang='lat' dir='ltr'><strong>Non</strong></span> 
     </span>
    </p>
   </div>
   <div class='ocr_carea' id='block_1_96' title="bbox 2140 3503 3713 3576">
    <p class='ocr_par' dir='ltr' id='par_1_96' title="bbox 2140 3503 3713 3576">
     <span class='ocr_line' id='line_1_96' title="bbox 2140 3503 3713 3576; baseline 0.001 -17"><span class='ocrx_word' id='word_1_799' title='bbox 2140 3515 2197 3559; x_wconf 84' lang='grc' dir='ltr'><strong>ιιι</strong></span> <span class='ocrx_word' id='word_1_800' title='bbox 2223 3503 2615 3558; x_wconf 86' lang='lat' dir='ltr'><strong>confundentes</strong></span> <span class='ocrx_word' id='word_1_801' title='bbox 2648 3503 2959 3576; x_wconf 84' lang='lat' dir='ltr'><strong>hypostases</strong></span> <span class='ocrx_word' id='word_1_802' title='bbox 2980 3545 2995 3569; x_wconf 93' lang='lat'><strong>,</strong></span> <span class='ocrx_word' id='word_1_803' title='bbox 3026 3505 3118 3558; x_wconf 87' lang='lat' dir='ltr'><strong>sed</strong></span> <span class='ocrx_word' id='word_1_804' title='bbox 3151 3520 3307 3559; x_wconf 91' lang='lat' dir='ltr'><strong>unam</strong></span> <span class='ocrx_word' id='word_1_805' title='bbox 3351 3507 3713 3576; x_wconf 88' lang='lat' dir='ltr'><strong>signiﬁcantes</strong></span> 
     </span>
    </p>
   </div>
   <div class='ocr_carea' id='block_1_97' title="bbox 2139 3595 3714 3664">
    <p class='ocr_par' dir='ltr' id='par_1_97' title="bbox 2139 3595 3714 3664">
     <span class='ocr_line' id='line_1_97' title="bbox 2139 3595 3714 3664; baseline 0.002 -15"><span class='ocrx_word' id='word_1_806' title='bbox 2139 3596 2470 3663; x_wconf 88' lang='lat' dir='ltr'><strong>dignitatem.</strong></span> <span class='ocrx_word' id='word_1_807' title='bbox 2495 3595 2622 3649; x_wconf 84' lang='lat' dir='ltr'><strong>Nam</strong></span> <span class='ocrx_word' id='word_1_808' title='bbox 2653 3611 2770 3662; x_wconf 76' lang='lat' dir='ltr'><strong>qua:</strong></span> <span class='ocrx_word' id='word_1_809' title='bbox 2796 3595 2967 3650; x_wconf 78' lang='lat' dir='ltr'><strong>Patris</strong></span> <span class='ocrx_word' id='word_1_810' title='bbox 2993 3606 3152 3662; x_wconf 90' lang='lat' dir='ltr'><strong>sunt,</strong></span> <span class='ocrx_word' id='word_1_811' title='bbox 3176 3596 3294 3651; x_wconf 82' lang='lat' dir='ltr'><strong>Filii</strong></span> <span class='ocrx_word' id='word_1_812' title='bbox 3326 3606 3484 3663; x_wconf 88' lang='lat' dir='ltr'><strong>sunt,</strong></span> <span class='ocrx_word' id='word_1_813' title='bbox 3517 3608 3570 3652; x_wconf 92' lang='lat' dir='ltr'><strong>et</strong></span> <span class='ocrx_word' id='word_1_814' title='bbox 3589 3608 3714 3664; x_wconf 78' lang='lat' dir='ltr'><strong>qua:</strong></span> 
     </span>
    </p>
   </div>
   <div class='ocr_carea' id='block_1_98' title="bbox 2140 3685 3710 3757">
    <p class='ocr_par' dir='ltr' id='par_1_98' title="bbox 2140 3685 3710 3757">
     <span class='ocr_line' id='line_1_98' title="bbox 2140 3685 3710 3757; baseline 0.001 -17"><span class='ocrx_word' id='word_1_815' title='bbox 2140 3685 2257 3740; x_wconf 89' lang='lat' dir='ltr'><strong>Filii</strong></span> <span class='ocrx_word' id='word_1_816' title='bbox 2283 3725 2299 3751; x_wconf 93' lang='lat'><strong>,</strong></span> <span class='ocrx_word' id='word_1_817' title='bbox 2328 3686 2500 3740; x_wconf 87' lang='lat' dir='ltr'><strong>Patris</strong></span> <span class='ocrx_word' id='word_1_818' title='bbox 2531 3687 2570 3738; x_wconf 76' lang='grc' dir='ltr'><strong>ί.</strong></span> <span class='ocrx_word' id='word_1_819' title='bbox 2601 3687 2758 3756; x_wconf 85' lang='lat' dir='ltr'><strong>Atqui</strong></span> <span class='ocrx_word' id='word_1_820' title='bbox 2788 3686 2951 3740; x_wconf 90' lang='lat' dir='ltr'><strong>multa</strong></span> <span class='ocrx_word' id='word_1_821' title='bbox 2983 3701 3078 3750; x_wconf 91' lang='lat' dir='ltr'><strong>per</strong></span> <span class='ocrx_word' id='word_1_822' title='bbox 3101 3686 3319 3757; x_wconf 81' lang='lat' dir='ltr'><strong>angelos</strong></span> <span class='ocrx_word' id='word_1_823' title='bbox 3349 3687 3504 3754; x_wconf 89' lang='lat' dir='ltr'><strong>dixit,</strong></span> <span class='ocrx_word' id='word_1_824' title='bbox 3536 3697 3590 3742; x_wconf 93' lang='lat' dir='ltr'><strong>et</strong></span> <span class='ocrx_word' id='word_1_825' title='bbox 3615 3702 3710 3742; x_wconf 92' lang='lat' dir='ltr'><strong>ne-</strong></span> 
     </span>
    </p>
   </div>
   <div class='ocr_carea' id='block_1_99' title="bbox 2139 3775 3710 3846">
    <p class='ocr_par' dir='ltr' id='par_1_99' title="bbox 2139 3775 3710 3846">
     <span class='ocr_line' id='line_1_99' title="bbox 2139 3775 3710 3846; baseline 0 -16"><span class='ocrx_word' id='word_1_826' title='bbox 2139 3791 2228 3830; x_wconf 91' lang='lat' dir='ltr'><strong>mo</strong></span> <span class='ocrx_word' id='word_1_827' title='bbox 2259 3786 2431 3831; x_wconf 91' lang='lat' dir='ltr'><strong>tamen</strong></span> <span class='ocrx_word' id='word_1_828' title='bbox 2475 3775 2587 3842; x_wconf 90' lang='lat' dir='ltr'><strong>ait,</strong></span> <span class='ocrx_word' id='word_1_829' title='bbox 2615 3776 2764 3832; x_wconf 88' lang='lat' dir='ltr'><strong>Sicut</strong></span> <span class='ocrx_word' id='word_1_830' title='bbox 2789 3776 2922 3830; x_wconf 92' lang='lat' dir='ltr'><strong>dixit</strong></span> <span class='ocrx_word' id='word_1_831' title='bbox 2963 3777 3208 3846; x_wconf 86' lang='lat' dir='ltr'><strong>angelus;</strong></span> <span class='ocrx_word' id='word_1_832' title='bbox 3260 3777 3351 3831; x_wconf 91' lang='lat' dir='ltr'><strong>sed</strong></span> <span class='ocrx_word' id='word_1_833' title='bbox 3381 3777 3542 3846; x_wconf 80' lang='lat' dir='ltr'><strong>quid?</strong></span> <span class='ocrx_word' id='word_1_834' title='bbox 3568 3777 3710 3830; x_wconf 83' lang='lat' dir='ltr'><strong>Deus</strong></span> 
     </span>
    </p>
   </div>
   <div class='ocr_carea' id='block_1_100' title="bbox 2135 3865 3703 3937">
    <p class='ocr_par' dir='ltr' id='par_1_100' title="bbox 2135 3865 3703 3937">
     <span class='ocr_line' id='line_1_100' title="bbox 2135 3865 3703 3937; baseline -0.001 -17"><span class='ocrx_word' id='word_1_835' title='bbox 2135 3865 2288 3920; x_wconf 88' lang='lat' dir='ltr'><strong>dixit.</strong></span> <span class='ocrx_word' id='word_1_836' title='bbox 2320 3865 2450 3934; x_wconf 66' lang='lat' dir='ltr'><strong>Quae</strong></span> <span class='ocrx_word' id='word_1_837' title='bbox 2475 3867 2616 3921; x_wconf 91' lang='lat' dir='ltr'><strong>enim</strong></span> <span class='ocrx_word' id='word_1_838' title='bbox 2665 3882 2695 3920; x_wconf 87' lang='lat' dir='ltr'><strong>a</strong></span> <span class='ocrx_word' id='word_1_839' title='bbox 2745 3867 2855 3921; x_wconf 91' lang='lat' dir='ltr'><strong>Deo</strong></span> <span class='ocrx_word' id='word_1_840' title='bbox 2899 3883 2994 3937; x_wconf 89' lang='lat' dir='ltr'><strong>per</strong></span> <span class='ocrx_word' id='word_1_841' title='bbox 3017 3867 3232 3936; x_wconf 84' lang='lat' dir='ltr'><strong>angelos</strong></span> <span class='ocrx_word' id='word_1_842' title='bbox 3255 3867 3391 3920; x_wconf 90' lang='lat' dir='ltr'><strong>dicta</strong></span> <span class='ocrx_word' id='word_1_843' title='bbox 3417 3876 3574 3932; x_wconf 91' lang='lat' dir='ltr'><strong>sunt,</strong></span> <span class='ocrx_word' id='word_1_844' title='bbox 3612 3866 3703 3920; x_wconf 89' lang='lat' dir='ltr'><strong>Dei</strong></span> 
     </span>
    </p>
   </div>
   <div class='ocr_carea' id='block_1_101' title="bbox 2138 3956 3703 4028">
    <p class='ocr_par' dir='ltr' id='par_1_101' title="bbox 2138 3956 3703 4028">
     <span class='ocr_line' id='line_1_101' title="bbox 2138 3956 3703 4028; baseline -0.001 -16"><span class='ocrx_word' id='word_1_845' title='bbox 2138 3967 2291 4023; x_wconf 86' lang='lat' dir='ltr'><strong>sunt;</strong></span> <span class='ocrx_word' id='word_1_846' title='bbox 2324 3973 2430 4013; x_wconf 91' lang='lat' dir='ltr'><strong>non</strong></span> <span class='ocrx_word' id='word_1_847' title='bbox 2469 3959 2594 4012; x_wconf 92' lang='lat' dir='ltr'><strong>item</strong></span> <span class='ocrx_word' id='word_1_848' title='bbox 2621 3974 2740 4028; x_wconf 68' lang='lat' dir='ltr'><strong>qua:</strong></span> <span class='ocrx_word' id='word_1_849' title='bbox 2787 3958 2880 4012; x_wconf 92' lang='lat' dir='ltr'><strong>Dei</strong></span> <span class='ocrx_word' id='word_1_850' title='bbox 2922 3967 3062 4020; x_wconf 91' lang='lat' dir='ltr'><strong>sunt,</strong></span> <span class='ocrx_word' id='word_1_851' title='bbox 3097 3957 3400 4028; x_wconf 85' lang='lat' dir='ltr'><strong>angelorum</strong></span> <span class='ocrx_word' id='word_1_852' title='bbox 3433 3965 3573 4011; x_wconf 89' lang='lat' dir='ltr'><strong>sunt.</strong></span> <span class='ocrx_word' id='word_1_853' title='bbox 3608 3956 3703 4010; x_wconf 88' lang='lat' dir='ltr'><strong>llic</strong></span> 
     </span>
    </p>
   </div>
   <div class='ocr_carea' id='block_1_102' title="bbox 2139 4047 3701 4120">
    <p class='ocr_par' dir='ltr' id='par_1_102' title="bbox 2139 4047 3701 4120">
     <span class='ocr_line' id='line_1_102' title="bbox 2139 4047 3701 4120; baseline 0.001 -21"><span class='ocrx_word' id='word_1_854' title='bbox 2139 4063 2271 4102; x_wconf 89' lang='lat' dir='ltr'><strong>vero</strong></span> <span class='ocrx_word' id='word_1_855' title='bbox 2301 4048 2374 4102; x_wconf 87' lang='lat' dir='ltr'><strong>ait</strong></span> <span class='ocrx_word' id='word_1_856' title='bbox 2411 4048 2572 4104; x_wconf 89' lang='lat' dir='ltr'><strong>verba</strong></span> <span class='ocrx_word' id='word_1_857' title='bbox 2611 4047 2838 4118; x_wconf 86' lang='lat' dir='ltr'><strong>Spiritus</strong></span> <span class='ocrx_word' id='word_1_858' title='bbox 2873 4064 3011 4104; x_wconf 92' lang='lat' dir='ltr'><strong>esse.</strong></span> <span class='ocrx_word' id='word_1_859' title='bbox 3042 4047 3106 4102; x_wconf 87' lang='lat' dir='ltr'><strong>Et</strong></span> <span class='ocrx_word' id='word_1_860' title='bbox 3148 4049 3379 4120; x_wconf 87' lang='lat' dir='ltr'><strong>loquutus</strong></span> <span class='ocrx_word' id='word_1_861' title='bbox 3420 4056 3493 4100; x_wconf 88' lang='lat' dir='ltr'><strong>est</strong></span> <span class='ocrx_word' id='word_1_862' title='bbox 3534 4047 3596 4100; x_wconf 87' lang='lat' dir='ltr'><strong>de</strong></span> <span class='ocrx_word' id='word_1_863' title='bbox 3621 4062 3701 4100; x_wconf 86' lang='lat' dir='ltr'><strong>eo.</strong></span> 
     </span>
    </p>
   </div>
   <div class='ocr_carea' id='block_1_103' title="bbox 2137 4138 3708 4210">
    <p class='ocr_par' dir='ltr' id='par_1_103' title="bbox 2137 4138 3708 4210">
     <span class='ocr_line' id='line_1_103' title="bbox 2137 4138 3708 4210; baseline 0 -20"><span class='ocrx_word' id='word_1_864' title='bbox 2137 4138 2271 4206; x_wconf 87' lang='lat' dir='ltr'><strong>Quid</strong></span> <span class='ocrx_word' id='word_1_865' title='bbox 2302 4139 2550 4210; x_wconf 87' lang='lat' dir='ltr'><strong>loquutus</strong></span> <span class='ocrx_word' id='word_1_866' title='bbox 2575 4140 2690 4194; x_wconf 87' lang='lat' dir='ltr'><strong>est?</strong></span> <span class='ocrx_word' id='word_1_867' title='bbox 2724 4139 2839 4194; x_wconf 77' lang='lat' dir='ltr'><strong>Vidi</strong></span> <span class='ocrx_word' id='word_1_868' title='bbox 2877 4140 3145 4194; x_wconf 89' lang='lat' dir='ltr'><strong>Dominum</strong></span> <span class='ocrx_word' id='word_1_869' title='bbox 3171 4139 3421 4194; x_wconf 86' lang='lat' dir='ltr'><strong>sedentem</strong></span> <span class='ocrx_word' id='word_1_870' title='bbox 3445 4155 3596 4208; x_wconf 85' lang='lat' dir='ltr'><strong>super</strong></span> <span class='ocrx_word' id='word_1_871' title='bbox 3619 4153 3708 4190; x_wconf 88' lang='lat' dir='ltr'><strong>so-</strong></span> 
     </span>
    </p>
   </div>
   <div class='ocr_carea' id='block_1_104' title="bbox 2139 4228 3710 4302">
    <p class='ocr_par' dir='ltr' id='par_1_104' title="bbox 2139 4228 3710 4302">
     <span class='ocr_line' id='line_1_104' title="bbox 2139 4228 3710 4302; baseline 0.001 -22"><span class='ocrx_word' id='word_1_872' title='bbox 2139 4229 2261 4282; x_wconf 85' lang='lat' dir='ltr'><strong>lium</strong></span> <span class='ocrx_word' id='word_1_873' title='bbox 2293 4231 2542 4285; x_wconf 74' lang='lat' dir='ltr'><strong>excelsum</strong></span> <span class='ocrx_word' id='word_1_874' title='bbox 2569 4229 2715 4302; x_wconf 82' lang='lat' dir='ltr'><strong>(Isai.</strong></span> <span class='ocrx_word' id='word_1_875' title='bbox 2746 4230 2798 4284; x_wconf 85' lang='lat'><strong>6.</strong></span> <span class='ocrx_word' id='word_1_876' title='bbox 2832 4230 2908 4299; x_wconf 80' lang='grc'><strong>1),</strong></span> <span class='ocrx_word' id='word_1_877' title='bbox 2937 4241 3040 4286; x_wconf 89' lang='lat' dir='ltr'><strong>etc.</strong></span> <span class='ocrx_word' id='word_1_878' title='bbox 3083 4231 3317 4286; x_wconf 83' lang='lat' dir='ltr'><strong>Gloriam</strong></span> <span class='ocrx_word' id='word_1_879' title='bbox 3356 4244 3483 4299; x_wconf 82' lang='lat' dir='ltr'><strong>ergo</strong></span> <span class='ocrx_word' id='word_1_880' title='bbox 3514 4229 3599 4282; x_wconf 87' lang='lat' dir='ltr'><strong>hic</strong></span> <span class='ocrx_word' id='word_1_881' title='bbox 3626 4228 3710 4283; x_wconf 81' lang='lat' dir='ltr'><strong>di-</strong></span> 
     </span>
    </p>
   </div>
   <div class='ocr_carea' id='block_1_105' title="bbox 2137 4318 3706 4391">
    <p class='ocr_par' dir='ltr' id='par_1_105' title="bbox 2137 4318 3706 4391">
     <span class='ocr_line' id='line_1_105' title="bbox 2137 4318 3706 4391; baseline -0.003 -17"><span class='ocrx_word' id='word_1_882' title='bbox 2137 4321 2208 4374; x_wconf 90' lang='lat' dir='ltr'><strong>cit</strong></span> <span class='ocrx_word' id='word_1_883' title='bbox 2241 4323 2496 4377; x_wconf 87' lang='lat' dir='ltr'><strong>visionem</strong></span> <span class='ocrx_word' id='word_1_884' title='bbox 2526 4323 2690 4388; x_wconf 88' lang='lat' dir='ltr'><strong>illam,</strong></span> <span class='ocrx_word' id='word_1_885' title='bbox 2714 4321 2935 4388; x_wconf 92' lang='lat' dir='ltr'><strong>fumtnn,</strong></span> <span class='ocrx_word' id='word_1_886' title='bbox 2957 4337 3148 4376; x_wconf 90' lang='lat' dir='ltr'><strong>arcana</strong></span> <span class='ocrx_word' id='word_1_887' title='bbox 3177 4322 3392 4376; x_wconf 82' lang='lat' dir='ltr'><strong>audisse</strong></span> <span class='ocrx_word' id='word_1_888' title='bbox 3433 4318 3706 4391; x_wconf 82' lang='lat' dir='ltr'><strong>mysteria;</strong></span> 
     </span>
    </p>
   </div>
   <div class='ocr_carea' id='block_1_106' title="bbox 2138 4408 3710 4480">
    <p class='ocr_par' dir='ltr' id='par_1_106' title="bbox 2138 4408 3710 4480">
     <span class='ocr_line' id='line_1_106' title="bbox 2138 4408 3710 4480; baseline -0.003 -14"><span class='ocrx_word' id='word_1_889' title='bbox 2138 4411 2417 4480; x_wconf 86' lang='lat' dir='ltr'><strong>Seraphim</strong></span> <span class='ocrx_word' id='word_1_890' title='bbox 2449 4413 2642 4466; x_wconf 89' lang='lat' dir='ltr'><strong>vidisse</strong></span> <span class='ocrx_word' id='word_1_891' title='bbox 2662 4453 2675 4474; x_wconf 89' lang='lat'><strong>,</strong></span> <span class='ocrx_word' id='word_1_892' title='bbox 2705 4412 2876 4480; x_wconf 90' lang='lat' dir='ltr'><strong>fulgur</strong></span> <span class='ocrx_word' id='word_1_893' title='bbox 2902 4426 2930 4464; x_wconf 90' lang='lat' dir='ltr'><strong>a</strong></span> <span class='ocrx_word' id='word_1_894' title='bbox 2960 4411 3155 4466; x_wconf 87' lang='lat' dir='ltr'><strong>throno</strong></span> <span class='ocrx_word' id='word_1_895' title='bbox 3182 4412 3469 4471; x_wconf 88' lang='lat' dir='ltr'><strong>exsilicns,</strong></span> <span class='ocrx_word' id='word_1_896' title='bbox 3495 4410 3545 4461; x_wconf 92' lang='lat' dir='ltr'><strong>in</strong></span> <span class='ocrx_word' id='word_1_897' title='bbox 3569 4408 3710 4477; x_wconf 89' lang='lat' dir='ltr'><strong>quod</strong></span> 
     </span>
    </p>
   </div>
   <div class='ocr_carea' id='block_1_107' title="bbox 2135 4499 3714 4570">
    <p class='ocr_par' dir='ltr' id='par_1_107' title="bbox 2135 4499 3714 4570">
     <span class='ocr_line' id='line_1_107' title="bbox 2135 4499 3714 4570; baseline -0.003 -14"><span class='ocrx_word' id='word_1_898' title='bbox 2135 4503 2401 4570; x_wconf 90' lang='lat' dir='ltr'><strong>respicere</strong></span> <span class='ocrx_word' id='word_1_899' title='bbox 2443 4511 2729 4570; x_wconf 87' lang='lat' dir='ltr'><strong>potestates</strong></span> <span class='ocrx_word' id='word_1_900' title='bbox 2778 4501 2879 4554; x_wconf 83' lang='lat' dir='ltr'><strong>ill-.c</strong></span> <span class='ocrx_word' id='word_1_901' title='bbox 2924 4517 3028 4554; x_wconf 93' lang='lat' dir='ltr'><strong>non</strong></span> <span class='ocrx_word' id='word_1_902' title='bbox 3057 4501 3322 4555; x_wconf 85' lang='lat' dir='ltr'><strong>valebant.</strong></span> <span class='ocrx_word' id='word_1_903' title='bbox 3366 4499 3431 4553; x_wconf 84' lang='lat' dir='ltr'><strong>Et</strong></span> <span class='ocrx_word' id='word_1_904' title='bbox 3477 4499 3714 4567; x_wconf 85' lang='lat' dir='ltr'><strong>loquutus</strong></span> 
     </span>
    </p>
   </div>
   <div class='ocr_carea' id='block_1_108' title="bbox 2134 4591 3710 4659">
    <p class='ocr_par' dir='ltr' id='par_1_108' title="bbox 2134 4591 3710 4659">
     <span class='ocr_line' id='line_1_108' title="bbox 2134 4591 3710 4659; baseline -0.002 -14"><span class='ocrx_word' id='word_1_905' title='bbox 2134 4601 2208 4645; x_wconf 87' lang='lat' dir='ltr'><strong>est</strong></span> <span class='ocrx_word' id='word_1_906' title='bbox 2238 4592 2300 4644; x_wconf 89' lang='lat' dir='ltr'><strong>de</strong></span> <span class='ocrx_word' id='word_1_907' title='bbox 2322 4609 2400 4646; x_wconf 90' lang='lat' dir='ltr'><strong>eo.</strong></span> <span class='ocrx_word' id='word_1_908' title='bbox 2445 4592 2580 4657; x_wconf 86' lang='lat' dir='ltr'><strong>Quid</strong></span> <span class='ocrx_word' id='word_1_909' title='bbox 2627 4591 2875 4659; x_wconf 91' lang='lat' dir='ltr'><strong>loquutus</strong></span> <span class='ocrx_word' id='word_1_910' title='bbox 2920 4591 3036 4644; x_wconf 87' lang='lat' dir='ltr'><strong>est?</strong></span> <span class='ocrx_word' id='word_1_911' title='bbox 3065 4592 3216 4655; x_wconf 82' lang='lat' dir='ltr'><strong>Quod</strong></span> <span class='ocrx_word' id='word_1_912' title='bbox 3263 4592 3491 4644; x_wconf 86' lang='lat' dir='ltr'><strong>audierit</strong></span> <span class='ocrx_word' id='word_1_913' title='bbox 3525 4604 3710 4643; x_wconf 89' lang='lat' dir='ltr'><strong>vocem</strong></span> 
     </span>
    </p>
   </div>
   <div class='ocr_carea' id='block_1_109' title="bbox 2133 4678 3716 4748">
    <p class='ocr_par' dir='ltr' id='par_1_109' title="bbox 2133 4678 3716 4748">
     <span class='ocr_line' id='line_1_109' title="bbox 2133 4678 3716 4748; baseline -0.001 -14"><span class='ocrx_word' id='word_1_914' title='bbox 2133 4679 2420 4743; x_wconf 89' lang='lat' dir='ltr'><strong>dicentem,</strong></span> <span class='ocrx_word' id='word_1_915' title='bbox 2447 4681 2604 4746; x_wconf 85' lang='lat' dir='ltr'><strong>Quem</strong></span> <span class='ocrx_word' id='word_1_916' title='bbox 2624 4680 2836 4741; x_wconf 90' lang='lat' dir='ltr'><strong>mittam,</strong></span> <span class='ocrx_word' id='word_1_917' title='bbox 2864 4689 2910 4731; x_wconf 89' lang='lat' dir='ltr'><strong>et</strong></span> <span class='ocrx_word' id='word_1_918' title='bbox 2931 4679 3040 4746; x_wconf 88' lang='lat' dir='ltr'><strong>quis</strong></span> <span class='ocrx_word' id='word_1_919' title='bbox 3071 4680 3157 4731; x_wconf 86' lang='lat' dir='ltr'><strong>ibit</strong></span> <span class='ocrx_word' id='word_1_920' title='bbox 3174 4681 3199 4732; x_wconf 72' lang='grc'><strong><em>2</em></strong></span> <span class='ocrx_word' id='word_1_921' title='bbox 3223 4679 3285 4731; x_wconf 83' lang='lat' dir='ltr'><strong>Et</strong></span> <span class='ocrx_word' id='word_1_922' title='bbox 3311 4680 3438 4742; x_wconf 75' lang='lat' dir='ltr'><strong>dixi,</strong></span> <span class='ocrx_word' id='word_1_923' title='bbox 3463 4678 3595 4731; x_wconf 80' lang='lat' dir='ltr'><strong>Ecce</strong></span> <span class='ocrx_word' id='word_1_924' title='bbox 3620 4695 3716 4748; x_wconf 87' lang='lat' dir='ltr'><strong>ego</strong></span> 
     </span>
    </p>
   </div>
   <div class='ocr_carea' id='block_1_110' title="bbox 2133 4766 3717 4832">
    <p class='ocr_par' dir='ltr' id='par_1_110' title="bbox 2133 4766 3717 4832">
     <span class='ocr_line' id='line_1_110' title="bbox 2133 4766 3717 4832; baseline -0.001 -10"><span class='ocrx_word' id='word_1_925' title='bbox 2133 4785 2266 4832; x_wconf 89' lang='lat' dir='ltr'><strong>sum,</strong></span> <span class='ocrx_word' id='word_1_926' title='bbox 2303 4769 2443 4821; x_wconf 85' lang='lat' dir='ltr'><strong>mitte</strong></span> <span class='ocrx_word' id='word_1_927' title='bbox 2469 4784 2567 4820; x_wconf 88' lang='lat' dir='ltr'><strong>me.</strong></span> <span class='ocrx_word' id='word_1_928' title='bbox 2602 4766 2664 4819; x_wconf 86' lang='lat' dir='ltr'><strong>Et</strong></span> <span class='ocrx_word' id='word_1_929' title='bbox 2693 4767 2840 4830; x_wconf 74' lang='lat' dir='ltr'><strong>dixit,</strong></span> <span class='ocrx_word' id='word_1_930' title='bbox 2875 4766 3063 4818; x_wconf 78' lang='lat' dir='ltr'><strong>Audita</strong></span> <span class='ocrx_word' id='word_1_931' title='bbox 3091 4767 3324 4828; x_wconf 86' lang='lat' dir='ltr'><strong>audietis,</strong></span> <span class='ocrx_word' id='word_1_932' title='bbox 3348 4775 3394 4817; x_wconf 88' lang='lat' dir='ltr'><strong>et</strong></span> <span class='ocrx_word' id='word_1_933' title='bbox 3424 4781 3526 4817; x_wconf 83' lang='lat' dir='ltr'><strong>non</strong></span> <span class='ocrx_word' id='word_1_934' title='bbox 3563 4767 3717 4822; x_wconf 82' lang='lat' dir='ltr'><strong>intel-</strong></span> 
     </span>
    </p>
   </div>
   <div class='ocr_carea' id='block_1_111' title="bbox 2135 4854 3713 4925">
    <p class='ocr_par' dir='ltr' id='par_1_111' title="bbox 2135 4854 3713 4925">
     <span class='ocr_line' id='line_1_111' title="bbox 2135 4854 3713 4925; baseline 0 -13"><span class='ocrx_word' id='word_1_935' title='bbox 2135 4859 2325 4925; x_wconf 81' lang='lat' dir='ltr'><strong>ligetis:</strong></span> <span class='ocrx_word' id='word_1_936' title='bbox 2347 4865 2392 4910; x_wconf 87' lang='lat' dir='ltr'><strong>et</strong></span> <span class='ocrx_word' id='word_1_937' title='bbox 2417 4857 2635 4910; x_wconf 84' lang='lat' dir='ltr'><strong>videntes</strong></span> <span class='ocrx_word' id='word_1_938' title='bbox 2651 4856 2894 4919; x_wconf 86' lang='lat' dir='ltr'><strong>videbitis,</strong></span> <span class='ocrx_word' id='word_1_939' title='bbox 2917 4864 2964 4908; x_wconf 89' lang='lat' dir='ltr'><strong>et</strong></span> <span class='ocrx_word' id='word_1_940' title='bbox 2990 4855 3234 4909; x_wconf 87' lang='lat' dir='ltr'><strong>nescietis.</strong></span> <span class='ocrx_word' id='word_1_941' title='bbox 3265 4854 3548 4908; x_wconf 68' lang='lat' dir='ltr'><strong>Eretrcavit</strong></span> <span class='ocrx_word' id='word_1_942' title='bbox 3577 4860 3713 4913; x_wconf 89' lang='lat' dir='ltr'><strong>enim</strong></span> 
     </span>
    </p>
   </div>
   <div class='ocr_carea' id='block_1_112' title="bbox 2133 4946 3711 5018">
    <p class='ocr_par' dir='ltr' id='par_1_112' title="bbox 2133 4946 3711 5018">
     <span class='ocr_line' id='line_1_112' title="bbox 2133 4946 3711 5018; baseline 0.002 -16"><span class='ocrx_word' id='word_1_943' title='bbox 2133 4949 2304 5002; x_wconf 86' lang='lat' dir='ltr'><strong>oculos</strong></span> <span class='ocrx_word' id='word_1_944' title='bbox 2326 4963 2496 5001; x_wconf 86' lang='lat' dir='ltr'><strong>eorum</strong></span> <span class='ocrx_word' id='word_1_945' title='bbox 2516 4988 2531 5012; x_wconf 93' lang='lat'><strong>,</strong></span> <span class='ocrx_word' id='word_1_946' title='bbox 2555 4957 2598 5000; x_wconf 91' lang='lat' dir='ltr'><strong>et</strong></span> <span class='ocrx_word' id='word_1_947' title='bbox 2625 4946 2880 4999; x_wconf 83' lang='lat' dir='ltr'><strong>induravit</strong></span> <span class='ocrx_word' id='word_1_948' title='bbox 2919 4963 3007 5000; x_wconf 86' lang='lat' dir='ltr'><strong>cor</strong></span> <span class='ocrx_word' id='word_1_949' title='bbox 3031 4963 3222 5007; x_wconf 89' lang='lat' dir='ltr'><strong>eorum,</strong></span> <span class='ocrx_word' id='word_1_950' title='bbox 3256 4963 3318 5000; x_wconf 86' lang='lat' dir='ltr'><strong>ne</strong></span> <span class='ocrx_word' id='word_1_951' title='bbox 3346 4952 3476 5018; x_wconf 74' lang='lat' dir='ltr'><strong>forte</strong></span> <span class='ocrx_word' id='word_1_952' title='bbox 3509 4950 3711 5006; x_wconf 81' lang='lat' dir='ltr'><strong>videant</strong></span> 
     </span>
    </p>
   </div>
   <div class='ocr_carea' id='block_1_113' title="bbox 2132 5035 3707 5108">
    <p class='ocr_par' dir='ltr' id='par_1_113' title="bbox 2132 5035 3707 5108">
     <span class='ocr_line' id='line_1_113' title="bbox 2132 5035 3707 5108; baseline 0.001 -15"><span class='ocrx_word' id='word_1_953' title='bbox 2132 5037 2292 5093; x_wconf 85' lang='lat' dir='ltr'><strong>oculis</strong></span> <span class='ocrx_word' id='word_1_954' title='bbox 2315 5079 2330 5102; x_wconf 92' lang='lat'><strong>,</strong></span> <span class='ocrx_word' id='word_1_955' title='bbox 2359 5047 2406 5090; x_wconf 90' lang='lat' dir='ltr'><strong>et</strong></span> <span class='ocrx_word' id='word_1_956' title='bbox 2429 5037 2578 5090; x_wconf 88' lang='lat' dir='ltr'><strong>corde</strong></span> <span class='ocrx_word' id='word_1_957' title='bbox 2603 5035 2884 5106; x_wconf 87' lang='lat' dir='ltr'><strong>intelligant</strong></span> <span class='ocrx_word' id='word_1_958' title='bbox 2913 5036 3068 5106; x_wconf 89' lang='lat' dir='ltr'><strong>(lsai.</strong></span> <span class='ocrx_word' id='word_1_959' title='bbox 3098 5037 3149 5090; x_wconf 88' lang='lat'><strong>6.</strong></span> <span class='ocrx_word' id='word_1_960' title='bbox 3183 5037 3315 5093; x_wconf 74' lang='lat'><strong>8-10</strong></span> <span class='ocrx_word' id='word_1_961' title='bbox 3341 5036 3383 5108; x_wconf 89' lang='lat'><strong>).</strong></span> <span class='ocrx_word' id='word_1_962' title='bbox 3416 5037 3493 5091; x_wconf 86' lang='lat' dir='ltr'><strong>En</strong></span> <span class='ocrx_word' id='word_1_963' title='bbox 3522 5054 3707 5095; x_wconf 92' lang='lat' dir='ltr'><strong>rursus</strong></span> 
     </span>
    </p>
   </div>
   <div class='ocr_carea' id='block_1_114' title="bbox 2132 5128 3709 5197">
    <p class='ocr_par' dir='ltr' id='par_1_114' title="bbox 2132 5128 3709 5197">
     <span class='ocr_line' id='line_1_114' title="bbox 2132 5128 3709 5197; baseline 0.001 -15"><span class='ocrx_word' id='word_1_964' title='bbox 2132 5129 2286 5182; x_wconf 86' lang='lat' dir='ltr'><strong>aliam</strong></span> <span class='ocrx_word' id='word_1_965' title='bbox 2314 5128 2693 5197; x_wconf 73' lang='lat' dir='ltr'><strong>quaestionem.</strong></span> <span class='ocrx_word' id='word_1_966' title='bbox 2724 5143 2842 5196; x_wconf 78' lang='lat' dir='ltr'><strong>quze</strong></span> <span class='ocrx_word' id='word_1_967' title='bbox 2866 5129 3005 5182; x_wconf 83' lang='lat' dir='ltr'><strong>nulla</strong></span> <span class='ocrx_word' id='word_1_968' title='bbox 3031 5137 3205 5182; x_wconf 86' lang='lat' dir='ltr'><strong>tamen</strong></span> <span class='ocrx_word' id='word_1_969' title='bbox 3234 5139 3350 5190; x_wconf 91' lang='lat' dir='ltr'><strong>est,</strong></span> <span class='ocrx_word' id='word_1_970' title='bbox 3380 5131 3422 5182; x_wconf 92' lang='lat' dir='ltr'><strong>si</strong></span> <span class='ocrx_word' id='word_1_971' title='bbox 3455 5140 3596 5183; x_wconf 85' lang='lat' dir='ltr'><strong>recte</strong></span> <span class='ocrx_word' id='word_1_972' title='bbox 3623 5140 3709 5183; x_wconf 88' lang='lat' dir='ltr'><strong>at-</strong></span> 
     </span>
    </p>
   </div>
   <div class='ocr_carea' id='block_1_115' title="bbox 2134 5217 3709 5284">
    <p class='ocr_par' dir='ltr' id='par_1_115' title="bbox 2134 5217 3709 5284">
     <span class='ocr_line' id='line_1_115' title="bbox 2134 5217 3709 5284; baseline 0.002 -13"><span class='ocrx_word' id='word_1_973' title='bbox 2134 5218 2432 5272; x_wconf 90' lang='lat' dir='ltr'><strong>tendamus.</strong></span> <span class='ocrx_word' id='word_1_974' title='bbox 2481 5217 2936 5284; x_wconf 86' lang='lat' dir='ltr'><strong>Quemadmodum</strong></span> <span class='ocrx_word' id='word_1_975' title='bbox 2984 5219 3126 5273; x_wconf 91' lang='lat' dir='ltr'><strong>euim</strong></span> <span class='ocrx_word' id='word_1_976' title='bbox 3172 5220 3250 5274; x_wconf 91' lang='lat' dir='ltr'><strong>sol</strong></span> <span class='ocrx_word' id='word_1_977' title='bbox 3293 5219 3498 5274; x_wconf 88' lang='lat' dir='ltr'><strong>debiles</strong></span> <span class='ocrx_word' id='word_1_978' title='bbox 3525 5221 3709 5273; x_wconf 88' lang='lat' dir='ltr'><strong>oculos</strong></span> 
     </span>
    </p>
   </div>
   <div class='ocr_carea' id='block_1_116' title="bbox 2133 5308 3708 5379">
    <p class='ocr_par' dir='ltr' id='par_1_116' title="bbox 2133 5308 3708 5379">
     <span class='ocr_line' id='line_1_116' title="bbox 2133 5308 3708 5379; baseline 0.001 -17"><span class='ocrx_word' id='word_1_979' title='bbox 2133 5308 2408 5378; x_wconf 89' lang='lat' dir='ltr'><strong>percellit,</strong></span> <span class='ocrx_word' id='word_1_980' title='bbox 2443 5325 2547 5361; x_wconf 88' lang='lat' dir='ltr'><strong>non</strong></span> <span class='ocrx_word' id='word_1_981' title='bbox 2597 5325 2691 5379; x_wconf 89' lang='lat' dir='ltr'><strong>per</strong></span> <span class='ocrx_word' id='word_1_982' title='bbox 2739 5310 3005 5378; x_wconf 88' lang='lat' dir='ltr'><strong>propriam</strong></span> <span class='ocrx_word' id='word_1_983' title='bbox 3053 5318 3296 5362; x_wconf 89' lang='lat' dir='ltr'><strong>naturam</strong></span> <span class='ocrx_word' id='word_1_984' title='bbox 3331 5324 3343 5361; x_wconf 95' lang='lat'>:</span> <span class='ocrx_word' id='word_1_985' title='bbox 3375 5309 3454 5364; x_wconf 84' lang='lat' dir='ltr'><strong>sic</strong></span> <span class='ocrx_word' id='word_1_986' title='bbox 3498 5323 3708 5378; x_wconf 88' lang='lat' dir='ltr'><strong>quoque</strong></span> 
     </span>
    </p>
   </div>
   <div class='ocr_carea' id='block_1_117' title="bbox 2130 5399 3708 5471">
    <p class='ocr_par' dir='ltr' id='par_1_117' title="bbox 2130 5399 3708 5471">
     <span class='ocr_line' id='line_1_117' title="bbox 2130 5399 3708 5471; baseline 0 -17"><span class='ocrx_word' id='word_1_987' title='bbox 2130 5399 2323 5454; x_wconf 88' lang='lat' dir='ltr'><strong>accidit</strong></span> <span class='ocrx_word' id='word_1_988' title='bbox 2352 5400 2435 5465; x_wconf 92' lang='lat' dir='ltr'><strong>iis,</strong></span> <span class='ocrx_word' id='word_1_989' title='bbox 2463 5402 2550 5471; x_wconf 90' lang='lat' dir='ltr'><strong>qui</strong></span> <span class='ocrx_word' id='word_1_990' title='bbox 2583 5401 2671 5455; x_wconf 92' lang='lat' dir='ltr'><strong>Dei</strong></span> <span class='ocrx_word' id='word_1_991' title='bbox 2701 5401 2873 5455; x_wconf 84' lang='lat' dir='ltr'><strong>verbis</strong></span> <span class='ocrx_word' id='word_1_992' title='bbox 2911 5417 3015 5456; x_wconf 91' lang='lat' dir='ltr'><strong>non</strong></span> <span class='ocrx_word' id='word_1_993' title='bbox 3045 5400 3350 5458; x_wconf 84' lang='lat' dir='ltr'><strong>attendunt.</strong></span> <span class='ocrx_word' id='word_1_994' title='bbox 3383 5401 3456 5455; x_wconf 85' lang='lat' dir='ltr'><strong>Ita</strong></span> <span class='ocrx_word' id='word_1_995' title='bbox 3487 5411 3540 5456; x_wconf 89' lang='lat' dir='ltr'><strong>ct</strong></span> <span class='ocrx_word' id='word_1_996' title='bbox 3569 5401 3708 5455; x_wconf 82' lang='lat' dir='ltr'><strong>Pha-</strong></span> 
     </span>
    </p>
   </div>
   <div class='ocr_carea' id='block_1_118' title="bbox 2133 5492 3708 5565">
    <p class='ocr_par' dir='ltr' id='par_1_118' title="bbox 2133 5492 3708 5565">
     <span class='ocr_line' id='line_1_118' title="bbox 2133 5492 3708 5565; baseline 0.001 -17"><span class='ocrx_word' id='word_1_997' title='bbox 2133 5492 2311 5548; x_wconf 86' lang='lat' dir='ltr'><strong>raonis</strong></span> <span class='ocrx_word' id='word_1_998' title='bbox 2337 5509 2432 5548; x_wconf 89' lang='lat' dir='ltr'><strong>cor</strong></span> <span class='ocrx_word' id='word_1_999' title='bbox 2463 5494 2736 5549; x_wconf 86' lang='lat' dir='ltr'><strong>indurasse</strong></span> <span class='ocrx_word' id='word_1_1000' title='bbox 2760 5493 2979 5562; x_wconf 89' lang='lat' dir='ltr'><strong>dicitur,</strong></span> <span class='ocrx_word' id='word_1_1001' title='bbox 3011 5493 3154 5565; x_wconf 89' lang='lat' dir='ltr'><strong>quod</strong></span> <span class='ocrx_word' id='word_1_1002' title='bbox 3195 5495 3391 5550; x_wconf 90' lang='lat' dir='ltr'><strong>accidit</strong></span> <span class='ocrx_word' id='word_1_1003' title='bbox 3415 5495 3519 5549; x_wconf 92' lang='lat' dir='ltr'><strong>illis</strong></span> <span class='ocrx_word' id='word_1_1004' title='bbox 3547 5496 3708 5550; x_wconf 90' lang='lat' dir='ltr'><strong>etiam</strong></span> 
     </span>
    </p>
   </div>
   <div class='ocr_carea' id='block_1_119' title="bbox 2193 5628 3706 5702">
    <p class='ocr_par' dir='ltr' id='par_1_119' title="bbox 2193 5628 3706 5702">
     <span class='ocr_line' id='line_1_119' title="bbox 2193 5628 3706 5702; baseline -0.003 -20"><span class='ocrx_word' id='word_1_1005' title='bbox 2193 5635 2209 5666; x_wconf 76' lang='grc'>⁸</span> <span class='ocrx_word' id='word_1_1006' title='bbox 2246 5632 2387 5702; x_wconf 75' lang='lat' dir='ltr'><strong>savil.</strong></span> <span class='ocrx_word' id='word_1_1007' title='bbox 2406 5633 2543 5698; x_wconf 86' lang='lat' dir='ltr'><strong>legit,</strong></span> <span class='ocrx_word' id='word_1_1008' title='bbox 2560 5637 2605 5683; x_wconf 87' lang='lat' dir='ltr'><strong>et</strong></span> <span class='ocrx_word' id='word_1_1009' title='bbox 2627 5643 2736 5695; x_wconf 77' lang='lat' dir='ltr'><strong>qua:</strong></span> <span class='ocrx_word' id='word_1_1010' title='bbox 2753 5629 2880 5694; x_wconf 79' lang='lat' dir='ltr'><strong>Filii,</strong></span> <span class='ocrx_word' id='word_1_1011' title='bbox 2905 5630 3122 5696; x_wconf 85' lang='lat' dir='ltr'><strong>Spiritus,</strong></span> <span class='ocrx_word' id='word_1_1012' title='bbox 3150 5637 3202 5681; x_wconf 87' lang='lat' dir='ltr'><strong>et</strong></span> <span class='ocrx_word' id='word_1_1013' title='bbox 3218 5631 3286 5680; x_wconf 82' lang='lat' dir='ltr'><strong>sic</strong></span> <span class='ocrx_word' id='word_1_1014' title='bbox 3301 5643 3472 5681; x_wconf 86' lang='lat' dir='ltr'><strong>omnes</strong></span> <span class='ocrx_word' id='word_1_1015' title='bbox 3494 5628 3598 5679; x_wconf 90' lang='lat' dir='ltr'><strong>fere</strong></span> <span class='ocrx_word' id='word_1_1016' title='bbox 3617 5633 3706 5677; x_wconf 69' lang='lat' dir='ltr'><strong>Ma-</strong></span> 
     </span>
    </p>
   </div>
   <div class='ocr_carea' id='block_1_120' title="bbox 2131 5707 2383 5759">
    <p class='ocr_par' dir='ltr' id='par_1_120' title="bbox 2131 5707 2383 5759">
     <span class='ocr_line' id='line_1_120' title="bbox 2131 5707 2383 5759; baseline -0.004 -12"><span class='ocrx_word' id='word_1_1017' title='bbox 2131 5707 2383 5759; x_wconf 83' lang='lat' dir='ltr'><strong>nuscrtptt.</strong></span> 
     </span>
    </p>
   </div>
  </div>
