4102 6224
408 330 516 388 575

411 447 612 520 οιμίοις
638 449 801 522 φησὶν
835 450 865 504 ό
893 449 1299 523 εύαγγελιστὴς,
1323 451 1407 505 ὃτι
1438 453 1561 506 οὐκ
1587 448 1659 515 ἐξ
1685 446 1968 519 αἱμάτων.

366 532 374 607 ἶ
409 534 554 593 οὐδὲ
597 537 667 592 ἐκ
698 536 1029 607 θελήματος
1057 537 1286 606 σαρκὸς
1304 574 1321 597 ,
1360 535 1498 590 ἀλλ’
1524 535 1594 588 ἐκ
1622 535 1772 589 Θεοῦ
1808 532 1976 600 έτεν-

408 618 721 688 νήθησαν,
757 621 999 672 τουτέστι
1021 655 1039 681 ,
1074 618 1170 672 τοῦ
1209 619 1420 688 Πατρός
1438 634 1453 650 σ
1489 616 1722 671 δνταῦθα
1772 615 1831 668 δὲ
1875 613 1975 667 αὐο

408 702 501 765 τδς
554 701 770 769 λέγεται
828 701 1049 765 τούτους
1091 702 1306 771 γεννᾷν,
1349 701 1437 754 ἵνα
1485 699 1699 771 μάθῃς,
1744 698 1827 751 ὅτι
1880 696 1979 767 μία

410 784 661 856 ἐνέργεια
699 783 912 852 Πατρός
957 783 1054 837 καὶ
1101 782 1254 837 Υίοῦ.
1323 782 1515 837 Ταῦτα
1566 778 1752 835 είπὼν
1799 782 1833 834 ὀ
1875 780 1981 847 ’1η-

409 867 599 933 σοῦς,
637 866 737 921 καί
781 865 1060 921 ἀπελθὼν
1096 866 1199 921 ἀπ’
1230 862 1457 926 αὐτῶν,
1502 863 1745 931 ἐκρύϐη.
1780 860 1897 915 Νῦν
1927 860 1980 915 τί

412 948 747 1019 κρύπτεται;
778 948 913 1001 οὐδὲ
944 948 1051 1019 7&9
1101 947 1281 1011 λίθους
1311 944 1453 1021 ἦραν
1497 946 1614 1001 κατ’
1648 944 1833 1008 αὑτοῦ,
1861 944 1980 999 οὐδὲ

410 1033 842 1104 έῶασφήμησάν
886 1050 940 1086 τι
992 1032 1232 1086 τοιοῦτον
1280 1027 1393 1086 οἷον
1441 1031 1769 1103 ἔμπροσθεν.
1823 1030 1980 1094 Τίνος

411 1110 504 1170 οὖν
531 1115 716 1168 ἕνεκεν
742 1114 983 1186 ὲκρύϐη;
1014 1115 1127 1180 Τὰς
1149 1115 1374 1186 καρδίας
1404 1112 1722 1185 ἐμϐατεύων
1751 1113 1862 1185 ᾔδει
1888 1114 1979 1167 τὸν

413 1198 584 1269 θυμὸν
607 1198 790 1260 αὐτοῖς
814 1199 1181 1270 ἀγριαίνοντα,
1208 1200 1258 1252 εί
1282 1199 1377 1251 καὶ
1412 1197 1580 1269 μηδὲν
1619 1197 1947 1267 ἐφθέγγοντο
1963 1211 1977 1226 ⁸

410 1283 529 1354 ᾔδει
557 1282 749 1348 ζέοντα
796 1282 891 1335 καὶ
942 1281 1206 1351 φονῶντα,
1244 1281 1339 1336 καὶ
1374 1281 1436 1333 οὐ
1482 1281 1804 1352 περιέμενεν
1839 1278 1980 1333 ὥστε

411 1366 492 1427 είς
514 1364 674 1435 ἔργον
697 1362 950 1430 ἐξελθεῖν,
978 1364 1115 1418 ἀλλά
1138 1362 1462 1434 κρύπτεται,
1491 1361 1982 1433 παραμυθούμενος

410 1448 588 1502 αὐτῶν
625 1448 716 1502 τὸν
764 1447 978 1517 φθόνον.
1012 1447 1154 1518 Ὅρα
1193 1445 1323 1514 γοῦν
1360 1445 1477 1508 πῶς
1503 1446 1666 1499 αὐτὸν
1701 1444 1922 1517 ᾐνίξατο
1951 1445 1982 1497 0

410 1531 824 1600 εὐαγγελιστής.
862 1530 1079 1592 Εὐθέως
1106 1528 1236 1598 γοῦν
1265 1530 1546 1600 ἐπήγαγευ
1602 1528 1869 1584 Τοσαῦτα
1911 1526 1982 1582 δὲ

409 1614 599 1669 αὐτοῦ
630 1612 850 1682 σημεῖα
901 1612 1323 1680 πεποιηκότος,
1370 1614 1482 1665 οὐκ
1534 1611 1857 1665 ἐπίστευον
1894 1612 1982 1676 εις

409 1696 619 1748 αὐτόν.
649 1696 784 1748 Ποῖα
811 1693 1082 1762 τοσαῦτα;
1117 1694 1257 1748 Ὅσα
1290 1693 1591 1764 παρέλιπεν
1634 1694 1664 1746 ὀ
1693 1691 1981 1761 εὐαγγελι-

413 1777 569 1848 στής.
601 1778 711 1830 Kal
738 1778 803 1831 ὲκ
846 1776 953 1830 τῶν
982 1760 1121 1848 μετὰ
1160 1775 1333 1830 ταῦτα
1370 1760 1429 1829 δὲ
1459 1774 1618 1828 τοῦτο
1660 1774 1838 1844 δῆλον.
1874 1774 1983 1829 Kal
2015 1760 2021 1777 ’

411 1860 522 1932 7&9
560 1861 922 1931 ὑποχωρήσας
962 1860 1058 1913 καὶ
1096 1857 1299 1922 ἐνδοὺς,
1341 1860 1436 1913 καὶ
1471 1856 1777 1911 ἐπανελθὼν
1819 1856 1983 1911 πάλιν

413 1942 717 2013 ὑφειμένως
756 1942 938 2004 αὐτοῖς
976 1940 1300 2011 διαλέγεται,
1344 1941 1486 1995 οὓτω
1537 1940 1746 2008 λέγων·
1792 1939 1855 1993 Ὀ
1883 1955 1981 1993 πι-

409 2025 644 2078 στεύων
670 2025 754 2090 εις
777 2022 902 2093 ἐμὲ,
924 2025 997 2077 οὐ
1041 2024 1308 2078 πιστεύει
1336 2024 1424 2091 είς
1442 2023 1568 2093 ἐμὲ,
1592 2024 1730 2078 ἀλλ’
1766 2024 1854 2088 είς
1876 2022 1985 2075 τὸν

410 2106 730 2177 πέμψαντὰ
781 2124 878 2178 με.
924 2107 1066 2180 Ὅρα
1110 2108 1219 2179 γὰρ
1244 2108 1297 2160 τί
1352 2111 1514 2162 ποιεῖ·
1572 2107 1830 2179 ’Δρχεται
1874 2104 1983 2160 ἀπὸ

409 2190 680 2245 ταπεινῶν
714 2192 810 2246 καὶ
863 2191 1339 2263 συνεσταλμένων,
1395 2192 1488 2246 καὶ
1532 2190 1871 2263 καταφεύγει
1902 2193 1983 2254 είς

408 2275 502 2329 τὸν
523 2276 768 2347 Πατέρα·
802 2269 921 2329 εἶτα
952 2276 1116 2330 πάλιν
1139 2274 1292 2349 [406]
1321 2276 1513 2345 ἀνάγει
1544 2275 1636 2330 τὸν
1662 2275 1838 2346 λόγον.
1871 2274 1984 2329 Kal

410 2359 541 2412 ὅταν
589 2359 672 2432 ἴδῃ
703 2359 1182 2431 ὲκθηριουμένους,
1210 2360 1505 2430 ὑποχωρεῖ.
1540 2359 1634 2413 καὶ
1688 2360 1849 2413 πάλιν
1887 2358 2007 2426 ἑφε-

416 2441 653 2502 ίσταται,
676 2441 770 2494 καὶ
800 2442 908 2496 ἀπὸ
921 2441 1193 2495 ταπεινῶν
1217 2441 1630 2512 προοιμιάζεται
1658 2441 1839 2495 πάλιν.
1874 2441 1984 2494 Kal

413 2523 519 2576 ποῦ
563 2522 723 2577 τοῦτο
780 2525 1039 2596 Eminet;
1087 2523 1197 2577 Ποῦ
1230 2525 1337 2594 7&9
1376 2524 1475 2578 οὐκ
1519 2523 1805 2596 Emi-qam;
1839 2523 1985 2594 Ὅρα

412 2605 544 2674 γοῦν
562 2607 621 2660 ἑν
661 2607 803 2677 ἀρχῇ
825 2607 879 2660 τί
907 2622 1076 2678 φησι·
1118 2607 1324 2672 Καθὼς
1353 2607 1569 2668 ἀκούω,
1604 2608 1815 2675 κρίνω·
1863 2601 1983 2659 εἶτα

412 2688 762 2762 ὑψηλότερον,
807 2691 1035 2759 Ὥσπερ
1085 2691 1197 2760 γὰρ
1240 2694 1274 2745 ὁ
1312 2691 1513 2758 Πατὴρ
1570 2691 1782 2761 ἐγειζρει
1841 2688 1983 2755 τοὺς

410 2773 665 2841 νεκροὺς
702 2773 801 2828 καί
826 2773 1106 2839 ζωοποιεῖ,
1142 2774 1294 2828 οὕτω
1323 2775 1424 2828 καί
1453 2777 1486 2829 ὁ
1534 2775 1666 2841 Υἱὸς
1686 2774 1796 2840 οὓς
1824 2772 1982 2828 θέλει

412 2854 713 2922 ζωοποιεῖο
777 2856 960 2918 πάλιν,
1015 2856 1163 2926 Ἐγὼ
1211 2859 1282 2911 οὐ
1335 2857 1517 2925 κρίνω
1572 2854 1747 2925 ὑμᾶς,
1793 2855 1982 2922 ἄλλος

413 2937 585 2991 ἐστίν
612 2941 645 2992 ό
676 2940 912 3007 κρίνων.
972 2934 1107 2992 Εἶτα
1156 2939 1431 3011 ἀναχωρεῖ
1464 2937 1658 2992 πάλιν·
1693 2932 1812 2989 εἶτα
1859 2939 1980 2991 ἐπι-

417 3022 550 3084 στὰς
570 3025 636 3093 τῇ
655 3023 932 3093 Γαλιλαίᾳ,
971 3020 1334 3088 Ἐρτὰζεσθε,
1380 3020 1534 3089 φησὶ,
1572 3020 1658 3089 μὴ
1689 3017 1809 3085 τὴν
1825 3021 1984 3088 ,βρῶ-

412 3120 519 3158 σιν
555 3103 669 3172 τὴν
695 3101 1148 3172 ἀπολλυμένην.
1184 3103 1295 3155 Kal
1324 3101 1496 3154 εἰπὼν
1524 3104 1651 3173 περὶ
1686 3103 1851 3156 αὑτοῦ
1884 3120 1983 3173 με·

413 3188 575 3256 γάλα,
609 3190 691 3242 ὅτι
740 3190 805 3240 ὲκ
849 3186 944 3239 τοῦ
985 3184 1212 3256 οὐρανοῦ
1270 3183 1664 3256 καταϐέϐηκεν,
1714 3186 1797 3239 δτι
1841 3186 1984 3257 ζωὴν

413 3270 633 3324 αἰώνιον
662 3269 867 3333 δίδωσι,
897 3268 1059 3321 πάλιν
1080 3269 1371 3337 ἀναχωρεῖ.
1398 3267 1507 3320 Καὶ
1537 3269 1606 3339 τῇ
1634 3268 1986 3339 Σκηνοπηγίᾳ

417 3352 578 3406 πάλιν
606 3352 852 3415 ὲπιστάς,
886 3350 948 3404 τὸ
983 3350 1114 3403 αὐτὸ
1139 3348 1298 3402 τοῦτο
1329 3350 1493 3402 ποιεῖ.

490 3516 555 3587 β’.
584 3517 694 3571 Kal
716 3515 978 3586 διηνεκῶς
1012 3516 1110 3571 ῖδοι
1140 3534 1224 3580 τις
1255 3515 1322 3570 ἂν
1341 3515 1484 3570 οὕτω
1514 3517 1855 3572 ποικίλλοντα
1887 3518 1985 3591 τήν

415 3600 783 3666 διδασκαλίαν,
813 3599 1106 3671 παρουσίᾳ,
1145 3601 1403 3672 ἀπουσίᾳ,
1437 3604 1732 3666 ταπεινοῖς,
1764 3602 1987 3675 ὑψηλοῖς

415 3681 617 3753 λόγοις.
665 3686 730 3738 '0
753 3685 845 3738 καὶ
862 3682 1094 3737 ἐνταῦθα
1124 3683 1415 3761 πεποίηκε.
1455 3684 1725 3738 Τοσαῦτα
1770 3684 1840 3738 δὲ
1881 3688 1987 3741 οὐ·

418 3767 524 3821 τοῦ
556 3766 773 3837 σημεῖα
808 3766 1226 3834 πεποιηκότος,
1260 3768 1371 3820 οὐκ
1402 3766 1727 3823 ἐπίστευον
1756 3770 1844 3835 εἰς
1879 3772 1987 3825 αὑ-

417 3849 543 3914 τὸν,
579 3849 761 3919 φησὶν,
817 3848 918 3901 ἵνα
981 3846 1269 3916 πληρωθῇ
1313 3851 1346 3903 ό
1397 3851 1579 3919 λόγος
1635 3851 1873 3906 Ἡσαΐου
1915 3853 1989 3907 δν

415 3927 545 3984 εἷπε
575 3948 589 3961 ο
618 3932 816 3999 Κύριε,
838 3930 932 3996 τίς
954 3931 1281 3985 ἐπίστευσε
1298 3929 1372 3999 τῇ
1397 3930 1549 4001 ἀκοῇ
1573 3933 1786 4002 ἠμῶν;
1827 3935 1926 3989 καί
1954 3937 1987 3991 ό

411 4013 681 4082 ,βραχίων
726 4015 944 4081 ΚυρΙου
984 4013 1100 4067 τίνι
1152 4014 1583 4084 ἀπεκαλύφθης
1634 4017 1745 4070 Kal
1802 4017 1984 4083 πάλιν,

420 4098 543 4151 Οὐκ
552 4095 871 4165 ἠδύναντο,
890 4097 1044 4167 φησι,
1060 4098 1387 4162 πιστεύειν,
1404 4095 1494 4151 ὅτι
1515 4094 1686 4153 εἶπεν
1706 4101 1954 4166 Ἡσαΐας
1967 4115 1983 4131 ο

431 4178 599 4248 Ἀκοῇ
627 4180 940 4242 ἀκούσετε,
974 4182 1071 4237 καί
1097 4185 1169 4236 οὐ
1194 4180 1280 4250 μὴ
1305 4181 1556 4248 συνῆτε.
1594 4183 1786 4238 Ταῦτα
1810 4183 1880 4237 δὲ
1907 4180 1988 4238 εἷο

416 4280 552 4327 πεν,
584 4264 681 4317 ὅτε
696 4263 817 4317 εἶδε
837 4262 952 4331 τὴν
981 4262 1168 4327 δόξαν
1193 4262 1379 4317 αὐτοῦ
1406 4265 1506 4316 καί
1546 4263 1814 4333 ὲλάλησε
1855 4267 1989 4334 περί

416 4347 624 4401 αὐτοῦ.
672 4347 804 4401 Ἰδοὺ
846 4347 1011 4400 πάλιν
1046 4347 1129 4410 τὸ,
1163 4344 1316 4409 Ὅτι,
1361 4347 1455 4399 καὶ
1494 4343 1699 4412 Εἶπεν,
1738 4350 1858 4420 οὐχὶ
1905 4352 1989 4404 αἰ-

416 4430 708 4499 τιολογίας.
757 4428 872 4483 ἀλλ’
921 4428 1216 4501 ἐκϐάσεως.
1276 4427 1411 4482 Οὐδὲ
1451 4428 1558 4501 γὰρ
1603 4430 1790 4501 ἐπειδὴ
1834 4427 1988 4485 εἶπεν

430 4514 677 4580 Ἡσαΐας,
708 4516 808 4568 οὐκ
829 4512 1112 4566 ἐπίστευον
1133 4529 1147 4543 ’
1164 4498 1291 4565 ἀλλ’
1314 4513 1499 4584 ἐπειδὴ
1526 4498 1626 4567 οὐκ
1648 4498 1871 4585 ἔμελλον
1903 4536 1990 4570 πι-

420 4598 651 4662 στεύειν,
694 4597 782 4652 διά
817 4597 977 4652 τοῦτο
1028 4593 1180 4650 εἶπεν
1227 4596 1469 4661 Ἡσαΐας.
1522 4598 1586 4650 Τί
1623 4595 1717 4652 οὖν
1758 4600 1857 4671 οὐχ
1891 4599 1987 4653 οῦ-

417 4700 525 4747 τως
562 4683 591 4735 0
630 4680 1020 4751 εύαγγελιστὴς
1049 4680 1215 4748 λέγει,
1264 4680 1401 4734 ἀλλά
1440 4680 1539 4752 τὴν
1584 4683 1841 4737 ἀπιστίαν
1880 4685 1988 4739 ἀπὸ

416 4764 516 4834 τῆς
574 4765 930 4836 προφητείας.
970 4764 1030 4818 οὗ
1078 4766 1177 4833 τὴν
1217 4766 1549 4838 προφητείαν
1585 4767 1692 4821 ἀπὸ
1724 4767 1826 4836 τῆς
1862 4770 1988 4822 ἀπιο

425 4847 574 4910 οτίας
629 4843 766 4901 εἷναί
813 4864 972 4917 φησιο
1019 4848 1110 4900 καὶ
1159 4847 1382 4917 προῖὼν,
1432 4848 1786 4922 σφοδρότερον
1830 4850 1989 4904 τοῦτο

418 4928 550 4982 αὐτὸ
563 4930 797 5000 τίθησιν,
826 4931 966 4984 οὕτω
989 4930 1164 4999 λέγων
1183 4944 1196 4958 ·
1231 4930 1334 4985 Διὰ
1361 4932 1536 4986 τοῦτο
1556 4937 1667 4988 οὐκ
1692 4936 1989 5004 ἠδύναντο

417 5014 744 5077 πιστεύειν,
776 5014 865 5069 ὅτι
896 5011 1063 5073 εἶπεν
1098 5015 1373 5083 Ἠσαΐας;
1413 5015 1688 5072 Ἐντεῦθεν
1708 5020 1991 5090 παραστῆ-

421 5112 512 5149 σαι
542 5095 632 5149 διά
674 5096 880 5151 πολλῶν
939 5097 1186 5167 βούλεται
1228 5099 1288 5151 τὸ
1335 5100 1434 5169 τῆς
1468 5101 1689 5172 Γραφῆς
1717 5102 1948 5171 ἀψευδές
1970 5120 1986 5133 ·

418 5180 514 5232 xal
556 5178 640 5232 ὅτι
666 5178 813 5250 ἀπερ
832 5180 1253 5251 προεφήτευσεν,
1285 5182 1382 5253 οὐχ
1410 5182 1612 5253 ἑτέρως
1645 5183 1828 5254 ἐξέϐη,
1870 5185 1987 5238 ἀλλ’

416 5261 493 5324 ὡς
524 5257 695 5317 εἶπεν.
730 5262 843 5315 Ἵνα
890 5260 999 5333 7&9
1053 5264 1126 5334 μή
1165 5279 1250 5327 τις
1278 5263 1434 5336 λέγῃ,
1490 5266 1599 5319 Kal
1633 5266 1775 5331 τίνος
1805 5267 1989 5321 ἕνεκεν

413 5338 581 5413 ἦλθεν
606 5348 634 5397 0
666 5345 935 5415 Χριστός;
972 5344 1073 5399 οὐκ
1121 5345 1239 5418 ᾔδει
1296 5347 1379 5400 ὅτι
1425 5348 1525 5401 οὐκ
1567 5347 1792 5417 ἔμελλον
1841 5348 1988 5417 αὐτῷ

416 5427 740 5498 προσέχειν;
779 5428 873 5481 καὶ
899 5429 1026 5491 τοὺς
1048 5432 1330 5501 προφήτας
1358 5430 1739 5498 εἰσάγειτοῦτο
1757 5430 1984 5495 εἰδότας.

414 5503 588 5563 ἰιλθε
621 5510 699 5570 δὲ.
728 5512 812 5564 ῖνα
835 5511 1103 5583 πρόφασιν
1136 5514 1209 5584 μὴ
1254 5514 1418 5584 ἔχωσι
1445 5515 1572 5584 περὶ
1596 5515 1695 5584 τῆς
1717 5515 1988 5585 ἁμαρτίας

414 5592 616 5646 αὐτῶν.
664 5596 729 5646 "A
778 5595 887 5666 7&9
933 5597 1190 5664 προεῖπεν
1223 5597 1252 5649 ὀ
1290 5599 1597 5669 προφήτης,
1642 5598 1718 5661 ὡς
1769 5597 1986 5661 πάντως

414 5675 647 5746 ἑπόμενα
676 5680 955 5747 προεῖπεν.
991 5677 1053 5730 Εἰ
1093 5679 1203 5748 γὰρ
1242 5678 1316 5751 μὴ
1359 5680 1575 5743 πάντως
1612 5679 1835 5749 ἔμελλεν
1867 5680 1985 5734 ἔσε-

415 5758 561 5823 σθαι,
589 5760 689 5813 οὐκ
722 5761 788 5815 ἂν
822 5763 1081 5833 προεῖπεο
1122 5763 1337 5827 πάντως
1375 5762 1430 5816 δὲ
1476 5762 1699 5835 ἔμελλεν
1743 5763 1981 5830 ἔσεσθαι,

415 5840 604 5913 ἐπειδὴ
635 5845 870 5909 ἀνιάτως
894 5842 1039 5917 εἶχον
1063 5848 1285 5900 ἐκεῖνοι.

484 5935 546 5987 Εἰ
576 5935 630 5989 δὲ
648 5941 818 5992 κεῖται
843 5938 922 6005 τὸ,
958 5941 1078 5994 θὺκ
1098 5939 1419 6007 ἠδύναντο,
1451 5939 1569 5994 ἀντὶ
1592 5937 1703 6005 τοῦ,
1724 5939 1835 5995 Οὐκ
1858 5939 1981 6012 ἤθεα

1386 332 1457 389 IN
1489 329 1802 389 mum-1n
1838 324 2051 385 nam,
2108 325 2337 406 vam.
2379 328 2452 384 al.
2493 314 2707 384 van.’
2892 337 2927 349 ε

3539 337 3646 395 376

2078 445 2190 509 λον,
2207 449 2402 501 κεῖται.
2436 447 2546 501 Καὶ
2583 448 2656 518 μὴ
2687 445 2991 519 θαυμάσῃς.
3012 446 3121 503 Kal
3154 446 3261 520 7&9
3280 447 3375 503 καὶ
3412 450 3643 523 ἀλλαχοῦ

2083 545 2266 601 φησιν.
2318 530 2384 583 '0
2400 528 2734 599 δυνάμενος
2757 527 2986 598 χωρεῖν,
3015 532 3290 599 χωρείτω.
3323 532 3511 598 οὕτως
3536 531 3645 590 οἶδε

2082 613 2350 686 πολλαχοῦ
2369 614 2598 689 δύναμιν
2629 614 2729 685 τὴν
2748 612 3064 685 προαίρεσιν
3085 614 3283 684 λέγειν.
3312 618 3423 672 Kal
3450 619 3611 675 πάλιν
3627 637 3645 654 ο

2086 698 2170 751 οὐ
2197 696 2443 751 δύναται
2460 699 2494 751 ό
2516 696 2745 765 κόσμος
2770 696 2976 766 μισεῖν
2999 699 3156 770 ὑμᾶς
3176 716 3190 731 ο
3228 700 3334 770 ἐμὲ
3365 703 3435 756 δὲ
3459 703 3646 773 μισεῖ.

2083 777 2256 832 Τοῦτο
2272 778 2331 832 δὲ
2356 778 2451 832 καὶ
2480 780 2540 831 ιν
2561 781 2627 848 τῇ
2652 782 2802 850 κοινῇ
2833 783 3090 855 συνηθείᾳ
3118 784 3518 856 φυλαττόμενον
3549 785 3649 840 ίδοι

2080 877 2164 924 τις
2184 861 2250 916 ἀν
2273 877 2287 891 ’
2319 860 2394 924 ὼς
2415 861 2541 914 ὅταν
2568 860 2700 932 λέγῃ
2729 879 2810 925 τις
2834 880 2850 895 ·
2889 865 2964 918 Οὐ
2994 865 3224 937 δύναμαι
3248 866 3529 935 ἀγαπῆσαι
3557 868 3651 922 τὸν

2080 944 2247 998 δεῖναο
2280 945 2342 998 τὸ
2377 944 2606 1014 σφοδρὸν
2656 944 2758 1014 τῆς
2809 944 3136 1019 βουλήσεως,
3177 948 3408 1020 δύναμιν
3451 949 3647 1018 λέγων.

2082 1026 2195 1080 Kal
2233 1026 2392 1080 πάλιν
2414 1043 2429 1057 ·
2484 1027 2559 1079 Οὐ
2591 1025 2809 1082 δύναται
2831 1031 2861 1083 0
2899 1030 3046 1084 δεῖνα
3084 1029 3337 1098 γενέσθαι
3383 1031 3641 1103 χρηστός.

2081 1108 2191 1162 Kal
2228 1110 2257 1162 0
2294 1109 2579 1180 προφήτης
2596 1108 2654 1162 δὲ
2674 1110 2726 1163 τί
2770 1128 2933 1182 φησιν
2954 1127 2969 1176 ;
2994 1113 3063 1165 Εί
3089 1112 3413 1177 ἀλλάξεται
3434 1113 3654 1180 Αἰθίοψ

2080 1191 2148 1246 τὸ
2181 1191 2366 1262 δέρμα
2391 1191 2597 1256 αὑτοῦ,
2624 1192 2722 1247 καί
2747 1194 3039 1263 πάρδαλις
3068 1197 3141 1251 τὰ
3168 1196 3528 1265 ποικίλματα
3547 1197 3653 1252 αὑ-

2082 1273 2212 1344 τῆς,
2260 1275 2359 1329 καί
2381 1277 2414 1329 ό
2442 1274 2592 1341 λαός
2622 1271 2792 1342 οὗτος
2817 1276 3147 1347 δυνήσεται
3175 1275 3245 1334 εὖ
3278 1277 3525 1346 ποιῆσαι
3549 1295 3654 1348 με·

2076 1362 2358 1435 μαθηκὼς
2385 1363 2560 1418 κακά.
2596 1365 2669 1418 υύ
2692 1365 2848 1420 τοῦτό
2870 1383 3056 1437 φησιν,
3081 1368 3162 1422 ὅτι
3191 1367 3449 1423 ἀδύνατος
3468 1368 3653 1432 αὐτοῖς

2082 1447 2238 1519 ήτῆς
2268 1448 2470 1520 ἀρετῆς
2528 1448 2792 1521 ἐργασία·
2837 1450 2951 1503 ἀλλ’
3005 1451 3087 1505 ὅτι
3123 1452 3186 1504 οὐ
3230 1450 3527 1521 βούλονται,
3565 1452 3654 1505 διὰ

2081 1530 2239 1584 τοῦτο
2285 1531 2348 1583 οὐ
2399 1530 2674 1586 δύνανται,
2734 1533 2843 1585 Kal
2886 1532 2915 1585 ὃ
2968 1531 3116 1601 λέγει
3158 1534 3188 1586 0
3226 1533 3651 1606 εύαγγελιστὴς,

2080 1612 2239 1666 τοῦτό
2275 1629 2461 1684 φησιν,
2507 1614 2589 1666 ὅτι
2631 1613 2888 1667 ἀδύνατον
2930 1610 2999 1685 ἦν
3033 1613 3334 1684 ψεύσασθαι
3376 1614 3524 1687 [407]
3560 1616 3653 1670 τὸν

2083 1696 2387 1768 προφήτην.
2442 1695 2516 1748 υύ
2560 1696 2666 1766 μὴν
2699 1695 2788 1748 διὰ
2831 1695 2990 1749 τοῦτο
3034 1695 3293 1750 ἀδύνατον
3347 1692 3417 1769 ἧν
3454 1699 3652 1761 αὐτοὺς

2082 1777 2392 1831 πιστεῦσαι.
2433 1777 2589 1849 Ἐνῆν
2634 1778 2765 1848 γὰρ.
2822 1778 2919 1832 καὶ
2981 1778 3387 1833 πιστευσάντων
3448 1780 3650 1847 αὐτῶν,

2082 1860 2283 1930 ἀψευδῆ
2339 1858 2538 1931 μένειν.
2588 1860 2663 1914 Ού
2719 1861 2828 1932 γὰρ
2858 1860 2925 1916 ἂν
2948 1862 3118 1917 ταῦτα
3146 1869 3428 1938 προεῖπεν,
3459 1867 3510 1919 εί
3558 1884 3652 1921 πι·

2084 1943 2294 1997 στεύειν
2314 1944 2558 2015 ἔμελλον.
2600 1944 2665 1998 Τί
2714 1943 2829 2010 οὖν,
2879 1947 3064 2016 φησὶν,
3114 1947 3212 2017 οὐχ
3250 1947 3427 2011 οὕτως
3452 1944 3645 2011 εἶπεν,

2085 2025 2207 2080 Ὅτι
2248 2025 2513 2097 ἰδιώματα
2554 2043 2674 2082 τινα
2702 2029 2735 2098 ὴ
2761 2028 2950 2101 Γραφὴ
2986 2028 3213 2083 τοιαῦτα
3267 2029 3399 2101 ἔχει,
3435 2031 3531 2084 καὶ
3566 2031 3647 2085 δεῖ⁹

2081 2111 2192 2172 τοῖς
2212 2109 2398 2179 νόμοις
2427 2109 2600 2180 αὐτῆς
2630 2114 2994 2183 παραχωρεῖν.
3033 2111 3223 2167 Ταῦτα
3247 2112 3316 2166 δὲ
3345 2109 3534 2178 εἶπεν,
3555 2113 3655 2168 ὅτε

2082 2188 2204 2247 εἶδε
2222 2192 2337 2261 τὴν
2372 2191 2560 2258 δόξαν
2598 2193 2804 2248 αὐτοῦ.
2862 2195 3058 2260 Τίνος;
3111 2196 3217 2250 Τοῦ
3253 2198 3486 2269 Πατρός.
3526 2197 3654 2260 Πῶς

2082 2270 2177 2329 οῦν
2212 2274 2241 2326 0
2259 2274 2511 2346 Ἰωάννης
2539 2276 2777 2347 περὶτοῦ
2805 2276 2933 2330 Υἱοῦ
2966 2277 3133 2345 λέγει,
3156 2280 3184 2331 0
3205 2278 3262 2331 δὲ
3293 2279 3504 2343 Παῦλος
3525 2280 3656 2352 περὶ⁹

2081 2358 2178 2435 τοῦ
2230 2358 2578 2430 Πνεύματος;
2607 2359 2720 2430 Οὐχ
2743 2358 2819 2424 ὼς
2851 2359 3262 2429 συναλείφοντες
3293 2363 3391 2425 τὰς
3420 2363 3655 2417 ὑποστά-

2085 2459 2219 2506 σεις,
2262 2442 2400 2496 ἀλλὰ
2440 2443 2568 2514 μίαν
2613 2442 2770 2508 ἀξίαν
2811 2442 3098 2513 δηλοῦντες
3137 2439 3298 2508 εἶναι,
3332 2446 3486 2515 φησί.
3544 2448 3655 2501 Kal

2083 2526 2188 2595 γάρ
2216 2524 2285 2578 τὰ
2313 2524 2408 2578 τοῦ
2436 2523 2650 2596 Πατρὸς
2677 2523 2770 2579 τοῦ
2807 2524 2939 2579 Υίοῦ
2960 2566 2976 2590 ,
3026 2527 3121 2580 καὶ
3157 2526 3227 2580 τά
3257 2525 3352 2581 τοῦ
3398 2527 3530 2581 Υίοῦ
3557 2528 3653 2581 τοῦ

2083 2607 2297 2677 Πατρός
2322 2608 2440 2661 ἐστι
2479 2620 2526 2660 ο.
2572 2607 2765 2662 Καίτοι
2795 2607 2965 2661 πολλά
2994 2608 3060 2661 δι’
3088 2607 3334 2676 ἀγγέλων
3374 2607 3517 2672 εἶπε,
3559 2610 3656 2663 καὶ

2081 2690 2257 2753 οὐδεὶς
2284 2690 2451 2760 λέγει.
2491 2692 2673 2757 καθὼς
2700 2685 2854 2745 εἶπεν
2884 2693 2913 2745 0
2959 2690 3225 2761 άγγελοςο
3282 2692 3418 2746 ἀλλά
3465 2692 3558 2759 τί;
3594 2694 3655 2746 Ὀ

2083 2771 2213 2835 Θεὸς
2240 2767 2411 2826 εἶπεν.
2442 2774 2524 2827 Τά
2562 2774 2661 2844 μὲν
2686 2774 2795 2847 7&9
2825 2773 2931 2828 ὑπὸ
2974 2773 3069 2828 τοῦ
3105 2771 3240 2829 Θεοῦ
3294 2776 3364 2829 δι’
3407 2775 3656 2844 ἀγγέλων

2083 2855 2369 2926 εἰρημένα,
2391 2857 2482 2910 τοῦ
2503 2855 2638 2909 Θεοῦ
2667 2856 2733 2911 ἂν
2770 2856 2855 2928 εἴη
2877 2874 2892 2889 ·
2929 2857 3031 2912 οὐκ
3082 2856 3164 2913 ἔτι
3212 2857 3270 2911 δὲ
3310 2858 3406 2913 καὶ
3441 2858 3507 2911 τὰ
3559 2856 3655 2911 τοῦ

2082 2937 2240 3000 Θεοῦ,
2291 2938 2397 2992 τῶν
2438 2939 2705 3008 ἀγγέλων.
2788 2938 3051 2995 Ἐνταῦθα
3095 2940 3154 2995 δὲ
3193 2941 3287 2995 τοῦ
3340 2941 3656 3012 Πνεύματός

2086 3037 2249 3091 φησιν
2290 3016 2428 3074 εἶναι
2466 3022 2534 3074 τὰ
2565 3024 2804 3093 ῥήματα.
2839 3022 2948 3077 Καὶ
2975 3021 3245 3090 ἐλάλησε
3272 3024 3407 3092 περὶ
3446 3024 3653 3078 αὐτοῦ.

2086 3102 2152 3157 Τί
2191 3102 2449 3172 ἐλάλησεν
2472 3120 2488 3168 ;
2513 3101 2695 3157 Εἶδον
2746 3104 2853 3157 τὸν
2910 3104 3129 3171 Κύριον
3168 3103 3507 3172 καθήμενον
3555 3105 3655 3159 ἐπὶ

2086 3187 2304 3253 θρόνου
2327 3186 2589 3254 ὑψηλοῦ,
2616 3186 2709 3239 καὶ
2751 3185 2823 3239 τά
2874 3186 3020 3255 ἑξῆς.
3073 3185 3242 3250 Δόξαν
3278 3182 3371 3241 οὖν
3426 3188 3660 3241 ἐνταῦθά

2086 3284 2244 3338 φησι,
2273 3267 2373 3340 τὴν
2400 3268 2522 3338 ὄψιν
2547 3269 2783 3340 ἐκείνην,
2803 3269 2895 3323 τὸν
2920 3268 3148 3333 καπνὸν,
3196 3269 3260 3323 τὸ
3286 3268 3516 3323 ἀκοῦσαι
3556 3287 3661 3339 μυ-

2089 3351 2325 3424 στηρίων
2394 3353 2742 3424 ἀπορρήτων,
2801 3352 2863 3408 τὸ
2917 3353 3045 3406 ἰδεῖν
3093 3351 3163 3407 τά
3226 3352 3497 3423 Σεραφὶμ,
3557 3352 3659 3425 τὴν

2089 3436 2375 3507 ἀστραπὴν
2401 3435 2499 3505 τὴν
2528 3436 2635 3488 ἀπὸ
2678 3434 2772 3488 τοῦ
2821 3434 3013 3506 θρόνου
3044 3434 3319 3503 πηδῶσαν.
3413 3434 3660 3489 ἀντιϐλέ-

2086 3519 2185 3588 ψαι
2212 3518 2268 3571 al
2292 3518 2546 3587 δυνάμεις
2596 3516 2697 3571 οὐκ
2750 3512 2895 3588 εῐχον
2943 3519 3168 3572 ἐκεῖναι.
3228 3516 3341 3572 Καὶ
3391 3516 3659 3584 ἐλάλησε

2088 3598 2223 3669 περὶ
2274 3599 2482 3654 αὐτοῦ.
2522 3599 2588 3652 Τί
2625 3598 2916 3670 ὲλάλησενς
2950 3599 3073 3653 ὀτι
3102 3598 3305 3670 ἢκουσε
3339 3598 3522 3670 φωνὴν
3570 3598 3659 3652 λέ-

2087 3699 2289 3753 γουσαν
2311 3699 2327 3715 ·
2377 3685 2515 3737 Τίνα
2562 3682 2923 3747 ἀποστείλω,
2974 3682 3073 3736 καί
3121 3681 3213 3749 τίς
3269 3683 3657 3749 πορεύσεται;

2087 3767 2197 3821 Καὶ
2240 3761 2441 3820 εἷπον·
2490 3765 2634 3819 Ἰδοὺ
2666 3763 2781 3836 ἐγώ
2817 3769 2958 3833 εἶμι,
3007 3764 3375 3820 ἀπόστειλόν
3405 3781 3502 3834 με.
3549 3762 3659 3818 Καὶ

2089 3845 2293 3903 εἴπεν-ο
2367 3847 2544 3917 ’Δκοῇ
2600 3848 2927 3913 ἀκούσετε,
2975 3848 3074 3903 καί
3134 3850 3207 3902 οὐ
3257 3847 3345 3917 μὴ
3400 3844 3654 3914 συνῆτε,

2089 3933 2188 3987 καί
2208 3932 2546 3998 ,ϐλέποντες
2570 3928 2861 3999 βλέψετε,
2884 3929 2984 3983 καί
3029 3931 3101 3984 οὺ
3135 3930 3222 3998 μὴ
3267 3931 3451 3997 ίδητε.
3493 3931 3659 3984 Ἐτύ-

2089 4019 2295 4085 ερλωσε
2323 4014 2434 4084 γὰρ
2458 4012 2657 4068 αὐτῶν
2684 4012 2826 4077 τοὺς
2853 4012 3220 4080 ὀφθαλμοὺς,
3255 4013 3351 4065 καὶ
3385 4012 3659 4080 πεπώρω-

2090 4115 2198 4152 κεν
2255 4093 2454 4152 αὐτῶν
2503 4092 2619 4161 τὴν
2664 4093 2936 4164 καρδίαν,
2975 4094 3062 4163 μή
3116 4109 3261 4148 ποτε
3326 4093 3493 4149 ἴδωσι
3532 4093 3657 4159 τοῖς

2092 4176 2438 4248 ὀφθαλμοῖς,
2461 4176 2559 4230 καί
2608 4174 2682 4244 τῇ
2726 4174 2935 4243 καρδίᾳ
2962 4174 3253 4231 συνῶσιν.
3309 4174 3440 4229 Ἰδοὺ
3495 4174 3657 4230 πάλιν

2092 4261 2279 4331 ἓτερον
2326 4257 2586 4330 ζήτημα⁶
2634 4257 2748 4312 ἀλλ’
2794 4258 2895 4311 οὐκ
2935 4258 3114 4320 ἐστιν,
3149 4258 3244 4312 ἐὰν
3275 4257 3450 4333 ὀρθῶς
3489 4273 3659 4330 προσ-

2093 4344 2324 4413 έχωμεν.
2376 4342 2587 4410 Ὠσπερ
2618 4340 2724 4411 γὰρ
2758 4343 2788 4394 0
2817 4341 2968 4412 ἥλιος
2997 4341 3105 4394 τῶν
3148 4341 3390 4396 ἀσθενῶν
3438 4341 3660 4412 πλήττει

2090 4426 2188 4488 τὰς
2217 4424 2368 4493 ὄψεις
2391 4423 2451 4476 οὐ
2492 4422 2641 4493 παρά
2668 4423 2766 4492 τὴν
2790 4424 2997 4476 οἰκείαν
3039 4423 3220 4492 φύσιν,
3262 4423 3405 4478 οὕτω
3435 4426 3530 4479 καὶ
3566 4425 3661 4480 ἐπὶ

2090 4506 2198 4559 τῶν
2228 4506 2303 4578 μὴ
2349 4505 2721 4577 προσεχόντων
2752 4508 2863 4569 τοῖς
2904 4507 2997 4561 τοῦ
3031 4506 3165 4560 Θεοῦ
3214 4507 3393 4576 λόγοις
3428 4509 3658 4576 γίνεται.

2091 4587 2248 4643 Οὕτω
2275 4590 2369 4643 καὶ
2397 4592 2491 4642 ἐπὶ
2519 4588 2614 4642 τοῦ
2638 4589 2837 4661 Φαραὼ
2858 4588 2956 4659 τὴν
2982 4590 3210 4659 καρδίαν
3239 4591 3536 4661 σκληρῦναι
3568 4591 3659 4644 λέ-

2090 4688 2266 4739 γεται.
2305 4671 2447 4725 οῦτω
2479 4673 2575 4726 καὶ
2596 4674 2690 4727 ἐπὶ
2713 4674 2820 4728 τῶν
2851 4673 3295 4743 φιλονεικούντων
3337 4691 3392 4727 τι
3428 4675 3541 4735 τοῖς
3564 4673 3659 4726 τοῦ

2091 4756 2227 4811 Θεοῦ
2256 4756 2433 4825 λόγοις
2465 4757 2696 4827 γίνεται.
2746 4759 2963 4829 ’ἰδίωμα
2991 4758 3048 4813 δὲ
3085 4759 3179 4812 καὶ
3210 4758 3369 4812 τοῦτο
3397 4757 3496 4829 τῆς
3521 4759 3661 4827 Γρα-

2092 4841 2219 4912 φῆςς
2258 4841 2334 4905 ὡς
2357 4849 2386 4891 δ
2420 4843 2513 4896 καὶ
2550 4842 2629 4907 τὸ,
2659 4841 3006 4911 Παρέδωκεν
3037 4846 3125 4910 είς
3169 4844 3456 4912 ἀδόκιμον
3485 4841 3626 4897 νοῦν
3651 4885 3667 4908 ,

2091 4923 2280 4986 καὶτὸ,
2325 4925 2618 4994 ’Λπένειμε
2645 4926 2771 4992 τοῖς
2793 4926 3016 4986 ἔθνεσι,
3051 4926 3320 4990 τουτέστι,
3346 4925 3667 4998 Συνεχώρηδ

2094 5025 2207 5069 σεν,
2261 5008 2494 5077 ἀφῆκεν.
2548 5007 2681 5080 Οὐχὶ
2703 5008 2814 5078 γὰρ
2865 5008 3194 5080 ἐνεργοῦντα
3227 5009 3388 5063 αὑτὸν
3427 5008 3660 5063 ενταῦθα

2090 5096 2321 5164 εἰσάγει,
2350 5096 2466 5150 ἀλλ’
2497 5098 2563 5150 ὲκ
2582 5096 2680 5166 τῆς
2705 5097 2906 5167 ἑτέρων
2931 5096 3194 5169 πονηρίας
3216 5094 3391 5149 ταῦτα
3404 5096 3663 5166 γινόμενα

2089 5183 2381 5239 δείκνυσιν.
2403 5186 2571 5239 ὀταν
2592 5184 2702 5256 γὰρ
2731 5184 3245 5255 ὲγκαταλειφθῶμεν
3261 5184 3366 5237 ὑπὸ
3389 5184 3483 5238 τοῦ
3501 5182 3658 5246 Θεοῦ,

2092 5266 2496 5340 παραδιδόμεθα
2539 5266 2618 5337 τῷ
2644 5267 2913 5338 διαϐόλῳο
2949 5267 3028 5338 τῷ
3070 5267 3302 5338 διαϐόλῳ
3329 5266 3386 5322 δὲ
3424 5267 3662 5339 παραδο-

2090 5350 2295 5415 θέντες,
2349 5351 2517 5422 μυρία
2574 5352 2854 5423 πάσχομεν
2891 5351 3060 5407 δεινά.
3111 5351 3295 5405 Φοϐῶν
3337 5351 3516 5406 τοίνυν
3569 5352 3662 5406 τὸν

2090 5437 2385 5508 ἀκροατὴν,
2439 5440 2620 5508 φησὶν.
2692 5439 3085 5507 ἐσκλήρυνε,
3150 5440 3245 5493 καὶ
3291 5437 3658 5507 Παρέδωνεν.

2091 5522 2215 5575 Ὅτι
2241 5520 2350 5590 γὰρ
2382 5520 2543 5582 αὐτὸς
2569 5521 2631 5573 οὐ
2674 5522 2831 5590 μόνον
2856 5522 2918 5573 οὐ
2957 5521 3341 5592 παραδίδωσιν,
3382 5520 3497 5574 ἀλλ’
3538 5517 3660 5571 οὐδὲ

2091 5603 2577 5674 ὲγκαταλιμπάνει,
2635 5603 2733 5656 ἐὰν
2783 5602 2857 5675 μὴ
2907 5603 3280 5674 βουληθῶμεν,
3330 5603 3562 5658 ἄκουσον
3606 5598 3661 5652 τί

2149 5810 2177 5839 ⁸
2216 5808 2366 5874 συξη.
2401 5809 2495 5857 Καὶ
2526 5809 2588 5858 τά
2614 5808 2844 5874 τοῖνΥίοῦ
2865 5847 2879 5874 ε
2909 5809 2996 5863 τοῦ
3024 5811 3300 5874 Πνεύματὸς
3341 5811 3472 5863 ἐστι.
3501 5815 3551 5861 et
3587 5814 3659 5860 sic

2085 5882 2262 5938 omnes.
2281 5869 2385 5918 fere
2407 5873 2740 5938 ιηειηιιεςττιιιιι.
2805 5873 2834 5910 δ
2863 5872 2942 5928 Ὡς
2961 5875 3100 5938 ιιι-αἰξὶ
3121 5869 3268 5923 Silvii.
3299 5881 3349 5925 el
3370 5875 3515 5938 pavlo
3538 5881 3658 5925 aula

2087 5946 2149 5983 ex
2170 5931 2344 5981 eodem
2369 5934 2581 5982 accessit
2603 5931 2777 5995 γίνεται
2797 5942 2909 5997 post
2930 5936 3100 5996 λόγοις.
3136 5937 3264 5985 Ευιῐ.

2056 6092 2068 6119 .‘
2100 6097 2118 6122 γ
2146 6099 2159 6109 ο
2273 6064 2378 6123 Ι“·;τ
