4094 6204
493 290 600 347 377

494 418 692 474 φησιν’
745 403 896 473 Οὐχί
922 407 982 458 al
1009 406 1280 473 ἁμαρτίαι
1309 407 1474 476 ὑμῶν
1495 407 1805 462 διιστῶσιν
1843 409 2061 479 ἀναμέ-

493 508 613 546 σον
633 491 777 558 ἐμοῦ
801 492 896 544 καί
932 491 1137 559 ὑμῶν;
1185 493 1278 545 καὶ
1325 495 1486 546 πάλιν
1507 511 1519 524 ·
1566 497 1631 547 Ol
1651 497 2063 563 μακρύνοντες

493 575 746 639 ἑαυτοὺς
774 573 893 627 ἀπὸ
919 575 1062 640 σοῦ,
1091 575 1482 630 ἀπολοῦνται.
1521 578 1578 631 ὐ
1593 579 1650 632 δὲ
1682 579 1840 649 Ὦσηέ
1860 596 2026 650 φησιν
2045 594 2059 610 ο

507 656 832 712 Ἒπελάθου
882 658 1069 726 νόμου
1119 659 1264 712 Θεοῦ
1316 674 1455 719 σου,
1528 660 1890 730 ἐπιλήσομαί
1947 679 2062 716 σου

493 741 678 808 κάγώ·
730 741 820 793 καὶ
851 741 1011 804 αὐτὸς
1041 741 1097 794 δὲ
1133 743 1191 793 ὲν
1227 746 1338 804 τοῖς
1386 743 1766 810 Εὑαγγελίοις⁶
1800 744 2065 811 Ποσὰιιις

491 823 762 888 ἠθέλησα
780 822 1242 892 ἐπισυναγαγεῖν
1268 823 1341 876 τὰ
1372 824 1547 877 τέκνα
1591 825 1780 893 ὑμῶν,
1819 826 1916 879 καί
1951 829 2062 880 οὐκ

493 905 869 972 ἠθελήσατε]
905 905 999 958 καὶ
1033 907 1061 958 6
1099 906 1323 969 Ἡσαΐας
1358 906 1416 958 δὲ
1456 907 1613 958 πάλιν
1638 923 1652 937 ο
1683 903 1925 970 Ἦλθον,
1965 907 2065 961 καί

493 988 603 1040 οὐκ
630 984 708 1057 ἦν
735 988 1068 1054 ἄνθρωπος’
1119 987 1402 1052 ἐκάλεσα,
1450 989 1547 1041 καὶ
1599 992 1710 1042 οὐκ
1757 986 1836 1058 ἦν
1873 993 1905 1042 ό
1949 992 2064 1042 ὑπ-

493 1071 918 1139 ακουσόμενος.
941 1071 983 1121 Τ
985 1070 1123 1122 αῦτα
1139 1071 1194 1122 δὲ
1225 1070 1392 1136 λέγει,
1425 1071 1638 1134 δεικνὺς
1659 1073 1806 1142 ἡμᾶς
1827 1072 2065 1142 ἀρχομέ-

493 1175 616 1220 νους
642 1160 738 1227 τῆς
769 1157 1220 1226 ἐγκαταλείψεως,
1260 1161 1353 1212 καὶ
1383 1160 1589 1222 αἰτίους
1621 1160 1936 1229 γινομένους
1965 1160 2064 1228 τῆς

492 1244 784 1306 ἀπωλείας.
824 1245 879 1296 Ὀ
905 1247 1012 1314 γὰρ
1042 1244 1171 1307 Θεὸς
1198 1245 1257 1297 οὐ
1297 1244 1454 1314 μόνον
1481 1245 1541 1296 ού
1591 1243 1906 1296 καταλιπεῖν
1943 1244 2065 1296 οὐδὲ

492 1330 716 1383 κολάσαι
749 1329 1017 1400 βούλεται,
1059 1330 1195 1382 ἀλλά
1222 1332 1315 1382 καὶ
1344 1331 1432 1382 ὅτε
1488 1328 1728 1391 κολάζει.
1773 1331 1847 1399 μὴ
1893 1329 2066 1381 θέλων

491 1418 622 1471 αὐτὸ
652 1421 811 1471 ποιεῖ.
847 1418 928 1470 Οὔ
963 1418 1249 1485 ϐούλομαι
1283 1418 1408 1487 γάρ.
1445 1415 1597 1487 [408]
1643 1418 1799 1487 φησὶ,
1829 1405 1935 1469 τὸν
1964 1416 2065 1468 0d-

490 1518 678 1555 νατον
709 1501 814 1554 τοῦ
839 1500 1211 1568 ἁμαρτωλοῦ,
1236 1501 1316 1565 ὡς
1347 1500 1415 1552 τὸ
1441 1500 1798 1567 ἐπιστρέψαι
1829 1499 1926 1552 καὶ
1959 1496 2067 1564 ζῇν

489 1585 696 1637 αὐτόν.
740 1585 797 1634 '0
828 1582 886 1634 δὲ
909 1581 1140 1651 Χριστὸς
1166 1583 1261 1634 καὶ
1291 1581 1383 1633 ἐπὶ
1398 1584 1463 1650 τῇ
1488 1583 1836 1651 καταστροφῇ
1871 1581 2066 1650 Ἱερουο

494 1670 675 1739 σαλὴμ
694 1668 918 1737 δακρύει
935 1684 949 1698 ⁸
983 1669 1012 1720 ὃ
1044 1669 1136 1721 καὶ
1161 1681 1186 1708 α
1211 1671 1370 1737 ἡμεῖς
1399 1669 1492 1720 ἐπὶ
1523 1669 1691 1736 φίλων
1712 1668 1992 1737 ποιοῦμεν.

563 1763 632 1822 γ’.
656 1755 819 1808 Ταῦτ’
853 1752 945 1808 οὖν
975 1755 1195 1817 εἰδότες,
1231 1755 1405 1806 πάντα
1449 1756 1776 1824 πράττωμεν
1807 1754 1944 1807 ὥστε
1989 1756 2064 1825 μὴ

492 1836 818 1907 ἀφίστασθαι
844 1835 939 1888 τοῦ
967 1834 1123 1898 Θεοῦ,
1157 1837 1270 1888 ἀλλ’
1301 1835 1552 1904 ἐχώμεθα
1581 1836 1679 1904 τῆς
1711 1837 1850 1889 κατά
1887 1836 2063 1906 ψυχὴν

555 1929 586 1960 ⁸
607 1929 702 1992 Alii
739 1928 942 1992 Χριστὸς
982 1928 1240 1977 ἀπολλύναι
1276 1929 1460 1988 μέλλων
1484 1928 1570 1983 τήν
1629 1925 1940 1989 Ἰερουσαλὴμ
1982 1930 2063 1976 καὶ

492 1989 702 2054 δακρύει,
733 1991 759 2038 ὃ
787 1989 885 2037 καί.

1235 291 1292 345 S.
1327 289 1614 346 JOANNIS
1648 290 2130 348 CIIRYSOSTOMI
2171 291 2492 351 ARCHIEP.
2541 296 3090 355 CONSTANTINOP.

3671 302 3796 359 378

2167 412 2485 480 ἐπιμελείας
2518 413 2611 466 καὶ
2653 415 2750 484 τῆς
2788 413 2923 485 πρὸς
2949 414 3209 485 ἀλλήλους
3245 417 3487 488 ἀγάπης,
3527 418 3647 471 καὶ
3704 419 3797 492 μὴ

2137 520 2140 522 -
2167 494 2564 564 σπαράττωμεν
2589 495 2744 564 ἡμῶν
2765 497 2832 548 τὰ
2866 495 3001 565 μέλη
3024 497 3204 566 (τοῦτο
3218 499 3327 569 γάρ
3350 500 3743 570 μαινομένων
3761 501 3794 540 ³³

2165 575 2259 627 καὶ
2293 575 2659 646 ἐξεστηκότων
2678 577 2843 645 ἐστίν)
2867 594 2882 607 ο
2914 577 3029 630 ἀλλ’
3059 580 3169 649 ὅσῳ
3220 579 3285 632 ἂν
3319 581 3504 643 κακῶς
3545 581 3796 634 διακει-

2169 658 2358 726 μένους
2387 659 2601 728 ἴδωμεν,
2638 659 3060 730 θεραπεύσαιμεν
3107 662 3326 731 μᾶλλον.
3366 663 3474 715 Καὶ
3500 663 3634 733 γὰρ
3679 663 3794 716 καὶ

2164 743 2223 793 ἐν
2250 744 2361 804 τοῖς
2398 741 2611 811 σώμασι
2650 743 2876 804 πολλοὺς
2908 744 3167 804 πολλάκις
3205 754 3228 782 α
3261 743 3479 814 δρῶμεν
3506 745 3791 815 δυστρά-

2164 822 2303 876 πελα
2327 824 2545 892 ἔχοντας
2567 825 2660 877 καὶ
2682 825 2874 878 ἀνίατα
2901 827 3202 896 νοσήματα,
3234 827 3330 878 καὶ
3361 827 3422 879 ού
3455 827 3792 896 παυόμεθα

2163 900 2493 962 ἐπιτιθέντες
2525 901 2812 972 φάρμακα.
2838 903 2902 954 Τί
2933 904 3041 973 γὰρ
3075 903 3371 970 ποδαλγίας
3425 907 3631 974 χεῖρον
3659 920 3676 966 ;
3727 903 3790 957 τί

2162 983 2219 1035 δέ
2244 983 2576 1053 χειράγρας;
2614 981 2701 1056 ἄρ’
2757 981 2849 1039 οὖν
2893 986 3312 1056 περικόπτωμεν
3339 987 3407 1039 τὰ
3432 989 3637 1052 κῶλα;
3667 990 3790 1041 Οὐ-

2163 1067 2350 1137 δαμῶς
2368 1083 2382 1096 °
2417 1067 2552 1121 ἀλλὰ
2575 1070 2750 1121 πάντα
2779 1068 3036 1139 ποιοῦμεν
3059 1068 3197 1121 ὥστε
3221 1071 3589 1140 παραμυθίας
3616 1071 3788 1132 τινος

2165 1154 2488 1216 ἀπολαῦσαι,
2543 1155 2730 1226 ἐπειδὴ
2795 1155 2952 1208 λῦσαι
3001 1156 3061 1208 τὸ
3105 1155 3275 1209 κακὸν
3320 1157 3381 1209 ού
3441 1155 3783 1227 δυνάμεθα.

2165 1241 2335 1293 Τοῦτο
2364 1241 2456 1292 καὶ
2484 1242 2574 1292 ἐπὶ
2611 1241 2720 1294 τῶν
2747 1241 2989 1308 ἀδελφῶν
3013 1243 3258 1312 ποιῶμεν
3288 1260 3300 1272 ”
3321 1243 3438 1302 καὶ,
3463 1243 3531 1296 ἂν
3551 1243 3789 1296 ἀνίατα

2165 1323 2378 1381 νοσῶσι,
2414 1323 2661 1392 μένωμεν
2677 1323 3087 1393 θεραπεύοντες,
3127 1326 3219 1377 καὶ
3256 1323 3635 1395 βαστάζωμεν
3667 1326 3783 1378 ἀλ-

2165 1405 2341 1474 λήλων
2365 1404 2432 1456 τά
2465 1404 2625 1474 βάρη.
2675 1405 2833 1458 Οῦτω
2866 1407 2975 1476 γάρ
3013 1405 3372 1477 πληρώσομεν
3397 1407 3624 1459 καὶτὸν
3691 1407 3783 1458 νό-

2170 1511 2270 1564 μον
2295 1494 2388 1546 τοῦ
2427 1492 2685 1563 Χριστοῦ,
2715 1494 2810 1547 καὶ
2847 1493 3146 1563 τευξόμεθα
3171 1492 3278 1545 τῶν
3301 1493 3777 1563 ἐπηγγελμένων

2166 1576 2402 1646 ἀγαθῶν.
2449 1576 2628 1645 χάριτι
2663 1577 2755 1628 καὶ
2788 1575 3169 1646 φιλανθρωπίᾳ
3209 1573 3304 1626 τοῦ
3339 1576 3545 1644 Κυρίου
3588 1575 3780 1645 ἡμῶν

2174 1658 2348 1729 Ἰησοῦ
2375 1657 2630 1725 Χριστοῦ,
2675 1657 2794 1727 μεθ’
2835 1653 2896 1711 οὒ
2935 1657 3011 1727 τῷ
3048 1658 3290 1728 Πατρὶὴ
3335 1657 3464 1723 δόξα
3504 1658 3634 1727 ἅμα
3673 1656 3768 1725 τῷ

2162 1743 2302 1811 ἀγίῳ
2371 1737 2667 1807 Πνεύματι,
2739 1742 2818 1803 εἰς
2888 1740 3013 1802 τοὺς
3069 1739 3269 1801 αἰῶνας
3326 1739 3434 1791 τῶν
3505 1739 3773 1791 αἰώνων.

2175 1824 2368 1893 Ἀμήν.

2221 1925 2248 1962 δ
2292 1927 2494 1988 Οηίάεω
2529 1926 2664 1987 μέλη.
2689 1926 2804 1988 ὅπερ
2839 1925 3146 1987 μαινομένων.
3205 1926 3230 1956 ⁸
3253 1925 3350 1973 Alii
3374 1925 3568 1985 σώμασι
3592 1921 3776 1974 πολλά

2157 1987 2402 2042 πολλάκις.

2912 2109 3206 2124 *—

1990 2192 2230 2247 ΟΜΙΛΙΑ
2267 2190 2385 2245 ΞΘ’.

492 2284 683 2352 Ὅμως
727 2284 932 2352 μέντοι
963 2282 1063 2336 καί
1088 2283 1156 2336 ἐκ
1189 2284 1307 2336 τῶν
1344 2284 1653 2351 ἀρχόντων
1683 2283 1903 2337 πολλοὶ
1937 2282 2066 2335 ἐπί·
2123 2329 2129 2334 .

563 2369 836 2406 στευσαν
851 2354 938 2417 είς
959 2354 1148 2405 αὐτόν
1167 2370 1183 2384 ·
1227 2353 1388 2406 ἀλλὰ
1414 2354 1511 2407 διὰ
1542 2353 1683 2418 τοὺς
1706 2353 2070 2420 Φαρισαίους

564 2424 675 2490 οὐχ
689 2423 1053 2492 ὡμολόγουν,
1073 2421 1268 2492 ἵναμὴ
1290 2423 1742 2492 ἀποσυνάγωγοι
1757 2423 2067 2492 γένωνται.

576 2491 926 2561 Ἦγὰπησαν
942 2490 1062 2561 τὰρ
1093 2491 1206 2561 τὴν
1227 2492 1415 2554 δόξαν
1437 2491 1552 2544 τῶν
1580 2490 2070 2561 ἀνθρώπωνμᾶλ-

562 2559 680 2616 λον
711 2561 863 2630 ἤπερ
897 2560 1010 2627 τὴν
1030 2559 1220 2625 δόξαν
1245 2561 1350 2615 τοῦ
1373 2561 1520 2615 Θεοῦ
1546 2573 1597 2614 ι.

570 2685 641 2732 α’.
675 2678 858 2731 Πάντα
897 2677 994 2747 μὲν
1039 2674 1262 2746 φεύγειν
1291 2677 1492 2747 ὁμοίως
1520 2679 1649 2747 ἡμῖν
1682 2678 1976 2746 ἀναγκαῖον
2003 2675 2072 2729 τά

495 2763 596 2834 τὴν
644 2759 822 2830 ψυχὴν
873 2758 1254 2828 διαφθείροντα
1313 2759 1457 2830 πάθη
1483 2777 1499 2792 ο
1563 2759 1744 2829 πολλῴ
1799 2761 1854 2812 δὲ
1911 2759 2070 2812 πλέον

499 2847 684 2900 ἐκεῖνα
730 2844 800 2896 τά
841 2841 1008 2896 πολλά
1049 2841 1143 2896 καὶ
1192 2841 1251 2906 ἐξ
1299 2843 1506 2896 ἑαυτῶν
1547 2843 1796 2897 τίκτοντα
1827 2845 2074 2916 ἁμαρτή-

505 2945 684 2998 ματαο
737 2922 847 2980 οἷόν
883 2944 935 2979 τι
972 2926 1135 2994 λέγω,
1168 2927 1200 2996 ἡ
1240 2925 1592 2997 φιλαργυρία.
1643 2927 1798 2980 Ἔστι
1840 2928 1938 2996 μὲν
1982 2925 2074 2982 οὖν

500 3011 623 3066 καθ’
651 3008 812 3062 ἑαυτὸ
841 3009 1014 3061 δεινὸν
1049 3009 1110 3061 τὸ
1137 3010 1348 3079 νόσημα
1369 3025 1382 3039 ·
1411 3010 1590 3080 πολλῷ
1605 3011 1660 3063 δέ
1685 3011 1891 3078 γίνεται
1919 3012 2074 3081 χαλε-

500 3092 768 3164 πώτερον,
807 3092 889 3144 ὃτι
929 3089 1053 3160 ῥίζα
1075 3092 1168 3144 καὶ
1198 3092 1382 3162 μήτηρ
1417 3093 1535 3144 ἐστὶ
1563 3093 1780 3147 πάντων
1817 3092 1926 3146 τῶν
1975 3111 2076 3148 κα-

499 3175 635 3230 κῶν.
666 3174 916 3228 Τοιοῦτον
947 3175 1039 3226 καὶ
1062 3176 1095 3244 ἡ
1126 3174 1421 3240 κενοδοξία.
1479 3175 1611 3228 Ἰδοὺ
1643 3174 1774 3243 γοῦν
1811 3176 1906 3229 καὶ
1931 3171 2074 3230 οὗτοι

500 3260 600 3328 τῆς
628 3257 862 3320 πίστεως
894 3255 980 3308 διὰ
1005 3257 1096 3309 τὸν
1123 3258 1222 3327 τῆς
1248 3257 1406 3326 δόξης
1436 3258 1830 3328 ἀπερράγησαν
1877 3258 2072 3328 ἔρωτα.

501 3339 726 3394 Πολλοί
750 3339 879 3409 γὰρ,
907 3341 1092 3408 φησὶν,
1122 3340 1222 3392 καί
1243 3340 1310 3392 ἐκ
1333 3339 1449 3392 τῶν
1476 3341 1786 3408 ἀρχόντων
1809 3342 2079 3396 ἐπίστευ-

502 3438 624 3476 σαν
645 3427 729 3487 είς
768 3421 954 3474 αὑτόν
976 3438 988 3450 ·
1024 3420 1121 3474 διὰ
1145 3421 1216 3473 δὲ
1249 3422 1389 3487 τοὺς
1422 3422 1750 3488 Ἰουδαίους
1779 3426 1891 3493 οὺχ
1929 3425 2076 3492 ὠμο-

502 3505 750 3574 λόγουν,
792 3505 892 3555 ἵνα
924 3503 1010 3570 μὴ
1047 3502 1505 3572 ἀποσυνάγωγοι
1539 3503 1843 3572 γένωνται.
1897 3507 2074 3580 Ὅπερ

502 3583 596 3641 οὖν
628 3588 722 3638 καὶ
750 3585 932 3644 αὐτοῖς
974 3586 999 3622 δ
1033 3583 1238 3637 ἀνωθεν
1293 3585 1466 3652 ἔλεγε·
1501 3585 1634 3652 Πῶς
1683 3588 1946 3643 δύνασθε
1984 3606 2079 3643 πι-

505 3669 764 3731 στεύειν,
799 3667 987 3730 δόξαν
1039 3666 1174 3734 παρ’
1201 3667 1489 3732 ἀλλήλων
1512 3669 1940 3738 λαμϐάνοντες,
1979 3675 2076 3727 καὶ

503 3750 623 3818 τὴν
646 3750 834 3815 δόξαν
855 3749 968 3818 τὴν
994 3752 1150 3818 παρὰ
1171 3750 1276 3804 τοῦ
1298 3753 1505 3817 ,μόνου
1547 3752 1696 3806 Θεοῦ
1723 3756 1796 3808 οὐ
1840 3755 2079 3823 ᾣιτοῦν-

505 3848 635 3899 τες;
686 3834 798 3886 Οὐκ
845 3831 952 3905 ἀρα
1018 3832 1272 3902 ἄρχοντες
1321 3828 1482 3903 ἦσαν,
1546 3834 1680 3888 ἀλλά
1733 3835 1910 3891 δοῦλοι
1957 3838 2078 3891 δου-

507 3913 654 3970 λείαν
669 3915 766 3988 τὴν
795 3917 1050 3985 ἐσχάτην.
1068 3915 1212 3986 Πλὴν
1233 3916 1368 3970 ἀλλά
1385 3917 1480 3970 καὶ
1499 3912 1651 3982 οὗτος
1671 3917 1894 3991 ὕστερον
1915 3921 2074 3992 ἐλύθη

501 4005 534 4055 6
563 4000 743 4070 φόϐος.
790 3999 1038 4070 Οὐδαμοῦ
1090 4000 1200 4070 γάρ
1227 4000 1320 4052 ἐπὶ
1356 4000 1466 4053 τῶν
1519 4001 1832 4055 ἀποστόλων
1861 4004 2077 4074 ὁρῶμεν

502 4083 676 4154 τούτῳ
709 4083 1104 4153 κατεχομένους
1157 4083 1236 4153 τῷ
1290 4083 1475 4137 πάθει.
1525 4087 1632 4138 Καὶ
1664 4086 1771 4155 γὰρ
1822 4087 2077 4157 ἄρχοντες

503 4168 591 4222 ἐπ’
643 4167 864 4220 ἐκείνων
919 4167 1242 4220 ἐπίστευσαν
1293 4168 1387 4220 καὶ
1453 4169 1636 4238 ἱερεῖς.
1710 4170 1772 4221 Ἦ
1819 4170 1928 4240 γὰρ
1982 4171 2076 4224 τοῦ

502 4249 816 4320 Πνεύματος
853 4249 1012 4319 χάρις
1039 4249 1289 4310 ἐλθοῦσα,
1321 4250 1529 4314 πάντας
1551 4253 1750 4315 αὐτοὺς
1771 4253 2076 4322 ἀδάμαντος

501 4337 724 4407 ἐποίησε
759 4335 1166 4407 στερροτέρους.
1209 4336 1363 4390 Ἐπεὶ
1385 4333 1478 4390 οὖν
1498 4338 1655 4392 τοῦτο
1686 4333 1754 4408 ἧν
1777 4338 1837 4392 τὸ
1869 4339 2076 4393 κωλύον

499 4419 697 4483 αὐτοὺς
735 4420 1020 4472 πιστεῦσαι
1073 4419 1216 4478 τότε.
1261 4418 1490 4474 ἄκουσον
1535 4423 1589 4475 τί
1636 4438 1830 4490 φησιν·
1878 4421 1938 4475 '0
1981 4438 2077 4476 πι-

499 4504 732 4556 στεύων
750 4505 837 4566 είς
871 4502 996 4570 ἐμὲ,
1027 4504 1097 4556 οὐ
1117 4504 1383 4556 πιστεύει
1405 4507 1494 4570 είς
1529 4503 1652 4572 ἐμὲ,
1686 4503 1823 4558 ἀλλ’
1858 4505 1944 4568 εἰς
1972 4505 2077 4558 τὸν

500 4583 825 4650 πέμψαντά
859 4600 956 4653 με·
995 4585 1193 4638 ὡσανεὶ
1233 4586 1411 4652 ἔλεγεο
1449 4585 1515 4637 Τί
1545 4585 1817 4640 δεδοίκατε
1853 4587 2074 4639 πιστεῦ-

503 4683 594 4720 σαι
628 4669 708 4729 είς
737 4667 874 4736 ἐμέ;
903 4669 982 4728 είς
1027 4667 1120 4718 τὸν
1153 4667 1284 4718 Θεὸν
1315 4669 1347 4735 ὴ
1387 4667 1535 4738 [409]
1591 4669 1774 4730 πίστις
1811 4668 2074 4721 διαϐαίνει

499 4747 567 4799 δι’
601 4747 756 4817 ἐμοῦ,
798 4747 986 4818 ὥσπερ
1012 4743 1106 4800 οὖν
1155 4749 1247 4800 καὶ
1275 4749 1308 4817 ἡ
1343 4749 1587 4801 ἀπιστία.
1649 4751 1789 4820 Ὅρα
1829 4749 1946 4813 πῶς
1987 4750 2076 4802 διά

507 4830 718 4882 πάντων
748 4830 808 4881 τὸ
835 4829 1250 4900 ἀπαράλλακτον
1303 4829 1542 4882 δείκνυσι
1579 4830 1679 4900 τῆς
1718 4831 1921 4894 οὐσίας.
1959 4832 2068 4884 Καὶ

500 4911 601 4963 οὐκ
642 4906 814 4969 εἶπεν,
851 4910 909 4962 '0
967 4910 1238 4964 πιστεύων
1270 4911 1412 4981 ἐμοὶ,
1445 4913 1532 4964 ίνα
1567 4914 1640 4981 μή
1670 4929 1753 4974 τις
1805 4913 1953 4984 εἴπῃ,
1986 4913 2068 4965 ὅτι

499 4992 612 5047 τῶν
668 4994 928 5062 ῥημάτων
977 4993 1160 5046 ἕνεκεν
1202 4993 1404 5061 ἔλεγεν,
1433 4993 1462 5045 ὃ
1489 4995 1582 5045 καὶ
1625 4993 1710 5045 ἐπ’
1767 4993 2068 5062 ἀνθρώπων

500 5072 724 5125 δυνατὸν
778 5067 846 5143 ἦν
915 5073 1108 5125 εἰπεῖν.
1178 5073 1237 5124 '0
1298 5073 1406 5142 γὰρ
1446 5074 1558 5134 τοῖς
1601 5071 1919 5134 ἀποστόλοις
1973 5088 2067 5122 πι-

505 5161 729 5218 στεύων,
772 5155 872 5207 ούκ
923 5155 1103 5218 αὐτοῖς
1136 5153 1401 5216 πιστεύει,
1454 5153 1589 5207 ἀλλά
1637 5153 1716 5222 τῷ
1752 5152 1889 5224 Θεῷ.
1935 5153 2072 5206 Ἀλλ’

504 5235 590 5288 ινα
617 5237 812 5308 μάθῃς,
851 5237 933 5289 ὅτι
964 5239 1092 5307 περὶ
1120 5239 1216 5306 τῆς
1248 5239 1327 5301 εἰς
1347 5237 1457 5306 ,τὴν
1505 5237 1694 5289 οὐσίαν
1723 5235 1955 5298 πίστεως
1976 5236 2074 5288 αύ-

502 5315 596 5368 τοῦ
621 5335 802 5386 φησιν,
822 5318 922 5371 ούκ
956 5315 1128 5383 εἶπεν,
1159 5317 1218 5370 Ὀ
1251 5317 1519 5372 πιστεύων
1556 5334 1655 5386 μου
1680 5319 1791 5378 τοῖς
1809 5318 2069 5387 ῥήμασιν,

469 5368 480 5482 ε
503 5368 1128 5482 ἀιλςσὸπιιτέεεῑέέέ
1146 5368 1402 5469 mm
1423 5368 2070 5469 εῖάτέίμηδαμιςςίιρήσιέ

502 5475 654 5536 εἷπεν
682 5484 1080 5555 ἀντιστρόφως·
1117 5484 1174 5534 ὐ
1200 5481 1466 5535 πιστεύων
1491 5484 1570 5544 εἰς
1599 5482 1688 5534 τὸν
1718 5482 1953 5553 Πατέρα,
1981 5484 2080 5536 οὑκ

501 5565 581 5628 εἰς
598 5566 687 5618 τὸν
715 5567 930 5638 Πατέρα
948 5566 1222 5628 πιστεύει,
1247 5565 1453 5628 ἀλλἐἰς
1483 5565 1618 5634 ὲμέ;
1655 5565 1777 5618 Ὅτι
1802 5561 1953 5621 εἷπον
1989 5567 2077 5631 ἂν,

517 5812 528 5823 ,
560 5760 588 5789 ι
609 5753 958 5823 δαγίιαμᾶλλον
997 5756 1226 5823 ἥπερ-’τήν
1250 5756 1386 5823 δόξαν
1413 5754 1498 5823 τοῦ
1527 5756 1670 5823 Θεοῦ,
1695 5763 1749 5807 ει
1784 5761 1856 5823 sic
1885 5760 2070 5823 legitur

515 5814 565 5883 in
603 5814 826 5883 _vulgalj_~i
859 5814 1242 5883 egcmpiai‘ibus.
1282 5817 1449 5883 Μυςιςί.
1497 5814 1672 5883 μάλλον
1713 5822 1828 5883 ὑπὲρ
1862 5814 1966 5878 τήιῗ
1987 5822 2069 5871 τοῦ

503 5875 644 5925 ωεοῧ.
711 5874 735 5913 δ
772 5875 940 5922 Murri.
992 5877 1230 5935 γένωνται.
1265 5874 1602 5943 Καϊὸπερόῦν
1625 5883 1796 5938 αὐτοῖς.

2185 2281 2315 2334 Ἰδοὺ
2367 2283 2526 2352 ἡμεῖς
2560 2279 2886 2350 πιστεύομεν
2919 2281 2997 2345 εἰς
3023 2281 3113 2334 τὸν
3153 2280 3370 2351 Πατέρα
3393 2319 3407 2340 ,
3442 2280 3536 2332 καὶ
3571 2281 3658 2342 εἰς
3692 2278 3761 2331 σὲ

2169 2365 2231 2418 οὐ
2266 2363 2614 2434 πιστεύομεν.
2643 2364 2750 2417 Καὶ
2781 2363 2889 2435 γὰρ
2935 2364 3323 2434 ἀσθενέστερον
3349 2363 3426 2416 ἐτι
3453 2363 3756 2416 διέκειντο.

2168 2453 2299 2514 Τοίς
2329 2450 2459 2519 γοῦν
2496 2451 2762 2522 μαθηταῖς
2794 2451 3175 2520 διαλεγόμενος
3207 2449 3378 2512 οὓτως
3411 2446 3561 2502 εἶπεν
3593 2465 3608 2479 ·
3642 2453 3756 2502 Πι-

2167 2535 2412 2587 στεύετε
2443 2535 2528 2598 εἰς
2557 2533 2664 2586 τὸν
2682 2532 2846 2599 Θεὸν,
2878 2535 2976 2587 καὶ
3011 2536 3098 2599 είς
3117 2533 3221 2602 ἐμὲ
3241 2533 3568 2586 πιστεύετε.
3609 2531 3761 2584 Τού-

2169 2633 2293 2679 τους
2339 2615 2396 2668 δέ
2436 2615 2857 2685 ἀσθενεστέρους
2915 2615 3056 2686 ὀρῶν
3093 2615 3185 2668 τοῦ
3235 2614 3458 2667 τοιαῦτα
3511 2613 3756 2667 ἀκοῦσαι

2175 2699 2416 2770 ῥήματαν
2447 2697 2621 2759 ἄλλως
2651 2698 2852 2764 ἐνάγει.
2888 2698 3166 2751 Δείκνυσιν
3198 2693 3290 2750 οὖν
3324 2698 3406 2750 ὅτι
3437 2710 3460 2738 ο
3493 2698 3592 2750 οὐκ
3628 2697 3756 2750 εστι

2175 2779 2462 2834 πιστεῦσαι
2505 2779 2582 2849 τῷ
2627 2780 2838 2850 Πατρὶ,
2875 2781 2952 2850 μὴ
2999 2775 3398 2843 πιστεύσαντας
3425 2781 3520 2842 εἰς
3555 2780 3752 2836 αὐτόν.

2173 2866 2285 2918 Καὶ
2317 2863 2402 2916 ῐνα
2433 2863 2508 2933 μὴ
2553 2863 2800 2933 νομίσῃς,
2839 2863 2922 2916 ὅτι
2947 2862 3022 2926 ὡς
3050 2864 3136 2915 ἐπ’
3166 2863 3452 2934 ἀνθρώπου
3487 2863 3710 2932 εἴρηται
3731 2903 3753 2926 ,

2174 2951 2368 3020 ἐπάγει
2387 2967 2405 2984 ο
2443 2949 2498 3002 '0
2521 2948 2750 3017 θεωρῶν
2782 2949 2886 3018 ἐμὲ
2907 2992 2923 3014 ,
2949 2949 3154 3016 θεωρεῖ
3168 2948 3275 3002 τὸν
3305 2948 3623 3017 πέμψαντά
3643 2966 3750 3018 με.

2125 3055 2135 3064 ι
2175 3037 2240 3090 Τί
2271 3033 2363 3093 οὖν
2389 3053 2405 3102 ;
2439 3036 2600 3107 σῶμά
2624 3037 2770 3088 ἐστιν
2799 3035 2828 3086 ὁ
2859 3035 3024 3100 Θεός;
3059 3035 3338 3104 Οὐδαμῶς.
3369 3034 3612 3105 Θεωρίαν
3634 3035 3754 3106 γὰρ

2173 3120 2273 3190 τὴν
2305 3118 2399 3172 τοῦ
2440 3117 2533 3172 νοῦ
2573 3134 2737 3189 φησιν
2763 3116 3015 3180 ἐνταῦθα,
3046 3119 3141 3170 καὶ
3168 3116 3414 3170 ἐντεῦθεν
3450 3117 3510 3170 τὸ
3545 3116 3752 3186 όμοούο

2178 3221 2292 3256 σιον
2319 3202 2509 3272 δηλῶν.
2542 3201 2654 3255 Καὶ
2673 3202 2726 3254 τί
2757 3203 2924 3264 ἐστιν,
2966 3201 3020 3252 ’0
3043 3201 3342 3254 πιστεύων
3359 3203 3445 3266 εἰς
3469 3199 3610 3269 ἐμέ;
3657 3202 3751 3263 Ὠς

2176 3286 2244 3339 ἂν
2264 3285 2405 3337 είποι
2435 3300 2519 3346 τις
2542 3300 2555 3312 ·
2600 3283 2656 3337 Ὀ
2677 3284 2738 3336 τὸ
2766 3283 2861 3336 τοῦ
2889 3282 3134 3351 ποταμοῦ
3165 3283 3552 3352 ἀναιρούμενος
3578 3281 3748 3353 ὕδωρ,

2177 3369 2237 3420 ού
2286 3368 2347 3421 τὸ
2389 3366 2484 3420 τοῦ
2519 3365 2788 3436 ποταμοῦ,
2838 3365 2976 3419 ἀλλά
3005 3366 3064 3418 τὸ
3105 3364 3205 3435 τῆς
3233 3366 3414 3436 πηγῆς
3454 3364 3746 3435 λαμϐάνει.

2178 3451 2392 3504 Μᾶλλον
2425 3450 2482 3502 δὲ
2523 3450 2614 3503 καὶ
2651 3448 2791 3516 αῦτη
2824 3448 2903 3501 ἐτι
2950 3447 3312 3519 ἀσθενεστέρα
3343 3450 3376 3519 ἡ
3413 3449 3574 3501 εἰκὼν
3610 3448 3748 3519 πρὸς

2178 3532 2239 3585 τὸ
2289 3531 2668 3602 προκείμενον.
2723 3530 2864 3599 Ἐγὼ
2903 3528 3026 3599 φῶς
3072 3532 3160 3596 εἰς
3194 3531 3302 3582 τὸν
3343 3533 3575 3598 κόσμον
3600 3529 3747 3594 ἐλή-

2175 3617 2351 3666 λυθα.
2399 3613 2614 3682 Ἐπειδὴ
2641 3613 2750 3684 γάρ
2788 3615 2816 3666 ὁ
2844 3614 3033 3683 Πατὴρ
3068 3611 3239 3682 τούτῳ
3264 3610 3507 3664 καλεῖται
3539 3629 3748 3665 παντα-

2175 3695 2271 3765 χοῦ
2311 3697 2368 3746 ὲν
2395 3698 2460 3765 τῇ
2491 3695 2702 3766 Παλαιᾷ
2725 3694 2821 3749 καὶ
2849 3696 2906 3748 ἐν
2927 3698 2992 3764 τῇ
3023 3696 3218 3762 Καινῇ,
3250 3693 3342 3746 καὶ
3370 3692 3518 3761 αὐτῷ
3542 3695 3746 3764 κέχρη-

2174 3794 2262 3829 ται
2305 3776 2383 3847 τῷ
2413 3778 2655 3847 ὀνόματι.
2702 3777 2801 3831 Διά
2831 3776 3107 3830 τοῦτοκαὶ
3149 3775 3357 3837 Παῦλος
3397 3775 3741 3844 ἀπαύγασμα

2175 3859 2337 3912 αὑτὸν
2371 3860 2544 3920 καλεῖ,
2575 3859 2822 3913 ἐντεῦθεν
2859 3857 3064 3929 μαθών.
3102 3859 3207 3910 Καὶ
3245 3854 3444 3924 πολλὴν
3468 3855 3740 3908 δείκνυσιν

2175 3940 2407 3996 ἐνταῦθα
2439 3944 2536 4015 τὴν
2569 3944 2701 4014 πρὸς
2733 3944 2822 3996 τὸν
2846 3942 3059 4012 Πατέρα
3089 3940 3428 4008 συγγένειαν,
3465 3939 3558 3990 καὶ
3585 3938 3737 3990 οὐδὲν

2173 4024 2236 4076 τὸ
2266 4024 2451 4094 μέσον,
2484 4025 2538 4078 εί
2563 4043 2626 4094 γε
2674 4025 2772 4096 τὴν
2801 4027 2880 4086 εἰς
2915 4025 3076 4079 αὐτὸν
3109 4024 3287 4076 πίστιν
3323 4021 3399 4091 μὴ
3443 4022 3521 4083 εἰς
3555 4020 3738 4083 αὐτὸν,

2175 4108 2289 4161 ἀλλ’
2314 4110 2393 4172 εἰς
2417 4111 2619 4163 ἐκεῖνον
2646 4109 2940 4164 διαόαίνειν
2972 4107 3156 4178 φησίν.
3176 4106 3294 4170 Φῶς
3315 4106 3372 4160 δέ
3401 4105 3591 4161 ἐαυτὸν
3612 4103 3742 4156 ἐκά-

2175 4190 2318 4257 λεσε,
2351 4192 2438 4245 διά
2471 4193 2534 4246 τὸ
2565 4193 2662 4264 τῆς
2687 4191 2897 4262 πλάνης
2924 4191 3307 4249 ἀπαλλάττειν.
3335 4190 3428 4243 καὶ
3460 4189 3521 4242 τὸ
3553 4187 3740 4256 νοητὸν

2174 4272 2321 4326 λύειν
2371 4275 2582 4339 σκότος.
2637 4273 2778 4327 Ἐάν
2820 4274 2910 4339 τίς
2939 4292 3060 4342 μου
3086 4273 3173 4342 μὴ
3215 4273 3482 4338 ἀκούσῃ,
3515 4268 3628 4338 ἐγὼ
3670 4270 3744 4322 οὐ

2174 4357 2357 4422 κρίνω
2382 4357 2587 4410 αὐτόν.
2610 4359 2692 4409 Οὺ
2709 4355 2819 4425 γὰρ
2831 4351 3023 4424 ἦλθον
3037 4357 3137 4408 ἵνα
3162 4354 3340 4423 κρίνω
3366 4353 3474 4406 τὸν
3492 4354 3741 4420 κόσμον,

2174 4437 2430 4491 ἀλλ’ἵνα
2455 4439 2634 4492 σώσω
2662 4439 2769 4490 τὸν
2797 4438 3049 4506 κόσμον.
3080 4439 3194 4490 Ἵνα
3214 4436 3322 4508 γάρ
3351 4437 3426 4506 μὴ
3453 4435 3746 4504 νομίσωσιν

2173 4518 2256 4570 ὅτι
2287 4518 2352 4571 δι’
2385 4519 2667 4573 ἀσθένειαν
2716 4521 2843 4582 τοὺς
2880 4517 3354 4588 καταφρονοῦντας
3389 4516 3704 4587 παρέδραμε
3725 4554 3742 4576 ,

2174 4600 2264 4652 διὰ
2281 4602 2440 4654 τοῦτο
2455 4597 2575 4653 εἷπε
2593 4601 2674 4663 τὸ,
2693 4603 2814 4654 Οὐκ
2832 4597 3020 4668 ἦλθον
3039 4599 3141 4651 ἵνα
3164 4599 3344 4663 κρίνω
3369 4598 3477 4650 τὸν
3492 4600 3745 4666 κόσμον.

2246 4682 2312 4751 β’.
2353 4680 2507 4744 Εἶτα,
2533 4684 2617 4735 ἵνα
2649 4681 2723 4752 μὴ
2756 4681 3115 4752 ρᾳθυμότεροι
3138 4679 3308 4748 ταύτῃ
3334 4678 3614 4744 γένωνται,
3645 4697 3752 4747 μαο

2175 4763 2358 4827 θόντες
2383 4765 2462 4817 ὅτι
2489 4765 2517 4816 6
2543 4763 2812 4816 πιστεύων
2839 4761 3092 4823 σώζεται,
3115 4762 3144 4812 ὁ
3166 4759 3223 4811 δέ
3251 4759 3495 4812 ἀπιστῶν
3525 4759 3753 4824 κολάζε-

2175 4863 2266 4898 ται
2299 4845 2328 4883 (ι
2356 4887 2370 4908 ,
2401 4848 2500 4917 ὅρα
2530 4846 2644 4909 πῶς
2688 4846 2869 4906 αὐτοῖς
2911 4842 3005 4895 καὶ
3035 4841 3264 4910 φοϐερὸν
3293 4840 3562 4912 ἐπέστησε
3601 4843 3756 4898 δικα-

2178 4933 2418 4998 στήριον,
2451 4930 2671 4997 ἐπάγων
2702 4929 2794 4980 καὶ
2821 4927 2994 4994 λέγων
3013 4941 3026 4954 ·
3073 4925 3126 4977 Ὁ
3146 4925 3251 4994 ἐμὲ
3269 4923 3514 4989 ἀθετῶν,
3540 4929 3636 4980 καί
3661 4929 3750 4999 μὴ

2173 5009 2489 5076 λαμϐάνων
2532 5013 2603 5064 τὰ
2645 5009 2882 5079 ῥήματὰ
2922 5026 3042 5078 μου
3069 5047 3086 5072 ,
3134 5007 3260 5076 ἔχει
3299 5007 3406 5061 τὸν
3471 5010 3754 5075 κρίνοντα

2176 5091 2380 5144 αὐτόν.
2418 5093 2477 5144 Εἰ
2505 5095 2533 5146 6
2562 5094 2752 5162 Πατὴρ
2782 5092 2975 5144 οὐδένα
3009 5091 3207 5162 κρίνει,
3240 5090 3332 5143 καὶ
3365 5091 3428 5142 σὺ
3455 5090 3556 5143 οὐκ
3588 5086 3753 5160 ἦλθες

2181 5173 2266 5226 ἵνα
2293 5175 2482 5245 κρίνῃς
2510 5176 2601 5228 τὸν
2634 5177 2860 5244 κόσμον,
2902 5174 2986 5236 τίς
3014 5173 3177 5228 αὑτὸν
3208 5171 3384 5242 κρίνει
3413 5189 3425 5236 ;
3482 5173 3536 5224 Ὁ
3569 5176 3754 5242 λόγος

2178 5255 2251 5309 ὃν
2292 5257 2586 5323 ἐλάλησα,
2628 5258 2859 5324 ἐκεῖνος
2907 5255 3100 5324 κρινεῖ
3134 5256 3341 5310 αὐτόν.
3384 5245 3602 5325 Ἐπειδὴ
3645 5257 3754 5326 γὰρ

2178 5339 2382 5406 ελεγον.
2417 5341 2497 5394 ὅτι
2523 5342 2622 5395 οὐκ
2649 5343 2797 5394 ἔστιν
2836 5343 2900 5394 ἐκ
2947 5338 3043 5393 τοῦ
3073 5338 3232 5401 Θεοῦ,
3257 5338 3429 5399 οὕτως
3461 5334 3580 5391 εἷπε
3606 5354 3620 5367 ·
3647 5337 3756 5390 δει-

2181 5423 2332 5485 κνὺς,
2358 5423 2440 5475 ὅτι
2471 5424 2529 5476 οὐ
2561 5425 2682 5476 τότε
2708 5424 3026 5493 δυνήσονται
3048 5421 3221 5474 ταῦτα
3243 5421 3440 5488 λέγειν,
3472 5419 3606 5472 ἀλλά
3625 5457 3643 5485 ,
3673 5419 3754 5470 Τά

2184 5506 2434 5575 ῥήματα.
2463 5507 2498 5560 ἃ
2522 5508 2763 5578 ἐλάλησα
2793 5508 2909 5573 νῦν,
2943 5509 3001 5559 ἐν
3033 5506 3186 5572 τάξει
3224 5507 3480 5574 στήσεται
3519 5505 3754 5573 κατηγό-

2181 5604 2311 5657 ρου,
2373 5589 2661 5659 ἐλέγχοντα
2718 5591 2916 5643 αὐτοὺς
2985 5589 3081 5641 καὶ
3157 5589 3338 5640 πᾶσαν
3393 5586 3752 5639 διακόπτοντα

2178 5668 2491 5738 ἀπολογίαν.
2548 5671 2659 5723 Καὶ
2706 5675 2739 5724 ό
2783 5675 2966 5740 λόγος
3009 5670 3083 5722 ὃν
3115 5669 3410 5735 ἐλάλησα.
3453 5669 3609 5729 Ποῖος
3659 5667 3750 5718 λό-

2238 5763 2260 5790 ε
2285 5761 2434 5810 Savil.
2459 5763 2608 5822 ἐνάγει
2632 5762 2811 5817 δεικνὺς
2834 5764 2924 5810 ὅτι.
2989 5759 3015 5799 (Ι
3047 5760 3221 5807 Putant
3247 5758 3510 5822 Boisiuspl
3539 5757 3753 5822 Savﬂius

2177 5823 2438 5932 ιρπρηιῖιιιη
2477 5817 2586 5874 es§c
2612 5824 2665 5871 οὗ
2715 5825 2978 5878 κολάζεται.
3023 5823 3120 5869 Sed
3169 5819 3364 5882 nvgulio
3412 5818 3470 5867 ab
3526 5817 3750 5866 mnnilms

2178 5899 2291 5932 mss.
2318 5901 2341 5931 ει
2361 5892 2470 5934 )csl.

2178 5899 2291 5932 mss.
2318 5899 2470 5933 ειυοδι.
