4094 6204
345 299 450 356 377

338 410 433 476 qui
461 405 558 461 Dei
587 403 750 458 dictis
776 410 1094 473 repugnant.
1121 398 1426 469 Proprietas
1445 408 1624 455 autem
1649 400 1762 454 inec
1785 400 1934 457 Scri-

345 512 518 570 pturaa
547 506 676 564 est,
705 505 763 552 ut
781 506 836 551 et
860 497 1011 562 illud,
1035 493 1272 549 Tradidit
1311 509 1396 548 eos
1430 493 1484 547 in
1527 493 1796 562 reprobmu
1820 511 1939 550 sen-

338 607 452 644 sum
472 587 656 658 (Rom.
683 589 736 643 l.
757 587 874 660 28);
903 599 954 642 et
980 585 1126 640 illud.
1146 584 1411 638 Distribuit
1433 584 1664 655 gentibus
1686 585 1860 656 (Deut.
1882 585 1938 640 4.

341 681 436 749 i9)
462 695 478 744 ;
513 677 564 732 id
593 687 722 743 est,
752 678 1020 732 concessit
1039 716 1054 740 ,
1085 675 1308 730 dimisit.
1355 673 1472 730 Non
1498 675 1644 730 enim
1673 676 1819 729 illum
1853 676 1941 730 hic

337 779 663 839 operantem
690 768 914 834 inducit,
942 768 1037 824 sed
1064 784 1127 822 cx
1150 767 1377 822 aliorum
1405 767 1640 836 nequitia
1671 771 1784 822 tunc
1805 767 1938 823 facta

337 878 463 916 esse
489 860 776 931 significat.
795 860 928 915 Cum
949 861 1092 916 enim
1110 859 1529 930 derelinquimur
1558 875 1588 913 a
1619 860 1749 922 Deo,
1770 859 1937 914 tradi-

339 967 464 1004 mur
484 951 706 1006 diabolo
725 969 739 1014 ;
758 951 969 1006 diabolo
988 950 1162 1006 traditi
1181 991 1197 1015 ,
1220 951 1513 1005 innumeris
1542 950 1804 1005 aflicimur
1827 969 1940 1004 ma-

339 1041 508 1096 lis.Ut
527 1041 826 1098 auditorem
852 1058 979 1112 ergo
1008 1053 1226 1106 terreat,
1254 1043 1348 1107 ait,
1372 1039 1656 1105 Induravit,
1681 1053 1754 1105 et,
1787 1043 1940 1096 tradi-

337 1135 438 1186 dit.
469 1133 608 1188 Nam
634 1135 774 1204 quod
809 1134 894 1188 ille
926 1149 1030 1188 non
1058 1133 1218 1188 modo
1244 1148 1348 1187 non
1373 1134 1565 1197 tradat,
1591 1133 1686 1188 sed
1716 1149 1815 1188 nec
1841 1149 1938 1189 nos

337 1223 565 1278 deserat
585 1266 600 1290 ,
631 1225 730 1279 nisi
761 1226 1011 1290 nolimus,
1045 1225 1166 1279 audi
1194 1225 1319 1294 quid
1349 1225 1489 1279 dicat
1512 1225 1720 1280 :Nonne
1734 1237 1938 1294 peccata

337 1325 508 1367 vestra
538 1315 768 1368 dividunt
815 1331 896 1368 me
939 1333 971 1367 a
1002 1316 1138 1368 vobis
1159 1313 1313 1386 (Isai.
1340 1314 1429 1370 59.
1461 1315 1557 1384 2)?
1587 1330 1649 1370 ac
1679 1331 1889 1369 rursum
1917 1330 1933 1368 :

341 1403 447 1471 Qui
475 1407 714 1476 elongant
739 1422 792 1460 se
814 1423 846 1459 a
869 1417 934 1471 te,
965 1407 1193 1476 peribunt
1220 1404 1390 1476 (Psal.
1419 1405 1507 1460 72.
1536 1406 1652 1475 27).
1681 1405 1818 1460 Osee
1841 1422 1937 1460 au-

339 1505 450 1551 tem
480 1497 650 1552 dicit:
682 1497 848 1551 Oblita
881 1515 934 1551 es
961 1498 1086 1568 legis
1124 1496 1220 1551 Dei
1243 1498 1314 1550 tui
1331 1539 1346 1562 ,
1368 1507 1414 1552 et
1445 1514 1536 1566 ego
1563 1497 1636 1550 tui
1665 1497 1938 1552 obliviscar

337 1586 502 1658 (Osee
529 1589 584 1644 4.
610 1590 664 1659 6)
686 1606 701 1654 ;
725 1598 780 1644 et
808 1589 922 1659 ipse
948 1589 999 1643 in
1032 1588 1334 1658 Evangeliis
1363 1603 1378 1641 :
1411 1588 1619 1654 Quoties
1648 1589 1787 1642 volui
1814 1604 1935 1642 con-

335 1695 560 1749 gregare
586 1682 719 1749 ﬁlios
745 1692 962 1743 vestros,
1012 1690 1060 1734 et
1100 1680 1331 1734 noluistis
1359 1680 1376 1751 (
1401 1678 1530 1732 Luc.
1563 1680 1651 1734 l3.
1697 1680 1768 1734 54
1789 1682 1806 1747 )
1830 1680 1853 1732 ‘l
1881 1689 1938 1734 et

341 1770 518 1827 lsaias
564 1789 818 1828 rursum:
857 1772 1014 1840 Veni,
1044 1783 1091 1826 et
1137 1789 1237 1826 non
1281 1781 1387 1825 erat
1432 1771 1581 1824 homo
1604 1772 1846 1836 :vocavi,
1887 1781 1934 1824 et

337 1881 445 1918 non
471 1877 584 1920 erat
611 1867 697 1936 qui
721 1868 920 1920 audiret
945 1864 1100 1936 (lsai.
1128 1865 1218 1919 50.
1251 1864 1331 1934 2).
1365 1863 1490 1918 Haec
1515 1872 1692 1916 autem
1719 1863 1846 1916 dicit
1875 1872 1935 1918 ut

331 1958 595 2013 ostendat
621 1974 716 2014 nos
741 1959 944 2026 priores
965 1959 1019 2012 in
1045 1972 1202 2013 causa
1226 1969 1346 2010 esse
1361 1970 1457 2010 cur
1475 1953 1930 2023 derelinquamur,

333 2057 392 2101 et
438 2063 544 2103 cur
590 2064 890 2118 pereamus.
942 2047 1084 2102 Deus
1113 2047 1257 2101 enim
1302 2061 1407 2100 non
1441 2044 1602 2099 modo
1641 2057 1739 2098 nec
1765 2043 1932 2097 relin-

331 2153 534 2206 quere,
562 2155 661 2194 nec
686 2139 872 2208 punire
902 2153 999 2192 nos
1029 2138 1172 2202 vult;
1203 2136 1295 2191 sed
1326 2137 1488 2191 etiam
1513 2137 1724 2205 quando
1757 2136 1926 2204 punit,

333 2243 448 2284 non
478 2231 654 2286 libens
681 2230 782 2286 hoc
814 2230 959 2285 facit.
995 2228 1132 2283 Nolo
1161 2229 1328 2292 enim,
1360 2227 1553 2299 inquit,
1579 2237 1787 2281 mortem
1813 2243 1931 2297 pec-

1346 286 1414 342 lN
1449 285 1767 343 JOANNEM
1805 287 2038 344 HOMIL.
2079 287 2264 347 LXIX.
2305 291 2378 347 al.
2418 291 2649 348 LXVIII.

3519 304 3629 362 378

2040 403 2245 468 catoris,
2277 404 2367 457 sed
2409 415 2464 458 ut
2509 415 2828 461 convertatur
2865 416 2913 460 et
2949 408 3078 462 virat
3105 408 3123 480 (
3149 408 3334 464 Ezech.
3365 412 3454 467 18.
3485 415 3554 470 32
3585 422 3631 480 ).-

2044 489 2291 547 Christus
2317 503 2492 549 autem
2519 496 2585 550 de
2604 497 2813 552 excidio
2831 497 3178 571 Jerosolyma:
3205 501 3529 576 lacrytuatur
3560 509 3578 538 ⁸
3609 520 3622 556 :

2045 583 2184 652 quod
2216 599 2314 640 nos
2339 586 2501 638 etiam
2529 602 2654 656 erga
2684 588 2887 643 amicos
2917 587 3164 645 facimus.
3629 627 3631 646 ς

2111 675 2166 728 5.
2207 674 2332 729 Ha-c
2358 691 2480 730 cum
2509 679 2757 746 sciamus,
2783 681 2913 735 nihil
2941 698 3046 737 non
3071 698 3290 754 agamus
3317 701 3383 741 ne
3411 700 3509 742 nos
3531 701 3624 742 se-

2044 778 2290 832 paremus
2318 783 2346 819 a
2395 768 2523 832 Deo,
2574 769 2668 823 sed
2713 771 2904 826 animae
2932 784 3130 827 nostra:
3164 790 3308 830 cura:
3348 778 3634 847 amorique

2042 853 2280 910 fraterno
2322 872 2536 925 operam
2568 859 2760 916 demus
2782 902 2797 924 ,
2845 879 3018 933 neque
3048 873 3230 919 nostra
3259 865 3634 936 discerpamus

2042 947 2280 1000 membra
2316 946 2484 1016 (illud
2529 951 2671 1004 enim
2722 951 3009 1007 furentium
3041 965 3096 1010 et
3133 965 3315 1011 mente
3342 968 3626 1026 captorum

2039 1048 2122 1091 est
2142 1036 2195 1107 );
2237 1040 2328 1094 sed
2361 1052 2560 1109 quanto
2590 1043 2737 1113 pejus
2761 1045 2982 1100 affectos
3015 1047 3285 1112 videmus,
3314 1057 3465 1104 tanto
3507 1066 3628 1104 ma-

2035 1124 2208 1194 jorem
2243 1128 2612 1196 impendamus
2638 1147 2845 1188 curam.
2867 1135 3000 1189 Nam
3029 1138 3227 1192 multos
3251 1154 3393 1208 saepe
3409 1141 3632 1210 conspio

2039 1215 2209 1270 cimus
2259 1216 2561 1274 difticilibus
2611 1221 3098 1295 insanabilibusque
3128 1229 3369 1297 corporis
3419 1230 3625 1284 morbis

2040 1303 2284 1361 laborare
2308 1347 2322 1370 ,
2356 1324 2454 1364 nec
2483 1311 2641 1366 linem
2684 1312 2908 1370 facimus
2961 1315 3266 1385 imponendi
3312 1319 3624 1388 pharmaca.

2036 1395 2172 1464 Quid
2199 1397 2448 1468 podagra,
2479 1402 2604 1470 quid
2632 1403 2876 1474 cbiragra
2909 1406 3060 1476 pejus
3083 1408 3105 1460 ?
3130 1425 3255 1462 num
3298 1409 3419 1466 ideo
3446 1427 3622 1465 mein-

2039 1486 2131 1540 bra
2159 1488 2561 1546 abscindimus?
2587 1493 2836 1562 Minime;
2875 1499 2968 1552 sed
2998 1499 3133 1554 nihil
3173 1516 3279 1556 non
3305 1502 3527 1558 facimus
3565 1511 3625 1558 ut

2039 1579 2228 1634 saltem
2281 1582 2578 1650 leniamus,
2629 1589 2673 1638 si
2704 1603 2898 1643 sanare
2928 1606 3032 1644 non
3079 1594 3364 1660 possimus.
3411 1594 3526 1649 Hoc
3568 1606 3625 1650 et

2037 1669 2177 1722 circa
2221 1670 2412 1726 fratres
2456 1685 2668 1729 nostros
2705 1677 2978 1735 faciamus.
3017 1681 3073 1736 Si
3105 1683 3383 1739 incurabili
3431 1687 3622 1741 morbo

2035 1757 2297 1822 laborent,
2324 1776 2510 1817 curare
2533 1780 2955 1835 perseveremus,
2976 1772 3306 1844 aliormuque
3325 1789 3488 1829 onera
3507 1792 3626 1832 mu-

2037 1857 2127 1902 tuo
2158 1851 2414 1907 feramus.
2446 1854 2537 1910 Sic
2563 1858 2704 1911 cutim
2732 1859 2927 1915 Christi
2953 1862 3121 1932 legem
3159 1865 3530 1934 implehimus,
3564 1877 3622 1922 et

2036 1941 2296 2009 promissa
2343 1959 2734 2017 Consequentur
2780 1952 2939 2020 bona,
2985 1957 3149 2023 gratia
3199 1967 3254 2012 et
3294 1958 3633 2028 benignitate,

2035 2031 2240 2086 Domini
2274 2038 2437 2090 nostri
2455 2037 2580 2093 Jesu
2598 2040 2818 2108 Christi,
2842 2046 3052 2113 quicum
3070 2047 3211 2102 Patri
3236 2049 3402 2118 gloria
3428 2050 3617 2104 simul-

2033 2137 2136 2192 que
2158 2121 2376 2192 Spiritui
2409 2138 2615 2197 sancto,
2645 2131 2698 2186 in
2724 2135 2918 2189 saecula
2946 2137 3285 2194 savcttlortnn.
3310 2141 3502 2195 Amen.

2031 2296 2245 2407 Μῖιῶξῆ
2267 2299 2450 2353 habent
2473 2317 2487 2352 :
2513 2305 2729 2359 Christus
2748 2312 3020 2363 Jerusalem
3037 2321 3249 2366 evertere
3267 2329 3446 2379 parans
3460 2316 3620 2381 lacry-

397 2506 3606 2638 ψ

319 2718 469 2774 (ise-
512 2719 598 2774 l2.
654 2735 708 2773 v.
758 2718 848 2773 42.
911 2716 1263 2771 Verumtamen
1300 2729 1365 2767 ea:
1414 2711 1721 2781 principibus
1779 2707 1926 2761 multi

398 2811 729 2865 crediderunt
750 2811 804 2863 in
831 2825 983 2871 eum;
1009 2807 1098 2860 sed
1117 2816 1322 2876 propter
1347 2803 1640 2857 Pharisteos
1665 2817 1767 2854 non
1791 2816 1917 2853 con-

411 2905 706 2972 fitebantur,
739 2911 794 2956 ut
823 2903 886 2954 de
907 2915 1164 2971 synagoga
1191 2913 1293 2951 non
1315 2897 1634 2966 ejicerentur.
1662 2893 1753 2947 45.
1782 2891 1925 2945 Dile-

406 3007 589 3052 xerunt
628 2997 762 3051 enim
795 2994 1013 3066 glorians
1042 2992 1301 3045 hominum
1331 2988 1491 3058 magis
1527 3001 1678 3055 quam
1709 2984 1923 3056 gloriam

415 3088 533 3143 Dei.
1261 3075 1268 3082 ’

416 3181 442 3234 l
457 3219 470 3234 .
515 3176 740 3231 Avaritia
765 3176 1090 3246 gravissimus
1110 3172 1331 3226 morbus.
1357 3169 1656 3226 Substantia
1681 3165 1852 3220 Patris
1876 3174 1922 3219 et

341 3271 470 3326 Filii
493 3274 875 3343 ἀπαράλλακτος,
907 3267 1078 3322 eadem
1104 3263 1482 3336 ipsa.——Pravi
1526 3276 1715 3315 omnes
1758 3258 1920 3312 animi

337 3363 561 3419 affectus
598 3361 816 3415 omnino
845 3357 1079 3428 fugiendi
1111 3355 1265 3410 nobis
1309 3363 1472 3417 sunt;
1501 3351 1594 3407 sed
1621 3353 1777 3419 longe
1807 3363 1922 3402 ma-

335 3455 421 3524 gis
446 3455 480 3509 ii
501 3453 587 3522 qui
616 3453 762 3522 plura
787 3451 995 3520 pariunt
1024 3456 1237 3518 peccata
1270 3465 1284 3501 :
1322 3444 1555 3513 exempli
1583 3457 1764 3505 causa,
1793 3455 1924 3495 ava-

337 3545 482 3610 ritia,
509 3558 630 3613 qua!
655 3558 719 3596 ex
751 3557 809 3596 se
834 3540 1010 3612 gravis
1034 3547 1118 3593 est
1145 3536 1382 3600 morbus,
1407 3535 1499 3588 sed
1531 3535 1684 3600 longe
1713 3531 1924 3600 gravior

341 3635 574 3692 efficitur
593 3677 607 3700 ,
640 3634 761 3704 quia
786 3633 936 3688 radix
984 3641 1037 3686 ct
1063 3639 1232 3684 mater
1257 3639 1338 3683 est
1369 3627 1605 3681 omnium
1637 3626 1916 3679 malorum.

341 3727 618 3798 Ejusmodi
646 3736 731 3783 est
761 3725 931 3780 inanis
953 3724 1142 3793 gloria.
1174 3721 1314 3777 Ecce
1339 3721 1389 3774 Ill
1421 3719 1490 3773 oh
1509 3717 1694 3788 gloriae
1715 3716 1920 3785 cupidi-

339 3835 462 3874 nem
494 3835 522 3872 a
550 3819 655 3874 fide
679 3829 802 3873 sunt
828 3817 1020 3872 avulsi.
1043 3815 1176 3870 Nam
1201 3812 1374 3877 Multi,
1398 3813 1492 3875 ait,
1525 3827 1588 3864 ea:
1613 3809 1922 3881 principibus

339 3911 654 3963 crediderunt
681 3910 733 3962 in
775 3925 930 3971 eum;
977 3907 1065 3961 sed
1092 3914 1298 3976 propter
1331 3903 1540 3956 Iudaeos
1569 3918 1671 3955 non
1709 3901 1921 3967 conﬁte-

339 3997 538 4061 bantur,
567 4010 620 4051 ut
662 3999 724 4052 de
757 4015 1014 4069 synagoga
1044 4013 1143 4049 non
1169 3997 1489 4065 ejicerentur.
1532 3991 1587 4046 ld
1631 3990 1772 4059 quod
1817 3991 1922 4044 illis

342 4099 502 4155 supra
535 4088 744 4141 dicebat
773 4104 789 4142 :
818 4088 1069 4157 quomodo
1098 4088 1302 4157 potestis
1339 4086 1544 4140 credere
1567 4126 1582 4149 ,
1615 4083 1832 4152 gloriam
1859 4081 1922 4134 ab

341 4176 551 4229 invicem
571 4178 888 4244 accipientes,
917 4187 961 4230 et
984 4178 1222 4246 gloriam,
1249 4191 1362 4246 qua:
1386 4191 1418 4226 α
1438 4174 1547 4228 solo
1575 4171 1679 4224 Deo
1706 4182 1800 4233 est,
1823 4188 1924 4224 non

341 4279 618 4337 quivrentes
663 4268 841 4338 (Joan.
871 4270 925 4323 5.
955 4269 1089 4338 ﬂ)?
1129 4267 1244 4321 Non
1290 4281 1421 4335 ergo
1451 4265 1719 4333 principes
1747 4271 1919 4328 erant,

342 4358 437 4412 sed
467 4357 630 4421 servi,
659 4367 894 4412 extrema
926 4359 1201 4411 servitute.
1231 4355 1498 4410 Cancrum
1531 4353 1619 4407 hic
1648 4362 1826 4422 postea
1854 4354 1922 4406 ti-

343 4465 462 4504 mor
502 4449 741 4502 sublatus
779 4456 882 4502 est.
915 4447 1183 4516 Nusquam
1225 4446 1368 4500 enim
1408 4445 1508 4500 sub
1535 4444 1791 4512 apostolis
1819 4443 1922 4498 hoc

342 4540 530 4594 morbo
559 4549 743 4606 captos
774 4539 1036 4594 videmus.
1057 4537 1189 4592 Nam
1219 4547 1346 4592 tunc
1375 4547 1430 4591 et
1459 4536 1721 4607 principes
1741 4545 1795 4590 et
1830 4550 1920 4589 sa-

337 4632 586 4686 cerdotes
613 4629 972 4684 crediderunt.
1004 4629 1183 4684 Gratia
1209 4630 1350 4683 cnim
1395 4628 1626 4696 Spiritus
1662 4642 1919 4696 superve-

339 4721 492 4774 niens
533 4720 654 4774 illos
683 4735 870 4774 omnes
895 4719 1176 4774 adamante
1212 4721 1475 4773 lirmiores
1512 4717 1761 4774 reddidit.
1786 4717 1917 4771 Cum

339 4809 499 4880 igitur
527 4809 627 4864 hoc
667 4827 732 4865 ne
760 4822 884 4864 tunc
903 4809 1183 4864 crederent
1211 4810 1509 4878 impediret,
1542 4809 1663 4863 audi
1685 4809 1811 4878 quid
1838 4808 1921 4861 di-

336 4911 424 4956 cat
453 4922 468 4956 :
497 4905 586 4956 44.
626 4902 899 4968 Quirredit
920 4903 971 4955 in
993 4919 1091 4966 me,
1115 4918 1214 4955 non
1236 4906 1394 4955 credit
1421 4903 1471 4954 in
1499 4918 1596 4966 me,
1616 4901 1709 4955 sed
1731 4902 1786 4954 in
1806 4917 1916 4953 eum

336 4994 421 5060 qui
451 4993 584 5047 misit
607 5009 726 5056 me;
753 5009 816 5048 ac
841 4994 886 5047 si
927 4994 1152 5056 diceret,
1181 4992 1291 5047 Cur
1321 4993 1518 5047 timetis
1547 4993 1704 5046 inme
1728 4991 1918 5046 crede-

339 5082 439 5136 re?
461 5084 591 5138 fidcs
619 5101 712 5152 per
737 5100 826 5139 me
855 5086 1046 5138 transit
1071 5085 1124 5138 in
1158 5085 1322 5138 Deum
1342 5125 1359 5150 ,
1389 5095 1446 5137 ut
1475 5085 1634 5137 etiam
1670 5081 1918 5136 incredu-

337 5173 482 5228 litas.
504 5173 636 5229 Vide
659 5190 766 5246 quo
794 5184 947 5244 pacto
971 5190 1070 5245 per
1098 5178 1276 5228 omnia
1295 5173 1644 5228 substantiam
1675 5171 1916 5225 eamdem

338 5262 591 5316 declaret.
620 5262 737 5318 Non
761 5264 1035 5331 dixit,Qui
1058 5264 1232 5319 credit
1259 5263 1408 5323 mihi.
1440 5279 1509 5316 ne
1543 5262 1663 5330 quis
1693 5260 1916 5324 diceret,

337 5352 405 5406 de
434 5353 612 5406 verbis
652 5354 768 5423 ejus
813 5365 1016 5408 tantmn
1049 5353 1153 5409 hoc
1179 5354 1306 5417 dici,
1336 5352 1477 5422 quod
1511 5352 1578 5406 de
1617 5349 1919 5404 hominibus

335 5458 546 5513 quoque
571 5443 677 5498 dici
708 5453 938 5515 poterat.
967 5444 1102 5498 Nam
1141 5445 1233 5514 qui
1263 5443 1519 5512 apostolis
1557 5439 1764 5502 credit,
1814 5455 1918 5494 non

335 5533 466 5604 ipsis
493 5537 687 5601 credit,
709 5538 803 5592 sed
827 5537 956 5591 Deo.
979 5536 1176 5592 Verum
1209 5546 1264 5589 ut
1284 5535 1458 5588 discas
1477 5533 1544 5588 de
1573 5531 1677 5585 fide
1707 5529 1760 5582 in
1789 5529 1918 5583 sub-

336 5630 586 5684 stantiam
613 5645 766 5684 suam
801 5628 916 5684 haec
946 5629 1052 5698 agi,
1087 5641 1194 5681 non
1236 5626 1392 5688 dicit,
1423 5624 1522 5688 Qui
1549 5621 1723 5676 credit
1747 5621 1920 5675 verbis

341 5721 494 5787 meis,
526 5720 644 5786 sed,
677 5721 778 5784 Uni
802 5718 960 5773 credit
989 5719 1158 5772 inme.
1179 5702 1240 5770 Et
1264 5730 1378 5779 cur,
1403 5715 1632 5785 inquies,
1664 5725 1920 5779 nusquam

2027 2718 2144 2771 vice
2174 2735 2326 2776 versa
2357 2723 2505 2792 dicit,
2557 2727 2655 2796 Qui
2680 2730 2858 2785 credit
2901 2733 2951 2786 in
2999 2734 3250 2802 Patrem,
3297 2752 3401 2791 non
3445 2739 3617 2792 credit

2029 2809 2081 2864 in
2112 2811 2342 2879 Patrem,
2375 2817 2467 2871 sed
2502 2819 2551 2872 in
2585 2822 2709 2875 me?
2734 2821 2864 2886 Quia
2897 2824 3156 2880 dixissent
3211 2827 3306 2892 illi,
3347 2828 3486 2883 Ecce
3513 2843 3612 2884 nos

2027 2901 2080 2955 in
2116 2903 2327 2958 Patrem
2351 2906 2640 2976 credimus,
2671 2911 2721 2964 in
2749 2922 2798 2965 te
2841 2929 2944 2966 non
2975 2916 3265 2970 credimus.
3296 2916 3427 2971 Nam
3461 2919 3615 2972 infir-

2026 2996 2225 3050 miores
2253 2998 2426 3052 adlmc
2456 3011 2629 3056 erant.
2680 3003 2980 3073 Discipulos
3009 3008 3151 3060 enim
3201 3009 3481 3075 alloquens
3532 3013 3610 3065 sic

2027 3085 2256 3150 dicebat,
2286 3087 2498 3144 Creditis
2523 3093 2575 3144 in
2603 3090 2789 3159 Deum,
2822 3105 2870 3148 et
2894 3100 2946 3149 in
2989 3113 3067 3148 me
3102 3098 3495 3168 credite(.loau.
3522 3101 3609 3155 lt.

2027 3179 2050 3233 i
2083 3178 2122 3247 ).
2159 3179 2265 3234 llos
2292 3190 2466 3236 autem
2498 3199 2619 3238 cum
2654 3185 2976 3242 infirmiorcs
3002 3189 3065 3241 ad
3096 3192 3210 3243 lucc
3235 3190 3501 3245 audienda
3532 3193 3612 3245 vi-

2025 3269 2209 3334 derct,
2262 3272 2420 3326 aliter
2455 3275 2702 3329 instituit.
2755 3275 3000 3331 Ostendit
3045 3294 3174 3347 ergo
3207 3296 3311 3334 non
3345 3297 3505 3349 posse
3556 3283 3609 3337 in

2025 3359 2236 3414 Patrem
2263 3362 2484 3418 credere
2505 3379 2618 3426 cos.
2645 3366 2734 3434 qui
2765 3381 2868 3421 non
2900 3368 2952 3421 in
2978 3383 3038 3423 se
3067 3369 3307 3424 credant.
3334 3371 3399 3425 Et
3420 3387 3486 3426 ne
3512 3387 3609 3442 pu-

2027 3461 2105 3507 tes
2136 3453 2186 3506 id
2225 3455 2373 3520 quasi
2415 3454 2481 3510 de
2511 3455 2725 3510 homine
2764 3457 2867 3512 dici
2896 3501 2911 3522 ,
2941 3459 3122 3513 subdit
3152 3461 3280 3516 :45.
3339 3462 3440 3528 Qui
3477 3463 3611 3518 videt

2025 3547 2271 3609 me,vidct
2297 3565 2409 3600 euut
2441 3550 2527 3618 qui
2561 3551 2699 3603 misit
2723 3568 2819 3606 me.
2843 3551 2978 3618 Quid
3006 3555 3172 3624 ergo?
3207 3569 3273 3610 an
3297 3571 3492 3625 corpus
3523 3567 3630 3628 est,

2027 3637 2191 3692 Deus?
2213 3639 2447 3694 Minime.
2470 3641 2738 3697 Visioncm
2757 3645 2951 3714 quippe
2985 3647 3266 3700 mentalem
3293 3646 3379 3702 hic
3403 3648 3610 3718 signifi-

2025 3738 2149 3794 cat,
2209 3740 2262 3783 et
2307 3731 2430 3786 hinc
2473 3733 3073 3789 consubstantialitatem
3129 3736 3479 3793 demonstrat.
3545 3740 3612 3796 Et

2025 3818 2151 3888 quid
2183 3819 2280 3874 sibi
2309 3823 2421 3875 vult
2467 3823 2595 3876 illud
2617 3867 2631 3886 ,
2665 3825 2765 3891 Qui
2790 3826 2946 3879 credit
2974 3827 3165 3881 inme?
3193 3828 3270 3881 Ac
3300 3829 3343 3882 si
3374 3830 3494 3897 quis
3522 3830 3611 3884 di-

2025 3918 2190 3971 ceret.
2231 3910 2330 3978 Qui
2357 3927 2546 3982 aquam
2580 3913 2647 3967 de
2693 3915 2908 3968 flumine
2938 3915 3111 3979 tollit,
3142 3931 3246 3969 non
3271 3915 3338 3970 de
3367 3917 3606 3983 ﬂumine,

2025 4001 2118 4056 sed
2146 4002 2210 4057 de
2241 4003 2385 4058 fonte
2409 4006 2616 4073 accipit.
2648 4005 2756 4059 lmo
2781 4006 3040 4060 infirmius
3068 4006 3171 4060 hoc
3195 4008 3496 4074 exemplum
3523 4019 3609 4062 est

2025 4092 2092 4146 ad
2119 4108 2230 4147 rem
2260 4096 2606 4162 propositam.
2631 4095 2721 4149 46.
2747 4095 2856 4165 Ego
2874 4095 2967 4149 tua:
2984 4098 3036 4148 in
3057 4097 3298 4149 mundum
3324 4097 3605 4152 veni.Cum

2025 4187 2166 4241 enim
2191 4186 2348 4240 Pater
2377 4196 2429 4241 et
2451 4187 2499 4238 in
2519 4187 2684 4241 veteri
2703 4197 2757 4239 ct
2786 4187 2838 4240 in
2867 4201 3000 4238 nova
3031 4187 3147 4256 lege
3177 4187 3254 4240 sic
3281 4188 3602 4258 appelletur,

2025 4289 2080 4334 et
2104 4278 2208 4334 hoc
2237 4281 2349 4348 ipse
2378 4289 2553 4334 utatur
2587 4279 2833 4343 nomine;
2866 4279 2984 4332 ideo
3009 4279 3204 4334 Paulus
3235 4279 3357 4333 hinc
3383 4279 3608 4336 edoctus

2025 4369 2366 4440 splendorem
2398 4379 2550 4423 vocat
2582 4369 2727 4423 illum
2773 4368 2792 4439 (
2817 4367 2970 4421 Ilebr.
3007 4370 3058 4422 l.
3091 4368 3180 4438 3).
3215 4367 3432 4424 Multam
3460 4379 3607 4425 certe

2025 4476 2146 4514 cum
2179 4460 2334 4515 Patre
2361 4459 2671 4513 affinitatem
2700 4459 2786 4512 hic
2812 4459 3058 4523 ostendit,
3093 4458 3199 4512 imo
3230 4458 3426 4513 nullam
3451 4459 3609 4515 diffe-

2025 4553 2248 4604 rentiam
2275 4567 2288 4603 ε
2319 4566 2440 4604 nam
2482 4549 2638 4604 tidem
2687 4549 2738 4602 in
2761 4564 2842 4613 se,
2875 4565 2978 4602 non
3007 4549 3058 4602 in
3085 4563 3146 4604 se
3169 4589 3185 4614 ,
3217 4548 3312 4603 sed
3354 4549 3407 4603 in
3457 4550 3606 4604 illum

2025 4644 2251 4696 transire
2274 4641 2420 4694 dicit.
2463 4640 2658 4694 Lucem
2688 4654 2846 4709 porro
2873 4655 2932 4693 se
2975 4640 3200 4704 vocavit,
3234 4638 3378 4708 quod
3416 4639 3484 4694 ab
3516 4655 3608 4692 cr-

2024 4748 2149 4786 rore
2186 4733 2401 4796 liberet,
2431 4741 2483 4786 et
2510 4731 2651 4800 quod
2680 4731 2983 4800 spirituales
3013 4730 3185 4784 solvat
3212 4729 3479 4785 tenebras.
3511 4731 3624 4784 47.‘

2025 4824 2088 4878 Si
2111 4824 2224 4894 quis
2261 4840 2340 4877 me
2377 4840 2478 4877 non
2529 4823 2778 4889 audierit,
2809 4838 2901 4894 ego
2930 4837 3030 4876 non
3053 4822 3233 4892 judico
3261 4822 3428 4875 illum.
3479 4820 3604 4876 Non

2022 4918 2154 4969 enim
2182 4915 2290 4967 veni
2313 4925 2367 4968 ut
2387 4915 2613 4985 judicem
2651 4916 2915 4975 mundum,
2952 4914 3040 4967 sed
3071 4922 3122 4966 ut
3148 4913 3423 4981 salvi/icem
3446 4931 3618 4968 νεωμ-

2023 5007 2164 5059 dant.
2194 5004 2270 5061 Ne
2299 5016 2544 5076 putarent
2577 5006 2716 5059 enim
2741 5019 2800 5060 se
2830 5014 3045 5074 propter
3068 5004 3431 5057 infirmitatem
3462 5019 3598 5056 con-

2023 5106 2314 5166 temptores
2340 5099 2628 5161 dimisisse,
2671 5095 2790 5151 ideo
2810 5097 2942 5149 dixit
2971 5113 2984 5149 :
3018 5094 3137 5148 Non
3167 5096 3276 5148 veni
3300 5105 3354 5147 ut
3379 5095 3607 5166 judicent

2021 5191 2282 5243 mundum.

2091 5283 2145 5338 2.
2173 5283 2375 5337 Deinde
2405 5297 2471 5336 ne
2501 5281 2626 5334 hinc
2652 5280 2927 5350 segniores
2945 5277 3093 5339 liant.
3132 5277 3272 5347 quod
3320 5277 3606 5333 didicerint

2021 5389 2141 5429 eum
2160 5375 2248 5444 qui
2265 5373 2454 5438 credit,
2472 5374 2673 5426 salvum
2695 5372 2832 5432 fieri,
2851 5381 2907 5426 et
2925 5371 3012 5441 qui
3034 5387 3138 5424 non
3156 5371 3348 5437 credit,
3370 5371 3542 5440 puniri
3561 5373 3605 5437 ‘,

2021 5464 2143 5518 vide
2170 5480 2327 5534 quam
2357 5461 2758 5516 formidolosum
2789 5462 2892 5515 illis
2920 5460 3147 5515 tribunal
3185 5464 3437 5526 minetur,
3481 5476 3612 5516 cum

2085 5599 2103 5628 ι
2139 5602 2307 5658 nutant
2334 5596 2515 5645 Boisius
2537 5601 2589 5645 et
2607 5593 2808 5658 savilius
2837 5592 3101 5658 legendum
3125 5606 3238 5644 esse
3267 5606 3382 5658 non
3411 5591 3599 5654 puniri.

2022 5656 2254 5766 Certen;
2276 5655 2542 5766 tegendum
2563 5657 2678 5706 mihi
2699 5655 2911 5720 quoque
2930 5656 3125 5706 videtur
3150 5669 3162 5705 :
3189 5657 3276 5705 sed
3300 5667 3473 5727 omnes
3494 5661 3604 5707 Mss.

2022 5730 2188 5784 pumrt
2248 5733 2272 5764 a
2313 5731 2374 5765 eu
2404 5753 2415 5766 .
