3984 6196
335 323 429 378 381
1352 324 1416 380 ΙΝ
1451 325 1767 383 ,ΙΟΑΝΝΕΜ
1799 327 1922 383 ΗΟ)

2073 328 2240 388 LXX.
2276 333 2347 386 al.
2389 334 2573 390 LXIX.

333 436 549 499 reddes,
576 450 675 505 pro
704 436 842 506 turpi
869 447 922 491 et
946 435 1196 504 deformi,
1226 438 1500 508 pulchram
1529 449 1585 496 et
1604 439 1916 496 formosam.

334 530 447 584 Non
478 543 635 583 meus
674 528 763 584 hic
808 543 990 584 sermo
1015 538 1133 597 est,
1161 530 1256 585 sed
1279 531 1489 586 Domini
1536 532 1763 587 dicentis
1810 549 1825 585 :
1857 532 1918 588 Si

330 622 521 690 fuerint
560 631 768 690 peccata
797 630 960 676 vestra
999 630 1053 675 ut
1079 623 1375 688 coccinum,
1396 632 1453 676 ut
1492 624 1651 677 nivem
1676 623 1918 678 dealbabo

329 712 486 779 (lsai.
517 714 571 767 ί.
614 713 741 782 18);
773 724 829 769 et
851 756 866 775 .
900 712 1031 769 Date
1074 715 1439 786 eleemosynam
1464 757 1477 776 ,
1508 726 1554 770 et
1578 716 1747 775 omnia
1784 716 1918 772 vobis

328 805 527 857 munda
563 813 713 857 erunt
740 802 889 870 (Luc.
922 806 1008 859 Η.
1035 806 1149 876 41).
1182 804 1237 861 Si
1268 806 1336 861 ita
1362 807 1437 860 sis
1469 806 1655 862 affecta
1683 846 1698 872 ,
1734 822 1836 861 non
1867 817 1919 862 te

333 894 505 949 solam
531 936 551 962 ,
580 895 675 950 sed
708 896 880 950 virum
911 912 1122 967 quoque
1169 906 1319 953 tuum
1362 898 1653 953 formosum
1700 899 1914 956 reddes.

332 985 463 1040 Nam
511 986 558 1040 si
589 995 641 1041 te
688 987 867 1042 luxum
901 988 1256 1059 deponentem
1298 989 1526 1057 viderit,
1576 1007 1681 1046 non
1714 992 1919 1061 magnis

334 1090 471 1147 Opus
495 1078 600 1132 erit
628 1079 970 1146 sumptibus:
1006 1079 1131 1133 hinc
1180 1089 1358 1135 autem
1393 1079 1619 1135 habendi
1651 1082 1915 1152 cupidita-

337 1175 445 1222 tetu
472 1166 744 1236 deponet,
774 1178 829 1221 et
859 1168 1076 1235 pronior
1097 1171 1200 1224 erit
1223 1169 1290 1223 ad
1319 1170 1712 1241 cleemosynam
1733 1210 1750 1237 ,
1781 1180 1834 1226 et
1865 1181 1917 1226 tu

336 1256 566 1314 fidenter
606 1259 806 1328 poteris
860 1259 933 1312 illi
965 1274 1026 1314 ea
1066 1275 1187 1329 quae
1233 1259 1429 1316 decent
1473 1261 1720 1317 suadere.
1769 1260 1920 1317 Nunc

334 1359 515 1403 autem
544 1389 558 1410 ,
588 1365 622 1401 ο
654 1365 745 1403 vos
782 1350 1032 1406 mulieres
1051 1392 1067 1415 ,
1098 1366 1205 1406 non
1234 1367 1413 1421 parem
1444 1352 1651 1408 habetis
1682 1362 1918 1422 potesta-

335 1446 466 1493 tem.
500 1438 620 1505 Quo
640 1455 766 1505 ore,
790 1455 890 1510 qua
918 1439 1091 1497 fronte
1133 1443 1389 1513 eonjuges
1428 1444 1493 1498 ad
1524 1446 1916 1516 eleemosynam

338 1532 680 1588 hortabimini
706 1576 720 1597 ,
752 1550 873 1589 cum
906 1535 1191 1591 maximam
1217 1550 1375 1605 Opum
1406 1547 1608 1605 partem
1636 1536 1701 1591 ad
1729 1550 1916 1606 corpo-

3501 356 3609 412 εδει

2028 444 2103 497 ris
2122 454 2366 501 ornatum
2386 447 2696 506 insumatis?
2717 452 2850 508 Tum
2873 458 3072 524 poteris
3085 473 3204 515 cum
3233 461 3421 519 fiducia
3439 468 3607 524 virum

2025 534 2092 589 de
2121 535 2459 610 eleemosyna
2515 542 2713 612 alloqui
2738 586 2755 612 ,
2785 561 2905 601 cum
2955 564 3177 606 aureum
3206 555 3406 611 cultutn
3438 559 3607 629 depo-

2024 626 2218 681 sueris.
2254 629 2472 685 Etiamsi
2506 647 2635 688 vero
2665 635 2797 690 nihil
2832 640 3084 706 proficias
3105 685 3119 705 ,
3152 646 3292 713 quod
3321 654 3468 702 tuum
3495 626 3611 703 erat

2029 724 2195 772 totum
2226 719 2455 790 implesti
2485 740 2497 776 :
2531 724 2638 781 imo
2665 725 2780 782 fieri
2806 733 2989 799 nequit
3016 742 3072 786 ut
3091 734 3238 789 illum
3268 753 3374 793 non
3399 737 3605 808 ﬂectas,

2025 823 2146 864 cum
2177 826 2276 880 per
2302 828 2389 868 res
2420 814 2560 884 ipsas
2587 817 2840 888 loqueris.
2889 823 3024 888 Quid
3048 828 3182 881 enim
3223 829 3320 884 scis
3339 871 3354 897 ,
3382 833 3564 887 ntulier
3589 874 3603 894 .

2026 917 2094 954 an
2117 903 2278 956 uirum
2302 912 2440 958 tuum
2480 909 2674 962 salvum
2703 912 2900 979 factura
2927 917 2995 970 sis
3026 918 3100 988 (l.
3136 917 3252 972 Cor.
3278 920 3332 979 7.
3363 921 3496 989 ηιμ
3540 922 3609 978 Ut

2027 1008 2169 1049 nunc
2193 1004 2248 1049 et
2288 1010 2384 1063 pro
2407 1005 2458 1050 te
2494 1007 2547 1053 et
2574 1014 2670 1069 pro
2698 1003 2788 1056 illo
2819 1006 3078 1062 rationem
3107 1008 3373 1065 redditura
3402 1026 3464 1067 es
3487 1030 3503 1067 :
3525 1013 3607 1068 sic

2027 1083 2071 1138 si
2100 1084 2280 1139 luxum
2304 1086 2607 1156 hnjusmodi
2628 1091 2889 1161 deponas,
2908 1096 3171 1165 duplicem
3194 1114 3451 1156 coronam
3472 1114 3605 1155 cnn-

2026 1176 2303 1243 sequeris,
2332 1192 2453 1232 eum
2485 1180 2598 1234 viro
2625 1194 2879 1239 coronata
2921 1196 2975 1241 et
3016 1189 3246 1257 gloriosa
3274 1206 3371 1260 per
3401 1190 3603 1246 inﬁnita

2028 1264 2117 1320 illa
2145 1268 2335 1322 saecula
2359 1310 2375 1334 ,
2404 1279 2457 1324 et
2480 1274 2695 1329 internis
2726 1276 2904 1331 fruens
2951 1278 3140 1335 bonis:
3170 1297 3290 1350 qua:
3339 1297 3439 1338 nos
3482 1298 3602 1337 om-

2029 1372 2126 1412 nes
2168 1360 2378 1429 assequi
2406 1365 2711 1433 contingat,
2741 1369 2905 1437 gratia
2936 1380 2990 1424 et
3030 1371 3358 1443 benignitate
3395 1374 3603 1429 Domini

2030 1452 2195 1504 nostri
2225 1451 2351 1507 Jcsu
2380 1452 2609 1521 Christi,
2641 1459 2727 1513 cui
2758 1460 2922 1530 gloria
2955 1464 3004 1515 in
3037 1466 3230 1519 saecula
3260 1467 3602 1522 smculorum.

2032 1540 2220 1594 Amen.

1965 1677 3534 1706 ____________._________

1651 1735 1989 1797 HOMILIA
2031 1737 2230 1798 LXX.

332 1879 467 1936 CAP.
525 1881 608 1934 l3.
683 1881 817 1933 v.1.
876 1879 1004 1932 Ante
1049 1878 1181 1932 diem
1247 1878 1426 1948 festum
1479 1877 1717 1942 Pascha},
1768 1876 1918 1932 .lesus

414 1974 579 2028 sciens
599 1973 716 2041 quia
744 1974 870 2025 venit
892 1972 1016 2025 liora
1042 1971 1170 2041 ejus,
1195 1979 1249 2025 ut
1276 1980 1494 2026 transeat
1522 1988 1586 2024 ex
1611 1972 1703 2024 hoc
1732 1971 1919 2023 mundo

408 2064 479 2117 ad
508 2061 735 2125 Putrem,
759 2079 874 2115 cum
894 2062 1147 2116 dilexisset
1172 2077 1311 2125 suos,
1344 2060 1430 2130 qui
1465 2070 1604 2113 erant
1630 2061 1682 2112 in
1710 2060 1915 2126 mundo,

407 2156 462 2208 in
490 2155 642 2223 ﬁnem
680 2152 855 2207 dilexit
895 2169 998 2206 eos.

414 2246 467 2299 Ι.
513 2242 744 2313 Christus
788 2243 928 2296 nobis
976 2241 1251 2311 exemplar.
1307 2241 1482 2311 Ipsius
1525 2258 1646 2313 erga
1690 2241 1919 2295 inimicos

339 2308 1025 2403 benignitas.-:Intitatores
1049 2334 1147 2387 mei
1175 2343 1347 2396 estote,
1383 2332 1550 2403 inquit
1578 2331 1793 2396 Paulus,
1823 2332 1919 2384 sic-

342 2438 401 2482 ut
427 2438 476 2481 et
509 2445 595 2499 ego
620 2428 801 2482 Christi
833 2428 924 2494 (l.
949 2425 1065 2481 Cor.
1100 2426 1186 2480 ll.
1218 2423 1306 2496 l).
1338 2423 1460 2479 Ideo
1488 2423 1628 2479 enim
1654 2437 1716 2479 ex
1748 2436 1916 2476 massa

347 2529 531 2575 nostra
575 2534 786 2573 carnem
833 2517 1076 2586 accepit,
1122 2526 1179 2570 ut
1213 2531 1310 2586 per
1361 2530 1475 2570 eam
1527 2528 1623 2569 nos
1668 2515 1917 2567 virtutem

335 2612 577 2665 doceret.
612 2608 679 2661 In
704 2609 1119 2670 similitudinem,
1166 2606 1366 2675 inquit,
1395 2605 1561 2659 carnis
1601 2604 1791 2675 peccati
1811 2641 1833 2665 η
1875 2615 1920 2658 et

336 2705 403 2757 de
449 2711 651 2769 peccato
680 2710 936 2770 peccatum
963 2700 1017 2752 in
1046 2715 1197 2753 carne
1225 2698 1481 2752 damnavit
1512 2697 1687 2767 (Rom.
1737 2697 1788 2752 8.
1824 2695 1877 2767 5)
1904 2716 1917 2757 ;

338 2796 564 2864 ipseque
608 2790 853 2846 Christus
899 2793 973 2844 ait
1011 2808 1026 2845 :
1072 2788 1259 2845 Discite
1291 2807 1323 2843 a
1352 2805 1462 2856 me,
1491 2790 1607 2858 quia
1636 2788 1770 2843 mitis
1810 2803 1916 2841 sum

339 2894 387 2939 et
417 2883 622 2939 humilis
659 2883 809 2938 corde
852 2881 1066 2956 (Matth.
1118 2882 1208 2936 Η.
1253 2880 1366 2951 99).
1414 2878 1538 2934 Haec
1585 2893 1690 2933 non
1744 2877 1917 2933 verbis

344 2986 547 3031 tantum
576 3016 589 3039 ,
625 2974 721 3029 sed
752 2985 803 3028 et
853 2974 1012 3028 rebus
1055 2972 1256 3027 docuit.
1285 2970 1417 3026 Nam
1444 2979 1498 3025 et
1524 2970 1917 3027 Samaritanum

342 3079 398 3123 et
443 3066 835 3121 dzcmoniacum
887 3064 1058 3134 ipsum
1103 3062 1406 3127 vocabant,
1436 3069 1489 3116 et
1534 3060 1868 3129 deceptorem
1901 3100 1915 3125 ,

344 3158 655 3229 lapidesque
686 3158 737 3211 in
768 3158 939 3226 ipsum
962 3155 1231 3223 iaciebant
1258 3171 1270 3207 :
1302 3162 1357 3210 et
1385 3167 1527 3208 nunc
1575 3152 1786 3222 quidem
1818 3152 1919 3206 ini-

343 3253 545 3305 nistros
587 3249 852 3304 miserunt
880 3245 1132 3301 Phariszei
1161 3284 1175 3306 ,
1205 3254 1263 3298 ut
1291 3244 1437 3299 illum
1468 3252 1747 3311 caperent;
1781 3254 1921 3296 nunc

339 3344 477 3396 alios
525 3341 869 3410 subjecerunt
921 3339 1260 3393 insidiatores
1306 3355 1318 3391 :
1376 3337 1472 3407 ipsi
1521 3347 1732 3407 quoque
1778 3348 1921 3404 smpe

342 3433 699 3489 contumelias
728 3431 1025 3486 inferebant
1046 3470 1059 3492 ,
1090 3445 1210 3485 cum
1243 3439 1416 3483 tamen
1449 3427 1576 3483 nihil
1627 3427 1840 3483 adesset
1867 3425 1917 3480 in

340 3543 451 3595 quo
478 3533 797 3579 accusarent
823 3524 993 3591 ipsum
1012 3563 1027 3589 ,
1058 3522 1152 3579 sed
1184 3520 1439 3577 beneficia
1487 3522 1788 3589 frequenter
1829 3534 1919 3574 ac-

339 3620 607 3687 ciperent.
638 3614 1018 3671 Verumtamen
1065 3622 1183 3684 post
1226 3612 1340 3667 haec
1383 3622 1522 3666 tanta
1547 3654 1562 3678 ,
1599 3628 1701 3666 non
1751 3618 1923 3667 cessat

341 3725 440 3765 eos
489 3719 545 3764 et
594 3708 773 3762 verbis
814 3716 868 3760 et
912 3707 1168 3776 operibus
1196 3704 1383 3774 juvare
1414 3719 1429 3758 :
1457 3710 1657 3758 etcum
1692 3717 1719 3755 τι
1767 3714 1923 3756 servo

341 3802 576 3874 quodam
601 3799 920 3864 caederetur,
942 3799 1016 3852 ait
1042 3814 1054 3850 :
1088 3794 1148 3852 Si
1176 3797 1304 3850 male
1330 3796 1564 3867 loquutus
1606 3811 1751 3860 sum,
1783 3795 1923 3848 testi-

344 3899 573 3951 inonium
597 3895 800 3965 perltibe
820 3895 881 3945 de
912 3892 1044 3945 malo
1066 3909 1084 3955 ,'
1114 3892 1157 3945 si
1185 3899 1355 3943 autem
1382 3894 1502 3943 bene
1524 3927 1539 3953 ,
1569 3888 1688 3957 quid
1718 3904 1793 3942 me
1822 3902 1923 3941 ca:-

343 3992 424 4045 dis
452 3988 637 4061 (Jun.
671 3988 757 4043 18.
786 3984 925 4054 23)?
958 3983 1147 4039 Verum
1176 3982 1291 4037 lucc
1316 3982 1540 4037 inimicis
1569 3991 1621 4036 et
1647 3980 1924 4036 insidiato—

346 4083 496 4136 ribus
539 4078 696 4133 dixit.
731 4077 1014 4131 Videamus
1043 4084 1249 4138 autent,
1283 4072 1405 4142 quid
1434 4085 1573 4126 nunc
1617 4071 1773 4124 faciat
1800 4084 1921 4139 erga

344 4169 663 4240 discipulos;
687 4170 795 4220 imo
810 4182 928 4234 qua:
951 4179 1091 4219 nunc
1111 4161 1363 4219 exhibeat
1382 4176 1505 4231 erga
1536 4160 1918 4215 insidiatorem.

343 4263 448 4330 Qui
479 4261 628 4316 enim
658 4258 896 4313 omnium
950 4256 1177 4310 maxime
1215 4254 1337 4309 odio
1368 4253 1560 4322 dignus
1601 4259 1751 4317 erat,
1803 4250 1923 4319 quia

345 4369 469 4411 eum
500 4350 799 4419 discipulus
827 4358 881 4400 et
911 4360 1109 4401 mensa:
1155 4358 1376 4399 censors
1405 4349 1585 4405 esset,
1613 4355 1732 4395 eum
1762 4340 1927 4394 mira-

342 4445 467 4501 alia
496 4441 719 4496 vidisset
746 4482 759 4504 ,
790 4449 844 4494 et
875 4448 951 4491 tot
997 4437 1246 4506 dignatus
1268 4443 1412 4489 essm
1443 4431 1754 4488 muneribus
1775 4473 1790 4496 ,
1828 4431 1925 4485 de-

345 4534 569 4590 terrima
599 4531 834 4585 omnium
863 4528 987 4583 fecit
1013 4544 1027 4581 :
1056 4542 1161 4581 non
1190 4524 1485 4592 lapidibus,
1519 4538 1624 4577 non
1655 4532 1931 4577 contume-

345 4626 435 4680 liis
485 4622 748 4693 impetiit,
793 4619 886 4674 sed
919 4618 1065 4671 illum
1114 4616 1345 4686 prodidit
1388 4633 1402 4668 :
1455 4615 1595 4669 hunc
1638 4628 1764 4668 vero
1810 4612 1929 4666 vide

345 4731 515 4787 quam
556 4713 790 4783 benigne
830 4710 1081 4779 excipiat.
1134 4707 1285 4762 Lavit
1334 4706 1450 4776 ejus
1499 4705 1697 4774 pedes,
1745 4714 1801 4758 ut
1833 4704 1933 4756 hoc

347 4808 535 4864 ofﬁcio
565 4808 739 4873 ipsum
771 4802 1049 4859 cohiberet
1088 4816 1119 4854 a
1148 4808 1289 4855 tanta
1322 4799 1578 4868 nequitia.
1626 4797 1782 4867 Atqui
1831 4812 1928 4867 po-

349 4906 497 4954 terat
525 4897 701 4963 ipsum
726 4894 861 4949 sicut
892 4893 1048 4947 ficum
1098 4890 1397 4956 arefacere,
1428 4890 1471 4943 si
1517 4887 1807 4954 voluisset,
1845 4887 1931 4942 vel

350 4985 665 5043 discindere
708 4983 847 5038 sicut
873 4992 1051 5052 petras
1075 4980 1322 5045 discidit,
1348 4986 1404 5033 et
1431 4980 1567 5033 sicut
1599 4977 1722 5033 item
1755 4978 1929 5032 velum

347 5076 540 5147 templi
587 5074 817 5129 discidit.
867 5073 1061 5127 Verum
1090 5071 1261 5126 noluit
1289 5071 1369 5135 vi,
1414 5071 1506 5125 sed
1539 5071 1809 5140 proposito
1836 5085 1932 5126 vo-

348 5166 579 5223 luntatis
607 5180 635 5217 δ
667 5163 963 5231 proditione
983 5161 1269 5215 abducere.
1302 5159 1425 5215 ideo
1455 5159 1581 5214 lavit
1610 5161 1727 5228 ejus
1750 5159 1928 5228 pedes.

344 5260 540 5329 Neque
583 5255 683 5311 hac
707 5254 777 5310 de
820 5269 877 5308 re
905 5253 1116 5309 erubuit
1142 5251 1323 5307 infelix
1366 5259 1423 5308 et
1452 5252 1614 5307 miser
1645 5252 1751 5306 ille.
1801 5257 1934 5306 Ante

343 5352 490 5406 diem
531 5344 974 5419 {wuin'l’asclne
1001 5385 1016 5408 ,
1044 5343 1234 5413 inquit,
1262 5343 1423 5399 sciens
1455 5342 1605 5399 Iesus
1645 5345 1762 5413 quia
1806 5345 1933 5398 venit

345 5445 484 5497 liora
512 5441 647 5510 eius.
692 5438 805 5492 Non
838 5448 964 5492 tunc
1009 5437 1238 5505 primum
1279 5437 1461 5501 scivit,
1501 5438 1596 5493 sed
1644 5451 1764 5491 cum
1809 5436 1932 5492 fecit

348 5534 407 5589 id
439 5531 586 5604 quod
619 5530 746 5585 fecit
766 5571 779 5592 ,
806 5529 913 5597 jam
945 5528 1071 5582 olim
1104 5528 1324 5584 sciebat.
1352 5527 1420 5583 Ut
1447 5540 1688 5583 transeat.
1730 5530 1933 5599 Magni-

346 5624 459 5678 ﬁce
501 5620 830 5692 evangelista
875 5621 1154 5674 transitum
1182 5619 1298 5689 ejus
1325 5630 1548 5675 mortem
1583 5630 1756 5676 vocat.
1806 5620 1932 5675 Cum

342 5716 620 5770 dilexisset
659 5729 799 5775 suos,
826 5714 879 5765 in
915 5713 1067 5779 ﬁnem
1100 5713 1276 5766 dilexit
1301 5728 1404 5767 eos.
1440 5712 1625 5769 V’iden’
1666 5717 1933 5785 quomodo

680 5812 949 5874 Panos.
998 5815 1112 5874 fin.
1172 5815 1328 5875 LIX.

2034 1877 2319 1936 relicturus
2370 1898 2462 1939 eos
2516 1886 2967 1944 vehementiorem
3022 1906 3259 1948 amorem
3310 1895 3605 1950 exhibeat?

2030 1967 2160 2025 illud
2193 1974 2331 2027 enim
2351 2016 2364 2040 ,
2396 1975 2520 2031 Cum
2549 1979 2804 2034 dilexisset
2833 1998 2972 2046 suos,
3006 1982 3058 2036 in
3087 1983 3239 2051 linem
3270 1985 3447 2039 dilexit
3476 2002 3559 2041 eos
3584 2029 3600 2049 ,

2029 2060 2131 2117 hoc
2152 2065 2412 2135 significat
2442 2086 2456 2123 :
2490 2070 2617 2123 nihil
2643 2074 2982 2141 praetermisit
3011 2088 3196 2130 eorum
3216 2092 3336 2145 qua:
3354 2077 3559 2133 ardenti
3578 2094 3606 2133 r

2026 2167 2292 2211 amantem
2324 2172 2536 2229 Oportet
2579 2161 2774 2220 facere.
2820 2165 2928 2219 Cur
2976 2182 3080 2220 non
3125 2181 3152 2221 a
3198 2168 3458 2239 principio
3503 2170 3606 2225 hoc

2029 2244 2153 2301 fecit
2178 2246 2201 2299 ?
2230 2247 2426 2318 Majora
2456 2252 2508 2307 in
2545 2262 2795 2310 extremo
2821 2255 2967 2321 facit,
2999 2265 3057 2311 ut
3097 2270 3282 2312 eorum
3328 2259 3601 2314 caritatem

2027 2349 2237 2410 augeat,
2266 2351 2319 2394 et
2362 2357 2611 2413 magnum
2644 2345 2793 2401 indat
2845 2347 3083 2401 animum
3112 2346 3180 2401 ad
3224 2348 3394 2404 futura
3427 2336 3604 2418 perfe-

2025 2429 2188 2485 renda
2218 2431 2378 2487 mala.
2402 2432 2539 2490 Suos
2565 2444 2742 2495 autem
2770 2436 2899 2491 dicit
2919 2436 3210 2493 secundum
3235 2437 3605 2496 familiaritatis

2026 2519 2285 2575 rationem
2311 2538 2325 2586 ;
2378 2538 2496 2577 nam
2530 2532 2583 2579 et
2612 2524 2746 2580 alios
2775 2540 2902 2581 suos
2932 2534 3089 2582 vocat
3119 2528 3412 2584 secundum
3445 2544 3600 2584 crea-

2027 2611 2220 2664 tionem
2250 2629 2264 2676 ;
2293 2621 2348 2666 ut
2376 2629 2493 2666 etun
2528 2614 2677 2682 dicit,
2712 2615 2811 2670 Sui
2839 2633 2949 2670 eum
2975 2633 3076 2672 non
3100 2627 3393 2689 receperunt
3421 2617 3599 2689 (Joan.

2028 2700 2076 2752 ’l.
2112 2700 2221 2768 ll).
2276 2700 2410 2768 Quid
2458 2703 2555 2759 sibi
2607 2706 2718 2759 vult
2748 2705 2897 2771 illud,
2935 2705 3035 2773 Qui
3078 2718 3222 2760 erant
3267 2708 3319 2760 in
3362 2708 3603 2762 mundo?

2026 2790 2154 2859 Quia
2183 2794 2261 2847 sui
2295 2807 2447 2850 erant
2476 2798 2633 2851 etiam
2658 2799 2871 2865 mortui,
2903 2798 3194 2865 Abraham,
3223 2797 3388 2865 lsaac,
3411 2778 3600 2865 Jacob,

2027 2882 2262 2955 ipsisque
2284 2886 2483 2941 similes
2510 2904 2524 2953 ;
2557 2889 2650 2942 sed
2683 2888 2732 2940 hi
2756 2904 2861 2943 non
2887 2889 2937 2942 in
2967 2889 3166 2945 mundo
3192 2898 3366 2945 erant.
3418 2888 3605 2945 Viden‘

2027 2988 2146 3029 eum
2173 2988 2291 3035 esse
2318 2975 2483 3030 Deum
2508 2986 2560 3032 et
2591 2978 2784 3032 veteris
2814 2988 2867 3032 et
2892 2993 3045 3032 nova:
3068 2976 3242 3048 legis?
3271 2978 3407 3044 Quid
3435 2979 3602 3050 signi-

2028 3064 2149 3119 ﬁcat
2178 3064 2325 3133 illud,
2363 3064 2426 3119 In
2455 3066 2606 3134 ﬁnem
2632 3067 2807 3122 dilexit
2833 3068 2958 3121 eos?
3008 3066 3062 3123 Id
3088 3077 3190 3134 est,
3219 3083 3399 3123 amare
3421 3082 3603 3138 perse-

2026 3154 2263 3222 veravit,
2298 3169 2362 3210 ac
2389 3155 2642 3212 ferventis
2690 3157 2889 3211 amoris
2917 3157 3127 3227 signum
3160 3158 3263 3213 hoc
3292 3171 3415 3213 esse
3451 3156 3598 3212 dicit.

2024 3243 2185 3314 Atqui
2232 3244 2371 3299 aliud
2421 3244 2543 3302 alibi
2571 3246 2816 3311 dixerat,
2848 3246 3076 3301 animam
3103 3261 3257 3302 suam
3301 3261 3360 3302 se
3403 3260 3603 3317 ponere

2028 3351 2126 3406 pro
2163 3337 2349 3392 amicis
2397 3338 2531 3393 suis.
2575 3338 2679 3395 Sed
2719 3340 2953 3395 nondum
3003 3339 3105 3394 hoc
3150 3338 3431 3394 acciderat.
3496 3337 3604 3394 Cur

2027 3437 2206 3483 autem
2232 3427 2332 3482 hoc
2355 3445 2495 3485 nunc
2523 3430 2682 3485 fecit?
2711 3430 2840 3499 Quia
2866 3430 2919 3486 id
2942 3431 3097 3502 longe
3125 3430 3419 3487 mirabilius
3448 3442 3562 3486 erat
3583 3471 3599 3497 ,

2027 3520 2238 3589 quando
2269 3528 2372 3575 tant
2401 3522 2722 3593 conspicuus
2750 3521 2887 3592 apud
2921 3536 3107 3578 omnes
3131 3522 3558 3579 esse'videhatur
3585 3563 3601 3587 ,

2027 3625 2127 3667 nec
2151 3626 2362 3680 parvam
2390 3612 2811 3668 consolationem
2831 3612 3186 3668 abscessurus
3210 3612 3448 3684 reliquit.
3473 3613 3603 3679 Quia

2029 3701 2170 3757 enim
2203 3703 2254 3756 in
2284 3714 2514 3759 most-ore
2548 3703 2849 3759 vehementi
2882 3703 3043 3760 futuri
3080 3712 3255 3772 erant,
3290 3719 3470 3774 parem
3505 3705 3606 3760 illis

2029 3794 2448 3850 consolationem
2482 3794 2701 3850 inducit.
2730 3795 2785 3849 Ξ.
2822 3794 2885 3849 Et
2912 3812 3051 3851 coma
3076 3799 3211 3866 facta
3237 3836 3252 3860 ,
3281 3812 3393 3849 cum
3433 3796 3608 3850 diuite-

2032 3882 2110 3937 lus
2147 3885 2260 3953 jam
2301 3885 2512 3940 misisset
2542 3885 2593 3939 in
2619 3901 2705 3938 cor
2735 3926 2749 3953 ,
2781 3894 2837 3939 ut
2866 3887 3082 3939 traderet
3121 3901 3231 3939 eum
3259 3884 3295 3938 Ι
3301 3885 3449 3939 udas.
3495 3885 3608 3941 lloc

2031 3973 2162 4029 dicit
2194 3976 2465 4047 perculsus
2493 3976 2818 4046 evangelista
2843 4017 2859 4041 ,
2893 3990 3116 4031 narrans
3145 3976 3413 4045 quomodo
3443 3977 3609 4047 pedes

2033 4066 2169 4135 ejus,
2198 4066 2284 4136 qui
2318 4068 2489 4137 ipsum
2515 4068 2738 4136 prodere
2759 4067 3081 4131 instituerat,
3107 4066 3315 4121 laverit.
3339 4064 3606 4136 lugentem

2037 4172 2194 4226 porro
2220 4157 2333 4228 ejus
2363 4158 2653 4227 nequitiam
2681 4157 2937 4224 ostendit,
2966 4155 3109 4227 quod
3135 4172 3235 4212 nec
3261 4171 3460 4211 mensa:
3489 4170 3611 4211 con-

2033 4249 2256 4303 sortium
2306 4248 2476 4318 ipsuui
2528 4248 2869 4316 cohibuerit,
2898 4264 3018 4320 qua:
3062 4263 3148 4304 res
3195 4247 3426 4303 maxime
3472 4247 3612 4305 solet

2034 4340 2288 4395 malitiam
2340 4340 2655 4406 continere,
2687 4355 2786 4394 nce
2830 4340 3059 4395 suaserit
3103 4340 3178 4395 illi
3231 4351 3288 4395 ut
3333 4354 3501 4411 usque
3542 4340 3611 4395 ad

2038 4431 2280 4485 ultimum
2311 4431 2454 4485 diem
2502 4445 2622 4484 cum
2667 4430 2917 4501 Magistro
2945 4445 3005 4486 se
3034 4440 3317 4503 superante
3351 4440 3609 4488 maneret.

2035 4524 2085 4577 3.
2121 4522 2299 4577 Sciens
2327 4531 2494 4576 autem
2516 4521 2687 4589 Jesus,
2710 4521 2828 4591 quia
2857 4522 3027 4575 omnia
3066 4521 3277 4575 tradidit
3302 4522 3347 4576 ei
3377 4520 3530 4575 Pater
3558 4522 3611 4576 in

2034 4630 2247 4679 manus,
2281 4623 2327 4668 et
2355 4615 2475 4683 quia
2515 4629 2547 4667 a
2574 4611 2682 4667 Deo
2711 4613 2892 4679 exivit,
2918 4621 2964 4668 et
2991 4613 3059 4666 ad
3105 4612 3268 4666 Deum
3306 4614 3463 4667 vadit.
3514 4612 3612 4668 llic

2036 4703 2194 4758 etiam
2229 4701 2577 4758 mirabundus
2625 4702 2748 4759 dicit
2787 4721 2798 4754 :
2830 4702 2962 4758 Cum
2995 4712 3169 4757 tantus
3203 4714 3257 4758 ct
3286 4702 3404 4757 talis
3432 4709 3608 4767 esset,

2036 4795 2180 4863 quia
2208 4795 2319 4850 Deo
2344 4795 2585 4860 exierat,
2615 4804 2671 4849 et
2712 4794 2778 4848 ad
2831 4794 2998 4848 Deum
3039 4794 3181 4853 ibat,
3229 4793 3317 4862 qui
3365 4792 3614 4846 omnibus

2037 4884 2361 4954 imperabat,
2391 4884 2492 4939 hoc
2518 4894 2692 4940 tamen
2720 4883 2861 4950 fecit,
2895 4899 2993 4939 nec
3015 4882 3329 4953 dedignatus
3366 4891 3448 4939 est
3501 4899 3613 4940 rem

2039 4977 2197 5032 talem
2233 4976 2471 5048 aggredi.
2498 4976 2634 5032 Cum
2679 4976 2961 5033 tradidisse
2989 4978 3085 5042 ait,
3112 4986 3165 5029 ut
3198 4984 3345 5047 poto,
3377 4976 3612 5029 lideluun

2035 5069 2261 5124 salutem
2289 5068 2522 5139 respicit.
2552 5067 2686 5123 Nam
2725 5082 2846 5122 cum
2872 5066 3021 5132 dicit,
3052 5066 3240 5120 Omnia
3279 5066 3404 5119 mihi
3429 5065 3614 5118 tradita

2036 5172 2155 5217 sunt
2181 5179 2213 5215 a
2247 5161 2403 5217 Patre
2427 5177 2538 5216 meo
2585 5159 2796 5232 (Matth.
2844 5159 2932 5212 ll.
2980 5158 3096 5228 27),
3128 5160 3195 5213 de
3242 5156 3345 5213 hoc
3373 5155 3613 5211 tradendi

2036 5268 2232 5324 genere
2262 5254 2514 5324 loquitur,
2545 5262 2602 5308 ut
2641 5259 2695 5308 et
2736 5250 2863 5306 alibi
2894 5250 2969 5304 ait
3001 5267 3013 5303 :
3064 5248 3163 5303 Tui
3189 5257 3333 5304 erant
3359 5290 3374 5315 ,
3400 5260 3448 5305 et
3491 5249 3615 5302 milii

2036 5364 2121 5402 eos
2148 5347 2325 5404 dedisti
2354 5345 2529 5418 (Joan.
2564 5345 2648 5399 l7.
2679 5342 2768 5416 6);
2799 5353 2853 5399 et
2880 5357 3116 5408 rursum,
3149 5340 3315 5400 Nemo
3341 5350 3501 5413 potest
3527 5355 3614 5397 ω-

2038 5439 2145 5492 nirc
2171 5439 2240 5491 ad
2268 5454 2346 5492 me
2368 5478 2383 5499 ,
2413 5437 2511 5490 nisi
2546 5434 2700 5489 Pater
2725 5436 2933 5491 traxerit
2980 5453 3133 5501 eum;
3160 5446 3213 5493 et
3232 5477 3247 5504 ,
3280 5433 3398 5491 Nisi
3438 5435 3614 5487 datum

2036 5531 2101 5585 sit
2130 5529 2174 5583 ei
2202 5531 2264 5585 de
2299 5529 2423 5583 ca'lo
2463 5527 2625 5599 (Ibid.
2656 5526 2709 5583 ϐ.
2742 5529 2831 5593 tu;
2862 5539 2908 5582 et
2934 5529 2988 5586 3.
3021 5527 3134 5599 Ἦ).
3179 5526 3276 5583 Vel
3320 5527 3418 5581 hoc
3443 5525 3573 5580 dicit
3593 5563 3608 5586 ,

2039 5624 2119 5678 vel
2149 5638 2209 5677 se
2230 5622 2358 5676 nihil
2386 5636 2455 5677 es
2488 5621 2591 5677 hoc
2616 5621 2963 5679 minuendum
2992 5635 3133 5688 esse,
3161 5621 3251 5689 qui
3276 5635 3306 5674 a
3334 5618 3442 5675 Deo
3460 5615 3611 5673 stic.-

2037 5716 2146 5780 rit,
2175 5715 2240 5770 ad
2274 5713 2443 5770 Deum
2473 5711 2630 5769 vadat
2663 5722 2719 5767 et
2746 5712 2922 5768 omnia
2966 5712 3258 5769 contineat.
3304 5708 3440 5763 Cum
3481 5718 3608 5760 vero

3205 5810 3281 5869 24
