4140 6204
511 303 620 359 383

528 415 660 469 illud
689 411 897 468 tradere
935 411 1085 468 audis
1106 453 1121 479 ,
1154 411 1286 468 nihil
1315 413 1603 469 humanum
1642 411 1929 484 suspiceris
1955 428 1968 464 :
1996 410 2094 465 ho-

519 520 705 560 norem
732 504 874 559 enim
897 504 1040 558 Patri
1066 501 1335 559 redditum
1362 512 1418 560 et
1437 503 1783 560 concordiam
1812 501 2089 572 signiﬁcat.

513 596 665 652 Sicut
695 596 838 651 enim
869 595 1028 650 Pater
1083 595 1182 665 ipsi
1230 594 1390 651 tradit
1422 638 1437 662 ,
1470 596 1547 650 sic
1589 596 1702 665 ipse
1727 593 1907 658 Patri;
1952 593 2094 663 quod

514 689 754 745 declarat
798 689 994 744 Paulus
1018 688 1234 755 dicens,
1266 687 1393 742 Cum
1438 687 1699 741 tradiderit
1738 703 1948 756 regnum
1988 685 2095 740 Deo

514 792 562 837 et
591 782 736 836 Patri
778 780 851 853 (1.
885 780 1004 835 Cor.
1041 781 1128 836 l5.
1155 778 1270 852 24).
1303 779 1402 835 llic
1428 788 1607 834 autem
1631 777 1928 832 humaniori
1948 791 2097 833 more

514 872 751 939 loquitur
774 912 789 938 ,
823 870 1142 925 ineffabilem
1182 886 1306 941 erga
1348 870 1469 924 illos
1494 868 1753 924 exhibens
1776 868 2052 923 caritatem
2078 909 2093 934 ,

508 975 743 1030 quorum
768 976 952 1015 curam
983 969 1042 1015 ut
1067 974 1284 1014 suorum
1311 959 1564 1030 gerebat,
1596 958 1796 1013 docens
1838 957 1961 1012 illos
1991 957 2094 1013 hu-

516 1054 795 1108 militatem
847 1061 1071 1107 matrem
1123 1053 1423 1118 bonorum,
1480 1066 1639 1122 quam
1687 1059 1743 1106 et
1790 1050 1998 1105 initium
2035 1058 2099 1106 et

456 1150 462 1157 '
511 1146 682 1200 ﬁnem
731 1145 946 1199 virtutis
983 1159 1106 1199 esse
1136 1144 1283 1198 dicit.
1329 1143 1438 1199 Nec
1468 1152 1671 1199 temere
1696 1143 1839 1214 jacet
1874 1142 2021 1210 illud,
2050 1143 2097 1198 Α

519 1235 624 1290 Deo
649 1236 831 1301 exivit,
858 1244 903 1289 et
933 1235 1001 1289 ad
1027 1235 1188 1289 Deum
1217 1236 1391 1299 vadit;
1419 1235 1513 1290 sed
1543 1244 1599 1290 ut
1624 1235 1893 1291 discamus
1920 1234 2094 1305 ipsum

515 1326 673 1396 digna
724 1324 915 1381 fecisse
940 1324 1057 1396 ejus
1084 1325 1177 1395 qui
1208 1325 1352 1380 illinc
1380 1326 1599 1381 exiisset
1622 1333 1678 1380 et
1719 1325 1845 1380 illuc
1873 1324 2056 1379 ivisset
2074 1365 2092 1391 ,

513 1432 837 1488 omnemque
863 1416 1054 1472 fastum
1082 1417 1500 1472 conculcavisse.
1527 1417 1580 1472 4.
1610 1416 1677 1470 Et
1704 1432 1819 1471 eum
1843 1416 2095 1471 surrexis-

516 1518 589 1562 set
616 1526 646 1562 o
672 1525 811 1562 cauta
831 1550 846 1575 ,
879 1507 1055 1577 positis
1082 1507 1315 1563 aestibus.

580 1599 636 1654 2.
684 1598 812 1652 Vide
839 1598 1108 1666 quomodo
1147 1613 1252 1651 non
1288 1597 1512 1652 lavando
1538 1600 1750 1661 solum,
1790 1597 1885 1652 sed
1913 1606 1968 1652 et
1991 1597 2097 1652 alio

513 1704 725 1758 quoque
752 1688 911 1743 modo
943 1688 1296 1742 humilitatem
1325 1687 1592 1743 exhibeat.
1623 1687 1736 1742 Non
1760 1687 1903 1742 enim
1944 1694 2095 1741 aute-

515 1795 673 1849 quam
694 1779 1052 1842 recumberet,
1073 1778 1168 1834 sed
1184 1788 1462 1849 postquam
1488 1794 1675 1834 omnes
1703 1778 2095 1844 recubuissent,

515 1880 642 1924 tunc
682 1870 940 1925 surrexit.
969 1868 1174 1924 Deinde
1203 1885 1307 1923 non
1336 1869 1507 1923 solum
1535 1868 1675 1922 lavat
1704 1909 1719 1936 ,
1766 1868 1861 1921 sed
1911 1867 2095 1936 positis

513 1960 771 2015 vestibus.
799 1958 982 2028 Neque
1028 1957 1109 2013 his
1146 1967 1426 2014 contentus
1449 2001 1464 2026 ,
1507 1959 1674 2014 linteo
1712 1973 1769 2012 se
1798 1958 2093 2027 praecinxit.

514 2050 695 2121 Neque
721 2050 776 2106 id
816 2051 947 2105 satis
972 2049 1187 2117 habuit,
1221 2049 1312 2105 sed
1341 2051 1453 2119 ipse
1481 2050 1675 2119 pelvim
1709 2049 1967 2119 implevit,
1997 2064 2092 2103 ne-

516 2156 614 2211 que
655 2141 805 2195 alteri
852 2140 1171 2209 implendam
1204 2141 1459 2205 tradidit,
1491 2141 1585 2196 sed
1613 2141 1728 2196 hzec
1780 2140 1960 2195 omnia
1981 2139 2095 2209 ipse

514 2229 638 2283 facit
669 2246 682 2282 :
722 2228 805 2283 his
843 2230 1090 2284 omnibus
1119 2231 1406 2286 ostendens
1444 2230 1559 2286 haec
1598 2246 1702 2286 non
1737 2230 2097 2301 perfunctorie

515 2319 671 2375 nobis
698 2334 819 2376 esse
861 2320 1098 2375 iacienda
1129 2363 1143 2386 ,
1178 2337 1298 2376 cum
1335 2331 1479 2378 recte
1521 2322 1739 2379 facimus
1769 2364 1783 2387 ,
1837 2322 1929 2377 sed
1975 2337 2106 2377 cum

512 2410 660 2465 omni
688 2410 958 2482 diligentia
988 2420 1042 2467 et
1069 2412 1363 2471 alacritate.
1401 2413 1624 2470 Videtur
1669 2430 1829 2485 porro
1872 2414 2000 2469 mihi
2030 2415 2096 2470 il-

512 2502 623 2559 lum
655 2504 946 2575 proditoris
974 2505 1203 2575 primum
1229 2506 1422 2561 lavisse
1448 2506 1639 2576 pedes,
1676 2507 1816 2579 quod
1846 2508 2043 2563 dixerit
2082 2548 2097 2574 ,

513 2594 565 2649 5.
599 2593 759 2664 Ctepit
799 2595 970 2649 lavare
995 2597 1145 2665 pedes
1175 2596 1541 2664 discipulorum
1567 2614 1585 2651 :
1613 2606 1667 2654 et
1704 2598 1969 2654 addiderit
1995 2642 2009 2665 ,
2041 2598 2095 2654 6.

521 2683 668 2738 Venit
699 2684 767 2738 ad
790 2684 1051 2742 Simonem
1075 2686 1304 2752 Petrum,
1338 2689 1422 2759 qui
1453 2688 1572 2741 dicit
1592 2690 1637 2741 ei
1659 2706 1678 2743 :
1702 2688 1783 2744 Tu
1815 2690 1938 2744 mihi
1961 2691 2096 2745 lavas

515 2775 712 2844 pedes?
736 2774 831 2831 llis
870 2778 1136 2843 manibus,
1169 2777 1357 2847 inquit,
1393 2778 1585 2847 quibus
1608 2778 1791 2835 oculos
1816 2781 2094 2850 aperuisti,

516 2868 761 2935 leprosos
790 2866 1057 2923 mundasti
1081 2909 1097 2935 ,
1128 2878 1365 2925 mortuos
1409 2869 1722 2925 suscitasti?
1754 2869 1876 2927 llaec
1902 2871 2098 2942 quippe

512 2970 759 3025 magnam
787 2955 987 3011 habent
1026 2957 1321 3027 emphasim
1349 2975 1361 3012 :
1390 2972 1556 3027 quare
1584 2972 1688 3012 non
1709 2957 1813 3013 alio
1837 2973 1972 3030 opus
2002 2959 2099 3015 ha-

512 3044 668 3111 buit,
696 3060 855 3115 quam
883 3045 971 3101 illa
1001 3060 1152 3114 voce,
1186 3046 1265 3101 Tu
1286 3089 1299 3115 ,
1331 3062 1451 3118 quae
1479 3062 1575 3118 per
1601 3062 1659 3103 se
1687 3056 1854 3104 totum
1890 3049 2096 3120 signifi-

511 3144 617 3192 cat.
667 3136 799 3194 lure
840 3148 1016 3193 autem
1066 3153 1316 3208 quaeras:
1359 3138 1468 3195 Cur
1515 3139 1694 3196 nullus
1740 3140 1878 3197 alius
1923 3142 2096 3212 ipsum

502 3227 767 3293 cohibuit,
791 3228 903 3283 nisi
944 3227 1135 3284 Petrus
1158 3270 1174 3295 ,
1206 3228 1346 3300 quod
1391 3244 1497 3285 non
1528 3230 1675 3300 parvi
1700 3234 1897 3287 amoris
1938 3246 2096 3287 reve-

512 3322 807 3392 rentiaeque
831 3320 1043 3392 signum
1069 3319 1213 3376 fuit?
1243 3321 1356 3389 Qua
1386 3336 1515 3393 ergo
1543 3321 1609 3377 de
1637 3336 1797 3378 causa
1824 3323 1849 3377 τ
1876 3322 2096 3379 Videtur

505 3410 648 3467 mihi
696 3411 870 3482 primo
920 3410 1211 3481 proditoris
1262 3411 1430 3482 pedes
1476 3413 1746 3480 abluisse;
1793 3413 1988 3470 deinde
2026 3414 2091 3470 ad

514 3502 733 3559 Petrum
750 3476 973 3559 16711556
995 3544 1010 3568 ,
1039 3504 1279 3574 aliosque
1299 3504 1553 3575 deinceps
1582 3505 1880 3562 admonitos
1906 3506 2092 3566 fuisse.

513 3593 666 3661 Quod
697 3594 840 3651 enim
869 3593 1032 3649 alium
1075 3594 1377 3665 quempiam
1427 3606 1549 3652 ante
1581 3597 1726 3651 illum
1748 3597 1938 3654 laverit
1960 3639 1975 3662 ,
2001 3613 2095 3671 pa-

514 3684 619 3738 lam
648 3690 731 3740 est
756 3698 823 3740 ex
852 3683 937 3739 his
980 3683 1159 3739 verbis
1184 3725 1200 3751 ,
1230 3686 1359 3739 Cum
1386 3696 1563 3740 autem
1592 3688 1735 3741 venit
1761 3686 1827 3743 ad
1853 3688 2090 3744 Petrum.

514 3773 621 3829 Sed
651 3788 759 3830 non
802 3782 886 3830 est
922 3773 1211 3830 vehemens
1255 3784 1537 3831 accusator
1565 3777 1908 3848 evangelista.
1959 3777 2092 3835 illud

511 3865 689 3933 enim,
741 3863 901 3935 Capit
928 3906 943 3933 ,
988 3864 1091 3920 hoc
1127 3864 1445 3921 subindicat.
1492 3866 1709 3921 Etiamsi
1743 3881 1873 3924 vero
1903 3867 2091 3924 Petrus

516 3959 720 4025 primus
747 3965 889 4012 esset
911 3996 925 4020 ,
968 3955 1257 4012 verisimile
1286 3967 1368 4012 est
1400 3958 1745 4028 proditorem,
1771 3969 1955 4029 utpote
1992 3974 2089 4030 pe-

507 4047 793 4110 tulantem,
816 4056 941 4103 ante
964 4047 1307 4119 coryphaeum
1335 4049 1666 4105 accubuisse.
1697 4050 1924 4105 Aliunde
1945 4065 2093 4105 nam-

504 4155 615 4210 que
650 4140 767 4207 ejus
806 4140 1095 4210 petulantia
1132 4139 1544 4210 dignosccbatur
1566 4182 1582 4207 ,
1630 4140 1843 4211 quando
1879 4142 2091 4196 intinxit

508 4248 632 4287 cum
672 4231 939 4303 Magistro,
972 4240 1022 4287 et
1053 4234 1265 4303 quando
1294 4232 1647 4302 reprehensus
1688 4247 1792 4288 nou
1832 4247 2089 4302 compun~

509 4331 629 4377 ctus
662 4331 763 4378 est.
809 4322 1002 4378 Petrus
1030 4332 1203 4377 autem
1242 4322 1349 4393 jam
1377 4323 1541 4379 semel
1573 4335 1724 4378 antea
1753 4324 2052 4393 incr‘epatus
2076 4366 2091 4389 ,

510 4413 605 4480 qui
640 4411 728 4466 illa
759 4426 824 4467 ex
850 4410 1048 4467 amoris
1079 4412 1411 4467 vehementia
1442 4411 1685 4480 dixerat,
1719 4413 1789 4467 ita
1815 4427 2091 4483 repressus

518 4511 621 4567 est,
654 4510 710 4555 ut
734 4501 923 4556 anxius
961 4511 1014 4556 et
1040 4510 1271 4557 tremens
1314 4502 1483 4557 altero
1517 4518 1650 4572 opus
1678 4493 1897 4558 haberet
1918 4503 1984 4557 ad
2013 4504 2092 4557 in-

503 4589 889 4661 terrogandum
914 4607 929 4657 ;
952 4589 1049 4645 'hie
1089 4605 1213 4646 vero
1248 4606 1390 4660 stupe
1429 4593 1787 4660 reprehensus
1817 4608 1883 4646 ne
1926 4593 2095 4646 sensit

509 4681 746 4750 quidem.
775 4680 908 4736 Cum
937 4695 1065 4752 ergo
1104 4682 1339 4736 venisset
1380 4681 1445 4736 ad
1477 4682 1692 4737 Petrum
1716 4722 1731 4749 ,
1764 4682 1962 4735 Dicitei
1992 4678 2091 4735 Pe-

510 4781 659 4824 trus:
692 4770 907 4825 Domine
930 4810 945 4835 ,
980 4780 1031 4824 tu
1061 4772 1183 4825 mihi
1210 4772 1351 4826 lavas
1394 4772 1541 4842 pedes
1566 4771 1591 4825 Ρ
1622 4772 1675 4825 7.
1708 4773 1985 4844 Respondit
2012 4771 2093 4826 ei:

512 4859 668 4925 Quod
692 4875 781 4930 ego
810 4861 944 4931 facio
974 4870 1026 4915 tu
1056 4862 1215 4916 nescis
1238 4862 1386 4915 modo
1407 4902 1421 4927 ,
1446 4860 1568 4915 scies
1598 4871 1762 4915 autem
1794 4870 1965 4931 postea
1989 4876 2007 4915 .'
2039 4860 2090 4915 id

509 4961 616 5017 est,
641 4960 896 5021 quantum
940 4951 1069 5007 hinc
1094 4953 1227 5008 lucri
1252 4994 1267 5020 ,
1298 4961 1546 5021 quantam
1594 4951 1850 5005 doctrince
1890 4951 2089 5004 utilita—

513 5053 643 5106 tem,
675 5052 730 5098 et
752 5054 1004 5113 quantam
1030 5043 1133 5099 hoc
1158 5043 1225 5099 ad
1254 5043 1601 5097 humilitatem
1624 5055 1723 5095 nos
1748 5041 1943 5097 ducere
1965 5057 2092 5112 pos-

511 5135 601 5189 sit.
646 5134 784 5201 Quid
823 5147 953 5205 ergo
980 5135 1171 5193 Petrus
1196 5135 1220 5188 ?
1245 5132 1432 5189 Adhuc
1481 5132 1698 5187 cohibet
1734 5140 1788 5186 et
1830 5131 1998 5187 dicit:
2034 5134 2088 5189 8.

513 5221 634 5277 Non
655 5225 846 5279 Iavabis
876 5226 998 5280 milii
1016 5226 1166 5303 pedes
1186 5226 1239 5279 in
1268 5233 1526 5278 cetermun.
1548 5222 1684 5289 Quid
1711 5222 1860 5289 lacis,
1892 5222 2093 5279 Petrei

504 5329 617 5368 non
654 5314 954 5371 recordaris
994 5330 1179 5371 eorum
1224 5330 1343 5384 quae
1373 5315 1518 5383 prius
1544 5314 1681 5367 dicta
1707 5313 1875 5366 sunt?
1901 5314 2089 5367 Annon

512 5419 635 5459 eum
660 5403 864 5471 dixisti,
900 5403 1161 5474 PrOpitius
1188 5413 1294 5457 esto
1315 5402 1424 5465 tibi,
1458 5400 1674 5467 audisti,
1706 5400 1842 5454 Vade
1863 5409 1972 5469 post
1991 5418 2089 5468 me,

502 5506 691 5548 satana
710 5495 736 5549 7
787 5509 959 5564 neque
1003 5492 1274 5561 resipiscis
1296 5534 1312 5559 ,
1356 5492 1448 5546 sed
1480 5492 1653 5545 adhuc
1680 5489 1965 5544 vehemens
1990 5490 2093 5544 es?

518 5585 715 5653 Etiam,
748 5586 956 5655 inquit:
981 5596 1066 5639 res
1086 5583 1225 5637 enim
1252 5598 1439 5652 magna
1470 5592 1520 5638 et
1551 5591 1773 5650 stupore
1800 5579 1953 5649 plena
1980 5581 2091 5649 agi-

506 5686 619 5733 tur.
648 5678 783 5746 Quia
811 5676 969 5749 igitur
989 5674 1039 5729 id
1069 5689 1133 5729 ex
1160 5674 1208 5729 vi
1237 5675 1434 5728 amoris
1454 5671 1702 5740 faciebat,
1729 5669 1851 5724 hinc
1876 5683 2087 5741 quoque

1288 299 1352 357 S.
1395 262 1674 357 JOA'NNlS
1710 291 2177 353 CHRYSOSTOMI
2220 295 2533 355 ARCIIIEP.
2572 300 3107 360 CONSTANTINOP.

3684 316 3786 370 581

2204 412 2411 483 capitur
2442 429 2470 467 a
2514 414 2746 472 Christo.
2780 416 2849 472 Ut
2893 433 3024 487 ergo
3059 427 3183 474 tunc
3223 418 3570 479 vehementer
3611 429 3783 485 incre-

2203 504 2384 573 pavit,
2417 505 2655 574 dixitque
2676 548 2690 571 ,
2725 507 3042 561 Seamlalum
3066 526 3118 562 es
3151 511 3273 563 mihi
3296 511 3511 583 (Matth.
3541 517 3605 570 16
3656 519 3784 580 Ξῦὶε

2202 594 2279 649 sic
2304 605 2355 648 et
2382 594 2482 649 hoc
2511 596 2627 650 loco
2653 597 2779 652 dicit
2800 640 2812 660 ,
2857 597 2975 652 Nisi
3002 601 3170 652 lavero
3200 610 3249 654 te
3274 643 3287 665 ,
3312 619 3412 657 non
3446 606 3649 662 habebis
3670 627 3786 679 par-

2204 695 2301 738 tem
2330 702 2541 739 mecum.
2573 687 2706 755 Quid
2737 704 2864 758 ergo
2895 688 3106 745 fervens
3140 691 3228 747 ille
3257 694 3559 764 ardensque
3586 700 3707 754 vir?
3730 703 3784 756 9.

2207 775 2436 842 Domine,
2455 794 2555 831 non
2584 788 2779 831 tantum
2803 781 2955 849 pedes
2976 797 3132 847 meos,
3156 784 3245 836 sed
3270 793 3315 838 et
3341 802 3524 841 "ianus
3544 799 3592 843 et
3614 804 3783 861 caput.

2202 866 2520 920 Reensando
2550 867 2857 934 vehemens,
2888 873 3243 929 concedendo
3271 875 3645 936 vehementior
3666 883 3786 938 effi-

2201 956 2360 1013 citur.
2402 957 2695 1028 Utrumque
2722 970 2899 1014 autem
2943 978 3007 1017 ex
3044 979 3229 1021 amore
3255 966 3523 1036 prodibat.
3554 972 3661 1028 Sed
3688 991 3786 1030 cur

2202 1060 2308 1101 non
2335 1046 2470 1101 dixit
2495 1047 2648 1103 Jesus
2669 1090 2685 1115 ,
2715 1066 2816 1120 qua
2839 1050 2905 1106 de
2936 1067 3097 1108 causa
3122 1055 3173 1109 id
3210 1054 3411 1113 faceret
3439 1102 3456 1128 ,
3489 1063 3586 1117 sed
3613 1067 3783 1122 minas

2201 1137 2405 1194 addidit
2431 1138 2454 1192 'l
2478 1138 2611 1207 Quia
2648 1140 2738 1195 ille
2786 1157 2891 1195 non
2916 1142 3022 1197 alio
3063 1145 3226 1200 modo
3254 1163 3458 1205 morem
3506 1154 3779 1222 gessisset.

2201 1229 2332 1283 Nam
2361 1229 2407 1284 si
2453 1229 2696 1287 Christus
2721 1232 2979 1298 dixisset,
3008 1234 3176 1302 Sine;
3209 1237 3310 1294 hoc
3332 1241 3473 1295 enim
3498 1244 3660 1299 modo
3687 1261 3782 1302 vos

2200 1317 2405 1373 docebo
2444 1318 2831 1375 humilitatem:
2862 1324 3052 1379 millies
3095 1340 3154 1381 se
3193 1328 3446 1385 humilem
3496 1332 3615 1389 fore
3657 1353 3778 1404 pro-

2202 1412 2452 1478 misisset,
2487 1429 2551 1468 ne
2582 1415 2838 1469 Dominus
2870 1416 2968 1471 hoc
2994 1418 3212 1475 laceret.
3247 1422 3316 1476 At
3344 1439 3484 1480 nunc
3507 1426 3632 1496 quid
3654 1428 3779 1485 dicit

2198 1501 2447 1558 Christus
2471 1504 2496 1558 ?
2523 1504 2673 1572 Quod
2703 1505 2893 1560 Petrus
2916 1509 3145 1563 maxime
3178 1512 3433 1581 timebat,
3465 1531 3534 1571 ne
3561 1531 3777 1587 separa.

2201 1604 2348 1647 retur
2380 1608 2407 1646 a
2436 1594 2679 1649 Domino.
2723 1594 2814 1649 ille
2851 1599 2992 1652 enim
3023 1608 3138 1654 erat
3164 1603 3253 1670 qui
3282 1601 3587 1674 frequenter
3615 1649 3631 1675 ,
3659 1625 3763 1677 quo

2203 1684 2321 1747 iret,
2351 1684 2734 1755 interrogabat.
2765 1687 2890 1743 Ideo
2915 1689 3154 1757 dicebat,
3184 1692 3418 1748 Animam
3443 1714 3602 1751 meam
3640 1702 3766 1754 dabo

2199 1792 2290 1845 pro
2314 1784 2377 1830 te.
2408 1774 2543 1830 Nam
2572 1776 2616 1830 si
2655 1792 2774 1831 cum
2812 1781 3039 1847 audivit,
3071 1782 3221 1849 Quod
3244 1801 3333 1855 ego
3354 1787 3487 1858 facio
3526 1798 3579 1842 tu
3620 1792 3774 1845 neseis

2202 1866 2373 1932 modo,
2402 1865 2526 1920 scies
2550 1878 2717 1921 autem
2743 1882 2934 1939 postea,
2967 1888 3034 1925 ne
3054 1874 3131 1928 sic
3155 1875 3363 1943 quidem
3386 1878 3609 1945 abstitit,
3642 1882 3777 1935 ntul-

2202 1966 2257 2012 to
2283 1959 2457 2013 minus
2491 1960 2533 2013 si
2564 1960 2825 2015 scivisset.
2852 1961 2974 2017 ldeo
3001 1963 3170 2029 dixit,
3204 1966 3347 2021 Scies
3373 1978 3535 2020 autem
3558 1979 3732 2036 postea
3754 2013 3770 2036 ,

2198 2062 2396 2118 gnarus
2422 2063 2565 2116 eum,
2589 2051 2632 2105 si
2654 2052 2918 2119 scivisset,
2947 2055 3119 2109 adhuc
3145 2068 3551 2126 repugnaturum
3585 2060 3770 2114 fuisse.

2200 2138 2382 2208 Neque
2402 2138 2536 2194 dixit
2568 2140 2759 2197 Petrus
2780 2184 2795 2209 ,
2832 2143 2972 2199 Doce
3002 2160 3138 2200 nunc
3172 2161 3255 2201 me
3281 2187 3297 2212 ,
3336 2157 3391 2201 ut
3424 2150 3592 2203 sinam
3625 2167 3639 2215 ;
3673 2151 3770 2206 sed

2200 2228 2340 2297 quod
2370 2230 2527 2300 longe
2555 2230 2923 2289 vehementius
2952 2245 3086 2301 erat,
3112 2252 3179 2292 ne
3200 2238 3338 2293 scire
3367 2240 3576 2308 quidem
3606 2243 3777 2296 susti-

2202 2318 2353 2385 nuit,
2384 2319 2480 2374 sed
2512 2320 2669 2375 instat
2702 2338 2886 2378 rursus
2914 2342 2926 2378 :
2961 2323 3081 2379 Non
3104 2328 3291 2383 lavabis
3322 2330 3442 2382 mihi
3470 2331 3636 2398 pedes.
3673 2332 3783 2387 Ubi

2201 2417 2378 2463 autem
2420 2411 2775 2468 comminatus
2818 2423 2939 2481 est,
2987 2416 3164 2470 statim
3210 2419 3388 2473 cessit.
3420 2419 3555 2486 Quid
3602 2432 3786 2476 autent

2202 2499 2484 2568 significat,
2532 2500 2674 2557 Scies
2703 2513 2874 2572 postea
2897 2505 2921 2557 ?
2945 2506 3284 2575 quandonam
3307 2508 3329 2561 ?
3356 2509 3578 2576 Quando
3605 2511 3654 2563 in
3678 2526 3789 2565 no-

2202 2592 2344 2648 mine
2375 2607 2493 2648 meo
2519 2592 2778 2648 daemonia
2805 2596 3007 2664 ejicies,
3034 2612 3154 2650 cum
3183 2613 3268 2651 me
3291 2598 3486 2653 videris
3513 2599 3563 2653 in
3587 2600 3782 2657 caelum

2200 2682 2417 2749 assumi,
2445 2697 2564 2737 cum
2592 2698 2621 2737 a
2646 2682 2842 2755 Spiritu
2870 2686 3116 2741 didiceris
3158 2702 3243 2743 me
3268 2703 3297 2741 a
3322 2688 3523 2744 dextris
3550 2691 3773 2757 sedere,

2203 2780 2327 2827 tunc
2371 2787 2663 2843 cognosces
2706 2775 2831 2844 quid
2880 2790 3019 2830 nunc
3082 2778 3278 2831 factum
3333 2777 3423 2832 sit.
3467 2778 3605 2846 Quid
3644 2796 3775 2851 ergo

2199 2861 2443 2919 Christus
2468 2863 2491 2917 ?
2519 2863 2651 2931 Quia
2678 2864 2867 2920 Petrus
2910 2864 3115 2920 dixerat
3139 2906 3155 2931 ,
3195 2865 3318 2920 Non
3355 2875 3551 2921 tantum
3578 2870 3729 2940 pedes
3756 2910 3773 2935 ,

2200 2954 2289 3007 sed
2313 2963 2359 3010 et
2389 2971 2567 3009 manus
2590 2965 2635 3010 et
2660 2969 2810 3028 caput
2835 2998 2850 3023 ,
2893 2956 2978 3013 10.
3011 2956 3109 3025 Qui
3135 2959 3268 3012 lotus
3292 2968 3365 3013 est
3390 2999 3405 3024 ,
3447 2960 3637 3030 inquit,
3677 2977 3775 3016 non

2199 3044 2425 3117 indiget,
2454 3046 2549 3101 nisi
2593 3057 2647 3100 ut
2678 3048 2828 3118 pedes
2857 3048 2986 3103 lavet
3010 3090 3025 3117 ,
3055 3050 3143 3103 sed
3167 3059 3240 3103 est
3278 3051 3497 3105 mundus
3527 3061 3680 3107 totus.
3716 3051 3777 3105 Et

2200 3157 2285 3195 vos
2322 3143 2499 3195 mundi
2552 3143 2667 3197 estis
2694 3143 2733 3209 ί,
2770 3143 2858 3197 sed
2900 3159 3001 3197 non
3054 3159 3241 3198 omnes.
3292 3144 3379 3199 11.
3411 3142 3608 3199 Sciebat
3646 3146 3777 3200 enim

2199 3232 2311 3301 quis
2350 3232 2628 3286 traditurus
2655 3242 2776 3287 esset
2816 3248 2948 3287 eum.
2989 3233 3044 3289 Si
3081 3234 3261 3289 mundi
3296 3243 3423 3297 sunt
3448 3277 3462 3299 ,
3506 3251 3601 3291 cur
3631 3237 3778 3293 lamis

2201 3320 2363 3391 pedes
2393 3335 2576 3377 eorum
2593 3320 2615 3374 i
2635 3320 3483 3380 Utnosmodestiamdiscamus'.
3499 3323 3623 3381 Ideo
3638 3326 3777 3397 quod

2200 3414 2513 3469 vilissimum
2553 3414 2914 3468 membrorum
2968 3414 3177 3470 videtur
3196 3428 3355 3483 esse,
3404 3415 3573 3471 solum
3630 3417 3779 3471 lavit.

2200 3505 2336 3573 Quid
2358 3505 2620 3576 significat
2649 3504 2803 3569 illud,
2835 3506 2935 3572 Qui
2968 3506 3102 3562 lotus
3123 3506 3243 3561 est.’
3268 3505 3324 3562 ld
3350 3515 3464 3572 est,
3495 3508 3583 3578 qui
3613 3523 3782 3578 purus

2200 3604 2301 3652 est.
2327 3594 2462 3650 Num
2487 3595 2559 3649 illi
2589 3594 2703 3665 puri
2731 3605 2908 3660 erant,
2936 3596 3025 3665 qui
3049 3595 3281 3650 nondum
3307 3611 3335 3649 a
3368 3598 3597 3668 peccatis
3629 3599 3782 3655 liberi

2199 3693 2382 3749 erant,
2412 3699 2509 3739 nec
2533 3684 2732 3754 Spiritu
2757 3683 2991 3754 dignati,
3021 3698 3142 3738 cum
3180 3684 3354 3741 adhuc
3380 3697 3661 3756 peccatum
3684 3690 3787 3743 du-

2199 3775 2495 3829 miuaretur
2520 3815 2535 3841 ,
2568 3782 2622 3829 et
2647 3773 3037 3841 maledictionis
3065 3774 3475 3844 chirographum
3498 3791 3782 3848 maneret,

2200 3863 2424 3918 necdum
2452 3862 2664 3919 victima
2709 3872 2856 3920 esset
2897 3862 3114 3919 oblata?
3138 3862 3416 3931 Quomodo
3454 3865 3614 3936 igitur
3660 3869 3787 3926 illos

2198 3968 2319 4009 esse
2344 3968 2506 4024 puros
2536 3953 2711 4009 dicit?
2738 3954 2933 4010 Verum
2974 3967 3043 4009 ne
3088 3963 3240 4024 putes
3261 3994 3276 4021 ,
3316 3952 3437 4025 quia
3464 3968 3633 4026 puros
3663 3958 3788 4016 illos

2198 4044 2358 4112 dicit,
2385 4059 2507 4101 esse
2534 4058 2753 4115 prorsus
2779 4058 2809 4098 a
2835 4044 3066 4114 peccatis
3112 4044 3306 4099 liberos
3326 4086 3343 4113 ,
3387 4043 3589 4101 addidit
3615 4064 3634 4102 :
3660 4046 3789 4105 1am

2197 4152 2283 4191 vos
2308 4137 2482 4192 mundi
2526 4136 2642 4191 estis
2661 4177 2678 4205 ,
2720 4145 2927 4207 propter
2953 4151 3228 4190 sermonem
3251 4151 3395 4206 quem
3416 4137 3658 4206 loquutus
3673 4155 3790 4195 sum

2197 4228 2332 4283 vobis
2353 4244 2373 4294 ;
2396 4226 2497 4282 hoc
2516 4236 2599 4282 est
2622 4268 2636 4291 ,
2661 4226 2771 4282 Hac
2796 4234 2998 4280 tantum
3033 4226 3239 4281 ratione
3264 4225 3447 4281 mundi
3478 4226 3636 4281 estis.
3668 4228 3791 4285 Jam

2198 4319 2370 4375 lucem
2408 4318 2685 4389 accepistis
2713 4360 2729 4385 ,
2780 4317 2892 4388 jam
2921 4333 2948 4371 a
2978 4317 3199 4373 Jttdaico
3226 4332 3409 4373 errore
3441 4317 3594 4373 liberi
3632 4322 3789 4377 estis.

2176 4409 2328 4465 ‘Nam
2360 4410 2615 4481 propheta
2644 4411 2771 4466 dicit
2795 4429 2809 4466 :
2841 4409 3125 4477 Laoamini,
3153 4410 3329 4465 mundi
3368 4418 3545 4475 estote,
3573 4411 3792 4483 abjicite

2199 4502 2446 4556 malitiam
2481 4501 2542 4555 ab
2580 4502 2843 4556 animabus
2865 4501 3043 4556 vestris
3067 4499 3222 4571 (Isai.
3251 4500 3307 4555 1.
3332 4497 3442 4572 16).
3470 4498 3666 4569 Itaque
3702 4504 3796 4573 qui

2201 4592 2319 4646 talis
2342 4600 2443 4656 est,
2470 4592 2608 4646 lotus
2628 4599 2743 4657 est,
2770 4599 2824 4645 et
2847 4605 3033 4660 purus.
3062 4590 3195 4657 Quia
3226 4604 3357 4661 ergo
3378 4604 3591 4645 omnem
3635 4588 3801 4648 mali-

2201 4683 2325 4735 tiam
2372 4682 2441 4735 ab
2479 4682 2654 4735 anima
2701 4690 3057 4750 respuerant,
3085 4691 3140 4736 et
3162 4696 3294 4750 pura
3322 4690 3502 4736 mente
3530 4696 3664 4738 cum
3706 4685 3800 4740 illo

2199 4771 2579 4825 versabantur:
2611 4769 2730 4823 ideo
2754 4771 3049 4824 secundum
3075 4769 3441 4839 pr0pheticum
3473 4784 3792 4829 sermonem

2199 4861 2345 4926 dicit,
2372 4858 2471 4926 Qui
2501 4859 2642 4915 lotus
2686 4868 2795 4923 est,
2827 4859 2937 4928 jam
2980 4857 3207 4913 mundus
3227 4867 3330 4912 est.
3355 4858 3473 4913 Non
3500 4858 3791 4922 lavacrum

2199 4947 2326 5002 illud
2352 4964 2446 5017 per
2491 4962 2683 5017 aquam
2712 4956 2766 5003 et
2786 4946 3067 5003 Judaieum
3095 4946 3225 5002 dicit
3251 4988 3264 5013 ,
3313 4947 3408 5003 sed
3437 4952 3794 5012 conscientiae

2200 5040 2587 5109 purgationem.

2269 5133 2322 5187 3.
2364 5131 2641 5185 Viduarum
2688 5142 2732 5186 et
2760 5132 3069 5203 pupillorum
3100 5131 3326 5185 habenda
3350 5147 3477 5185 cura
3498 5141 3590 5189 est.
3610 5163 3684 5174 -
3707 5136 3765 5190 Si

2200 5238 2318 5277 mus
2346 5236 2475 5292 ergo
2503 5232 2556 5276 et
2583 5237 2679 5277 nos
2706 5222 2886 5276 mundi
2911 5240 2926 5289 ;
2957 5222 3226 5277 discamus
3250 5222 3387 5276 bene
3418 5220 3615 5276 facere.
3647 5225 3791 5292 Quid

2197 5324 2282 5368 est
2329 5315 2465 5369 bene
2494 5313 2711 5370 facere?
2737 5313 2975 5367 Judieate
3001 5313 3217 5383 pupillo,
3244 5311 3495 5381 defendite
3531 5312 3743 5366 viduam
3772 5332 3793 5370 :

2197 5417 2244 5459 ct
2265 5407 2445 5473 venite,
2475 5406 2825 5475 disceptentus,
2849 5405 2973 5458 dicit
3002 5402 3256 5458 Dominus
3281 5401 3441 5474 (Ibid.
3473 5402 3522 5456 l.
3548 5400 3636 5455 17.
3668 5402 3787 5473 18).

2260 5559 2279 5589 ι
2302 5558 2535 5620 Posthaec
2556 5558 2746 5620 quidam
2769 5564 2875 5607 Mss.
2898 5556 2993 5607 alia
3017 5557 3213 5615 addunt,
3238 5566 3348 5619 quae
3370 5551 3613 5604 habentur
3638 5552 3791 5617 intra,

2200 5625 2252 5666 et
2266 5617 2484 5666 consulto
2508 5617 2589 5667 hic
2607 5620 2911 5667 omittuntur.

2263 5680 2284 5711 ²
2318 5678 2448 5727 Alias
2481 5679 2679 5740 legitur,
2702 5687 2751 5727 ut
2775 5694 2957 5731 οων...
2984 5674 3201 5728 dissatis.
