4102 6224
409 321 517 378 383

411 431 545 500 τέρα
567 431 674 486 τῶν
698 434 917 503 ἀγαθῶν
943 437 1039 507 τὴν
1062 437 1583 508 ταπεινοφροσύνην,
1606 437 1674 506 ἢν
1699 437 1793 489 zeal
1814 435 1988 506 ἀρχὴν

413 513 508 566 zeal
534 515 683 579 τέλος
733 516 935 586 ἔφησεν
967 516 1107 573 εἶναι
1138 523 1238 592 τῆς
1266 520 1485 590 ἀρετῆς.
1540 520 1654 589 Οὐχ
1697 516 1883 580 ἁπλῶς
1931 516 1988 568 δὲ

413 597 733 665 πρόσκειται
763 611 789 640 ι
827 600 906 663 τὸ,
949 601 1084 659 Ἀπὸ
1120 603 1268 656 Θεοῦ
1306 600 1526 669 ἐξῆλθε
1559 601 1657 654 zeal
1697 599 1847 667 πρὸς
1876 598 1984 651 τὸν

414 680 563 733 Θεὸν
586 681 829 752 ὑπάγει·
850 684 964 738 ἀλλ’
996 686 1082 739 ἴνα
1117 686 1378 756 μάθωμεν
1409 687 1491 738 ὅτι
1521 684 1647 750 ἀξια
1690 682 1862 736 ἐποίει
1890 678 1985 734 τοῦ

412 761 620 817 ἐκεῖθεν
645 763 889 830 ἐλθόντος
914 770 1008 820 zeal
1040 769 1157 821 ἐκεῖ
1185 769 1460 834 ἀπιόντος,
1491 767 1705 820 ἅπαντα
1733 781 1984 819 καταπα-

411 843 520 896 τῶν
539 846 726 916 τῦφον.
755 849 864 902 Kal
880 849 1148 918 ἀναστὰς
1167 852 1286 907 ἀπὸ
1312 851 1418 906 τοῦ
1441 849 1712 914 δείπνου,
1743 849 1840 901 καὶ
1865 845 1989 913 θεὶς

413 925 485 978 τά
504 927 721 996 ἱμάτια.

485 1007 553 1077 β’.
579 1009 719 1081 Ὅρα
747 1012 863 1076 πῶς
895 1015 955 1067 ού
977 1015 1056 1085 τῷ
1088 1014 1240 1084 νίψαι
1272 1014 1453 1086 μόνον,
1499 1014 1634 1068 ἀλλὰ
1661 1014 1754 1068 zeal
1788 1011 1990 1084 ἑτέρως

373 1101 376 1104 ’
414 1089 478 1144 τὺ
502 1094 757 1148 ταπεινὸν
787 1096 1142 1152 ἐνδείκνυται.
1170 1098 1246 1152 Οὐ
1285 1097 1393 1172 γὰρ
1428 1097 1558 1169 πρὶν
1589 1097 1623 1168 ἦ
1661 1093 1992 1164 κατακλιθῆ-

417 1191 526 1237 ναι,
559 1175 694 1230 ἀλλά
733 1179 874 1247 μετά
900 1180 960 1233 τὸ
1008 1182 1302 1235 ἀναπεσεῖν
1355 1182 1584 1246 πάντας,
1618 1180 1738 1234 τότε
1767 1178 1987 1249 ἀνέστη.

421 1257 650 1311 Ἔπειτα
679 1260 797 1314 οὐδὲ
829 1261 1014 1326 ἁπλῶς
1044 1265 1242 1326 νίπτει,
1274 1262 1412 1318 ἀλλά
1439 1263 1508 1317 τά
1533 1262 1724 1333 ἱμάτια
1749 1259 1994 1314 ἀποτιθέ-

420 1355 601 1405 μενος.
625 1342 733 1395 Καὶ
759 1343 880 1396 ούδέ
918 1345 1301 1416 μέχριτούτων
1335 1346 1486 1416 έστη,
1508 1345 1643 1398 ἀλλὰ
1664 1345 1759 1398 zeal
1787 1343 1992 1396 λέντιον

415 1419 730 1484 διεζώσατο.
767 1427 875 1479 Kal
899 1428 1019 1480 οὐδὲ
1051 1427 1224 1499 τούτῳ
1249 1427 1516 1499 ἠρκέσθη,
1549 1427 1685 1481 ἀλλά
1710 1429 1804 1480 zeal
1833 1425 1994 1487 αὐτὸς

418 1501 662 1572 ἐγέμισε,
699 1508 794 1561 zeal
820 1510 918 1579 οὐχ
949 1511 1120 1580 ἑτέρῳ
1150 1510 1432 1582 πληρῶσαι
1462 1511 1489 1552 1³
1515 1510 1821 1574 ἐκέλευσεν,
1857 1507 1993 1562 ἀλλὰ

417 1583 598 1638 πάντα
637 1589 802 1652 αὐτὸς
849 1591 1138 1662 ἐργάζεται
1183 1593 1378 1658 ταῦτα,
1406 1593 1496 1646 διὰ
1542 1595 1756 1648 πάντων
1783 1591 1994 1654 δεικνὺς

418 1666 500 1718 ὃτι
531 1667 631 1721 οὐκ
684 1670 1108 1744 ἀφοσιουμένους
1147 1672 1231 1726 δεῖ
1267 1677 1438 1726 ποιεῖν
1475 1674 1544 1728 τά
1588 1673 1832 1736 τοιαῦτα,
1867 1675 1995 1725 ὅταν

419 1745 480 1802 εὖ
507 1750 768 1820 ποιῶμεν,
799 1753 934 1807 ἀλλά
960 1755 1097 1825 μετά
1123 1755 1304 1826 πάσης
1355 1756 1683 1828 προθυμίας.
1732 1755 1887 1825 Ἐμοὶ
1938 1754 1994 1807 δὲ

417 1829 567 1884 δοκεῖ
588 1831 682 1885 τοῦ
704 1835 960 1904 προδότου
991 1835 1206 1906 πρώτου
1240 1836 1391 1905 νίψαι
1433 1838 1561 1900 τοὺς
1598 1837 1785 1900 πόδας,
1812 1838 1877 1890 ἐκ
1899 1833 1994 1887 τοῦ

419 1917 612 1981 εἰπεῖν,
636 1919 895 1986 Ἤρξατο
916 1921 1148 1974 νίπτειν
1174 1921 1318 1987 τοὺς
1337 1920 1528 1987 πόδας
1548 1921 1668 1974 τῶν
1689 1917 1989 1989 μαθητῶν.

421 1996 516 2048 zeal
538 1999 857 2066 ἐπαγαγεῖν,
894 2001 1167 2070 Ἔρχεται
1191 2002 1342 2070 πρὸς
1361 2002 1596 2072 Σίμωνα
1631 2003 1875 2070 Πέτρον,
1895 1997 1995 2053 καὶ

417 2078 578 2147 ,λέγει
610 2079 770 2146 αὑτῷ
794 2082 1049 2150 ἐκεῖνος’
1077 2086 1160 2139 Σύ
1180 2102 1300 2154 μου
1332 2085 1562 2151 νίπτεις
1590 2084 1732 2151 τοὺς
1759 2083 1991 2150 πόδας;

419 2161 552 2223 Ταῖς
581 2163 734 2232 χερσὶ
753 2163 998 2229 ταύταις,
1029 2167 1213 2236 φησὶν,
1260 2161 1348 2232 αἷς
1379 2167 1691 2239 ὀφθαλμοὺς
1727 2166 1991 2237 ἀνέῳξας,

420 2244 514 2295 zeal
537 2244 770 2314 λεπροὺς
798 2247 1094 2320 ἐκάθηρας,
1122 2251 1216 2303 zeal
1235 2253 1460 2322 νεκροὺς
1487 2251 1822 2321 ἀνέστησαςς
1861 2249 1996 2302 Πολ-

420 2326 518 2398 λὴν
537 2328 645 2398 γάρ
669 2329 904 2398 ἔμφασιν
929 2332 1024 2384 καὶ
1050 2331 1212 2384 τοῦτο
1233 2333 1346 2403 ἔχει
1366 2348 1380 2362 ο
1409 2333 1598 2404 διόπερ
1626 2333 1747 2388 οὐδέ
1775 2333 1995 2402 ἐδέησεν

420 2409 572 2480 αὑτῷ
603 2428 656 2463 τι
690 2411 846 2464 πλέον
875 2413 1070 2478 εἰπεῖν,
1099 2414 1131 2483 ἢ
1165 2415 1222 2467 τὸ
1248 2417 1351 2469 Σύ.
1394 2416 1502 2469 Kal
1551 2417 1659 2488 γὰρ
1683 2415 1804 2469 καθ’
1833 2414 1996 2468 ἑαυτὸ

425 2493 610 2546 ἰκανὸν
646 2489 713 2564 ἦν
765 2495 826 2547 τὸ
873 2497 981 2548 πᾶν
1015 2497 1371 2562 ἐνδείξασθαι.
1403 2499 1664 2568 Ζητήσειε
1703 2497 1748 2551 δ’
1798 2497 1865 2551 ἀν
1909 2513 1994 2560 τις

421 2577 665 2642 εἰκότως,
691 2577 806 2641 πῶς
828 2577 1002 2641 οὐδεὶς
1025 2579 1188 2632 αὑτὸν
1215 2579 1322 2636 τῶν
1348 2580 1522 2633 ἀλλων
1547 2579 1838 2645 ἐκώλυσεν,
1859 2577 1996 2632 ἀλλά

423 2659 626 2728 Πέτρος
657 2659 835 2728 μόνος,
873 2659 1026 2732 [415]
1050 2661 1187 2731 ὅπερ
1211 2661 1271 2714 οὐ
1300 2661 1495 2732 μικροῦ
1530 2661 1754 2733 φίλτρου
1781 2662 1876 2714 zeal
1909 2665 1992 2715 αἰ-

419 2740 545 2804 δοῦς
579 2736 666 2812 ἢν.
699 2742 795 2805 Τίς
827 2738 920 2796 οὖν
959 2744 1106 2796 ἐστιν
1134 2745 1168 2815 ἡ
1197 2744 1382 2809 αἰτίας
1427 2744 1581 2814 Ἐμοὶ
1611 2745 1759 2798 δοκεῖ
1804 2742 1997 2814 πρότε-

423 2839 516 2892 ρον
540 2823 628 2876 τὸν
660 2825 923 2895 προδότην
937 2825 1108 2895 νίψαι,
1131 2821 1250 2879 εἶτα
1277 2827 1413 2890 πρὸς
1440 2827 1532 2880 τὸν
1564 2826 1767 2898 Πέτρον
1796 2825 1993 2888 ἐλθεῖν,

424 2905 516 2957 zeal
548 2905 671 2970 τοὺς
715 2904 908 2970 ἀλλους
959 2907 1054 2960 ἀπ’
1082 2908 1292 2962 ἐκείνου
1339 2919 1362 2947 ο
1392 2908 1745 2978 παιδευθῆναι
1788 2907 1993 2960 λοιπόν.

425 2987 546 3039 Ὅτι
581 2985 679 3056 μὲν
729 2982 823 3041 οὖν
852 2987 1011 3042 ἀλλον
1039 2989 1160 3042 τινὰ
1189 2991 1293 3060 πρὸ
1343 2989 1509 3042 αὑτοῦ
1538 2989 1710 3057 ὲνιψε,
1754 2988 1910 3059 δῆλον
1932 2991 1998 3041 ἐκ

423 3069 516 3124 τοῦ
545 3071 740 3126 εἰπεῖν.
770 3072 902 3124 Ὅτε
932 3071 987 3124 δέ
1019 3067 1151 3142 ἦλθε
1180 3072 1316 3140 πρὸς
1330 3073 1553 3143 Πέτρον.
1585 3072 1724 3124 Ἀλλ’
1752 3073 1851 3124 οὐκ
1883 3071 1997 3124 ἐστι

425 3155 652 3225 σφοδρὸς
672 3156 974 3227 κατήγορος
993 3157 1445 3226 δεὺαγγελιστής’
1476 3155 1538 3208 τὸ
1562 3154 1693 3226 γὰρ,
1716 3155 1994 3222 Ἤρξατο,

423 3237 581 3292 τοῦτό
612 3238 758 3289 ἐστιν
776 3239 1172 3308 αἰνιττομένου.
1203 3239 1266 3290 El
1287 3237 1344 3290 δέ
1376 3240 1468 3290 zeal
1493 3238 1522 3289 ὁ
1552 3237 1756 3306 Πέτρος
1783 3235 1998 3307 πρῶτος

424 3318 514 3393 ῆν,
541 3322 654 3376 ἀλλ’
681 3323 826 3384 εἰκὸς
851 3321 942 3374 τὸν
966 3321 1230 3393 προδότην
1254 3319 1444 3391 ἰταμὸν
1468 3321 1614 3385 ὄντα,
1650 3321 1744 3374 καὶ
1777 3319 1883 3390 πρὸ
1903 3319 1998 3373 τοῦ

427 3406 723 3476 κορυφαίου
763 3404 1174 3474 κατακλιθῆναι.
1217 3405 1328 3457 Kal
1371 3403 1480 3475 γάρ
1511 3405 1604 3458 καὶ
1636 3402 1902 3475 ἑτέρωθεν
1937 3403 2000 3457 τδ

431 3489 623 3558 ἰταμὸν
647 3487 812 3542 αὐτοῦ
841 3487 1138 3551 δείκνυται,
1158 3488 1286 3542 ὅταν
1326 3486 1506 3559 βάπτῃ
1544 3486 1681 3558 μετά
1717 3485 1811 3539 τοῦ
1845 3486 1995 3541 Διδα-

431 3571 651 3636 σκάλου,
707 3570 801 3622 zeal
855 3571 982 3623 ὅταν
1037 3569 1392 3640 ἐλεγχόμενος
1450 3569 1524 3640 μὴ
1571 3568 1994 3639 κατανύσσηται.

441 3650 580 3704 Ἀλλ’
611 3654 641 3705 ό
667 3651 766 3720 μέν
793 3651 997 3724 Πέτρος
1022 3651 1168 3716 ἀπαξ
1193 3650 1536 3721 ἐπιτιμηθεὶς
1570 3651 1628 3703 ἐν
1657 3653 1770 3713 τοῖς
1795 3649 1999 3720 ἐμπρο-

431 3733 576 3798 σθεν,
610 3734 703 3786 zeal
727 3732 898 3786 ταῦτα
927 3733 1035 3786 ἀπὸ
1062 3733 1441 3804 φιλοστοργίας
1465 3733 1534 3786 τὰ
1560 3733 1775 3804 ῥήματα
1805 3732 1997 3797 εἰπὼν,

428 3815 570 3870 οὕτω
598 3816 916 3886 συνεστάλη,
947 3815 1022 3879 ώς
1046 3815 1140 3869 καὶ
1165 3815 1412 3883 ἀγωνιῶν
1441 3815 1533 3869 zeal
1568 3816 1784 3886 τρέμων
1809 3815 1998 3888 ἐτέρου

425 3899 680 3973 δεηθῆναι
713 3899 849 3972 πρὸς
873 3899 974 3971 τὴν
1000 3896 1266 3970 ἐρώτησιν
1284 3913 1299 3929 ο
1330 3893 1483 3962 οὗτος
1499 3899 1558 3953 δέ
1581 3898 1821 3970 συνεχῶς
1845 3899 1999 3967 ἐλεγ-

429 3983 656 4055 χόμενος
673 3981 775 4036 οὐκ
809 3981 1091 4052 ᾐσθάνετο.
1125 3982 1254 4034 Ὅτε
1285 3979 1417 4050 γοῦν
1435 3976 1568 4052 ἦλθε
1599 3982 1736 4053 πρὸς
1771 3980 1864 4035 τὸν
1896 3981 2000 4036 Πέ-

429 4081 576 4137 τρον,
606 4065 776 4134 Λέγει
804 4064 967 4131 αὐτῷ
995 4063 1254 4131 ἐκεῖνος·
1284 4065 1480 4134 Κύριε,
1509 4067 1591 4120 σύ
1623 4082 1744 4135 μου
1770 4065 2000 4131 νίπτεις

430 4151 569 4217 τοὺς
589 4149 777 4217 πόδας
796 4163 814 4214 ;
832 4149 996 4218 Λέγει
1021 4147 1171 4219 αὐτῷ
1191 4167 1205 4181 ·
1224 4150 1286 4201 Ὃ
1305 4147 1420 4218 ἐγὼ
1440 4149 1587 4203 ποιῶ
1607 4149 1689 4202 σὺ
1708 4150 1818 4202 οὐκ
1835 4145 2001 4214 οἷδας

429 4232 579 4301 ἄρτι,
613 4231 814 4301 γνώσῃ
842 4230 911 4284 δὲ
933 4229 1083 4301 μετὰ
1120 4229 1305 4283 ταῦτα
1326 4244 1342 4262 θ
1387 4229 1671 4296 τουτέστι,
1705 4230 1766 4282 τὸ
1812 4229 2000 4298 κέρδος

426 4315 550 4368 ὅσον
572 4313 634 4367 τὸ
665 4315 729 4367 ἐκ
754 4312 964 4377 τούτου,
985 4312 1082 4384 τὴν
1107 4311 1376 4380 ὠφέλειαν
1398 4311 1497 4379 τῆς
1525 4310 1889 4374 διδασκαλίας,
1907 4311 2000 4365 καὶ

426 4397 544 4461 πῶς
565 4397 747 4450 ἰκανὸν
766 4398 846 4459 εἰς
866 4396 1046 4449 πᾶσαν
1064 4394 1290 4463 ἀγαγεῖν
1315 4391 1812 4464 ταπεινοφροσύνην
1832 4393 1997 4463 ἡμᾶς.

425 4480 492 4534 Τί
517 4475 610 4535 οὖν
637 4481 665 4534 ό
696 4480 935 4548 Πέτρος;
970 4477 1091 4532 Ἔτι
1113 4475 1330 4540 κωλύει,
1357 4477 1449 4530 zeal
1475 4474 1623 4544 λέγει
1641 4491 1656 4505 °
1687 4477 1771 4530 οὑ
1787 4475 1874 4544 μὴ
1909 4477 1998 4529 νί-

425 4566 550 4632 ψῃς
581 4561 720 4630 τοὺς
749 4561 940 4626 πόδας
968 4578 1089 4630 μου
1129 4563 1217 4627 εις
1244 4559 1352 4614 τὸν
1390 4558 1594 4612 αἰῶνα.
1639 4557 1706 4613 Τί
1735 4561 1925 4625 ποιεῖς,
1955 4555 2000 4614 ὦ

425 4645 600 4717 Πέτρε
628 4663 642 4712 ;
667 4646 728 4698 οὐ
764 4643 1036 4715 μέμνησαι
1087 4640 1196 4696 τῶν
1240 4641 1520 4713 προτέρων
1567 4641 1866 4713 ρημάτωνς
1899 4643 2000 4695 οὐκ

425 4725 608 4794 εἴπας,
636 4726 846 4792 Ἵλεώς
863 4741 981 4790 σοι,
1001 4725 1092 4780 zeal
1115 4725 1372 4796 ῆκουσας,
1397 4725 1614 4794 Ὕπαγε
1641 4725 1835 4778 ὀπίσω
1855 4741 1996 4794 μου,

425 4811 691 4869 σατανᾶλο
733 4811 826 4867 zeal
853 4811 970 4866 οὐδὲ
1001 4808 1145 4864 οὕτω
1171 4806 1499 4882 σωφρονίζῃ,
1521 4808 1634 4862 ἀλλ’
1664 4809 1744 4862 ἔτι
1771 4809 1998 4879 σφοδρὸς

426 4893 510 4962 el;
541 4895 668 4962 Nal,
698 4895 864 4966 φησί’
898 4892 1032 4948 πολὺ
1049 4892 1157 4964 γάρ
1172 4892 1234 4945 τὸ
1261 4892 1544 4961 γινόμενον
1568 4892 1660 4945 zeal
1683 4890 2000 4962 ἐκπλήξεως

425 4979 617 5049 γέμον.
669 4977 824 5030 Ἐπεὶ
855 4972 949 5030 οῦν
983 4975 1091 5030 ἀπὸ
1123 4973 1324 5043 πολλῆς
1353 4973 1575 5045 ἀγάπης
1604 4973 1765 5028 τοῦτο
1795 4972 1998 5044 ἐπρατ-

423 5078 516 5114 τεν
552 5061 792 5124 ἐκεῖνος,
847 5059 954 5112 ἀπὸ
981 5060 1079 5129 τῆς
1103 5058 1272 5129 αὐτῆς
1313 5057 1474 5111 αὑτὸν
1511 5056 1786 5128 χειροῦται
1836 5056 1998 5111 πάλιν

424 5145 518 5196 zeal
539 5145 570 5196 ὸ
595 5141 846 5208 Χριστὸς,
880 5142 1068 5212 ὥσπερ
1096 5137 1190 5195 οὖν
1217 5141 1313 5194 καὶ
1337 5142 1455 5195 ἐκεῖ
1482 5141 1725 5212 σφοδρῶς
1745 5142 2000 5211 ἐπιτιμή-

425 5240 524 5286 σας
551 5224 646 5277 zeal
665 5223 854 5287 εἰπὼν,
878 5222 1230 5277 Σκάνδαλόν
1249 5241 1347 5293 μοι
1363 5219 1446 5278 εἷο
1479 5223 1621 5276 οὕτω
1649 5224 1742 5276 zeal
1763 5223 1994 5277 ἐνταῦθα

422 5306 615 5375 λέγων,
660 5307 794 5359 Ἐὰν
831 5307 916 5376 μὴ
957 5309 1114 5376 νίψω
1164 5323 1260 5372 σε,
1313 5309 1423 5362 οὑκ
1450 5307 1610 5376 ἔχεις
1651 5307 1833 5376 μέρος
1865 5307 1993 5376 μετ’

305 5429 320 5445 .
421 5389 590 5458 ἐμοῦ.
619 5389 684 5440 Τί
713 5386 805 5442 οὖν
830 5391 858 5440 ὁ
889 5389 1088 5459 θερμὸς
1115 5390 1211 5442 zeal
1237 5389 1496 5460 διακαής;
1527 5391 1721 5457 Κύριε,
1741 5389 1826 5459 μὴ
1855 5390 1996 5456 τοὺς

424 5471 614 5536 πόδας
633 5488 751 5539 μου
769 5472 975 5539 μόνον,
1012 5471 1172 5526 ἀλλὰ
1215 5472 1313 5526 καὶ
1362 5473 1470 5538 τὰς
1499 5471 1701 5541 χεῖρας
1730 5472 1830 5526 καὶ
1883 5472 1997 5539 τὴν

423 5553 716 5621 κεφαλήν.
746 5553 856 5606 Kal
879 5555 936 5606 ἐν
965 5557 1030 5624 τῇ
1061 5555 1385 5626 παραιτήσει
1433 5554 1690 5626 σφοδρὸς,
1721 5556 1815 5609 καὶ
1839 5557 1897 5609 ἐν
1929 5557 1994 5627 τῇ

423 5637 766 5706 συγχωρήσει
790 5634 1138 5705 σφοδρότερος
1167 5636 1400 5704 γίνεται·
1431 5637 1663 5708 ἑκάτερα
1683 5637 1740 5690 δέ
1771 5637 1829 5702 ἐξ
1858 5637 1994 5706 ἀγά-

422 5734 553 5785 πης.
577 5717 730 5770 Διατί
758 5716 868 5789 γὰρ
904 5717 1004 5770 οὐκ
1037 5713 1181 5783 εἶπε,
1212 5718 1355 5783 τίνος
1384 5719 1569 5774 ἕνεκεν
1597 5721 1772 5774 ἐποίει
1799 5720 1989 5774 τοῦτο·

484 5801 514 5865 ἦ
538 5797 772 5865 Nonnulli!
795 5801 976 5865 arma;
996 5799 1054 5865 ’1ίί
1076 5800 1158 5865 οὖν
1176 5800 1470 5865 πρρσκειται.
1491 5802 1645 5852 Paulo
1663 5810 1772 5865 post
1801 5802 1996 5865 quidam

422 5859 873 5968 237:3.10010'016
893 5860 1001 5917 ἀξια
1021 5861 1186 5912 ἐποίει.
1217 5859 1226 5864 ⁷
1252 5860 1280 5899 1⁸
1308 5864 1408 5914 Alii
1425 5859 1679 5926 ἐμπλῆσαί
1750 5867 1772 5896 ο
1800 5859 1896 5914 Alii
1915 5864 1996 5910 ὑπ’

1437 324 1502 380 IN
1543 321 1863 380 JOANNEM
1895 317 2131 376 HOHIL.
2171 320 2332 376 LXX.
2360 323 2430 378 al.
2470 323 2650 379 LXIX.

2093 432 2211 486 ἀλλ’
2239 432 2468 506 ἀπειλὴν
2515 435 2822 498 ἐνέθεικενς
2880 436 3000 487 Ὅτι
3050 435 3256 498 ἐκεῖνος
3301 433 3400 504 μέν
3449 432 3551 488 οὒκ
3599 437 3666 490 ἀν

2092 517 2340 587 ἐπείσθη.
2371 518 2432 570 El
2457 517 2568 588 γὰρ
2589 513 2759 581 εἶπεν,
2789 519 3009 582 Ἐασον,
3040 517 3128 571 διά
3151 517 3257 587 γὰρ
3276 515 3466 569 τούτου
3499 517 3670 571 πείθω

2095 599 2238 668 ὑμᾶς
2281 603 2752 670 ταπεινοφρονεῖν,
2790 601 3056 671 ὑπέσχετο
3081 599 3148 654 ἀν
3187 602 3446 672 μυριάκις
3487 600 3666 664 τοῦτο,

2097 681 2234 754 ὑπὲρ
2267 682 2360 735 τοῦ
2393 683 2468 752 μὴ
2493 684 2583 735 τὸν
2612 684 2889 754 Δεσπότην
2917 682 3072 736 τοῦτο
3104 684 3350 752 ποιῆσαι.
3393 681 3506 736 Νῦν
3530 683 3586 736 δέ
3617 683 3671 735 τί

2093 781 2294 834 φησιν;
2347 768 2411 819 Ὃ
2455 766 2690 836 μάλιστα
2737 766 2991 820 ἐδεδοίκει
3019 766 3112 820 καὶ
3130 767 3350 838 ἔτρεμε,
3377 765 3438 819 τὸ
3465 767 3674 835 διασχι-

2095 850 2287 918 σθῆναι
2315 849 2498 904 αύτοῦ.
2526 849 2700 914 Αὐτὸς
2727 849 2836 921 γάρ
2863 851 3010 904 ἐστιν
3053 851 3084 902 δ
3137 850 3374 919 συνεχῶς
3407 850 3626 921 ἐρωτῶν
3649 889 3669 916 ,

2013 961 2018 966 -
2090 931 2216 985 Ποῦ
2241 931 2490 1001 ὑπάγεις
2507 949 2526 998 ;
2559 934 2756 1004 Διόπερ
2785 934 2877 987 zeal
2904 933 3117 1002 ἔλεγεν,
3144 935 3224 988 ὄτι
3268 933 3378 988 Kal
3403 934 3517 1001 τὴν
3549 936 3670 1000 Vv-

2092 1015 2234 1082 χὴν,
2279 1016 2450 1084 φησὶ,
2485 1014 2657 1069 δώσω
2680 1014 2706 1054 ά
2730 1018 2884 1083 ὑπὲρ
2911 1015 3048 1070 σοῦ.
3082 1017 3144 1068 El
3164 1015 3273 1086 γὰρ
3307 1015 3564 1080 ἀκούσας,
3587 1016 3671 1067 ὅτι

2094 1100 2216 1151 Οὐκ
2248 1092 2415 1163 οἶδας
2437 1097 2468 1151 δ
2495 1097 2642 1152 ποιῶ
2659 1097 2793 1167 ἐγὼ,
2817 1097 3022 1167 γνώσῃ
3054 1097 3123 1150 δὲ
3139 1099 3290 1167 μετὰ
3319 1099 3525 1161 ταῦτα,
3553 1097 3673 1151 ούδέ

2091 1179 2266 1244 οὕτως
2316 1179 2528 1250 ἀπέστη
2554 1222 2569 1245 ,
2609 1180 2789 1250 πολλῷ
2824 1179 3042 1250 μᾶλλον,
3095 1182 3142 1232 εἰ
3190 1179 3382 1250 ἔμαθε.
3413 1180 3512 1234 Διά
3561 1179 3670 1250 γὰρ

2093 1261 2252 1316 τοῦτο
2277 1258 2398 1315 εἷπε
2422 1303 2437 1327 ,
2466 1262 2682 1331 Γνώσῃ
2714 1263 2782 1315 δὲ
2813 1262 2964 1331 μετά
3003 1261 3191 1315 ταῦτα
3212 1300 3227 1325 ,
3257 1261 3442 1326 εἰδὼς,
3471 1263 3552 1314 ὅτι
3577 1260 3673 1313 ἐὰν

2093 1345 2190 1399 νῦν
2233 1345 2401 1417 μάθῃ,
2437 1346 2803 1400 ἀντικείσεται
2836 1345 2939 1398 ἐτι.
2997 1345 3106 1398 Kal
3137 1345 3238 1398 οὐκ
3268 1339 3419 1409 εἶπε,
3456 1343 3674 1409 Δίδαξον

2093 1425 2187 1482 οὖν
2242 1445 2345 1499 με,
2381 1429 2469 1483 ἵνα
2501 1428 2659 1498 ἀφῶ·
2715 1427 2832 1481 ἀλλ’
2862 1429 2890 1480 ὃ
2939 1426 3117 1498 πολλῷ
3173 1427 3527 1498 σφοδρότερον
3566 1422 3672 1497 ἦν,

2093 1511 2215 1565 οὐδέ
2243 1511 2436 1581 μαθεῖν
2457 1513 2715 1581 ἠνέσχετο
2736 1551 2752 1577 ,
2785 1510 2897 1563 ἀλλ’
2928 1511 3202 1564 ἐνίσταται
3237 1509 3418 1571 πάλιν,
3450 1507 3626 1576 λέγων
3655 1523 3671 1537 ⁶

2090 1595 2172 1648 οὐ
2204 1593 2291 1663 μὴ
2339 1594 2526 1662 νίψῃς
2561 1610 2680 1662 μου
2739 1593 2882 1657 τοὺς
2938 1591 3149 1657 πόδας.
3194 1591 3412 1660 Ἐπειδὴ
3435 1589 3674 1659 δέηπεί-

2095 1675 2257 1745 λησεν
2285 1715 2302 1740 ,
2359 1675 2562 1738 εὐθέως
2628 1673 2860 1743 ἐχάλασε
2910 1672 3002 1725 τὸν
3061 1671 3234 1724 τόνον.
3288 1671 3354 1724 Τί
3409 1670 3561 1741 [416]
3615 1669 3674 1723 δέ

2096 1761 2244 1820 ἐστι,
2293 1757 2513 1824 Γνώσῃ
2566 1755 2716 1825 μετὰ
2767 1753 2986 1817 ταῦτα;
3033 1753 3187 1807 Μετά
3235 1752 3450 1819 ταῦτα,
3501 1753 3672 1818 πότες

2097 1837 2264 1892 Ὅταν
2301 1835 2381 1907 τῷ
2430 1835 2549 1907 ἐμῷ
2594 1837 2818 1907 ὀνόματι
2849 1835 3102 1906 δαιμόνια
3146 1835 3419 1908 ἐκὸἀλῃς,
3471 1834 3671 1904 φησίν·

2094 1920 2220 1973 ὅταν
2251 1919 2366 1993 ἴδῃς
2393 1921 2474 1982 είς
2503 1918 2630 1983 τοὺς
2657 1919 2920 1990 οὐρανοὺς
2942 1917 3457 1989 ἀναλαμϐανόμενον
3475 1933 3490 1946 ο
3543 1918 3674 1970 ὅταν

2095 2001 2247 2073 παρὰ
2291 2000 2383 2054 τοῦ
2430 2001 2744 2072 Πνεύματος
2781 1999 2994 2072 μάθῃς,
3035 2001 3118 2054 ὅτι
3172 2002 3237 2053 ἐκ
3279 1997 3470 2064 δεξιῶν
3504 1997 3678 2068 κάθη-

2099 2103 2197 2154 μαι
2219 2096 2243 2124 ο
2266 2127 2280 2151 ,
2304 2085 2426 2138 τότε
2454 2086 2573 2156 εἴσῃ
2599 2085 2661 2138 τὸ
2687 2085 2781 2138 νῦν
2806 2085 3108 2154 γινόμενον.
3131 2085 3196 2136 Τί
3223 2079 3318 2137 οὖν
3341 2085 3372 2137 ό
3406 2081 3673 2154 Χριστόςς

2108 2168 2324 2239 Ἐπειδὴ
2345 2166 2498 2221 εἶπεν
2523 2170 2552 2222 ὀ
2571 2168 2796 2238 Πέτρος,
2820 2167 2916 2236 Μὴ
2943 2167 3082 2234 τοὺς
3107 2165 3297 2233 πόδας
3319 2183 3438 2235 μου
3457 2167 3674 2234 μόνον,

2094 2252 2254 2308 ἀλλὰ
2283 2253 2381 2306 καὶ
2405 2252 2510 2317 τὰς
2542 2250 2745 2319 χεῖρας
2769 2250 2867 2304 καί
2902 2249 3018 2318 τὴν
3048 2248 3344 2318 κεφαλὴν,
3381 2247 3434 2300 '0
3465 2249 3677 2301 λελου-

2091 2334 2296 2406 μένος,
2343 2333 2530 2405 φησὶν,
2561 2335 2634 2387 οὑ
2685 2334 2893 2402 χρείαν
2927 2333 3051 2401 ἔχει
3092 2335 3144 2384 ει
3171 2329 3259 2400 μὴ
3301 2329 3446 2395 τοὺς
3483 2328 3676 2392 πόδας

2096 2418 2388 2487 νίψασθαι
2431 2416 2645 2484 μόνον,
2687 2416 2826 2470 ἀλλ’
2868 2416 3000 2470 ἔστι
3050 2412 3310 2481 καθαρὸς
3354 2412 3518 2478 ὅλος.
3565 2410 3676 2466 Kal

2096 2499 2261 2568 ὑμεῖς
2293 2499 2541 2566 καθαροί
2575 2499 2734 2564 ἐστε,
2761 2497 2900 2551 ἀλλ’
2927 2497 3065 2566 οὐχι
3098 2495 3339 2561 πάντες.
3368 2493 3532 2565 ’ᾙδει
3565 2492 3676 2562 γὰρ

2095 2583 2204 2634 τὸν
2231 2579 2630 2648 παραδιδόντα
2659 2580 2863 2634 αὐτόν.
2891 2580 3001 2632 Kal
3025 2581 3074 2632 εἰ
3112 2575 3340 2648 καθαροί
3373 2578 3499 2640 είσι,
3530 2575 3677 2637 τίνος

2094 2665 2280 2718 ἐνεκεν
2315 2663 2525 2725 νίπτεις
2547 2664 2672 2726 τοὺς
2703 2663 2899 2727 πόδας;
2925 2663 3091 2715 ’Ὥστε
3123 2663 3268 2734 ἡμᾶς
3301 2659 3319 2698 τ
3362 2658 3677 2730 μετριάζειν

2097 2745 2310 2816 μαθεῖν.
2340 2745 2438 2798 Διά
2469 2744 2628 2798 τοῦτο
2667 2747 2768 2799 οὐκ
2799 2747 2884 2814 ἐφ’
2917 2745 3106 2818 ἕτερον
3139 2745 3303 2816 μέρος
3345 2739 3529 2814 ἦλθεν,
3557 2739 3675 2794 ἀλλ’

2092 2829 2122 2882 ὃ
2153 2829 2261 2883 τῶν
2294 2828 2470 2884 ἀλλων
2509 2830 2832 2902 ἀτιμότερον
2865 2825 3002 2883 εἶναι
3035 2829 3198 2882 δοκεῖ.
3227 2828 3292 2882 Τί
3321 2827 3377 2880 δέ
3416 2828 3585 2888 ἐστιν,
3620 2825 3675 2878 '0

2093 2911 2489 2980 λελουμένοςς
2517 2913 2662 2964 Ἀντὶ
2685 2913 2803 2973 τοῦ,
2838 2911 2896 2965 ’0
2939 2911 3199 2982 καθαρός.
3241 2907 3369 2978 Ἀρ*
3403 2904 3496 2963 οὖν
3521 2908 3677 2961 αὐτοὶ

2096 2993 2327 3064 καθαροὶ
2346 2989 2488 3064 ἦσαν
2504 3011 2518 3058 ;
2535 2993 2590 3046 οῖ
2601 3011 2664 3062 γε
2693 2994 2905 3046 οὐδέπω
2927 2996 2952 3033 ⁸
2974 2994 3081 3046 τῶν
3102 2993 3513 3064 ἁμαρτημάτων
3535 2987 3675 3060 ἦσαν

2095 3075 2526 3145 ἀπηλλαγμένοι,
2568 3075 2687 3130 ούδέ
2733 3076 3049 3144 Πνεύματος
3085 3075 3399 3144 ἠξιωμένοι,
3430 3067 3525 3127 ἀτε
3572 3071 3674 3140 τῆς

2098 3158 2372 3230 ἁμαρτίας
2393 3157 2474 3211 ετι
2502 3158 2833 3227 κρατούσης,
2861 3158 2960 3228 τῆς
2984 3160 3231 3225 κατάρας
3259 3156 3356 3209 τοῦ
3386 3156 3676 3226 χειρογρά-

2099 3258 2201 3311 φου
2250 3240 2522 3311 μένοντος,
2567 3240 2662 3293 τοῦ
2699 3241 2897 3310 ἱερείου
2931 3238 3143 3292 οὐδέπω
3189 3237 3673 3309 προσενεχθέντος-ς

2099 3323 2218 3387 πῶς
2251 3318 2344 3378 οὖν
2384 3322 2581 3385 αὐτοὺς
2624 3322 2891 3391 καθαροὺς
2931 3319 3070 3375 εἶναι
3105 3320 3282 3386 λέγει;
3318 3320 3454 3372 Ἀλλ’
3481 3319 3567 3373 ῖνα
3601 3319 3676 3389 μὴ

2097 3406 2187 3460 διὰ
2203 3404 2378 3460 ταῦτα
2401 3405 2628 3476 νομίσῃς
2655 3407 2848 3468 αὐτοὺς
2873 3403 3143 3475 καθαροὺς
3169 3404 3243 3466 ὡς
3265 3403 3677 3474 ἁμαρτημάτων

2098 3489 2582 3560 ἀπηλλαγμένους,
2641 3490 2917 3558 ἐπήγαγεν
2943 3505 2956 3518 ο
3004 3485 3146 3554 Ἤδη
3200 3485 3368 3555 ὑμεῖς
3429 3484 3677 3553 καθαροί

2097 3574 2237 3626 ἐστε
2275 3571 2372 3626 διὰ
2410 3572 2515 3625 τὸν
2551 3573 2737 3641 λόγον
2767 3571 2838 3624 ὃν
2873 3569 3151 3636 ἐλάλησα
3191 3565 3360 3637 ὑμῖν·
3393 3565 3672 3626 τουτέστι.

2099 3654 2282 3726 Ταύτῃ
2303 3653 2443 3716 τέως
2459 3654 2580 3707 ἐστέ
2610 3653 2858 3724 καθαροί.
2888 3652 3026 3724 Ἤδη
3055 3650 3116 3704 τὸ
3141 3649 3258 3718 φῶς
3277 3648 3551 3714 ἐδέξασθε,
3572 3648 3675 3720 ῆδη

2099 3737 2198 3808 τῆς
2237 3736 2442 3806 πλάνης
2485 3735 2834 3807 ἀπηλλάγητε
2866 3733 2965 3805 τῆς
3000 3733 3312 3803 Ἰουδαϊκῆς.
3346 3733 3457 3786 Kal
3490 3731 3600 3802 γὰρ
3645 3733 3676 3784 6

2099 3821 2383 3892 προφήτης
2427 3819 2559 3888 φησί
2577 3835 2590 3849 ·
2623 3820 2957 3882 Λούσασθε,
2993 3817 3236 3884 καθαροί
3266 3817 3526 3887 γίνεσθε,
3561 3815 3676 3885 ἀφ-

2097 3903 2264 3958 έλετε
2290 3902 2396 3969 τὰς
2422 3901 2716 3969 πονηρίας
2743 3899 2864 3954 ἀπὸ
2895 3898 3013 3952 τῶν
3049 3898 3267 3968 ψυχῶν
3289 3897 3476 3967 ὑμῶν.
3508 3898 3674 3951 Ὥστε

2097 3985 2128 4038 δ
2158 3983 2394 4048 τοιοῦτος
2429 3983 2677 4036 λέλουται
2705 3982 2802 4035 zeal
2828 3980 3068 4051 καθαρός
3095 3981 3232 4034 ἐστι.
3265 3980 3418 4034 Ἐπεὶ
3441 3975 3536 4032 οὖν
3569 3980 3675 4032 πᾶ-

2101 4083 2200 4121 σαν
2238 4064 2504 4136 πονηρίαν
2548 4063 2778 4136 ἔρριψαν
2823 4063 2930 4116 ἀπὸ
2976 4062 3077 4132 τῆς
3107 4062 3286 4134 ψυχῆς
3315 4064 3545 4127 ἐκεῖνοι,
3577 4061 3675 4114 zeal

2102 4145 2239 4220 μετά
2273 4146 2600 4217 εἰλικρινοῦς
2635 4144 2873 4208 διανοίας
2905 4143 3143 4214 συνῆσαν
3189 4143 3359 4214 αὐτῷ,
3397 4144 3485 4198 διὰ
3515 4141 3675 4196 τοῦτό

2099 4245 2233 4300 φησι
2269 4229 2411 4283 κατὰ
2437 4229 2526 4282 τὸν
2559 4227 2895 4300 προφητικὸν
2925 4225 3102 4296 λόγον,
3140 4227 3198 4281 '0
3227 4227 3547 4296 λελουμένος
3570 4225 3672 4297 ἢδη

2100 4311 2336 4383 καθαρός
2363 4313 2496 4364 ἐστι.
2533 4311 2641 4364 Kal
2673 4309 2782 4379 γὰρ
2812 4312 2929 4364 ἐκεῖ
2960 4308 3182 4382 λουτρὸν
3210 4310 3270 4363 ού
3303 4308 3364 4363 τὸ
3394 4309 3462 4363 δι’
3484 4308 3674 4372 ὓδατος

2098 4393 2245 4463 λέγει
2265 4393 2329 4447 τὸ
2362 4393 2669 4459 Ἰουδαϊκὸν,
2695 4391 2828 4446 ἀλλά
2852 4393 2943 4447 τδν
2968 4393 3069 4464 τῆς
3100 4391 3457 4464 συνειδήσεως
3479 4391 3507 4432 δ
3537 4392 3672 4446 καθ-

2099 4475 2294 4547 αρμόν.

2169 4558 2242 4626 7'.
2265 4556 2557 4628 Γενώμεθα
2583 4558 2761 4613 τοίνυν
2790 4559 2885 4613 zeal
2917 4561 3074 4631 ἡμεῖς
3105 4557 3332 4629 καθαροί
3357 4578 3369 4592 ο
3411 4555 3672 4628 μάθωμεν

2099 4640 2265 4696 καλὸν
2290 4643 2484 4696 ποιεῖν.
2512 4642 2577 4694 Τί
2603 4641 2656 4696 δέ
2689 4645 2804 4697 ἐστι
2835 4644 2897 4698 τὸ
2917 4644 3116 4708 καλόν;
3145 4643 3388 4712 Κρίνετε
3409 4641 3671 4711 ὀρφανῷ,

2099 4722 2199 4776 και
2229 4723 2582 4779 δικαιώσατε
2609 4723 2831 4792 χήραν·
2863 4726 2962 4780 καὶ
2997 4725 3190 4786 δεῦτε,
3224 4724 3321 4780 καὶ
3347 4721 3674 4794 διαλεχθῶ-

2094 4821 2230 4872 μεν,
2278 4806 2438 4875 λέγει
2494 4808 2728 4875 Κύριος.
2777 4808 2948 4870 Πολὺς
2993 4799 3146 4873 οὗτος
3186 4811 3215 4862 ὁ
3258 4807 3412 4876 λόγος
3447 4807 3507 4860 ἐν
3551 4807 3674 4868 ταῖς

2099 4887 2342 4958 Γραφαῖς
2391 4890 2499 4942 τῶν
2537 4891 2722 4961 χηρῶν
2765 4892 2860 4944 zeal
2903 4891 3013 4944 τῶν
3059 4889 3309 4961 ὀρφανῶν
3331 4904 3346 4918 ο
3378 4887 3496 4943 ἀλλ’
3541 4889 3674 4958 ἡμῖν

2097 4970 2274 5034 οὐδεὶς
2309 4970 2498 5025 τούτου
2535 4973 2710 5041 λόγος.
2745 4974 2936 5028 Καίτοι
2979 4988 3044 5041 γε
3086 4973 3338 5044 ἐννόησον
3384 4971 3574 5042 ἡλίκον
3607 4969 3672 5025 τὸ

2099 5053 2351 5108 ἔπαθλον.
2393 5055 2528 5108 Ἐὰν
2571 5052 2706 5118 ὦσι,
2739 5057 2925 5128 φησὶν,
2959 5059 3020 5110 al
3067 5055 3341 5126 ἁμαρτίαι
3383 5052 3551 5123 ὑμῶν
3589 5054 3673 5120 ὡς

2097 5137 2434 5204 φοινικοῦν,
2466 5139 2548 5205 ὡς
2592 5139 2769 5207 χιόνα
2810 5135 3118 5193 λευκανῶ·
3153 5137 3262 5192 ἐὰν
3291 5136 3360 5190 δὲ
3403 5131 3554 5190 ὦσιν
3591 5137 3672 5202 ὡς

2096 5222 2399 5288 κόκκινον,
2431 5224 2512 5289 ὠς
2550 5223 2715 5292 ἔριον
2754 5221 3050 5277 λευκανῶ.
3087 5222 3198 5275 Kal
3246 5220 3354 5292 γὰρ
3388 5218 3669 5290 ἀπροστά-

2095 5318 2280 5361 τευτον
2311 5309 2344 5378 ἡ
2377 5309 2552 5378 χήρα·
2583 5307 2674 5360 διὰ
2708 5307 2865 5360 τοῦτο
2894 5307 3095 5378 πολλὴν
3126 5304 3265 5377 ὑπὲρ
3299 5303 3469 5374 αὐτῆς
3501 5303 3671 5355 ποιεῖ-

2158 5475 2186 5517 ἆ
2209 5476 2308 5526 Alii
2325 5476 2488 5533 δώσω,
2517 5473 2600 5520 alii
2624 5471 2862 5519 ἐπιδώσω.
2932 5483 2956 5510 ο
2980 5470 3110 5533 Εάὶιι
3131 5470 3349 5533 κάθηται,
3378 5481 3493 5517 mas.
3535 5480 3667 5533 pepq

2093 5551 2269 5589 omnes
2291 5530 2516 5596 κάθημαι,
2539 5545 2653 5596 qua
2690 5532 3104 5596 vera_cs_l_lectio.
3141 5531 3201 5579 Ει
3230 5534 3376 5596 paulq
3409 5530 3667 5596 an_le_edi_ll

2093 5587 2218 5662 παρὰ
2240 5595 2326 5644 τοῦ
2349 5587 3386 5662 ΠατρόςίξΜαηυςεΙξὶρίί·τετε-ρωηςίπαρὰ
3408 5587 3494 5637 τοῦ
3517 5589 3666 5662 Πνεύ-

2096 5649 2259 5722 ματος,
2285 5663 2341 5722 οε
2382 5649 2484 5722 hee}:
2519 5660 2608 5722 est.
2647 5666 2759 5702 vera
2796 5649 2959 5702 léclio.
2991 5652 3100 5722 Ubi_
3121 5649 3349 5722 τάχθητε
3385 5663 3528 5722 vo_ces
3566 5649 3668 5699 Παρ

2093 5712 2202 5782 τρὸς
2223 5712 2276 5766 ει
2298 5717 2568 5782 Πνεύμξτος
2595 5716 2645 5763 in
2675 5727 2792 5782 ιηεε.
2815 5726 2948 5774 sape
2981 5712 3232 5782 confuqdl,
3266 5712 3387 5782 qula_
3408 5716 3666 5771 utramque

2095 5771 2266 5829 vizcém
2287 5781 2359 5826 sic
2396 5771 2613 5825 alterum
2642 5790 2727 5837 πρς
2743 5781 2804 5837 μοι
2821 5771 2928 5835 me,
2955 5781 3132 5836 estque
3151 5771 3394 5837 ξηροί-ρει
3414 5787 3440 5819 v
3474 5783 3524 5820 In
3548 5785 3665 5837 ngas.

2094 5840 2314 5903 qundam
2336 5837 2622 5903 εἱωίῑίιιιᾴο.
2680 5831 2704 5870 ἰ
2724 5835 2824 5903 Alii
2844 5831 2971 5886 ὥστε
2989 5831 3128 5897 om.
3193 5833 3220 5874 Β
3240 5831 3490 5892 Λῐίἱῆσαν,
3507 5833 3663 5882 καίτοι

2097 5897 2300 5950 ὁὺδέπω.
2369 5904 2396 5936 Ι
2420 5898 2518 5948 Alii
2544 5897 2859 5956 δημιουργίας.
