4078 6200
353 261 453 319 385

341 560 448 629 gita
504 566 704 628 quanta
749 557 820 613 sit
856 555 1089 626 reposita
1132 570 1357 611 merces.
1388 555 1450 611 Si
1478 557 1703 625 fuerint,
1744 557 1928 627 inquit,

340 658 550 715 peccata
578 658 742 704 uestra
780 649 910 702 sicut
936 648 1207 719 puniceum
1239 687 1254 711 ,
1286 658 1339 701 ut
1366 648 1526 701 nivem
1569 646 1851 712 dealbabo;
1888 649 1932 701 si

340 750 394 793 ut
424 740 691 794 coccinum
716 782 731 805 ,
772 750 828 794 ut
855 743 1027 794 lanam
1057 738 1299 793 deatbabo
1330 738 1483 810 (Isai.
1518 741 1569 794 1.
1600 739 1710 812 18).
1740 740 1932 795 Delen-

333 846 464 888 sore
498 847 727 902 namque
752 841 898 887 caret
924 831 1079 887 vidua
1106 848 1120 896 ;
1146 831 1267 887 ideo
1290 847 1535 902 magnam
1576 831 1719 886 illius
1747 846 1927 886 curam

334 924 522 982 habet.
554 924 723 981 Vidua
770 926 913 982 enim
957 940 1079 981 cum
1121 925 1291 995 possit
1329 923 1591 980 secundas
1632 922 1782 979 adire
1827 940 1924 979 nu-

332 1018 476 1089 ptias
507 1059 524 1086 ,
562 1018 635 1073 ob
677 1018 769 1074 Dei
818 1019 1062 1074 timorem
1104 1017 1372 1073 viduitatis
1414 1030 1679 1072 aerumnas
1711 1017 1922 1071 tolerat.

328 1111 551 1166 Manum
595 1125 724 1181 ergo
749 1111 877 1181 ipsis
903 1111 1240 1181 porrigamus
1281 1124 1471 1165 omnes
1501 1115 1557 1165 et
1584 1108 1680 1163 viri
1711 1117 1766 1164 et
1809 1124 1926 1164 mu-

327 1203 523 1267 lieres,
551 1218 619 1259 ne
643 1201 858 1274 quando
887 1201 1158 1258 viduitatis
1189 1201 1462 1256 molestias
1486 1200 1792 1255 subeamus.
1829 1198 1924 1255 Sin

324 1293 663 1357 subeamus,
694 1308 940 1364 magnam
987 1292 1142 1349 nobis
1184 1290 1534 1362 experiunda:
1583 1290 1924 1361 benignitatis

321 1400 520 1440 ansam
551 1364 873 1454 parabimus.
903 1383 1021 1439 Non
1047 1398 1208 1456 parva
1258 1384 1335 1438 vis
1366 1383 1721 1454 laerymarum
1750 1382 1921 1438 vidua:

1357 258 1424 314 1N
1460 258 1772 315 JOANNEM
1811 259 2045 317 1103111..
2086 261 2275 319 LXXI.
2316 265 2387 320 al.
2430 265 2595 322 LXX.

352 375 679 445 Frequenter
719 373 771 428 in
809 371 1083 443 Scriptura
1127 369 1400 427 viduarum
1430 379 1483 427 et
1514 371 1834 443 pupillorum
1878 372 1935 426 ﬁt

349 465 584 522 mentio:
616 474 670 519 at
702 463 858 520 nobis
887 464 1097 519 illorum
1145 462 1287 518 nulla
1338 463 1474 518 ratio
1504 473 1605 518 est.
1647 464 1806 534 Atqui
1838 480 1930 518 co-

3529 288 3635 347 38¢

2044 384 2167 442 est,
2200 377 2292 431 sed
2340 388 2517 449 petest
2568 382 2654 436 illa
2694 384 2775 439 vel
2828 384 2999 456 ipsum
3031 395 3221 447 emtum
3268 400 3501 468 aperire.
3553 405 3631 463 Ne

2044 482 2171 537 ergo
2218 468 2322 523 illis
2365 471 2681 528 insnltemus
2705 516 2719 542 ,
2771 492 2869 534 nec
2908 480 3266 541 calamitatem
3295 504 3586 562 augeamus
3614 540 3628 563 ,

2042 560 2134 615 sed
2167 564 2309 617 omni
2339 565 2497 619 modo
2526 566 2757 626 feramus
2785 587 2963 643 opem.
2992 576 3045 631 Si
3070 579 3138 632 ita
3168 560 3422 640 faciamus
3445 628 3459 652 ,
3494 560 3631 644 mul.
3692 648 3699 655 _

2042 664 2146 708 tam
2175 656 2327 711 nobis
2362 660 2707 718 securitatem
2739 669 3169 737 comparabimus
3196 685 3248 730 et
3286 677 3336 732 in
3372 678 3474 735 hoc
3524 698 3628 738 εω-

2034 935 2266 1018 strorum
2299 940 2505 1001 partem
2547 935 2617 992 ob
2660 937 2920 998 beneﬁcia
2951 944 3081 1014 ipsis
3124 952 3360 1018 przestita
3404 954 3622 1011 abscin-

2034 1017 2189 1084 dent,
2222 1030 2276 1077 et
2300 1022 2351 1077 id
2379 1025 2534 1083 nobis
2563 1031 2923 1090 conciliabant
2946 1077 2961 1103 ,
2998 1046 3054 1092 ut
3085 1017 3352 1109 possimus
3376 1055 3503 1102 ante
3530 1049 3622 1102 tri-

2031 1111 2194 1170 bunal
2219 1114 2417 1172 Christi
2465 1119 2678 1179 adstare
2706 1140 2827 1181 cum
2858 1127 3047 1184 ﬁducia
3074 1149 3088 1198 ;
3120 1136 3261 1204 quod
3293 1154 3392 1195 nos
3430 1158 3621 1202 omnes

2029 1206 2240 1274 assequi
2279 1209 2572 1281 contingat,
2606 1216 2774 1284 gratia
2806 1226 2859 1272 et
2896 1218 3228 1292 benignitate
3267 1229 3475 1287 Domini
3514 1251 3614 1288 no-

2028 1293 2124 1349 stri
2153 1295 2280 1352 Jesu
2317 1296 2537 1368 Christi,
2580 1303 2663 1359 cui
2713 1307 2880 1377 gloria
2925 1311 2978 1366 in
3031 1317 3222 1372 sarcula
3273 1323 3625 1385 szeculorum-

2028 1383 2221 1441 Amen.

326 1502 3611 1629 ᾩ

318 1717 457 1774 ΟΜ».
505 1718 593 1773 15.
638 1732 691 1771 v.
736 1715 823 1772 12.
869 1715 937 1769 Et
979 1716 1170 1786 accepit
1217 1715 1505 1769 vestimenta
1531 1729 1622 1769 sua
1648 1754 1661 1775 ,
1715 1720 1764 1792 et
1802 1725 1915 1762 cum

395 1809 706 1864 recubuisset
725 1793 949 1874 iterum:
969 1807 1100 1861 dixit
1121 1807 1193 1861 eis
1222 1825 1235 1861 :
1262 1806 1421 1863 Scitis
1440 1807 1562 1876 quid
1586 1804 1788 1874 fecerim
1823 1817 1913 1857 vo-

392 1902 470 1955 bis
491 1903 519 1956 .’
542 1910 647 1957 etc.

392 1992 448 2051 1.
498 1991 624 2047 Post
670 1992 870 2063 lapsum
932 2005 1196 2065 resurgere
1248 1989 1598 2063 difﬁcillimum
1640 1997 1729 2045 est.
1758 1988 1914 2043 Judte

314 2084 628 2155 pervicacia.
655 2114 726 2124 —
752 2083 1118 2139 Perniciosum
1145 2090 1229 2138 est
1253 2123 1269 2147 ,
1303 2081 1481 2138 dilecti
1505 2122 1520 2149 ,
1549 2081 1907 2151 perniciosum

315 2176 509 2245 utique
536 2215 552 2240 ,
587 2175 640 2229 in
669 2173 993 2245 profundum
1039 2174 1301 2228 malorum
1353 2172 1609 2228 incidere.
1655 2172 1732 2227 Ex
1785 2171 1909 2227 hinc

313 2267 466 2321 enim
498 2264 720 2320 difﬁcile
746 2264 1079 2319 convertitur
1106 2263 1338 2320 animus.
1373 2262 1604 2337 Ideoque
1630 2262 1761 2317 nihil
1801 2276 1906 2317 non

315 2355 591 2427 agendum
616 2363 698 2410 est
721 2395 735 2417 ,
773 2362 833 2410 ut
876 2370 943 2410 ne
982 2369 1013 2409 a
1043 2353 1303 2424 principio
1353 2354 1644 2423 capiamur.
1677 2351 1907 2408 Facilius

315 2445 526 2516 quippe
551 2455 631 2501 est
675 2460 784 2500 non
831 2444 1063 2512 cadere,
1094 2460 1251 2515 quam
1306 2442 1513 2515 lapsum
1564 2443 1900 2514 resipiscere.

315 2532 456 2590 Vide
483 2550 631 2604 ergo,
660 2534 877 2606 quando
897 2534 1062 2590 semel
1092 2535 1272 2605 lapsus
1299 2533 1579 2600 cstJudas,
1607 2542 1736 2604 quot
1756 2533 1905 2590 obla-

307 2629 382 2683 tis
412 2627 519 2683 sibi
568 2627 780 2681 auxiliis
804 2667 821 2692 ,
867 2643 971 2681 non
1006 2635 1182 2681 tamen
1222 2636 1485 2695 resurgat.
1522 2626 1661 2680 Dixit
1703 2626 1861 2682 .losus
1884 2668 1899 2692 ,

309 2721 467 2779 Unus
492 2729 711 2777 uestrum
732 2719 963 2774 diabolus
983 2730 1096 2784 est;
1127 2720 1281 2785 dixit,
1313 2717 1433 2773 Non
1465 2736 1634 2801 omnes
1654 2721 1902 2782 credunt;

304 2813 481 2877 dixit,
530 2812 651 2867 Non
701 2812 764 2866 de
816 2810 1047 2864 omnibus
1098 2811 1253 2875 dico;
1294 2819 1346 2865 et
1374 2853 1388 2875 ,
1439 2809 1561 2865 Scio
1606 2827 1730 2879 quos
1776 2810 1904 2879 elegi

305 2906 496 2978 (Joan.
530 2907 584 2963 6.
620 2907 706 2960 71.
741 2904 825 2960 15.
859 2911 904 2956 et
947 2903 1033 2959 i3.
1067 2902 1168 2974 18)
1195 2919 1210 2957 :
1236 2911 1290 2958 et
1321 2901 1451 2956 nihil
1485 2902 1674 2957 horum
1709 2903 1895 2958 sensit.

306 2995 602 3068 Postquam
627 3007 796 3050 autem
829 2994 949 3049 lavit
977 2994 1146 3065 pedes,
1171 3003 1216 3048 et
1244 2994 1435 3064 accepit
1463 2994 1753 3048 vestimenta
1778 3009 1895 3059 sua,

300 3104 425 3142 cum
475 3085 799 3153 recubuisset,
852 3087 963 3140 ait:
996 3084 1149 3141 Scitis
1192 3084 1313 3154 quid
1351 3084 1553 3153 fecerint
1596 3082 1751 3137 vobis.
1781 3082 1898 3138 Non

300 3179 452 3234 ultra
487 3177 701 3233 Petrum
730 3179 901 3232 solum
928 3217 945 3243 ,
977 3176 1070 3231 sed
1103 3191 1292 3231 omnes
1329 3175 1637 3246 alloquitur.
1668 3175 1754 3230 15.
1797 3172 1898 3228 Vos

297 3274 502 3327 vocatis
541 3286 621 3324 me
664 3269 970 3341 Magistrum
997 3280 1042 3324 et
1068 3267 1348 3323 Dominum
1372 3268 1389 3299 ³
1412 3286 1426 3334 ;
1457 3278 1504 3322 et
1546 3267 1667 3321 bene
1689 3267 1897 3333 dicitis;

298 3380 422 3417 sum
460 3362 665 3417 etenim.
702 3359 804 3416 Vos
826 3362 1013 3416 uocatis
1054 3378 1149 3416 me.
1184 3360 1399 3416 illorum
1438 3358 1699 3429 judicium
1742 3373 1896 3415 acce-

300 3465 460 3526 ptum
488 3454 673 3511 habet.
706 3454 906 3511 Deinde
937 3471 1004 3509 ne
1031 3453 1097 3509 ad
1128 3453 1337 3509 illorum
1362 3455 1586 3526 gratiam
1614 3452 1728 3510 haec
1754 3454 1894 3511 dicta

296 3561 430 3604 esse
470 3546 788 3613 videantur,
823 3545 1040 3612 subdit,
1071 3546 1199 3601 Sum
1233 3548 1437 3601 etenim.
1464 3547 1597 3603 Cum
1632 3561 1761 3618 ergo
1781 3561 1895 3603 ser-

295 3652 526 3694 mortem
563 3651 750 3692 eorum
788 3636 1016 3704 inducit,
1041 3638 1151 3708 jam
1178 3652 1439 3694 onerosus
1466 3654 1570 3694 non
1601 3647 1716 3706 est;
1751 3638 1893 3711 quod

295 3730 460 3786 illum
486 3727 809 3794 conﬁrmet,
847 3729 976 3784 nulli
1025 3730 1315 3800 suspicioni
1353 3730 1642 3787 obnoxium
1693 3731 1889 3787 reddit.

296 3820 441 3878 Sum
468 3821 652 3875 etenim
674 3862 689 3887 ,
715 3820 907 3891 inquit.
943 3819 1130 3876 Viden’
1156 3836 1262 3891 quo
1287 3833 1460 3891 pacto,
1489 3822 1703 3894 quando
1726 3822 1892 3879 disci-

293 3912 465 3982 pulos
504 3910 830 3980 alloquitur,
874 3910 942 3966 de
986 3925 1044 3965 se
1069 3911 1303 3981 apertius
1340 3911 1606 3984 loquatur.
1655 3912 1725 3969 Ut
1765 3927 1894 3985 ergo

292 4002 479 4059 dicit:
517 4001 692 4057 Nolite
740 4018 920 4058 vocare
966 4005 1264 4075 magistrum
1293 4021 1447 4074 super
1485 4013 1672 4060 terram
1713 4022 1733 4061 :
1762 4023 1894 4062 unus

291 4094 440 4148 enim
475 4102 758 4163 przeeptor
800 4102 959 4147 vester
997 4103 1069 4149 est
1099 4094 1311 4166 (Matth.
1343 4094 1431 4151 25.
1463 4096 1516 4151 8.
1549 4095 1647 4167 9);
1680 4096 1748 4153 ita
1776 4099 1890 4167 ait,

294 4183 371 4240 Et
400 4183 563 4239 nolite
597 4200 779 4239 vocare
826 4194 1023 4255 patrem
1064 4202 1215 4259 super
1253 4196 1458 4244 terram.
1493 4187 1626 4244 Illud
1671 4199 1848 4245 autem
1875 4231 1889 4257 ,

292 4289 446 4330 unus
474 4283 533 4331 et
550 4290 709 4341 unus,
740 4290 846 4331 non
873 4275 941 4333 de
961 4274 1119 4334 Patre
1146 4287 1349 4333 tantum
1371 4278 1584 4345 dicitur,
1613 4280 1708 4336 sed
1730 4280 1892 4337 etiam

290 4366 367 4423 de
397 4367 520 4439 ipso
541 4365 717 4432 Filio;
756 4368 838 4422 sin
886 4368 954 4424 de
990 4383 1049 4425 se
1095 4385 1200 4424 non
1247 4369 1555 4441 loqueretur
1579 4411 1594 4437 ,
1623 4372 1892 4443 quomodo

287 4460 552 4527 dixisset,
587 4458 657 4516 Ut
681 4460 777 4531 filii
804 4461 932 4516 lucis
964 4462 1073 4516 sitis
1094 4461 1276 4532 (Joan.
1306 4462 1389 4517 12.
1421 4463 1554 4533 36)?
1580 4467 1657 4521 Ac
1684 4480 1889 4535 rursus,

289 4554 343 4610 si
378 4552 698 4624 magistrum
728 4552 900 4607 solum
924 4552 1135 4609 Patrem
1165 4554 1389 4622 diceret,
1409 4555 1678 4627 quomodo
1712 4558 1790 4612 sic
1810 4558 1892 4613 lo-

288 4654 584 4717 queretur,
612 4641 745 4701 Sum
764 4645 943 4699 etenim
962 4646 988 4699 ?
1020 4655 1107 4713 et,
1135 4642 1280 4702 Unus
1305 4655 1377 4701 est
1414 4657 1693 4718 prceceptor
1713 4659 1887 4718 vester,

289 4734 540 4793 Christus
554 4736 582 4791 I

374 4823 763 4895 Discipulorum
803 4827 953 4897 pedes
997 4826 1117 4881 lavit
1145 4825 1375 4884 Christus
1414 4839 1467 4884 ut
1508 4848 1597 4886 nos
1642 4832 1892 4887 humilita-

289 4927 405 4972 tem
421 4917 811 4972 doceret.—M.
832 4916 895 4971 Si
909 4933 1047 4987 ergo,
1076 4918 1266 4987 inquit,
1286 4936 1381 4991 ego
1411 4918 1677 4977 Dominus’
1700 4934 1751 4978 et
1777 4923 1889 4979 Ha.

284 5005 461 5077 gistcr
508 5007 612 5060 lavi
656 5007 809 5076 pedes
851 5018 1039 5063 vestros
1059 5049 1074 5076 ,
1106 5017 1152 5062 et
1197 5026 1283 5063 vos
1310 5010 1494 5067 debetis
1524 5013 1652 5068 alter
1679 5012 1893 5071 alterius

286 5097 480 5152 tame
505 5097 677 5167 pedes.
713 5098 799 5154 15.
829 5095 1138 5169 Exemplum
1163 5101 1281 5154 dedi
1299 5103 1455 5167 vobis,
1490 5112 1544 5157 ut
1570 5107 1892 5175 quemadmo-

282 5188 429 5243 dum
456 5203 552 5260 ego
594 5189 690 5258 feci
731 5187 886 5255 vobis,
931 5190 1003 5243 ita
1047 5201 1094 5245 et
1137 5205 1221 5246 vos
1246 5193 1467 5264 faciatis.
1497 5195 1653 5266 Atqui
1685 5212 1788 5252 non
1814 5207 1895 5255 est

284 5279 378 5336 idi
387 5294 567 5349 psum.
596 5279 688 5335 Iiie
712 5296 942 5352 namque
961 5280 1210 5354 Magister
1232 5293 1311 5340 est
1341 5296 1393 5341 et
1426 5286 1697 5355 Dominus,
1721 5301 1776 5345 et
1801 5306 1896 5347 vos

285 5381 500 5427 mutuo
539 5374 808 5428 conservi.
836 5374 974 5441 Quid
1002 5390 1133 5447 ergo
1170 5376 1271 5433 sibi
1298 5380 1408 5435 vult
1436 5378 1566 5436 illud
1588 5423 1603 5448 ,
1638 5382 1721 5438 Ita
1740 5384 1767 5437 2
1791 5384 1895 5441 E0-

281 5461 435 5519 dcm
462 5463 660 5519 studio.
690 5462 815 5521 Ideo
844 5481 910 5521 ex
936 5466 1233 5538 majoribus
1259 5468 1421 5527 rebus
1445 5474 1687 5546 exempla
1710 5475 1890 5544 sumit,

368 5599 400 5690 ἒ
422 5593 597 5710 *ιιἓὲ
618 5595 1645 5729 “catmumer

2022 1717 2080 1761 ut
2105 1711 2293 1808 saltem
2315 1716 2491 1773 minus
2516 1718 2792 1781 faciamus.
2814 1727 2947 1785 Nam
2972 1733 3204 1805 magistri
3229 1740 3405 1808 pueris
3426 1742 3611 1802 literas

2021 1801 2408 1899 pulcherrimas
2432 1812 2692 1883 scribunt,
2726 1827 2801 1885 ut,
2830 1820 2951 1877 licet
2982 1801 3365 1899 imperlee-tius,
3391 1832 3615 1892 imiten-

2176 1892 2274 1992 U-bi
2323 1913 2465 1957 nunc
2509 1913 2634 1960 sunt
2678 1909 2767 1979 qui
2799 1892 3089 1970 conservos
3136 1920 3287 1975 nihili
3323 1892 3617 1992 pendunt?

2021 1980 2118 2079 ubi
2139 1985 2227 2054 qui
2258 1985 2491 2079 honores
2517 2000 2817 2065 expetunt?
2845 2001 3140 2062 Proditoris
3170 1980 3336 2079 pedes
3359 1980 3615 2074 Christus.

2016 2072 2164 2139 lavit,
2211 2078 2459 2151 sacrilegi
2507 2092 2561 2139 et
2606 2085 2758 2156 luris,
2808 2092 3078 2165 etiamque
3123 2072 3438 2168 proditionis
3470 2072 3601 2161 tem;

2014 2176 2177 2233 pore,
2206 2174 2260 2221 et
2289 2182 2411 2224 cum
2439 2172 2581 2229 nulla
2625 2177 3009 2248 resipiscentize
3036 2201 3161 2255 spes
3188 2200 3332 2248 esset
3353 2233 3367 2255 .
3400 2210 3603 2252 mense

2013 2268 2315 2314 consortem
2358 2262 2575 2333 eﬁ‘ecit;
2618 2277 2672 2323 et
2717 2280 2769 2326 tu
2813 2273 2978 2331 altum
3010 2278 3190 2349 sapis,
3234 2291 3288 2338 et
3313 2288 3599 2355 supercilia

2012 2347 2267 2403 extollis?
2311 2352 2480 2410 Pedes
2532 2367 2714 2416 mutuo
2761 2364 3038 2433 lavemus,
3070 2347 3280 2443 inquit,
3326 2347 3607 2449 etiamque

2011 2451 2309 2539 servorum.
2345 2445 2411 2500 Et
2446 2449 2574 2519 quid
2605 2467 2877 2523 magnum,
2918 2458 2963 2513 si
3009 2475 3287 2519 servorum
3337 2445 3550 2539 quoque
3569 2473 3607 2526 ?‘

2011 2528 2109 2584 Hic
2133 2533 2274 2586 enim
2306 2534 2444 2591 liber
2470 2550 2525 2595 et
2548 2556 2736 2599 servus
2757 2548 2974 2605 nomine
3006 2559 3162 2608 tenus
3184 2528 3599 2625 diﬁ'erunt,'illie

2010 2634 2137 2676 vero
2157 2624 2235 2678 rei
2258 2627 2500 2685 veritate.
2530 2631 2661 2687 Nam
2690 2635 2779 2691 ille
2806 2647 2991 2694 natura
3019 2642 3273 2702 Dominus
3297 2656 3398 2713 est,
3423 2624 3475 2704 et
3496 2666 3594 2708 nos

2008 2712 2186 2778 servi;
2220 2729 2396 2786 neque
2424 2728 2599 2776 tamen
2628 2722 2681 2778 id
2721 2724 2896 2785 facere
2933 2744 3079 2788 nunc
3117 2712 3402 2791 recusavit.
3441 2739 3592 2795 Nunc

2007 2814 2135 2857 vero
2178 2804 2393 2875 mirum,
2443 2810 2491 2865 si
2537 2826 2644 2868 non
2689 2814 2874 2873 liberis
2913 2827 2973 2874 ut
3014 2822 3184 2879 servis
3226 2833 3281 2881 et
3311 2835 3370 2883 ut
3397 2831 3594 2899 emptis

2005 2895 2285 2967 mancipiis
2324 2906 2555 2958 utamur.
2590 2904 2793 2976 Ecquid
2825 2918 2949 2968 tunc
2974 2911 3216 2972 dicemus
3235 2957 3250 2986 ,
3280 2933 3402 2975 cum
3430 2895 3593 2978 tanta:

2006 2987 2276 3054 patientiae
2321 3000 2376 3046 et
2418 2995 2799 3055 moderationis
2840 3007 3086 3075 exempla
3130 3008 3446 3083 habeamus,
3488 3030 3589 3071 nec

2006 3076 2295 3145 imitemur,
2328 3081 2437 3137 imo
2461 3099 2527 3139 ex
2553 3086 2816 3145 diametro
2843 3095 3073 3162 oppositi
3117 3105 3173 3151 et
3207 3076 3581 3169 elati'stemus,

2005 3191 2178 3248 neque
2220 3179 2459 3237 debitum
2487 3184 2818 3244 reddamus?
2855 3188 2967 3246 Nos
2996 3194 3193 3263 quippe
3231 3205 3417 3251 mutuo
3439 3198 3586 3254 debi-

2005 3276 2148 3324 tores
2168 3273 2443 3330 constituit
2468 3275 2629 3343 Deus,
2658 3278 2771 3349 ipse
2796 3282 2942 3352 prius
2963 3299 3206 3353 exorsus,
3233 3297 3286 3342 et
3310 3288 3363 3343 in
3392 3290 3583 3346 minori

2004 3368 2154 3428 parte
2179 3360 2472 3421 debitores.
2506 3366 2625 3438 Ipse
2652 3385 2884 3443 namque
2912 3374 3172 3433 Dominus
3202 3387 3352 3447 erat;
3393 3391 3444 3436 et
3486 3396 3586 3438 nos

2001 3465 2130 3507 vero
2167 3454 2211 3509 si
2259 3455 2311 3510 id
2350 3456 2627 3527 faciamus,
2659 3477 2783 3534 erga
2813 3480 3105 3524 conservos
3144 3470 3389 3529 facimus.
3432 3475 3600 3544 Quod.

2000 3544 2171 3614 ipsum
2193 3546 2545 3607 subindicavit
2567 3566 2689 3610 cum
2718 3554 2955 3625 diceret,
2990 3559 3053 3615 Si
3078 3578 3194 3633 ergo
3219 3580 3310 3635 ego
3335 3562 3599 3622 Dominus.

2000 3645 2046 3692 et
2076 3636 2358 3709 Magister;
2383 3655 2445 3696 ac
2472 3658 2681 3700 rursum
2700 3688 2716 3713 ,
2749 3646 2837 3701 Ita
2864 3659 2910 3703 et
2937 3666 3043 3707 vos.
3068 3650 3415 3726 Consequens
3441 3658 3585 3715 enim

1999 3737 2115 3784 erat
2142 3731 2341 3798 dicere,
2370 3732 2579 3801 Quanto
2607 3736 2775 3807 magis
2803 3753 2897 3795 vos
2919 3742 3105 3797 servi?
3132 3759 3314 3801 verum
3343 3746 3471 3803 illud
3494 3766 3588 3803 au-

2001 3822 2231 3878 ditorum
2269 3826 2612 3883 conscientia:
2652 3830 2892 3901 reliquit.
2937 3832 3047 3889 Cur
3081 3845 3259 3891 autem
3302 3836 3405 3894 hoc
3446 3855 3589 3896 nunc

1999 3912 2162 3970 fecit?
2190 3913 2459 3972 Honorem
2482 3921 2857 3990 consequuturi
2880 3935 3053 3992 erant,
3076 3924 3167 3980 alii
3190 3928 3471 3998 majorem,
3495 3931 3595 3985 alii

2000 4006 2280 4067 minorem.

2068 4097 2124 4151 2.
2153 4098 2230 4154 Ne
2256 4099 2415 4170 igitur
2442 4115 2562 4157 sese
2596 4100 2852 4159 adversus
2879 4104 3015 4161 alios
3042 4107 3362 4164 extollerent
3386 4152 3400 4176 ,
3432 4111 3581 4168 dice-

2000 4198 2221 4260 rentque
2247 4200 2306 4245 ut
2325 4200 2503 4257 antea,
2539 4192 2665 4261 Quis
2691 4196 2856 4267 major
2881 4196 2995 4251 est?
3018 4213 3189 4270 neque
3215 4202 3303 4257 alii
3331 4202 3593 4260 adversus

1998 4282 2131 4336 alios
2160 4282 2590 4354 indignarentur,
2629 4302 2841 4343 omnem
2868 4288 2936 4345 ab
2965 4289 3096 4360 ipsis
3138 4294 3271 4350 tollit
3298 4295 3587 4353 elationem

1998 4371 2181 4429 dicens
2212 4392 2225 4429 :
2256 4374 2753 4449 Quantumcumque
2777 4396 3001 4454 magnus
3020 4383 3113 4449 sis,
3143 4401 3248 4441 non
3276 4387 3438 4443 debes
3459 4405 3595 4459 erga.

2000 4466 2213 4523 fratrem
2265 4468 2428 4524 altum
2474 4486 2680 4538 sapere.
2731 4473 2914 4546 Neque
2960 4477 3093 4534 dixit
3136 4479 3188 4535 id
3233 4483 3379 4554 quod
3414 4486 3585 4554 majus

1999 4571 2115 4619 erat
2142 4580 2156 4616 :
2188 4562 2245 4619 Si
2273 4578 2371 4635 ego
2396 4565 2684 4635 proditoris
2712 4568 2876 4639 pedes
2901 4572 3028 4638 lavi,
3062 4575 3185 4644 quid
3220 4592 3465 4646 magnum
3494 4622 3508 4643 ,
3538 4580 3584 4633 si

2000 4670 2094 4709 vos
2120 4655 2386 4711 sociorum
2417 4658 2584 4727 pedes
2621 4659 2849 4717 lavetis?
2875 4664 2970 4719 sed
3010 4680 3128 4720 cum
3163 4668 3262 4723 hoc
3287 4671 3463 4738 reipsa
3491 4687 3585 4726 ex-

1999 4746 2258 4803 hibuisset
2279 4789 2294 4815 ,
2328 4748 2379 4805 id
2411 4760 2768 4821 spectatorum
2794 4754 2995 4824 judicio
3020 4757 3252 4830 reliquit.
3285 4759 3407 4817 Ideo
3436 4761 3583 4819 dice-

1999 4837 2106 4901 bat,
2134 4840 2233 4906 Qui
2251 4841 2420 4910 fecerit
2441 4852 2484 4897 et
2502 4843 2749 4913 docuerit,
2767 4845 2848 4901 hic
2868 4863 3079 4920 magnus
3098 4852 3354 4906 vocabitur
3370 4852 3587 4924 (Matth.

2000 4930 2053 4985 5.
2106 4930 2215 5003 19).
2260 4931 2373 4989 Hoc
2411 4934 2552 4991 enim
2601 4951 2725 4992 vere
2765 4935 2961 4995 docere
2997 4950 3112 5010 est,
3145 4958 3265 4997 cum
3299 4959 3395 5014 per
3424 4959 3595 5016 opera.

2000 5020 2239 5078 docetur.
2277 5023 2445 5092 Quem
2475 5028 2619 5083 enim
2662 5027 2855 5084 fastum
2889 5030 2991 5086 hoc
3036 5047 3141 5087 non
3193 5035 3381 5090 tollat?
3424 5052 3582 5107 quam

2002 5132 2105 5171 non
2151 5118 2505 5188 arrogantiam
2545 5127 2602 5175 et
2641 5122 2943 5192 superbiam
2973 5124 3274 5195 deprimat?
3299 5127 3400 5196 QUI
3437 5130 3584 5185 sedet

2000 5222 2161 5278 super
2184 5207 2471 5265 Cherubim
2497 5252 2509 5273 ,
2537 5211 2823 5281 proditoris
2855 5213 3016 5283 pedes
3046 5215 3205 5284 lavit;
3236 5227 3289 5273 tu
3316 5235 3440 5275 vero
3463 5262 3477 5285 ,
3509 5223 3581 5276 mi

2001 5296 2164 5355 homo
2184 5342 2199 5366 ,
2229 5301 2319 5373 qui
2350 5302 2505 5366 cinis,
2537 5313 2674 5359 terra
2707 5314 2762 5360 et
2789 5305 2964 5377 pulvis
2990 5321 3051 5363 es
3071 5349 3085 5373 ,
3116 5309 3343 5379 teipsum
3371 5313 3583 5367 extollis

2000 5399 2057 5447 et
2098 5392 2262 5446 altum
2310 5394 2492 5465 sapis?
2537 5410 2702 5466 ecqua
2732 5397 2974 5468 gehenna
3016 5399 3208 5472 dignus
3238 5418 3345 5458 non
3385 5402 3584 5462 lueris?

2000 5482 2152 5551 Quod
2178 5484 2222 5540 si
2247 5484 2383 5540 altos
2407 5500 2597 5542 sensus
2624 5488 2821 5559 capias,
2837 5507 2937 5562 ego
2957 5492 3049 5549 tibi
3073 5496 3382 5553 monstrabo
3403 5497 3574 5561 viam:

2001 5573 2127 5646 quid
2166 5575 2307 5631 enim
2350 5577 2419 5631 sit
2462 5577 2695 5648 ignoras.
2735 5580 2835 5650 Qui
2866 5583 3025 5640 rebus
3054 5586 3412 5657 praesentibus
3434 5590 3585 5659 quasi

2002 5665 2207 5739 magnis
2237 5665 2400 5724 haeret
2422 5711 2441 5739 ,
2487 5669 2572 5726 hic
2611 5670 2731 5729 vilis
2759 5680 2818 5730 et
2840 5674 3032 5745 abjecti
3060 5685 3143 5735 est
3172 5674 3354 5735 animi.
3403 5676 3588 5751 itaque
