4140 6204
453 250 554 311 587

449 384 555 423 non
603 378 680 424 est
729 368 999 426 humilitas
1041 369 1158 425 sine
1202 370 1563 442 magnitudine
1611 370 1809 436 animi;
1859 383 2033 439 neque

446 461 607 515 aliam
644 459 804 517 habet
841 477 1054 518 causam
1096 461 1344 532 superbia
1392 461 1491 516 nisi
1528 461 2034 531 pusillanimitatem.

448 553 907 621 Quemadmodum
928 556 1070 611 enim
1096 555 1302 626 pueruli
1325 555 1513 610 vilibus
1538 554 1763 619 inhiant,
1788 553 2033 624 sphteris,

451 648 673 714 trochis,
703 648 851 712 talis,
878 662 1067 718 magna
1092 662 1220 703 vero
1248 661 1319 703 ne
1346 646 1668 718 cogitatione
1696 646 1911 715 quidem
1941 659 2030 700 ea-

450 751 578 809 pere
623 748 847 810 possunt
874 757 888 793 :
918 740 997 796 sic
1033 748 1087 794 et
1124 752 1267 793 nunc
1304 738 1395 809 qui
1438 735 1863 808 philosophatur,
1896 750 2035 804 prte-

450 832 618 887 sentia
642 830 771 885 nihil
796 829 1122 886 existimabit
1151 830 1299 899 (non
1336 843 1464 898 ergo
1506 826 1595 880 illa
1626 824 1823 880 habere
1856 824 1941 878 vel
1968 822 2035 878 ab

450 922 556 977 alio
584 922 793 990 assequi
824 921 1065 993 optabit}
1095 936 1110 985 ;
1152 920 1242 990 qui
1272 932 1401 973 vero
1440 933 1543 972 non
1588 914 1994 987 philosophatur
2014 954 2031 981 ,

448 1026 635 1070 contra
666 1015 907 1079 allectus,
929 1014 1161 1078 araneis,
1182 1013 1404 1076 umbrm,
1435 1010 1656 1065 somniis
1682 1018 1735 1064 et
1762 1006 2035 1062 vilioribus

449 1105 611 1160 rebus
652 1104 893 1161 haerebit.
942 1104 1029 1159 16.
1085 1103 1239 1156 Amen
1259 1144 1275 1168 ,
1322 1116 1468 1154 amen
1496 1100 1609 1153 dico
1635 1099 1771 1153 vobis
1794 1114 1813 1151 :
1834 1114 1935 1151 non
1964 1104 2035 1150 est

445 1211 617 1251 servus
640 1196 805 1265 major
832 1195 1036 1248 domino
1060 1208 1184 1257 suo;
1214 1208 1374 1260 neque
1398 1191 1660 1261 apostolus
1691 1190 1855 1260 major
1880 1197 1951 1243 est
1977 1203 2034 1241 eo

445 1287 533 1357 qui
554 1287 691 1340 misit
718 1303 850 1339 eum.
886 1286 970 1340 l7.
1000 1286 1059 1340 Si
1082 1285 1189 1338 lucc
1215 1284 1372 1350 scitis,
1405 1284 1533 1337 beati
1571 1284 1708 1337 eritis
1739 1283 1780 1336 si
1818 1281 2035 1353 feceritis

444 1393 524 1431 ea.
573 1377 657 1431 18.
693 1375 811 1430 Νοιι
843 1377 905 1430 de
940 1376 1171 1429 omnibus
1213 1375 1349 1429 vobis
1377 1375 1523 1437 dico,
1554 1374 1641 1428 sed
1682 1384 1736 1427 ut
1765 1373 2036 1441 impleatur

447 1466 718 1538 Scriptura
743 1482 762 1520 :
796 1465 894 1534 Qui
923 1466 1196 1520 manducet
1235 1482 1415 1535 panem
1450 1480 1674 1530 mecum,
1706 1465 1887 1518 levavit
1921 1463 2031 1516 cal—

446 1575 654 1614 caneutn
693 1575 839 1612 suum
878 1568 1053 1611 contra
1081 1574 1179 1610 me.
1210 1557 1265 1611 ld
1296 1555 1438 1626 quod
1467 1556 1712 1625 superius
1749 1554 1901 1622 dixit,
1948 1555 2035 1611 hic

449 1665 662 1721 quoque
688 1649 912 1717 repetit,
945 1657 1002 1702 ut
1032 1647 1336 1717 redarguat.
1368 1647 1499 1702 Nam
1529 1648 1572 1701 si
1607 1662 1712 1702 non
1740 1656 1824 1703 est
1849 1662 2035 1703 servus

450 1741 622 1811 major
641 1739 861 1795 domino
887 1753 1007 1803 suo,
1042 1754 1218 1809 neque
1244 1738 1518 1806 apostolus
1545 1738 1714 1809 major
1733 1752 1802 1793 eo
1824 1739 1911 1808 qui
1936 1741 2037 1791 mi-

448 1834 519 1887 sit
547 1832 757 1901 ipsntn;
790 1839 844 1886 et
877 1831 921 1885 si
956 1832 1055 1885 hoc
1090 1846 1121 1884 a
1163 1845 1250 1885 me
1278 1829 1474 1884 factum
1506 1838 1589 1885 est
1626 1847 1640 1884 :
1670 1830 1836 1885 multo
1868 1830 2035 1899 magis

446 1940 476 1977 a
519 1922 670 1977 vobis
710 1920 801 1976 fiat
844 1929 1076 1991 oportet.
1122 1919 1356 1985 Deinde,
1402 1934 1471 1974 ne
1505 1920 1623 1990 quis
1650 1920 1893 1975 diceret:
1926 1920 2035 1973 Cur

448 2011 549 2067 hoc
574 2009 744 2066 dicis?
771 2026 914 2066 nunc
945 2011 1092 2066 enim
1119 2010 1387 2065 nescimus
1415 2026 1430 2064 :
1461 2009 1562 2064 hoc
1587 2008 1761 2079 ipsum
1796 2008 1989 2078 adjecit
2016 2025 2031 2063 :

445 2106 560 2160 Non
592 2116 649 2162 ut
674 2105 1039 2177 ignorantibus
1062 2104 1178 2159 haec
1201 2103 1354 2159 dico:
1384 2101 1479 2158 sed
1502 2112 1559 2157 ut
1582 2118 1678 2172 per
1705 2118 1888 2172 opera,
1912 2116 2030 2172 qua:

447 2201 586 2253 dicta
615 2207 739 2253 sunt
767 2196 1081 2253 exhibeatis.
1120 2194 1251 2250 Nam
1294 2194 1432 2250 scire
1471 2194 1708 2266 quidem,
1749 2193 2029 2256 omnium;

448 2290 623 2345 facere
652 2304 780 2344 vero
798 2330 812 2354 ,
836 2303 939 2343 non
963 2288 1224 2343 omnium.
1254 2287 1378 2342 Ideo
1407 2287 1548 2341 enim
1580 2285 1680 2340 hoc
1701 2286 1862 2351 dicit,
1889 2283 2034 2337 Beati

447 2382 566 2437 estis
593 2383 639 2436 si
666 2383 774 2436 lucc
802 2381 1040 2452 feceritis.
1072 2380 1195 2434 Ideo
1223 2378 1651 2448 frequentissime
1678 2377 1781 2432 hoc
1808 2386 1990 2446 repeto
2012 2417 2026 2441 ,

446 2474 548 2529 etsi
588 2487 684 2528 vos
721 2472 901 2527 sciatis
924 2511 939 2536 ,
972 2479 1030 2525 ut
1058 2485 1153 2525 vos
1194 2468 1259 2522 ad
1296 2468 1557 2539 agendum
1602 2468 1870 2522 inducam.
1900 2466 2030 2520 Nam

446 2566 607 2621 etiam
648 2563 821 2619 Judaei
864 2570 1096 2627 norunt,
1128 2560 1221 2616 sed
1253 2574 1360 2613 non
1389 2558 1506 2615 ideo
1536 2568 1660 2613 sunt
1701 2556 1841 2611 beati
1867 2598 1880 2615 .
1910 2572 2030 2610 cum

446 2657 561 2711 haec
584 2671 688 2711 non
719 2655 938 2711 faciant.
973 2652 1094 2709 Non
1120 2653 1183 2706 de
1206 2652 1437 2706 omnibus
1478 2650 1615 2705 vobis
1662 2650 1795 2705 dico.
1838 2649 2029 2718 Papte,

444 2757 641 2819 quanta
681 2746 967 2818 patientia!
1013 2744 1259 2800 Nondum
1308 2743 1637 2813 proditorem
1682 2743 1890 2814 arguit,
1937 2740 2031 2795 sed

447 2858 561 2897 rem
591 2840 813 2913 obtegit,
854 2840 978 2895 hinc
1022 2839 1096 2894 illi
1133 2836 1461 2909 paenitentia:
1502 2836 1676 2890 locum
1706 2834 2029 2890 concedens.

445 2932 514 2991 Et
554 2932 730 3004 arguit
768 2939 822 2987 et
864 2946 969 2986 non
998 2930 1190 3000 arguit,
1223 2928 1338 2983 haec
1364 2927 1548 2983 dicens
1585 2945 1599 2982 :
1640 2926 1739 2993 Qui
1763 2926 2033 2979 manduca:

446 3040 629 3096 panem
656 3038 869 3090 mecum,
904 3021 1081 3076 levavit
1105 3020 1397 3075 calcaneum
1422 3035 1568 3073 suum
1588 3029 1765 3072 contra
1798 3033 1896 3071 me.
1939 3015 2030 3071 Vi-

441 3119 597 3174 detur
620 3116 750 3172 mihi
782 3114 931 3178 illud,
965 3112 1085 3168 Non
1110 3120 1183 3168 est
1205 3128 1376 3168 servus
1407 3114 1573 3181 major
1599 3111 1802 3165 domino
1826 3126 1936 3173 suo,
1962 3107 2029 3163 ad

445 3212 545 3266 hoc
573 3209 773 3265 dictum
802 3220 941 3272 esse,
979 3214 1037 3260 ut
1061 3204 1108 3259 si
1136 3203 1370 3275 quipiam
1399 3218 1430 3257 a
1455 3202 1643 3269 servis,
1679 3202 1764 3257 vel
1800 3202 1919 3257 aliis
1948 3200 2029 3255 vi-

442 3302 666 3357 lioribus
692 3297 938 3371 personis
966 3295 1254 3366 quidquam
1299 3293 1421 3348 mali
1466 3294 1753 3364 patiantur,
1804 3309 1870 3347 ne
1916 3302 2028 3348 tur-

440 3392 666 3455 bentur,
710 3389 776 3444 ad
818 3388 970 3444 Iuda:
1006 3386 1309 3454 exemplum
1340 3385 1707 3454 respicientes,
1739 3383 1827 3453 qui
1870 3385 2029 3438 innu-

441 3498 587 3539 mera
634 3486 995 3548 consequutus
1042 3476 1178 3530 bona
1209 3516 1225 3541 ,
1274 3474 1540 3529 contraria
1586 3474 1851 3544 rependit.
1906 3473 2030 3529 Ideo

446 3572 719 3637 subdidit,
766 3569 865 3635 Qui
919 3567 1191 3620 manducat
1243 3580 1438 3618 mecum
1482 3581 1700 3633 panem;
1748 3566 2030 3636 missisque

442 3665 563 3719 aliis
590 3661 840 3718 omnibus
865 3700 880 3725 ,
915 3658 1017 3712 hoc
1038 3697 1053 3723 ,
1081 3655 1222 3726 quod
1253 3656 1426 3725 ipsum
1459 3664 1663 3725 poterat
1691 3655 1941 3711 cohibere
1975 3664 2029 3712 et

443 3756 648 3826 pudore
671 3752 907 3815 allicere,
934 3746 1171 3820 protulit.
1195 3745 1297 3815 Qui
1325 3761 1354 3800 a
1382 3760 1466 3801 me
1494 3745 1754 3813 alebatur,
1783 3746 1871 3816 qui
1898 3745 2026 3802 mibi

440 3860 641 3903 mensa:
668 3856 890 3900 consors
924 3846 1070 3906 erat,
1099 3838 1289 3909 inquit.
1330 3838 1455 3893 Hmc
1497 3852 1656 3908 porro
1692 3837 1940 3905 dicebat,
1969 3849 2030 3893 ut

445 3938 569 3993 illos
594 3934 897 3991 institueret
939 3929 1006 3985 ad
1050 3927 1309 3984 beneﬁcia
1342 3929 1406 3983 iis
1438 3929 1769 3998 praestanda,
1807 3930 1895 4001 qui
1925 3929 2027 3984 sibi

441 4031 641 4087 malum
686 4025 968 4091 inferrent,
1012 4022 1221 4079 etiamsi
1268 4020 1590 4077 insanabiles
1636 4030 1841 4078 essent.
1894 4023 2024 4078 Cum

438 4123 568 4179 dicit
590 4127 793 4186 autem,
835 4115 958 4171 Non
984 4113 1048 4169 de
1074 4114 1209 4169 vobis
1236 4114 1467 4168 omnibus
1507 4113 1621 4167 dico
1642 4154 1657 4179 ,
1682 4129 1750 4169 ne
1776 4114 2027 4169 omnibus

440 4218 686 4270 timorem
716 4211 1001 4271 incuteret,
1027 4206 1175 4260 illum
1201 4204 1413 4259 tandem
1441 4214 1685 4274 segregat
1708 4203 1793 4259 his
1813 4206 1988 4260 verbis
2005 4246 2022 4273 ,

437 4307 538 4370 Qui
562 4301 833 4357 manducat
857 4315 1050 4353 mecum
1074 4312 1275 4367 panem.
1310 4294 1442 4350 Illud
1473 4294 1636 4359 enim,
1672 4294 1792 4348 Non
1820 4296 1883 4349 de
1925 4313 2027 4350 ont-

433 4398 601 4459 nibus,
630 4408 734 4448 non
763 4392 981 4447 omnino
1011 4403 1174 4441 unum
1196 4386 1498 4457 quempiam
1526 4385 1870 4455 designabat:
1900 4402 2023 4457 pro-

432 4500 612 4560 pterea
636 4482 893 4549 subdidit,
928 4479 1032 4546 Qui
1058 4478 1331 4533 manducat
1362 4493 1559 4532 mecum
1580 4493 1784 4547 panem,
1826 4479 2023 4533 misero

431 4581 747 4642 declarans,
793 4589 854 4631 se
901 4587 1008 4628 non
1058 4572 1393 4642 ignorantem
1423 4569 1517 4624 sed
1548 4569 1717 4639 probe
1760 4571 2019 4626 scientem

434 4668 839 4743 comprehendi,
871 4665 923 4721 id
956 4662 1098 4736 quod
1136 4663 1286 4718 illum
1328 4662 1561 4717 maxime
1586 4662 1838 4719 cohibere
1866 4674 2020 4734 pote-

430 4777 535 4821 rat.
564 4764 745 4835 Neque
781 4760 937 4827 dixit,
983 4756 1168 4812 Tradit
1212 4771 1328 4821 me;
1374 4755 1491 4823 sed,
1520 4755 1725 4811 levavit
1753 4773 1907 4825 super
1942 4774 2023 4811 me

430 4856 745 4918 calcaneum,
784 4860 842 4906 ut
865 4849 1046 4905 dolum
1076 4856 1132 4903 et
1154 4847 1389 4903 occultas
1415 4847 1635 4903 insidias
1663 4848 1978 4903 declararet.

498 4949 552 5004 ὅ.
598 4944 756 5000 Miser
773 4950 867 5008 est,
895 4957 994 4995 non
1014 4940 1100 5007 qui
1121 4939 1331 5010 patitur,
1353 4939 1443 4994 sed
1463 4939 1554 5009 qui
1572 4940 1725 5011 infert
1753 4941 2015 5009 injuriam.

430 5041 628 5099 -llcec
657 5051 817 5110 porro
838 5035 1032 5105 scripta
1057 5039 1201 5097 sunt,
1229 5039 1289 5087 ut
1316 5047 1385 5088 ne
1402 5032 1646 5104 injuriam
1670 5031 2018 5087 inferentibus

425 5142 873 5192 suceenseamus,
917 5123 1012 5180 sed
1056 5124 1176 5179 illos
1224 5138 1511 5196 arguamus
1556 5132 1612 5180 et
1639 5123 2010 5194 deploremus.

429 5221 703 5292 Lacrymis
716 5218 859 5275 enim
887 5215 1031 5287 digni
1051 5223 1198 5279 sunt,
1232 5230 1336 5270 non
1364 5216 1645 5285 patientes,
1664 5216 1758 5270 sed
1786 5215 2017 5269 inferen-

428 5325 509 5368 tes
540 5311 809 5382 injuriam.
852 5306 985 5362 Nam
1025 5320 1085 5360 se
1125 5306 1357 5364 maxime
1389 5306 1592 5361 laedunt
1616 5315 1819 5377 raptor,
1857 5320 2013 5377 syco-

429 5406 647 5474 phanta,
678 5398 796 5454 etsi
825 5397 916 5468 qui
967 5394 1112 5450 aliud
1160 5396 1287 5451 mali
1343 5395 1611 5462 inferant;
1656 5396 1810 5452 nobis
1835 5405 2011 5450 autem

422 5496 582 5552 Valde
620 5498 877 5565 prosunt,
931 5488 1032 5543 nisi
1084 5503 1185 5543 nos
1235 5489 1336 5559 ipsi
1383 5490 1723 5545 ulciscamur.
1768 5488 2009 5558 Exempli

425 5604 608 5655 causa,
636 5584 813 5656 rapuit
836 5581 1123 5656 quispiam.
1152 5589 1208 5635 et
1240 5590 1297 5636 tu
1324 5596 1423 5653 pro
1448 5583 1641 5652 injuria
1670 5583 1871 5653 gratias
1900 5582 2010 5637 Deo

429 5680 583 5748 egisti
603 5718 618 5745 ,
636 5679 842 5747 ipsique
876 5673 1103 5743 gloriam
1128 5674 1389 5728 retulisti?
1414 5675 1511 5729 Per
1536 5677 1822 5744 gratiarum
1845 5674 2007 5730 actio-

1145 258 1202 315 S.
1242 258 1519 316 JOANNIS
1553 256 2020 315 CHRVSOSTOMI
2062 255 2376 313 ARCHYEP.
2418 258 2954 322 CONSTANTINOP.

3416 182 3498 213 ν-.)

3630 273 3742 329 588

2146 385 2267 426 nem
2300 371 2576 429 innumera
2614 376 2831 444 praemia
2857 385 3217 449 consequutus
3246 391 3345 435 es:
3377 382 3733 452 quemadmo-

2140 461 2384 518 dumille
2423 464 2740 522 immensum
2781 468 2882 523 sibi
2938 468 3115 539 ignem
3171 474 3470 541 apparavit.
3512 474 3571 529 Si
3610 479 3732 546 quis

2141 570 2269 609 vero
2294 554 2526 610 dixerit:
2554 556 2709 623 Quid,
2741 559 2784 611 si
2833 558 3056 615 inferior
3090 574 3213 614 cum
3237 576 3437 632 essem,
3479 565 3729 636 injuriam

2142 659 2248 699 non
2300 646 2444 715 potui
2498 648 2845 715 propulsum?
2892 648 3266 717 responderim
3317 668 3448 723 ego,
3502 655 3725 712 Potuisti

2142 738 2402 808 indignari
2447 748 2501 792 ct
2541 754 2863 796 succensere
2894 759 2908 794 :
2942 741 3059 797 haec
3102 744 3245 798 enim
3290 746 3343 799 in
3392 757 3573 802 nostra
3604 759 3731 804 sunt

2140 838 2425 898 potestate,
2459 830 2739 900 imprecari
2769 830 3005 896 ltedeuti,
3035 834 3319 904 ipsumque
3362 837 3515 893 mille
3561 840 3726 894 maie-

2140 920 2297 975 dictis
2309 922 2557 990 prosequi
2583 930 2638 975 et
2655 920 2933 976 infamare.
2966 922 3066 990 Qui
3091 922 3192 979 hoc
3215 940 3319 980 non
3348 926 3490 989 facit,
3515 931 3729 985 omissae

2141 1013 2390 1068 vindictae
2427 1013 2726 1069 mercedem
2756 1014 2997 1083 recipiet.
3019 1012 3243 1072 Constat
3267 1020 3409 1074 enim
3432 1037 3574 1087 eum,
3606 1037 3725 1077 cum

2141 1103 2244 1160 hoc
2267 1114 2448 1175 posset
2481 1105 2674 1170 facere,
2699 1119 2804 1160 nou
2827 1105 3022 1162 fecisse
3052 1115 3252 1164 tamen.
3278 1109 3410 1164 Nam
3436 1112 3525 1181 qui
3568 1112 3727 1168 laesus

2140 1202 2241 1260 est,
2272 1195 2443 1251 obviis
2472 1195 2774 1265 quibusque
2811 1197 2975 1251 armis
3025 1198 3192 1252 utitur
3216 1240 3231 1263 ,
3263 1199 3309 1253 si
3342 1199 3587 1269 injuriam
3618 1218 3725 1256 non

2140 1284 2293 1351 ferat,
2328 1286 2643 1350 maledictis,
2688 1286 2967 1354 conviciis,
3001 1287 3210 1344 insidiis
3258 1290 3539 1346 laedentem
3593 1293 3725 1347 ulci-

2140 1377 2327 1432 scitur.
2349 1376 2430 1430 Ab
2452 1376 2533 1431 his
2549 1391 2676 1447 ergo
2696 1387 2749 1430 tu
2769 1377 2812 1431 si
2838 1392 2941 1431 non
2961 1378 3120 1433 modo
3140 1378 3429 1446 abstineas,
3454 1382 3546 1437 sed
3564 1383 3724 1437 etiam

2140 1482 2238 1537 pro
2285 1468 2377 1522 illo
2426 1468 2679 1537 preceris,
2712 1466 2815 1522 hoc
2856 1478 3010 1538 pacto
3042 1468 3152 1524 Deo
3182 1470 3372 1525 similis
3395 1470 3614 1527 eﬂ‘ectus
3641 1487 3719 1528 es.

2144 1558 2316 1623 Orate,
2345 1557 2535 1628 inquit,
2583 1574 2676 1627 pro
2723 1559 3132 1626 persequentibus
3176 1575 3282 1624 vos,
3316 1570 3370 1613 ut
3400 1562 3508 1615 sitis
3537 1562 3725 1617 similes

2142 1648 2290 1705 Patri
2315 1659 2494 1715 uestro,
2519 1651 2691 1720 quiest
2718 1650 2772 1704 in
2801 1649 2938 1705 cretis
2963 1650 3175 1720 (Matth.
3204 1652 3257 1708 5.
3282 1653 3370 1707 M.
3399 1654 3512 1724 45).
3537 1653 3725 1710 Viden‘

2139 1750 2337 1811 quanta
2387 1742 2653 1797 lucremur
2678 1757 2745 1797 ex
2794 1742 2958 1797 illatis
2988 1742 3232 1813 injuriis?
3281 1744 3422 1800 Nihil
3454 1746 3522 1800 ita
3555 1747 3722 1801 Deum

2139 1832 2389 1903 delectat,
2417 1844 2478 1888 ut
2502 1850 2608 1888 non
2630 1833 2860 1890 reddere
2889 1836 3085 1890 malum
3106 1852 3201 1907 pro
3214 1837 3374 1904 malo,
3391 1838 3496 1893 imo
3525 1839 3722 1895 bonum

2140 1941 2238 1997 pro
2272 1926 2409 1980 malo
2449 1925 2695 1982 reddere.
2724 1926 3007 1982 Contraria
3046 1944 3173 1999 ergo
3203 1929 3423 1984 reddere
3441 1929 3717 1999 jubcmur,

2140 2015 2336 2081 officia,
2371 2029 2575 2084 preces.
2605 2015 2731 2071 Ideo
2756 2016 3000 2073 Christus
3034 2033 3153 2073 eum
3195 2017 3282 2087 qui
3330 2033 3387 2072 se
3414 2020 3719 2087 proditurus

2139 2117 2256 2162 erat
2299 2106 2574 2162 beneficiis
2600 2108 2884 2171 afficiebat,
2941 2108 3100 2178 pedes
3129 2109 3243 2177 ejus
3296 2110 3523 2176 lavabat,
3573 2111 3711 2165 clam

2139 2197 2413 2268 arguebat,
2435 2212 2590 2267 parce
2619 2198 3060 2267 reprehendebat,
3082 2199 3289 2264 officiis,
3306 2213 3505 2263 mensa,
3528 2200 3712 2255 osculo

2138 2288 2473 2359 dignabatur.
2506 2288 2686 2358 Neque
2716 2298 2893 2344 tamen
2929 2289 3016 2344 ille
3045 2290 3286 2358 resipuit,
3325 2289 3418 2344 sed
3465 2289 3714 2344 Christus

2137 2396 2232 2436 sua
2261 2395 2425 2451 agens
2453 2381 2704 2451 perstitit.
2725 2381 2920 2436 Verum
2943 2396 3061 2451 age,
3093 2397 3374 2437 servorum
3397 2383 3637 2450 exemplo
3668 2390 3721 2437 te

2142 2471 2477 2539 erudiamus,
2507 2482 2687 2541 atque,
2724 2470 2864 2540 quod
2894 2470 3121 2525 validius
3148 2480 3253 2535 est,
3287 2486 3351 2525 ex
3384 2472 3497 2540 ipso
3541 2471 3720 2526 Veteri

2143 2561 2508 2625 Testamento,
2539 2573 2593 2615 ttt
2641 2561 2821 2621 videas
2848 2578 2946 2617 nos
2975 2562 3173 2616 nullum
3204 2564 3593 2617 excusationem
3622 2562 3719 2615 ha-

2139 2651 2287 2720 bere,
2317 2652 2362 2707 si
2392 2652 2704 2721 injuriarum
2734 2652 3099 2707 recordemur.
3126 2651 3301 2707 Vultis
3342 2653 3556 2725 Moysen
3588 2654 3720 2708 affe-

2139 2759 2272 2809 ram,
2300 2744 2385 2799 vel
2406 2744 2566 2798 altius
2586 2744 2860 2814 repetam?
2884 2744 3094 2810 Quanto
3118 2744 3261 2799 enim
3285 2746 3571 2799 vetustiora
3599 2752 3720 2799 sunt

2138 2836 2403 2905 exempla,
2456 2844 2601 2891 tanto
2637 2836 2702 2892 ad
2748 2835 3178 2907 persuadendum
3236 2837 3465 2907 aptiora.
3510 2835 3720 2902 Quare?

2136 2928 2270 2995 Quia
2294 2936 2420 2982 tunc
2448 2926 2717 2982 difficilior
2744 2935 2862 2982 erat
2902 2927 3093 2982 virtus.
3118 2925 3299 2997 Neque
3320 2928 3461 2982 enim
3493 2936 3617 2981 tunc
3640 2926 3717 2980 illi

2136 3021 2280 3091 leges
2304 3021 2534 3090 scriptas
2560 3018 2847 3086 habebant,
2892 3034 2997 3074 non
3029 3028 3265 3074 veterum
3298 3018 3580 3089 exempla;
3626 3017 3717 3073 sed

2136 3110 2276 3166 nuda
2316 3125 2411 3179 per
2452 3124 2511 3165 se
2539 3117 2727 3164 natura
2755 3109 3044 3180 pugnabat,
3078 3118 3133 3163 et
3182 3110 3298 3163 sine
3326 3120 3481 3180 portu
3509 3110 3593 3164 vt-l
3622 3125 3714 3165 ora

2136 3202 2332 3272 ubique
2385 3216 2514 3256 nare
2568 3200 2878 3269 cogebatur.
2945 3199 3284 3270 Quapropter
3336 3200 3447 3256 Noe
3500 3200 3717 3255 laudans

2137 3294 2433 3364 Scriptura,
2464 3307 2569 3347 non
2596 3290 2756 3346 modo
2782 3290 3077 3366 perfectum
3107 3303 3280 3354 vocat,
3311 3292 3406 3347 sed
3455 3292 3621 3357 addit,
3653 3291 3715 3346 In

2135 3387 2455 3459 generatione
2470 3402 2562 3440 sua
2582 3382 2788 3455 (Cenes.
2813 3383 2865 3439 6.
2887 3382 2967 3455 9).
2992 3384 3291 3440 Ostendens
3318 3384 3411 3439 illo
3457 3392 3715 3453 tempore,

2134 3493 2255 3533 cum
2279 3477 2443 3532 multa
2468 3485 2649 3531 essent
2692 3474 3075 3545 impedimenta
3102 3493 3116 3529 :
3151 3490 3272 3530 nam
3304 3476 3393 3530 alii
3424 3485 3544 3546 post
3569 3477 3716 3531 illum

2134 3570 2465 3633 claruerunt,
2494 3582 2599 3623 non
2634 3577 2808 3622 tamen
2829 3566 2973 3621 illum
3004 3565 3312 3623 inferiorem
3343 3566 3529 3622 fuisse.
3562 3567 3717 3622 Tem-

2134 3661 2353 3734 poribus
2376 3660 2517 3716 enim
2554 3659 2669 3714 suis
2698 3657 2967 3727 perfectus
3012 3665 3148 3712 erat.

2173 3752 2366 3823 Joseph
2383 3751 2671 3822 exemplum
2684 3750 3031 3821 patientite.—
3046 3748 3175 3817 Quis
3195 3762 3322 3818 ergo
3338 3756 3462 3804 ante
3477 3749 3714 3821 Moysem

2137 3847 2347 3919 patiens
2376 3844 2515 3900 fuit?
2559 3844 2755 3900 Beatus
2776 3858 2837 3898 ac
2859 3851 3108 3898 strenuus
3133 3841 3223 3896 ille
3246 3840 3467 3909 Joseph,
3501 3842 3587 3910 qui
3616 3855 3710 3895 ca-

2133 3938 2309 3993 stitate
2332 3936 2561 4007 fulgens,
2592 3950 2697 3990 non
2727 3935 2902 3989 minus
2923 3931 3170 4003 patientia
3200 3930 3546 4001 resplenduit.
3568 3929 3709 3986 Veno

2130 4027 2273 4083 ditus
2297 4034 2381 4081 est
2410 4041 2531 4081 cum
2556 4024 2758 4079 nullum
2787 4024 3030 4088 lazs‘isset,
3059 4020 3170 4076 imo
3201 4020 3376 4077 oflicia
3404 4020 3566 4076 etiam
3591 4034 3710 4075 scr-

2132 4121 2257 4177 vilia
2281 4119 2501 4175 omnino
2529 4117 2885 4189 praestitisset.
2924 4116 3027 4187 lpsi
3054 4114 3353 4172 convicium
3395 4113 3709 4179 intulerunt,

2131 4228 2231 4269 nec
2258 4228 2317 4268 se
2344 4212 2486 4266 ultus
2532 4218 2633 4275 est,
2690 4208 2816 4265 licet
2842 4218 3055 4278 patrem
3107 4222 3287 4264 secum
3320 4205 3536 4262 haberet
3573 4203 3711 4258 :sed

2130 4305 2259 4359 abiit
2307 4302 2482 4358 cibum
2512 4300 2745 4356 all'erens
2775 4299 2879 4353 illis
2915 4299 2969 4354 in
3014 4298 3320 4362 desertum;
3351 4305 3408 4352 et
3456 4310 3575 4351 cum
3604 4308 3709 4347 non

2131 4394 2392 4448 inveniret
2437 4407 2549 4456 eos,
2609 4405 2713 4443 non
2754 4389 3063 4454 maledixit,
3098 4404 3273 4460 neque
3323 4401 3568 4442 reversus
3606 4394 3710 4450 est,

2128 4485 2336 4541 etiamsi
2362 4499 2543 4539 ansam
2573 4482 2811 4550 arripere
2844 4490 3047 4550 posset,
3079 4480 3122 4535 si
3151 4478 3434 4543 voluisset;
3468 4476 3559 4532 sed
3586 4491 3713 4546 erga

2129 4577 2250 4632 illas
2280 4575 2453 4640 feras,
2497 4587 2622 4643 erga
2669 4572 2789 4626 illos
2821 4572 3100 4635 immanes,
3156 4569 3335 4623 fratris
3376 4581 3590 4636 semper
3633 4565 3723 4619 af-

2131 4668 2323 4723 fectum
2373 4664 2623 4719 servavit.
2674 4661 2881 4715 Rursus
2912 4660 2965 4714 in
3007 4673 3225 4713 carcere
3266 4657 3585 4711 constitutus
3609 4696 3624 4720 ,
3659 4665 3717 4711 et

2127 4772 2341 4812 causam
2369 4763 2604 4824 rogatus,
2632 4750 2765 4805 nihil
2793 4750 2919 4804 mali
2945 4749 3015 4804 de
3053 4748 3306 4803 fratribus
3328 4748 3582 4816 loquutus
3610 4758 3713 4810 est,

2125 4848 2219 4903 sed
2251 4856 2471 4909 tantum,
2494 4844 2630 4898 Nihil
2654 4843 2754 4898 feci
2775 4859 2790 4908 ;
2811 4852 2887 4908 et,
2915 4841 3075 4895 Furta
3102 4840 3328 4893 sublatus
3351 4855 3465 4893 sum
3490 4841 3552 4894 de
3579 4849 3715 4894 terra

2128 4939 2456 4995 Hebraeorum
2488 4934 2639 5004 (Gen.
2685 4934 2775 4989 40.
2806 4933 2914 5003 15).
2945 4933 3021 4986 Ac
3054 4939 3237 4999 postea
3266 4944 3453 4983 rursus
3483 4929 3574 4985 ubi
3606 4945 3707 4998 ρος

2127 5040 2371 5088 testatem
2422 5029 2648 5099 accepit,
2682 5028 2801 5082 illos
2848 5025 2983 5080 aluit
3028 5033 3084 5079 et
3121 5038 3150 5076 a
3204 5022 3360 5076 malis
3416 5023 3715 5077 innumeris

2122 5123 2332 5191 eripuit.
2361 5121 2490 5177 Nam
2517 5120 2560 5174 si
2582 5119 2882 5189 vigilemus,
2911 5132 3019 5171 non
3038 5113 3456 5185 potestproximi
3477 5113 3711 5181 nequitia

2122 5228 2219 5268 nos
2250 5227 2278 5266 a
2313 5213 2504 5267 virtute
2533 5209 2787 5279 dejicere.
2842 5209 2912 5263 At
2959 5206 3154 5261 fratres
3185 5206 3302 5271 ejus
3330 5210 3537 5256 contra.
3578 5200 3711 5256 Nam

2120 5312 2269 5359 veste
2311 5303 2462 5358 illum
2512 5309 2809 5366 exuerunt,
2856 5308 2912 5355 et
2973 5296 3222 5353 occidere
3267 5303 3569 5357 tentarunt,
3619 5308 3703 5346 so-

2119 5393 2432 5463 mniumque
2466 5392 2883 5462 exprobrarunt,
2913 5388 3127 5446 etiamsi
3151 5386 3330 5442 cibum
3352 5385 3531 5440 abillo
3557 5399 3711 5438 acce-

2118 5494 2330 5558 perant,
2358 5493 2518 5555 atque
2548 5485 2655 5539 vita
2687 5492 2743 5540 et
2791 5484 3045 5540 libertate
3090 5480 3240 5535 illum
3292 5477 3522 5548 spoliare
3574 5476 3707 5529 nite-

2115 5581 2328 5634 bantur.
2351 5576 2430 5630 llli
2451 5575 2826 5640 comedebant,
2847 5586 2901 5632 et
2931 5574 3129 5629 nudum
3155 5570 3373 5625 fratrem
3402 5568 3451 5622 in
3474 5568 3704 5622 cisterna

2117 5668 2408 5751 demissum
2434 5668 2871 5723 contemnebant.
2901 5665 3039 5735 Quid
3072 5666 3171 5719 hac
3202 5661 3409 5717 feritate
3427 5657 3704 5713 deterius?

3736 4996 3747 5027 Ι
