4102 6224
799 213 818 219 ,α
826 208 996 220 -σηι-οαοςη-
1003 215 1046 224 ,η’
1066 211 1092 218 ..ι
1108 215 1112 217 .

416 263 522 322 387

414 378 603 450 ἐτέρου
646 377 786 432 αὐτά
814 376 1020 450 λαϐεῖν)
1041 394 1055 408 ”
1084 379 1114 432 6
1141 377 1198 432 δέ
1231 378 1308 451 μὴ
1335 379 1573 446 τοιοῦτος
1613 381 1830 436 ἐναντία
1868 379 1988 435 πεί-

415 453 590 524 σεται,
621 458 756 530 πρὸς
791 459 1054 530 ἀράχνας,
1098 461 1193 514 zeal
1230 460 1410 526 σκιὰς,
1439 462 1534 517 zeal
1575 462 1852 534 ὀνείρατα,
1893 462 1989 516 zeal

414 540 480 594 τά
499 539 702 594 τούτων
717 540 1083 613 ἀδρανέστερα
1104 541 1405 612 πράγματα
1421 543 1770 614 ἐπτοημένος.
1789 541 1986 613 Ἀμὴν,

414 622 578 694 ἀμὴν
601 623 756 692 λέγω
787 623 949 694 ὑμῖν,
977 627 1089 678 οὐκ
1113 623 1246 678 ἐστι
1273 623 1494 690 δοῦλος
1516 623 1730 693 μείᾰυν
1756 624 1864 679 τοῦ
1892 641 1992 678 xv-

406 706 546 776 ρίου
585 707 772 762 αὑτοῦ
795 747 810 772 ,
861 706 1005 762 οὐδὲ
1059 706 1404 774 ἀπόστολος
1437 705 1651 776 μείζων
1694 708 1801 762 τοῦ
1846 706 1993 776 πέμο

413 789 644 856 ψαντος
687 789 893 844 αὐτόν.
941 790 1008 844 El
1045 788 1229 842 ταῦτα
1273 789 1496 852 οῖδατε,
1531 788 1811 858 μακάριοί
1851 787 1992 842 ἐστε

413 868 522 925 ἐὰν
553 871 762 941 ποιῆτε
791 871 968 926 αὑτά.
1001 873 1085 926 οὐ
1135 871 1268 940 περί
1318 869 1562 925 πάντων
1609 869 1779 940 ὑμῶν
1813 869 1990 942 λέγω,

415 953 554 1009 ἀλλ’
579 954 680 1008 ἵνα
707 955 746 1023 ή
781 951 992 1023 Γραφή
1025 951 1330 1022 πληρωθῇ,
1364 952 1456 1007 ὅτι
1497 952 1560 1006 '0
1593 951 1828 1023 τρώγων
1863 955 1991 1020 μετ’

415 1035 563 1107 ἐμοῦ
589 1035 696 1090 τὸν
724 1035 927 1104 ἄρτον,
960 1034 1186 1104 ἐπῆρεν
1207 1035 1300 1089 ἐπ’
1321 1032 1428 1103 ἐμὲ
1457 1034 1572 1103 τὴν
1596 1035 1863 1103 πτέρναν
1886 1037 1993 1091 αὐ-

418 1119 544 1174 τοῦ.
577 1120 644 1172 ⁸0
671 1117 928 1189 ἀνωτέρω
969 1113 1109 1182 εἶπε,
1139 1116 1297 1170 τοῦτο
1332 1118 1427 1170 καὶ
1462 1115 1697 1171 ἐνταῦθα
1728 1116 1878 1186 λέγει
1909 1120 1994 1172 ἐν-

418 1200 654 1271 τρέπων.
685 1201 748 1254 Εἰ
794 1199 904 1271 γάρ
936 1199 1038 1254 οὐκ
1072 1199 1186 1253 ἐστι
1215 1198 1401 1261 δοῦλος
1435 1199 1634 1271 μείζων
1661 1199 1756 1254 τοῦ
1801 1200 1990 1272 κυρίου

418 1281 603 1346 αὐτοῦ,
632 1281 752 1335 οὐδὲ
776 1281 1074 1345 ἀπόστολος
1107 1281 1307 1352 μείζων
1334 1280 1429 1334 τοῦ
1461 1279 1777 1352 πέμψαντος
1805 1281 1989 1346 αὐτὸν,

419 1365 546 1436 παρ’
567 1363 700 1434 ἐμοῦ
726 1364 784 1418 δέ
808 1362 980 1418 ταῦτα
1009 1364 1220 1433 γέγονε,
1254 1362 1432 1435 πολλῴ
1463 1363 1662 1434 μᾶλλον
1689 1364 1794 1435 χρή
1820 1364 1994 1419 ταῦτα

418 1449 548 1518 παρ’
584 1446 738 1518 ὐμῶν
778 1445 1057 1516 γενέσθαι.
1100 1444 1235 1500 Εἶτα
1265 1446 1353 1500 ἵνα
1405 1446 1480 1516 μή
1517 1464 1601 1510 τις
1628 1448 1778 1518 εἴπῃ,
1808 1446 1872 1500 Τί
1901 1448 1994 1519 δή-

417 1547 548 1584 ποτε
575 1529 747 1584 ταῦτα
773 1529 989 1598 λέγεις;
1019 1527 1117 1582 νῦν
1144 1530 1252 1601 γὰρ
1280 1531 1378 1582 οὐκ
1407 1529 1629 1600 οἴδαμεν
1646 1545 1660 1560 ο
1689 1530 1994 1602 προσέθηκε

417 1612 576 1667 τοῦτο
605 1611 769 1666 αὐτό·
804 1613 917 1684 οὐχ
948 1612 1024 1676 ὡς
1067 1612 1322 1682 ἀγνοοῦσι
1352 1612 1525 1666 ταῦτα
1567 1611 1728 1681 λέγω,
1765 1611 1881 1666 ἀλλ’
1909 1613 1994 1667 ῖνα

416 1695 506 1750 διά
530 1693 641 1749 τῶν
674 1694 851 1766 ἐργων
885 1693 1190 1764 ἐπιδείξητε
1233 1693 1302 1748 τά
1334 1693 1622 1766 λεγόμενα.
1651 1693 1726 1746 T6
1756 1695 1855 1763 μὲν
1885 1693 1994 1766 γὰρ

417 1777 637 1841 εἰδέναι,
665 1777 884 1832 πάντων
910 1793 924 1809 ο
954 1777 1016 1830 τὸ
1045 1776 1102 1830 δὲ
1136 1778 1326 1838 ποιεῖν,
1360 1776 1422 1829 οὐ
1471 1776 1708 1830 πάντων.
1741 1776 1840 1830 Διά
1885 1777 1994 1848 γάρ

416 1859 574 1914 τοῦτο
612 1855 754 1924 εἶπε,
785 1857 1076 1927 Μακάριοι
1118 1857 1259 1910 ἐστε
1301 1857 1411 1910 ἐὰν
1437 1855 1647 1925 ποιῆτε
1676 1856 1848 1912 αὐτά.
1895 1857 1994 1912 Διά

416 1941 481 2012 δὴ
514 1942 670 1996 τοῦτο
704 1940 834 1995 αὐτὸ
864 1937 1102 2009 συνεχῶς
1131 1938 1224 1991 zeal
1257 1936 1368 2008 ἐγὼ
1401 1939 1488 1993 ἀεὶ
1523 1938 1688 2007 λέγω,
1720 1939 1898 1994 καίτοι
1928 1957 1993 2009 γε

417 2023 634 2077 εἰδότων
662 2021 836 2094 ὑμῶν,
864 2022 951 2075 ἵνα
974 2022 1054 2084 τίς
1076 2019 1135 2073 τὸ
1155 2019 1315 2091 ἔργον
1344 2020 1488 2091 ὑμᾶς
1507 2019 1811 2090 ἐμϐιϐἀσω.
1840 2021 1994 2076 Ἐπεὶ

419 2106 512 2159 zeal
551 2106 795 2158 Ἰουδαῖοι
825 2102 1048 2168 οἴδασιν,
1073 2101 1187 2156 ἀλλ’
1207 2101 1306 2155 οὐκ
1334 2101 1442 2154 εἰσὶ
1471 2101 1736 2174 μακάριοι
1753 2120 1770 2138 ο
1796 2103 1857 2157 οὐ
1885 2103 1994 2176 γὰρ

418 2186 659 2241 ποιοῦσιν
684 2187 836 2240 αὐτά.
863 2185 947 2242 Οὐ
973 2185 1104 2253 περί
1131 2184 1391 2248 πάντων,
1414 2184 1599 2254 φησιν,
1625 2183 1792 2253 ὑμῶν
1815 2184 1988 2254 λέγω.

417 2267 590 2322 Βαϐαῖ
616 2271 713 2337 τῆς
751 2267 1133 2333 ἀνεξικακίαςί
1167 2265 1380 2319 οὐδέπω
1423 2264 1514 2318 τδν
1541 2266 1807 2338 προδότην
1838 2267 1995 2336 ἐλέγ-

417 2370 534 2424 χει,
579 2351 715 2406 ἀλλά
759 2349 1042 2414 συσκιάζει
1091 2349 1152 2402 τὸ
1202 2350 1462 2420 πρᾶγμα,
1514 2349 1763 2403 ἐντεῦθεν
1821 2349 1996 2415 διδοὺς

417 2436 566 2508 αὐτῷ
596 2435 878 2507 μετανοίας
903 2433 1106 2505 χώραν.
1136 2433 1244 2486 Kal
1265 2433 1496 2501 ἐλέγχει,
1517 2432 1614 2486 zeal
1635 2433 1737 2487 οὐκ
1759 2432 1992 2504 ἐλέγχει,

418 2518 558 2572 οὐτω
605 2517 801 2586 λέγων·
859 2514 912 2568 Ὁ
961 2514 1200 2584 τρώγων
1253 2515 1380 2584 μετ’
1425 2513 1572 2583 ἐμοῦ
1628 2514 1736 2569 τὸν
1790 2515 1991 2584 ἄρτον,

417 2597 642 2670 ἐπῆρον
662 2598 754 2653 ἐπ’
785 2597 888 2668 ἐμὲ
918 2599 1199 2665 πτέρναν.
1221 2598 1380 2650 Δοκεῖ
1411 2595 1467 2650 δέ
1497 2613 1587 2667 μοι
1622 2597 1716 2650 zeal
1743 2597 1825 2661 τὸ,
1869 2600 1992 2653 Οὐκ

417 2683 550 2738 ἐστι
590 2682 812 2748 δοῦλος
853 2679 1064 2750 μείζων
1096 2679 1203 2735 τοῦ
1242 2678 1454 2750 κυρίου
1484 2679 1694 2745 αὑτοῦ,
1733 2679 1826 2734 καὶ
1855 2680 1994 2753 πρὸς

417 2764 574 2820 τοῦτο
609 2762 892 2838 εἰρῆσθαι,
931 2763 1019 2816 ῖνα
1051 2763 1104 2815 εί
1129 2778 1260 2815 ποτε
1301 2760 1453 2833 παρὰ
1484 2761 1729 2826 οἰκετῶν,
1759 2761 1794 2833 ἢ
1842 2763 1994 2834 παρά

418 2864 578 2901 τινων
609 2843 1002 2918 εὐτελεστέρων
1041 2843 1264 2898 πάθοιέν
1295 2861 1439 2906 τινες
1477 2843 1666 2907 κακὸν,
1715 2843 1791 2914 μὴ
1825 2861 1988 2899 σκαν-

417 2929 760 2996 δαλίζωνται,
790 2929 870 2992 είς
898 2927 960 2980 τὸ
997 2926 1138 2980 κατά
1174 2926 1268 2979 τὸν
1302 2925 1502 2979 Ἰούδαν
1537 2925 1848 2996 ἀφορῶντες
1888 2943 1994 2980 πα-

423 3015 712 3086 ράδειγμα,
754 3012 814 3076 δς
845 3011 1054 3082 μυρίων
1083 3007 1396 3071 ἀπολαύσας
1423 3007 1662 3075 ἀγαθῶν,
1700 3009 1812 3070 τοῖς
1839 3007 1992 3062 ἐναν-

419 3097 552 3161 τίοις
576 3095 835 3168 ήμείϐετο
872 3093 962 3148 τὸν
989 3091 1302 3162 εὐεργέτην.
1334 3091 1424 3142 Διὸ
1460 3089 1555 3144 zeal
1587 3089 1889 3158 ἐπήγαγεν
1927 3090 1994 3145 '0

420 3178 654 3248 τρώγων
665 3178 792 3248 μετ’
811 3175 958 3245 ἐμοῦ
981 3174 1163 3242 ἄρτον
1177 3191 1190 3203 ·
1211 3173 1303 3226 zeal
1323 3173 1500 3226 πάντα
1523 3169 1594 3224 τὰ
1615 3170 1750 3225 ἀλλα
1776 3173 1991 3243 παρεὶς»

420 3263 600 3325 τοῦτο,
625 3261 654 3314 6
685 3259 920 3331 μάλιστα
947 3255 1132 3310 ἰκανὸν
1165 3251 1233 3326 ἦν
1265 3253 1428 3307 αὐτὸν
1454 3255 1750 3324 κατασχεῖν
1777 3255 1871 3308 zeal
1909 3255 1996 3307 ἐν-

419 3343 648 3416 τρέψαι,
699 3341 961 3396 τέθεικεν.
997 3339 1056 3393 ’0
1095 3337 1226 3407 παρ’
1257 3335 1389 3406 ἐμοῦ
1423 3334 1774 3406 τρεφόμενος,
1799 3337 1829 3389 6
1865 3337 1995 3408 παρ’

423 3427 557 3497 ἐμοῦ
599 3421 880 3496 τραπέζης
929 3419 1223 3484 κοινωνῶν,
1267 3417 1420 3490 φησί.
1473 3417 1658 3472 Ταῦτα
1698 3417 1756 3471 δέ
1805 3417 1993 3487 ἔλεγε,

423 3507 694 3563 παιδεύων
719 3506 910 3568 αὐτοὺς
942 3504 1068 3567 τοὺς
1112 3501 1297 3566 κακῶς
1338 3500 1625 3560 ποιοῦντας
1664 3501 1992 3572 εὐεργετεῖν,

423 3591 530 3646 κᾶν
563 3589 795 3662 μένωσιν
839 3587 1072 3649 ἀνιάτως
1109 3585 1345 3655 ἔχοντες.
1377 3582 1558 3636 Εἰπὼν
1600 3582 1686 3648 δὲ,
1730 3585 1812 3638 Οὐ
1859 3585 1993 3652 περὶ

423 3674 666 3728 πάντων
694 3671 858 3742 ὑμῶν
894 3669 1068 3739 λέγω,
1103 3669 1191 3722 ἴνα
1219 3666 1294 3738 μὴ
1319 3668 1400 3729 εἰς
1433 3665 1659 3728 πολλοὺς
1689 3666 1993 3737 περιστήσῃ

423 3757 484 3810 τὸ
505 3757 642 3819 δέος,
663 3753 944 3824 ἀποσχίζει
971 3751 1155 3805 λοιπὸν
1176 3749 1360 3816 αὐτὸν,
1383 3747 1525 3802 οὐτω
1549 3747 1750 3816 λέγων’
1784 3749 1839 3800 Ὀ
1864 3748 1998 3816 τρὼο

422 3855 542 3908 των
563 3839 690 3907 μετ’
713 3835 858 3906 ἐμοῦ
886 3835 994 3889 τὸν
1021 3835 1222 3903 ἄρτον.
1269 3831 1342 3885 Τὸ
1380 3831 1510 3902 γὰρ,
1553 3833 1634 3884 Οὐ
1671 3829 1805 3899 περὶ
1845 3829 1996 3884 πάν-

421 3939 560 3986 των,
596 3921 658 3974 οὐ
708 3921 929 3981 πάντως
981 3919 1060 3980 εἰς
1113 3917 1208 3970 Eva
1257 3913 1510 3986 περιίστη
1551 3913 1642 3967 τὸν
1687 3913 1873 3982 λόγον·
1916 3912 1994 3966 διὸ

423 4005 734 4074 ἐπήγαγενο
775 4002 838 4054 '0
875 3999 1112 4069 τρώγων
1137 3996 1268 4067 μετ’
1309 3996 1458 4066 ἐμοῦ
1506 3995 1614 4049 τὸν
1646 3995 1848 4064 ἄρτον,
1889 3996 1995 4050 δει-

393 4152 396 4154 ν
426 4087 554 4147 κνύς
580 4083 769 4152 ἐκείνῳ
799 4081 876 4152 τῷ
900 4079 1250 4151 ταλαιπώρῳ,
1274 4081 1356 4134 ὃτι
1389 4079 1489 4132 οὐκ
1516 4078 1726 4146 ἀγνοῶν
1759 4078 1995 4148 συλλαμ-

426 4165 666 4230 ϐάνεται,
694 4165 828 4216 ἀλλά
859 4164 952 4218 zeal
982 4163 1185 4234 σφόδρα
1206 4161 1358 4224 είδώς
1377 4181 1393 4196 ο
1415 4161 1444 4213 ὃ
1477 4161 1571 4215 καὶ
1603 4161 1734 4213 αὐτὸ
1763 4160 1996 4230 μάλιστα

425 4248 642 4301 πάντων
677 4245 859 4299 ἱκανὸν
896 4240 963 4315 ἦν
997 4244 1156 4297 αὐτὸν
1194 4243 1508 4312 κατασχεῖν.
1545 4242 1656 4295 Καὶ
1694 4242 1796 4294 οὐκ
1839 4239 1958 4295 εἷπε
1977 4285 1992 4311 ,

426 4329 793 4402 Παραδίδωσιν
822 4327 944 4398 ἐμὲ,
967 4327 1106 4390 ἀλλ’,
1132 4322 1308 4393 ’Ἦρεν
1333 4325 1423 4377 ἐπ’
1459 4323 1564 4392 ἐμὲ
1593 4327 1984 4393 πτερνισμόνο

421 4415 484 4469 τὸ
507 4412 720 4484 δολερὸν
742 4423 768 4452 ι
795 4411 888 4465 zeal
913 4409 1144 4462 ὕπουλον
1177 4407 1272 4461 zeal
1296 4406 1554 4478 λαθραῖον
1577 4407 1676 4476 τῆς
1709 4406 1996 4479 ἐπιϐουλῆς

425 4497 775 4570 παραστῆσαι
812 4494 1151 4567 βουλόμενος.

494 4581 768 4652 γ’.Ταῦτα
791 4579 848 4632 δέ
879 4578 1206 4648 γέγραπται,
1229 4575 1316 4629 ἵνα
1342 4574 1416 4646 μὴ
1442 4573 1866 4646 μνησικακῶμεν
1885 4578 1996 4641 τοῖς

423 4665 720 4730 ἀδικοῦσιν,
770 4661 885 4717 ἀλλ’
927 4660 1237 4730 ἐλέγχωμεν
1291 4659 1488 4721 αὐτοὺς
1539 4659 1632 4712 zeal
1685 4657 1992 4729 θρηνῶμεν.

423 4748 575 4823 [420]
614 4748 838 4821 Θρήνων
878 4744 988 4817 γὰρ
1018 4742 1176 4808 ἄξιοι,
1206 4741 1302 4812 οὐχ
1345 4741 1396 4798 οἱ
1429 4740 1748 4812 πάσχοντες,
1791 4741 1906 4823 ἀλλ’
1943 4742 1995 4794 οί

424 4819 700 4894 ⁴ποιοῦντες
728 4827 932 4892 κακῶς.
967 4825 1224 4888 Ἑαυτοὺς
1253 4824 1351 4896 μὲν
1379 4823 1487 4896 7&9
1521 4824 1752 4894 μέγιστα
1781 4822 1996 4877 ἀδικοῦ-

425 4935 509 4971 σιν
539 4916 568 4969 ὃ
598 4931 658 4968 τε
681 4912 1028 4980 πλεονέκτης,
1060 4909 1088 4962 ὅ
1113 4924 1170 4961 τε
1202 4907 1564 4976 συκοφάντης,
1587 4907 1616 4959 6
1639 4923 1698 4959 τε
1726 4905 1914 4976 ἔτερόν
1937 4922 1993 4959 τι

423 4996 592 5052 κακδν
634 4995 1032 5066 ἐργαζόμενος·
1073 4992 1222 5062 ήμᾶς
1253 4990 1308 5044 δέ
1342 4989 1609 5058 ὠφελοῦσι
1651 4989 1718 5042 τά
1759 4987 1991 5059 μέγιστα

421 5081 516 5133 ἐὰν
540 5078 615 5150 μὴ
641 5078 866 5141 ἐαυτούς
896 5073 1219 5144 ἐκδικῶμεν.
1249 5067 1373 5127 Οἷόν
1408 5089 1462 5125 τι
1493 5071 1636 5138 λέγω
1654 5085 1668 5099 ⁶
1705 5070 1992 5143 Ἥρπασεν

419 5165 448 5216 6
496 5162 678 5227 δεῖνα;
723 5158 1132 5230 ηὐχαρίστησας
1177 5154 1319 5224 ὑπὲρ
1357 5153 1459 5224 τῆς
1505 5152 1717 5215 ἀδικίας
1762 5153 1851 5218 σὺ,
1900 5153 1994 5206 zeal

423 5243 677 5306 ἐδόξασας
721 5242 813 5295 τὸν
859 5240 1024 5304 Θεόν;
1077 5237 1320 5309 Μυρίους
1361 5236 1450 5290 διὰ
1497 5236 1597 5304 τῆς
1645 5234 1994 5304 εὐχαριστίας

420 5327 635 5395 ἐκείνης
661 5322 970 5395 ἐκαρπώσω
1001 5320 1225 5393 μισθούς
1243 5336 1260 5352 ο
1288 5319 1476 5389 ῶσπερ
1499 5313 1594 5372 οὖν
1626 5318 1829 5380 ἐκεῖνος
1860 5316 1992 5384 ἀφα-

420 5426 512 5461 τον
554 5405 734 5476 ἐαυτῷ
768 5406 1040 5476 συνήγαγε
1080 5403 1212 5473 πῦρ.
1240 5403 1303 5455 El
1328 5401 1387 5455 δὲ
1414 5401 1560 5468 λέγοι
1600 5414 1716 5462 τις·
1756 5398 1821 5452 Τί
1860 5400 1990 5470 γὰρ,

421 5494 470 5546 εί
507 5492 581 5562 μή
613 5490 894 5560 ἠδυνάμην
936 5486 1247 5558 ἀμύνασθαι
1286 5485 1378 5538 τὸν
1419 5484 1788 5554 ἀδικήσαντα,
1833 5481 1993 5536 ἀσθε-

421 5576 573 5630 νὲστε
585 5591 673 5645 ρος
705 5573 808 5635 ὣν;
836 5573 1011 5624 ἐκεῖνο
1038 5569 1104 5624 ἂν
1130 5569 1359 5638 εἴποιμι,
1384 5569 1464 5621 ὅτι
1500 5566 1760 5620 Ἦδύνασο
1790 5564 1990 5636 πρᾶξαι

423 5659 482 5711 τὸ
517 5658 880 5728 δυσχερᾶναι,
928 5655 987 5707 τὸ
1047 5653 1520 5721 ἀπώυσπετῆσαι·
1572 5647 1745 5702 ταῦτα
1793 5651 1900 5718 γὰρ
1933 5649 1990 5712 ἐν

423 5739 641 5810 ἐξουσίᾳ
671 5737 851 5810 ήμῶν,
882 5737 942 5791 τὸ
978 5733 1340 5802 κατεύξασθαι
1380 5732 1474 5786 τοῦ
1510 5731 1900 5803 λελυπηκότος,
1932 5729 1992 5784 τὸ

487 5867 515 5897 ⁸
539 5865 710 5917 Morel.
739 5863 1035 5927 πτερνισμὸν,
1061 5862 1256 5926 πτέρναν
1279 5856 1442 5909 αὐτοῦ·
1475 5859 1528 5908 τὸ
1550 5859 1594 5908 δ.

1768 5938 1795 5966 ς

1395 260 1464 320 IN
1498 263 1818 322 JOANNEM
1855 259 2089 320 HOHIL.
2127 259 2312 322 LXXI".
2352 266 2423 320 al.
2465 263 2626 321 LXX.

3564 265 3675 320 $88

2095 378 2503 448 καταράσασθαι
2549 377 2700 448 αὐτῷ
2739 375 2940 449 μυρία,
2959 375 3040 430 τὸ
3065 377 3200 450 πρὸς
3234 377 3438 443 πάντας
3475 380 3664 436 διαϐα-

2093 459 2223 514 λεῖν.
2258 459 2317 515 '0
2343 460 2520 514 τοίνυν
2553 459 2727 515 ταῦτα
2762 459 2843 532 μή
2871 460 3119 530 ποιήσας,
3152 461 3246 514 zeal
3271 457 3367 513 τοῦ
3409 461 3485 530 μὴ
3525 461 3666 532 ἀμύ-

2093 540 2284 596 νασθαι
2327 542 2518 612 μισθὸν
2547 541 2796 614 λήψεται.
2837 541 3006 613 Δῆλον
3053 540 3163 613 γὰρ
3191 542 3273 596 δτι
3313 540 3410 596 καὶ
3453 542 3664 596 ἐκείνου

2091 623 2282 695 κύριος
2307 623 2406 690 ὢν,
2428 626 2530 681 οὐκ
2573 625 2640 680 ἀν
2669 625 2941 696 ἐποίησεν.
2977 625 3036 680 '0
3059 624 3168 697 7&9
3200 625 3548 696 ἠδικημένος,
3585 625 3668 696 τῷ

2091 707 2456 778 παρατυχόντι
2486 707 2751 780 κέχρηται
2773 707 2944 780 ὅπλῳ,
2981 707 3110 762 ὅταν
3150 706 3486 779 μικρόψυχος
3505 705 3546 746 δ’
3566 705 3672 769 ὣνν

2091 789 2378 859 κατάραις,
2406 788 2722 860 λοιδορίαις,
2766 790 3079 854 ἐπιϐουλαῖς
3123 789 3399 860 ἀμύνηται
3427 788 3666 858 τδνέήδιι-

2092 870 2319 939 κηκότα.
2343 871 2524 925 Ταῦτα
2548 873 2728 926 τοίνυν
2746 873 2840 927 zeal
2865 873 2929 926 σὺ
2957 872 3032 944 μὴ
3057 872 3292 944 ποιήσῃς
3323 873 3504 943 μόνον,
3529 869 3673 925 ἀλλά

2092 953 2186 1006 zeal
2208 948 2360 1021 εὖξαι
2385 954 2516 1027 περί
2535 955 2700 1010 αὐτοῦ
2716 972 2731 988 ο
2755 955 2848 1009 καὶ
2873 954 2982 1026 7&9
3001 954 3066 1008 ἂν
3089 953 3268 1009 ταῦτα
3289 953 3363 1026 μή
3381 965 3414 992 ο·
3433 953 3699 1025 ποιήσῃς,

2095 1035 2276 1106 μόνον,
2304 1037 2440 1092 ἀλλά
2471 1038 2568 1092 zeal
2596 1037 2725 1110 εὔξῃ
2765 1038 2906 1110 ὑπὲρ
2943 1037 3131 1100 αὐτοῦ,
3174 1037 3252 1108 τῷ
3289 1035 3408 1107 Θεῷ
3437 1034 3665 1110 γέγονας

2090 1119 2298 1190 ὅμοιος.
2321 1120 2591 1190 Εὕχεσθε
2618 1109 2753 1192 7&9,
2773 1109 2959 1192 φησὶν,
2995 1119 3147 1186 ὑπὲρ
3172 1117 3292 1173 τῶν
3317 1109 3668 1186 ἐπηρεαζόν-

2091 1217 2210 1255 των
2237 1201 2412 1272 ὑμᾶς,
2455 1203 2616 1270 ὅπως
2656 1203 2917 1272 γένησθε
2945 1203 3135 1272 ὅμοιοι
3172 1199 3251 1266 τῷ
3285 1199 3463 1268 Πατρί
3500 1197 3668 1268 ὑμῶν

2091 1283 2172 1350 τῷ
2208 1285 2280 1339 ἐν
2322 1285 2446 1352 τοῖς
2482 1285 2778 1354 οὐρανοῖς.
2814 1287 2976 1357 Ὁρᾷς
3014 1284 3132 1348 πῶς
3183 1283 3412 1354 μέγιστα
3448 1280 3674 1350 κερδαίο

2092 1383 2254 1438 νομεν
2290 1368 2398 1422 ἀπὸ
2433 1368 2534 1440 τῆς
2577 1368 2689 1422 τῶν
2736 1368 2940 1440 ἐτέρων
2975 1366 3275 1438 ἐπηρείας;
3310 1365 3474 1419 οὐδὲν
3520 1363 3679 1417 οὐτω›

2092 1448 2182 1502 τὸν
2208 1449 2340 1504 Θεὸν
2367 1451 2668 1523 εὐφραίνει,
2691 1450 2766 1514 ὡς
2799 1449 2862 1503 τὸ
2897 1449 2972 1520 μὴ
3007 1448 3315 1503 ἀποδιδόναι
3344 1447 3513 1501 κακὸν
3543 1446 3670 1499 ἀντὶ

2093 1530 2286 1586 κακοῦ.
2313 1531 2417 1586 Καὶ
2444 1533 2499 1586 τί
2535 1533 2698 1601 λέγω,
2743 1533 2819 1607 μὴ
2854 1532 3161 1586 ἀποδιδόναι
3197 1531 3365 1586 κακὸν
3396 1529 3518 1584 ἀντὶ
3561 1545 3664 1584 κα‹

2093 1611 2220 1679 κοῦ;
2247 1613 2515 1669 Τάναντία
2543 1614 2642 1685 μὲν
2665 1609 2757 1667 οὖν
2780 1613 3082 1667 ἀποδιδόναι
3115 1613 3479 1683 ἐπετάγημεν,
3509 1611 3666 1682 εὐερ-

2093 1694 2284 1762 γεσίας
2313 1696 2495 1767 εὐχάς.
2520 1696 2619 1750 Διά
2643 1695 2802 1749 τοῦτο
2831 1697 2927 1748 zeal
2947 1697 2977 1748 6
3004 1694 3238 1765 Χριστὸς
3272 1694 3365 1748 τὸν
3403 1692 3664 1764 μέλλοντα

2093 1777 2255 1830 αὐτὸν
2315 1777 2618 1849 προδιδόναι
2673 1779 2786 1840 τοῖς
2836 1777 3096 1840 ἐναντίοις
3147 1776 3314 1830 πᾶσιν
3357 1773 3659 1846 ἠμείψατο·

2092 1853 2224 1923 οἷον,
2250 1858 2377 1922 τούς
2407 1859 2574 1920 πόδας
2603 1858 2840 1924 ἐνιπτεν,
2867 1857 3064 1930 ἤλεγχε
3097 1857 3292 1929 λάθρα,
3334 1856 3662 1927 φειδομένως

2093 1939 2378 2011 ῑπληττεν,
2407 1940 2764 2014 ἐθεράπευσε,
2794 1941 3068 2014 τραπέζης
3088 1941 3184 1994 zeal
3205 1940 3503 2011 φιλήματος
3537 1955 3666 2008 μετ⁶

2093 2023 2294 2078 εδίδου*
2331 2024 2426 2078 καὶ
2448 2023 2572 2078 οὐδέ
2608 2023 2818 2087 τούτοις
2839 2020 2866 2060 ἀ
2889 2022 3104 2092 ἐγένετο
3129 2021 3372 2093 βελτίων,
3397 2023 3492 2074 zeal
3515 2021 3669 2091 ὅμως

2093 2106 2404 2178 παρέμενεν
2448 2105 2610 2170 αὐτὸς
2635 2105 2705 2160 τά
2746 2103 2941 2158 ἐαυτοῦ
2973 2103 3162 2159 ποιῶν.
3199 2103 3361 2158 Ἀλλὰ
3405 2103 3538 2174 φέρε
3569 2103 3664 2155 zeal

2093 2189 2202 2245 ἀπὸ
2227 2189 2335 2243 τῶν
2361 2188 2562 2244 δούλων
2594 2206 2653 2242 σε
2696 2186 3093 2259 παιδεύσωμεν,
3130 2185 3222 2241 καὶ
3253 2188 3317 2240 ἐκ
3351 2185 3666 2258 περιουσίας

2092 2271 2202 2326 τῶν
2233 2273 2290 2326 ἐν
2318 2275 2385 2344 τῇ
2420 2272 2653 2344 Παλαιᾷ,
2678 2271 2765 2325 ῖνα
2795 2271 2942 2342 εἰδῇς
2970 2269 3229 2340 οὐδεμίαν
3260 2267 3480 2339 ἔχοντας
3519 2269 3664 2338 ήμᾶς

2097 2354 2392 2424 ἀπολογίας
2425 2354 2701 2427 ἀφορμήν,
2742 2354 2870 2407 ὅταν
2906 2350 3352 2424 μνησικακῶμεν.
3398 2349 3665 2402 Βούλεσθε

2093 2435 2187 2494 οὖν
2212 2437 2353 2492 εῖπω
2388 2437 2646 2504 Μωῦσέα,
2674 2437 2707 2508 ἢ
2739 2436 2818 2490 ἔτι
2846 2435 2936 2489 τὸν
2970 2433 3126 2504 λόγον
3161 2432 3418 2505 ἀνωτέρω
3445 2431 3666 2502 ἀγάγω-

2097 2537 2228 2592 μενς
2258 2520 2409 2590 Ὀσῳ
2457 2518 2568 2591 7&9
2609 2519 2680 2573 ἀν
2719 2517 3050 2590 ἀρχαιότερα
3080 2515 3263 2587 δειχθῇ
3291 2514 3360 2570 τά
3400 2514 3666 2586 παραδεί-

2093 2619 2302 2675 γματα,
2346 2601 2584 2673 τοσούτῳ
2615 2601 2816 2672 μᾶλλον
2841 2603 3004 2672 ἡμεῖς
3041 2598 3337 2671 νικώμεθα.
3365 2598 3431 2652 Τί
3463 2599 3671 2670 δήποτε

2093 2687 2151 2741 δέ
2166 2704 2182 2754 ;
2200 2685 2322 2741 ὀτι
2345 2685 2469 2740 τότε
2483 2685 2861 2757 δυσκολωτέρα
2882 2679 2952 2756 ἦν
2977 2683 3225 2755 ήάρετή.
3245 2681 3380 2735 Οὐδὲ
3403 2681 3510 2754 7&9
3533 2683 3666 2735 ὐπο-

2096 2769 2272 2840 θήκας
2315 2767 2625 2840 ἐγγράφους
2654 2761 2799 2838 εἰχον
2828 2767 3024 2820 ἐκεῖνοι
3051 2763 3194 2830 τότε,
3221 2763 3282 2817 οὐ
3320 2761 3451 2834 βίων
3489 2780 3668 2835 παρα-

2093 2851 2388 2923 δείγματα·
2418 2851 2556 2906 ἀλλά
2593 2850 2776 2923 γῦμνὴ
2816 2849 2941 2905 καθ’
2969 2847 3170 2919 ἑαυτὴν
3201 2847 3236 2919 ή
3262 2844 3424 2916 φύσις
3461 2845 3666 2916 +77va-

2096 2933 2242 2998 ζετο,
2271 2933 2367 2988 zeal
2398 2932 2792 3004 ἀνερμάτιστος
2827 2929 3108 3001 πανταχοῦ
3134 2927 3390 2998 νήχεσθαι
3427 2928 3670 2997 ἠναγκά-

2095 3017 2236 3080 ζετο.
2279 3016 2377 3070 Διά
2421 3016 2582 3070 τοῦτο
2618 3017 2714 3069 zeal
2755 3014 2848 3068 τὸν
2893 3012 3017 3066 Νῶε
3057 3010 3317 3076 ἐπαινῶν,
3357 3009 3454 3080 οὐχ
3482 3010 3684 3073 ἀπλῶς·

2094 3095 2297 3150 τέλειον
2339 3096 2618 3161 ἐκάλεσεν,
2659 3094 2795 3149 ἀλλά
2839 3093 3201 3165 προσέθηκεν,
3244 3091 3342 3146 Ἑν
3383 3089 3457 3160 τῇ
3490 3089 3683 3159 γενεῷ

2095 3179 2304 3245 αὐτοῦ,
2332 3178 2526 3249 δηλῶν,
2549 3179 2631 3232 ὅτι
2656 3180 2714 3232 ἐν
2743 3176 2936 3247 ἐκείνῳ
2959 3175 3038 3246 τῷ
3069 3173 3267 3245 χρόνῳ,
3290 3174 3378 3226 ὅτε
3407 3171 3575 3226 πολλά
3600 3172 3689 3225 τά-

2095 3261 2394 3333 κωλύματα
2427 3257 2498 3333 ἧν
2518 3279 2537 3294 ι
2561 3261 2681 3315 ἐπεὶ
2715 3260 2833 3332 μετ’
2861 3259 3023 3313 αὐτὸν
3063 3255 3318 3326 ἔλαμψαν
3343 3254 3538 3326 ἕτεροι,
3575 3257 3685 3310 zeal-

2094 3344 2243 3416 δμως
2279 3343 2432 3398 οὐδὲν
2469 3343 2693 3398 ἔλαττον
2728 3340 2907 3396 αὐτῶν
2947 3339 3079 3408 ἐξει.
3123 3337 3222 3392 Ἐν
3243 3335 3356 3406 7&9
3400 3339 3512 3400 τοῖς
3543 3337 3646 3408 χρό

2093 3443 2207 3490 νοις
2232 3424 2398 3479 αὐτοῦ
2437 3426 2642 3490 τέλειος
2667 3421 2756 3496 ἦν.

2167 3507 2264 3571 Τίς
2299 3503 2390 3561 οῦν
2423 3507 2530 3578 πρὸ
2560 3507 2839 3570 Μωῦσέως
2884 3505 3273 3577 μακρόθυμοςς
3302 3503 3366 3558 '0
3398 3502 3672 3575 μακάριος

2095 3591 2191 3646 καὶ
2231 3591 2479 3658 γενναῖος
2514 3587 2731 3660 Ἰωσὴφ,
2760 3587 2820 3652 δς
2847 3590 2914 3658 τῇ
2946 3586 3268 3659 σωφροσύνῃ
3298 3585 3538 3657 λάμψας,
3567 3586 3669 3639 οὐκ

2094 3671 2315 3726 ἐλαττον
2341 3669 2550 3741 ἔλαμψε
2586 3672 2653 3742 τῇ
2687 3668 3057 3741 μακροθυμίᾳ.
3101 3668 3346 3742 Ἐπράθη
3375 3669 3483 3741 7&9
3514 3667 3682 3722 οὐδὲν.
3779 3717 3781 3720 .

2091 3752 2403 3825 ήδικηκὼς,
2444 3751 2582 3808 ἀλλά
2627 3750 2964 3825 θεραπεύων,
3009 3750 3297 3816 δουλεύων,
3331 3750 3401 3805 τά
3439 3749 3666 3804 οἰκετῶν

2095 3835 2246 3910 [421]
2274 3837 2452 3891 πάντα
2482 3835 2942 3907 ἐπιδεικνύμενος.
2971 3835 3334 3906 Κατήνεγκαν
3362 3834 3492 3903 γοῦν
3517 3833 3666 3904 αὐτῷ

2092 3919 2258 3992 ψόγον
2289 3919 2542 3990 πονηρὸν,
2570 3918 2664 3972 zeal
2692 3919 2794 3972 οὐκ
2819 3917 3086 3988 ἠμύνατο,
3117 3917 3296 3970 καίτοι
3325 3916 3418 3970 τὸν
3450 3917 3663 3986 πατέρα

2093 4002 2233 4074 ἔχων
2267 4001 2385 4072 μεθ’
2409 4001 2604 4055 ἐαυτοῦ
2623 4016 2638 4032 ο
2678 4000 2813 4054 ἀλλά
2845 4000 2938 4054 zeal
2969 3998 3180 4069 ἀπῆλθε
3213 3998 3453 4069 κομίζων
3479 3999 3664 4061 αὐτοῖς

2093 4087 2174 4150 εἰς
2208 4084 2305 4156 τήν
2348 4083 2552 4155 ἔρημον
2598 4084 2830 4154 τροφήνο
2867 4083 2970 4136 zeal-
2999 4082 3098 4152 οὐχ
3137 4079 3312 4151 εὑρὼν
3343 4081 3560 4144 αὐτοὺς,
3600 4082 3674 4134 οὐ

2095 4165 2515 4237 περιεκάκησεν,
2541 4164 2662 4218 οὐδὲ
2697 4163 3002 4234 ὑπέστρεψε
3036 4163 3234 4234 (ικαίτοι
3279 4177 3342 4232 γε
3380 4158 3492 4234 εἷχε
3534 4164 3664 4234 πρό-

2093 4266 2278 4319 φασιν,
2318 4247 2374 4301 εί
2417 4264 2481 4318 γε
2521 4246 2824 4316 ἐϐούλετο),
2875 4247 3017 4300 ἀλλά
3064 4245 3198 4318 πρὸς
3241 4245 3310 4300 τά
3356 4245 3522 4316 θηρία
3572 4247 3674 4298 zeal.

2092 4333 2220 4396 τοὺς
2255 4331 2438 4402 ὠμοὺς
2468 4329 2710 4393 ἐκείνους
2737 4329 2928 4401 εμενεν
2955 4327 3192 4398 ἀδελφοῦ
3217 4328 3439 4400 γνησίου
3475 4328 3666 4398 φυλάτ-

2093 4431 2201 4468 των
2233 4413 2567 4486 προαίρεσιν.
2610 4411 2780 4466 Πάλιν
2804 4411 2865 4464 τὸ
2893 4411 3263 4482 δεσμωτήριον
3293 4411 3536 4482 οἰκήσας,
3571 4411 3665 4462 zeal

2092 4497 2192 4568 τήν
2217 4497 2396 4550 αἰτίαν
2427 4495 2743 4566 ἐρωτηθεὶς,
2772 4494 2923 4548 οὐδὲν
2964 4489 3085 4546 εἷπε
3114 4494 3241 4564 περὶ
3271 4493 3450 4548 αὐτῶν
3499 4510 3666 4563 πονη-

2096 4579 2223 4650 ρὸν,
2260 4577 2375 4633 ἀλλ’
2412 4579 2494 4631 ὃτι
2531 4577 2722 4630 Οὐδὲν
2756 4577 3048 4643 ἐποίησα,
3088 4576 3210 4640 zeal,
3245 4573 3452 4643 Κλοπῇ
3490 4575 3667 4629 ἐκλά-

2095 4676 2218 4730 πην
2254 4660 2323 4714 ἐκ
2363 4658 2476 4730 γῆς
2519 4659 2820 4728 Ἑϐραίων.
2851 4659 2963 4714 Kal
3002 4657 3141 4728 μετὰ
3169 4657 3342 4712 ταῦτα
3379 4657 3540 4712 πάλιν
3573 4675 3665 4726 γε·

2092 4743 2317 4815 νόμενος
2363 4742 2550 4813 κύριος
2570 4784 2586 4811 ,
2620 4743 2714 4796 zeal
2742 4741 2937 4814 ἔθρεψε
2957 4782 2972 4806 ,
3017 4741 3109 4795 zeal
3145 4741 3418 4814 ἀπήλλαξε
3455 4741 3664 4813 μυρίων

2091 4825 2300 4881 δεινῶν.
2335 4824 2432 4878 Ἂν
2468 4824 2578 4896 γάρ
2615 4825 2893 4896 νήφωμεν,
2939 4825 3038 4877 οὐκ
3092 4823 3263 4894 ἰσχύει
3296 4823 3389 4877 τοῦ
3438 4823 3663 4894 πλησίον

2093 4913 2127 4983 ή
2169 4909 2337 4965 κακία
2385 4909 2486 4981 τῆς
2539 4909 2744 4980 ἀρετῆς
2788 4911 2935 4980 ἡμᾶς
2989 4908 3239 4962 ἐκϐαλεῖν
3285 4908 3387 4978 τῆς
3433 4908 3659 4963 ἑαυτῶν.

2105 4995 2245 5051 Ἀλλ’
2288 4995 2388 5050 οὐκ
2443 4995 2637 5049 ἐκεῖνοι
2693 4993 2926 5047 τοιοῦτοι
2948 5008 2964 5025 ο
3020 4991 3156 5046 ἀλλά
3218 4991 3313 5046 zeal
3366 4991 3663 5056 ἀπέδυσαν,

2093 5078 2188 5132 zeal
2247 5076 2461 5131 ἀνελεῖν
2525 5073 2888 5146 ἐπεχείρησαν
2915 5075 3009 5128 zeal
3075 5073 3390 5138 ὀνειδίζουσι
3445 5073 3505 5126 τὸ
3575 5074 3662 5125 ἐν-

2093 5160 2301 5227 ύπνιον,
2327 5159 2503 5214 καίτοι
2536 5158 2629 5212 zeal
2652 5157 2856 5229 τροφήν
2881 5158 3009 5228 παρ’
3040 5153 3206 5210 αὐτοῦ
3233 5154 3591 5226 κομισάμενοι
3614 5165 3660 5218 ε,

2093 5244 2188 5297 zeal
2213 5243 2357 5313 ζωῆς
2385 5244 2480 5296 zeal
2509 5241 2820 5312 ἐλευθερίας
2849 5241 3010 5296 αὐτὸν
3041 5239 3293 5293 ἐκϐαλεῖν
3324 5237 3660 5310 ἐπεχείρουνι

2092 5327 2201 5379 Kal
2252 5328 2301 5379 οἰ
2346 5326 2446 5394 μὲν
2487 5325 2706 5398 ἢσθιον,
2749 5325 2840 5379 τὸν
2888 5326 2946 5379 δέ
2978 5323 3204 5393 ἀδελφὸν
3238 5322 3552 5395 περιεώρων
3605 5324 3691 5376 ἐνρ

2090 5407 2281 5476 λάκκῳ
2309 5408 2514 5479 γυμνὸν
2547 5407 2983 5480 ἐρριμμένον..Τί
3011 5407 3214 5479 ταύτης
3242 5407 3340 5478 τῆς
3373 5405 3682 5478 θηριωδίας..

2154 5549 2182 5590 δ
2211 5547 2300 5612 lliic
2319 5546 2605 5612 μικρόψςοχος
2632 5548 2709 5612 e_sl
2731 5541 3009 5612 ἱςαοιιηιίριε,
3032 5541 3244 5612 rixose“,
3287 5547 3342 5612 ιιι
3373 5540 3684 5612 μικροψυχία.

2092 5613 2218 5678 gp_u_d
2247 5603 2436 5664 Pairaé,
2459 5603 2592 5663 τίᾰςὶι.
2615 5604 2852 5662 sinmlms.
2900 5607 3025 5678 secat
3055 5605 3238 5678 pagana
3276 5603 3660 5678 obggjrxgvimu's.

2093 5661 2279 5721 lfzidem
2323 5661 2496 5718 οῐηιιρε
2536 5661 2664 5728 pénc
2713 5679 2824 5714 mas.
2850 5667 3002 5714 nostri
3047 5661 3293 5725 ἀμύνηται.
3345 5661 3472 5710 Edili
3532 5663 3662 5712 male

2093 5734 2331 5782 ἀμύνεται.
2403 5731 2424 5757 θ
2458 5728 2554 5776 A'ii
2605 5725 2766 5775 αὐτοῦ.
2840 5726 2924 5774 'Av
2967 5726 3121 5773 τοίνυν
3157 5722 3306 5772 ταῦτα
3353 5723 3434 5782 μή.
3500 5721 3525 5759 ἀ
3561 5723 3664 5772 Alii

2092 5748 2331 5793 αμυνετσιι.
2404 5748 2424 5757 "
2458 5748 2554 5776 3'"
2605 5748 2766 5775 αυτου.
2863 5748 2924 5774 nv
2967 5748 3121 5773 τυινυν
3157 5748 3306 5772 ταυτα
3353 5748 3434 5782 μη.
3500 5748 3525 5759 η·
3561 5748 3681 5772 mn.

2092 5793 2264 5857 τούτῳ.
2335 5789 2442 5842 'lla
2464 5789 2613 5841 Sal’il.
2647 5786 2746 5843 Alli
2771 5793 2824 5839 et
2847 5785 3017 5838 Morel.
3044 5787 3153 5850 παρ’
3189 5782 3333 5833 αὐτοῦ
3359 5799 3447 5832 που
3471 5783 3680 5846 “tam:

2093 5869 2186 5914 νοι.
