4078 6200
315 313 400 371 389
1297 310 1356 365 ΙΝ
1396 309 1704 366 ΙΟᾹΝΝΕΜ
1737 309 1861 365 11οΝ

2009 308 2218 366 LXXII.
2261 311 2327 365 al.
2371 311 2556 368 LXXI.
2632 302 2636 306 ”

309 438 419 500 quot
449 428 523 481 illi
554 424 837 480 liomicldis
886 437 992 478 non
1030 422 1371 477 immaniores
1401 422 1596 476 erant?
1619 421 1880 476 Eductum

304 530 477 595 postea
515 518 665 572 illum
695 517 840 572 mille
868 516 1130 570 mortibus
1161 514 1512 580 tradiderunt,
1548 513 1673 568 dum
1698 514 1882 568 vendi-

298 616 484 668 derunt
511 609 750 664 barbaris
775 618 828 662 et
855 607 982 662 ieris
1011 607 1332 669 hominibus,
1391 607 1479 677 qui
1512 607 1577 660 ad
1623 605 1880 660 barbaros

293 702 783 772 proﬁciscebantur.
807 699 1000 754 Verum
1033 699 1122 752 ille
1150 698 1364 770 quando
1393 713 1487 753 rex
1513 698 1731 753 ell'ectus
1771 709 1876 765 est,

288 811 390 851 non
418 794 581 849 modo
612 809 713 847 non
745 794 885 847 ultus
907 792 1024 846 illos
1047 801 1148 857 est,
1179 791 1272 846 sed
1296 793 1455 845 etiam
1482 806 1509 843 a
1539 802 1759 859 peccato
1814 791 1879 844 il-

287 889 388 952 los,
419 895 679 958 quantum
711 887 762 938 in
793 887 906 955 ipso
927 893 1062 946 erat,
1095 883 1354 946 liberavit,
1378 883 1503 935 dum
1534 897 1646 936 rem
1674 891 1876 949 geSIam

288 981 375 1036 Dei
434 979 824 1051 providentiam
876 975 1102 1038 vocavit,
1159 989 1267 1028 non
1311 975 1520 1027 illorum
1563 972 1870 1041 nequitiam.

283 1075 416 1140 Quae
446 1087 575 1126 vero
606 1080 790 1124 contra
821 1069 940 1123 illos
969 1069 1124 1131 fecit,
1157 1083 1263 1121 non
1309 1065 1628 1121 ulciscenda:
1669 1064 1877 1133 injuriae

282 1163 490 1223 animo,
524 1161 618 1215 sed
645 1175 740 1230 pro
768 1162 928 1214 fratre
958 1159 1044 1213 illa
1069 1157 1357 1212 simulavit.
1390 1156 1580 1210 Postea
1620 1171 1749 1208 vero
1787 1155 1874 1208 tibi

282 1253 418 1306 \idit
439 1252 559 1305 illos
582 1251 800 1305 fratrem
829 1265 987 1305 suum
1028 1247 1338 1311 defendere,
1375 1248 1542 1317 posita
1569 1246 1734 1310 larva,
1768 1255 1869 1299 sta-

281 1346 372 1400 tim
412 1345 739 1399 lamentatus
762 1351 864 1406 est,
893 1341 1333 1410 amplexatusque
1360 1347 1440 1393 cst
1476 1338 1613 1403 illos,
1648 1352 1709 1389 ac
1734 1337 1776 1389 si
1805 1336 1872 1389 ab

278 1439 351 1492 eis
377 1451 496 1491 mae
510 1451 573 1489 aa
612 1434 866 1490 beneficia
901 1432 1216 1502 accepisset,
1239 1429 1328 1500 qui
1355 1444 1486 1499 pene
1508 1428 1576 1481 ab
1614 1428 1718 1481 illis
1746 1427 1870 1478 olim

278 1530 638 1598 interemptus
687 1527 857 1581 fuerat
889 1545 902 1580 :
934 1535 1094 1595 atque
1139 1524 1258 1578 illos
1289 1537 1476 1576 omnes
1504 1522 1553 1575 in
1580 1520 1870 1590 IEgypmm

273 1621 533 1685 deduxit,
567 1621 818 1690 milleque
863 1615 1134 1672 beneficiis
1180 1613 1489 1669 cumulavit.
1544 1612 1713 1680 Quam
1744 1624 1871 1678 ergo

3477 334 3575 393 390

1992 421 2355 478 defensionem
2386 426 2715 496 habebimus,
2744 432 2832 502 qui
2865 444 2979 503 post
3029 437 3201 510 legem
3245 451 3298 498 et
3325 446 3573 515 gratiam,

1993 524 2110 611 post
2158 525 2360 611 tantum
2392 520 2741 592 philosophize
2786 539 3150 598 augmentum,
3183 550 3251 590 ne
3282 536 3430 593 illurn
3457 544 3575 611 qui-

1989 605 2110 660 dem
2140 608 2226 677 qui
2254 619 2376 664 ante
2423 611 2592 681 legem
2621 621 2674 668 et
2697 618 2922 685 gratiam
2955 619 3054 676 fuit
3096 623 3408 682 imitamur?
3456 605 3576 701 quis

1988 711 2086 790 nos
2112 713 2148 790 a
2172 701 2432 768 supplicio
2473 705 2709 759 eximet?
2735 707 2875 763 Nihil
2917 720 2994 766 est
3027 715 3190 782 enim,
3223 720 3406 790 utique
3443 723 3574 780 nihil

1987 788 2220 842 deterius
2269 791 2576 858 injuriarum
2623 800 2900 853 memoria.
2950 802 3018 858 Et
3067 805 3168 861 hoc
3231 788 3569 870 manifestum

1987 879 2216 974 reddidit
2245 883 2290 936 is
2324 885 2412 953 qui
2443 885 2627 942 decem
2660 891 2822 946 millia
2867 895 3064 950 talenta
3095 898 3322 956 debebat
3352 902 3568 974 (Matth.

1988 967 2074 1022 18.
2119 969 2234 1038 2i).
2269 974 2357 1040 qui
2409 976 2555 1043 prius
2585 979 2767 1035 debito
2791 983 3087 1051 absolutus,
3122 1003 3306 1060 postea
3339 967 3405 1048 ad
3446 997 3562 1052 sol-

1985 1061 2217 1115 vendnm
2261 1075 2477 1121 coactus
2509 1081 2619 1137 est;
2649 1074 2944 1143 absolutus,
2982 1094 3076 1148 per
3123 1083 3214 1139 Dei
3245 1088 3568 1144 misericor—

1984 1151 2124 1206 diam
2143 1169 2157 1218 ;
2178 1167 2392 1212 coactus
2411 1176 2538 1215 vero
2558 1179 2653 1232 per
2670 1169 2936 1237 propriam
2958 1176 3270 1243 nequitiam,
3287 1182 3425 1250 quod
3448 1198 3569 1238 con-

1983 1257 2140 1297 st-rvo
2167 1261 2264 1300 suo
2290 1249 2525 1306 debitum
2568 1271 2671 1309 non
2707 1261 2992 1317 remiserit.
3019 1265 3220 1331 Quibus
3250 1249 3562 1341 perspectis,

1985 1338 2230 1404 proximo
2255 1353 2466 1410 peccata
2501 1346 2850 1418 dimittamus,
2879 1355 2985 1408 imo
3012 1357 3284 1415 beneﬁciis
3303 1338 3422 1418 illos
3446 1338 3564 1434 pro.

1980 1443 2286 1525 sequamur,
2313 1445 2377 1487 ut
2403 1438 2819 1496 misericordiam
2851 1445 2940 1500 Dei
2967 1463 3377 1520 consequamur,
3399 1459 3564 1525 gratia

1981 1529 2032 1571 et
2061 1520 2385 1619 benignitate
2415 1527 2622 1583 Domini
2665 1535 2833 1588 nostri
2877 1537 3002 1592 Jesu
3034 1539 3252 1610 Christi,
3277 1547 3362 1600 cui
3395 1520 3564 1619 gloria

1980 1618 2033 1662 et
2066 1611 2345 1682 imperium
2370 1617 2421 1672 in
2452 1622 2641 1674 sarcula
2675 1627 3014 1684 smculorum.
3057 1632 3248 1688 Amen.

277 1749 3548 1879 ᾛ

269 1973 404 2028 Car.
449 1973 540 2026 15.
581 1987 634 2024 v.
675 1969 765 2025 20.
811 1969 969 2022 Amen
995 2007 1011 2032 ,
1041 1983 1185 2018 nmen
1217 1965 1331 2018 dico
1358 1961 1516 2029 vobis,
1566 1957 1651 2027 qui
1687 1953 1868 2024 accipit

335 2065 388 2117 si
415 2079 565 2132 quem
599 2062 778 2114 misero
801 2101 815 2123 ,
861 2075 938 2112 me
975 2058 1156 2127 accipit
1178 2071 1197 2109 :
1224 2055 1312 2126 qui
1339 2062 1504 2108 autem
1541 2068 1620 2106 me
1642 2051 1826 2120 accipit
1849 2090 1865 2115 ,

335 2155 535 2222 accipit
560 2170 671 2206 eum
695 2153 778 2222 qui
805 2167 882 2204 me
909 2150 1062 2202 misit.

336 2247 401 2300 1.
436 2245 623 2315 Magna
669 2243 760 2298 Dei
805 2257 1010 2296 merces
1048 2240 1240 2296 collata
1283 2239 1346 2293 iis
1383 2238 1474 2308 qui
1521 2252 1707 2293 servos
1740 2252 1869 2292 suos

267 2337 462 2392 fovent
491 2349 542 2389 et
583 2335 842 2390 beneﬁcio
877 2333 1118 2388 afﬁciunt
1151 2375 1164 2394 ,
1199 2331 1428 2400 indeque
1473 2331 1674 2384 fructus
1713 2329 1866 2384 nobis

269 2427 620 2498 proveniunt.
651 2426 784 2480 Nam
820 2424 918 2490 Qui
943 2425 1117 2494 recipit
1159 2441 1242 2478 vos
1262 2466 1276 2488 ,
1325 2423 1528 2492 inquit,
1559 2438 1639 2476 me
1665 2421 1865 2489 recipit;

264 2529 315 2573 et
335 2521 434 2586 qui
464 2519 636 2586 recipit
667 2533 765 2580 me,
799 2517 974 2585 recipit
1006 2532 1119 2570 eum
1167 2515 1253 2578 qui
1294 2515 1426 2567 misit
1467 2529 1562 2565 me.
1591 2511 1862 2568 Christum

262 2623 318 2665 et
359 2610 486 2679 cjus
515 2609 724 2663 Patrem
771 2608 1009 2677 recipere
1037 2648 1054 2671 ,
1083 2605 1207 2675 quid
1254 2605 1376 2660 huic
1419 2604 1595 2658 ofﬁcio
1624 2604 1861 2675 :cquipa-

261 2700 550 2756 randum?
595 2699 660 2754 Et
703 2715 824 2769 qua:
863 2698 1244 2768 consequentia
1291 2697 1357 2751 ad
1407 2695 1544 2750 dicta
1573 2695 1862 2764 superius?

260 2792 396 2860 quid
431 2791 548 2845 haec
575 2805 861 2846 commune
891 2789 1088 2844 habent
1116 2805 1235 2843 cum
1269 2789 1331 2842 iis
1360 2804 1478 2858 quae
1507 2799 1664 2856 supra
1687 2787 1816 2842 dixit
1840 2829 1857 2854 ,

259 2882 418 2937 Beati
446 2883 604 2948 eritis,
630 2883 676 2935 si
702 2881 812 2936 [uec
841 2881 1056 2950 feceritis
1081 2897 1099 2935 :
1132 2881 1230 2948 Qui
1257 2880 1436 2948 recipit
1463 2895 1548 2933 vos
1569 2879 1595 2932 .’
1638 2877 1851 2948 Optime

262 2976 386 3032 litec
431 2986 735 3030 consonant
767 2992 781 3028 :
815 2975 936 3029 vide
964 2983 1152 3035 autem,
1191 2973 1477 3043 quomodo.
1511 2973 1640 3039 Quia
1669 2972 1858 3026 exituri

257 3075 424 3121 eratut
448 3108 462 3130 ,
487 3075 543 3119 et
566 3064 748 3135 gravia
803 3064 963 3118 multa
1008 3065 1211 3133 passuri
1245 3105 1259 3129 ,
1289 3063 1496 3117 duobus
1540 3064 1661 3116 illos
1688 3063 1860 3117 modis

254 3158 620 3212 consolatur:
649 3167 705 3212 et
726 3172 755 3211 a
787 3173 865 3224 se,
894 3167 947 3212 et
972 3157 1039 3211 ab
1063 3157 1201 3212 aliis.
1227 3155 1280 3212 Si
1311 3155 1669 3226 philosophati
1699 3155 1861 3210 fueri-

256 3252 324 3305 tis
356 3293 374 3315 ,
415 3251 588 3320 inquit
617 3290 634 3316 ,
665 3251 876 3320 meique
902 3249 1214 3305 memoriam
1245 3249 1587 3304 servaveritis
1612 3291 1628 3316 ,
1656 3257 1712 3304 et
1740 3264 1858 3319 qum

254 3357 458 3409 passus
502 3358 622 3395 sum
673 3351 726 3396 et
755 3357 875 3412 quae
921 3341 1021 3397 feci
1061 3342 1239 3396 omnia
1285 3351 1603 3405 versantes,
1652 3340 1858 3396 facilius

253 3449 541 3488 :rrumnas
567 3433 772 3488 feretis.
804 3431 986 3503 Neque
1023 3433 1124 3488 hoc
1168 3434 1340 3488 solum
1369 3432 1529 3488 modo
1549 3475 1565 3500 ,
1589 3433 1681 3487 sed
1713 3433 1854 3502 quod

250 3528 428 3579 etiam
459 3524 532 3578 ab
576 3525 828 3578 omnibus
865 3525 1030 3578 multa
1064 3524 1235 3578 ofﬁcia
1265 3524 1382 3578 sitis
1413 3525 1704 3594 accepturi.
1742 3524 1856 3579 Pri-

253 3632 416 3670 mum
445 3630 576 3669 vero
603 3615 924 3685 signiﬁcavit
965 3629 1086 3669 cum
1121 3614 1256 3669 dixit
1290 3655 1304 3679 ,
1343 3614 1405 3668 Si
1447 3616 1557 3670 lucc
1589 3615 1805 3686 feceritis
1837 3656 1854 3683 ,

249 3711 395 3764 beati
421 3710 596 3772 eritis;
619 3709 845 3764 alterum
882 3723 1010 3762 vero
1035 3723 1155 3762 cum
1187 3709 1315 3762 dicit
1347 3749 1362 3776 ,
1406 3707 1507 3773 Qui
1526 3725 1612 3762 vos
1631 3709 1809 3778 recipit
1835 3747 1853 3776 ,

251 3820 335 3856 me
371 3802 576 3871 recipit.
608 3800 856 3856 Omnium
898 3801 1094 3870 quippe
1123 3799 1315 3854 domos
1347 3799 1476 3869 ipsis
1500 3800 1748 3870 aperuit;
1782 3803 1856 3856 ita

251 3904 311 3948 ut
339 3910 413 3948 ex
465 3908 674 3948 morum
707 3894 994 3964 probitate,
1023 3901 1076 3946 et
1102 3907 1168 3947 ex
1191 3891 1290 3945 sibi
1320 3906 1539 3960 operam
1571 3890 1854 3946 ferentium

249 3989 492 4040 caritate
536 3985 803 4054 duplicem
850 3984 1112 4040 haberent
1159 3982 1602 4038 consolationem.
1652 3982 1856 4039 Deinde

249 4087 552 4147 postquam
577 4076 691 4130 haec
714 4077 819 4131 illis
842 4078 1113 4146 pmcepit,
1137 4084 1317 4145 utpote
1335 4085 1501 4129 totum
1524 4076 1704 4129 orbem
1735 4091 1857 4145 per-

247 4170 494 4232 vasuris,
547 4169 786 4237 cogitans
836 4167 1162 4237 proditorem
1208 4166 1293 4221 his
1347 4167 1584 4236 utrisque
1635 4167 1852 4235 privari,

247 4261 509 4330 nihilque
542 4261 729 4314 horum
759 4269 1209 4329 consequuturnm
1249 4274 1400 4322 esse,
1449 4273 1622 4328 neque
1661 4273 1726 4312 cx
1758 4273 1854 4327 pa-

247 4352 450 4406 tientia
485 4352 539 4404 in
568 4349 856 4416 laboribus,
891 4366 1062 4420 neque
1104 4365 1176 4404 ex
1206 4349 1608 4419 suscipientium
1640 4348 1851 4413 officiis,

247 4446 517 4496 turbatus
543 4451 624 4496 est
654 4457 886 4496 rursum.
916 4441 1068 4508 Quod
1086 4442 1394 4511 significans
1419 4441 1766 4510 evangelista,
1800 4449 1855 4495 et

243 4536 413 4587 illum
434 4532 560 4588 ideo
578 4532 844 4587 turbatum
869 4531 1168 4594 declarans,
1184 4531 1367 4599 adjicit
1387 4548 1399 4584 :
1421 4530 1512 4584 21.
1532 4530 1725 4584 Etcum
1747 4531 1855 4585 haec

244 4625 480 4676 dixisset
506 4619 677 4687 Iesus,
702 4621 932 4675 turbatus
957 4629 1030 4674 est
1057 4621 1259 4690 spiritu,
1294 4631 1341 4674 et
1365 4629 1668 4690 protestatus
1691 4630 1783 4684 est,
1809 4628 1854 4674 et

243 4717 397 4768 dixit
425 4733 446 4769 :
480 4712 627 4770 Uuus
655 4731 717 4768 ea:
738 4714 873 4768 vobis
903 4731 980 4767 me
1003 4715 1186 4766 tradet.
1219 4715 1410 4768 lterum
1433 4715 1681 4768 omnibus
1699 4714 1852 4767 timo-

247 4823 382 4863 rem
408 4807 783 4877 ineutit,quod
813 4822 916 4860 non
937 4807 1084 4860 illum
1105 4807 1414 4861 nominatim
1434 4805 1640 4860 efferat.
1668 4805 1748 4859 Illi
1774 4820 1856 4859 ve-

237 4918 316 4957 ro
344 4902 494 4956 anxii
524 4911 644 4955 sunt
666 4898 1071 4968 (Joan.13.22).
1097 4901 1219 4955 licet
1241 4899 1435 4953 nullius
1457 4899 1556 4953 sibi
1578 4899 1702 4953 mali
1727 4913 1857 4953 con-

235 4997 394 5060 scii,
424 4994 551 5064 quia
602 4993 796 5048 Christi
849 4993 1168 5048 seiitcntiaiu
1222 4992 1466 5046 tutiorem
1519 5005 1677 5061 quam
1729 5004 1854 5044 suas

238 5092 412 5155 ipsas
459 5087 813 5155 cogitationes
859 5085 1143 5138 ducebant.
1194 5085 1370 5152 Quare
1420 5097 1479 5137 se
1522 5093 1707 5138 mutuo
1756 5099 1857 5138 re-

237 5180 589 5250 spiciebant.
635 5177 785 5244 Quod
840 5178 891 5229 in
938 5191 1100 5229 unum
1159 5175 1511 5244 proditionent
1563 5175 1853 5244 restringe-

233 5281 367 5332 ret,
403 5270 654 5322 timorem
679 5267 980 5328 minuebat;
1012 5266 1153 5335 quod
1175 5266 1413 5330 adderet,
1444 5265 1587 5320 Unus
1607 5283 1670 5320 ea:
1695 5267 1852 5332 vobis,

231 5373 459 5414 omnes
497 5357 867 5411 conturbabat.
917 5356 1053 5423 Quid
1082 5355 1251 5426 ergo?
1289 5357 1390 5409 Alii
1418 5355 1630 5425 quidem
1667 5370 1855 5411 omnes

228 5469 309 5508 se
379 5460 565 5504 mutuo
605 5449 928 5516 respiciunt;
965 5448 1154 5502 Petrus
1199 5461 1328 5502 vero
1369 5461 1582 5517 semper
1621 5447 1852 5512 fervens,

233 5542 462 5600 Juanni
486 5540 676 5594 annuit
696 5538 855 5610 (Ibid.
880 5538 997 5608 24).
1026 5538 1158 5606 Quia
1179 5539 1320 5592 enim
1346 5537 1547 5606 pridem
1571 5547 1852 5607 correptus

235 5636 471 5697 fuerat,
499 5641 554 5688 et
575 5633 752 5686 lavare
781 5631 1044 5688 volentem
1071 5630 1404 5689 cohibuerat.
1423 5640 1477 5686 et
1494 5631 1688 5700 ubique
1711 5645 1854 5686 com-

233 5738 422 5801 paret
440 5740 628 5782 amore
653 5723 868 5792 aniens,
899 5725 993 5781 sed
1024 5725 1348 5796 increpatur,
1368 5724 1488 5780 ideo
1516 5725 1728 5791 timens,
1755 5738 1846 5780 ne-

1975 1971 2079 2064 que
2104 1964 2336 2064 quievit,
2379 1984 2549 2040 neque
2579 1974 2827 2044 loquutus
2857 1991 2968 2048 est,
3013 1985 3110 2041 sed
3135 1988 3357 2046 Joannis
3397 2009 3558 2064 opera

1972 2051 2083 2105 vult
2109 2053 2368 2112 ediscere.

2043 2141 2165 2209 Cur,
2196 2150 2388 2204 caneris
2409 2153 2716 2224 timentibus,
2737 2159 2965 2220 Joannes
2984 2167 3037 2222 in
3067 2171 3181 2223 sinu
3204 2172 3393 2229 Christi
3409 2195 3556 2233 recu-

1969 2231 2148 2286 bat.—
2169 2236 2296 2291 lllnd
2327 2255 2485 2309 porro
2512 2251 2736 2315 qumsitu
2765 2252 2981 2321 dignum
3011 2268 3090 2312 est
3110 2303 3124 2326 ,
3166 2278 3264 2317 cur
3309 2231 3556 2326 omnibus

1968 2327 2169 2391 anxiis,
2226 2332 2576 2405 timentibus,
2630 2345 2918 2413 eorypluro
2962 2361 3268 2421 metuente,
3321 2357 3555 2418 Joannes

1969 2421 2116 2519 quasi
2147 2421 2298 2477 laetus
2323 2426 2376 2480 in
2399 2429 2517 2483 sinu
2539 2431 2665 2488 .lesu
2697 2438 2954 2504 recubat;
2987 2458 3086 2498 nec
3114 2448 3330 2502 recubat
3357 2452 3551 2519 solum,

1968 2510 2061 2564 sed
2096 2512 2145 2566 in
2177 2526 2359 2583 pectus
2407 2521 2590 2576 incidit
2619 2544 2630 2578 :
2659 2541 2829 2596 neque
2859 2529 2960 2586 hoc
2987 2534 3160 2589 solum
3199 2542 3420 2606 qua-situ
3471 2510 3555 2598 di;

1967 2618 2128 2699 gnum
2156 2615 2258 2699 est,
2282 2609 2373 2663 sed
2400 2621 2451 2664 et
2483 2615 2624 2668 aliud
2648 2631 3007 2690 consequens.
3037 2625 3173 2693 Quid
3202 2630 3330 2683 illud
3353 2632 3376 2685 t
3401 2632 3551 2699 Quod

1965 2691 2032 2749 de
2057 2707 2116 2748 se
2144 2695 2292 2762 dicit,
2327 2700 2486 2766 Quem
2516 2705 2752 2777 diligebat
2780 2709 2951 2766 Iesus.
2999 2691 3100 2770 Cui
3137 2734 3293 2772 nemo
3321 2691 3458 2777 alitis
3494 2726 3544 2778 id

1965 2785 2032 2842 de
2059 2803 2119 2844 se
2147 2789 2310 2856 dixit,
2339 2796 2580 2863 quamvis
2605 2800 2696 2854 alii
2727 2818 2937 2874 quoque
2977 2812 3321 2866 amarentur?
3354 2813 3548 2870 Verum

1965 2877 2051 2934 hic
2092 2883 2259 2952 magis
2288 2901 2446 2954 qnam
2476 2889 2583 2944 alii.
2617 2893 2768 2958 Quod
2798 2897 2841 2950 si
2890 2900 3067 2954 nullus
3107 2902 3244 2957 alius
3275 2904 3373 2958 hoc
3402 2909 3467 2960 de
3492 2926 3552 2963 se

1963 2969 2121 3036 dixit,
2153 2972 2248 3026 sed
2280 2975 2393 3043 ipse
2420 2977 2585 3042 solus,
2611 2981 2741 3037 nihil
2763 2987 2974 3041 mirum.
3005 2989 3116 3044 Hoc
3145 2993 3316 3060 ipsum
3349 3011 3548 3066 Oppor-

1965 3069 2093 3117 tuno
2119 3071 2361 3134 tempore
2394 3068 2519 3124 facit
2548 3072 2741 3130 Paulus
2768 3077 2850 3132 bis
2879 3081 3054 3136 verbis
3087 3100 3103 3138 :
3135 3085 3257 3140 Scio
3295 3089 3548 3144 hominem

1961 3161 2078 3206 aute
2115 3171 2277 3211 annos
2323 3163 2700 3230 quatuordecim
2731 3167 2808 3238 (2.
2853 3167 2970 3224 Cor.
2999 3172 3085 3226 12.
3117 3174 3186 3244 2).
3231 3179 3387 3246 Atqui
3441 3195 3545 3235 non

1962 3259 2157 3313 paucas
2184 3248 2316 3304 alias
2344 3252 2424 3305 sui
2463 3253 2644 3310 laudes
2680 3271 3038 3330 prosequutus
3063 3273 3164 3319 est.
3199 3269 3276 3320 An
3309 3279 3461 3336 putas
3494 3272 3543 3326 id

1962 3347 2148 3429 parum
2179 3353 2318 3407 esse,
2349 3344 2490 3412 quod
2526 3355 2581 3399 ut
2607 3348 2830 3415 audivit,
2877 3351 3100 3422 Sequere
3124 3373 3204 3412 me
3231 3358 3440 3429 (Matth.
3489 3364 3544 3418 4.

1956 3424 2052 3496 20)
2073 3467 2098 3518 ,Α
2135 3431 2313 3484 statim
2342 3434 2545 3489 relictis
2574 3438 2777 3494 retibus
2801 3452 2855 3496 et
2881 3455 3032 3513 patre
3053 3424 3309 3517 sequutus
3340 3452 3441 3518 sit,
3491 3464 3546 3509 et

1959 3515 2250 3614 quodcum
2297 3521 2455 3576 Petro
2484 3527 2630 3581 solus
2659 3541 2963 3601 assumptus
2989 3535 3055 3588 sit
3084 3515 3142 3590 in
3163 3550 3397 3596 montem
3429 3515 3542 3614 (Id.

2187 3619 2240 3665 et
2256 3627 2438 3667 rursus
2455 3631 2573 3669 cum
2601 3619 2651 3671 in
2671 3619 2887 3676 domum
2918 3624 3189 3695 ingressus
3207 3640 3291 3684 est
3311 3605 3458 3702 (Luc.
3486 3634 3540 3689 8.

1960 3695 2088 3768 51)?
2119 3698 2236 3769 Ipse
2288 3719 2418 3758 vero
2467 3720 2720 3776 quantum
2753 3713 2895 3768 Petri
2927 3721 3227 3775 encominm
3283 3695 3540 3796 narravit,

1961 3804 2060 3885 nec
2090 3793 2254 3885 tacuit
2281 3794 2480 3852 dixisse
2508 3801 2779 3857 Christum
2810 3805 2880 3859 illi
2912 3825 2924 3859 :
2954 3806 3124 3874 I’etre,
3158 3830 3301 3868 antas
3322 3832 3399 3868 me
3428 3793 3543 3885 plus

1960 3881 2038 3936 tu:
2064 3882 2244 3953 (Joau.
2269 3887 2510 3960 21.15)?
2538 3893 2604 3946 Et
2627 3895 2820 3965 ubique
2846 3899 2990 3952 illum
3024 3902 3319 3960 ferventem
3347 3917 3397 3961 el
3427 3881 3541 3963 sin-

1959 3987 2084 4029 cere
2133 3977 2230 4045 ipsi
2282 3978 2528 4035 alfcctum
2557 3985 2790 4039 exhibet.
2835 3988 3058 4054 Quando
3097 4003 3272 4047 autem
3305 3996 3539 4064 dicebat,

1963 4064 2063 4119 Hic
2105 4077 2269 4122 autem
2288 4071 2411 4141 quid
2441 4073 2602 4140 (Ibid.
2628 4093 2673 4129 υ.
2695 4078 2816 4146 21)?
2837 4095 2899 4133 ex
2934 4096 3118 4137 amore
3145 4102 3335 4155 magno
3356 4090 3433 4144 sic
3462 4092 3540 4145 lo-

1957 4159 2236 4226 quebatur.
2272 4161 2393 4215 Ideo
2433 4179 2590 4219 nemo
2625 4166 2760 4221 alius
2783 4169 2884 4224 hoc
2913 4171 2981 4227 de
3011 4174 3100 4227 illo
3123 4175 3250 4230 dixit
3273 4219 3286 4237 .
3316 4180 3409 4234 sed
3443 4198 3535 4236 ne-

1958 4265 2061 4319 que
2088 4253 2199 4320 ipse
2227 4251 2460 4310 Joannes
2483 4255 2725 4322 dixisset,
2765 4261 2864 4314 nisi
2890 4263 2941 4316 in
2972 4263 3111 4318 hunc
3135 4267 3404 4324 incidisset
3449 4274 3530 4325 lo-

1958 4341 2249 4395 cum.Nam
2281 4343 2324 4396 si
2352 4355 2630 4413 postquam
2670 4349 2800 4402 dixit
2840 4350 3054 4406 Petrum
3078 4357 3327 4412 annuisse
3348 4359 3539 4418 Joanni

1958 4441 2018 4486 ut
2048 4433 2420 4504 interrogaret,
2451 4438 2579 4492 nihil
2609 4438 2918 4506 addidisset,
2943 4460 3040 4498 nos
3066 4457 3212 4502 certe
3239 4449 3288 4503 in
3320 4451 3537 4507 dubinin

1959 4529 2301 4597 Conjccisset,
2335 4542 2391 4586 et
2412 4548 2625 4586 causam
2650 4534 2918 4603 inquirere
2938 4541 3205 4609 coegisset
3234 4560 3248 4596 :
3279 4544 3396 4598 ideo
3427 4547 3541 4615 ipse

1956 4621 2110 4676 all'ert
2142 4639 2154 4673 :
2187 4623 2432 4676 Recubuit
2461 4642 2612 4693 super
2640 4636 2813 4695 pectus
2850 4628 2997 4684 Jesu.
3032 4634 3112 4685 An
3140 4649 3326 4703 parum
3358 4648 3408 4691 te
3451 4639 3535 4694 di-

1957 4711 2151 4766 dicisse
2183 4723 2353 4782 putas,
2403 4731 2522 4769 cum
2567 4718 2874 4774 recubuisse
2901 4722 3074 4783 audis,
3122 4734 3176 4778 et
3215 4727 3358 4796 quod
3394 4738 3538 4784 tanta

1957 4803 2096 4871 apud
2128 4804 2431 4873 Magistrum
2482 4808 2744 4863 frueretur
2775 4811 3004 4866 ﬁducia?
3049 4815 3103 4869 Si
3143 4832 3270 4870 vero
3320 4833 3536 4875 causam

1957 4897 2175 4962 qua-ris,
2207 4897 2257 4950 id
2283 4914 2346 4952 ex
2378 4915 2563 4955 amore
2594 4905 2937 4970 proveniebat
2967 4927 2980 4961 :
3012 4906 3130 4960 ideo
3147 4909 3241 4975 ait,
3266 4911 3422 4976 Quem
3451 4914 3534 4966 di-

1959 4985 2138 5057 ligebat
2162 4987 2330 5043 Jesus.
2362 4990 2471 5059 Ego
2500 5007 2622 5046 veto
2649 5007 2780 5065 puto
2801 4995 2945 5049 illum
2975 4997 3042 5051 ob
3063 4998 3220 5053 aliain
3249 5017 3465 5057 causam
3486 5006 3536 5059 id

1958 5077 2147 5132 fecisse
2171 5120 2185 5144 ,
2219 5091 2274 5134 ut
2295 5086 2603 5139 ostenderet
2640 5101 2699 5140 se
2728 5103 2757 5141 a
2779 5088 3003 5143 crimine
3032 5091 3287 5147 alienum.
3324 5095 3446 5149 Ideo
3469 5097 3527 5150 ii.

1957 5168 2148 5225 denter
2175 5173 2300 5242 agit.
2326 5173 2457 5228 Nam
2496 5159 2599 5230 cur
2619 5193 2721 5232 non
2752 5180 2856 5233 alio
2900 5182 2950 5234 in
2984 5181 3102 5237 loco
3141 5184 3190 5238 id
3221 5185 3383 5250 dicit,
3442 5191 3537 5244 sed

1958 5260 2213 5316 innuente
2238 5265 2563 5334 coryphmo?
2591 5268 2667 5323 Ne
2697 5279 2852 5339 putes
2879 5273 3019 5325 enim
3054 5274 3151 5344 ipsi
3207 5277 3442 5334 innuisse
3483 5293 3539 5336 ut

1958 5353 2169 5421 majori,
2201 5355 2274 5408 ait
2298 5372 2364 5410 ex
2412 5373 2593 5413 amore
2623 5362 2792 5414 multo
2834 5361 2882 5415 id
2925 5363 3217 5430 profectum
3251 5384 3400 5425 esse.
3434 5372 3542 5427 Cur

1958 5443 2012 5498 in
2043 5454 2224 5515 pectus
2251 5446 2448 5502 Christi
2477 5449 2697 5504 incidit?
2719 5449 2870 5516 Quod
2908 5453 3035 5507 nihil
3083 5457 3258 5511 adhuc
3289 5476 3539 5529 magnum

1957 5535 2024 5591 de
2045 5536 2137 5590 illo
2164 5536 2514 5606 opinarentur
2542 5558 2556 5593 :
2591 5552 2846 5610 praeterea
2877 5557 3166 5601 mmrorem
3190 5549 3259 5601 ita
3285 5549 3540 5608 leniebat.

1959 5627 2258 5684 Verisimile
2284 5644 2510 5700 namque
2531 5641 2615 5688 est
2642 5633 2762 5688 illos
2783 5635 2930 5690 vultu
2953 5649 3175 5694 mmstos
3207 5639 3387 5696 fuisse.
3408 5642 3540 5700 Nam

1959 5720 2002 5775 si
2023 5720 2202 5778 animo
2221 5722 2422 5778 turbati
2451 5734 2624 5791 erant,
2657 5725 2826 5784 multo
2866 5729 3033 5800 magis
3062 5730 3231 5786 vultu.
3267 5733 3391 5788 Illos
3417 5734 3542 5793 lenit
