4078 6200
341 282 443 340 391

345 409 397 452 et
431 394 606 449 verbis
642 401 697 447 et
736 387 1176 459 interrogatione,
1206 386 1331 442 hinc
1358 385 1544 441 invitat
1571 382 1928 452 conceditque

348 501 398 543 ut
425 490 476 543 in
504 494 690 558 pectus
719 500 874 539 suum
906 481 1128 537 recidat.
1157 480 1289 534 Vide
1311 490 1489 534 autem
1517 478 1768 555 quam/sit
1794 476 1927 530 alie-

348 596 448 636 nus
476 597 503 633 a
528 578 686 634 fastu.
719 575 833 631 Non
853 574 984 629 dicit
1008 573 1204 645 quippe
1229 586 1445 633 nomen,
1479 569 1594 635 sed,
1625 568 1782 635 Quem
1808 567 1927 620 dili-

347 674 490 744 gebat
520 688 538 724 :
566 666 1029 737 Quemadmodum
1063 673 1119 719 et
1148 664 1341 718 Paulus
1387 677 1505 716 cum
1538 661 1773 724 diceret,
1810 658 1931 714 Scio

348 764 601 818 hominem
644 770 761 814 ante
786 775 948 812 annos
985 755 1385 826 quatuordecim.
1420 751 1569 807 Tunc
1597 759 1775 804 autem
1821 749 1931 819 pri-

350 869 498 909 mum
529 854 701 920 ipsum
732 848 973 905 confutat
992 846 1169 910 Jesus,
1192 858 1368 914 neque
1394 853 1568 897 tamen
1595 841 1931 906 nominatim;

348 945 444 1002 sed
460 943 765 1016 quomodo?
791 940 881 998 26.
912 939 1008 995 Cui
1028 955 1121 1009 ego
1145 938 1410 991 intinctam
1439 950 1618 1003 panem
1641 948 1929 1003 porrexero.

347 1038 535 1095 Modus
586 1051 800 1105 quoque
866 1030 1341 1101 reprehensionem
1394 1025 1649 1081 afferebat
1702 1041 1716 1078 :
1762 1038 1934 1093 neque

347 1132 491 1187 enim
519 1143 755 1185 mensam
788 1126 1049 1181 reveritus
1078 1131 1193 1183 ρει.
1243 1135 1365 1175 cum
1395 1118 1583 1174 eodem
1624 1126 1935 1173 vesceretur

350 1237 509 1293 pane.
544 1220 674 1275 Esto
694 1261 709 1285 ,
756 1232 863 1271 non
894 1214 1197 1271 cohibuerit
1225 1226 1423 1266 mensa:
1471 1208 1834 1273 consortium;
1866 1209 1934 1263 ab

352 1332 420 1371 eo
440 1313 741 1369 buccellam
766 1310 918 1381 panis
946 1308 1189 1377 accipere
1210 1320 1364 1374 quem
1394 1318 1499 1359 non
1527 1301 1792 1358 ﬂexisset?
1816 1300 1932 1355 Non

349 1407 501 1463 illum
524 1416 688 1458 certe.
718 1402 1054 1471 Quapropter
1077 1398 1168 1452 27.
1201 1395 1344 1450 Tunc
1365 1408 1574 1450 satanas
1606 1394 1655 1448 in
1683 1395 1829 1448 illum
1857 1394 1935 1447 in~

349 1498 520 1564 travit,
563 1495 678 1565 ejus
721 1494 973 1549 deridens
1017 1490 1413 1559 impudentiam.
1448 1488 1625 1542 Donec
1672 1488 1723 1541 in
1768 1486 1935 1541 choro

349 1589 467 1653 fuit,
499 1603 605 1642 non
634 1601 794 1640 ausus
822 1581 1144 1652 estingredi,
1178 1581 1270 1634 sed
1299 1580 1639 1634 extrinsecus
1659 1592 1931 1648 oppugna-

349 1681 437 1735 bat
467 1698 481 1733 :
513 1686 790 1749 postquam
812 1690 938 1729 vero
966 1674 1135 1742 ipsum
1168 1672 1413 1725 Christus
1438 1670 1609 1739 palam
1630 1669 1755 1725 fecit
1775 1678 1829 1724 et
1844 1685 1933 1724 se-

348 1769 604 1839 gregavit,
637 1766 803 1820 libere
824 1763 1037 1818 demunt
1082 1763 1131 1815 in
1156 1762 1303 1816 illum
1336 1760 1556 1813 insiluit.
1589 1759 1769 1827 Neque
1789 1759 1931 1813 enim

350 1860 473 1914 talis
494 1873 617 1913 cum
642 1864 787 1911 esset
808 1854 927 1909 sine
952 1868 1047 1921 spe
1076 1851 1484 1912 emendationis.
1532 1850 1755 1905 decebat
1781 1850 1931 1905 illum

350 1949 529 2003 adhuc
550 1948 693 2001 intus
715 1958 953 1999 manere.
987 1942 1110 1996 Ideo
1132 1941 1290 2010 ejeeit
1320 1942 1465 1994 illum
1488 1981 1502 2005 ,
1548 1950 1602 1995 et
1629 1950 1931 2011 separatum

350 2040 501 2096 illum
532 2047 746 2093 satanas
775 2034 991 2103 abripit,
1021 2033 1363 2101 dimissisque
1385 2032 1491 2085 illis
1515 2043 1672 2086 noctu
1706 2032 1718 2061 ¹
1749 2030 1934 2102 prodi-

355 2141 442 2186 tor
471 2129 713 2186 recessit.
739 2126 827 2181 27.
862 2123 996 2179 Dicit
1022 2124 1069 2177 ei
1113 2122 1145 2176 J
1151 2138 1284 2188 esus,
1305 2122 1496 2186 Amice,
1520 2122 1655 2189 quod
1679 2120 1826 2188 facis,
1851 2120 1935 2190 [ac

350 2224 520 2278 citius.
547 2220 642 2276 28.
664 2220 714 2272 11
719 2235 776 2273 oc
806 2226 973 2270 autem
1000 2231 1143 2269 nemo
1160 2214 1302 2269 scivit
1323 2213 1763 2267 discumbentium.

425 2314 481 2369 2.
525 2312 706 2382 Papae,
734 2317 989 2381 quantum
1022 2321 1185 2363 sensu
1214 2307 1361 2362 omni
1388 2306 1640 2361 carebat!
1667 2305 1939 2376 quomodo

351 2420 456 2461 nou
490 2403 659 2459 ﬂexus
693 2410 796 2463 est,
831 2415 930 2456 nec
966 2399 1216 2463 erubuit,
1248 2398 1343 2454 sed
1381 2397 1744 2468 impudentior
1770 2399 1940 2455 factus

354 2494 709 2554 exivitHllud
750 2501 951 2559 autem,
983 2490 1092 2546 Fac
1134 2491 1416 2558 citius,non
1446 2492 1758 2563 imperantis
1782 2534 1797 2559 ,
1838 2507 1939 2548 nec

354 2587 689 2645 consulentis
714 2595 836 2650 est;
869 2583 961 2639 sed
986 2581 1381 2652 exprobrantis,
1427 2590 1481 2636 et
1522 2582 1941 2637 demonstrantis

356 2695 418 2736 se
445 2688 632 2750 Optare
659 2686 716 2733 ut
740 2676 1039 2744 resipiscat.
1068 2672 1173 2730 Sed
1204 2688 1327 2728 cum
1344 2672 1635 2727 obduratus
1662 2683 1826 2737 esset,
1854 2673 1943 2728 di-

360 2774 508 2830 misit
538 2788 687 2829 eum.
720 2770 791 2825 Et
811 2785 978 2836 nemo,
1008 2768 1202 2839 inquit,
1228 2767 1641 2822 discumbentium
1668 2767 1825 2820 nouit.
1848 2766 1944 2824 llic

357 2881 549 2938 magna
574 2864 800 2936 qumstio
829 2861 1035 2917 moveri
1065 2860 1254 2931 possit,
1285 2874 1392 2931 quo
1422 2867 1577 2928 pacto
1606 2858 1944 2930 interrogan-

362 2958 506 3016 tibus
530 2954 832 3026 discipulis,
863 2954 981 3023 quis
1007 2959 1186 3019 esset,
1219 2950 1381 3015 dicit,
1413 2948 1511 3005 Cui
1558 2950 1822 3004 intinctum
1852 2968 1946 3020 pa-

358 3068 474 3107 nem
514 3064 815 3120 porrexero,
854 3061 1029 3118 neque
1077 3045 1155 3100 sic
1207 3043 1626 3108 intellexerunt;
1661 3043 1761 3097 nisi
1806 3043 1946 3100 forte

359 3146 497 3201 clam
519 3142 736 3205 dixerit,
758 3141 828 3195 ita
860 3149 917 3193 ut
960 3153 1119 3193 nemo
1148 3136 1375 3191 audiret.
1401 3135 1531 3191 Nam
1563 3135 1683 3190 ideo
1714 3133 1949 3191 Joannes

361 3250 523 3307 supra
553 3241 739 3303 pectus
767 3229 1107 3293 recumbens,
1136 3228 1203 3282 ad
1220 3243 1401 3283 aurem
1430 3226 1539 3281 fere
1561 3226 1947 3297 interrogabat,

364 3328 437 3382 ita
469 3335 525 3381 ut
556 3324 799 3396 proditor
826 3338 931 3377 non
964 3321 1135 3390 palam
1156 3320 1309 3374 fieret
1335 3337 1349 3373 :
1376 3328 1431 3373 et
1466 3319 1711 3375 (.‘hristus
1747 3319 1826 3374 sic
1866 3335 1951 3374 re-

363 3416 599 3488 spondit,
625 3424 682 3469 ut
706 3428 812 3469 non
838 3410 1179 3467 manifestqu
1208 3411 1353 3464 illum
1378 3408 1596 3464 faceret.
1630 3410 1951 3480 thuatnvis

364 3524 485 3565 cum
515 3504 755 3573 emphasi
801 3501 957 3556 Jesus
982 3500 1178 3557 dixerit
1209 3516 1223 3551 :
1252 3500 1446 3566 Amice,
1501 3499 1637 3567 quod
1679 3501 1837 3569 facis,
1869 3505 1952 3571 fac

364 3599 513 3652 citius
532 3612 550 3649 :
572 3596 644 3649 illi
665 3607 839 3663 neque
864 3593 944 3647 sic
962 3590 1354 3645 intellexerunt.
1386 3590 1495 3645 Hoc
1523 3598 1701 3645 autem
1719 3591 1948 3657 dicebat,

366 3700 427 3745 ut
469 3685 780 3743 ostenderet
804 3698 867 3740 ea
897 3698 1016 3753 quae
1045 3680 1246 3737 Judzeis
1276 3682 1363 3735 ille
1392 3680 1460 3736 de
1496 3690 1669 3736 morte
1720 3682 1948 3746 dixerat,

368 3796 492 3837 vera
523 3793 676 3845 esse;
704 3791 896 3845 nempe
926 3794 939 3829 :
975 3773 1276 3829 Potestatem
1305 3773 1462 3828 habeo
1487 3776 1705 3843 ponendi
1730 3775 1952 3828 animam

365 3888 563 3937 meam,
599 3879 643 3925 et
688 3876 979 3940 potestatem
1004 3865 1161 3920 habeo
1195 3866 1374 3919 iterum
1404 3865 1636 3919 sumendi
1677 3881 1833 3931 eam;
1873 3874 1950 3932 ct,

374 3963 538 4020 Nemo
578 3961 708 4017 tollit
743 3976 854 4014 eam
883 3976 914 4013 a
939 3976 1018 4014 me
1048 3956 1230 4029 (Joan.
1262 3956 1347 4011 10.
1379 3956 1487 4025 18).
1533 3955 1796 4022 Quamdiu
1825 3972 1954 4027 ergo

372 4058 607 4113 retinere
626 4053 811 4117 voluit,
836 4065 995 4107 nemo
1020 4060 1204 4105 contra
1225 4049 1427 4117 potuit;
1455 4064 1576 4103 cum
1600 4049 1839 4118 permisit
1860 4063 1955 4102 au-

378 4162 484 4207 tem
505 4191 522 4216 ,
564 4159 690 4204 tunc
719 4145 874 4201 facile
904 4143 1021 4198 fuit.
1055 4142 1180 4197 Haec
1206 4142 1364 4212 igitur
1403 4141 1581 4197 omnia
1609 4140 1955 4196 subindicaus

371 4241 533 4307 dixit,
588 4236 738 4303 Quod
778 4235 925 4306 facis,
958 4237 1039 4305 {ac
1068 4232 1216 4287 citius
1241 4249 1260 4286 :
1297 4246 1470 4302 neque
1502 4241 1628 4288 tunc
1669 4230 1815 4287 illum
1854 4246 1953 4287 no—

372 4341 484 4385 tum
532 4328 675 4384 fecit.
718 4326 877 4381 Forte
903 4338 1132 4393 namque
1160 4322 1306 4377 illum
1344 4322 1791 4392 discerpsissent,
1818 4322 1955 4377 forte

377 4423 568 4478 Petrus
592 4478 601 4483 ν,
620 4416 924 4473 occidisset.
995 4414 1121 4469 Ideo
1170 4412 1222 4468 id
1284 4428 1444 4468 nemo
1506 4413 1953 4467 discumbentium

375 4512 544 4569 novit.
590 4508 749 4577 Quid,
782 4522 954 4577 neque
1000 4505 1278 4561 Joannes?
1322 4504 1400 4559 Ne
1449 4504 1538 4559 ille
1564 4504 1773 4573 quidem
1802 4522 1816 4558 :
1849 4519 1954 4559 non

375 4604 577 4676 putavit
602 4602 745 4657 enim
770 4597 1091 4669 discipulum
1129 4597 1182 4651 in
1212 4604 1413 4651 tantam
1447 4604 1831 4665 prorupturum
1863 4596 1957 4650 ini-

374 4698 655 4769 quitatem.
681 4690 814 4761 Quia
844 4690 984 4745 enim
1010 4687 1195 4759 procul
1223 4696 1374 4741 erant
1401 4702 1431 4740 a
1463 4694 1611 4740 tanto
1639 4687 1864 4752 scelere,
1889 4686 1959 4742 de

380 4790 501 4844 aliis
540 4786 674 4843 nihil
719 4782 1027 4853 hujusmodi
1093 4780 1351 4849 suspicari
1390 4788 1657 4848 poterant.
1712 4779 1782 4835 Ut
1829 4794 1958 4851 ergo

376 4881 525 4955 prius
550 4878 765 4934 dixerat
786 4875 912 4940 illis,
940 4872 1061 4927 Non
1086 4872 1150 4925 de
1174 4871 1403 4924 omnibus
1428 4871 1562 4936 dico,
1594 4882 1649 4926 et
1670 4871 1799 4926 nihil
1826 4886 1956 4942 ape-

376 4982 555 5033 ruerat
588 4988 607 5029 :
635 4971 714 5027 sic
756 4978 812 5025 et
841 4984 981 5024 nunc
1008 4966 1077 5021 de
1103 4964 1210 5019 alio
1242 4963 1343 5018 dici
1371 4972 1645 5035 putarunt.
1699 4965 1788 5020 50.
1833 4964 1960 5019 Erat

377 5076 545 5121 autem
560 5079 662 5119 nos:
679 5059 882 5133 quando
899 5058 1069 5121 exivit,
1091 5056 1278 5123 inquit.
1298 5053 1406 5109 Cur
1426 5054 1552 5109 mihi
1576 5063 1785 5125 tempus
1802 5054 1961 5111 dicis?

378 5157 449 5215 Ut
474 5156 653 5212 discas
694 5152 811 5223 ejus
835 5147 1185 5220 petulantiam
1205 5187 1219 5212 ,
1251 5146 1405 5216 cujus
1437 5146 1691 5215 impetum
1732 5160 1800 5200 ne
1828 5153 1962 5201 tem-

375 5264 477 5320 pus
505 5246 721 5318 quidem
743 5241 1004 5299 cohibuit.
1034 5239 1140 5296 Sed
1170 5253 1348 5309 neque
1378 5238 1479 5294 hoc
1498 5238 1644 5292 illum
1674 5238 1850 5307 palam
1885 5238 1965 5294 fe-

377 5339 471 5393 cit.
501 5337 580 5392 Illi
604 5336 762 5406 igitur
782 5342 928 5389 metu
948 5332 1151 5388 detenti
1170 5339 1227 5387 et
1253 5328 1537 5385 formidine
1555 5328 1742 5395 multa,
1778 5329 1961 5385 turba-

379 5431 596 5494 bantur,
615 5436 673 5484 et
690 5442 869 5483 veram
886 5426 1153 5482 dictorum
1174 5438 1389 5480 causam
1413 5438 1518 5478 non
1538 5431 1762 5478 norant:
1783 5423 1963 5493 suspi-

379 5522 643 5579 cabantur
656 5528 858 5585 autem,
882 5518 948 5573 Ut
968 5518 1135 5589 egenis
1151 5516 1346 5587 aliquid
1371 5515 1511 5570 daret
1541 5514 1719 5585 (Joan.
1742 5515 1831 5571 13.
1848 5513 1964 5585 29),

387 5607 487 5664 ista
513 5604 742 5660 dixisse.
774 5601 990 5657 Multam
1023 5602 1163 5657 enim
1191 5600 1411 5670 gerebat
1440 5615 1731 5671 pauperum
1758 5615 1962 5669 curam,

445 5718 461 5749 ⁸
499 5710 595 5766 Alii
619 5716 827 5775 habent,
853 5713 999 5774 foras,
1025 5711 1145 5771 loco,
1188 5718 1343 5763 noctu.

996 276 1059 331 S.
1094 270 1375 331 JOANNIS
1408 268 1885 329 CHRYSOSTOMI
1930 265 2246 327 AltClllEP.
2285 267 2814 327 CONSTANTINOP.

3506 265 3619 325 392

2044 391 2098 435 ut
2128 396 2225 435 nos
2254 381 2320 436 ad
2354 382 2585 453 idipsum
2621 391 2829 438 naviter
2856 383 3122 454 agendum
3159 385 3476 443 institueret.
3517 389 3624 444 Ne-

2038 489 2145 542 qttc
2178 475 2293 527 sine
2325 488 2484 527 causa
2528 474 2576 527 id
2610 473 2897 542 putabant;
2930 473 3017 527 ille
3044 490 3273 544 namque
3302 476 3503 532 loculos
3527 478 3620 532 ha.

2035 564 2195 618 beltat
2217 562 2396 635 (Joan.
2418 562 2503 618 ιε.
2534 563 2608 635 6).
2630 565 2784 633 Atqui
2805 580 2962 618 nemo
2985 568 3259 634 pecuniam
3286 567 3384 636 ipsi
3408 567 3624 625 dedisse

2040 663 2285 708 narratur
2310 673 2324 707 ;
2354 670 2538 709 verum
2563 654 2704 723 quod
2737 654 3010 722 discipula:
3041 670 3104 708 ex
3134 654 3289 710 bouis
3310 658 3421 711 suis
3451 657 3515 711 ad
3546 660 3621 711 vi-

2038 756 2182 797 ctum
2206 745 2507 798 necessaria
2528 744 2628 815 ipsi
2656 744 3098 814 suppeditabant;
3124 745 3223 799 hoc
3252 746 3337 800 ille
3362 762 3624 818 nusquam

2040 834 2120 891 vel
2154 834 2527 889 subindicavit.

2113 927 2215 981 Cur
2244 926 2472 981 Christus
2500 926 2692 981 loculos
2718 926 2965 981 habuerit.
3010 925 3228 982 Peccata
3268 930 3483 984 aliorum
3516 946 3620 984 non

2038 1019 2328 1075 revelanda.
2354 1050 2423 1060 —
2446 1018 2553 1073 Cur
2583 1034 2742 1089 porro
2772 1020 2815 1074 is
2836 1021 2925 1090 qui
2951 1019 3122 1089 jubet,
3149 1036 3250 1077 nec
3279 1038 3458 1091 peram
3479 1063 3493 1084 ,
3522 1037 3625 1078 ne-

2039 1132 2142 1185 que
2162 1132 2258 1181 res,
2287 1132 2458 1183 neque
2482 1115 2729 1169 baculum
2757 1113 2908 1178 ferri,
2938 1114 3143 1170 loculos
3170 1116 3367 1170 ferebat
3401 1118 3464 1170 ad
3493 1133 3615 1186 pau-

2041 1223 2223 1278 perum
2252 1207 2641 1263 ministerium?
2684 1206 2753 1263 Ut
2775 1207 2949 1263 discas
2974 1208 3057 1263 vel
3090 1223 3213 1263 eum
3240 1210 3329 1279 qui
3364 1210 3492 1265 nihil
3523 1210 3612 1265 ha-

2040 1300 2163 1355 beat
2202 1308 2257 1354 et
2296 1313 2508 1355 crucem
2556 1307 2770 1368 portet,
2816 1298 2953 1353 hanc
2995 1300 3227 1354 maxime
3275 1315 3387 1355 rem
3431 1316 3627 1356 curare

2038 1402 2306 1460 oportere.
2333 1391 2493 1445 Multa
2517 1390 2658 1445 enim
2681 1389 2929 1457 faciebat,
2950 1400 3006 1445 ut
3033 1405 3132 1445 nos
3158 1391 3475 1448 institueret.
3509 1392 3625 1446 lloc

2041 1484 2199 1554 igitur
2227 1483 2409 1539 Jesum
2436 1482 2637 1539 dixisse
2664 1490 2915 1553 putarunt
2943 1481 3189 1552 discipuli
3216 1524 3231 1547 ,
3265 1491 3322 1537 ut
3349 1486 3623 1553 quidpiam

2040 1573 2359 1644 pauperibus
2404 1572 2640 1628 daretur.
2692 1572 2876 1643 Neque
2923 1582 3098 1628 tamen
3148 1573 3249 1628 hoc
3291 1573 3618 1643 proditorem

2040 1663 2186 1719 flexit
2204 1706 2219 1731 ,
2255 1663 2397 1735 quod
2425 1664 2491 1720 ad
2520 1663 2757 1719 ultimam
2790 1679 2957 1734 usque
2984 1663 3124 1719 diem
3161 1664 3308 1719 illum
3338 1664 3622 1721 traducere

2039 1766 2093 1811 et
2113 1765 2296 1811 notum
2322 1756 2495 1812 facere
2516 1755 2765 1811 noluerit.
2790 1755 2903 1811 Hoc
2929 1765 2984 1811 et
3011 1756 3163 1811 nobis
3188 1771 3400 1827 quoque
3426 1756 3620 1813 facien-

2038 1849 2165 1905 dum
2187 1858 2303 1905 est:
2322 1850 2780 1906 contubernalium
2804 1859 3020 1918 peccata
3044 1864 3148 1906 non
3170 1851 3453 1907 revelanda
3476 1862 3625 1921 sunt,

2038 1940 2246 1995 etiamsi
2278 1940 2590 1995 incurabilia
2628 1941 2753 1995 sint.
2799 1940 3009 1996 Etenim
3049 1951 3230 2011 postea
3259 1942 3360 2012 ipsi
3385 1943 3450 1997 ad
3493 1959 3628 2013 pro-

2039 2032 2273 2088 dendum
2313 2032 2584 2089 accedenti
2628 2034 2868 2089 osculum
2908 2033 3088 2099 dedit,
3119 2049 3182 2089 ac
3230 2050 3343 2090 rem
3386 2037 3628 2106 suscepit

2041 2134 2239 2179 tantam
2260 2165 2275 2189 ,
2304 2140 2423 2180 cum
2453 2125 2518 2179 ad
2549 2125 2706 2196 longe
2742 2124 3214 2182 formidabiliorem
3255 2136 3521 2197 pergeret,
3549 2127 3622 2181 ad

2041 2233 2252 2273 crucem
2297 2234 2518 2288 nempe,
2568 2228 2623 2274 et
2666 2228 2893 2274 mortem
2940 2218 3526 2289 ignominiosissimam:
3555 2236 3624 2276 ac

2043 2324 2255 2365 rursum
2284 2309 2391 2364 illic
2419 2307 2796 2379 benignitatem
2824 2324 2975 2364 suam
3007 2309 3338 2365 ostendebat.
3366 2310 3461 2365 llic
3490 2326 3631 2366 vero

2043 2417 2156 2457 rem
2202 2400 2346 2456 illam
2389 2401 2613 2471 gloriam
2644 2410 2815 2467 vocat,
2856 2400 3057 2456 docens
3101 2400 3231 2455 nihil
3275 2401 3411 2456 adeo
3448 2410 3631 2471 turpe,

2045 2492 2180 2548 adeo
2205 2492 2617 2562 ignominiosum
2638 2506 2778 2556 esse,
2806 2491 2947 2563 quod
2976 2508 3080 2546 non
3112 2492 3393 2547 clariorem
3417 2492 3632 2559 reddat,

2045 2585 2258 2656 quando
2300 2584 2593 2640 secundum
2635 2584 2800 2640 Deum
2842 2584 3088 2639 efficitur.
3134 2584 3421 2655 Postquam
3469 2586 3637 2656 igitur

2047 2677 2250 2732 exierat
2276 2675 2442 2732 Judas
2471 2675 2536 2730 ad
2564 2674 2893 2747 prodendum
2918 2716 2934 2741 ,
2964 2675 3093 2730 dicit
3124 2694 3139 2731 :
3166 2677 3256 2732 3i.
3290 2676 3445 2732 Nunc
3469 2678 3634 2731 clari-

2048 2768 2228 2836 ﬁcatus
2262 2776 2335 2821 est
2377 2765 2545 2820 Filius
2587 2767 2803 2821 hominis
2830 2783 2847 2821 :
2880 2767 3003 2822 hinc
3036 2767 3215 2838 lapsos
3242 2768 3635 2839 discipulorum

2048 2859 2259 2913 animos
2284 2859 2513 2928 erigens,
2545 2857 2882 2928 suadensque
2930 2866 2985 2912 ut
3026 2874 3131 2913 non
3177 2859 3337 2915 modo
3381 2876 3486 2915 non
3532 2861 3637 2914 tri-

2050 2958 2274 3016 stentur,
2299 2950 2391 3005 sed
2418 2950 2577 3005 etiam
2602 2948 2885 3019 gaudeant.
2917 2949 3040 3004 Ideo
3071 2949 3282 3004 Petrum
3314 2965 3343 3004 a
3371 2950 3641 3022 principio

2051 3042 2363 3111 increpavit.
2412 3039 2542 3095 Nam
2591 3039 2731 3110 quod
2776 3049 2947 3095 morte
2988 3041 3107 3110 quis
3153 3054 3378 3095 mortem
3426 3042 3639 3107 vincat,

2050 3134 2214 3204 gloria
2247 3140 2331 3187 est
2369 3146 2576 3202 magna.
2613 3131 2679 3185 Et
2719 3131 2822 3186 hoc
2849 3139 2932 3187 est
2959 3131 3100 3203 quod
3130 3131 3221 3187 ille
3245 3130 3314 3187 de
3342 3132 3522 3201 seipse
3542 3132 3638 3186 di-

2052 3226 2123 3280 cit
2147 3242 2160 3278 :
2184 3224 2309 3280 Cum
2338 3224 2587 3278 excitatus
2613 3227 2777 3293 fuero,
2802 3233 2920 3277 tunc
2939 3224 3247 3295 cognoscetis
3267 3225 3385 3295 quia
3408 3241 3502 3295 ego
3522 3241 3648 3279 sunt

2055 3315 2246 3390 (Joan.
2276 3316 2329 3371 8.
2362 3315 2455 3371 28.
2498 3315 2583 3370 l2.
2618 3316 2689 3371 '55
2713 3315 2762 3385 ):
2792 3324 2847 3369 et
2874 3330 3085 3370 rursum
3111 3357 3127 3383 ,
3164 3314 3354 3372 Solvite
3391 3315 3650 3385 templum

2055 3409 2151 3462 hoc
2181 3406 2375 3478 (Joan.
2407 3406 2463 3460 2.
2494 3405 2558 3461 19
2580 3406 2631 3477 );
2666 3406 2981 3475 iterumque,
3012 3406 3231 3478 Signum
3261 3423 3360 3460 non
3388 3406 3601 3459 dabitur
3625 3448 3645 3473 ,

2055 3505 2155 3559 nisi
2182 3504 2378 3574 signum
2402 3502 2554 3558 Iona:
2582 3501 2743 3576 (Luc.
2776 3503 2864 3557 11.
2886 3502 3013 3576 29).
3055 3503 3333 3571 Quomodo
3361 3505 3505 3559 enim
3531 3520 3650 3560 non

2055 3596 2219 3665 gloria
2246 3595 2312 3650 sit
2342 3595 2568 3649 maxima
2595 3635 2609 3659 ,
2653 3604 2769 3664 post
2799 3603 3025 3649 mortem
3056 3594 3259 3663 majora
3290 3608 3444 3664 posse
3473 3610 3649 3665 quam

2056 3694 2180 3742 ante
2218 3686 2486 3741 mortem?
2524 3684 2596 3741 Ut
2630 3685 2770 3740 enim
2802 3686 3122 3740 resurrectio
3150 3685 3491 3749 crederetur,
3522 3701 3655 3738 nta-

2052 3782 2172 3849 jora
2213 3778 2386 3834 fecere
2420 3778 2683 3848 discipuli.
2715 3777 2770 3833 Si
2799 3778 2941 3833 enim
2980 3793 3085 3834 non
3117 3778 3367 3844 vixisset,
3406 3788 3460 3833 et
3501 3778 3660 3834 Deus

2058 3886 2163 3925 non
2200 3870 2422 3936 fuisset,
2452 3869 2718 3939 quomodo
2746 3868 2798 3923 hi
2825 3868 2876 3923 in
2905 3869 3122 3925 nomine
3161 3868 3277 3939 ejus
3308 3878 3445 3923 tanta
3476 3867 3656 3923 fecis-

2058 3962 2209 4017 sent?
2238 3962 2325 4017 32.
2350 3960 2416 4015 Et
2438 3960 2574 4015 Deus
2601 3960 2898 4030 clari/icabit
2924 3978 3058 4016 eum.
3085 3960 3220 4030 Quid
3247 3971 3347 4027 est,
3371 3958 3510 4015 Deus
3530 3960 3658 4013 cla—

2057 4056 2275 4124 riﬁcabit
2297 4071 2409 4108 eum
2430 4054 2482 4109 in
2506 4055 2713 4124 seipse?
2742 4054 2854 4110 Hoc
2881 4063 2984 4121 est,
3015 4070 3110 4125 per
3128 4055 3382 4125 seipsum,
3413 4070 3521 4107 non
3548 4069 3662 4123 per

2057 4148 2242 4201 alium.
2288 4144 2357 4199 Et
2397 4147 2569 4201 statim
2608 4145 2907 4214 clari/icabit
2942 4161 3097 4211 eum;
3126 4145 3177 4200 id
3204 4154 3305 4209 est,
3331 4143 3488 4199 simul
3516 4159 3660 4199 cum

2058 4256 2218 4297 cruce
2268 4239 2383 4296 Non
2414 4250 2531 4310 post
2562 4240 2774 4309 longum
2799 4250 3031 4310 tempus,
3064 4240 3253 4310 inquit,
3284 4254 3381 4295 nec
3401 4240 3493 4293 diu
3520 4250 3669 4309 post

2060 4334 2505 4389 resurrectionem
2539 4333 2686 4388 illum
2714 4332 2899 4387 reddet
2917 4332 3286 4402 splendidum;
3327 4333 3416 4388 sed
3457 4335 3663 4389 statim

2061 4425 2114 4479 in
2148 4427 2259 4493 ipsa
2287 4439 2444 4479 cruce
2464 4424 2765 4494 conspicua:
2794 4438 2881 4477 res
2905 4423 3256 4493 apparebunt.
3291 4423 3381 4478 Sol
3409 4440 3667 4494 namque

2060 4517 2371 4571 obscuratus
2414 4516 2557 4579 est',
2599 4524 2761 4584 petrae
2801 4513 2984 4569 scissae
3029 4522 3173 4578 sunt,
3214 4514 3386 4569 velum
3429 4530 3665 4584 quoque

2061 4608 2286 4661 scissum
2308 4616 2408 4671 est,
2437 4605 2599 4660 multa
2621 4620 2841 4674 corpora
2868 4616 3172 4661 sanctorum
3203 4606 3292 4677 qui
3318 4604 3667 4663 dortuierant

2062 4698 2310 4753 suscitata
2359 4706 2481 4753 sunt
2509 4714 2524 4751 :
2555 4696 2853 4766 sepulcrum
2878 4697 3148 4767 signacula
3179 4696 3425 4761 habebat,
3459 4706 3667 4752 custo-

2061 4790 2159 4845 des
2184 4788 2510 4855 assidebant,
2533 4797 2588 4843 et
2614 4803 2733 4843 cum
2766 4787 2900 4857 lapis
2928 4790 3138 4859 corpori
3169 4789 3537 4859 superpositus
3565 4805 3672 4844 es.

2065 4890 2168 4948 set,
2210 4896 2405 4951 corpus
2447 4880 2684 4935 surrexit
2718 4899 2731 4933 :
2757 4889 2877 4949 post
2904 4880 3245 4951 quadraginta
3276 4880 3390 4936 dies
3416 4881 3674 4951 Spiritus

2065 4975 2219 5031 datus
2241 4983 2342 5038 est,
2364 4982 2419 5028 et
2443 4974 2620 5028 statim
2649 4987 2840 5028 omnes
2867 4973 3016 5027 illum
3048 4975 3401 5045 praedicarunt
3430 4974 3669 5043 (Matth.

2062 5067 2155 5121 27.
2201 5066 2288 5121 51.
2325 5080 2436 5135 sqq.
2484 5063 2612 5117 Luc.
2654 5063 2744 5118 25.
2772 5065 2843 5119 45
2860 5064 2901 5135 ).
2951 5064 3064 5120 Hoc
3110 5074 3193 5121 est
3235 5067 3399 5132 illud,
3434 5066 3672 5135 ϐίοι-ἕρ.

2066 5158 2199 5211 cabit
2224 5157 2369 5209 illum
2394 5156 2447 5209 in
2473 5158 2637 5225 seipso
2656 5194 2671 5218 ,
2704 5165 2750 5209 et
2782 5155 2949 5209 statim
2987 5156 3292 5225 gloriﬁcabit
3331 5158 3476 5211 illum
3500 5174 3520 5211 :
3548 5174 3675 5215 non

2066 5263 2163 5318 per
2186 5248 2403 5316 angi-los
2428 5254 2482 5301 ct
2508 5246 2859 5317 archangelos
2883 5286 2899 5311 ,
2928 5260 3033 5300 non
3061 5261 3158 5316 per
3182 5246 3338 5301 aliam
3366 5248 3673 5317 quamdam

2070 5340 2403 5405 potestatem,
2433 5332 2525 5386 sed
2554 5348 2647 5401 per
2669 5334 2925 5402 seipsum.

2139 5418 2190 5472 ὅ.
2228 5416 2507 5485 Quomodo
2544 5416 2853 5471 clarilicavit
2891 5430 2987 5485 per
3023 5416 3298 5486 seipsum?
3341 5416 3532 5473 Omnia
3581 5419 3669 5472 fa-

2072 5509 2259 5566 ciendo
2287 5508 2352 5563 ad
2381 5508 2599 5579 gloriam
2631 5507 2768 5561 Filii.
2803 5509 2960 5578 Atqui
2986 5509 3165 5563 omnia
3196 5507 3361 5564 Filius
3389 5509 3536 5565 fecit.
3570 5511 3671 5566 Vi-

2072 5600 2194 5655 den'
2216 5601 2386 5669 ipsum
2409 5613 2569 5669 opera
2598 5598 2712 5653 Filii
2740 5598 2805 5652 ad
2834 5599 3044 5654 Patrem
3069 5600 3307 5655 referre?
3336 5602 3423 5656 33.
3455 5601 3667 5659 b‘ilioli.

2144 5714 2157 5742 '
2187 5709 2280 5761 Alii
2304 5709 2492 5774 legunt,
2519 5710 2689 5785 radius.
2703 5710 2889 5773 avertit,
2916 5712 3036 5773 loco,
3058 5714 3336 5763 obscuram
3358 5719 3445 5764 cst.
