4102 6224
311 334 408 394 39!

317 445 512 518 ψυχαῖς
525 441 706 498 αὐτῶν
724 439 1129 514 ἐταράχθησαν,
1149 438 1330 510 πολλῷ
1354 437 1556 510 μᾶλλον
1582 438 1701 501 ταῖς
1717 435 1898 505 δψεσι.

317 525 746 599 Μειλισσόμενος
793 526 975 580 τοίνυν
1015 525 1213 587 αὐτοὺς
1265 522 1362 577 καὶ
1404 521 1484 592 τῷ
1523 520 1666 590 λόγῳ
1712 518 1807 572 καὶ
1833 519 1900 589 τῇ

319 612 608 684 ἐρωτήσει.
654 608 1000 680 προοδοποιεῖ
1043 607 1138 661 καὶ
1181 607 1455 678 συγχωρεῖ
1480 604 1772 658 ἀναπεσεῖν
1810 601 1904 655 ἐπὶ

317 695 380 749 :6
407 691 625 764 στῆθος.
664 691 866 746 Σκόπει
898 690 955 744 δέ
979 689 1144 744 αὐτοῦ
1179 689 1276 744 καὶ
1311 687 1374 743 :6
1419 688 1795 758 ἀκόμπαστον.
1827 685 1902 738 Ού

320 779 434 851 γὰρ
452 775 574 832 εἷπε
611 774 674 830 :6
717 775 910 847 ὄνομα.
955 773 1070 828 ἀλλ’
1103 774 1186 828 ὃτι
1229 775 1341 828 Ὃν
1374 771 1580 842 ἠγάπα
1603 787 1618 802 ·
1652 767 1905 843 καθάπερ

325 863 420 917 καὶ
450 859 684 924 Παῦλος.
715 859 803 912 ὅτε
839 855 1056 926 ἐλεγεν-
1081 851 1228 910 Οἶδα
1260 855 1578 924 ἄνθρωπον
1611 852 1727 922 πρὸ
1754 851 1909 906 ἐτῶν

325 940 810 1010 δεκατεσσάρων.
860 941 996 994 Τότε
1043 939 1109 1010 δὴ
1161 938 1379 1011 πρῶτον
1415 937 1580 992 αὐτὸν
1619 936 1831 1007 ἐλέγχει
1877 935 1908 988 6

341 1026 569 1098 Ἰησοῦς,
601 1024 696 1078 καὶ
723 1023 844 1077 ούδέ
870 1023 991 1076 τότε
1015 1021 1275 1093 ὀνομαστί
1292 1039 1304 1051 ·
1342 1021 1480 1074 ἀλλά
1507 1019 1656 1083 πῶςς
1686 1014 1764 1090 τῼ
1792 1017 1908 1088 ἐγὼ

324 1111 540 1180 ,ϐάψας
571 1109 636 1162 τὸ
662 1106 896 1176 ψωμίον
911 1104 1204 1158 ἐπιδώσω.
1228 1105 1338 1158 Kal
1357 1106 1385 1158 6
1405 1103 1605 1175 τρόπος
1634 1104 1908 1172 ἐντρεπτι-

332 1193 426 1256 κός
442 1209 455 1222 ·
488 1191 608 1245 οὐδὲ
631 1189 738 1260 γὰρ
758 1187 856 1259 τὴν
885 1187 1164 1260 τράπεζαν
1186 1187 1410 1258 ᾐδέσθη,
1427 1185 1522 1240 τοῦ
1547 1185 1713 1239 αὐτοῦ
1740 1183 1906 1256 ἀρτου

333 1274 686 1344 κοινωνήσας.
726 1271 928 1334 Ἔστω,
971 1272 1006 1340 ἡ
1039 1270 1294 1324 κοινωνία
1344 1268 1455 1322 τῶν
1503 1267 1648 1322 ἀλῶν
1683 1268 1784 1322 οῦκ
1822 1267 1910 1318 ἐν.

333 1356 528 1428 έτρεψε
546 1369 559 1381 '
584 1353 644 1408 :6
673 1353 771 1406 καὶ
798 1354 928 1425 παρ’
958 1352 1123 1407 αὐτοῦ
1155 1351 1412 1418 δέξασθαι
1437 1351 1499 1405 :6
1521 1351 1756 1422 ψωμίον,
1789 1349 1909 1403 τίνα

332 1440 434 1493 οὐκ
469 1439 536 1492 ἂν
567 1435 953 1502 ἐπεσπάσατο;
1001 1435 1142 1489 Ἀλλ’
1186 1436 1288 1489 οὐκ
1319 1436 1547 1490 ἐκεῖνον.
1594 1434 1686 1488 Διὸ
1715 1433 1812 1487 καὶ
1847 1434 1912 1487 Ὅ

333 1520 606 1587 σατανᾶς
641 1523 777 1576 τότε
807 1519 1099 1588 εἰσῆλθεν
1130 1521 1218 1586 είς
1259 1518 1466 1584 αὐτὸν,
1491 1518 1727 1588 γελάσας
1750 1517 1913 1571 αὐτὸν

333 1606 432 1676 τῆς
449 1603 852 1674 ἀναισχυντίας.
879 1603 1024 1666 Ἕως
1051 1601 1161 1674 γάρ
1181 1597 1250 1672 ἦν
1265 1602 1360 1655 τοῦ
1386 1600 1570 1673 χοροῦ,
1593 1601 1692 1654 οὐκ
1711 1600 1912 1672 ἐτόλμα

337 1687 694 1758 ἐπιπηδῆσαι,
713 1686 826 1739 ἀλλ’
855 1685 1056 1750 ἔξωθεν
1074 1685 1445 1757 προσέϐαλλεν
1466 1687 1490 1715 ⁸
1509 1701 1522 1716 ⁸
1544 1685 1732 1756 ἐπειδὴ
1763 1683 1912 1756 [εει]

334 1770 393 1824 δέ
435 1769 595 1840 δῆλον
643 1768 806 1824 αὐτὸν
861 1769 1085 1838 ἐποίησε
1127 1768 1221 1822 καὶ
1262 1767 1562 1840 ἀφώρισεν,
1602 1767 1914 1838 ἐπεπήδησε

336 1853 522 1908 λοιπὸν
556 1853 696 1924 μετά
724 1851 906 1912 ἀδείας
925 1866 940 1882 ’
977 1851 1098 1904 οὐδέ
1133 1851 1242 1923 γάρ
1266 1851 1373 1905 ἔδει
1400 1851 1640 1905 τοιοῦτον
1671 1851 1799 1904 ὄντα
1820 1849 1914 1903 καὶ

338 1935 668 2007 ἀδιόρθωτον
713 1933 806 1986 ἐπὶ
842 1932 978 1986 πολὺ
1018 1933 1248 2003 μένοντα
1297 1933 1550 2004 κατέχειν
1597 1933 1763 1988 ἐνδον.
1815 1931 1916 1986 Διά

340 2019 499 2072 τοῦτο
545 2017 639 2072 καὶ
667 2015 922 2082 ἐξέϐαλεν
951 2014 1116 2068 αὑτὸν
1156 2015 1361 2080 λοιπὸν,
1395 2017 1488 2070 καὶ
1528 2015 1914 2088 ἀποτμηθέντα

341 2099 606 2170 λαμϐάνει
637 2098 757 2151 τότε
790 2099 1018 2160 ἐκεῖνος,
1041 2097 1136 2150 καὶ
1163 2096 1479 2153 καταλιπὼν
1509 2098 1705 2161 αὐτοὺς
1728 2097 1918 2168 ἐξῆλθε

341 2184 534 2247 νυκτός
560 2183 610 2237 ι’.
641 2180 812 2252 Λέγει
835 2179 994 2246 αὐτῷ
1014 2183 1048 2235 ό
1076 2180 1316 2248 Ἰησοῦς
1336 2197 1349 2211 °
1385 2180 1627 2250 Ἐταζοε,
1653 2181 1684 2235 ὃ
1707 2181 1917 2248 ποιεῖς,

340 2267 600 2333 ποίησον
615 2264 839 2334 τάχιον.
858 2263 967 2316 Kal
982 2263 1173 2330 οὐδεὶς
1189 2263 1342 2333 ἔγνω
1360 2263 1478 2318 τῶν
1495 2264 1918 2335 ἀνακειμένων.

415 2349 480 2420 β’.
506 2347 699 2413 Βαϐαῖ,
736 2347 874 2418 πόση
910 2347 945 2418 ἡ
975 2346 1298 2415 ἀναισθησία
1319 2349 1332 2401 ί
1358 2348 1474 2412 πῶς
1499 2349 1597 2400 ούκ
1617 2349 1918 2419 ἐμαλάχθη,

341 2433 462 2486 οὐδὲ
481 2430 746 2503 ῂσχύνθη,
765 2429 900 2482 ἀλλά
919 2430 1298 2500 ἀναισχυντότε
1307 2447 1396 2500 ρος
1421 2431 1712 2500 γενόμενος
1739 2430 1884 2502 ἐξῄει
1903 2433 1916 2485 ί

343 2515 418 2569 T6
445 2515 523 2578 δὲ,
553 2515 824 2580 Ποίησον
843 2511 1072 2580 τάχιον,
1087 2511 1148 2564 ού
1165 2513 1590 2583 προστάττοντός
1607 2515 1776 2575 ἐστιν,
1800 2515 1921 2567 οὐδὲ

345 2594 841 2668 συμϐουλεύοντος,
891 2594 1006 2648 ἀλλ’
1051 2593 1401 2658 ὀνειδίζοντος
1448 2596 1543 2649 καὶ
1591 2597 1918 2663 δεικνύντος,

343 2681 424 2734 ὅτι
447 2679 610 2743 αὐτὸς
629 2679 727 2750 μὲν
746 2677 999 2731 ἐϐούλετο
1011 2677 1409 2749 διορθώσασθαι
1429 2695 1442 2709 ο
1462 2680 1650 2752 ἐπειδὴ
1670 2681 1726 2734 δὲ
1744 2681 1923 2753 ἀδιορ-

349 2763 535 2826 θὼτως
551 2757 717 2832 εἶχεν,
736 2761 962 2831 ἀφίησιν
977 2759 1159 2815 αὐτόν.
1184 2758 1289 2815 Kal
1311 2760 1485 2815 τοῦτο
1499 2763 1716 2828 οὐδεὶς,
1735 2765 1920 2833 φησὶν,

345 2845 497 2914 ἔγνω
521 2843 640 2898 τῶν
659 2841 1086 2912 ἀνακειμένων.
1114 2842 1318 2915 Πολλὴν
1341 2845 1406 2898 ἀν
1421 2861 1505 2908 τις
1535 2845 1768 2900 ἐνταῦθα
1782 2848 1920 2900 ἀπο-

349 2927 469 2999 ρίαν
481 2927 652 2998 εὖροι,
669 2925 723 2978 εἷ
741 2943 824 2995 γε.
851 2924 1242 2997 ἐρωτησάντων
1259 2927 1367 2978 τῶν
1391 2925 1666 2998 μαθητῶν,
1680 2929 1762 2992 τίς
1781 2930 1919 2994 ἐστι,

346 3010 494 3079 λέγει
508 3028 521 3041 ·
545 3005 618 3082 ᾭ
642 3009 854 3078 βάψας
879 3010 943 3062 τὸ
967 3010 1201 3077 ψωμίον
1223 3009 1516 3073 ἐπιδώσω,
1531 3011 1624 3064 καὶ
1642 3012 1764 3064 οὐδὲ
1783 3011 1924 3065 οὕτω

349 3096 619 3165 συνῆκαν·
666 3093 806 3163 πλὴν
841 3093 888 3144 εί
933 3092 1008 3162 μὴ
1052 3091 1226 3162 λάθρα
1263 3094 1504 3164 είρηκεν,
1543 3095 1684 3148 ὥστε
1721 3095 1925 3165 μηδένα

348 3179 603 3235 ἀκοῦσαι.
631 3177 742 3231 Kal
765 3175 873 3244 γάρ
891 3177 920 3228 6
956 3176 1210 3245 Ἰωάννης
1237 3175 1326 3229 διά
1347 3175 1507 3230 τοῦτο
1526 3178 1676 3249 παρὰ
1700 3177 1762 3232 :6
1791 3179 1923 3249 στῆ-

351 3263 442 3326 θος
475 3258 782 3323 ἀναπεσὼν,
811 3259 990 3329 ἐρωτᾷ
1026 3251 1307 3328 μονονουχὶ
1351 3258 1487 3330 πρὸς
1531 3260 1593 3315 :6
1624 3258 1747 3326 οῦς,
1784 3262 1926 3316 ὥστε

354 3345 430 3416 μὴ
477 3342 728 3412 γενέσθαι
773 3340 1006 3411 φανερὸν
1042 3340 1136 3394 τὸν
1169 3340 1459 3412 προδότηνο
1496 3344 1590 3396 καὶ
1630 3345 1659 3397 6
1693 3345 1928 3418 Χριστὸς

352 3429 524 3490 οὕτως
567 3424 922 3496 ἀπεκρίνατο,
952 3425 1046 3477 καὶ
1075 3423 1195 3477 οὐδὲ
1216 3423 1339 3477 τότε
1367 3424 1532 3479 αὑτὸν
1575 3427 1799 3499 ἐποίησε
1824 3447 1929 3499 φαι-

351 3510 510 3580 νερόν
525 3523 538 3538 ’
555 3508 649 3562 καὶ.
670 3510 698 3562 6
718 3507 820 3578 μὲν
843 3507 1048 3579 καίπερ
1074 3507 1424 3578 ἐμφαντικῶς
1451 3508 1641 3573 εἰπὼν,
1678 3511 1922 3582 Ἑταῖρε.

353 3594 385 3648 ὃ
409 3590 620 3658 ποιεῖς,
644 3591 904 3660 ποίησον
914 3590 1125 3658 τάχιον
1143 3604 1158 3619 ·
1179 3591 1229 3644 οί
1243 3590 1300 3644 δὲ
1314 3590 1436 3644 ούδέ
1449 3590 1590 3646 οὕτω
1611 3595 1858 3650 συνίεσαν
1877 3607 1924 3652 ο.

354 3675 528 3728 Τοῦτο
548 3675 604 3728 δὲ
625 3673 799 3742 ἔλεγε,
824 3673 1040 3736 δεικνὺς
1065 3673 1146 3726 ὃτι
1173 3673 1347 3744 ἀληθῆ
1379 3675 1448 3728 τά
1475 3675 1612 3746 πρὸς
1638 3679 1765 3742 τοὺς
1799 3680 1927 3732 Ἰου-

350 3758 531 3821 δαίους
553 3756 815 3828 εἰρημένα
833 3751 900 3828 ἦν
929 3754 1078 3827 αύτῷ
1107 3755 1349 3828 περὶτοῦ
1383 3757 1634 3814 θανάτου.
1673 3761 1786 3815 Kal
1818 3762 1927 3834 γὰρ

351 3841 486 3913 πρὸς
509 3840 746 3903 ἐκείνους
773 3837 960 3911 εἴρηκε
986 3838 1068 3904 :6,
1113 3837 1436 3904 Ἐξουσίαν
1466 3841 1584 3910 ἔχω
1603 3842 1790 3898 θεῖναι
1814 3844 1929 3913 τὴν

347 3923 562 3993 ψυχήν
573 3941 715 3992 μου,
733 3921 834 3977 καί
848 3921 1140 3987 ἐξουσίαν
1150 3922 1268 3992 ἔχω
1287 3922 1477 3978 πάλιν
1489 3925 1697 3979 λαϐεῖν
1711 3929 1924 3997 αὐτήν·

348 4005 466 4069 καὶ,
500 4005 710 4071 οὐδείς
734 4006 886 4072 αἵρεε
911 4006 1108 4074 αὐτὴν
1138 4005 1238 4060 ἀπ’
1267 4005 1434 4075 ἐμοῦ.
1458 4006 1602 4072 Ἕως
1638 4008 1769 4076 γοῦν
1805 4027 1931 4065 κατ-

351 4090 517 4156 εῖχεν,
540 4089 709 4150 οὐδεὶς
737 4087 956 4158 ίσχυσεν
975 4105 990 4118 ’
1015 4090 1201 4161 ἐπειδὴ
1227 4090 1284 4144 δέ
1309 4090 1492 4161 ἀφῆκε
1527 4093 1733 4160 λοιπὸν,
1780 4093 1930 4148 εὔκο-

351 4167 444 4222 λον
466 4169 588 4222 τότε
611 4169 674 4222 :6
695 4171 928 4240 πρᾶγμα
943 4171 1174 4238 γίνεται.
1200 4171 1367 4227 Ταῦτ’
1386 4170 1483 4228 οῦν
1511 4175 1727 4232 ἅπαντα
1755 4180 1928 4230 αἰνιτ-

352 4253 580 4322 τόμενος
595 4246 770 4318 εἰπεν,
798 4253 868 4304 Ὀ
887 4253 1099 4319 ποιεῖς,
1126 4254 1388 4321 ποίησον
1407 4255 1620 4324 τάχιον
1643 4275 1657 4289 ·
1694 4261 1788 4314 καὶ
1807 4261 1930 4315 οὐδὲ

352 4334 476 4387 τότε
513 4333 677 4386 αὑτὸν
704 4332 864 4401 δῆλον
895 4334 1118 4404 ἐποίησε
1143 4333 1195 4390 ά.
1229 4337 1382 4406 Τάχα
1418 4337 1528 4408 γὰρ
1553 4339 1619 4392 ἀν
1644 4342 1804 4395 αὐτὸν
1837 4344 1930 4397 καὶ

351 4417 672 4480 διέσπασαν,
701 4417 842 4487 τάχα
868 4418 937 4471 ἀν
969 4420 999 4471 6
1025 4419 1231 4490 Πέτρος
1258 4420 1351 4472 καὶ
1374 4421 1582 4477 ἀνεῖλεν
1610 4425 1792 4480 αὐτόν.
1829 4425 1929 4481 Διά

350 4499 511 4554 τοῦτο
550 4499 761 4566 οὐδεὶς
791 4499 943 4578 ἔγνω
986 4499 1104 4554 τῶν
1129 4501 1547 4572 ἀνακειμένων.
1574 4501 1720 4578 1'Apa
1748 4510 1868 4563 οὐδὲ
1900 4511 1930 4563 6

366 4582 644 4654 Ἰωάννης;
693 4581 824 4636 Οὐδὲ
843 4575 1014 4646 οὗτος·
1049 4583 1110 4636 06
1137 4583 1244 4656 γάρ
1283 4585 1350 4639 ἀν
1378 4575 1805 4661 προσεδόκησεν,
1848 4593 1930 4646 ὅτι

358 4664 607 4737 μαθητὴς
618 4664 711 4718 ἐπὶ
721 4663 977 4718 τοσοῦτον
1000 4667 1242 4738 χωρήσει
1265 4679 1289 4708 ε
1315 4672 1677 4742 παρανομίας.
1711 4675 1928 4747 Ἐπειδὴ

317 4743 328 4760 ‘
354 4747 464 4820 γάρ
493 4747 684 4820 πόρρω
709 4747 811 4818 τῆς
855 4747 1112 4820 τοιαύτης
1149 4752 1414 4822 πονηρίας
1450 4747 1612 4824 ἦσαν,
1647 4756 1767 4811 οὐδὲ
1798 4743 1928 4830 περί

355 4831 558 4902 ἐτέρων
587 4830 812 4914 τοιαῦτα
840 4831 1166 4886 ὑποπτεύειν
1187 4833 1350 4906 εἰχον.
1377 4837 1586 4909 Ὠσπερ
1607 4837 1700 4894 οὖν
1718 4843 1928 4914 ἐμπρο-

357 4915 484 4968 σθεν
513 4915 698 4978 αὐτοῖς
734 4909 909 4979 εἶπεν,
944 4916 1027 4969 ὅτι
1055 4919 1138 4972 Οὐ
1173 4919 1305 4986 περὶ
1343 4920 1584 4976 πάντων
1619 4909 1794 4995 λέγω,
1835 4909 1930 4982 καὶ

355 4997 592 5082 οὐδαμοῦ
610 4997 940 5082 ἐξεκάλυιξεν
956 5015 970 5031 ο
994 4999 1140 5082 οὕτω
1159 5002 1253 5054 καὶ
1276 5004 1510 5059 ἐνταῦθα
1523 5007 1780 5078 ἐνόμισαν
1799 5028 1865 5064 πε
1875 5013 1930 5082 pl

354 5080 541 5151 ἐτέρου
562 5079 833 5148 λέγεσθαι.
859 5079 972 5135 Ἦν
988 5081 1058 5135 δὲ
1074 5083 1191 5148 νὺξ
1215 5084 1314 5140 ὅτε
1333 5086 1576 5156 ἐξῆλθε,
1600 5091 1752 5160 φησί.
1777 5079 1928 5148 Διατί

358 5182 448 5234 μοι
489 5164 582 5217 τὸν
617 5163 810 5248 καιρὸν
845 5163 1052 5232 λέγεις;
1085 5167 1203 5220 Ἵνα
1243 5169 1422 5242 μάθῃς
1458 5172 1556 5243 τὴν
1606 5175 1926 5248 ἰταμότητα,

353 5250 436 5302 ὅτι
467 5247 590 5301 οὐδὲ
609 5249 640 5302 6
665 5247 858 5318 καιρὸς
883 5248 1044 5300 αὑτὸν
1068 5251 1266 5322 ἐπέσχε
1295 5255 1390 5325 τῆς
1406 5257 1604 5328 ὁρμῆς.
1647 5259 1786 5312 Ἀλλ’
1809 5247 1930 5315 οὐδὲ

356 5331 513 5384 τοῦτο
540 5330 700 5414 αὐτὸν
732 5329 1032 5414 κατάδηλον
1057 5331 1302 5405 ἐποίησε.
1345 5337 1572 5392 Ἐκεῖνοι
1617 5341 1746 5407 γοῦν
1781 5343 1931 5414 φόϐῳ

358 5411 712 5482 κατεχόμενοι
747 5409 766 5449 ί
800 5413 892 5464 καὶ
929 5413 1141 5486 ἀγωνίᾳ
1186 5417 1354 5488 πολλῇ
1389 5419 1510 5473 τότε
1542 5409 1924 5495 τεθορύϐηντο,

418 5561 454 5636 ⁸,
471 5559 1008 5639 λίξῖεέ¹ατξροέ⁶⁰ξῖ⁴δῗλ
1065 5561 1093 5602 ¹³
1113 5566 1212 5639 Ai“
1246 5568 1430 5639 ἐξῆλθεῖ
1453 5570 1604 5639 έὲῖδς·
1672 5574 1824 5639 ῗΑιίίκ
1842 5594 1930 5639 φα-

352 5639 396 5671 νε
405 5624 512 5698 ρόνᾴ
535 5621 663 5698 Ἀλλ’
685 5621 721 5669 ι·
734 5623 816 5698 ιειν
837 5622 1119 5698 γνμνιξτερον
1139 5621 1546 5698 φλεγενξαεοτὸηηο
1573 5621 1926 5698 ὶτριεῑέῇῗὲιῖεῗ-

352 5700 443 5756 3‘0:
470 5683 908 5756 66h06u9'UVi-EO‘GV:
935 5683 993 5756 _d
1025 5683 1241 5756 Quidapn'
1274 5692 1384 5756 οὐδὲ
1421 5683 1530 5756 τότε
1569 5683 1727 5752 αὐτοῖς
1754 5683 1925 5756 θεῶν.

355 5745 501 5815 Ριιμί
523 5744 740 5815 βονὶῌρβ
767 5743 1222 5815 Ιθεςηιξειωαύτοῖς
1245 5753 1448 5815 -ἐκεῖνοντ
1478 5743 1618 5814 δῆλον

358 5817 382 5845 ε
410 5807 619 5882 Ουξρὸῐρ.
647 5807 785 5882 ἐξῄει.
819 5803 880 5882 ῖί
930 5803 1360 5882 ΡςρΐεΙι-ἐποίησε.
1390 5803 1600 5882 ΔἘκεῖνοι

355 5882 463 5943 κατ.
490 5869 650 5943 aiax“;
676 5871 754 5915 καὶ
773 5869 876 5943 ’γάρ
910 5869 1208 5943 φόξίιρ.’)ιοχ
1243 5869 1548 5940 τεθορύϐηντο
1573 5869 1873 5943 τρεὶξτὶριιίηι
1894 5869 1925 5933 ὃ

357 5928 466 5978 cod.
495 5927 601 5980 705.
633 5927 916 5994 ιρεθῠεωῐ
947 5927 1240 5996 ἐθορύϐηντο,
1347 5927 1362 5967 -’
1443 5961 1452 5965 υ

1319 326 1388 383 ΙΝ
1424 322 1740 383 JOANNEM
1781 320 2011 378 HOMIL.
2057 323 2265 378 LXXII.
2300 324 2372 379 al.
2417 323 2602 382 LXXI.

3490 328 3597 386 392

2009 436 2104 488 καὶ
2133 435 2232 507 τὴν
2265 435 2365 508 μὲν
2391 437 2565 510 ἀληθῆ
2583 438 2690 493 τῶν
2713 439 3020 512 εἰρημένων
3043 441 3220 496 αἰτίαν
3236 440 3336 495 ούκ
3365 441 3593 512 ⁴ᾔδεσαν·

2009 518 2332 574 ὑπώπτευον
2360 520 2440 587 δὲ,
2472 523 2554 576 ὅτι
2584 525 2610 563 ε
2639 523 2768 590 Τοῖς
2788 523 3050 592 πένησιν
3079 526 3180 578 ἵνα
3203 543 3257 580 τι
3287 523 3390 589 δῷ,
3423 522 3596 577 ταῦτα

2008 601 2182 672 ἔλεγε.
2220 604 2430 676 Πολλὴν
2463 606 2573 678 γὰρ
2606 608 2844 660 ἐποιεῖτο
2869 607 2978 660 τῶν
3009 607 3242 678 πτωχῶν
3273 606 3374 680 τὴν
3402 607 3598 676 ἐπιμέ-

2007 683 2177 749 λειαν,
2201 686 2470 742 διδάσκων
2497 690 2592 742 καὶ
2625 689 2773 760 ἡμᾶς
2806 689 3009 761 πολλὴν
3031 690 3175 761 ὑπὲρ
3208 689 3402 743 τούτου
3427 691 3600 742 ποιεῖ-

2009 768 2133 824 σθαι
2161 770 2417 842 σπουδήν.
2456 771 2707 826 Ἐδόκουν
2735 771 2791 826 δὲ
2813 772 2910 844 οὐχ
2938 773 3145 839 ἁπλῶς,
3177 773 3291 826 ἀλλ’
3324 772 3517 843 ἐπειδὴ
3535 771 3599 825 :6

2006 853 2390 924 γλωσσόκομον
2416 850 2530 926 εῐχε
2555 873 2569 887 ·
2596 855 2774 910 καίτοι
2804 874 2866 924 γε
2889 859 2915 896 ιι
2947 857 3120 920 οὐδεὶς
3155 857 3404 927 φαίνεται
3432 872 3599 926 προσ-

2007 935 2248 1005 ενεγκὼν
2279 938 2428 1010 αύτῷ
2453 939 2558 1011 χρή
2569 955 2746 1010 ματαο
2783 938 2898 993 ἀλλ’
2926 941 3010 994 δτι
3051 940 3150 1008 μέν
3183 939 3410 1010 ἔτρεφον
3435 937 3599 990 αὑτὸν

2007 1021 2075 1074 ἐκ
2102 1021 2213 1076 τῶν
2264 1022 2621 1096 ὑπαρχόντων
2659 1024 2716 1077 αἱ
2770 1023 3093 1096 μαθήτριαι,
3139 1017 3294 1076 εἴπεο
3335 1023 3495 1075 τοῦτο
3541 1021 3600 1074 δὲ

2011 1102 2162 1177 [425]
2191 1104 2428 1177 οὐδαμοῦ
2463 1095 2704 1177 ᾗνίξατο.

2082 1186 2208 1250 Πῶς
2231 1187 2309 1254 δὲ,
2344 1187 2421 1260 μῆ
2449 1191 2652 1261 πήραν,
2678 1189 2754 1261 μὴ
2781 1189 3005 1260 χαλκὸν,
3039 1188 3114 1260 μὴ
3137 1187 3332 1259 ῥάϐδον
3365 1185 3603 1240 κελεύων

2011 1270 2389 1342 ἐπιφέρεσθαι,
2429 1271 2819 1343 γλωσσόκομον
2857 1271 3157 1346 ἐπεφέρετο
3193 1269 3330 1342 πρὸς
3361 1269 3458 1341 τὴν
3491 1269 3602 1323 τῶν

2013 1355 2258 1424 πενήτων
2285 1353 2595 1421 διακονίαν;
2625 1355 2742 1409 Ἵνα
2771 1354 2972 1427 μάθῃς,
3008 1355 3089 1408 ὅτι
3123 1353 3332 1407 καὶτὸν
3386 1353 3594 1423 σφόδρα

2014 1437 2300 1508 ἀκτήμονα
2331 1439 2426 1492 καὶ
2464 1439 2887 1510 ἐσταυρωμένον
2923 1437 3118 1492 τούτου
3147 1437 3230 1490 δεῖ
3269 1434 3366 1490 τοῦ
3399 1435 3602 1506 μέρους

2015 1519 2217 1592 πολλὴν
2245 1521 2516 1576 ποιεῖσθαι
2545 1522 2644 1593 τῆν
2674 1521 2952 1592 πρόνοιαν.
2979 1519 3157 1573 Πολλά
3190 1519 3299 1592 γάρ
3329 1519 3466 1591 πρὸς
3501 1519 3604 1586 τὴν

2016 1603 2293 1674 ἡμετέραν
2320 1603 2619 1673 οἰκονομῶν
2647 1603 3000 1657 διδασκαλίαν
3025 1603 3284 1671 ἔπραττε.
3315 1601 3486 1654 Τοῦτο
3512 1597 3606 1653 οὖν

2017 1687 2113 1740 καὶ
2144 1685 2324 1755 λέγειν
2367 1686 2625 1756 ἐνόμισαν
2659 1687 2710 1738 οἱ
2743 1685 3006 1756 μαθηταὶ,
3056 1686 3144 1738 ἵνα
3184 1686 3298 1746 τοῖς
3334 1684 3526 1753 πένησί
3552 1700 3606 1736 τι

2016 1767 2112 1838 δῷ.
2133 1771 2243 1824 Kal
2267 1769 2388 1822 οὒδέ
2415 1768 2573 1823 τοῦτο
2594 1768 2874 1840 ἐνέτρεψε,
2900 1769 2962 1821 :6
2992 1770 3182 1840 μέχρις
3209 1768 3446 1839 ἐσχάτης
3467 1768 3604 1840 ἡμέ-

2022 1869 2120 1924 ρας
2151 1851 2227 1923 μὴ
2264 1850 2487 1922 θελῆσαι
2531 1852 2695 1906 αὐτὸν
2736 1852 3265 1924 παραδειγματίσαι.
3309 1850 3482 1905 Τοῦτο
3513 1853 3607 1905 καὶ

2016 1934 2166 2006 ἡμᾶς
2189 1934 2272 1987 δεῖ
2298 1937 2493 2000 ποιεῖν,
2512 1935 2604 1988 καὶ
2633 1935 2708 2005 μὴ
2728 1935 3103 2006 ἐκπομπεύειν
3118 1935 3190 1988 τὰ
3207 1934 3314 1988 τῶν
3338 1935 3608 1988 συνόντων

2019 2017 2416 2089 ἁμαρτήματα,
2465 2015 2568 2070 κᾶν
2597 2018 2831 2082 ἀνιάτως
2855 2019 3041 2089 ἔχωσι.
3071 2019 3180 2072 Kal
3211 2017 3319 2089 γὰρ
3345 2017 3440 2071 καὶ
3469 2017 3609 2088 μετά

2017 2099 2189 2152 ταῦτα
2219 2099 2428 2154 ἐλθόντι
2462 2099 2754 2172 προδοῦναι
2793 2101 3006 2172 φίλημα
3041 2101 3229 2157 ἔδωκε.
3263 2099 3357 2153 καὶ
3385 2099 3606 2153 κατεδέ-

2021 2181 2150 2245 ξατο
2181 2185 2416 2253 πρᾶγμα
2438 2181 2710 2244 τοσοῦτον,
2738 2184 2833 2236 καὶ
2859 2185 2952 2235 ἐπὶ
2979 2185 3041 2238 τὸ
3066 2183 3247 2254 πολλῷ
3273 2182 3608 2252 τολμηρότε-

2025 2282 2116 2335 ρον
2166 2265 2381 2336 προῄει,
2426 2265 2518 2319 τὸν
2554 2265 2790 2337 σταυρὸν
2822 2267 2986 2322 αὑτὸν
3021 2269 3069 2331 ί,
3114 2266 3207 2320 τὸν
3251 2265 3480 2320 θάνατον
3518 2264 3610 2317 τὸν

2022 2350 2387 2403 ἐπονείδιστον
2407 2365 2423 2381 ⁶
2455 2349 2552 2404 καὶ
2579 2350 2742 2404 πάλιν
2760 2351 2877 2402 ἐκεῖ
2895 2350 2994 2421 τὴν
3014 2349 3180 2404 αὑτοῦ
3197 2347 3610 2418 φιλανθρωπίαν

2023 2434 2389 2488 ἐπεδείκνυτο.
2433 2433 2542 2487 Kal
2571 2433 2728 2497 δόξαν
2776 2432 3014 2486 ἐνταῦθα
3055 2433 3116 2485 :6
3165 2435 3399 2504 πρᾶγμα
3429 2430 3607 2491 καλεῖ,

2021 2516 2288 2570 διδάσκων
2315 2519 2347 2587 ἠ
2357 2518 2466 2587 μᾶς
2498 2517 2581 2569 ὅτι
2612 2516 2767 2570 οὐδὲν
2797 2515 2972 2580 οὕτως
3003 2516 3227 2587 αἰσχρὸν
3268 2515 3364 2569 καὶ
3396 2514 3610 2567 ἐπονεί-

2021 2599 2220 2665 διστον,
2257 2599 2286 2652 ὃ
2319 2600 2394 2669 μὴ
2441 2597 2824 2670 λαμπρότερον
2869 2601 3015 2652 ποιεῖ
3047 2597 3138 2652 τὸν
3173 2598 3450 2670 μετιόντα.
3482 2597 3612 2650 ὅταν

2023 2683 2164 2736 κατά
2185 2681 2318 2735 Θεὸν
2343 2682 2586 2750 γίνηται.
2619 2680 2771 2736 Μετά
2790 2679 2923 2750 γοῦν
2948 2680 3010 2734 :6
3033 2679 3270 2748 ἐξελθεῖν
3290 2680 3381 2734 τὸν
3412 2679 3611 2734 Ἰούδαν

2021 2765 2116 2818 ἐπὶ
2149 2763 2209 2816 :6
2258 2762 2272 2813 i
2317 2763 2670 2835 παραδοῦναι,
2693 2763 2876 2834 λέγει’
2903 2763 3035 2819 Νῦν
3059 2762 3361 2831 ἐδοξάσθη
3403 2765 3436 2817 ό
3481 2762 3613 2828 Υἱὸς

2022 2846 2129 2900 τοῦ
2159 2844 2476 2915 ἀνθρώπου
2502 2863 2516 2878 ο
2553 2846 2725 2918 ταύτῃ
2765 2846 3127 2910 πεπτωκότας
3150 2847 3280 2909 τοὺς
3317 2844 3613 2915 λογισμοὺς

2021 2929 2134 2982 τῶν
2161 2928 2424 3000 μαθητῶν
2455 2929 2715 2995 ἀνιστῶν,
2749 2929 2847 2984 καὶ
2878 2929 3082 2983 πείθων
3113 2930 3188 3001 μὴ
3221 2929 3381 3001 μόνον
3415 2929 3490 2998 μὴ
3514 2944 3615 2979 κα-

2023 3014 2239 3082 τηφεῖν,
2266 3011 2402 3064 ἀλλά
2430 3010 2522 3064 καὶ
2555 3011 2785 3083 χαίρειν.
2823 3010 2924 3064 Διά
2951 3011 3110 3065 τοῦτο
3143 3012 3238 3066 καὶ
3276 3011 3469 3082 Πέτρῳ
3497 3011 3524 3049 ιι
3553 3009 3615 3074 ἐξ

2025 3093 2202 3164 ἀρχῆς
2235 3093 2559 3162 ἐπετίμησε.
2592 3092 2667 3145 T6
2691 3093 2799 3161 γὰρ
2841 3093 2901 3145 ἐν
2935 3093 3154 3164 θανάτῳ
3196 3093 3486 3162 γενόμενον
3516 3107 3615 3143 πε-

2029 3173 2344 3246 ριγενέσθαι
2377 3173 2636 3240 θανάτου,
2665 3173 2790 3240 δόξα
2828 3175 3062 3245 μεγάλη.
3092 3175 3204 3229 Kal
3221 3175 3378 3228 τοῦτό
3410 3177 3558 3228 ἐστιν
3584 3174 3615 3227 δ

2029 3258 2159 3327 περὶ
2193 3256 2388 3311 ἐαυτοῦ
2420 3257 2604 3325 ἔλεγεν
2620 3273 2634 3288 ⁸
2673 3258 2860 3310 Ὅταν
2882 3257 3122 3326 ὑψωθῶ,
3146 3259 3282 3311 τότε
3305 3257 3614 3326 γνώσεσθε

2028 3338 2118 3393 ὅτι
2142 3339 2256 3410 ἐγώ
2281 3341 2430 3409 εἰμι·
2465 3341 2562 3394 καὶ
2583 3340 2766 3404 πάλιν,
2791 3341 3031 3394 Λύσατε
3052 3339 3160 3394 τὸν
3183 3339 3336 3393 ναὸν
3364 3339 3580 3394 τοῦτον
3596 3355 3609 3371 ·

2029 3424 2125 3477 καὶ
2165 3425 2348 3488 πάλιν,
2386 3424 2642 3492 Σημεῖον
2665 3425 2736 3478 οὐ
2771 3424 3092 3490 δοθήσεται
3126 3423 3288 3492 ὑμῖν,
3333 3426 3387 3477 εἰ
3414 3423 3500 3492 μὴ
3545 3424 3615 3478 τὸ

2027 3507 2282 3576 σημεῖον
2311 3505 2494 3562 Ἰωνᾶ.
2521 3507 2646 3570 Πῶς
2667 3507 2775 3579 γάρ
2801 3507 2860 3560 06
2889 3507 3014 3571 δόξα
3038 3507 3267 3578 μεγάλη,
3287 3507 3348 3560 :6
3365 3507 3457 3560 καὶ
3478 3506 3614 3577 μετά

2030 3588 2260 3644 θάνατον
2296 3590 2514 3661 ἰσχῦσαι
2546 3589 2657 3645 τῶν
2687 3590 2794 3661 πρὸ
2817 3590 2912 3644 τοῦ
2943 3590 3177 3645 θανάτου
3219 3591 3463 3661 μείζονα.
3495 3592 3614 3644 ’Ὶνα

2027 3673 2134 3744 γὰρ
2181 3673 2442 3744 πιστευθῇ
2483 3675 2518 3745 ἡ
2565 3673 2886 3738 ἀνάστασις,
2933 3675 3158 3746 μείζονα
3200 3676 3528 3746 εἰργάσαντο
3561 3675 3612 3727 οἰ

2031 3757 2292 3829 μαθηταί.
2323 3757 2385 3810 El
2412 3757 2469 3810 δέ
2506 3757 2582 3828 μὴ
2607 3756 2730 3827 ἔζη,
2761 3759 2856 3810 καὶ
2878 3757 3011 3822 Θεὸς
3043 3753 3133 3829 ἧν,
3154 3757 3272 3820 πῶς
3295 3761 3352 3811 ἐν
3385 3759 3612 3828 ὀνόματι

2027 3839 2192 3893 αὑτοῦ
2207 3838 2447 3894 τοσαῦτα
2470 3840 2795 3910 εἰργάσαντο
2816 3833 2992 3906 οὗτοις
3016 3841 3125 3894 Καὶ
3145 3843 3178 3894 ό
3197 3839 3344 3906 Θεὸς
3365 3840 3612 3905 δοξάσει

2027 3923 2232 3979 αὐτόν.
2248 3921 2312 3976 Τί
2339 3924 2479 3988 ἐστι,
2495 3922 2602 3976 Kal
2621 3925 2652 3976 ὁ
2671 3923 2816 3987 Θεὸς
2837 3921 3085 3986 δοξάσει
3104 3922 3292 3975 αὐτὸν
3307 3923 3375 3975 ὲν
3389 3922 3581 3986 ἐαυτῷ
3592 3939 3615 3987 ;

2029 4007 2308 4070 Τουτέστι,
2343 4007 2412 4060 δι’
2453 4005 2669 4068 ἑαυτοῦ,
2696 4007 2756 4059 06
2785 4006 2852 4058 δι’
2883 4007 3098 4076 ἐτέρου.
3131 4007 3236 4062 Kal
3263 4005 3481 4071 εὐθέως
3518 4007 3615 4060 δο-

2030 4089 2205 4154 ξάσει
2233 4091 2449 4143 αὐτόν’
2482 4090 2783 4155 τουτέστιν,
2817 4089 2933 4160 ἅμα
2957 4088 3038 4159 τῷ
3062 4090 3299 4160 σταυρῷ.
3337 4090 3471 4142 Οὐδὲ
3509 4090 3614 4158 γὰρ

2029 4173 2118 4226 διά
2157 4173 2352 4243 χρόνου
2381 4171 2602 4235 πολλοῦ,
2633 4173 2820 4243 φησὶν,
2849 4173 2968 4226 ούδέ
3005 4173 3096 4226 τὸν
3119 4174 3330 4244 μακρὸν
3358 4175 3455 4244 τῆς
3483 4175 3615 4227 ἀνα-

2033 4257 2277 4320 στάσεως
2308 4258 2570 4327 ἀναμενεῐ
2592 4255 2806 4327 καιρὸν,
2847 4256 2968 4308 ούδέ
3004 4257 3126 4310 τότε
3149 4256 3310 4322 δείξει
3339 4257 3612 4328 λαμπρὸν,

2031 4339 2147 4393 ἀλλ’
2171 4339 2374 4402 εὐθέως
2403 4341 2464 4393 ἐν
2486 4339 2634 4412 αὐτῷ
2651 4340 2730 4411 τῷ
2760 4340 2982 4412 σταυρῷ
3003 4341 3070 4394 τὰ
3090 4341 3320 4412 λαμπρά
3341 4345 3612 4411 φανεῖται.

2041 4423 2102 4476 '0
2121 4421 2254 4490 γοῦν
2286 4423 2439 4494 ῆλιος
2468 4424 2760 4496 ἐσκοτίσθη
2807 4421 2852 4487 ι,
2881 4426 2938 4479 αἰ
2959 4425 3156 4494 πέτραι
3187 4425 3522 4496 ἐρῤάγησαν,
3551 4425 3615 4479 :6

2031 4505 2438 4576 καταπέτασμα
2471 4507 2720 4579 ἐσχίσθη,
2749 4505 2918 4560 πολλά
2952 4507 3182 4575 σώματα
3209 4507 3318 4560 τῶν
3355 4525 3616 4578 κεκοιμη-

2039 4588 2226 4656 μένων
2279 4587 2456 4656 άγίων
2493 4589 2726 4661 ἠγέρθη,
2758 4590 2786 4642 6
2823 4591 2990 4658 τάφος
3033 4591 3322 4660 σήμαντρα
3353 4585 3487 4660 εἶχε,
3523 4591 3616 4643 καὶ

2032 4670 2274 4740 φύλακες
2302 4671 2774 4744 παρεκαθέζοντο*
2808 4675 2903 4728 καὶ
2930 4674 3281 4744 ἐπικειμένου
3299 4674 3376 4745 τῷ
3403 4673 3615 4746 σώματι

2029 4755 2124 4808 τοῦ
2170 4755 2342 4820 λίθου,
2376 4757 2574 4827 ἀνέστη
2623 4757 2682 4811 :6
2715 4757 2908 4826 σῶμα·
2954 4759 3362 4829 τεσσαράκοντα
3409 4760 3616 4831 ἡμέραι

2031 4837 2330 4908 παρῆλθον,
2362 4839 2458 4892 καὶ
2488 4841 2521 4910 ή
2569 4839 2664 4893 τοῦ
2695 4839 3010 4910 Πνεύματος
3052 4835 3184 4910 ἦλθε
3215 4841 3469 4912 χορηγία,
3521 4841 3617 4896 καὶ

2032 4919 2236 4984 πάντες
2263 4921 2426 4975 αὐτὸν
2444 4922 2649 4986 εὐθέως
2670 4923 3055 4994 ἀνεκήρυττον.
3073 4921 3244 4976 Τοῦτό
3260 4925 3397 4984 ἐστι,
3427 4923 3614 4987 Δοξά-

2033 5016 2130 5056 σει
2153 5003 2341 5056 αὐτὸν
2364 5004 2436 5058 ἐν
2459 5005 2651 5071 ἐαυτῷ
2666 5017 2727 5070 ιιι,
2752 5005 2850 5059 καὶ
2884 5007 3105 5072 εὐθέως
3129 5005 3376 5070 δοξάσει
3401 5007 3613 5059 αὐτόν’

2031 5087 2092 5140 ού
2123 5085 2191 5140 δι’
2224 5087 2472 5156 ἀγγέλων
2505 5089 2599 5142 καί
2632 5088 3009 5161 ἀρχαγγέλων,
3041 5088 3160 5142 οὐδὲ
3179 5089 3246 5143 δι’
3274 5089 3441 5163 ἄλλης
3469 5090 3615 5156 τινὸς

2029 5165 2332 5237 δυνάμεως,
2360 5167 2496 5222 ἀλλά
2519 5169 2586 5222 δι’
2613 5169 2831 5222 ἐαυτοῦ.

2100 5252 2168 5312 γ’.
2192 5246 2315 5310 Πῶς
2344 5247 2401 5302 δέ
2433 5247 2530 5301 καὶ
2559 5247 2776 5312 ἐδόξατε
2803 5245 2870 5300 δι’
2893 5245 3090 5312 αὐτοῦς
3113 5246 3297 5301 Πάντα
3313 5249 3524 5320 πράξας
3546 5251 3614 5304 τά

2031 5323 2166 5394 πρὸς
2211 5325 2366 5390 δόξαν
2403 5326 2495 5381 τοῦ
2521 5327 2652 5380 Υἰοῦ
2672 5343 2687 5357 ο
2718 5327 2894 5380 καίτοι
2926 5327 3104 5382 πάντα
3128 5331 3158 5382 6
3181 5329 3311 5393 Υἱὸς
3323 5330 3607 5402 ἐποίησεν.

2043 5405 2204 5478 Ὁρᾷς
2216 5409 2298 5462 ὅτι
2317 5410 2385 5463 τά
2413 5409 2504 5462 ὑπ’
2522 5407 2691 5463 αὑτοῦ
2718 5409 2977 5479 γινόμενα
3002 5411 3080 5482 τῷ
3094 5412 3271 5484 Πατρὶ
3289 5414 3602 5486 ἀνατίθησιε

2031 5486 2181 5561 [426]
2213 5492 2444 5555 Τεκνία,
2465 5491 2552 5546 ἔτι
2567 5490 2788 5560 μικρὸν
2799 5492 2930 5560 μεθ’
2949 5492 3116 5562 ὑμῶν
3145 5497 3284 5566 ειμι.
3310 5493 3608 5564 Ζητήσετέ

2094 5583 2120 5620 3
2154 5582 2252 5631 Alii
2282 5585 2460 5654 ᾔδεσαν
2479 5596 2493 5610 ’
2524 5583 2747 5654 ἐνόμισαν
2768 5583 3065 5654 ,δὴ-φησίν,
3103 5588 3192 5636 ὃτι.
3261 5583 3317 5654 ΙΙ·
3494 5585 3615 5654 89b-

2027 5641 2240 5726 2‘23‘1'31
2259 5641 3231 5726 sim};0999939119339;idaéﬂiévnwr-
3302 5647 3319 5687 ί
3351 5649 3614 5726 Amm“

2028 5706 2241 5766 πώτερον
2342 5705 2424 5754 τὸν
2447 5705 2720 5770 δὲ’σταυρὸν
2739 5705 2904 5757 αὐτοῦ.
2927 5705 3096 5758 Μοτέι.
3124 5710 3205 5758 τόν
3226 5709 3429 5771 σταυρὸν
3449 5705 3609 5758 αὐτόν.

2029 5765 2246 5831 ἔρυται
2292 5766 2468 5831 S_:gvil._
2493 5769 2758 5830 legendum
2801 5769 2878 5817 ἐπὶ
2925 5771 3010 5831 τῷ.
3082 5771 3108 5810 ιι
3152 5773 3235 5820 Sic
3284 5777 3422 5819 recte
3466 5771 3612 5820 codd.

2027 5827 2146 5893 τοξ,
2161 5827 2270 5893 709_.
2314 5827 2479 5893 Monlf.
2521 5827 2713 5893 Πέτρος.
2747 5831 2882 5882 Enn.
2951 5827 3098 5882 {Alii
3137 5833 3268 5888 ἣλιος
3309 5832 3524 5893 ἀπεστρά

2029 5897 2065 5921 ι’
2105 5888 2274 5937 Morel.
2323 5891 2370 5938 ἐν
2398 5893 2556 5957 αὐτῷ.
2601 5888 2711 5942 Mox
2749 5895 2894 5946 verba
2932 5895 3010 5943 καὶ
3043 5895 3345 5957 ἀρχαγγέλων
3372 5905 3398 5941 e
3434 5888 3587 5943 Sull;

2031 5959 2362 6001 accesserunt.
2393 5952 2525 6003 Enr.
2565 6018 2570 6022 Α
