4140 6204
532 276 638 333 393

518 406 616 458 με,
662 388 758 444 καί
784 387 978 458 καθὼς
1005 385 1176 444 εἷπον
1212 390 1337 457 τοῖς
1386 392 1718 460 Ἰουδαίοις,
1763 393 1852 447 ὅτι
1901 394 2094 446 Ὅπου

524 471 731 542 ὑπάγω
764 470 897 542 ἐγὼ,
932 471 1102 541 ὑμεῖς
1126 473 1198 525 οὐ
1239 472 1503 529 δύνασθε
1540 475 1774 530 ἐλθεῒν’
1818 474 1917 529 καί
1948 473 2089 543 ὑμῖν

526 552 679 623 λέγω
707 553 858 622 ἄρτι.
894 553 1155 624 Ἀρχεται
1186 552 1372 609 λοιπὸν
1406 557 1514 610 τῶν
1556 555 1815 628 λυπηρῶν
1854 557 1992 626 μετά
2034 554 2096 608 τὸ

527 637 755 689 δεῖπνον.
781 638 908 689 Ὅτε
952 637 1061 706 γὰρ
1099 637 1301 701 Ἰούδας
1345 638 1587 709 ἐξῆλθεν,
1620 639 1722 693 οὐκ
1768 638 1849 691 ἔτι
1890 638 2097 709 ἑσπέρα

440 761 444 764 ι
526 713 615 791 ἦν,
650 719 785 772 ἀλλὰ
818 716 933 784 νύξ.
989 720 1206 791 Ἐπειδὴ
1254 720 1363 791 7&9
1393 720 1615 791 ἔμελλον
1648 720 1842 791 μικρὸν
1875 720 2099 789 ὓστερον

529 800 939 871 ἐπιστήσεσθαι,
991 803 1099 854 ἔδει
1148 801 1321 855 πάντα
1361 802 1845 873 παρακαταθέσθαι
1895 802 2097 864 αὐτοῖς,

528 883 670 937 ὥστε
705 883 848 953 ἔχειν
879 886 929 937 ἐν
988 886 1173 955 μνήμῃ
1195 902 1207 916 ·
1250 884 1448 955 μᾶλλον
1477 885 1531 938 δέ
1564 885 1624 938 τὸ
1666 884 1887 955 Πνεῦμα
1928 885 2101 938 πάντα

530 966 726 1029 αὐτοὺς
755 966 1026 1037 ἀνέμνησε
1064 979 1112 1020 ι.
1149 965 1326 1020 Πολλά
1373 968 1483 1040 7&9
1530 968 1697 1031 εἰκὸς,
1739 966 1833 1021 ἆτε
1884 966 2099 1038 πρῶτον

530 1049 652 1102 τότε
677 1048 993 1112 ἀκούοντας,
1021 1048 1116 1102 καί
1144 1048 1417 1113 τοιούτους
1447 1049 1740 1121 μέλλοντας
1765 1048 2101 1120 πειρασμούς

532 1131 839 1203 ὑπομένειν,
858 1132 1182 1186 ἀποϐάλλειν
1207 1132 1421 1197 αὐτούς.
1441 1134 1503 1188 Οἰ
1524 1134 1632 1204 7&9
1653 1132 1787 1203 πρὸς
1810 1131 1973 1185 ὕπνον
2003 1147 2102 1185 κα-

424 1242 429 1247 ·
533 1214 912 1285 ταφερόμενοι,
945 1214 1124 1277 καθὼς
1152 1217 1244 1269 καὶ
1269 1215 1453 1287 ἕτερός
1499 1232 1664 1287 φησιν
1692 1214 2098 1295 εὐαγγελιστὴς,

537 1298 633 1352 καὶ
683 1297 892 1369 ἀθυμίᾳ
940 1299 1310 1368 συνεχόμενοι,
1352 1299 1534 1362 καθὼς
1581 1299 1676 1353 καὶ
1721 1299 1882 1362 αὐτὸς
1921 1300 1949 1350 ό
1979 1295 2102 1367 Χριο

535 1380 658 1444 στος
683 1380 860 1449 λέγει’
919 1382 1080 1436 Ἀλλ’
1131 1381 1219 1434 ὅτι
1261 1381 1445 1436 ταῦτα
1493 1381 1810 1449 λελάληκα
1854 1381 2014 1447 ὑμῖν,
2064 1381 2101 1447 ἡ

530 1465 695 1532 λύπη
743 1462 1139 1532 πεπλήρωκεν
1183 1462 1350 1533 ὑμῶν
1397 1464 1514 1530 τὴν
1551 1465 1827 1532 καρδίαν·
1882 1463 1997 1526 πῶς
2037 1462 2103 1515 ἂν

532 1544 704 1599 ταῦτα
749 1547 926 1600 πάντα
988 1546 1251 1615 κατέσχον
1303 1546 1576 1617 ἀκριϐῶς;
1633 1548 1699 1599 Τί
1756 1547 1957 1617 δήποτε
2011 1539 2103 1596 οὖν

535 1628 785 1698 ἐλέγετο;
840 1629 914 1682 Οὐ
969 1629 1164 1700 μικρὸν
1202 1630 1385 1692 αὐτοῖς
1418 1631 1626 1698 ἐγίνετο
1675 1631 1863 1701 κέρδος
1896 1629 1976 1691 εἰς
2004 1630 2103 1697 τὴν

535 1711 774 1784 Χριστοῦ
802 1704 994 1779 δόξαν,
1027 1711 1086 1765 τὸ
1126 1713 1312 1781 σαφῶς
1350 1712 1547 1768 εἰδέναι
1586 1715 1722 1785 μετὰ
1754 1713 1927 1767 ταῦτα
1974 1713 2105 1765 ὐπο-

542 1794 1034 1865 μιμνησκομένους,
1083 1794 1162 1847 ὅτι
1213 1795 1385 1849 ταῦτα
1416 1796 1581 1850 πάλαι
1629 1796 1926 1867 ἀκηκοότες
1964 1791 2102 1866 ἦσαν

539 1876 689 1947 παρά
711 1875 803 1931 τοῦ
844 1876 1102 1948 Χριστοῦ.
1151 1878 1309 1941 Τίνος
1348 1878 1404 1931 δέ
1451 1878 1636 1933 ἕνεκεν
1671 1877 2103 1951 προκαταϐάλλει

536 1960 714 2014 αὐτῶν
742 1959 840 2032 τὴν
868 1959 1067 2031 ψυχὴν,
1089 1961 1283 2029 λέγων,
1311 1962 1440 2015 Ἔτι
1476 1963 1694 2030 μικρὸν
1731 1962 1954 2030 χρόνον
1973 1960 2102 2030 μεθ’

536 2043 703 2113 ὑμῶν
720 2046 836 2114 εἰμι
853 2060 873 2108 ;
893 2045 1016 2107 Τοῖς
1036 2044 1134 2115 μὲν
1161 2043 1269 2115 γὰρ
1299 2044 1571 2107 Ἰουδαίοις
1594 2045 1818 2109 εἰκότως
1850 2043 2068 2111 ἐλέγετο
2085 2059 2099 2073 ⁸

534 2127 682 2198 ἡμᾶς
701 2126 757 2180 δὲ
774 2126 914 2189 τίνος
936 2126 1119 2180 ἕνεκεν
1137 2126 1333 2195 ἐπίσης
1354 2128 1434 2190 εἰς
1454 2126 1553 2197 τὴν
1577 2127 1748 2197 αὐτὴν
1770 2125 1922 2191 τάξιν
1952 2125 2102 2190 ἀγεις

537 2208 761 2272 ἐκείνοις
790 2211 903 2273 τοῖς
958 2206 1300 2279 ἀγνῶμοσιν;
1336 2207 1619 2277 Οὐδαμῶς.
1657 2209 1765 2262 Καὶ
1802 2209 1945 2273 τίνος
1986 2208 2102 2260 ἓνε-

539 2308 634 2344 κεν
653 2285 794 2356 εἰπε,
814 2289 1018 2356 Καθὼς
1042 2287 1214 2344 εἷπον
1240 2290 1362 2357 τοῖς
1398 2291 1743 2357 Ἰουδαίοιςς
1779 2292 2102 2361 Ἀνέμνησεν

538 2374 620 2427 ὅτι
653 2372 772 2444 οὐχὶ
804 2369 899 2426 νῦν
928 2372 1036 2425 ἀπὸ
1077 2372 1176 2442 τῆς
1224 2372 1332 2425 τῶν
1364 2372 1550 2427 δεινῶν
1592 2373 1891 2444 παρουσίας
1932 2372 2103 2428 ταῦτα

540 2454 826 2529 προλέγειε
859 2454 976 2508 ἀλλ’
1008 2454 1213 2508 ἄνωθεν
1245 2456 1383 2509 αὐτά
1415 2456 1656 2528 προῄδει,
1693 2458 1782 2511 καὶ
1831 2456 2104 2528 μάρτυρες

539 2541 692 2594 αὐτοί
733 2541 781 2592 οἰ
814 2539 1169 2602 ἀκούσαντες,
1198 2538 1281 2592 ὅτι
1310 2539 1565 2611 καὶπρὸς
1614 2539 1898 2604 Ἰουδαίους
1934 2542 2105 2594 ταῦτα

538 2623 713 2692 ἔλεγε.
733 2623 822 2676 Διδ
846 2623 941 2677 καὶ
958 2621 1266 2693 προσέθηκε
1283 2623 1364 2685 τὸ,
1387 2624 1593 2676 Τεκνία
1612 2643 1625 2657 ·
1641 2623 1729 2675 ἴνα
1755 2622 2101 2688 ἀκούσαντες,

538 2705 746 2772 Καθὼς
773 2700 945 2759 εἶπον
982 2703 1106 2770 τοῖς
1139 2705 1471 2771 Ἰουδαίοις,
1503 2705 1579 2776 μὴ
1611 2705 1703 2759 καὶ
1738 2705 1871 2778 πρὸς
1911 2706 2107 2771 αὐτοὺς

538 2788 741 2859 ὁμοίως
764 2787 1019 2860 εἰρῆσθαι
1049 2787 1111 2840 τὸ
1156 2789 1443 2859 εἰρημένον
1476 2788 1787 2858 νομίσωσιν.
1820 2789 1893 2842 Οὐ
1943 2807 2108 2844 κατα-

541 2869 750 2925 ϐάλλων
775 2869 953 2924 τοίνυν
979 2870 1197 2935 αὐτοὺς,
1236 2868 1373 2922 ἀλλά
1412 2868 1903 2941 παραμυθούμενος
1938 2873 2108 2926 ταῦτά

541 2969 723 3024 φησιν,
744 2952 829 3006 ἵνα
848 2952 922 3023 μὴ
944 2951 1323 3022 ἀπροσδόκητα
1350 2952 1642 3006 ἐπιστάντα
1665 2952 1846 3015 αὐτοῖς
1867 2950 1934 3007 τὰ
1959 2952 2107 3006 δεινά

540 3034 834 3106 ἐκταράξῃ,
863 3035 1048 3089 Ὅπου
1085 3032 1198 3104 ἐγὼ
1232 3033 1465 3105 ὑπάγω,
1510 3035 1673 3103 ὑμεῖς
1729 3036 1801 3089 οὺ
1848 3034 2109 3091 δύνασθε

537 3119 751 3174 ἐλθεῖν.
765 3119 1060 3181 Δείκνυσιν,
1081 3118 1163 3171 ὃτι
1177 3120 1204 3171 ὁ
1220 3118 1447 3182 θάνατος
1460 3117 1624 3172 αὐτοῦ
1646 3119 1972 3189 μετάστασίς
1995 3121 2108 3174 ἐστι

539 3201 632 3257 καί
659 3201 943 3273 μετάθεσις
974 3200 1230 3271 ἀμείνων,
1252 3201 1332 3264 είς
1363 3200 1526 3255 τόπον
1559 3200 1784 3272 σώματα
1812 3202 1872 3254 οὐ
1894 3202 2112 3272 δεχόμε-

539 3302 628 3338 νον
655 3284 888 3355 φθαρτά.
916 3284 1100 3336 Ταῦτα
1125 3283 1181 3336 δέ
1211 3283 1380 3352 λέγει,
1405 3284 1605 3337 καὶτὸν
1629 3286 1708 3347 είς
1730 3282 1893 3337 αὐτὸν
1917 3283 2113 3353 διεγεί-

542 3384 650 3439 ρων
671 3366 833 3420 πόθον
848 3366 941 3420 καὶ
957 3365 1281 3436 θερμότερον
1299 3365 1485 3421 ποιῶν.
1508 3367 1652 3421 Ἰστε
1669 3366 1777 3436 7&9
1788 3367 1869 3420 ὅτι
1897 3367 2111 3420 ἐπειδὰν

544 3450 740 3521 ἴδωμεν
765 3447 873 3501 τῶν
910 3448 1178 3517 φιλτάτων
1210 3448 1359 3512 τινάς
1386 3449 1802 3520 ἀναχωροῦντας
1827 3489 1841 3511 ,
1879 3450 2111 3520 μάλιστα

542 3529 1050 3604 διαθερμαινόμεθα,
1074 3530 1167 3583 καὶ
1200 3530 1396 3600 μᾶλλον
1414 3531 1441 3570 b
1466 3533 1593 3584 ὅταν
1621 3533 1818 3602 ἴδωμεν
1846 3535 1925 3595 εἰς
1950 3533 2112 3587 τόπον

545 3616 823 3678 ἀπιόντας,
839 3615 917 3675 είς
929 3612 988 3665 ὃν
1004 3612 1122 3665 οὐδέ
1135 3612 1356 3665 δυνατὸν
1373 3615 1505 3684 ἡμῖν
1530 3614 1804 3670 ἀπελθεῖν.
1842 3617 1962 3670 Ἐκε
1973 3617 2112 3680 ίνους

551 3700 648 3769 μὲν
683 3693 774 3750 οὖν
809 3694 1009 3764 φοϐῶν,
1043 3692 1217 3748 ταῦτα
1262 3693 1434 3763 ἔλεγε,
1481 3696 1690 3760 τούτοις
1722 3698 1779 3751 δέ
1817 3697 1909 3751 τὸν
1952 3698 2112 3750 πόθον

550 3779 816 3845 ἐξάπτων.
852 3776 1102 3840 Τοιοῦτός
1140 3777 1286 3830 ἐστιν
1315 3779 1343 3830 ό
1393 3778 1555 3840 τόπος
1578 3820 1592 3843 ,
1647 3780 1787 3834 ὥστε
1830 3780 1903 3852 μὴ
1958 3782 2113 3851 μόνον

549 3863 806 3926 ἐκείνους,
838 3860 975 3915 ἀλλά
1009 3859 1143 3931 μηδέ
1174 3861 1317 3931 ὑμᾶς
1354 3861 1480 3926 τοὺς
1531 3862 1819 3928 φιλτάτους
1855 3862 2113 3917 δύνασθαι

552 3944 950 4017 παραγενέσθαι
982 3945 1113 3998 ἐκεῖ.
1152 3943 1415 3998 Ἐνταῦθα
1446 3945 1538 3997 καὶ
1566 3945 1626 3998 τὸ
1650 3944 1866 4016 ἀξίωμα
1894 3946 1954 3999 τὸ
1985 3947 2112 4000 ἐαυ-

547 4028 641 4083 τοῦ
676 4028 927 4081 δείκνυσι.
960 4027 1070 4080 Καὶ
1108 4025 1250 4095 ὑμῖν
1275 4027 1430 4097 λέγω
1467 4027 1616 4098 ἄρτι.
1655 4029 1751 4082 Διά
1785 4029 1871 4092 τί,
1909 4031 2111 4098 Ἀρτις

560 4113 788 4184 Ἑτέρως
821 4111 1080 4174 ἐκείνοις.
1132 4110 1228 4162 καὶ
1273 4111 1470 4182 ἐτέρως
1519 4112 1665 4183 ὑμῖν·
1704 4113 2000 4179 τουτέστιν,
2050 4115 2110 4166 οὐ

552 4196 668 4267 μετ’
705 4194 945 4247 ἐκείνων.
988 4191 1095 4245 Ποῦ
1133 4191 1189 4245 δὲ
1232 4193 1391 4246 αὐτὸν
1421 4193 1691 4265 ἐζήτησαν
1737 4197 1785 4248 οἰ
1834 4196 2110 4262 Ἰουδαῖοι;

548 4278 651 4332 ποῦ
680 4277 735 4330 δέ
767 4278 817 4330 οἰ
854 4274 1091 4346 μαθηταί
1110 4291 1124 4341 ;
1161 4277 1223 4328 Οἰ
1257 4275 1497 4347 μαθηταὶ
1537 4278 1654 4347 μὲν,
1689 4278 1775 4330 ὅτε
1810 4278 2031 4347 ἔφυγον·
2065 4281 2113 4333 οἰ

561 4360 799 4415 Ἰουδαῖοι
841 4358 932 4423 δὲ,
980 4358 1067 4412 ὅτε
1114 4358 1180 4412 τά
1222 4359 1491 4431 ἀνήκεστα
1541 4359 1777 4430 ἔπασχον
1825 4362 1972 4417 δεινά
2020 4364 2115 4418 καὶ

549 4445 727 4499 πάντα
759 4443 1150 4514 ὑπερϐαίνοντα
1174 4442 1330 4511 λόγον
1349 4483 1365 4508 ,
1397 4442 1497 4511 τῆς
1525 4443 1727 4505 πόλεως
1763 4444 1932 4514 αὐτῆς
1957 4446 2115 4499 ἀλούο

549 4546 671 4599 σης,
697 4528 791 4582 καὶ
815 4526 913 4595 τῆς
945 4525 1205 4595 θεηλάτου
1234 4524 1499 4578 πάντοθεν
1528 4525 1648 4578 κατ’
1676 4524 1853 4578 αὐτῶν
1884 4528 2116 4599 φερομέτ

547 4597 644 4683 νης
683 4609 872 4681 ὀργῆς.
919 4608 1177 4669 Ἐκείνοις
1213 4607 1310 4677 μὲν
1355 4602 1448 4660 οὖν
1478 4607 1597 4659 τότε
1643 4607 1795 4675 ἔλεγε
1826 4610 1848 4637 ε
1888 4608 1974 4661 διά
2018 4597 2117 4681 τὴν

547 4692 823 4756 ἀπιστίαν,
856 4692 983 4761 ὑμῖν
1006 4690 1063 4742 δὲ
1095 4688 1210 4754 νῦν,
1239 4689 1327 4741 διά
1353 4687 1416 4742 τὸ
1444 4690 1517 4758 μὴ
1553 4689 1932 4761 ἀπροσδόκητα
1962 4692 2119 4744 ἐπελ-

548 4776 659 4829 θεῖν
712 4774 782 4827 τὰ
838 4774 1005 4827 δεινά.
1069 4770 1365 4838 Ἐντολήν
1417 4771 1637 4839 καινὴν
1694 4771 1900 4840 δίδωμι
1953 4774 2113 4842 ὑμῖν.

559 4855 778 4927 Ἐπειδὴ
807 4855 915 4927 7&9
944 4856 1024 4919 εἰς
1045 4853 1272 4926 θόρυϐον
1299 4853 1444 4925 (427)
1470 4854 1666 4917 αὐτοὺς
1687 4856 1945 4924 ἐμπεσεῖν
1973 4857 2119 4919 εἰκὸς

545 4934 615 5011 ἧν
644 4935 818 4992 ταῦτα
843 4935 1158 5002 ἀκούοντας,
1188 4936 1263 5000 ὡς
1289 4936 1530 5007 ἐρήμους
1556 4934 1846 5006 μέλλοντας
1877 4935 2117 5001 ἔσεσθαι,

549 5019 956 5094 παραμυθεῖται
982 5019 1198 5086 αὐτοὺς,
1219 5018 1317 5090 τὴν
1344 5019 1561 5072 πάντων
1585 5017 1691 5071 τῶν
1719 5016 1938 5082 ἀγαθῶν
1963 5018 2120 5089 ῥίζαν

547 5107 641 5161 καί
669 5104 968 5176 ἀσφάλειαν
991 5102 1330 5174 περιϐάλλων
1351 5102 1553 5164 αὐτοῖς,
1580 5101 1677 5172 τὴν
1708 5099 1947 5169 ἀγάπην·
1978 5102 2122 5156 ὠσα-

546 5190 627 5243 vel
654 5188 859 5259 ἔλεγεν·
914 5186 1153 5255 Ἀλγεῖτε
1200 5185 1452 5246 ἀπιόντος
1485 5183 1654 5253 ἐμοῦ;
1698 5181 1812 5235 ἀλλ’
1852 5182 1946 5237 ἐὰν
1981 5186 2120 5254 ἀγα-

550 5275 687 5324 πᾶτε
718 5270 997 5343 ἀλλήλους,
1021 5266 1208 5321 ἔσεσθε
1239 5266 1592 5336 ἰσχυρότεροι.
1620 5263 1745 5327 Πῶς
1769 5259 1862 5317 οὖν
1884 5266 1945 5319 οὐ
1965 5267 2123 5323 τοῦτο

549 5350 737 5419 εἰπεν;
772 5353 895 5406 Ὀτι
931 5352 960 5405 δ
989 5350 1176 5404 τούτου
1214 5349 1413 5418 μᾶλλον
1446 5347 1654 5416 ὤνησεν
1705 5347 1901 5411 αὐτοὺς
1932 5346 2118 5405 εἶπεν·

563 5437 665 5491 Ἐν
696 5436 884 5504 τούτῳ
918 5434 1249 5504 γνώσονται
1299 5430 1517 5495 πάντες
1562 5429 1652 5483 ὅτι
1695 5430 1825 5499 ἐμοὶ
1864 5437 2124 5502 μαθηταί

549 5519 709 5575 ἐστε.
746 5520 845 5574 Διά
872 5520 981 5590 7&9
1010 5515 1198 5569 τούτου
1226 5513 1254 5553 ἀ
1302 5513 1419 5584 ἆμα
1450 5513 1739 5584 ἐδήλωσεν,
1773 5516 1853 5568 ὄτι
1900 5518 1961 5569 οὐ
1997 5519 2123 5571 σϐε-

552 5603 807 5675 σθήσεται
832 5605 860 5656 ὁ
882 5601 1062 5673 χορὸς,
1091 5597 1251 5651 ὁπότε
1284 5598 1379 5651 καὶ
1403 5596 1689 5668 γνώρισμα
1719 5599 1903 5664 αὐτοῖς
1932 5599 2119 5657 ἔδωκε.

614 5763 641 5793 ⁸
679 5762 775 5813 Alii
808 5764 961 5811 πάντα
990 5762 1331 5824 ὐπεμίμνησκε.
1399 5761 1426 5801 δ
1450 5764 1640 5814 Μᾶλλον
1659 5765 1876 5814 additum
1900 5778 1929 5814 Θ
1952 5766 2124 5824 Savil.,

560 5829 847 5888 gecngngt,
872 5824 1012 5888 ἰοῦ-ε,
1037 5823 1278 5888 “Ibam
1298 5828 1363 5887 τί,
1403 5824 1506 5888 ᾄρτι
1522 5840 1543 5888 ;ν
1561 5827 1737 5888 quibus
1764 5826 1886 5888 Infra
1930 5823 2125 5879 carebat

557 5879 726 5931 manu.
753 5883 887 5931 Ευιτ.
915 5932 924 5940 ,
955 5887 977 5915 ο
1000 5879 1008 5883 '
1034 5882 1129 5934 Alii
1162 5879 1361 5947 ε>.εγον.’
1403 5879 1551 5941 τιἈιίί
1575 5879 1654 5940 an;
1676 5889 1754 5938 διὰ
1788 5887 1947 5937 τοῦτο.

1205 277 1263 333 S.
1299 277 1579 336 JOANNIS
1613 277 2099 335 CHRYSOSTOMJ
2132 276 2449 335 ARCHIEP.
2484 251 3035 335 CONSTANTINOP:

3664 266 3767 323 39A

2199 392 2367 448 Τοῦτο
2386 393 2442 446 δέ
2466 390 2637 457 εἷπεν,
2657 388 2792 446 ὅτεό
2816 385 3077 460 προδότης
3099 381 3276 437 αὐτῶν
3296 375 3622 460 ἀπεσχίσθη.
3647 377 3770 439 Πῶς

2199 478 2255 530 δὲ
2286 477 2454 547 αὐτὴν
2483 475 2698 546 ἐντολὴν
2719 459 2867 541 λέγει
2893 467 3085 539 καινὴν
3113 466 3207 520 καὶ
3230 467 3286 547 ἐν
3312 459 3624 547 τῇΛΠαλαιᾷ
3656 476 3766 547 κει-

2203 558 2369 629 μένην
2390 543 2604 621 ίΑὐτὸς
2657 543 2823 625 αὐτὴν
2856 552 3077 621 ἐποίησε
3119 546 3306 618 καινὴν
3334 544 3411 616 τῷ
3444 543 3651 629 τρόπῳ·
3681 543 3769 594 ἐπ-

2198 628 2372 711 ήγαγε
2402 639 2531 708 γοῦν
2552 654 2567 669 ⁶
2601 638 2804 704 Καθὼς
2832 635 3120 706 ἠγάπησα
3142 631 3318 702 ὑμᾶς.
3357 629 3431 683 Οὐ
3475 628 3586 699 γὰρ
3636 642 3765 711 προ..

2201 709 2564 793 ῦπηργμένων
2594 721 2719 791 ὐμῖν
2759 715 3195 788 κατορθωμάτων
3232 712 3453 783 ὄφλημα
3487 711 3616 781 ὑμῖν
3641 709 3763 793 ,ἀπο

2201 792 2399 870 έδωκα,
2435 804 2549 857 ἀλλ’
2583 803 2743 866 αὐτὸς
2776 799 3045 871 κατῆρξα,
3087 797 3268 867 φησίν.
3303 794 3459 847 Οὐτω
3495 792 3591 847 καί
3630 792 3765 862 ὑμᾶς

2200 890 2503 960 εὐεργετεῖν
2549 889 2671 950 τοὺς
2721 885 3008 955 φιλτάτους
3047 881 3174 955 χρὴ.
3211 878 3414 949 καὶμὴ
3459 876 3765 960 ὀφείλοντας

2199 958 2399 1033 αὐτοῖς.
2446 971 2554 1022 Καὶ
2607 968 2764 1039 ἀφεὶς
2814 970 2985 1021 εἰπεῖν
3038 965 3108 1019 τὰ
3147 962 3423 1033 θαύματα,
3460 960 3496 1015 ἀ
3548 958 3762 1029 ἔμελλον

2202 1057 2393 1119 ποιεῖν,
2420 1053 2526 1106 ἀπὸ
2552 1053 2648 1119 τῆς
2674 1053 2891 1121 ἀγάπης
2919 1051 3115 1112 αὐτοὺς
3141 1044 3555 1119 χαρακτηρίζει.
3587 1041 3654 1094 Τί
3677 1042 3764 1111 δή·

2203 1154 2363 1202 ποτε;
2399 1137 2521 1191 Ὀτι
2573 1136 2730 1189 τοῦτο
2772 1135 3006 1206 μάλιστά
3043 1137 3158 1188 ἐστι
3187 1131 3247 1186 τὸ
3289 1129 3528 1185 δεικνύον
3560 1125 3766 1197 ἀνθρὼ-

2202 1236 2335 1282 πους
2369 1219 2575 1288 ἀγίους.
2607 1218 2792 1288 Πάσης
2821 1218 2928 1287 γάρ
2958 1219 3104 1270 ἐστιν
3130 1213 3332 1286 ἀρετῆς
3366 1211 3642 1274 ὑπόθεσις.
3672 1208 3765 1261 Διά

2199 1301 2388 1354 τούτου
2438 1300 2672 1371 μάλιστα
2719 1301 2814 1354 καὶ
2865 1298 3149 1369 σωζόμεθα
3180 1297 3399 1359 πάντες.
3448 1292 3618 1347 Τοῦτο
3663 1290 3765 1361 γάρ

2202 1386 2346 1438 ἐστιν
2374 1381 2533 1449 εἶναι,
2577 1384 2731 1456 φησί,
2776 1382 3044 1454 μαθητήν.
3085 1380 3269 1445 Οὐτως
3304 1380 3445 1450 ὑμᾶς
3478 1378 3712 1438 ἅπαντες
3740 1385 3762 1411 ⁶

2202 1466 2610 1531 ἐπαινέσονται,
2650 1466 2778 1520 ὅταν
2817 1465 2998 1519 ἴδωσιν
3051 1464 3197 1535 ὑμᾶς
3253 1460 3621 1536 μιμουμένους
3669 1457 3763 1527 τὴν

2202 1548 2339 1620 ἐμὴν
2368 1548 2608 1619 ἀγάπην.

2270 1632 2333 1688 δ’.
2359 1633 2423 1685 Τί
2459 1627 2585 1698 οὗν;
2616 1632 2676 1684 οὐ
2701 1630 2880 1701 πολλῷ
2914 1629 3113 1702 μᾶλλον
3145 1628 3211 1684 τά
3239 1627 3490 1698 θαύματα
3531 1624 3764 1678 δείκνυσι

2201 1715 2396 1780 τοῦτο;
2430 1714 2713 1785 Οὐδαμῶς.
2747 1712 2970 1768 Πολ.ιοί
2992 1712 3103 1782 γὰρ
3142 1711 3377 1780 ἐροῦσι·
3423 1709 3626 1775 Κύριε,
3659 1707 3765 1759 οὐκ

2200 1797 2270 1851 ἐν
2305 1793 2384 1862 τῷ
2411 1797 2654 1865 ὀνόματί
2678 1809 2794 1849 σου
2818 1793 3091 1863 δαιμόνια
3111 1792 3469 1860 ἐξεϐάλομεν
3485 1807 3504 1855 ;
3540 1789 3634 1842 καὶ
3664 1788 3766 1842 πά·

2202 1878 2285 1932 λιν
2305 1880 2600 1948 χαιρόντων
2627 1876 2804 1932 αὐτῶν
2824 1876 2990 1930 ὃτιτά
3012 1876 3261 1947 δαιμόνια
3278 1876 3458 1935 αὐτοῖς
3480 1870 3762 1933 ὑπακούει,

2204 1961 2353 2031 φησί·
2384 1959 2479 2029 Μὴ
2510 1960 2743 2030 χαίρετε
2771 1958 2862 2013 ὅτι
2893 1959 2965 2013 τὰ
2998 1958 3266 2026 δαιμόνια
3294 1955 3433 2024 ὑμῖν
3454 1952 3760 2014 ὑπακούει,

2201 2044 2338 2098 ἀλλ’
2379 2043 2467 2097 ὅτι
2497 2044 2569 2097 τὰ
2592 2043 2854 2112 ὀνόματα
2881 2038 3041 2110 ὑμῶν
3074 2039 3387 2108 γέγραπται
3414 2036 3483 2088 ἐν
3509 2033 3633 2097 τοῖς
3658 2033 3760 2085 οὑ-

2194 2124 2421 2193 ρανοῖς.
2448 2126 2556 2178 Καὶ
2596 2125 2703 2195 μὴν
2742 2126 2896 2178 τοῦτο
2926 2123 3023 2193 τὴν
3063 2121 3382 2190 οἰκουμένην
3420 2116 3755 2186 ἐπηγάγετο,

2202 2206 2387 2279 ἐπειδὴ
2418 2208 2591 2260 ἐκεῖνο
2635 2208 2828 2279 προῆν·
2860 2208 2906 2259 εἰ
2929 2206 2984 2259 δέ
3019 2203 3091 2274 μὴ
3116 2199 3181 2274 ἦν
3216 2204 3387 2255 ἐκεῖνο
3406 2239 3420 2262 ,
3450 2197 3571 2252 οὐτε
3602 2195 3756 2249 τοῦτο

2202 2289 2528 2360 παρέμενεν.
2548 2289 2719 2343 Τοῦτο
2735 2289 2865 2357 γοῦν
2883 2289 3078 2351 εὐθέως
3101 2286 3293 2348 αὐτοὺς
3318 2282 3534 2353 ἐποίησε
3563 2279 3760 2340 καλοὺς

2202 2371 2295 2425 καὶ
2311 2371 2562 2441 ἀγαθοὺς.
2577 2371 2672 2425 καὶ
2699 2372 2760 2424 τὸ
2778 2371 2877 2442 τὴν
2894 2371 3117 2443 καρδίαν
3137 2367 3350 2421 πάντων
3368 2366 3463 2418 καὶ
3476 2362 3572 2434 τὴν
3588 2360 3763 2431 ψυχὴν

2203 2450 2340 2507 εἶναι
2375 2454 2520 2524 μίαν.
2552 2454 2614 2507 Εἰ
2640 2454 2696 2508 δὲ
2717 2454 3003 2523 διέστησαν
3023 2455 3115 2507 ἀπ’
3161 2450 3420 2521 ἀλλήλων,
3457 2447 3670 2501 ᾶπαντα
3704 2443 3765 2496 ἂν

2203 2538 2486 2592 ἀπολώλει.
2528 2538 2641 2591 Οὐκ
2670 2538 2892 2601 ἐκείνοις
2922 2538 2979 2589 δέ
3008 2536 3181 2590 ταῦτα
3212 2533 3477 2601 διελέγετο
3509 2529 3687 2600 μόνοις
3722 2525 3764 2587 τ,

2203 2620 2339 2675 ἀλλὰ
2380 2620 2474 2676 καὶ
2519 2622 2651 2675 πᾶσι
2684 2623 2796 2684 τοῖς
2848 2619 3101 2690 μέλλουσι
3152 2615 3429 2671 πιστεύειν
3467 2614 3547 2681 εις
3588 2609 3764 2668 αὐτόν’

2205 2705 2326 2758 ἐπεὶ
2356 2705 2449 2758 καὶ
2478 2703 2574 2758 νῦν
2603 2704 2752 2758 οὐδὲν
2780 2704 2905 2759 ἄλλο
2934 2704 3080 2756 ἐστὶν
3108 2701 3169 2756 τὸ
3200 2703 3551 2768 σκανδαλίζον
3579 2697 3769 2767 Ἕλλη-

2206 2805 2320 2853 νας,
2349 2788 2382 2858 ἢ
2412 2787 2470 2842 τὸ
2507 2787 2581 2859 μὴ
2614 2787 2831 2858 ἀγάπην
2859 2781 3020 2842 εἶναι.
3063 2786 3227 2843 ’.Αλλά
3255 2788 3348 2842 καὶ
3375 2786 3436 2840 τὸ
3469 2785 3668 2855 σημεῖα
3698 2782 3769 2850 μὴ

2205 2870 2449 2939 γίνεσθαι
2483 2868 2773 2938 ἐγκαλοῦσι
2796 2907 2810 2930 ,
2843 2874 3027 2944 φησίν.
3073 2872 3213 2926 Ἀλλ’
3239 2870 3336 2939 οὐχ
3359 2867 3550 2930 οὕτως.
3580 2863 3686 2919 Ποῦ
3716 2862 3769 2915 δὲ

2206 2953 2302 3025 τὴν
2330 2952 2549 3023 ἀγάπην
2583 2950 2924 3014 ἐπεδείξαντο
2944 2956 2993 3008 οἰ
3021 2952 3337 3014 ἀπόστολοις
3379 2950 3540 3020 Ὁρᾷς
3574 2944 3770 3015 Πέτρον

2208 3038 2304 3092 καὶ
2346 3036 2597 3106 Ἰωάννην
2625 3035 3009 3102 ἀδιασπάστως
3031 3038 3251 3109 ἔχοντας
3278 3033 3543 3103 ἀλλήλων,
3569 3029 3663 3083 καὶ⁸
3686 3029 3772 3080 ἐπὶ

2208 3119 2268 3173 τὸ
2297 3118 2438 3190 ἱερὸν
2475 3117 2897 3187 ἀναϐαίνοντας
2939 3122 3070 3192 ὁρᾷς
3100 3117 3310 3172 Παῦλον
3345 3113 3488 3168 οὐτω
3516 3111 3653 3187 πρὸς
3680 3110 3773 3162 αὐ-

2209 3203 2333 3264 τοὺς
2355 3198 2695 3265 διακείμενον
2718 3221 2730 3234 ·
2757 3204 2851 3257 καὶ
2875 3191 3094 3273 ἀπορεῖς
3115 3219 3129 3268 ;
3158 3201 3220 3253 Εἰ
3245 3200 3353 3268 7&9
3374 3194 3443 3249 τά
3470 3194 3605 3250 ἀλλα
3634 3191 3730 3246 ἐκέ
3754 3221 3770 3231 ο

2211 3300 2427 3356 κτηντο,
2447 3282 2625 3355 πολλῷ
2651 3286 2852 3356 μᾶλλον
2873 3283 3015 3357 εἰχον
3042 3284 3140 3355 τὴν
3170 3283 3380 3355 μητέρα
3406 3279 3515 3333 τῶν
3540 3277 3770 3346 ἀγαθῶν.

2224 3367 2355 3421 Ἀπὸ
2382 3365 2488 3439 γὰρ
2514 3368 2691 3439 ψυχῆς
2722 3368 2978 3441 ἐναρέτου
3010 3367 3165 3421 τοῦτο
3192 3365 3251 3418 τὸ
3280 3366 3511 3436 πρᾶγμα
3552 3358 3768 3431 βλαστά-

2211 3452 2470 3508 νειοένθα
2518 3451 2575 3504 δὲ
2623 3452 2894 3523 πονηρία,
2937 3450 3094 3504 τοῦτο
3134 3448 3444 3520 ξηραίνεται
3489 3445 3551 3499 τὸ
3593 3442 3771 3512 φυτόν.

2212 3536 2389 3589 Ὅταν
2410 3534 2541 3605 7&9,
2566 3534 2719 3604 φησὶ,
2752 3530 3070 3602 πληθυνθῇ
3106 3533 3144 3600 ἡ
3171 3530 3405 3600 ἀνομία,
3441 3525 3773 3597 ψυγήσεται

2210 3619 2249 3686 ἡ
2275 3616 2472 3688 ἀγάπη
2501 3614 2621 3669 τῶν
2652 3615 2919 3670 πολλῶν.
2951 3615 3061 3668 Καὶ
3091 3613 3361 3683 Ἕλληνας
3387 3611 3442 3664 δέ
3484 3612 3584 3679 οὐχ
3612 3606 3777 3668 οὕτως

2212 3687 2478 3767 ἐπάγεται
2512 3700 2733 3768 σημεῖα,
2763 3698 2838 3761 ῶς
2871 3697 3003 3768 βίος·
3037 3697 3150 3768 βίον
3183 3697 3240 3751 δὲ
3268 3695 3417 3749 οὐδὲν
3444 3693 3616 3757 οὕτως
3645 3687 3778 3744 εἶναι

2213 3783 2387 3842 ποιεῖ,
2431 3780 2507 3843 ὡς
2547 3780 2758 3850 ἀγάπη.
2804 3781 3017 3834 Ἐκεῖνα
3055 3781 3151 3851 μὲν
3196 3779 3304 3847 γάρ
3335 3779 3460 3841 τοὺς
3500 3772 3779 3833 ποιοῦντας

2214 3863 2472 3926 πολλάκις
2494 3862 2587 3916 καὶ
2616 3861 2849 3927 πλάνους
2882 3862 3163 3917 ἐκάλεσαν·
3195 3861 3311 3932 βίου
3345 3860 3401 3914 δέ
3435 3854 3779 3912 ἐπιλαϐέσθαι

2212 3947 2311 3999 οὐκ
2344 3945 2408 4000 ἂν
2433 3944 2604 4016 ἔχοιεν
2630 3944 2891 4018 καθαροῦ.
2918 3945 3045 4000 Ὅτε
3068 3945 3168 4015 μὲν
3205 3938 3297 3997 οῦν
3335 3940 3486 3996 οὐπω
3514 3940 3571 3994 τὸ
3614 3940 3779 4008 κήρυ-

2212 4045 2329 4101 γμα
2359 4026 2595 4082 διαδοθέν
2626 4023 2716 4098 ἦν,
2748 4028 2971 4090 εἰκότως
3008 4025 3160 4100 1428]
3190 4027 3259 4079 τὰ
3300 4025 3501 4097 σημεῖα
3543 4019 3782 4091 ἐθαυμά-

2215 4114 2354 4178 ζετο·
2382 4111 2476 4166 νῦν
2500 4112 2554 4165 δέ
2580 4112 2687 4166 ἀπὸ
2726 4111 2839 4180 βίου
2889 4112 2993 4182 χρὴ
3042 4109 3437 4181 θαυμάζεσθαι.
3471 4106 3644 4161 Οὐδὲν
3673 4106 3779 4173 7&9

2213 4195 2385 4258 οὕτως
2410 4194 2659 4266 ἐντρέπει
2699 4194 2964 4264 Ἕλληνας
2987 4235 3001 4257 ,
3037 4193 3110 4256 ῶς
3144 4192 3332 4263 ἀρετή·
3368 4190 3517 4243 οὐδὲν
3553 4186 3785 4241 σκανδα-

2214 4278 2370 4343 λίζει,
2407 4278 2484 4340 ὼς
2521 4277 2723 4330 κακία’
2752 4277 2845 4330 καὶ
2874 4276 3114 4338 είκότως.
3155 4275 3322 4327 Ὅταν
3349 4270 3456 4342 γὰρ
3488 4270 3570 4341 ἴδῃ
3602 4268 3789 4321 πλεον-

2215 4359 2492 4426 εκτοῦντα,
2516 4359 2828 4431 ἁρπάζοντα
2847 4400 2861 4425 ,
2890 4359 2959 4413 τὰ
2983 4357 3200 4412 ἐναντία
3226 4354 3532 4419 κελεύοντα,
3557 4353 3651 4407 καὶ
3678 4352 3789 4414 τοῖς

2215 4443 2504 4515 ὁμοφύλοις
2545 4443 2620 4507 ῶς
2664 4444 2871 4515 θηρίοις
2916 4440 3253 4513 κεχρημένον
3297 4440 3388 4493 τὸν
3430 4436 3790 4492 κελευσθέντα

2216 4528 2309 4580 καί
2339 4525 2565 4598 ἐχθροὺς
2590 4526 2829 4597 ἀγαπᾷν,
2860 4524 3021 4596 λῆρον
3051 4522 3253 4595 ἐρεῖτά
3291 4520 3581 4595 εἰρημένα.
3622 4521 3791 4574 Ὅταν

2217 4609 2303 4682 ἴδῃ
2330 4608 2598 4679 τρέμοντα
2628 4608 2875 4670 θάνατον,
2906 4607 3021 4670 πῶς
3045 4606 3255 4672 δέξεται
3285 4606 3409 4669 τοὺς
3437 4605 3565 4674 περὶ
3588 4604 3791 4659 ἀθανα-

2218 4691 2339 4754 σίας
2373 4689 2595 4758 λόγους;
2630 4690 2799 4743 Ὅταν
2828 4688 2910 4762 ίδῃ
2940 4688 3330 4760 φιλαρχούντας
3355 4688 3449 4741 καὶ
3479 4689 3593 4751 τοῖς
3614 4685 3794 4749 ἄλλοις

2219 4770 2566 4833 δουλεύοντας
2611 4771 2857 4837 πάθεσιν,
2907 4771 3298 4843 ἀκριϐέστερον
3348 4770 3406 4824 ἐν
3434 4771 3548 4832 τοῖς
3597 4765 3793 4821 ἑαυτοῦ

2223 4855 2374 4924 μενεῖ
2399 4852 2683 4922 δόγμασιν,
2707 4854 2858 4908 οὐδὲν
2882 4855 3022 4926 μέγα
3048 4854 3174 4923 περὶ
3192 4852 3347 4924 ἡμῶν
3369 4849 3792 4921 φανταζόμενος.

2233 4935 2420 5004 Ἡμεῖς
2448 4935 2555 5006 γάρ
2584 4936 2752 5006 ἐσμεν
2791 4936 2972 5000 αἴτιοι,
3018 4939 3203 5007 ἡμεῖς,
3251 4933 3345 4987 τοῦ
3376 4934 3559 5005 μένειν
3599 4933 3797 4996 αὐτοὺς

2222 5018 2311 5073 ἐπὶ
2355 5018 2456 5086 τῆς
2486 5017 2711 5090 πλάνης.
2744 5019 2862 5073 Τῶν
2900 5021 2996 5091 μὲν
3042 5020 3151 5091 γάρ
3185 5019 3467 5090 δογμάτων
3518 5017 3626 5071 τῶν
3667 5017 3797 5091 παρ’

2221 5102 2429 5165 ἑαυτοῖς
2456 5101 2625 5155 πάλαι
2653 5103 3020 5171 κατέγνωσαν,
3047 5104 3142 5156 καὶ
3165 5102 3233 5156 τά
3254 5103 3497 5174 ἡμέτερα
3522 5100 3577 5154 δέ
3598 5103 3800 5172 ὁμοίως

2221 5182 2611 5256 θαυμάζουσινο
2652 5187 2716 5238 ἐκ
2743 5183 2836 5238 τοῦ
2890 5184 3007 5256 βίου
3055 5185 3113 5240 δέ
3164 5185 3320 5256 ἡμῶν
3354 5183 3672 5239 κωλύονται.
3726 5182 3801 5238 Tb

2222 5269 2322 5337 μὲν
2363 5266 2473 5339 7&9
2522 5267 2609 5321 διά
2645 5266 2817 5336 λόγων
2864 5266 3264 5339 φιλοσοφῆσαι,
3303 5265 3524 5320 εὔκολον
3577 5266 3803 5336 (πολλοὶ

2222 5349 2331 5422 γάρ
2360 5351 2454 5404 καὶ
2482 5350 2613 5423 παρ’
2644 5340 2820 5403 αὐτῶν
2858 5349 3016 5404 τοῦτο
3054 5347 3358 5420 ἐποίησαν)·
3391 5347 3715 5418 ἐπιζητοῦσι
3743 5345 3803 5400 δέ

2222 5434 2320 5503 τὴν
2348 5431 2434 5486 διά
2471 5432 2579 5485 τῶν
2608 5432 2783 5503 ἔργων
2822 5433 3102 5499 ἐπίδειξιν.
3164 5430 3324 5485 Ἀλλά
3356 5431 3484 5495 τούς
3538 5430 3804 5493 παλαιοὺς

2224 5515 2353 5586 παρ’
2389 5517 2520 5586 ἡμῖν
2559 5516 2927 5571 ἐννοείτωσαν.
2972 5516 3110 5569 Ἀλλ’
3148 5513 3398 5585 οὐδαμῶς
3432 5512 3802 5574 πιστεύουσιν.

2224 5598 2357 5651 ἀλλά
2385 5599 2510 5662 τοὺς
2540 5597 2635 5651 νῦν
2664 5598 2872 5664 ζῶντας
2901 5599 3273 5671 ἐπιζητοῦσιν.
3307 5598 3491 5662 Δεῖξον
3523 5598 3631 5668 γάρ
3668 5612 3760 5666 μοι
3783 5634 3799 5658 ο

2226 5681 2379 5748 φησὶ,
2402 5680 2501 5749 τὴν
2527 5680 2707 5734 πίστιν
2731 5681 2822 5736 διά
2842 5682 2951 5737 τῶν
2975 5683 3150 5755 ἔργων
3177 5699 3292 5736 σου.
3333 5680 3472 5734 Ἀλλ’
3503 5680 3604 5733 οὐκ
3631 5679 3801 5732 ἐστιν·

2275 5836 2313 5899 ἐ
2355 5822 2501 5873 Ξανὶι.
2561 5822 2794 5884 ἅπαντες,
2840 5822 3033 5873 melius.
3080 5819 3285 5880 Quidam
3337 5818 3562 5872 ἅπαντας.
3634 5814 3653 5855 ί
3699 5812 3806 5866 Ali!

2223 5902 2385 5947 μονον.
