4078 6200
303 308 388 363 m
1271 290 1335 346 IN
1373 285 1682 347 JO.\NNE.\t
1725 283 1949 339 nonin.
1993 282 2201 340 Lxxn.
2243 287 2316 340 al.
2359 287 2538 342 LXXl.

319 422 456 474 adhuc
491 413 737 468 modicum
769 410 1015 463 robiscum
1036 425 1172 462 sum.
1205 405 1450 471 Qttteretis
1481 419 1576 467 me,
1602 412 1649 454 et
1674 417 1770 454 non
1791 400 1868 452 in-

317 509 494 566 renietis
522 514 606 560 :et
633 509 760 558 sicut
805 502 912 556 dixi
951 499 1173 566 ludatis,
1207 498 1302 553 Ubi
1340 514 1431 568 ego
1468 513 1612 558 sum,
1648 512 1732 547 ros
1773 509 1871 546 non

311 600 494 673 potestis
519 599 713 658 venire;
740 604 784 649 et
814 595 949 648 vobis
970 593 1082 646 dico
1112 592 1280 644 modo.
1326 590 1442 645 Jam
1476 589 1639 642 tristia
1669 586 1874 640 orditur

309 702 411 761 post
431 705 656 743 omnem.
681 687 808 741 Nam
834 702 953 739 cum
977 684 1138 738 Judas
1160 683 1342 747 exivit,
1365 697 1466 734 non
1493 694 1710 749 vespera
1735 687 1870 740 erat,

303 783 384 836 sed
414 796 537 834 nos.
587 781 718 834 Cum
760 778 902 831 enim
945 775 1101 845 paulo
1131 782 1247 844 post
1275 773 1551 826 adventuri
1579 780 1760 824 essent
1786 769 1870 837 qui

302 874 433 928 illum
463 877 737 940 caperent,
762 865 1040 936 oportebat
1067 865 1244 918 omnia
1269 864 1370 917 illis
1395 860 1790 922 commendare,
1819 868 1875 912 ut

302 962 544 1018 memoria
573 961 867 1014 retinerent
900 975 913 1011 :
943 957 1050 1010 imo
1081 956 1256 1024 potius
1284 954 1512 1022 Spiritus
1539 953 1714 1006 omnia
1746 950 1874 1019 ipsis

299 1054 634 1124 Suggerebat;
663 1051 934 1118 multaque
962 1057 1106 1113 tunc,
1140 1057 1198 1100 ut
1223 1045 1510 1100 verisimile
1535 1053 1636 1107 est,
1660 1043 1872 1113 abjece-

301 1155 426 1206 runt.
452 1151 645 1212 utpote
672 1142 758 1212 qui
791 1150 914 1194 tunc
943 1139 1170 1208 primutn
1203 1137 1480 1202 audirent,
1511 1147 1564 1190 et
1591 1145 1665 1189 tot
1701 1143 1874 1188 tenta-

299 1240 453 1292 tiones
485 1234 693 1304 passuri
721 1240 917 1288 essent.
952 1229 1080 1284 Nam
1104 1230 1190 1299 qui
1224 1230 1274 1282 in
1297 1243 1541 1283 somnum
1572 1243 1677 1297 prze
1707 1227 1874 1280 tristi-

297 1330 356 1381 tia
385 1327 519 1396 lapsi
547 1325 854 1389 snut,utait
873 1323 1010 1376 alios
1033 1321 1356 1390 evangelista
1376 1319 1527 1389 (Luc.
1550 1319 1642 1372 22.
1676 1318 1766 1389 45)
1788 1335 1801 1381 ;
1823 1329 1875 1373 et

292 1420 398 1487 ipse
423 1431 643 1486 quoque
670 1416 916 1468 Christus
947 1413 1020 1469 ait
1044 1427 1057 1469 ξ
1092 1411 1196 1466 Sed
1227 1411 1344 1480 quia
1368 1411 1475 1463 hac
1504 1410 1737 1480 loquutus
1763 1426 1876 1464 sum

297 1511 438 1572 vobis,
468 1510 679 1562 tristitia
704 1507 926 1576 implevit
955 1522 1041 1558 cor
1069 1515 1282 1558 vestrum
1310 1503 1486 1576 (Joau.
1516 1505 1600 1557 lli.
1627 1504 1715 1572 6);
1747 1518 1878 1571 quo-

296 1601 442 1655 modo
472 1601 593 1654 lta-c
620 1601 797 1653 omnia
838 1607 1086 1653 accurate
1127 1597 1359 1652 retinere
1402 1597 1731 1665 potuissent?
1771 1596 1875 1650 Sed

293 1709 379 1746 cur
408 1693 514 1744 illis
542 1690 890 1745 dicebantur?
929 1688 1045 1743 Non
1092 1689 1357 1743 modicum
1405 1687 1533 1757 ipsis
1574 1688 1777 1741 lucrum
1810 1687 1875 1740 ad

292 1783 476 1837 Christi
514 1784 740 1852 gloriam
771 1782 1087 1836 obveniebat
1111 1823 1125 1845 ,
1157 1781 1298 1850 quod
1341 1779 1454 1836 hzec
1493 1783 1635 1837 clare
1678 1781 1878 1835 scirent

294 1885 492 1942 postea,
517 1875 643 1926 dum
663 1874 1070 1927 recordarentur
1088 1888 1145 1926 se
1164 1873 1275 1924 hate
1300 1887 1329 1924 a
1357 1869 1569 1924 Christo
1590 1871 1794 1925 audiris
1823 1887 1873 1926 e.

291 1965 389 2018 Cur
415 1974 601 2017 autem
636 1965 846 2016 illorum
876 1963 1108 2016 aninutm
1135 1963 1280 2030 prius
1309 1961 1510 2030 dejicit,
1536 1961 1740 2025 dicens,
1773 1963 1878 2014 Ad-

292 2055 381 2107 Inic
417 2056 678 2108 modicum
717 2064 910 2124 tempus
947 2054 1196 2106 vobiscum
1235 2053 1382 2105 sunt?
1417 2051 1618 2108 Jndmis
1646 2070 1872 2123 namque

286 2146 397 2215 jure
437 2147 723 2200 dicebatur
747 2188 761 2212 ,
795 2162 890 2200 nos
917 2162 1044 2200 vero
1073 2161 1236 2216 quare
1263 2161 1384 2200 cum
1416 2145 1636 2214 ingratis
1665 2146 1765 2198 illis
1798 2149 1877 2198 lo-

291 2239 408 2294 cas?
434 2239 654 2292 Minime
683 2239 837 2292 facio.
873 2237 937 2291 Et
959 2253 1053 2290 cur
1072 2239 1166 2300 ait,
1201 2237 1344 2291 Sicut
1369 2237 1476 2289 dixi
1503 2236 1743 2290 Judwis?
1770 2238 1876 2292 Re-

294 2331 437 2385 duxit
461 2333 518 2384 in
546 2332 885 2395 memoriam,
917 2331 1039 2400 quia
1065 2346 1167 2384 non
1194 2346 1333 2384 nunc
1361 2329 1430 2382 ob
1459 2329 1716 2383 malorum
1744 2347 1878 2400 pra:-

295 2424 523 2476 scntiam
564 2423 672 2476 lucc
722 2421 998 2491 prmdixit,
1050 2421 1144 2476 sed
1189 2422 1298 2489 jam
1347 2421 1471 2474 olim
1519 2421 1875 2489 prmviderat,

295 2514 504 2584 ipsique
544 2524 704 2568 testes
740 2523 923 2576 erant,
967 2514 1054 2583 qui
1100 2512 1375 2568 audierant
1419 2513 1589 2580 ipsum
1632 2513 1745 2566 haec
1783 2512 1879 2566 Ju-

289 2603 415 2658 dzeis
442 2604 740 2658 dicentem.
773 2603 949 2670 Quare
992 2603 1195 2658 addidit
1228 2599 1359 2660 illud
1381 2643 1395 2668 ,
1435 2603 1646 2666 Filioli;
1675 2613 1730 2656 ιιι
1757 2619 1877 2658 cmn

288 2694 534 2748 audirent
579 2695 746 2758 illud,
796 2693 943 2748 Sicut
983 2693 1089 2747 dixi
1133 2693 1364 2755 Judazis,
1415 2709 1481 2748 ne
1525 2703 1769 2762 putarent
1807 2695 1883 2748 si-

294 2787 398 2841 mili
443 2786 614 2841 modo
659 2786 759 2840 sibi
804 2785 1004 2840 dictum
1052 2786 1233 2841 fuisse.
1289 2785 1401 2839 Non
1457 2772 1603 2854 ergo.
1640 2795 1695 2839 ut
1745 2785 1880 2855 deji-

290 2891 422 2935 ceret
474 2881 693 2934 illorum
737 2881 944 2934 animos
988 2879 1086 2934 hoc
1129 2879 1297 2944 dixit,
1339 2879 1432 2933 sed
1479 2889 1532 2932 ut
1570 2878 1880 2933 Consulare-

295 2983 404 3035 tur,
447 2985 526 3024 ne
569 2972 948 3038 inexspectata:
977 2984 1228 3022 a'rnmnae
1262 2968 1406 3037 ipsos
1437 2967 1729 3021 turbarent.
1768 2967 1880 3033 Quo

287 3080 373 3135 ego
409 3063 584 3126 cado,
621 3078 706 3114 vos
743 3077 842 3113 non
886 3060 1088 3129 potestis
1134 3061 1315 3114 venire.
1366 3059 1609 3114 Ostendit
1653 3069 1878 3114 mortem

286 3168 430 3208 suam
483 3166 608 3205 esse
654 3150 1052 3204 translationem
1080 3158 1134 3204 et
1164 3151 1440 3204 transitum
1473 3150 1538 3203 ad
1578 3149 1796 3203 meliora
1827 3157 1882 3204 et

284 3243 348 3297 ad
375 3243 559 3296 locum
587 3240 952 3309 corruptibilia
976 3254 1198 3309 corpora
1232 3257 1335 3292 non
1363 3239 1728 3310 recipientem.
1755 3239 1880 3293 Huic

289 3350 440 3404 porro
483 3333 618 3387 dicit
657 3331 816 3386 etiam
847 3340 903 3384 ut
931 3346 1118 3385 eorum
1151 3345 1274 3399 erga
1316 3345 1376 3384 se
1409 3346 1646 3384 amorem
1687 3330 1882 3384 excitet

287 3435 339 3481 et
365 3423 748 3480 ferventiorem
774 3421 989 3476 el‘liciat.
1016 3420 1174 3477 Scitis
1194 3423 1336 3476 enim
1357 3421 1701 3490 cumaliquos
1727 3421 1881 3476 nobis

287 3516 402 3569 amii
423 3515 646 3571 issimos
669 3511 910 3568 videmus
930 3511 1300 3576 abscedentes,
1325 3527 1419 3568 nos
1446 3513 1612 3582 magis
1633 3512 1841 3568 incendi
1863 3529 1878 3578 ;

289 3608 532 3660 maxime
571 3619 694 3658 cum
740 3603 979 3658 videmus
1014 3618 1108 3658 eos
1149 3603 1200 3656 in
1239 3604 1414 3660 locum
1451 3605 1747 3660 concedere
1775 3618 1881 3673 quo

287 3711 383 3750 nos
409 3699 492 3750 ire
528 3710 631 3749 non
656 3709 954 3762 possumus.
988 3691 1057 3749 Ut
1081 3709 1208 3767 ergo
1237 3693 1450 3749 Judmos
1480 3703 1742 3757 terreret,
1767 3693 1883 3748 haec

286 3787 437 3853 dixit,
457 3797 627 3857 utque
642 3786 1022 3855 discipulorum
1040 3802 1276 3841 amorem
1296 3787 1622 3842 incenderet.
1639 3786 1781 3841 Talis
1801 3795 1884 3840 est

286 3879 371 3933 ille
417 3881 598 3942 locus,
634 3893 738 3947 quo
785 3891 890 3931 non
930 3878 1005 3931 illi
1048 3878 1228 3942 modo,
1261 3877 1354 3932 sed
1402 3893 1502 3932 nec
1542 3892 1634 3932 vos
1674 3892 1884 3948 quoque

285 3968 604 4023 amicissimi
651 3967 867 4038 possitis
909 3968 1110 4022 venire.
1171 3967 1266 4023 llic
1311 3983 1521 4038 quoque
1566 3968 1880 4036 dignitatem

285 4074 436 4113 suam
472 4059 733 4113 ostendit.
762 4057 830 4112 Et
851 4058 984 4113 vobis
1010 4059 1121 4111 dico
1147 4060 1316 4112 modo.
1349 4059 1474 4124 Cur,
1504 4059 1690 4112 modo?
1717 4060 1885 4113 Aliter

287 4152 414 4214 illis,
437 4152 602 4204 aliter
629 4149 809 4215 vobis;
843 4149 894 4203 id
916 4158 1016 4213 est,
1039 4165 1142 4203 non
1173 4166 1294 4205 cum
1326 4150 1449 4205 illis.
1478 4148 1705 4204 Ubinam
1734 4150 1883 4204 illum

284 4245 626 4312 qumsierunt
644 4240 851 4296 Judaei?
879 4242 965 4296 ubi
986 4241 1268 4311 discipuli?
1300 4242 1569 4311 Discipuli,
1591 4257 1711 4295 cum
1740 4241 1886 4313 fuge-

287 4345 444 4396 rent;
478 4333 652 4389 Judzei
679 4349 838 4397 vero,
871 4333 1084 4403 quando
1113 4335 1163 4387 in
1199 4333 1532 4389 calamitates
1562 4333 1804 4404 ingentes
1831 4342 1887 4388 et

285 4428 564 4482 inauditas
592 4427 922 4491 inciderunt,
958 4425 1088 4480 urbe
1125 4434 1275 4495 capta
1298 4467 1313 4492 ,
1345 4433 1400 4479 ct
1427 4426 1502 4480 ira
1535 4426 1624 4480 Dei
1655 4426 1886 4495 undique

288 4522 413 4574 illos
443 4521 886 4575 circumsidente.
937 4518 1219 4588 Discipulis
1243 4533 1374 4588 ergo
1403 4527 1526 4573 tunc
1557 4527 1772 4588 prepter
1799 4518 1885 4572 in-

283 4615 670 4669 credulitatem
701 4613 769 4667 ita
799 4611 1048 4681 loquutus
1073 4621 1154 4665 est
1183 4629 1196 4666 :
1223 4610 1374 4664 vobis
1404 4624 1544 4663 nunc
1567 4624 1685 4677 ego,
1721 4625 1787 4662 ne
1809 4609 1892 4662 in-

285 4713 661 4774 exspectatum
688 4704 924 4757 subeatis
945 4702 1323 4756 calamitatem.
1351 4701 1440 4756 54.
1467 4699 1768 4754 Mandatum
1796 4717 1890 4753 no-

287 4811 411 4847 mn
460 4795 530 4846 do
569 4794 728 4848 vobis.
779 4792 910 4846 Cum
957 4794 1099 4848 enim
1145 4792 1431 4846 verisimile
1473 4802 1615 4846 esset
1660 4793 1795 4848 illos.
1825 4792 1888 4846 iis

284 4887 519 4944 auditis.
549 4902 611 4940 ac
646 4887 691 4942 si
735 4885 930 4941 deserti
974 4901 1190 4956 prorsus
1227 4895 1427 4950 essent,
1458 4885 1508 4938 in
1533 4884 1891 4953 perturbatio-

287 4997 420 5034 nem
451 4980 765 5049 delapsuros
790 4995 910 5035 esse
935 4997 948 5031 :
972 4978 1280 5034 consolatur
1318 4978 1461 5046 ipsos
1482 5019 1498 5042 ,
1529 4979 1765 5031 omnium
1797 4977 1891 5030 bo-

286 5088 494 5124 norum
541 5072 717 5125 radice
755 5071 820 5124 ad
865 5071 1208 5125 securitatem
1249 5070 1491 5123 muniens
1531 5084 1653 5134 eos,
1697 5083 1889 5136 nempe

283 5163 562 5224 caritate;
591 5176 653 5214 ac
676 5162 719 5214 si
749 5161 953 5215 diceret
978 5178 994 5216 :
1021 5160 1101 5215 Me
1127 5161 1354 5214 abeunte
1379 5159 1604 5212 doletis?
1629 5173 1812 5212 verum
1844 5158 1889 5212 si

284 5265 396 5304 vos
426 5261 614 5305 mutuo
639 5252 889 5320 diligatis,
914 5252 1163 5306 fortiores
1193 5251 1363 5306 eritis.
1393 5250 1500 5304 Cur
1527 5265 1653 5317 ergo
1686 5265 1791 5303 non
1819 5250 1888 5303 ita

285 5341 477 5395 dixit?
521 5343 654 5410 Quia
679 5344 817 5412 quod
849 5343 1003 5412 longe
1045 5342 1222 5396 utilius
1257 5351 1371 5396 erat
1408 5341 1665 5410 protulit:
1701 5341 1788 5396 35.
1827 5340 1890 5394 In

282 5438 397 5489 hoc
421 5447 719 5506 cognoscent
740 5451 909 5489 omnes
929 5436 1062 5504 quod
1081 5435 1315 5500 discipuli
1342 5434 1438 5486 mei
1462 5438 1593 5486 estis.
1629 5432 1720 5486 llis
1747 5434 1888 5486 enim

287 5528 650 5593 signiﬁcavit,
672 5527 893 5581 chorum
914 5543 1070 5582 suum
1094 5543 1380 5596 numquam
1406 5541 1526 5579 esse
1552 5526 1885 5590 solvendum,

289 5627 592 5686 postquam
623 5619 721 5670 hoc
748 5619 996 5671 indicium
1027 5618 1128 5671 illis
1155 5617 1392 5670 dederat.
1431 5617 1540 5670 lluc
1569 5632 1695 5669 vero
1721 5617 1886 5679 dixit,

286 5707 525 5776 quando
551 5708 789 5778 proditor
807 5708 875 5761 ab
904 5708 1006 5762 illis
1033 5718 1308 5776 separatus
1334 5716 1434 5762 est.
1464 5707 1762 5760 Curantem
1791 5708 1888 5764 hoc

3443 297 3546 354 5M

1982 397 2288 452 mandatum
2321 400 2446 454 dicit
2472 417 2664 456 novum
2694 419 2812 460 esse
2835 448 2850 470 ,
2885 407 3024 475 quod
3056 408 3108 462 in
3143 409 3318 466 \‘cteri
3345 429 3560 483 quoque

1979 487 2323 543 Testamento
2347 492 2572 559 positum
2595 495 2742 548 erat?
2772 495 2886 564 Ipse
2917 498 3042 552 illud
3071 516 3263 556 novum
3294 503 3418 559 fecit
3445 505 3562 574 ipso
3594 562 3618 581 ο

1981 579 2319 647 prtecipiendi
2354 581 2542 644 modo;
2579 584 2753 638 intulit
2776 587 2941 650 enim,
2972 589 3117 643 Sicut
3139 591 3294 646 dilexi
3314 609 3418 651 vos.
3447 596 3560 652 Non

1979 669 2119 720 enim
2148 671 2338 725 vestris
2365 675 2789 742 prae-edentibus
2817 680 3018 735 meritis
3041 682 3278 739 debitum
3308 689 3561 758 persolvi,

1979 759 2072 812 sed
2107 761 2221 829 ipse
2251 765 2386 832 coepi
2410 806 2423 830 ,
2463 765 2647 834 inquit.
2693 767 2782 822 Sic
2808 778 2862 823 et
2887 786 2980 824 vos
3009 783 3221 842 oportet
3252 779 3439 834 amicis
3467 795 3562 836 ve-

1979 852 2106 905 stris
2147 853 2398 908 benelicia
2432 868 2684 924 praestare
2708 901 2722 924 ,
2767 861 2914 915 nullo
2950 862 3129 919 debito
3158 867 3465 925 obstrictos.
3500 873 3565 926 Et

1979 945 2193 999 omissis
2219 948 2489 1002 miraculis
2513 966 2631 1019 qua:
2659 953 2852 1006 edituri
2883 965 3036 1010 erant
3057 999 3072 1022 ,
3102 974 3166 1012 ex
3193 961 3415 1017 caritate
3445 963 3566 1019 illus

1979 1035 2274 1104 distinguit.
2307 1040 2515 1106 Quare?
2545 1042 2674 1109 Quia
2706 1043 2807 1098 hoc
2835 1047 3063 1101 maxime
3091 1060 3396 1106 sanctorum
3430 1054 3566 1109 imii-

1980 1129 2118 1182 cium
2144 1138 2196 1183 et
2222 1144 2589 1199 argumentum
2611 1144 2728 1190 est:
2757 1151 2968 1191 omnem
2995 1140 3190 1210 quippe
3215 1141 3412 1198 indicat
3437 1161 3562 1199 sano

1983 1222 2240 1274 ctitatem.
2295 1222 2394 1277 l’cr
2428 1223 2528 1276 hoe
2557 1225 2782 1280 maxime
2809 1242 2996 1283 omnes
3020 1230 3244 1286 salutem
3276 1241 3564 1306 consequi-

1983 1329 2120 1364 mur.
2188 1313 2299 1368 lloc
2349 1323 2470 1377 est,
2523 1316 2728 1385 inquit,
2776 1333 2894 1371 esse
2947 1320 3284 1390 discipulum.
3334 1325 3424 1381 Sic
3471 1343 3564 1383 vos

1980 1404 2268 1459 laudabunt
2288 1422 2496 1474 omnes,
2526 1423 2645 1462 cum
2678 1425 2770 1463 vos
2801 1411 3031 1466 viderint
3058 1431 3228 1469 meam
3260 1419 3450 1474 imitari
3479 1421 3565 1474 di-

1982 1495 2286 1549 lectionem.

2051 1589 2103 1641 4.
2138 1589 2274 1654 Quid
2317 1590 2481 1658 ergo?
2525 1605 2703 1646 annon
2748 1594 2926 1662 petius
2957 1595 3056 1650 hoc
3087 1597 3337 1653 miracula
3379 1613 3563 1658 osten-

1981 1677 2145 1732 dunt?
2174 1679 2412 1734 Minime.
2444 1680 2597 1734 Multi
2625 1683 2755 1735 enim
2786 1685 2952 1738 dicent
2979 1701 2999 1739 :
3029 1685 3246 1744 Domine
3265 1733 3278 1752 ,
3313 1709 3478 1746 nonne
3512 1697 3563 1749 in

1982 1772 2181 1823 nomine
2207 1781 2292 1822 tuo
2318 1771 2568 1824 da'monia
2608 1775 2834 1843 ejiciatus
2878 1775 3100 1844 (Matth.
3131 1780 3162 1834 7
3211 1780 3281 1834 22
3303 1782 3355 1851 )?
3383 1798 3431 1838 et
3469 1787 3568 1839 ite~

1982 1877 2119 1926 rum,
2148 1861 2501 1931 gaudentibus
2528 1865 2674 1933 ipsis,
2706 1866 2844 1936 quod
2873 1867 3133 1924 daamonia
3162 1873 3262 1926 sibi
3295 1888 3558 1943 parerent,

1981 1951 2144 2005 dicit:
2181 1951 2262 2006 Ne
2289 1953 2556 2023 gaudeatis
2593 1958 2711 2026 quia
2740 1958 2989 2012 dwnwnia
3027 1962 3161 2015 vobis
3191 1965 3564 2034 subjiciuntur;

1981 2043 2069 2094 sed
2093 2043 2212 2111 quia
2239 2044 2442 2096 nomina
2475 2054 2636 2100 vestra
2661 2048 2850 2117 scripta
2875 2060 2992 2102 sunt
3026 2052 3077 2104 iu
3107 2053 3243 2106 ca’lis
3275 2053 3441 2126 (Luc.
3479 2059 3561 2113 l0.

1980 2133 2094 2204 ‘20).
2122 2135 2282 2204 Atqui
2311 2135 2410 2190 hoc
2433 2137 2620 2192 orbem
2643 2139 2883 2206 adduxit,
2902 2144 3023 2212 quia
3050 2144 3174 2199 illud
3197 2146 3306 2216 jam
3339 2151 3521 2206 aderat
3547 2171 3562 2208 :

1982 2225 2027 2278 si
2077 2224 2203 2278 illud
2251 2240 2355 2279 non
2403 2226 2681 2295 adfuisset,
2714 2230 2812 2285 hoc
2861 2249 2967 2287 non
3011 2237 3314 2292 mansisset.
3360 2239 3565 2300 Caritas

1982 2318 2120 2369 enim
2151 2317 2269 2373 illos
2289 2319 2467 2372 statim
2497 2319 2663 2375 honos
2685 2323 2984 2395 probosqne
3009 2327 3256 2392 reddidit,
3285 2330 3565 2405 eﬂecitque

1985 2416 2042 2458 ut
2066 2422 2252 2463 omnes
2279 2425 2439 2464 unum
2461 2425 2554 2465 cor
2580 2421 2633 2466 et
2652 2413 2824 2467 anima
2849 2426 3050 2472 essent.
3081 2417 3212 2474 Nam
3236 2421 3280 2476 si
3301 2421 3565 2478 dissensio

1983 2493 2188 2564 fuisset,
2221 2501 2396 2554 omnia
2427 2502 2659 2570 peritura
2691 2514 2863 2558 erant.
2895 2505 3076 2577 Neque
3102 2509 3206 2564 illis
3235 2519 3437 2566 tantum
3465 2514 3565 2568 hoc

1983 2586 2234 2657 loquutus
2262 2599 2342 2644 est
2363 2631 2376 2654 ,
2409 2590 2502 2645 sed
2533 2601 2586 2646 et
2615 2593 2860 2648 omnibus
2891 2595 2945 2649 in
2978 2598 3147 2666 ipsum
3180 2613 3358 2668 postea
3386 2603 3563 2658 credi-

1985 2679 2118 2732 turis
2148 2695 2160 2730 :
2189 2679 2450 2749 siquidem
2474 2691 2526 2736 et
2551 2699 2690 2736 nunc
2715 2684 2846 2740 nihil
2871 2687 3012 2740 aliud
3038 2689 3322 2758 gentilibus
3341 2692 3566 2750 offendi~

1981 2772 2102 2824 culo
2131 2781 2231 2836 est,
2259 2787 2416 2840 quam
2455 2775 2595 2842 quod
2638 2777 2830 2830 caritas
2862 2794 2963 2831 non
2994 2780 3151 2834 adsit.
3182 2783 3286 2848 At,
3317 2785 3522 2854 inquies
3544 2827 3563 2855 ,

1982 2874 2082 2914 nos
2110 2876 2322 2931 quoque
2351 2875 2578 2933 arguunt
2603 2867 2742 2934 quod
2767 2867 2914 2936 signa
2937 2885 3042 2924 non
3067 2871 3213 2928 (iant.
3244 2873 3433 2929 Verum
3459 2894 3565 2932 non

1983 2971 2151 3026 usque
2191 2958 2344 3011 adeo.
2394 2959 2448 3012 ln
2487 2977 2594 3030 quo
2631 2974 2808 3018 autem
2839 2965 3177 3024 dilectionem
3217 2975 3567 3031 ostenderunt

1981 3048 2250 3117 apostoli?
2293 3049 2476 3105 Viden’
2521 3052 2733 3107 Petrum
2775 3065 2829 3110 et
2867 3056 3129 3114 Joannem
3160 3062 3249 3131 qui
3276 3080 3562 3136 numquam

1982 3149 2318 3209 separantur,
2348 3142 2398 3194 in
2429 3143 2683 3212 templum
2710 3147 3096 3204 ascendentes?
3122 3153 3294 3208 viden‘
3319 3156 3560 3223 Paulum,

1983 3244 2089 3298 quo
2119 3244 2313 3297 nempe
2345 3231 2412 3284 sit
2445 3245 2569 3301 erga
2608 3233 2726 3288 illos
2763 3234 2984 3303 alTectu;
3029 3250 3083 3294 et
3113 3249 3287 3299 tamen
3315 3244 3568 3302 dubitas?

1983 3319 2114 3374 Nam
2146 3322 2188 3374 si
2215 3321 2334 3376 aliis
2375 3321 2590 3378 fuerunt
2620 3326 2898 3382 virtutibus
2923 3329 3188 3402 instructi,
3213 3337 3380 3391 multo
3401 3341 3569 3411 magis

1986 3413 2248 3468 bonorum
2281 3426 2502 3470 matrem
2530 3418 2900 3486 possederunt.
2933 3423 3057 3478 Ha-c
3076 3426 3272 3498 quippe
3299 3429 3368 3484 ab
3393 3434 3567 3488 anima

1988 3503 2180 3560 virtute
2207 3505 2427 3575 praedita
2455 3510 2752 3578 germinat;
2784 3522 2837 3567 at
2864 3513 2951 3569 ubi
2979 3521 3212 3588 nequitia
3244 3532 3346 3584 est.
3379 3539 3568 3582 exare-

1985 3597 2104 3650 scit.
2136 3596 2262 3652 Cum
2287 3598 2616 3656 abundaverit
2640 3603 2897 3673 iniquitas,
2923 3607 3112 3679 inquit,
3131 3615 3421 3686 refrigescet
3445 3619 3574 3672 cari-

1985 3697 2062 3742 tas
2086 3690 2358 3744 muttarum
2384 3690 2404 3763 (
2428 3691 2615 3747 Matth.
2646 3693 2736 3750 24.
2765 3696 2832 3751 12
2852 3699 2892 3768 ).
2923 3699 3163 3759 Gentiles
3190 3717 3337 3763 certe
3367 3724 3471 3763 non
3499 3710 3569 3764 ita

1987 3791 2203 3838 movent
2231 3784 2402 3855 signa,
2424 3795 2483 3840 ut
2509 3787 2613 3842 vita
2646 3805 2661 3843 :
2690 3789 2849 3843 vitam
2877 3791 3007 3847 nihil
3032 3794 3101 3848 ita
3129 3796 3374 3866 inStituit,
3406 3810 3463 3855 ut
3492 3800 3574 3858 di-

1987 3871 2164 3928 lectio.
2189 3872 2318 3928 Nam
2340 3876 2612 3946 signorum
2641 3877 2874 3934 editores
2900 3881 3216 3952 deceptores
3239 3902 3382 3955 saepe
3405 3905 3570 3946 voca-

1987 3971 2144 4028 runt;
2186 3965 2349 4019 vitam
2377 3981 2505 4020 vero
2533 3983 2717 4036 puram
2750 3985 3037 4040 numquam
3075 3989 3295 4044 carpere
3325 3990 3565 4045 possunt.

1988 4054 2250 4121 Quamdiu
2273 4072 2399 4125 ergo
2423 4058 2728 4122 prmdicatio
2753 4074 2858 4114 non
2884 4071 3086 4117 tantum
3116 4065 3430 4133 profeci-rat.
3449 4070 3572 4140 jure

1989 4148 2137 4217 signa
2169 4148 2220 4201 in
2246 4147 2600 4204 admiratione
2628 4161 2781 4205 erant
2809 4169 2824 4206 :
2853 4168 2994 4208 nunc
3023 4164 3199 4210 autem
3227 4173 3292 4212 ex
3325 4160 3427 4214 vita
3467 4163 3572 4218 mi-

1990 4237 2184 4292 rabiles
2209 4252 2328 4293 esse
2351 4247 2580 4308 oportet.
2603 4239 2748 4296 Nihil
2778 4243 2922 4298 enim
2951 4248 3178 4314 gentiles
3207 4249 3274 4302 ita
3308 4251 3493 4318 allicit,
3518 4267 3576 4312 ut

1989 4331 2193 4385 virtus:
2240 4332 2367 4386 nihil
2399 4334 2470 4387 ita
2503 4334 2608 4390 illis
2635 4335 2957 4393 oll'endiculo
2993 4351 3093 4407 est,
3129 4354 3185 4396 ut
3221 4345 3572 4419 improbitas;

1991 4432 2045 4477 et
2079 4424 2197 4492 jure
2234 4423 2470 4492 quidem.
2511 4425 2640 4480 Cum
2681 4426 2822 4481 enim
2852 4429 3044 4485 viderit
3069 4448 3286 4488 avarum
3313 4451 3367 4492 et
3391 4451 3574 4510 rapto-

1993 4531 2104 4570 rem
2145 4516 2408 4570 coutraria
2455 4518 2883 4588 pra-.cipientem,
2930 4537 3159 4596 eumque
3197 4527 3286 4597 qui
3334 4531 3577 4588 inimicos

1991 4607 2464 4678 diligerejubetur,
2492 4610 2542 4662 in
2568 4613 2892 4668 contribules
2919 4630 3045 4670 suos
3069 4660 3082 4680 ,
3114 4627 3379 4689 tamquam
3413 4623 3465 4678 in
3493 4625 3574 4682 le-

1993 4715 2100 4762 ras,
2123 4700 2458 4765 sxvientem,
2489 4717 2654 4771 nugas
2681 4715 2941 4774 prmccpta
2967 4705 3052 4761 illa
3076 4710 3302 4765 vocabit.
3335 4711 3466 4768 Cum
3498 4717 3577 4770 vi-

1993 4791 2134 4844 derit
2154 4792 2456 4860 quempiam
2489 4794 2675 4848 mortis
2699 4793 2982 4852 formidine
3010 4809 3221 4869 captum
3241 4843 3255 4866 ,
3285 4820 3391 4874 quo
3423 4819 3577 4876 pacto

1995 4881 2410 4938 immortalitatis
2450 4884 2747 4941 doctrinam
2786 4889 3044 4960 accipiet?
3087 4895 3219 4951 Cum
3262 4900 3578 4958 ambitiosos

1994 4976 2202 5038 viderit,
2234 4979 2458 5050 aliisque
2494 4982 2657 5036 animi
2695 4984 2892 5039 trorbis
2932 4997 3119 5056 captos
3141 5030 3157 5056 ,
3201 4993 3372 5059 potius
3402 4994 3452 5048 in
3480 5010 3577 5050 sua

1994 5069 2231 5122 manebit
2258 5072 2520 5126 sententia
2543 5113 2559 5138 ,
2604 5073 2842 5145 nihilque
2868 5075 2936 5131 de
2966 5079 3121 5134 nobis
3140 5096 3391 5153 magnum
3423 5096 3577 5154 puta.

1995 5156 2092 5212 bit.
2120 5158 2227 5213 Nos
2257 5161 2421 5224 enim,
2453 5178 2550 5218 nos
2577 5165 2758 5234 utique
2799 5165 2852 5221 in
2887 5182 3047 5224 causa
3082 5185 3268 5227 sumus
3296 5189 3392 5228 cur
3417 5175 3490 5230 illi
3523 5178 3576 5232 in

1995 5261 2093 5302 suo
2140 5265 2324 5305 errore
2374 5254 2680 5322 persistant.
2724 5255 2855 5311 Nam
2915 5258 3210 5317 doctrinam
3263 5264 3406 5321 illam
3451 5269 3578 5324 olim

1997 5355 2146 5394 suam
2175 5345 2535 5412 repudiarunt,
2566 5356 2623 5402 et
2652 5359 2831 5403 nostra
2862 5351 3227 5420 admirantur;
3255 5357 3350 5411 sed
3381 5376 3445 5413 ex
3476 5363 3579 5416 vita

1997 5442 2175 5486 nostra
2201 5446 2470 5490 arcentur.
2514 5436 2643 5492 Nam
2669 5440 2846 5496 verbis
2876 5443 3235 5515 philoSOphari
3270 5448 3424 5506 facile
3450 5465 3533 5507 est
3565 5471 3580 5508 :

2001 5525 2150 5578 multi
2173 5528 2312 5580 enim
2343 5529 2480 5597 apud
2511 5531 2628 5584 illos
2657 5531 2707 5585 id
2735 5533 2978 5590 fecerunt
3002 5554 3014 5589 :
3038 5538 3212 5592 adhuc
3239 5555 3368 5595 vero
3403 5546 3579 5612 requi-

1999 5628 2120 5668 rnnt
2161 5633 2320 5686 opera
2365 5620 2520 5673 bona.
2553 5621 2771 5679 Veteres
2804 5625 2923 5679 illos
2951 5632 3038 5699 qui
3069 5632 3205 5700 apud
3241 5649 3338 5687 nos
3367 5636 3575 5694 luerunt

2006 5713 2317 5780 rccogitent.
2349 5715 2414 5767 At
2445 5714 2517 5769 illi
2548 5732 2650 5771 non
2677 5718 2900 5774 credttnt
2926 5764 2940 5789 ,
2973 5733 3025 5783 et
3052 5739 3147 5780 nos
3174 5739 3464 5796 praesentes
3489 5729 3582 5785 oli-
