4140 6204
494 281 600 338 3"5

494 404 735 453 servant.
766 395 1002 452 Ostende
1042 391 1223 456 nobis,
1261 392 1527 461 inquiunt,
1558 391 1717 446 ﬁdem
1760 408 1854 461 per
1895 404 2079 460 opera.

500 489 625 543 llaec
668 502 927 557 nusquam
971 493 1113 540 sunt.
1159 483 1263 539 Sed
1290 499 1411 539 cum
1443 498 1540 538 nos
1562 484 1741 539 vident
1778 485 1894 553 plus
1920 499 2078 553 quam

428 559 447 573 ’
498 581 637 633 feras
668 580 941 649 proximos
968 588 1179 631 nostros
1214 577 1517 645 discerpere
1538 616 1555 641 ,
1601 590 1699 629 nos
1724 577 1869 630 orbis
1897 577 2079 645 perni-

498 672 634 725 ciem
664 678 878 724 vocant.
911 668 1036 722 lla-c
1058 667 1285 739 gentiles
1312 668 1562 728 retinent,
1593 681 1661 720 ne
1686 665 1751 720 ad
1780 680 1877 719 nos
1904 676 2081 721 trans-

498 769 642 814 eant.
692 760 873 830 Itaque
901 774 998 813 nos
1027 759 1213 813 horum
1246 772 1431 828 punias
1457 756 1702 810 dabimus
1724 796 1740 820 ,
1773 770 1877 810 non
1908 757 2080 811 solum

495 852 638 923 quod
668 854 806 907 mala
841 860 1209 921 perpetremus
1231 891 1246 914 ,
1278 849 1371 904 sed
1400 848 1560 903 etiam
1589 846 1729 917 quod
1759 862 1953 902 nomen
1988 849 2078 903 Dei

497 943 915 1014 blaspliemetur.
972 944 1258 1011 Quousque
1301 939 1560 1009 pecuniis,
1604 937 1809 992 deliciis
1856 937 2081 1007 aliisque

497 1036 639 1089 vitiis
683 1034 846 1088 dediti
880 1035 896 1065 ¹
942 1031 1179 1087 erimus?
1226 1032 1602 1086 Abstineamus
1646 1028 1901 1099 denique.
1942 1029 2081 1084 Audi

496 1128 622 1199 quid
642 1127 711 1182 de
736 1126 1051 1197 quibusdam
1080 1124 1362 1179 inseusatis
1389 1124 1530 1177 dicat
1561 1121 1817 1190 propheta
1850 1138 1863 1173 :
1893 1120 2074 1175 Come-

561 1242 579 1272 ¹
602 1247 735 1289 Putat
774 1240 958 1289 Boisius
982 1227 1266 1300 legendum,
1292 1233 1453 1295 vincti,
1480 1246 1650 1284 verum
1672 1234 1782 1282 sine
1806 1231 1902 1281 ulla
1928 1240 2081 1282 nanu-

494 1303 780 1365 scriptorum
793 1303 1095 1351 auctoritate.

1247 279 1299 333 S.
1341 279 1616 334 JOANNIS
1652 276 2123 335 CIIIKYSOSTOMI
2163 273 2481 334 ARCIIIEP.
2522 280 3058 340 CONSTANTINOP.

2181 387 2364 443 damus
2387 401 2433 443 et
2460 392 2723 449 bibamus:
2750 412 2866 449 cras
2890 399 3023 450 enim
3043 398 3316 452 moriemur
3338 400 3511 470 (Isaia
3534 402 3627 461 92.
3652 407 3782 478 l3).

2187 478 2262 532 De
2293 484 2644 548 prmseutibus
2667 485 2768 542 hoc
2789 488 2973 543 dicere
3012 504 3119 543 non
3156 503 3442 559 possumus
3473 510 3490 548 :
3521 496 3592 550 ita
3626 499 3788 554 ...ω

2186 573 2424 626 omnium
2447 573 2583 629 bona
2607 576 2915 634 absorbent.
2946 579 3098 647 Quod
3128 582 3233 637 illis
3264 585 3606 654 exprobrans
3631 590 3791 645 dice-

2188 662 2275 716 bat
2320 665 2574 735 propheta
2605 686 2618 723 :
2651 668 2916 738 Numquid
2949 672 3049 725 soli
3074 673 3361 730 habitabilis
3386 686 3572 732 terram
3601 680 3622 751 (
3644 680 3781 735 lsai.

2185 754 2238 808 5.
2270 754 2367 824 8)?
2395 756 2749 823 Quamobrem
2783 762 2947 817 timeo
2971 780 3037 819 ne
3056 765 3184 834 quid
3213 769 3335 823 mali
3363 769 3591 837 accidat,
3616 781 3670 826 et
3698 774 3781 826 in-

2185 856 2397 914 gentem
2421 848 2574 903 nobis
2596 851 2928 907 attrahamns
2953 853 3044 909 Dei
3069 855 3348 913 ultionem.
3384 859 3537 928 Quod
3566 877 3634 917 ne
3662 864 3776 929 ﬁat,

2186 936 2434 991 virtutem
2456 954 2803 996 exerceamus
2823 959 3037 999 omnem
3059 987 3074 1013 ,
3099 957 3156 1002 ut
3179 948 3351 1004 l‘utura
3383 966 3771 1022 consequamur

2187 1023 2345 1093 bona,
2370 1030 2537 1097 gratia
2559 1040 2612 1086 et
2636 1033 2958 1102 benignitate
2984 1036 3192 1093 Domini
3216 1042 3382 1095 nostri
3403 1042 3528 1097 Jesu
3549 1043 3774 1110 Christi,

2188 1131 2283 1183 per
2324 1133 2481 1186 quem
2525 1131 2579 1175 et
2619 1137 2740 1176 cum
2768 1139 2874 1194 quo
2904 1125 3049 1182 Patri
3077 1131 3244 1199 gloria
3265 1172 3280 1198 ,
3314 1149 3522 1203 unaque
3551 1135 3777 1205 Spiritui

2187 1215 2407 1272 sancto,
2450 1224 2589 1265 nunc
2629 1222 2682 1266 ct
2723 1227 2938 1285 semper
2988 1227 3043 1273 et
3089 1221 3140 1275 in
3190 1223 3383 1277 saecula
3429 1226 3771 1283 seculorum.

2186 1294 2377 1350 Amen.

1790 1486 2132 1547 HOMILIA
2175 1490 2466 1559 LXXIII.

492 1619 619 1674 Car.
666 1619 752 1672 l3.
801 1632 851 1669 v.
884 1616 972 1671 '56.
1018 1614 1152 1668 Dicit
1194 1613 1370 1668 Simon
1407 1611 1589 1667 Petrus
1622 1626 1640 1663 :
1670 1608 1920 1672 Domine,
1974 1624 2071 1677 quo

566 1710 752 1763 vadis?
784 1707 1057 1779 Respondit
1087 1707 1131 1759 ei
1159 1705 1308 1759 Iesus
1337 1721 1357 1758 .'
1399 1703 1510 1770 Quo
1548 1719 1640 1772 ego
1667 1702 1817 1766 vado,
1846 1716 1945 1753 non
1978 1716 2073 1769 po-

564 1812 634 1854 tes
664 1801 803 1869 set/ui
833 1816 909 1852 me
939 1797 1122 1862 modo;
1153 1796 1371 1865 sequeris
1401 1804 1566 1847 autem
1599 1801 1788 1862 postea.

570 1895 617 1946 l.
663 1892 805 1946 Petri
829 1891 1022 1958 fervens
1048 1889 1263 1941 animus.
1302 1885 1513 1939 Dilectio
1538 1885 1645 1938 sine
1665 1899 1885 1952 superna
1912 1881 2075 1952 gratia

492 1984 619 2038 nihil
659 1992 752 2037 est.
781 2011 853 2021 —
880 1979 1125 2049 Magnum
1153 1976 1423 2048 quidpiam
1447 1975 1683 2039 dilectio,
1729 1984 1783 2029 et
1822 1973 1939 2043 igne
1980 1986 2073 2026 vc-

493 2074 823 2137 liementius,
872 2070 1011 2141 quod
1054 2068 1118 2123 ad
1161 2069 1333 2137 ipsum
1374 2066 1561 2120 czclum
1590 2064 1823 2119 sustollit
1854 2081 1867 2117 :
1899 2062 2074 2116 nullus

494 2175 667 2236 potest
707 2164 846 2218 obex
877 2163 1130 2231 impetum
1162 2160 1278 2226 ejus
1308 2157 1581 2211 cohibere.
1627 2154 2075 2209 Ferventissiiuus

493 2260 653 2328 igitur
679 2256 890 2319 Petrus,
931 2268 1051 2306 cum
1076 2250 1318 2306 audisset
1345 2248 1634 2314 dicentem,
1666 2246 1777 2313 Quo
1805 2261 1893 2316 ego
1921 2243 2070 2308 vado,

492 2364 577 2402 vos
606 2363 705 2400 non
741 2343 946 2415 potestis
974 2343 1161 2408 venire,
1208 2341 1335 2411 quid
1383 2339 1553 2394 dicit?
1590 2337 1826 2402 Domine,
1854 2352 1952 2407 quo
1988 2351 2076 2390 va-

492 2439 611 2493 dis?
637 2437 747 2492 Hoc
773 2445 949 2491 autem
978 2433 1208 2499 dicebat,
1242 2449 1346 2513 non
1375 2442 1481 2487 tam
1514 2429 1777 2496 discendi,
1802 2444 1962 2499 quam
1988 2442 2074 2484 se-

492 2530 688 2601 quendi
730 2530 877 2584 illum
921 2526 1211 2582 desiderio.
1243 2525 1357 2580 Non
1382 2538 1543 2579 ausus
1568 2530 1715 2578 certe
1740 2532 1822 2576 est
1850 2520 2031 2576 dicere
2053 2561 2069 2587 ,

497 2621 696 2687 Venio;
745 2618 839 2674 sed
863 2619 955 2683 ait,
1011 2617 1123 2685 Quo
1150 2616 1329 2670 vadis?
1354 2614 1597 2669 Christus
1623 2628 1730 2667 non
1758 2611 1955 2671 verbis.
1978 2610 2072 2665 sed

492 2716 669 2766 animo
698 2711 815 2780 ejus
844 2708 1148 2778 respondet,
1184 2717 1240 2760 ut
1268 2722 1333 2760 ex
1361 2705 1490 2774 ipsis
1525 2703 1641 2773 ejus
1680 2702 1859 2758 verbis
1900 2702 2071 2771 palam

494 2802 610 2857 est?
632 2801 769 2867 Quid
796 2800 936 2855 enim
963 2798 1069 2852 ait?
1093 2797 1204 2864 Quo
1230 2812 1321 2865 ego
1349 2794 1499 2860 vado,
1532 2810 1632 2848 non
1662 2802 1800 2863 potes
1822 2793 1969 2845 modo
1997 2807 2076 2845 me

493 2894 649 2960 sequi.
677 2892 860 2946 Viden‘
897 2890 1045 2944 illum
1072 2888 1219 2957 sequi
1247 2887 1535 2957 optavisee,
1583 2884 1810 2954 ideoque
1840 2883 2071 2937 interro-

493 2984 688 3056 gasse?
729 2982 794 3038 Ut
822 2980 1021 3035 audivit
1047 2988 1243 3046 autem,
1278 2977 1514 3048 Sequeris
1543 2985 1715 3045 postea
1734 3015 1749 3038 ,
1796 2988 1969 3042 neque
1996 2974 2073 3028 sic

493 3075 817 3131 desiderium
849 3071 1108 3137 cohibuit,
1140 3071 1238 3126 etsi
1262 3067 1581 3140 sperandum
1608 3066 1854 3132 audiret;
1885 3065 1979 3120 sed
2006 3082 2072 3122 eo

493 3167 636 3221 venit
666 3175 721 3220 ut
744 3164 948 3219 diceret
979 3181 993 3216 :
1028 3163 1114 3217 57.
1158 3160 1326 3228 Quare
1354 3176 1455 3213 non
1481 3174 1685 3228 possum
1721 3167 1768 3211 te
1793 3156 1933 3220 sequi
1959 3172 2069 3209 mo-

491 3262 555 3314 do
574 3262 599 3313 1'
617 3258 851 3312 Animam
872 3272 1031 3311 meam
1055 3271 1147 3325 pro
1177 3263 1224 3308 te
1254 3270 1460 3323 ponam.
1485 3251 1617 3320 Quia
1644 3250 1785 3305 enim
1816 3249 2070 3320 proditio.

492 3352 576 3406 nis
605 3359 801 3405 metum
832 3347 1186 3417 deposuerat,
1241 3355 1293 3399 et
1335 3344 1475 3399 inter
1505 3341 1699 3413 probos
1728 3340 2067 3404 censebatur,

489 3459 611 3499 cum
641 3442 828 3497 ﬁducia
856 3439 1094 3503 demum,
1123 3438 1242 3492 aliis
1266 3435 1568 3501 silentibus,
1592 3434 1910 3489 sciscitatur.
1933 3432 2069 3501 Quid

491 3535 589 3600 ais,
607 3534 765 3588 Petre
783 3533 809 3586 ἲ
827 3530 956 3585 dicit
984 3530 1095 3594 ille,
1125 3526 1243 3582 Non
1268 3537 1438 3597 potes;
1465 3536 1518 3582 et
1547 3536 1603 3580 tu
1628 3525 1781 3590 dicis,
1804 3525 2070 3581 Possum?

496 3623 874 3694 Experimento
902 3622 1079 3691 itaque
1105 3619 1252 3674 dices
1277 3618 1614 3674 dilectionem
1656 3627 1799 3673 tuam
1833 3620 1948 3675 sine
1975 3635 2068 3674 su-

495 3729 654 3785 perna
683 3714 848 3783 gratia
876 3711 1008 3766 nihil
1035 3725 1172 3767 esse.
1196 3709 1346 3765 Unde
1371 3709 1545 3781 palam
1573 3717 1676 3775 est,
1709 3724 1830 3765 eum
1859 3707 2065 3779 lapsum

492 3808 643 3861 illum
665 3804 730 3860 ad
756 3804 1032 3859 utilitatem
1063 3802 1202 3858 Petri
1236 3800 1560 3872 permisisse.
1590 3800 1815 3857 Volebat
1852 3801 2065 3873 quidem

492 3900 742 3955 Christus
782 3898 863 3951 his
898 3895 1122 3967 prolatis
1152 3893 1328 3951 verbis
1356 3894 1527 3964 ipsum
1565 3894 1842 3950 instituere
1887 3911 1901 3949 :
1944 3894 2065 3965 quia

489 4008 617 4047 vero
643 3992 731 4048 ille
771 3991 824 4046 in
855 3988 1188 4045 vehementia
1228 4004 1320 4042 sua
1351 3987 1744 4058 perseverabat,
1790 4003 1895 4042 non
1926 3987 2064 4056 inje-

487 4088 560 4143 cit
596 4085 831 4157 quidem,
863 4098 1035 4153 neque.
1073 4082 1282 4150 impulit
1305 4081 1371 4136 ad
1407 4081 1764 4151 negationem,
1793 4079 1886 4135 sed
1912 4079 2065 4134 dese-

488 4182 611 4245 ruit,
643 4188 699 4233 ut
725 4192 873 4232 suam
908 4176 1173 4231 edisceret
1203 4174 1587 4230 inﬁrmitatem.
1632 4173 1772 4228 Dixit
1807 4171 1964 4226 Jesus
2006 4185 2065 4226 se

487 4269 799 4324 tradendmn
828 4266 982 4332 fore;
1031 4265 1306 4335 respondit
1342 4265 1431 4321 ille
1465 4283 1477 4319 :
1512 4263 1775 4335 Propitius
1801 4275 1907 4318 esto
1937 4263 2063 4318 tibi:

488 4378 590 4414 non
626 4361 719 4414 erit
764 4359 852 4413 tibi
904 4360 999 4412 hoc
1038 4357 1268 4428 (Matth.
1302 4359 1388 4411 l6.
1421 4356 1550 4429 22).
1596 4358 1909 4427 Correptus,
1956 4373 2061 4412 non

483 4452 794 4508 emendatus
815 4460 931 4513 est:
959 4450 1051 4507 sed
1074 4466 1194 4505 cum
1226 4451 1384 4506 vellet
1409 4451 1507 4520 ipsi
1535 4450 1691 4507 Jcsus
1722 4450 1885 4521 pedes
1910 4450 2060 4505 lava-

486 4560 565 4609 re,
595 4544 749 4610 dixit,
795 4541 917 4597 Non
956 4542 1145 4597 lavabis
1182 4542 1306 4595 milii
1335 4542 1482 4612 pedes
1512 4541 1563 4595 in
1591 4552 1834 4597 internum
1868 4542 1906 4595 ⁸.
1948 4542 2061 4594 Au-

485 4636 638 4691 diens
666 4648 899 4701 rursum,
934 4631 1056 4687 Non
1077 4643 1220 4704 potes
1252 4648 1332 4686 me
1365 4633 1505 4702 sequi
1533 4632 1681 4687 modo
1700 4674 1716 4702 ,
1742 4632 1873 4688 dicit
1903 4649 1919 4687 :
1947 4631 2061 4688 Etsi

483 4743 656 4781 omnes
681 4736 727 4780 te
752 4724 1058 4796 negaverint,
1106 4739 1197 4792 ego
1235 4738 1335 4776 non
1372 4723 1578 4793 negabo.
1624 4724 1756 4791 Quia
1792 4724 1952 4795 igitur
1980 4726 2057 4778 vi-

452 4834 455 4837 ·
483 4821 614 4875 dere
632 4826 748 4874 erat
772 4818 917 4872 illum
948 4816 999 4870 in
1026 4813 1383 4885 arrogantiam
1406 4815 1645 4882 prolabi,
1690 4816 2057 4873 contradicere

483 4911 852 4975 meditantem,
904 4918 1086 4965 monet
1126 4907 1340 4962 demum
1380 4921 1448 4962 ne
1474 4917 1750 4977 repugnet.
1790 4909 1844 4963 ld
1895 4923 2057 4979 porro

479 5001 825 5059 subindicans
844 5000 1034 5067 Lucas,
1063 4999 1262 5055 dixisse
1294 4999 1438 5055 illum
1468 4999 1543 5053 ait
1570 5016 1583 5052 :
1618 4998 1681 5052 Et
1726 5015 1817 5068 ego
1868 5017 1960 5068 pro
2009 5011 2056 5055 te

479 5095 672 5167 rogavi,
714 5103 770 5149 ut
816 5109 919 5148 non
961 5093 1192 5162 deﬁceret
1227 5090 1356 5161 ﬁdes
1399 5099 1486 5145 tua
1525 5090 1675 5161 (Luc.
1707 5090 1798 5144 22.
1831 5091 1965 5161 32);
1999 5092 2051 5148 id

476 5199 590 5253 est,
621 5185 700 5241 Ne
736 5198 956 5256 prorsus
983 5193 1035 5239 et
1064 5198 1233 5254 usque
1262 5182 1315 5237 in
1344 5183 1500 5237 ﬁnem
1528 5196 1716 5252 pereas
1745 5195 1759 5233 :
1793 5182 1845 5234 in
1877 5185 2051 5239 omni-

476 5279 573 5333 bus
597 5277 949 5331 humilitatem
969 5275 1188 5341 docens,
1233 5284 1289 5330 et
1311 5290 1540 5346 arguens
1568 5274 1854 5328 humanam
1891 5285 2049 5330 natu.

474 5382 587 5420 ra-n
620 5382 714 5436 per
738 5381 795 5421 se
827 5366 957 5422 nihil
983 5382 1120 5423 esse.
1161 5366 1291 5434 Quia
1334 5368 1474 5421 enim
1515 5364 1821 5421 dilectionis
1870 5366 1950 5419 vis
1993 5368 2044 5421 id

470 5456 757 5522 efﬁciebat,
786 5466 841 5510 ut
867 5456 932 5511 ad
962 5457 1432 5511 contradicendum
1462 5464 1678 5527 paratus
1704 5462 1869 5518 esset,
1898 5454 2045 5512 illum

467 5546 533 5601 ad
564 5545 984 5615 resipiscendum
1011 5556 1216 5612 monet,
1249 5561 1315 5601 ne
1345 5556 1523 5617 postea
1555 5546 1607 5601 in
1638 5542 1870 5611 idipsum
1910 5546 2043 5600 inci-

528 5699 547 5729 ί
580 5697 675 5749 Alit
695 5697 886 5760 legunt,
909 5708 1001 5746 non
1022 5694 1112 5746 hoc
1131 5694 1352 5759 fecissit:
1370 5707 1621 5753 (sternam.

2186 1611 2355 1677 deret.
2386 1633 2505 1674 cum
2535 1623 2680 1679 orbis
2703 1628 2865 1684 totius
2893 1631 3405 1692 administrationem
3436 1644 3768 1712 susciperet;

2182 1704 2275 1759 sed
2311 1718 2362 1761 ut
2392 1725 2597 1765 memor
2625 1730 2813 1773 eorum
2852 1737 2971 1791 qum
3011 1725 3112 1779 sibi
3148 1729 3475 1797 acciderant,
3529 1736 3767 1804 seipsum

2181 1811 2544 1867 cognosceret.
2596 1806 2663 1861 Et
2708 1810 2828 1865 vide
2868 1825 3100 1883 quantus
3142 1819 3211 1872 sit
3252 1820 3449 1891 lapsus.
3480 1823 3594 1877 Non
3621 1829 3767 1883 enim

2182 1891 2346 1944 semel
2377 1902 2468 1946 aut
2488 1895 2588 1959 his,
2614 1899 2706 1953 sed
2735 1916 2969 1972 eousque
3001 1911 3277 1976 processit,
3310 1922 3364 1965 ut
3395 1914 3626 1970 breviter
3653 1935 3765 1973 ne—

2181 1989 2367 2047 garet;
2423 1993 2478 2038 ut
2520 1986 2749 2044 disceret
2789 2007 2846 2046 se
2886 2009 2989 2049 non
3031 1998 3099 2051 ita
3145 1999 3410 2067 dilexisse,
3449 2014 3504 2058 ut
3532 2006 3765 2062 dilectus

2181 2067 2373 2125 fuerat.
2407 2076 2651 2132 Attamen
2680 2081 2728 2133 ei
2758 2087 2846 2152 qui
2876 2083 2942 2138 ita
2976 2085 3151 2154 lapsus
3182 2088 3371 2155 fuerat,
3417 2109 3622 2148 rursum
3675 2098 3761 2151 di-

2180 2162 2253 2215 cit
2285 2180 2299 2217 :
2330 2163 2513 2237 Diligis
2542 2186 2619 2223 me
2638 2171 2753 2241 plus
2784 2173 2901 2228 Itis?
2928 2176 3105 2246 Itaque
3132 2196 3233 2234 non
3257 2182 3395 2251 quod
3420 2183 3638 2254 frigidus
3665 2203 3756 2242 es-

2180 2262 2283 2319 set,
2328 2257 2420 2312 sed
2469 2262 2609 2328 quod
2661 2279 2893 2334 superna
2941 2268 3168 2325 nudatus
3209 2282 3355 2328 esset
3394 2288 3515 2345 ope,
3537 2278 3758 2333 cecidit.

2184 2345 2528 2405 Dilectionem
2558 2369 2685 2424 ergo
2713 2355 2855 2412 Petri
2884 2359 3241 2428 amplectitur,
3282 2365 3763 2425 contradictionem

2180 2450 2309 2492 vero
2353 2439 2476 2496 inde
2515 2455 2718 2513 partam
2764 2449 3010 2503 succidit.
3052 2450 3107 2506 Si
3135 2451 3330 2523 diligis,
3378 2453 3542 2510 debes
3565 2456 3763 2512 dilecto

2179 2525 2570 2599 obtemperare.
2608 2535 2746 2591 Dixit
2777 2538 2865 2593 ille
2894 2549 2949 2595 et
2980 2541 3069 2596 tibi
3101 2551 3155 2597 et
3185 2544 3347 2600 sociis
3366 2587 3379 2608 ,
3426 2545 3545 2601 Non
3574 2560 3713 2618 potes
3744 2568 3762 2604 :

2178 2618 2304 2685 quid
2331 2623 2656 2679 contendis?
2700 2626 2814 2681 Non
2849 2630 3099 2699 intelligis
3128 2633 3254 2702 quid
3285 2635 3352 2689 sit
3386 2636 3474 2689 Dei
3501 2640 3758 2707 negatio?

2178 2711 2311 2775 Quia
2343 2728 2468 2768 vero
2499 2715 2598 2771 hac
2624 2718 2674 2771 in
2708 2735 2765 2774 re
2796 2737 2899 2775 non
2925 2723 3003 2776 vis
3024 2724 3248 2791 discere,
3282 2742 3388 2781 non
3419 2744 3571 2797 posse
3614 2734 3759 2802 quod

2179 2815 2279 2871 ego
2313 2801 2434 2858 dico
2463 2820 2566 2860 non
2598 2807 2751 2875 ﬁeri;
2805 2812 2856 2864 in
2901 2814 3182 2879 negatione
3225 2825 3313 2871 tua
3351 2818 3400 2871 id
3428 2819 3607 2886 dices,
3640 2801 3760 2880 etsi

2181 2890 2280 2946 huc
2309 2895 2399 2949 tibi
2430 2896 2738 2955 incredibile
2769 2902 2938 2957 visum
2967 2906 3054 2959 sit.
3089 2908 3201 2961 Hoc
3222 2908 3433 2977 quidem
3457 2912 3759 2977 nesciebas;

2179 2983 2335 3054 hujus
2354 3002 2483 3042 vero
2506 2991 2858 3060 cognitionem
2880 2995 2893 3025 ¹
2914 2995 2966 3049 in
2993 2996 3171 3051 animo
3188 2997 3448 3066 habebas;
3469 3001 3560 3056 sed
3582 3012 3758 3058 tanien

2176 3085 2361 3130 contra
2385 3093 2542 3147 quam
2568 3084 2914 3151 exspectabas
2943 3087 3156 3142 accidit.
3214 3089 3447 3144 Animam
3474 3109 3634 3148 meum
3665 3112 3758 3165 pro

2177 3174 2224 3217 te
2248 3184 2452 3236 ponam.
2494 3172 2626 3238 Quia
2667 3175 2808 3229 enim
2855 3176 3101 3233 audierat
3145 3180 3403 3249 majorem
3436 3182 3537 3239 hac
3565 3188 3756 3241 carita-

2178 3265 2282 3311 tem
2306 3261 2571 3316 nemincm
2602 3262 2817 3332 habere,
2855 3267 3053 3323 insiluit
3075 3270 3275 3334 statim,
3304 3271 3612 3329 insatiabilis
3634 3291 3755 3332 cum

2175 3359 2319 3405 esset
2355 3359 2411 3407 et
2450 3368 2698 3423 suprema
2745 3359 3011 3430 attingere
3053 3362 3234 3418 vellet.
3294 3365 3366 3419 At
3412 3366 3657 3423 Christus
3698 3379 3755 3425 ut

2174 3441 2439 3507 ostendat,
2464 3442 2531 3498 ad
2561 3461 2619 3501 se
2646 3456 2851 3504 tantum
2877 3450 3147 3519 pertinere
3168 3450 3282 3508 hzec
3302 3468 3422 3510 cum
3440 3460 3756 3516 auctoritate

2175 3532 2339 3603 loqui,
2383 3535 2554 3592 dicit:
2589 3538 2678 3594 59.
2720 3540 2998 3612 Antequam
3039 3545 3206 3615 gallus
3238 3556 3442 3613 cantet;
3491 3548 3593 3606 hoc
3635 3564 3752 3619 est,

2175 3638 2334 3679 nunc.
2384 3625 2567 3697 Neque
2590 3630 2732 3685 enim
2760 3631 2919 3702 longe
2946 3633 3130 3690 aberat
3159 3653 3173 3691 :
3206 3636 3527 3709 intempesta
3554 3643 3754 3713 quippe

2174 3726 2330 3771 nocte
2378 3718 2715 3790 loquebatur,
2753 3732 2809 3780 et
2847 3726 2958 3796 jam
3004 3729 3176 3798 prima
3206 3741 3260 3786 et
3300 3734 3531 3789 secunda
3573 3738 3753 3806 vigilia

2174 3811 2519 3877 praeterierat.
2573 3814 2592 3883 (
2622 3814 2749 3887 Cap.
2777 3818 2892 3889 Η.)
2931 3819 2983 3875 1.
3011 3820 3133 3875 Νοη
3160 3822 3384 3879 turbetur
3407 3841 3495 3882 cor
3516 3837 3751 3883 vestrum.

2173 3900 2284 3957 lloc
2320 3904 2466 3964 dicit.
2511 3908 2633 3976 quia
2682 3910 2977 3969 verisimile
3014 3923 3130 3970 erat
3168 3915 3313 3987 ipsos
3343 3918 3441 3973 ista
3475 3920 3752 3978 audientes

2174 3995 2413 4051 turbatos
2443 3996 2625 4055 fuisse.
2667 4000 2722 4057 Si
2750 4003 2892 4058 enim
2920 4004 3218 4075 coriphazus
3248 4008 3320 4063 ita
3353 4008 3565 4065 fervens
3593 4012 3751 4067 audi-

2170 4088 2246 4143 vit
2283 4101 2594 4160 negaturum
2624 4108 2684 4149 se
2709 4109 2829 4151 esse
2848 4106 3133 4169 antequam
3158 4101 3331 4171 gallus
3364 4110 3445 4158 ter
3472 4114 3749 4171 cantaret;

2168 4181 2425 4239 credibile
2463 4195 2577 4240 erat
2622 4186 2769 4258 ipsos
2813 4204 3060 4260 magnam
3103 4193 3457 4250 calamitatem
3495 4211 3750 4268 passuros

2168 4286 2308 4340 esse,
2353 4289 2472 4343 qua:
2502 4286 2685 4346 posset
2713 4278 2797 4333 vel
2826 4279 3195 4335 adamantinos
3233 4284 3441 4339 animos
3480 4297 3749 4345 evertere.

2166 4363 2298 4429 Quia
2325 4365 2483 4435 igitur
2508 4381 2603 4437 par
2632 4377 2749 4424 erat
2777 4368 2898 4425 illos
2923 4370 3039 4426 haec
3066 4372 3364 4443 cogitantes
3395 4378 3609 4443 terreri,
3629 4379 3753 4434 vide

2168 4456 2437 4524 quomodo
2461 4456 2605 4527 ipsos
2624 4460 2952 4527 consoletur,
2975 4459 3096 4516 Non
3125 4464 3353 4518 turbetur
3379 4481 3468 4520 cor
3491 4477 3708 4522 vestrum
3728 4484 3751 4523 :

2169 4544 2271 4601 hoc
2318 4548 2490 4617 primo
2532 4550 2825 4607 divinitatis
2875 4567 2986 4607 suae
3029 4555 3282 4611 virtutem
3329 4554 3742 4627 demonstrano,

2168 4636 2309 4706 quod
2334 4653 2397 4693 ea
2436 4654 2554 4709 qum
2599 4640 2675 4696 illi
2723 4641 2777 4697 in
2827 4652 3004 4698 mente
3045 4643 3326 4713 habebant,
3360 4648 3474 4718 ipse
3506 4650 3671 4706 sciret
3687 4662 3748 4705 et

2166 4726 2340 4796 palam
2374 4728 2591 4784 laceret.
2643 4730 2860 4787 Creditis
2904 4734 2956 4787 in
3003 4734 3185 4801 Deum,
3230 4746 3278 4790 et
3309 4738 3360 4791 in
3400 4754 3480 4792 me
3516 4740 3743 4805 credite;

2164 4817 2216 4872 id
2244 4830 2348 4884 est,
2394 4834 2582 4876 omnes
2616 4837 2870 4879 aerumna:
2910 4827 3336 4894 pertransibunt.
3369 4828 3505 4888 Nam
3531 4830 3663 4886 ﬁdes
3691 4832 3747 4885 in

2164 4923 2250 4963 me
2278 4918 2331 4963 et
2362 4910 2413 4965 in
2450 4910 2659 4966 Patrem
2688 4913 2874 4970 fortior
2912 4924 2995 4970 est
3032 4920 3286 4974 mrumnis
3327 4920 3598 4988 omnibus,
3644 4936 3747 4976 nec

2162 5001 2305 5056 sinet
2347 5016 2442 5056 vos
2473 5002 2626 5056 malis
2657 5004 2833 5060 obrui.
2864 5006 3067 5063 Deinde
3108 5009 3286 5064 subdit
3328 5027 3343 5065 :
3384 5010 3441 5066 2.
3489 5010 3557 5065 In
3594 5011 3747 5067 domo

2162 5093 2338 5150 Patris
2360 5096 2452 5150 mei
2479 5097 2764 5152 mansiones
2792 5100 2966 5154 mutue
2991 5111 3130 5159 sunt.
3172 5102 3241 5157 Ut
3280 5113 3595 5159 maerentem
3639 5104 3746 5161 Pe.

2161 5194 2300 5238 trum
2332 5187 2642 5242 consolatur
2669 5187 2888 5257 dicens,
2934 5191 3173 5260 Sequeris
3216 5203 3385 5247 autem
3426 5205 3598 5264 postea
3622 5212 3642 5250 :
3666 5196 3745 5252 sic

2161 5275 2405 5329 eamdem
2445 5278 2544 5331 illis
2582 5294 2730 5345 Spem
2758 5282 3012 5351 suggerit.
3042 5282 3120 5337 Ne
3150 5290 3398 5352 putarent
3423 5285 3563 5337 enim
3591 5285 3655 5337 ad
3680 5286 3743 5339 il-

2158 5367 2265 5419 lum
2285 5368 2455 5421 solum
2481 5370 2877 5437 promissionem
2898 5374 3184 5441 pertinere,
3204 5375 3307 5427 ait:
3325 5373 3387 5427 In
3403 5374 3551 5427 domo
3573 5374 3746 5428 Patria

2156 5458 2255 5510 mei
2292 5461 2576 5516 mansiones
2616 5461 2789 5516 multm
2829 5473 2987 5524 sunt;
3041 5464 3087 5517 si
3133 5481 3232 5533 quo
3269 5465 3453 5531 minus,
3504 5465 3743 5520 dixissem

2156 5548 2326 5614 vobis,
2357 5551 2473 5618 quia
2526 5553 2653 5606 vado
2694 5568 2874 5621 parare
2915 5553 3050 5605 vobis
3100 5552 3265 5607 locum
3289 5569 3310 5609 :
3341 5554 3394 5611 id
3440 5567 3519 5610 est
3545 5595 3560 5621 ,
3589 5555 3739 5621 Quod

2221 5701 2237 5732 ι
2275 5699 2369 5748 Alii
2393 5701 2593 5763 habent.
2618 5704 2971 5768 consciauiam,
2996 5719 3112 5769 pro,
3137 5705 3466 5769 cognitionem.

3678 294 3788 351 ω
3880 298 3881 301 γ
