4140 6204
409 303 515 360 395

409 415 540 471 ἀλλά
573 412 770 484 μᾶλλον
795 413 1025 484 δρῶντες
1053 411 1143 465 καὶ
1169 408 1354 480 θηρίου
1385 407 1789 477 σπαράττοντας
1822 405 1967 475 ήμάς

408 500 529 560 τοὺς
566 497 812 567 πλησίον,
844 494 1019 566 λύμην
1058 494 1206 564 ήμάς
1242 490 1462 544 καλοῦσι
1499 492 1596 561 τῆς
1627 487 1967 558 οἰκουμένης.

1421 293 1486 348 ΙΝ
1525 290 1838 349 JOANNEM
1879 287 2108 344 IIOMIL.
2150 285 2444 342 LXXlllal.
2481 282 2689 340 LXXII.

2069 402 2180 456 τῶν
2197 400 2478 472 παρόντων
2499 399 2621 451 ούδέ
2640 396 2796 450 τοῦτο
2822 395 2965 450 ἔστιν
2987 397 3179 448 εἰπεῖν·
3204 391 3343 444 οὕτω
3369 391 3549 444 πολλοὶ
3583 394 3650 448 τά

2072 483 2180 536 τῶν
2205 482 2455 536 ἁπάντων
2497 478 2931 549 περιϐάλλονται.
2977 477 3134 528 Οῦτω
3163 475 3256 528 καὶ
3302 473 3483 534 αὐτοῖς
3513 475 3650 525 ὀνει-

3544 283 3648 338 396

409 555 592 634 Ταῦτα
626 555 889 648 ’Ἐλληνας
913 555 1159 646 κατέχει,
1189 555 1286 628 καὶ
1307 573 1408 626 οὐκ
1431 555 1624 641 ἀφίησι
1657 555 1793 641 πρὸς
1826 555 1973 638 ἡμᾶς
2075 564 2233 648 δίζων
2261 564 2444 648 ἔλεγεν
2473 564 2508 648 Δό
2547 561 2856 648 προφήτης·
2911 559 3005 648 Μὴ
3037 558 3310 648 οικήσετε
3346 556 3518 648 μόνρι
3550 555 3648 648 έπί

411 663 760 734 μεταστῆναι.
799 661 958 713 Ὥστε
990 659 1150 728 ήμεῖς
1182 657 1275 710 καὶ
1305 655 1508 708 τούτων
1535 655 1688 722 δίκην
1708 651 1972 734 δώσομεν,

407 733 504 814 οὐχ
535 745 676 813 ὑπὲρ
702 736 776 795 ὧν
805 741 988 804 κακῶς
1010 740 1318 809 πράττομεν
1347 738 1526 807 μόνον,
1553 733 1689 789 ἀλλά
1717 734 1811 788 καὶ
1834 733 1974 804 ὑπὲρ

408 821 481 880 ὧν
522 826 916 896 βλασφημεῖται
967 823 1028 875 τὸ
1057 822 1228 891 ὄνομα
1262 817 1357 872 τοῦ
1403 817 1560 870 Θεοῦ.
1613 818 1790 886 Μέχρι
1832 815 1976 876 τίνος

411 911 676 980 χρήμασι.
703 909 797 962 καὶ
825 908 1031 976 τρυφῇ,
1067 906 1291 966 καὶτοῖς
1331 901 1510 964 ἀλλοις
1537 900 1702 970 ἐσμὲν
1731 897 1982 972 προδεδο-

417 995 564 1064 μένοι
593 1007 616 1033 ιι
649 991 911 1053 πάθεσινς
961 988 1306 1057 Ἀποστῶμεν
1331 980 1422 1039 οῦν
1461 984 1661 1038 λοιπόν.
1713 983 1977 1034 Ἄκουσον

413 1063 465 1129 τί
498 1092 659 1144 φησιν
686 1076 714 1127 0
738 1074 1017 1145 προφήτης
1047 1071 1173 1140 περί
1196 1084 1357 1121 τινων
1385 1067 1624 1138 ἀνοήτων
1647 1082 1660 1095 ·
1698 1063 1979 1145 “rem?

419 1141 520 1211 καί
553 1141 814 1226 πίωμεν-ο
843 1155 1052 1222 αὔριον·
1081 1153 1192 1222 γὰρ
1236 1148 1722 1218 ἀποθνήσκομεν.
1767 1144 1892 1198 Ἐπὶ
1921 1141 1978 1194 δέ

489 1332 508 1353 ⁸
531 1333 732 1398 coniicit
773 1334 966 1383 Boisius
1001 1331 1348 1396 προδεδεμίνοι.

445 1455 2070 1486 _______________________.

2077 646 2188 716 τῆς
2217 645 2361 716 γῆς;
2409 644 2500 698 Διὸ
2541 643 2636 696 καὶ
2672 642 2883 696 δέδοικα
2933 643 3004 712 μή
3046 658 3098 692 τι
3128 639 3349 708 γένηται
3395 637 3650 707 χαλεπὸν,

2059 730 2176 782 ’καὶ
2203 728 2401 795 πολλὴν
2426 723 2858 796 ἐπισπασώμεθα
2881 725 2978 794 τὴν
3005 721 3158 792 παρά
3191 721 3281 772 τοῦ
3313 719 3447 772 Θεοῦ
3479 735 3651 787 τιμω·

2083 813 2224 884 ρίαν.
2261 812 2439 883 Ὅπερ
2482 812 2566 864 ῖνα
2600 809 2675 880 μὴ
2717 809 2966 878 γένηται,
3013 806 3114 875 τῆς
3153 803 3349 872 ἀρετῆς
3379 801 3650 884 ἐπιμελώ-

2085 882 2224 966 μεθα
2255 893 2282 932 δ
2315 882 2518 962 πάσης,
2565 893 2653 945 ἵνα
2692 892 2786 945 καὶ
2813 889 2923 942 τῶν
2976 887 3272 957 μελλόντων
3311 882 3652 953 ἐπιτύχωμεν

2082 977 2322 1046 ἀγαθῶν,
2351 977 2531 1049 χάριτι
2561 979 2655 1030 καὶ
2701 974 3080 1046 φιλανθρωπίᾳ
3119 973 3212 1025 τοῦ
3251 971 3453 1040 Κυρίου
3496 971 3650 1041 ήμῶν

2095 1059 2268 1131 Ἰησοῦ
2299 1059 2554 1130 Χριστοῦ,
2588 1059 2654 1112 δι’
2679 1054 2738 1112 00
2769 1058 2861 1110 καὶ
2890 1057 3006 1126 μεθ’
3035 1049 3094 1108 οῦ
3127 1053 3204 1124 τῷ
3238 1055 3408 1124 [Ιατρὶ
3446 1053 3650 1124 ήδόξα,

2084 1142 2200 1212 ἅμα
2229 1140 2306 1212 τῷ
2351 1140 2490 1209 ἀγίῳ
2533 1140 2852 1210 Πνεύματι,
2885 1138 2980 1193 νῦν
3010 1139 3103 1192 καὶ
3153 1139 3239 1192 ἀεὶ
3270 1139 3360 1190 καὶ
3405 1137 3485 1200 εἰς
3527 1135 3653 1198 τοὺς

2086 1229 2286 1292 αἰῶνας
2313 1228 2421 1280 τῶν
2445 1227 2675 1281 αἰώνων.
2715 1229 2772 1280 ’Δ
2783 1229 2909 1300 μήν.

2150 1321 2178 1360 δ
2205 1317 2406 1380 Quidam
2435 1319 2779 1382 έπιλαϐὡμεθα.

1749 1528 1899 1602 [129]
1937 1526 2184 1584 omum
2216 1527 2335 1582 ορ.

427 1633 597 1704 Λέγει
627 1633 823 1704 Σίμων
836 1628 1075 1704 ,Πέτρος
1100 1644 1115 1659 ·
1152 1627 1357 1704 ιίύριξ,
1379 1623 1498 1677 ποῦ
1528 1621 1808 1704 υπᾴγειφ
1839 1623 2000 1704 11:18:-

499 1691 670 1770 κρίθη
691 1691 868 1765 ἀὐτῷ
901 1702 932 1754 ό
966 1691 1261 1770 ’Ἰησοῦςξ
1291 1697 1483 1770 Ὀστὰου
1518 1693 1724 1770 ὑπὰ-γω
1758 1691 1891 1761 ἐγὼ,
1915 1692 1988 1770 ου

498 1759 760 1826 δύνασαί
805 1759 906 1838 ιὶοι
947 1759 1067 1822 νῦιῖ
1113 1759 1528 1832 ἀκολουθῆσαι
1559 1777 1573 1791 ·
1619 1759 1877 1828 ὕστερον
1920 1759 1992 1813 δὲ

499 1839 939 1901 ἀκολουθήσεις
968 1854 1081 1891 αοι.

487 1958 554 2011 α’.
574 1957 730 2024 Μέγα
748 1956 935 2024 ἀγάπη
957 1952 1140 2007 καλόν·
1163 1952 1334 2023 πυρός
1363 1953 1476 2004 ἐστι
1495 1949 1873 2021 σφοδρότερον,
1891 1948 1986 2002 καὶ

418 2041 551 2108 πρὸς
582 2039 742 2090 αὑτὸν
780 2036 952 2090 ἀνεισι
982 2034 1073 2087 τὸν
1118 2033 1374 2105 οὐρανόν·
1415 2033 1508 2086 καὶ
1539 2032 1692 2085 οὐδέν
1737 2035 1851 2085 ἐστι
1880 2031 1987 2085 κώ-

414 2122 558 2190 λυμα
583 2135 632 2183 ιι,
684 2121 821 2191 ὅπερ
866 2118 1036 2186 αὐτῆς
1083 2116 1182 2188 τὴν
1235 2115 1488 2188 ῥαγδαῖον
1525 2116 1700 2187 ὁρμὴν
1745 2117 1986 2186 ἐπισχεῖν

415 2205 723 2274 δυνήσεται.
764 2204 820 2256 ὐ
847 2201 976 2269 γοῦν
1005 2200 1334 2271 θερμότατος
1369 2199 1594 2269 Πέτρος,
1617 2196 1876 2262 ἀκούσας,
1904 2200 1988 2251 ὅτι

417 2286 610 2341 Ὅπου
635 2286 748 2355 ἐγὼ
768 2283 994 2352 ὑπάτω,
1023 2283 1192 2352 ὑμεῖς
1210 2284 1281 2334 οὺ
1302 2281 1567 2334 δύνασθε
1584 2279 1804 2342 ἐλθεῖν,
1827 2281 1878 2334 τί
1903 2280 1990 2332 λέ-

415 2388 536 2438 γεις
563 2371 759 2437 Κύριε,
787 2368 904 2420 ποῦ
929 2366 1211 2436 ὑπάγεις-ς
1237 2364 1409 2418 Τοῦτο
1433 2364 1490 2418 δέ
1521 2359 1694 2428 εἶπεν,
1721 2364 1817 2435 οὐχ
1846 2363 1988 2416 οὕτω

417 2453 608 2523 μαθεῖν
648 2450 989 2521 βουλόμενος,
1023 2449 1098 2511 ώς
1137 2447 1499 2516 ἀκολουθῆσαι
1534 2445 1838 2516 ἐπιθυμῶν.
1877 2447 1986 2498 Φα-

414 2535 586 2606 νερῶς
617 2535 716 2605 μὲν
745 2529 836 2587 οὗν
878 2535 1074 2596 εἰπεῖν,
1108 2532 1191 2585 ὅτι
1227 2532 1531 2602 Ἔρχομαι,
1573 2530 1673 2583 οὐκ
1722 2528 1984 2598 ἐτόλμησε

412 2619 578 2681 τέως·
609 2617 744 2687 φησὶ
762 2616 838 2678 δέ,
867 2613 994 2668 Ποῦ
1020 2613 1309 2683 {md-recc;
1342 2614 1398 2665 '0
1428 2611 1662 2680 X91010;
1684 2610 1739 2664 δέ
1759 2611 1820 2664 00
1849 2607 1984 2682 1190;

413 2701 481 2755 τά
510 2702 752 2771 ῥήματα,
780 2697 915 2751 ἀλλά
937 2697 1072 2768 πρὸς
1100 2697 1199 2768 τὴν
1219 2695 1459 2749 διάνοιαν
1481 2693 1832 2764 ἀπεκρίνατο.
1861 2695 1984 2746 Ὅτι

413 2784 521 2852 γάρ
544 2781 700 2836 τοῦτο
725 2780 905 2852 ήθελε,
935 2779 1002 2833 01"
1024 2773 1098 2833 ὧν
1119 2780 1148 2831 0
1177 2777 1410 2849 Χριστὸς
1435 2773 1558 2829 εἷπε
1583 2776 1763 2846 δῆλον.
1790 2777 1856 2829 Τί
1876 2777 1985 2849 γάρ

415 2883 610 2937 φησιν;
645 2866 839 2918 Ὅπου
881 2861 996 2932 ἐγὼ
1030 2860 1264 2930 ὑπάγω,
1311 2861 1384 2914 οὐ
1432 2858 1698 2913 δύνασαί
1723 2877 1823 2929 μοι
1868 2860 1986 2914 νῦν

414 2945 838 3014 ἀκολουθῆσαι.
880 2945 1042 3015 Ὁρᾷς
1079 2945 1159 2997 ὅτι
1196 2943 1256 2995 τὸ
1298 2941 1658 3012 ἀκολουθῆσαι
1705 2943 1981 3006 ἐπεπόθει,

417 3031 509 3083 καὶ
539 3029 624 3082 διὰ
655 3028 810 3082 τοῦτο
842 3029 1057 3099 ἐρωτᾷ;
1099 3024 1361 3087 Ἀκούσας
1393 3024 1469 3092 δὲ,
1506 3025 1588 3078 δτι
1633 3025 1983 3094 Ἀκολουθή-

416 3126 548 3178 σεις
573 3111 850 3178 ὕστερον,
881 3108 1001 3162 ούδέ
1037 3107 1178 3161 οὕτω
1203 3107 1293 3160 τὸν
1319 3106 1481 3161 πόθον
1514 3110 1732 3178 κατεῖχε
1756 3122 1772 3140 ·
1803 3107 1983 3162 καίτοι

416 3195 657 3267 χρηστὰς
701 3192 919 3256 ἐλπίδας
966 3189 1180 3257 λαϐὼν,
1215 3189 1328 3244 ἀλλ’
1363 3189 1536 3254 οὕτως
1586 3193 1864 3261 ἐπείγεται
1907 3191 1981 3256 ώς

415 3279 610 3341 εἰπεῖν,
643 3277 802 3330 Διατί
834 3277 905 3330 οὐ
941 3274 1197 3344 δύναμαί
1236 3289 1335 3329 σοι
1373 3275 1490 3328 νῦν
1529 3275 1982 3344 ἀκολουθῆσαι;

420 3360 541 3431 Τὴν
586 3359 798 3430 ψυχήν
840 3376 959 3428 μου
999 3357 1151 3426 ὑπὲρ
1198 3358 1314 3413 σοῦ
1365 3359 1555 3427 θήσω.
1625 3359 1845 3432 Ἐπειδὴ
1876 3361 1985 3432 γάρ

414 3444 743 3498 ἀπεσείσατο
777 3443 867 3496 τὸν
906 3440 1072 3511 φόϐον
1100 3442 1200 3512 τῆς
1233 3443 1551 3512 προδοσίας,
1584 3445 1680 3497 καὶ
1707 3443 1818 3497 τῶν
1855 3461 1986 3515 γνη-

416 3528 546 3581 σίων
573 3527 746 3596 ἐφάνη
767 3525 861 3578 καὶ
884 3524 1045 3588 αὐτὸς
1071 3523 1167 3589 ὢν,
1198 3525 1334 3594 μετὰ
1362 3525 1674 3596 παρρησίας
1692 3525 1759 3578 δι’
1789 3526 1984 3580 ἐαυτοῦ

412 3609 598 3664 λοιπὸν
620 3609 800 3681 ἐρωτᾷ
817 3607 924 3661 τῶν
951 3606 1125 3661 ἀλλων
1151 3607 1448 3676 σιγώντων.
1479 3609 1544 3661 Τί
1565 3608 1761 3678 λέγεις,
1787 3611 1981 3682 Πέτρε;

413 3687 587 3756 εἶπεν,
617 3693 697 3745 δτι
728 3693 808 3745 Οὐ
833 3690 1110 3744 δύνασαι·
1146 3691 1242 3744 καὶ
1273 3691 1336 3743 σὺ
1367 3690 1564 3759 λέγεις.
1601 3693 1682 3746 δτι
1702 3693 1978 3764 Δύναμαι;

412 3774 618 3830 οὐκοῦν
658 3774 778 3846 εἴσῃ
825 3773 912 3827 διά
955 3776 1055 3847 τῆς
1095 3774 1290 3845 πείρας
1323 3774 1526 3845 αὐτῆς,
1566 3776 1647 3829 ὃτι
1691 3777 1842 3831 οὐδέν
1885 3777 1978 3832 σού

411 3859 559 3914 ἐστιν
601 3860 634 3930 ή
678 3858 888 3929 ἀγάπη,
935 3859 1010 3929 μὴ
1050 3858 1150 3928 τῆς
1200 3857 1408 3912 ἀνωθεν
1453 3858 1736 3930 παρούσης
1787 3861 1980 3931 ῥοπῆς.

412 3940 576 3995 Ὀθεν
599 3941 774 4009 δῆλον.
801 3941 884 3994 ὅτι
910 3941 1006 3994 110.1
1025 3939 1088 3992 τὺ
1114 3939 1313 4009 πτῶμα
1343 3940 1536 4006 ἐκεῖνο,
1566 3939 1732 3995 αὐτοῦ
1759 3941 1984 4012 κηδόμε-

410 4039 498 4084 νος
553 4022 949 4092 συνεχώρησεν.
995 4021 1278 4074 Ἐϐούλετο
1321 4021 1419 4092 μὲν
1462 4023 1572 4092 γάρ
1617 4023 1713 4076 καὶ
1751 4022 1839 4075 διά
1873 4023 1983 4076 τῶν

417 4105 646 4177 πρώτων
683 4103 968 4156 παιδεῦσαι
993 4120 1006 4134 ·
1054 4103 1242 4173 ἐπειδὴ
1278 4103 1336 4157 δέ
1368 4103 1602 4172 ἐπέμενε
1641 4107 1708 4174 τῇ
1754 4105 1982 4176 σφοδρό-

410 4197 554 4251 τητι,
585 4183 748 4247 αὐτὸς
796 4185 892 4254 μέν
919 4184 1019 4237 οὐκ
1056 4184 1307 4238 ἐνέϐαλεν
1339 4185 1522 4249 αὑτὸν,
1558 4185 1682 4238 οὔτε
1718 4179 1860 4238 ὦσεν
1890 4188 1985 4242 ἐπὶ

408 4265 510 4333 τὴν
546 4264 791 4335 ἄρνησιν,
821 4265 970 4319 εῖασε
996 4266 1054 4319 δέ
1086 4266 1184 4338 ἐρη
1193 4284 1316 4336 μον,
1338 4265 1478 4320 ὥστε
1514 4266 1705 4336 μαθεῖν
1735 4267 1833 4338 τὴν
1858 4269 1983 4322 ἐαυο

409 4346 504 4399 τοῦ
527 4346 828 4403 ἀσθένειαν.
854 4342 1040 4422 Εἶπεν,
1070 4348 1153 4401 ὅτι
1179 4347 1262 4402 δεῖ
1282 4349 1673 4420 παραδοθῆναι,
1697 4351 1790 4404 καὶ
1811 4351 1977 4421 λέγει·

411 4426 610 4494 Ἵλεώς
625 4444 743 4483 σοι·
771 4431 844 4484 οὐ
855 4429 944 4499 μὴ
967 4427 1137 4484 ἔσται
1155 4446 1254 4485 σοι
1279 4429 1474 4486 τοῦτο.
1510 4431 1865 4505 Ἐπετιμήθη,
1886 4435 1981 4488 καὶ

409 4511 510 4564 οὐκ
538 4510 834 4582 ἐπαιδεύθη
855 4529 870 4543 ·
901 4510 1038 4565 ἀλλά
1062 4510 1246 4579 πάλιν,
1275 4512 1596 4585 βουλομένου
1624 4514 1718 4569 τοῦ
1744 4514 1979 4588 Χριστοῦ

409 4591 560 4662 νίψαι
592 4593 756 4648 αὐτοῦ
787 4595 912 4658 τοὺς
949 4593 1148 4662 πόδας,
1186 4593 1370 4665 φησίν·
1412 4598 1493 4651 Οὐ
1519 4595 1605 4666 μὴ
1648 4598 1837 4666 νίψῃς
1860 4616 1981 4668 μου

409 4677 550 4744 τοὺς
589 4677 778 4746 πόδας
802 4678 830 4718 1³
863 4679 952 4746 είς
978 4677 1086 4731 τὸν
1117 4679 1322 4735 αίῶνα.
1383 4678 1648 4745 Ἀκούσας
1674 4681 1836 4736 πάλιν
1854 4723 1869 4748 ,
1897 4682 1979 4736 ὅτι

412 4759 494 4812 οὐ
545 4758 806 4816 δύνασαί
842 4777 943 4831 μοι
982 4759 1099 4814 νῦν
1145 4761 1576 4831 ἀκολουθῆσαι,
1625 4763 1806 4831 λέγει·
1853 4763 1980 4819 Κάν

406 4840 630 4909 πάντες
661 4843 1062 4912 ἀρνήσωνται,
1105 4843 1220 4913 ἐγὼ
1265 4846 1374 4898 οὐκ
1413 4845 1770 4916 ἀρνήσομαι.
1825 4845 1979 4900 Ἐπεὶ

406 4919 501 4976 οὖν
546 4925 691 4988 εἰκὸς
727 4921 794 4996 ἦν
831 4925 992 4980 αὑτὸν
1021 4928 1115 4980 καὶ
1147 4928 1226 4990 είς
1259 4927 1515 4981 ἀπόνοιαν
1546 4929 1780 5000 ἀρθῆναι
1824 4929 1980 5002 μελε-

407 5006 585 5063 τῶντα
605 5006 907 5075 ἀντιλέγειν
933 5008 1103 5079 αὐτῷ,
1133 5008 1375 5062 παιδεύει
1401 5009 1586 5065 λοιπὸν
1605 5013 1765 5066 αὑτὸν
1791 5012 1866 5085 μὴ
1887 5014 1980 5067 ἀν-

406 5091 698 5144 τιπίπτειν.
735 5088 904 5144 Τοῦτο
944 5090 1075 5158 γοῦν
1123 5093 1216 5146 καὶ
1257 5095 1286 5146 0
1328 5095 1542 5157 Λουκᾶς
1590 5096 1975 5165 αἰνιττόμενος,

406 5173 566 5225 αὐτόν
593 5189 759 5243 φησιν
794 5172 1092 5243 εἰρηκέναι,
1121 5172 1228 5228 Καὶ
1254 5173 1368 5244 ἐγὼ
1392 5175 1651 5243 ἐδεήθην
1682 5176 1817 5244 περὶ
1838 5177 1976 5240 σοῦ,

406 5255 506 5307 ἵνα
529 5254 616 5324 μὴ
654 5255 905 5324 ἐκλείπῃ
937 5256 975 5321 ἡ
1015 5257 1222 5322 πίστις
1263 5273 1399 5312 σου·
1437 5257 1732 5321 τουτέστιν,
1775 5259 1863 5313 ῖνα
1902 5259 1978 5332 μὴ

407 5339 486 5399 είς
513 5337 664 5400 τέλος
691 5336 866 5408 ἀπόλῃ
886 5353 900 5368 ·
923 5336 1010 5390 διά
1035 5337 1250 5391 πάντων
1287 5337 1788 5409 ταπεινοφροσύνην
1817 5341 1978 5397 αὐτὸν

403 5417 691 5480 διδάσκων,
731 5420 825 5472 καὶ
861 5420 959 5489 τὴν
994 5419 1336 5490 ἀνθρωπίνην
1367 5421 1606 5490 ἐλέγχων
1639 5420 1800 5489 φύσιν
1826 5422 1978 5477 οὐδὲν

404 5500 573 5570 αὐτὴν
600 5500 721 5553 καθ’
746 5501 944 5570 ἐαυτὴν
963 5497 1148 5556 οὖσαν.
1189 5503 1403 5574 Ἐπειδὴ
1418 5503 1571 5573 γάρή
1599 5502 1768 5572 πολλὴ
1789 5505 1976 5576 ἀγάπη

403 5582 742 5651 ἀντιλογικὸν
770 5583 930 5635 αὑτὸν
951 5585 1193 5654 ἐποίησε,
1223 5584 1548 5655 σωφρονίζει
1575 5583 1760 5637 λοιπὸν
1785 5587 1968 5650 αὐτὸν,

404 5665 492 5719 ἵνα
520 5667 593 5736 μὴ
619 5666 713 5718 καὶ
739 5668 796 5718 ἐν
825 5669 936 5730 τοῖς
964 5668 1102 5736 μετά
1123 5669 1296 5722 ταῦτα
1319 5669 1476 5721 τοῦτο
1503 5666 1652 5736 πάθῃ
1672 5707 1685 5729 ,
1721 5668 1846 5720 ὅταν
1875 5669 1973 5738 τῆς

402 5745 552 5819 H50]
591 5747 920 5818 οίκουμένης
965 5749 1066 5819 τὴν
1111 5751 1423 5820 οἰκονομίαν
1471 5749 1815 5818 ἀναδέξηται·
1858 5751 1972 5804 ἀλλ’

468 5847 664 5900 ‘Savil.
704 5848 884 5912 ἀγάπῃ,
926 5843 1182 5912 καί-πυρὸς
1224 5841 1379 5912 αὐτοῦ.
1409 5839 1797 5912 σροδρὸτερρν....
1833 5840 1976 5910 ούρα-

397 5911 482 5960 16!
501 5924 513 5937 '
545 5913 627 5960 καὶ
665 5903 800 5960 οὐδέν
823 5903 924 5957 ἐστι
950 5903 1164 5962 κώλυμα.
1235 5903 1264 5939 δ
1289 5904 1382 5950 Alii
1407 5903 1462 5949 00
1490 5903 1554 5962 μὴ
1577 5903 1790 5954 ποιήσεις
1809 5903 1894 5948 τοῦ

404 5975 428 6006 ο
453 5973 556 6023 Vox
597 5974 749 6038 ναιρῶ
785 5970 989 6018 arcessit
1011 5980 1039 6015 ο
1080 5967 1231 6016 Savﬂ.
1283 5963 1415 6013 Εοιτ.

2105 1623 2188 1674 ἵνα
2216 1614 2755 1686 ἀναμιμνῃσκόμενος
2781 1614 2856 1668 ὧν
2879 1614 3076 1667 ἔπαθεν
3099 1615 3433 1684 ἐπιγινώσκῃ
3454 1616 3660 1668 ἑαυτόν.

2101 1703 2209 1752 Καὶ
2247 1701 2348 1770 ὅρα
2372 1696 2708 1766 σφοδρότητα
2731 1694 3038 1764 πτώματος.
3063 1697 3137 1748 Οὐ
3163 1695 3271 1765 γὰρ
3296 1695 3444 1758 ἅπαξ
3469 1697 3561 1748 καὶ
3583 1697 3664 1759 01;

2094 1781 2253 1834 10610
2271 1780 2492 1842 ἔπαθεν,
2513 1777 2626 1831 ἀλλ’
2645 1775 2815 1840 οὕτως
2831 1777 3044 1847 ἐξέστη,
3061 1776 3136 1840 ὡς
3156 1779 3215 1830 ὲν
3236 1778 3430 1848 βραχεῖ
3443 1778 3619 1850 καιρῷ
3637 1789 3660 1818 ε

2105 1864 2289 1934 τρίτον
2317 1865 2490 1917 εἰπεῖν
2532 1864 2595 1917 10
2642 1866 2796 1936 ῥῆμα
2818 1865 2880 1918 10
2907 1865 3007 1935 τῆς
3050 1865 3350 1937 ἀρνήσεως·
3388 1866 3474 1918 ίνα
3504 1865 3671 1938 μάθῃ,

2104 1946 2184 1999 ὅτι
2217 1947 2314 2016 οὐχ
2351 1945 2523 2010 οῦτως
2564 1945 2871 2016 ἠγάπησεν,
2905 1946 2979 2010 ώς
3008 1947 3290 2018 ἠγαπήθη.
3345 1947 3484 2000 Ἀλλ’
3523 1948 3672 2020 ὅμως

2105 2028 2185 2098 τῷ
2223 2028 2366 2081 οὕτω
2412 2028 2631 2082 πεσόντι
2663 2029 2825 2084 πάλιν
2872 2029 3055 2098 λέγει·
3113 2029 3364 2101 Ἀγαπςῇ·
3383 2047 3460 2100 με
3483 2030 3676 2085 πλέον

2103 2112 2356 2176 τούτων;
2414 2109 2604 2175 Οὕτως
2659 2112 2759 2166 οὐκ
2816 2111 2924 2165 ἀπὸ
2978 2112 3229 2181 ψύξεως,
3296 2113 3413 2167 ἀλλ’
3449 2115 3514 2166 ἐκ
3574 2111 3672 2167 τοῦ

2102 2194 2453 2264 γυμνωθῆναι
2499 2195 2600 2264 τῆς
2639 2195 2844 2249 ἀνωθεν
2892 2195 3146 2266 βοηθείας
3177 2197 3389 2264 γέγονε.
3428 2196 3541 2266 Τὴν
3575 2197 3673 2267 μὲν

2101 2274 2194 2330 οὖν
2221 2278 2438 2348 ἀγάπην
2477 2279 2796 2349 ἀποδέχεται
2825 2277 2916 2332 τοῦ
2942 2279 3168 2349 Πέτρου.
3199 2279 3295 2348 τὴν
3324 2279 3380 2332 δέ
3409 2277 3469 2343 ἐξ
3501 2279 3674 2348 αὐτῆς

2101 2361 2425 2432 τικτομένην
2463 2361 2769 2429 ἀντιλογίαν
2813 2361 3156 2433 περικόπτει.
3193 2362 3253 2414 Ei
3292 2362 3400 2434 γὰρ
3430 2362 3672 2432 ἀγαπᾷς,

2100 2443 2333 2512 ὀφείλεις
2358 2443 2435 2514 τῷ
2460 2443 2800 2514 ἠγαπημένῳ
2832 2443 3135 2497 πείθεσθαι.
3177 2439 3312 2498 Εἶπε
3340 2445 3434 2498 καὶ
3466 2444 3549 2496 001
3581 2445 3674 2497 καὶ

2099 2530 2212 2590 τοῖς
2265 2528 2402 2597 μετά
2448 2528 2565 2590 σοῦ,
2611 2529 2693 2580 Οὐ
2733 2526 3028 2581 δύνασαι·
3071 2527 3126 2580 τί
3176 2527 3525 2598 φιλονεικεῖς;
3573 2526 3674 2580 οὐκ

2099 2608 2246 2676 οἶδας
2273 2613 2327 2666 τί
2352 2613 2481 2666 ποτέ
2510 2615 2654 2666 ἐστιν
2685 2614 3053 2685 ἀπαγόρευσις
3078 2613 3248 2682 Θεοῦ;
3288 2613 3504 2685 Ἐπειδὴ
3531 2613 3587 2666 δέ
3615 2612 3672 2666 ἐν

2099 2696 2274 2768 τούτῳ
2298 2696 2488 2767 μαθεῖν
2516 2698 2576 2750 00
2607 2696 2782 2761 θέλεις
2805 2699 2884 2751 ὅτι
2906 2697 3004 2769 οὐχ
3029 2692 3140 2750 οἶόν
3167 2715 3226 2752 τε
3255 2699 3329 2770 μὴ
3365 2696 3616 2766 γενέσθαι
3643 2697 3674 2749 0

2099 2779 2275 2848 λέγω,
2315 2783 2373 2834 ἐν
2402 2782 2466 2851 τῇ
2508 2781 2734 2851 ἀρνήσει
2777 2779 2908 2834 αὐτὸ
2956 2779 3223 2853 μαθήσῃ(1
3253 2797 3267 2811 ·
3313 2781 3490 2834 καίτοι
3535 2780 3671 2833 πολύ

2101 2880 2182 2915 σοι
2209 2862 2366 2916 τοῦτο
2391 2863 2510 2916 τότε
2543 2863 2900 2932 ἀπιστότερον
2928 2863 3196 2932 ἐφαίνετο.
3229 2864 3398 2918 Τοῦτο
3439 2864 3536 2934 μέν
3563 2863 3671 2934 γάρ

2098 2947 2217 3001 ούδέ
2249 2946 2396 3017 ᾕδεις
2419 2963 2434 2977 ·
2470 2946 2678 2999 ἐκείνου
2709 2947 2764 2999 δὲ
2799 2947 2899 3017 τὴν
2946 2945 3146 3014 γνῶσιν
3184 2957 3207 2985 θ
3247 2947 3410 3010 αὐτὸς
3444 2943 3588 3016 εἶχες
3613 2948 3672 3000 ἐν

2098 3032 2163 3101 τῇ
2191 3028 2358 3098 ψυχῇ·
2404 3027 2517 3082 ἀλλ’
2551 3029 2700 3098 ὅμως
2737 3027 2945 3096 ἐγίνετο
2993 3028 3053 3081 τὸ
3103 3028 3238 3100 μηδέ
3277 3027 3667 3100 προσδοκηθέν.

2103 3113 2221 3180 Τὴν
2250 3111 2461 3182 ψυχήν
2500 3128 2620 3180 μου
2655 3109 2808 3178 ὑπὲρ
2843 3109 2960 3164 σοῦ
2998 3109 3184 3176 θήσω.
3242 3109 3460 3181 Ἐπειδὴ
3494 3109 3514 3150 ί
3559 3109 3669 3180 γάρ

2095 3196 2348 3267 ἤκουσεν,
2391 3195 2472 3247 ὄτι
2529 3193 2750 3262 μείζονα
2794 3191 3001 3263 ταύτης
3042 3193 3262 3264 ἀγάπην
3312 3192 3488 3256 οὐδεὶς
3529 3192 3666 3262 ἔχει,

2098 3279 2440 3348 ἐπεπήδησεν
2479 3275 2700 3342 εὐθέως,
2744 3275 3040 3344 ἀκόρεστος
3083 3275 3160 3328 ὣν
3202 3273 3438 3329 καὶτῶν
3481 3274 3669 3346 ἀκρων

2097 3362 2437 3430 ἐφικνεῖσθαι
2481 3359 2822 3429 βουλόμενος.
2859 3357 2998 3411 Ἀλλ’
3049 3361 3079 3412 0
3135 3357 3404 3430 Χριστὸς,
3455 3358 3670 3423 δεικνὺς

2095 3443 2177 3496 ὅτι
2210 3441 2376 3496 αὑτοῦ
2424 3443 2585 3513 μόνου
2633 3442 2750 3496 ἐστὶ
2781 3441 2954 3495 ταῦτα
2995 3441 3134 3512 μετά
3167 3441 3452 3505 αὐθεντίας
3492 3443 3668 3511 ἐπαγ·-

2102 3525 2395 3594 γέλλεσθαι,
2421 3527 2573 3594 φησί·
2597 3526 2741 3593 Πρὶν
2762 3525 3056 3593 ἀλέκτορα
3077 3523 3371 3594 φωνῆσαι·
3396 3524 3663 3591 τουτέστι,

2093 3609 2206 3663 νῦν.
2237 3610 2369 3663 Ούδὲ
2397 3609 2507 3680 γάρ
2532 3605 2600 3680 ἦν
2635 3609 2769 3662 πολὺ
2809 3609 2869 3662 10
2903 3609 3180 3679 διάστημα
3199 3623 3214 3638 ·
3256 3608 3395 3678 ἀωρὶ
3420 3607 3529 3679 γάρ
3556 3607 3666 3661 τῶν

2093 3694 2303 3747 νυκτῶν
2333 3694 2621 3762 διελέγετο,
2652 3695 2746 3746 καὶ
2770 3693 2958 3764 πρώτη
2987 3694 3081 3746 καὶ
3105 3692 3334 3764 δευτέρα
3358 3687 3426 3765 ἦν
3449 3693 3664 3764 φυλακὴ

2089 3777 2390 3831 διελθοῦσα.
2421 3781 2477 3831 Μ
2485 3778 2518 3843 ὴ
2549 3775 2944 3845 ταρασσέσθω
2969 3775 3136 3846 ὑμῶν
3167 3777 3205 3843 ἡ
3234 3775 3466 3846 καρδία.
3493 3775 3665 3830 Τοῦτο

2089 3859 2260 3928 λέγει,
2311 3860 2500 3931 ἐπειδὴ
2549 3861 2694 3923 εἰκὸς
2731 3855 2798 3930 ἦν
2843 3859 3040 3922 αὐτοὺς
3087 3859 3426 3922 ἀκούσαντας
3463 3861 3662 3928 ταράτ-

2088 3943 2297 3996 τεσθαι.
2335 3942 2397 3994 Εί
2427 3942 2535 4012 γὰρ
2571 3945 2600 3995 0
2629 3943 2922 4012 κορυφαῖος
2963 3942 3057 3994 καὶ
3086 3941 3229 3994 οὓτω
3252 3941 3511 4011 διάπυρος
3555 3941 3663 4011 πρδ

2090 4025 2274 4094 φωνῆς
2302 4023 2593 4092 ἀλέκτορος
2620 4024 2740 4095 τρὶς
2773 4022 3186 4093 ἀπαρνήσεσθαι
3221 4023 3423 4092 ἢκουσε
3442 4038 3455 4051 ·
3488 4022 3660 4091 μεγά-

2088 4107 2188 4177 λην
2211 4107 2334 4160 τινὰ
2362 4105 2664 4177 προσδοκᾷν
2692 4105 2887 4169 αὐτοὺς
2907 4105 3228 4175 περίστασιν
3257 4103 3658 4174 ὑποστήσεσθαι

2089 4189 2233 4255 εἰκός
2275 4185 2365 4261 ὴν,
2401 4189 2589 4260 ἱκανὴν
2631 4189 2725 4241 καὶ
2761 4188 2860 4252 τὰς
2902 4189 3296 4260 ἀδαμαντίνους
3331 4187 3658 4258 περιτρέψαι

2086 4272 2284 4344 ψυχάς.
2319 4271 2472 4324 Ἐπεὶ
2490 4267 2584 4324 οὗν
2608 4270 2780 4324 ταῦτα
2805 4271 3184 4340 λογιζομένους
3211 4269 3355 4334 είκδς
3376 4265 3443 4342 ἦν
3461 4270 3658 4333 αὐτοὺς

2087 4356 2182 4409 καὶ
2217 4357 2504 4425 ἐκστῆναι,
2550 4354 2652 4424 δρα
2696 4349 2816 4418 πῶς
2852 4355 3048 4416 αὐτοὺς
3090 4351 3519 4424 παραμυθεῖται,
3555 4353 3656 4420 Μὴ

2086 4437 2477 4507 ταρασσέσθω
2496 4433 2659 4506 ὑμῶν
2678 4438 2717 4505 ἡ
2738 4437 2971 4506 καρδία,
2990 4435 3183 4505 λέγων·
3208 4435 3381 4506 τούτῳ
3405 4435 3606 4510 πρώτῳ
3627 4437 3656 4479 σ

2084 4519 2186 4590 τῆς
2216 4519 2465 4590 θεότητος
2505 4518 2665 4572 αὐτοῦ
2697 4519 2797 4590 τὴν
2832 4517 3060 4590 δύναμιν
3097 4519 3502 4588 ἐνδεικνύμενος
3525 4560 3542 4585 ,
3572 4521 3655 4574 ὅτι

2082 4602 2120 4658 ἃ
2146 4603 2288 4656 κατὰ
2316 4603 2495 4674 ψυχὴν
2523 4598 2670 4674 εἶχον
2690 4643 2705 4667 ,
2732 4603 2907 4659 ταῦτα
2937 4599 3045 4658 οἶδε
3075 4603 3171 4658 καὶ
3198 4603 3280 4667 είς
3311 4602 3475 4673 μέσον
3506 4603 3651 4671 ἀγει,

2084 4686 2402 4740 Πιστεύετε
2439 4689 2526 4751 εἰς
2558 4686 2664 4740 τὸν
2714 4686 2880 4753 Θεὸν,
2924 4685 3022 4740 καὶ
3058 4687 3145 4752 είς
3173 4685 3278 4755 ἐμὲ
3307 4685 3652 4739 πιστεύετε·

2083 4767 2348 4831 τουτέστι,
2384 4769 2560 4822 πάντα
2594 4769 2988 4842 παρελεύσεται
3015 4769 3084 4822 τά
3115 4767 3283 4822 δεινά.
3327 4768 3393 4821 Ἦ
3425 4767 3535 4841 γὰρ
3575 4769 3654 4832 είς

2085 4850 2185 4921 ἐμὲ
2236 4851 2415 4914 πίστις
2467 4853 2561 4904 καὶ
2610 4852 2699 4906 τὸν
2745 4852 3112 4923 γεγεννηκότα
3156 4851 3496 4921 δυνατωτέρα
3544 4849 3652 4903 τῶν

2085 4933 2345 4987 ἐπιόντων
2372 4933 2519 5001 ἐστὶ,
2543 4936 2637 4988 καὶ
2664 4935 2815 4989 ούδέν
2844 4937 2993 4989 ἐάσει
3022 4934 3292 5005 κρατῆσαι
3324 4933 3431 4987 τῶν
3456 4933 3650 5004 δυσχε-

2085 5017 2211 5088 ρῶν.
2251 5013 2383 5072 Εἶτα
2422 5018 2651 5086 ἐπάγει·
2692 5019 2794 5073 Ἐν
2828 5017 2902 5086 τῇ
2939 5019 3097 5085 οίκίᾳ
3137 5017 3242 5070 τοῦ
3281 5017 3510 5083 Πατρός
3530 5033 3652 5084 μου

2079 5101 2254 5171 μοναί
2298 5102 2524 5156 πολλαί
2563 5103 2742 5156 είσιν.
2785 5102 2995 5172 Ὠσπερ
3033 5101 3126 5154 τὸν
3172 5100 3377 5170 Πέτρον
3420 5097 3650 5152 ἀλύοντα

2081 5185 2480 5257 παραμυθεῖται
2532 5184 2706 5254 λέγων
2729 5199 2744 5215 ·
2787 5182 3238 5250 Ἀκολουθήσεις
3263 5182 3330 5236 δὲ
3357 5182 3613 5249 ὕστερον
3630 5196 3647 5213 ·

2079 5268 2222 5322 οὕτω
2250 5269 2339 5321 καὶ
2364 5268 2574 5330 τούτοις
2608 5267 2812 5337 ταύτην
2835 5267 2936 5336 τὴν
2966 5267 3154 5320 ἐλπίδα
3189 5265 3497 5334 ὑποφαίνει.
3529 5267 3650 5321 Ἵνα

2078 5349 2186 5421 γὰρ
2229 5351 2302 5420 μὴ
2336 5350 2626 5420 νομίσωσιν
2667 5350 2860 5419 ἐκείνῳ
2899 5350 3046 5419 μόνῳ
3080 5349 3176 5420 τὴν
3204 5349 3535 5417 ἐπαγγελίαν
3562 5349 3649 5401 δε-

2077 5431 2281 5493 δόσθαι,
2316 5431 2508 5500 φησίν·
2559 5431 2662 5484 Ἐν·
2695 5430 2769 5498 τῇ
2801 5433 2956 5498 οικίςι
2994 5431 3100 5485 τοῦ
3130 5432 3357 5498 Πατρός
3393 5448 3510 5500 μου
3540 5447 3642 5498 po-

2077 5515 2170 5566 ναὶ
2211 5513 2434 5566 πολλαί
2479 5515 2657 5566 είσιν.
2685 5515 2752 5566 El
2778 5512 2846 5565 δὲ
2875 5514 2962 5582 μὴ
2987 5553 3000 5574 ,
3037 5511 3210 5568 εἶπον
3241 5514 3318 5567 ἂν
3344 5514 3505 5582 ὑμῖν,
3536 5515 3648 5566 Πο-

2073 5597 2320 5662 ρεύομαι
2348 5595 2371 5634 ιι
2403 5593 2710 5662 ἑτοιμάσαι
2738 5596 2924 5649 τόπον
2950 5595 3112 5665 ὑμῖν·
3131 5595 3424 5660 τουτέστιν,
3453 5597 3533 5648 ὅτι
3553 5595 3647 5648 καὶ

2082 5680 2224 5749 ὑμᾶς
2269 5678 2472 5738 ἐκεῖνος
2523 5678 2552 5728 0
2599 5676 2774 5748 χῶρος
2824 5677 3033 5746 δέξεται
3071 5681 3101 5732 0
3143 5677 3238 5730 καὶ
3283 5677 3375 5732 τὸν
3420 5678 3642 5746 Πέτρον.

2155 5774 2181 5814 δ
2230 5774 2326 5825 Alii
2354 5776 2470 5823 αὐτὸ
2493 5777 2612 5838 εἴσῃ.
2640 5837 2647 5838 7
2688 5779 2712 5806 “
2735 5777 2827 5826 Alii
2853 5778 2908 5825 10
2931 5779 3158 5834 συνειδὸς.
3182 5779 3336 5828 Paulo
3357 5783 3467 5834 post
3487 5777 3654 5826 Morel.

2091 5838 2539 5902 μήπροσδοκηθένη
2579 5836 2608 5874 ἰ
2637 5837 2806 5902 Morel.
2831 5839 3117 5902 ἐπειδήπερ..
3165 5841 3659 5902 Slnlerpres_legisse

2089 5897 2284 5965 videtur
2303 5897 2457 5971 τούτῳ
2480 5900 2550 5970 τῷ
2576 5899 2758 5971 τρόπῳ,
2776 5902 3008 5971 quiygru
3017 5897 3162 5971 1,1101:
3181 5897 3353 5971 ροςιρξ
3379 5899 3483 5971 «id,
3497 5897 3658 5947 cinni-

2086 5962 2387 6022 exempiar‘a
2432 5960 2586 6024 τούτῳ
2611 5960 2802 6025 πρώτῳ
2867 5962 3065 6012 habent.
3137 5960 3304 6014 [Am
3345 5961 3656 6021 πορεύσομαι.
