4140 6204
387 357 486 415 5ΰῖ

383 486 478 526 vos
503 471 590 525 ille
615 469 768 524 locus
790 458 1112 536 excepturus
1142 462 1212 516 sit
1237 461 1326 530 qui
1354 468 1408 513 ct
1434 459 1670 512 Petrum.
1703 453 1831 507 Nam
1857 465 1967 504 ma-

386 580 484 635 gna
514 563 584 617 ibi
615 571 696 616 est
727 558 1062 614 mansionum
1089 553 1263 624 copia,
1293 566 1392 606 nec
1423 559 1598 620 potest
1623 547 1723 602 dici
1757 546 1846 599 ille
1875 559 1968 612 ap-

385 667 568 726 paratu
595 668 728 722 opus
757 651 973 705 habere.
1004 646 1133 715 Quia
1165 643 1306 699 enim
1335 643 1486 706 dixit,
1520 640 1640 694 Non
1667 637 1872 709 potestis
1893 649 1969 688 me

391 748 524 817 sequi
556 747 745 808 modo;
785 758 853 799 ne
885 750 1129 811 putarent
1161 737 1405 792 exclusos
1434 749 1494 789 5c
1523 748 1664 799 esse,
1690 729 1834 785 addit
1867 748 1878 782 :
1910 730 1964 783 3.

389 838 454 894 Ut
480 838 566 892 ubi
590 853 679 907 ego
705 852 849 899 sum,
899 842 948 886 et
972 847 1058 885 vos
1085 830 1215 883 sitis.
1250 828 1474 881 'I‘antam
1509 823 1729 892 hujusce
1769 820 1845 874 rei
1879 834 1966 873 cu-

385 945 498 983 ram
524 927 726 987 habeo,
781 934 838 979 ιιι
891 923 941 978 id
977 922 1086 992 jam
1139 919 1414 980 fecissem,
1464 914 1564 969 nisi
1591 913 1698 984 jam
1726 911 1850 965 olim
1875 925 1966 963 vo-

388 1022 469 1075 bis
499 1028 848 1090 purpuratum
874 1027 1019 1072 esset
1049 1031 1063 1068 :
1097 1010 1387 1067 ostendens
1417 1007 1638 1063 multum
1684 1004 1812 1073 ipsis
1847 1017 1968 1058 csse

388 1111 677 1166 Iidcndutn.

458 1201 515 1255 2.
559 1198 759 1256 Deinde
781 1213 851 1253 ne
880 1197 1151 1251 videretur
1182 1193 1232 1247 id
1261 1191 1440 1245 dicere
1481 1186 1730 1241 adulandi
1773 1201 1928 1238 causa
1952 1227 1965 1248 ,

390 1296 482 1352 sed
522 1293 802 1348 crederent
829 1306 939 1346 rem
972 1291 1041 1343 ita
1073 1303 1131 1341 se
1163 1285 1380 1341 habere.
1423 1281 1604 1336 subdit
1635 1297 1647 1332 :
1679 1280 1732 1332 4.
1771 1277 1833 1331 Et
1871 1293 1969 1345 quo

389 1403 479 1455 ego
513 1385 640 1438 vado
667 1384 822 1444 scitis,
857 1391 901 1436 et
936 1382 1066 1432 viam
1095 1378 1252 1431 scitis.
1284 1374 1472 1430 Viden'
1492 1369 1762 1442 quomodo
1789 1378 1970 1422 osten-

383 1479 478 1532 dat
515 1478 591 1530 eis
613 1476 736 1530 hmo
767 1490 869 1528 non
903 1473 1094 1528 frustra
1122 1469 1262 1524 dicta
1294 1466 1477 1522 fuisse.
1506 1463 1635 1519 IIInd
1665 1477 1789 1516 vero
1818 1461 1967 1524 dicit,

387 1568 530 1638 quod
563 1568 726 1621 sciret
770 1565 890 1620 iilos
935 1565 1070 1618 hanc
1109 1577 1304 1631 cupere
1331 1559 1593 1614 notitiam.
1621 1556 1751 1610 Nam
1783 1555 1974 1610 Petrus

390 1679 494 1715 non
541 1659 779 1716 discendi
817 1673 1000 1723 causa,
1043 1656 1136 1712 sed
1184 1664 1241 1710 ut
1279 1661 1593 1724 sequeretur
1619 1666 1763 1711 eum,
1807 1663 1967 1718 supe-

390 1753 534 1807 riora
562 1752 815 1822 loquutus
838 1759 941 1804 est.
974 1748 1106 1815 Quia
1150 1763 1276 1801 vero
1323 1747 1630 1814 iucrcpatns
1660 1741 1748 1796 ille
1778 1740 1967 1804 fuerat,

393 1853 447 1896 et
471 1843 683 1898 interim
709 1840 951 1896 Christus
985 1839 1125 1909 quod
1158 1837 1487 1908 impossibile
1515 1836 1812 1900 videbatur,
1844 1849 1959 1904 pos-

387 1933 543 1988 sibile
570 1948 688 1989 esse
711 1932 1057 1993 monstravit;
1085 1941 1139 1986 et
1163 1945 1283 1984 cum
1313 1928 1644 2000 impossibile
1675 1927 1965 1987 videretur,

386 2026 728 2095 cupiditatem
753 2024 1076 2094 injecitquid
1101 2023 1227 2078 illud
1249 2033 1388 2078 esset
1419 2020 1772 2093 cognoscendi
1805 2037 1819 2074 :
1850 2020 1969 2074 ideo

385 2117 459 2170 ait
489 2116 591 2170 illis
620 2133 634 2170 :
665 2114 730 2168 Et
751 2115 882 2169 viam
913 2116 1072 2169 scitis.
1101 2115 1250 2170 Sicut
1294 2115 1436 2168 enim
1468 2113 1553 2167 ubi
1577 2113 1738 2178 dixit,
1779 2111 1866 2165 die
1890 2128 1970 2164 ne-

381 2206 541 2277 gabis,
569 2221 688 2261 cum
718 2221 875 2261 nemo
905 2205 1190 2276 quidquam
1219 2205 1465 2276 prail'atus
1488 2212 1651 2268 esset,
1685 2213 1734 2256 ιι*
1765 2219 1885 2273 qua:
1914 2204 1966 2256 in

381 2300 632 2355 cordibus
661 2311 816 2354 erant
860 2307 1211 2360 scrutaretur,
1260 2297 1481 2363 addidit,
1538 2295 1621 2351 Ne
1658 2295 1923 2350 turbemini
1948 2312 1966 2348 :

384 2393 454 2445 ita
486 2400 538 2445 et
563 2391 664 2447 hoc
689 2391 832 2455 Ioco,
863 2392 954 2446 ubi
986 2391 1141 2456 dixit,
1193 2390 1368 2453 Scitis,
1415 2390 1758 2459 cupiditatem
1801 2388 1963 2443 animi

381 2495 566 2536 eorum
609 2482 917 2546 declaravit,
942 2491 992 2538 et
1023 2483 1135 2552 ipse
1161 2482 1253 2536 dat
1279 2483 1383 2537 illis
1416 2481 1776 2552 interrogandi
1805 2497 1960 2537 occa-

378 2574 606 2627 sionem.
655 2572 786 2628 Illud
814 2588 960 2639 vero,
997 2573 1110 2640 Quo
1135 2573 1320 2627 radis?
1345 2572 1532 2627 Petrus
1553 2588 1617 2627 ex
1646 2572 1695 2626 vi
1731 2572 1928 2625 amoris
1946 2613 1960 2636 ,

377 2663 610 2717 Thomas
641 2679 766 2717 vero
795 2679 908 2732 prae
937 2664 1132 2717 timore
1161 2662 1310 2717 dicit.
1339 2663 1392 2716 5.
1437 2661 1672 2727 Domine,
1717 2662 1964 2715 nescimus

353 2764 470 2825 ‘guo
499 2757 660 2810 radis.
687 2757 888 2811 Locum
921 2761 1207 2820 nescimus,
1252 2755 1440 2824 inquit,
1475 2754 1536 2808 Et
1563 2753 1813 2824 quomodo
1843 2771 1961 2825 pos-

376 2867 546 2902 sumus
567 2851 696 2904 vium
729 2851 897 2904 scire?
944 2849 1077 2904 Vide
1106 2864 1266 2919 quam
1292 2859 1628 2903 reverenter.
1670 2847 1786 2903 Non
1817 2849 1958 2904 enim

375 2939 525 3000 dixit,
561 2942 650 2993 Dic
678 2941 830 2994 nobis
859 2940 1031 2994 locum
1055 2957 1068 3004 ;
1101 2939 1216 3004 sed,
1251 2937 1522 2992 Nescimus
1542 2955 1640 3001 quo
1661 2939 1821 2992 vadis.
1849 2939 1960 2994 IIoc

371 3030 514 3082 enim
550 3029 657 3098 jam
697 3029 822 3083 olim
854 3045 1042 3085 omnes
1070 3029 1274 3084 discere
1300 3030 1604 3099 cupiebant.
1635 3029 1765 3083 Nam
1797 3030 1840 3084 si
1869 3029 1961 3085 Ju-

373 3120 472 3174 dmi
505 3121 554 3174 id
583 3122 860 3176 audientes
895 3122 1058 3175 animi
1084 3121 1408 3191 pendebant,
1436 3123 1647 3177 tametsi
1676 3122 1960 3192 cupiebant

374 3212 521 3266 illmn
565 3213 886 3278 abscedere;
931 3215 1100 3267 multo
1149 3215 1314 3284 magis
1345 3214 1377 3267 ii
1409 3215 1498 3284 qui
1534 3231 1820 3285 numquam
1853 3232 1950 3269 vo-

375 3303 550 3358 Iebant
576 3304 644 3357 ab
671 3304 759 3358 illo
783 3305 1040 3373 separari,
1070 3305 1118 3360 id
1148 3304 1357 3360 discere
1385 3305 1690 3375 cupiebant.
1725 3306 1957 3361 Revere-

375 3395 565 3448 bantur
594 3404 772 3450 autem
806 3395 949 3449 illum
998 3396 1361 3466 interrogare;
1409 3397 1738 3466 interrogant
1783 3406 1954 3452 tamen

372 3498 423 3542 ct
451 3503 634 3543 amore
661 3497 714 3542 ct
739 3488 1004 3543 anxietate
1029 3488 1193 3543 ducti.
1235 3489 1369 3558 Quid
1412 3505 1538 3559 ergo
1566 3488 1853 3545 Christus?
1901 3493 1953 3545 ti.

375 3580 483 3650 ligo
509 3597 619 3633 sunt
650 3581 747 3645 via,
793 3581 992 3643 veritas,
1041 3590 1085 3633 et
1114 3582 1232 3635 vita.
1268 3580 1434 3636 Nemo
1461 3583 1594 3637 venit
1623 3583 1692 3636 ad
1715 3581 1952 3649 Patrem,

371 3672 468 3724 nisi
502 3688 594 3742 per
635 3689 730 3725 me.
779 3671 886 3726 Cur
916 3687 1041 3743 ergo
1067 3673 1422 3742 interrogatus
1447 3689 1474 3726 a
1511 3675 1667 3730 Petro
1696 3691 1802 3746 quo
1831 3675 1952 3743 iret,

371 3779 474 3820 non
504 3765 680 3819 statim
712 3764 1006 3834 respondit,
1042 3765 1153 3836 Ego
1177 3767 1241 3820 ad
1273 3767 1484 3820 Patrem
1513 3767 1670 3830 vado,
1699 3783 1795 3823 vos
1827 3785 1955 3824 vero

371 3871 473 3910 non
505 3857 725 3927 potestis
772 3872 910 3912 llllllc
938 3859 1154 3924 venire;
1185 3858 1280 3914 sed
1311 3868 1518 3914 tantum
1544 3861 1827 3916 verborum
1849 3862 1954 3916 cir-

369 3949 565 4002 cuitum
596 3950 791 4015 intulit,
839 3958 916 4004 tot
952 3950 1400 4020 interrogationes
1439 3961 1492 4006 et
1532 3953 1954 4022 responsiones?

370 4037 568 4093 Judaeis
593 4057 823 4109 namque
865 4041 1055 4094 merito
1084 4054 1190 4094 non
1225 4040 1325 4094 hoc
1352 4040 1519 4106 divit;
1549 4042 1630 4096 bis
1668 4057 1796 4097 vero
1819 4059 1951 4112 qua-

371 4127 467 4180 re?
513 4128 722 4182 Dixerat
751 4127 964 4197 qni-lem
991 4139 1044 4184 cl
1075 4130 1156 4185 Itis
1186 4140 1242 4186 et
1269 4131 1490 4197 Judtcis,
1515 4147 1575 4187 sc
1604 4147 1668 4187 ex
1699 4133 1808 4187 Deo
1836 4132 1951 4186 exi-

370 4219 531 4282 vissc,
556 4227 610 4272 et
635 4218 698 4270 ad
729 4219 892 4272 Deum
921 4220 998 4274 ire
1026 4239 1038 4272 ε
1069 4229 1124 4274 et
1152 4236 1292 4274 nunc
1324 4221 1373 4275 id
1405 4221 1598 4275 clarius
1619 4221 1766 4288 dicit,
1795 4238 1951 4291 quam

373 4309 540 4376 prius.
584 4309 653 4362 At
678 4307 879 4363 Judacis
907 4324 1010 4363 non
1040 4311 1108 4363 ita
1135 4311 1280 4366 clarc
1305 4311 1457 4365 dixit.
1483 4311 1611 4366 Nam
1641 4314 1682 4365 si
1713 4313 1950 4378 dixis~et,

370 4399 484 4454 Non
513 4401 737 4470 potestis
761 4401 827 4454 ad
854 4401 1066 4456 Patrem
1093 4403 1276 4457 venire
1305 4404 1403 4458 nisi
1437 4419 1532 4474 per
1562 4420 1666 4469 me,
1699 4406 1748 4460 id
1778 4422 1840 4461 ex
1873 4407 1950 4460 fa.

371 4504 454 4546 stu
484 4493 587 4548 dici
619 4493 952 4562 putavissent
980 4513 993 4548 :
1031 4511 1150 4549 cum
1180 4496 1319 4550 celat
1341 4511 1488 4564 vero,
1533 4497 1723 4552 dubios
1759 4497 1948 4554 reddit.

373 4585 460 4649 At,
492 4584 719 4654 inquies,
752 4599 849 4638 cur
872 4583 1146 4654 discipulis
1188 4595 1241 4641 et
1272 4585 1431 4641 Petro
1459 4587 1526 4640 ita
1557 4586 1734 4642 dixit?
1768 4589 1950 4644 Fervi-

370 4674 496 4728 dum
533 4685 754 4731 noverat
789 4675 932 4731 Petri
959 4677 1215 4744 animum,
1245 4689 1299 4734 et
1335 4678 1402 4733 ad
1433 4679 1740 4736 instandum
1775 4681 1949 4750 inqui-

372 4767 706 4839 rendumque
743 4783 990 4838 pronum.
1034 4769 1102 4825 Ut
1132 4786 1258 4841 ergo
1290 4771 1436 4826 illum
1472 4781 1696 4839 avertat,
1729 4773 1953 4827 obscure

372 4857 624 4928 loquitur.
678 4860 963 4930 Postquam
1005 4872 1182 4917 autem
1230 4862 1280 4916 id
1312 4865 1449 4933 quod
1479 4865 1692 4920 volebat
1716 4881 1814 4935 per
1841 4882 1953 4920 ser-

373 4949 546 5003 monis
571 4950 948 5005 obscuritatem
971 4950 1166 5016 clfccit,
1200 4953 1391 5007 iterum
1424 4954 1472 5007 id
1498 4955 1717 5010 revelat.

441 5041 669 5096 Christus
699 5044 856 5097 multa
881 5045 1112 5097 cautione
1140 5045 1190 5098 in
1219 5045 1535 5101 instituendis
1562 5049 1821 5117 discipulis
1848 5057 1956 5100 ute-

370 5133 535 5190 batur.
570 5133 642 5189 Se
670 5134 814 5189 l’otri
839 5138 1085 5206 wqttulem
1111 5139 1339 5194 ostendit.
1385 5138 1521 5194 Visio
1551 5158 1642 5210 pro
1674 5140 1957 5210 cognitione

370 5228 865 5296 accipitur.—Cum
895 5229 1119 5284 dixisset
1146 5231 1310 5297 enim,
1344 5231 1441 5286 Ubi
1466 5250 1596 5298 sum,
1625 5249 1768 5286 nemo
1797 5242 1956 5300 potest

371 5319 555 5383 venire,
588 5319 736 5373 addit
769 5337 780 5370 :
831 5319 894 5373 In
938 5321 1089 5374 domo
1141 5321 1312 5375 Putris
1344 5323 1440 5374 mei
1478 5323 1762 5376 numsiones
1789 5323 1958 5376 multa:

372 5421 520 5474 sunt;
563 5419 617 5464 et
654 5425 837 5464 rursus
863 5429 875 5460 :
912 5411 1076 5465 Nemo
1103 5414 1232 5466 venit
1258 5413 1325 5464 ad
1355 5412 1584 5476 Patrem,
1612 5413 1710 5466 nisi
1742 5429 1830 5481 per
1858 5431 1953 5469 me.

375 5500 485 5555 IIoc
515 5502 690 5571 itaque
721 5501 934 5556 nolebat
965 5503 1064 5556 illis
1089 5504 1239 5558 initio
1268 5503 1468 5567 dicere,
1499 5519 1564 5557 ne
1591 5504 1642 5557 in
1673 5517 1957 5558 niterorem

372 5590 627 5660 majorem
653 5591 928 5647 induceret
957 5610 970 5645 :
1000 5603 1278 5663 postquam
1311 5602 1489 5647 autem
1514 5594 1633 5647 illos
1655 5593 1960 5651 consolatus

373 5691 473 5743 est,
501 5685 602 5737 hac
635 5683 782 5738 dicit.
835 5685 1045 5738 Etenim
1075 5685 1141 5739 ab
1169 5684 1535 5753 increpatione
1565 5685 1705 5738 Petri
1739 5685 1960 5742 multum

376 5776 625 5832 tnoeroris
662 5775 900 5842 abstulit,
929 5787 1333 5847 metuentesque
1362 5791 1430 5832 ne
1462 5791 1520 5832 ea
1552 5779 1661 5848 ipsa
1692 5778 1954 5845 audirent,

701 5883 970 5942 ιἈτιιοι..
1015 5886 1132 5943 (in.
1189 5885 1341 5943 LIX.

1361 335 1429 400 IN
1467 337 1780 399 JOANNEM
1822 327 2052 391 tIONIIL.
2089 326 2326 386 LXXIII.
2368 332 2441 386 al.
2481 330 2694 388 LXXII.

3551 333 3653 391 598

2079 447 2201 502 hinc
2228 447 2395 517 magis
2417 447 2860 517 reprimebaatur.
2897 447 3002 519 Ego
3031 466 3141 503 sum
3173 452 3270 502 viu.
3299 450 3422 504 IIa-c
3447 461 3529 504 est
3564 469 3659 506 ex-

2068 521 2291 610 plicatio
2325 539 2466 594 illius
2493 539 2641 604 dicti,
2692 539 2856 594 Nemo
2894 543 3044 606 venit,
3089 543 3185 596 nisi
3229 561 3318 613 per
3357 560 3437 598 me
3477 559 3496 598 :
3528 545 3654 600 illud

2074 647 2222 696 vero,
2255 633 2322 686 Et
2345 636 2528 688 veritas
2557 645 2601 688 et
2634 637 2753 700 vita,
2796 635 3058 706 signiﬁcat
3088 636 3200 693 ha‘c
3233 653 3449 708 prorsus
3483 638 3655 694 futura

2075 740 2215 780 esse.
2247 726 2301 781 Si
2330 727 2546 790 veritas,
2581 727 2708 782 nihil
2754 743 2782 782 a
2827 745 2911 784 me
2959 729 3146 785 falsum
3184 732 3348 786 exibit
3378 751 3392 786 :
3421 733 3464 788 si
3495 735 3653 788 ctiam

2075 816 2204 878 vita,
2245 833 2310 871 ne
2349 833 2494 872 mors
2517 819 2729 889 quidem
2757 837 2852 876 vos
2883 823 3143 892 impedire
3175 825 3390 894 poterit,
3417 825 3544 896 quin
3578 827 3660 881 in-

2075 907 2410 975 grediamini.
2442 911 2690 981 Alioquin
2723 929 2873 979 vero,
2907 916 2948 968 si
2982 913 3094 987 Ego
3117 934 3226 970 sum
3256 919 3355 983 via,
3383 919 3519 974 duce
3551 936 3656 976 non

2077 999 2302 1068 egebitis
2339 1019 2350 1054 :
2384 1003 2428 1057 si
2458 1005 2654 1059 veritas
2679 1022 2818 1072 sum,
2872 1023 2976 1062 non
3026 1009 3214 1080 loquor
3242 1011 3374 1067 falsa
3409 1030 3422 1066 :
3451 1013 3493 1068 si
3524 1014 3655 1078 vita,

2077 1091 2283 1145 etiamsi
2316 1094 2638 1161 moriamiui,
2670 1099 2931 1167 promissa
2955 1105 3375 1172 consequemini.
3413 1105 3564 1172 Quod
3591 1105 3659 1160 de

2077 1184 2158 1235 via
2200 1185 2429 1250 dicebat,
2485 1189 2857 1245 intellexerunt
2898 1203 2948 1247 et
2984 1194 3212 1250 confessi
3258 1207 3381 1250 sunt
3409 1216 3422 1251 :
3455 1198 3655 1266 reliqua

2079 1291 2206 1330 vero
2249 1278 2562 1346 ignorabant
2592 1298 2604 1333 :
2636 1297 2741 1334 non
2787 1291 2962 1337 tamen
3009 1284 3076 1338 de
3119 1285 3223 1339 illis
3252 1288 3519 1342 audebant
3550 1291 3656 1344 sei-

2077 1368 2277 1422 scitari.
2331 1371 2577 1424 Attamen
2607 1373 2830 1426 multmn
2863 1390 2927 1428 ex
2960 1376 3039 1428 via
3075 1379 3456 1434 consolationis
3502 1396 3657 1436 acce-

2078 1471 2288 1529 perunt.
2317 1462 2371 1517 Si
2409 1480 2536 1534 ergo
2564 1465 2616 1518 in
2651 1483 2766 1521 mea
2797 1476 3061 1537 potestate
3089 1479 3189 1535 est,
3221 1471 3412 1542 inquit,
3459 1473 3522 1525 ad
3554 1473 3656 1527 Pa-

2080 1561 2214 1608 trem
2240 1553 2526 1623 adducere,
2573 1557 2708 1612 istuc
2745 1558 2965 1613 omnino
2992 1561 3236 1615 venietis.
3291 1562 3476 1633 Neque
3515 1565 3656 1619 enim

2076 1643 2177 1698 alia
2205 1646 2387 1700 venire
2425 1647 2648 1716 potestis
2692 1649 2794 1701 via.
2848 1648 2979 1704 Cum
3010 1651 3186 1707 autem
3216 1652 3438 1708 dixisset
3466 1664 3620 1710 antea
3643 1699 3656 1721 ,

2079 1735 2244 1790 Nemo
2289 1747 2448 1806 potest
2495 1741 2662 1793 uenire
2697 1741 2766 1792 ad
2813 1757 2912 1806 me,
2963 1743 3061 1796 nisi
3111 1743 3266 1798 Pater
3299 1749 3509 1802 traxerit
3545 1765 3658 1803 eum

2077 1825 2258 1895 (J‘oan.
2284 1828 2336 1882 6.
2369 1828 2497 1899 44);
2539 1845 2602 1886 ac
2648 1847 2878 1898 rursum,
2935 1835 2996 1889 Si
3031 1851 3122 1906 ego
3168 1838 3420 1894 exaltatus
3461 1844 3603 1911 fuero
3629 1859 3661 1895 ιι

2075 1925 2229 1983 terra,
2277 1935 2451 1974 omnes
2490 1922 2689 1976 traham
2723 1924 2790 1978 ad
2817 1927 3062 1996 meipsum
3102 1928 3123 1997 (
3152 1927 3282 1983 Ibid.
3314 1931 3402 1984 I2.
3430 1932 3558 2003 52);
3605 1943 3659 1988 et

2075 2024 2216 2063 nunc
2251 2010 2463 2076 iterum,
2511 2012 2678 2069 Nemo
2706 2017 2838 2070 venit
2863 2019 2931 2070 ad
2956 2018 3180 2085 Patrem,
3230 2023 3330 2077 nisi
3353 2040 3442 2093 per
3472 2041 3568 2089 me,
3600 2041 3659 2084 se

2075 2098 2216 2154 Patri
2245 2102 2501 2171 mqualem
2543 2107 2795 2161 ostendit.
2853 2107 3132 2176 Quomodo
3157 2122 3333 2166 autem
3363 2128 3482 2168 cum
3505 2115 3658 2171 disc—

2074 2190 2162 2253 rit,
2195 2191 2308 2256 Quo
2339 2194 2520 2247 cadam
2542 2197 2700 2263 scitis,
2727 2208 2773 2252 et
2795 2199 2927 2253 riam
2948 2202 3107 2265 scitis,
3133 2203 3311 2258 subdit
3351 2223 3364 2258 :
3395 2206 3449 2259 7.
3477 2205 3538 2261 Si
3573 2224 3658 2261 co-

2072 2283 2363 2350 gnovissetis
2397 2302 2496 2351 me,
2540 2297 2586 2341 et
2624 2288 2830 2343 Patrem
2863 2308 3028 2346 meum
3057 2295 3226 2366 utique
3262 2298 3614 2367 cognovissetis
3640 2316 3659 2354 :

2071 2380 2120 2426 et
2159 2375 2342 2428 antodo
2377 2379 2684 2447 cognoscetis
2732 2397 2864 2446 eum,
2899 2392 2945 2434 et
2977 2384 3170 2437 vidistis
3203 2403 3317 2438 eum
3339 2388 3365 2440 ἶ)
3412 2387 3524 2440 Non
3558 2390 3656 2443 sibi

2070 2466 2385 2520 contradicit
2432 2483 2447 2522 :
2502 2484 2758 2526 noverant
2805 2473 2948 2527 enim
2997 2475 3178 2539 iilum,
3230 2494 3334 2531 non
3381 2489 3555 2533 tamen
3603 2493 3657 2534 ut

2070 2559 2369 2628 Oportebat.
2406 2563 2567 2618 Deum
2601 2566 2741 2619 enim
2775 2579 3068 2633 noverant,
3117 2571 3327 2626 Patrem
3363 2591 3487 2628 vvro
3519 2592 3657 2630 non-

2069 2650 2195 2705 dum
2234 2671 2246 2706 :
2279 2667 2396 2706 nam
2431 2654 2658 2725 Spiritus
2689 2669 2870 2728 postea
2901 2663 3121 2717 veniens
3155 2674 3317 2719 totam
3346 2667 3448 2720 illis
3478 2670 3658 2737 cogni-

2071 2744 2270 2800 tionem
2300 2747 2496 2802 intulit.
2550 2749 2661 2806 IIoc
2702 2763 2881 2808 autem
2925 2755 3040 2808 vult
3083 2755 3264 2812 dicere
3312 2775 3325 2812 :
3375 2759 3430 2814 Si
3481 2775 3653 2814 meam

2069 2841 2299 2894 nossetis
2337 2842 2685 2898 substantiam
2730 2854 2786 2900 et
2834 2845 3167 2916 dignitatem,
3213 2850 3385 2905 Patris
3434 2867 3646 2923 quoque

2070 2931 2321 2984 nossetis.
2365 2930 2432 2984 Et
2481 2934 2628 2987 modo
2675 2938 2985 3005 cognoscetis
3024 2955 3155 3006 emn,
3207 2950 3252 2992 et
3299 2941 3496 2995 vidistis
3541 2960 3653 2996 emn

2068 3018 2313 3088 (alterum
2336 3023 2516 3089 futuri,
2543 3025 2768 3079 alterum
2803 3027 3135 3100 praesentis);
3167 3029 3269 3083 hoc
3293 3040 3394 3097 cst,
3424 3048 3523 3101 per
3545 3049 3651 3088 me.

2069 3110 2336 3166 Visionerr.
2372 3129 2499 3168 vero
2537 3115 2684 3176 dicit.
2731 3117 2925 3170 mentis
2959 3120 3339 3188 cognitionem.
3376 3123 3480 3176 Eos
3509 3125 3650 3178 enim

2065 3205 2154 3274 qui
2185 3205 2448 3272 videntur,
2480 3221 2760 3274 possumus
2789 3208 2969 3264 videre
2996 3220 3049 3264 et
3071 3211 3315 3280 ignorare
3345 3229 3359 3267 :
3393 3229 3486 3267 eos
3519 3230 3647 3269 vero

2065 3298 2152 3366 qui
2179 3309 2591 3366 cognoscuntur,
2626 3315 2731 3353 non
2761 3315 3045 3370 possumus
3073 3315 3398 3372 cognoscere
3424 3314 3478 3359 ct
3504 3303 3655 3375 igno-

2065 3407 2204 3446 rare.
2234 3390 2356 3446 Ideo
2384 3392 2476 3458 ait,
2513 3391 2576 3446 Et
2604 3393 2797 3448 vidistis
2827 3410 2972 3458 eum;
2997 3404 3053 3448 ut
3080 3395 3224 3450 visus
3251 3405 3354 3463 est,
3377 3395 3567 3468 inquit,
3598 3409 3653 3453 et

2063 3483 2360 3554 angelis(I.
2387 3481 2525 3538 Tim.
2557 3486 2608 3539 5.
2638 3486 2746 3555 I6).
2773 3486 2930 3556 Atqui
2962 3500 3067 3541 non
3097 3486 3208 3556 ipsa
3249 3488 3541 3544 substantia
3573 3491 3654 3546 vi-

2063 3591 2119 3630 sa
2146 3586 2265 3643 est;
2300 3577 2393 3631 sed
2437 3587 2610 3632 tamen
2643 3579 2806 3632 visam
2839 3593 2958 3632 esse
2988 3578 3156 3645 dicit,
3188 3589 3246 3633 ut
3290 3580 3539 3636 videlicet
3569 3583 3650 3636 vi-

2063 3668 2190 3723 dere
2240 3680 2506 3737 poterant.
2537 3670 2625 3724 Sic
2651 3685 2781 3726 vero
2815 3670 2869 3724 lo
2891 3679 3068 3740 pmtus
3103 3682 3204 3739 ρει,
3233 3681 3290 3726 ιιι
3317 3672 3494 3728 discas
3524 3690 3645 3728 cum

2062 3761 2150 3828 qui
2179 3761 2348 3830 ipsum
2379 3762 2542 3825 novit,
2575 3760 2884 3817 Genitorem
2911 3778 3122 3833 quoque
3147 3764 3263 3833 ejus
3293 3780 3469 3821 nosse.
3493 3765 3645 3822 Vide-

2064 3850 2185 3905 haut
2218 3868 2377 3922 porro
2409 3853 2556 3907 illum
2585 3867 2689 3907 non
2719 3853 2855 3908 nuda
2894 3855 3222 3922 substantia,
3265 3857 3357 3910 sed
3385 3873 3545 3913 carne
3571 3860 3652 3913 in-

2060 3944 2262 3998 dutum.
2297 3945 2436 3999 Alibi
2463 3963 2673 4015 quoque
2707 3948 2966 4001 visionem
2989 3948 3351 4016 cognitionem
3381 3951 3610 4018 appellat
3635 3968 3649 4014 ;

2063 4045 2119 4088 ιιι
2145 4050 2266 4089 cum
2290 4035 2419 4088 dicit
2448 4055 2459 4088 :
2486 4035 2628 4089 Beati
2656 4037 2843 4089 mundo
2870 4037 3038 4102 corde,
3087 4037 3329 4106 quoniam
3359 4039 3456 4108 ipsi
3487 4038 3651 4092 Deum

2061 4128 2295 4181 ridebunt
2325 4123 2537 4197 (Matth.
2562 4128 2614 4182 5.
2644 4127 2723 4196 8).
2764 4127 2989 4182 Mundus
3013 4138 3189 4183 autem
3229 4128 3378 4194 dicit,
3406 4146 3507 4183 non
3539 4141 3654 4184 lan-

2063 4230 2174 4274 ttnn
2211 4236 2242 4274 a
2290 4218 2676 4285 fornicatione,‘
2704 4219 2800 4274 sed
2844 4235 2872 4271 a
2925 4221 3159 4289 peccatis
3203 4222 3495 4277 omnibus:
3528 4237 3647 4276 nam

2061 4329 2218 4366 omne
2246 4323 2518 4381 peccatum
2548 4311 2809 4366 maculam
2835 4311 2968 4365 indit
2993 4313 3205 4365 animm.

2133 4404 2185 4458 5.
2218 4403 2356 4458 Nihil
2389 4404 2562 4473 itaque
2592 4417 2696 4457 non
2719 4417 2956 4472 agamus,
2979 4413 3037 4458 ut
3057 4402 3244 4458 sordes
3263 4403 3648 4474 abstergamus.

2062 4498 2330 4568 Abstergit
2357 4509 2530 4551 autem
2565 4498 2733 4566 primo
2767 4500 3064 4562 lavacrum;
3106 4498 3298 4553 deinde
3329 4496 3445 4554 alia:
3473 4500 3652 4554 multa:

2061 4601 2114 4643 ct
2141 4590 2296 4643 varim
2323 4589 2437 4643 vim.
2472 4589 2600 4643 Nam
2632 4590 2868 4643 clemens
2897 4603 3015 4644 cum
3044 4589 3112 4644 sit
3142 4591 3280 4645 Deus
3299 4632 3312 4655 ,
3344 4591 3473 4646 alias
3501 4591 3654 4646 nobis

2063 4683 2340 4751 variasque
2378 4682 2518 4746 vias,
2559 4683 2748 4752 quibus
2789 4698 3111 4754 purgemur,
3150 4685 3394 4754 aperuit,
3426 4701 3651 4756 quarmu

2063 4775 2230 4844 prima
2262 4785 2340 4830 est
2368 4775 2725 4846 elecmosyna.
2752 4775 3118 4848 Eleemosynis
3137 4777 3278 4831 enim
3306 4787 3356 4832 ct
3388 4778 3492 4833 ﬁde
3524 4794 3650 4849 pur-

2060 4875 2252 4936 gantur
2278 4876 2488 4936 peccata
2524 4866 2544 4939 (
2563 4867 2725 4924 Eccli.
2759 4871 2810 4925 5.
2844 4869 2944 4938 55)
2965 4911 2978 4934 .
3011 4871 3198 4940 inquit.
3247 4871 3614 4943 Eleemosynis
3635 4915 3650 4940 ,

2067 4957 2274 5028 inquam
2297 5001 2310 5021 ,
2359 4976 2462 5014 non
2493 4975 2554 5015 ex
2588 4961 2764 5029 inique
2797 4962 2959 5031 partis
2993 4981 3007 5017 :
3041 4962 3166 5016 illud
3199 4963 3339 5017 cnim
3371 4981 3476 5019 non
3507 4966 3652 5019 elec-

2064 5065 2282 5120 mosyua
2307 5094 2320 5115 ,
2346 5051 2438 5106 sed
2469 5051 2828 5107 inhumanitas
2849 5061 2902 5107 et
2923 5054 3209 5108 crudelitas
3231 5064 3332 5109 est.
3355 5055 3484 5123 Qum
3509 5056 3651 5110 enim

2065 5143 2263 5197 ιιιῐιὶιτις
2295 5145 2516 5198 alterum
2550 5146 2800 5215 spoliare,
2831 5146 3056 5200 alterum
3087 5147 3344 5203 induere?
3375 5151 3415 5202 Α
3448 5148 3656 5203 miseri-

2063 5235 2242 5289 cordia
2289 5237 2642 5307 incipiendum
2687 5247 2769 5294 est
2808 5256 2822 5292 :
2864 5239 3094 5308 alioquin
3141 5240 3442 5294 immanitas
3481 5249 3645 5297 esset.

2068 5327 2178 5380 Etsi
2208 5328 2347 5381 enim
2375 5329 2550 5382 omnia
2577 5329 2746 5384 aliena
2771 5328 2980 5396 demus,
3007 5329 3136 5384 nihil
3166 5329 3289 5385 hinc
3315 5329 3445 5386 lucri
3477 5333 3648 5396 nobis,

2069 5425 2126 5472 ut
2144 5418 2376 5473 ostendit
2395 5418 2700 5483 Zaccltzcus,
2724 5419 2812 5489 qui
2836 5434 2894 5474 se
2918 5420 3080 5474 Deum
3106 5421 3315 5490 placare
3335 5422 3654 5477 dicitdaudo

2066 5508 2415 5579 quadruplum
2454 5524 2637 5564 eorum
2668 5527 2786 5580 qua:
2817 5520 3066 5580 rapuerat
3090 5512 3248 5585 (Luc.
3283 5513 3369 5569 I9.
3413 5514 3504 5586 8).
3547 5514 3652 5568 Nos

2069 5615 2195 5653 vero
2221 5601 2305 5668 qui
2337 5601 2610 5654 innumera
2641 5601 2905 5671 rapimus,
2934 5612 2987 5658 et
3012 5619 3173 5672 pauca
3200 5605 3410 5671 damus,
3443 5605 3654 5675 placare

2073 5692 2238 5746 Deum
2272 5701 2546 5760 putamus,
2586 5694 2886 5764 ignorantes
2916 5711 3014 5751 nos
3043 5697 3189 5752 illum
3223 5698 3390 5769 magis
3423 5697 3652 5752 irritare.

2077 5783 2168 5837 Dic
2188 5824 2201 5848 ›
2232 5797 2434 5852 (ιυειιεο,
2466 5784 2628 5854 mibi,
2662 5787 2704 5840 si
2744 5787 2948 5843 asinum
2981 5799 3245 5844 mortuum
3273 5800 3327 5844 et
3357 5788 3594 5845 fmtidum
3637 5793 3664 5834 ε

3206 5897 3284 5956 95
