4078 6200
424 319 530 373 399

407 432 591 487 triviis
620 430 685 486 ad
714 446 860 486 aram
892 438 1116 485 tractum
1142 428 1363 483 offerres
1389 428 1441 481 in
1469 426 1808 486 sacrilirium,
1834 439 2010 480 nonne

423 532 476 580 te
499 537 689 578 omnes
713 521 1006 592 Iapidarent
1030 530 1083 575 ιιι
1113 520 1330 589 impiam
1353 529 1407 573 et
1430 516 1853 572 exsecrandum?
1874 514 2009 582 Qttid

418 628 568 680 vero,
601 613 644 669 si
677 613 931 683 probent,
976 611 1295 666 sacrificium
1326 626 1389 664 ex
1425 609 1605 678 rapina
1651 608 1817 676 magis
1860 622 2013 662 exse-

419 703 679 759 crandum
710 717 850 770 esse,
881 717 1039 773 quam
1067 701 1433 756 defensionem
1465 697 1811 753 habebimus?
1842 698 2014 753 Pona-

420 808 538 847 tuus
565 796 706 848 enim
737 792 1004 848 cimeliunt
1042 806 1106 846 cx
1139 791 1320 860 rapina
1354 799 1560 859 partum
1595 805 1608 840 :
1643 802 1818 842 annon
1847 787 2013 855 magis

417 886 597 958 lintei,
642 900 800 955 quam
836 883 1019 938 minus
1063 882 1344 937 mortuus?
1392 881 1482 934 Vis
1529 879 1735 933 discere
1783 886 2012 948 quantus

418 979 487 1030 sit
517 976 715 1046 peccati
744 977 945 1031 ταξιονῖ
967 975 1103 1030 Audi
1133 973 1444 1043 prophetam
1474 971 1739 1026 dicentem
1777 988 1789 1022 :
1820 969 2012 1023 Patru-

419 1078 564 1122 crttnt
592 1079 638 1123 et
677 1079 933 1139 corrupta:
959 1076 1076 1123 sunt
1107 1067 1360 1120 cicatrices
1397 1081 1521 1119 mea:
1581 1064 1599 1133 (
1628 1063 1769 1118 Psal.
1797 1064 1887 1118 '57.

417 1161 495 1215 'l‘u
525 1176 653 1216 vero
699 1162 861 1215 Deum
891 1160 1067 1216 verbis
1093 1159 1358 1230 precaris,
1400 1166 1456 1212 ut
1495 1158 1755 1213 scelerum
1798 1166 2010 1211 tuorum

417 1253 802 1318 obliviscatur;
834 1252 961 1307 dum
1006 1267 1100 1321 per
1137 1251 1351 1318 rapinas
1387 1261 1442 1305 et
1482 1249 1697 1304 fraudes
1735 1262 1852 1304 tuas
1881 1249 2006 1304 illud
2080 1270 2089 1275 ’

417 1343 564 1411 agis,
608 1353 664 1396 ut
699 1359 882 1398 eorum
931 1357 1146 1411 semper
1189 1341 1518 1406 recordetur,
1561 1341 1687 1394 dum
1734 1349 2008 1409 peccatum

418 1445 564 1490 tuum
592 1435 1035 1504 aneimponitur.
1064 1434 1182 1490 iam
1210 1449 1336 1488 vero
1364 1445 1467 1487 non
1498 1432 1599 1487 hoc
1622 1431 1790 1487 solum
1827 1446 2007 1499 pecca-

418 1539 527 1582 tum
555 1538 665 1593 est,
698 1526 963 1597 sed,un
989 1536 1071 1583 est
1095 1527 1330 1597 gravius,
1359 1534 1666 1580 sanctorum
1696 1525 1900 1577 animas
1932 1523 2009 1576 in-

415 1619 624 1687 quinas.
660 1617 770 1673 lloc
799 1619 940 1675 enim
973 1617 1107 1686 lapis
1135 1624 1217 1672 est
1245 1616 1341 1686 tu),
1378 1623 1433 1669 et
1472 1613 1835 1669 sanctificatur
1863 1630 1875 1664 :
1906 1612 2007 1666 illae

416 1719 590 1763 autem
626 1724 840 1779 semper
867 1708 1138 1762 Christum
1184 1706 1359 1761 lerunt
1405 1723 1420 1760 :
1460 1714 1513 1760 et
1555 1705 1719 1760 audes
1759 1714 1863 1759 tam
1903 1704 2004 1758 im-

417 1797 615 1853 munda
640 1798 868 1854 offerre?
906 1798 1156 1862 Minime,
1195 1797 1431 1866 inquies;
1477 1812 1579 1851 non
1618 1811 1712 1851 cas
1756 1793 2007 1866 pecunias

418 1891 607 1959 uli‘ero,
630 1892 723 1947 sed
755 1892 908 1946 alias.
939 1890 1173 1946 Ridicula
1200 1890 1314 1945 haec
1334 1898 1387 1944 et
1408 1890 1626 1960 nug-teia
1653 1895 1795 1943 sunt.
1823 1885 2007 1942 Nescis

413 1985 555 2053 quod
588 1986 632 2041 si
663 1986 714 2040 in
744 1985 963 2041 multam
993 1984 1264 2055 pecuniam
1293 1983 1374 2037 vel
1405 1982 1545 2036 stilla
1574 1980 1846 2047 iniustitiae
1871 1978 2008 2033 ἱιιί-ἱ-

413 2080 584 2147 derit,
633 2088 741 2133 tota
781 2077 1123 2149 inquinatur?
1169 2075 1239 2131 Ut
1277 2074 1418 2129 enim
1461 2073 1506 2127 si
1554 2072 1673 2142 quis
1715 2071 1769 2126 in
1817 2083 2005 2139 purum

418 2169 617 2223 fontem
650 2168 830 2222 timum
863 2166 1090 2237 iujieiat,
1125 2174 1287 2220 totam
1329 2178 1519 2233 aquam
1562 2159 1739 2216 reddit
1776 2159 2009 2213 immun-

414 2260 535 2313 tlam
569 2276 583 2313 :
616 2258 760 2313 itasi
801 2259 851 2312 in
892 2257 1103 2312 divitias
1123 2257 1306 2327 rapina
1334 2253 1679 2326 ingrediatur,
1701 2251 1878 2306 omnia
1905 2248 2003 2304 fte-

416 2360 532 2404 ture
600 2350 800 2418 implet.
855 2347 990 2415 Quid
1040 2349 1207 2418 ergo”
1269 2360 1456 2401 manus
1513 2345 1754 2399 lavamus
1787 2356 1907 2396 cum
1958 2340 2009 2393 itt

417 2441 696 2495 ecclesiam
755 2439 1114 2509 ingreuiutttr,
1176 2452 1271 2492 eor
1325 2452 1451 2491 vero
1512 2450 1615 2489 non
1663 2432 1835 2489 item?
1883 2446 2010 2485 ntnn

420 2548 608 2586 manus
646 2546 830 2586 vocem
870 2528 1360 2584 cmittuut?Anitua
1384 2527 1542 2581 verba
1568 2524 1766 2594 profert
1800 2540 1816 2583 ;
1854 2523 1906 2577 in
1948 2522 2006 2576 il-

425 2626 526 2679 Iam
561 2624 698 2679 Deus
727 2623 944 2694 respicit
989 2640 1005 2679 :
1050 2622 1136 2676 illa
1176 2620 1371 2676 fmdata
1397 2661 1412 2685 ,
1460 2619 1592 2673 nihil
1637 2614 1853 2687 prodest
1895 2628 2014 2668 cor-

419 2717 562 2785 poris
606 2716 825 2786 puritas.
858 2714 988 2783 Qua:
1024 2713 1220 2767 utilitas
1263 2711 1307 2766 si
1358 2725 1547 2765 manus
1582 2707 1876 2763 exteriores
1920 2704 2014 2758 ab-

416 2816 652 2878 slcrgas,
721 2808 1004 2862 interiores
1054 2820 1183 2861 vero
1226 2806 1461 2875 imputas
1514 2800 1822 2872 relinquas?
1882 2797 2013 2853 lllud

423 2913 584 2965 grave
610 2905 726 2966 est,
770 2897 899 2953 illud
940 2897 1116 2952 omnia
1157 2896 1456 2961 subvertit,
1504 2892 1643 2965 quod
1690 2906 1851 2963 parva
1890 2905 2013 2946 cum

477 3014 550 3078 (a)
573 3013 736 3063 Altare
762 3013 884 3077 lapis
907 3019 1033 3063 erat.

422 3131 510 3142 ’.ς-ο-

1133 313 1190 370 S.
1230 312 1509 370 JOANNIS
1547 309 2024 368 CllltYSOSTUMl
2061 311 2376 368 ARCHIEP.
2417 311 2954 370 CONSTANTINUP.

512 3113 2242 3140 ________________________._________.———

3597 320 3710 377 τοῦ

2122 436 2266 482 metu
2314 436 2592 490 curantes,
2641 443 2829 499 magna
2876 437 3304 484 contemnamus.
3352 428 3516 486 lllotis
3554 443 3720 488 certe

2119 520 2363 575 manibus
2382 534 2536 576 orare
2565 520 2872 576 indifferens
2890 530 3006 587 est;
3033 521 3176 576 illota
3204 536 3335 579 vero
3356 526 3706 592 conscientia,

2120 613 2246 668 illud
2277 622 2356 667 est
2397 615 2636 669 omnium
2680 613 2939 669 malorum
2985 613 3353 672 deterrimum.
3404 618 3536 672 Audi
3575 621 3709 687 quia

2115 708 2316 762 dictum
2349 707 2415 761 sit
2435 706 2655 773 ludatis,
2679 707 2747 762 de
2771 708 2863 761 tali
2890 707 3224 763 immuutlilia
3251 708 3494 763 sollicitis
3520 727 3534 763 :
3562 708 3710 767 Lam

2115 820 2146 855 a
2177 800 2369 855 malitia
2399 817 2485 855 cor
2514 810 2656 854 tuum
2709 799 2855 870 (λεν.
2884 801 2934 856 4.
2972 799 3091 871 Η).
3131 800 3418 872 Quousque
3448 811 3609 856 erunt
3650 804 3708 857 in

2119 903 2167 948 te
2203 894 2551 964 cogitationes
2589 890 2830 947 laborum
2870 892 3120 946 tuorum?
3169 892 3432 948 Lavemus
3473 903 3528 948 et
3567 908 3706 959 nos,

2118 1001 2220 1039 non
2252 987 2383 1051 luto,
2417 984 2510 1040 sed
2541 1000 2673 1055 aqua
2703 999 2832 1054 pura
2857 1026 2871 1048 ,
2904 985 3246 1056 eleemosyna
3266 1028 3280 1048 ,
3321 999 3427 1039 non
3457 986 3707 1039 avaritia.

2114 1077 2270 1133 Prius
2297 1092 2325 1129 a
2356 1078 2540 1147 rapina
2566 1076 2803 1138 abstine.
2828 1085 2881 1131 et
2910 1083 3034 1131 tunc
3059 1076 3455 1147 eleemosyuam
3487 1077 3705 1147 largire.

2116 1169 2454 1226 Deelinemus
2475 1184 2503 1221 a
2526 1169 2685 1234 malo,
2706 1176 2759 1223 et
2781 1166 3033 1223 iaciamus
3054 1165 3249 1221 bonum
3275 1165 3445 1238 (Psat.
3472 1167 3561 1221 36.
3582 1166 3702 1238 27;.

2185 1264 2518 1333 Elecmosyna
2546 1279 2610 1316 ex
2634 1261 2814 1331 rapina
2839 1259 3003 1315 scelus
3027 1269 3121 1314 est.
3137 1290 3205 1298 —
3223 1258 3409 1314 Manus
3435 1273 3627 1313 corrce
3669 1273 3706 1310 ε

2114 1359 2294 1427 rapina
2316 1399 2330 1423 ,
2373 1367 2427 1411 et
2455 1356 2533 1411 sic
2561 1370 2654 1409 eas
2691 1355 2756 1408 ad
2797 1353 3193 1424 cleemosynam
3228 1355 3456 1422 porrige.
3485 1350 3542 1407 Si
3570 1367 3707 1406 vero

2116 1450 2301 1506 iisdem
2351 1447 2595 1503 manibus
2638 1447 2808 1501 alzos‘
2850 1444 3173 1515 spolientus,
3216 1443 3424 1499 etiamsi
3472 1457 3577 1497 non
3630 1455 3700 1497 ex

2112 1543 2298 1597 ablatis
2324 1541 2458 1595 alios
2489 1539 2800 1601 iuduamus,
2828 1551 3003 1608 neque
3030 1537 3107 1591 sic
3131 1535 3447 1605 supplicium
3477 1534 3701 1605 eﬁ'ugie-

2112 1646 2249 1688 mus.
2278 1631 2532 1687 Sie'enim
2565 1629 2951 1700 propitiationis
2983 1626 3203 1682 materia
3231 1627 3457 1682 sceleris
3483 1643 3703 1698 quoque

2112 1723 2330 1779 materia
2358 1733 2456 1780 est.
2492 1722 2680 1777 Melius
2706 1729 2851 1777 certe
2876 1730 2960 1775 est
2985 1735 3088 1774 non
3126 1719 3366 1773 misereri
3386 1759 3402 1785 ,
3434 1734 3597 1789 quam
3620 1719 3703 1773 sic

2115 1817 2374 1872 misereri.
2406 1814 2675 1884 Siquidem
2701 1813 2866 1869 Caino
2890 1812 3082 1868 melius
3109 1812 3287 1867 fuisset
3315 1811 3446 1866 nihil
3474 1825 3701 1880 prorsus

2112 1910 2322 1965 (illene.
2355 1909 2412 1964 Si
2451 1923 2580 1963 vero
2619 1907 2709 1977 qui
2748 1907 2952 1961 minora
2980 1905 3200 1969 obtulit,
3234 1904 3397 1958 Deum
3428 1903 3701 1968 irritavit;

2109 2007 2198 2077 qui
2225 2005 2396 2059 aliena
2443 2003 2568 2068 dat,
2615 1999 2884 2073 quomodo
2928 2013 3032 2052 non
3076 1996 3421 2077 provocabit?
3457 1995 3570 2067 Ego
3595 1995 3696 2049 tibi

2112 2074 2252 2162 dixi,
2283 2095 2486 2166 inquit,
2517 2093 2595 2149 Ne
2622 2092 2831 2161 rapias;
2861 2100 2914 2144 et
2944 2099 2997 2143 tu
3028 2074 3118 2143 me
3141 2102 3206 2142 ex
3235 2087 3396 2157 raptis
3420 2085 3698 2141 bonoms?

2113 2188 2238 2258 quid
2263 2184 2571 2241 existimas?
2589 2199 2658 2239 an
2683 2197 2768 2238 me
2788 2181 2870 2235 bis
2895 2178 3185 2236 delectari?
3203 2179 3348 2232 Dicet
3374 2176 3524 2247 igitur
3543 2176 3641 2231 tibi
3666 2191 3684 2230 :

2115 2281 2433 2335 Existimasti
2476 2279 2664 2347 inique,
2708 2274 2844 2347 quod
2889 2289 2975 2328 cro
3013 2273 3087 2326 tui
3124 2270 3322 2325 similis.
3358 2269 3576 2340 Argum
3604 2278 3691 2331 te,

2115 2386 2160 2431 et
2212 2384 2430 2430 statuam
2482 2382 2659 2426 contra
2705 2369 2887 2441 faciem
2939 2377 3077 2420 tuam
3115 2373 3317 2435 peccata
3368 2372 3455 2416 tua
3510 2360 3697 2431 (Psal.

2115 2469 2205 2525 49.
2239 2465 2364 2539 21).
2408 2463 2513 2521 Sed
2548 2461 2686 2517 absit
2714 2470 2771 2515 ut
2797 2459 2916 2530 quis
2944 2457 3099 2512 talem
3127 2454 3307 2510 audiat
3335 2467 3558 2517 vocent;
3598 2466 3701 2505 ve-

2116 2576 2232 2617 rum
2272 2560 2473 2614 utinam
2508 2564 2628 2626 post
2670 2566 2829 2623 puras
2864 2558 3108 2621 erogatas
3128 2548 3532 2617 eleemosynas,
3573 2559 3705 2598 cum

2117 2651 2409 2724 splendidis
2452 2645 2818 2717 lampadibus,
2862 2643 2913 2697 in
2965 2642 3250 2696 thalamum
3299 2636 3702 2707 ingrediamur.

2117 2748 2282 2821 gratia
2311 2754 2367 2802 et
2391 2741 2713 2814 benignitate
2742 2735 2947 2792 Domini
2993 2732 3157 2788 nostri
3190 2730 3317 2788 Jesn
3345 2728 3544 2786 Christi
3564 2768 3582 2796 ,
3612 2727 3707 2781 cui

2117 2840 2282 2913 gloria
2314 2838 2366 2892 iu
2396 2834 2589 2891 saecula
2618 2829 2954 2886 saeculorum.
2985 2826 3173 2880 Amen.

2182 3000 2200 3032 ί
2237 2997 2290 3047 Io
2312 3003 2414 3045 διες.
2438 2991 2605 3043 multis
2628 2988 2826 3051 legitur,
2852 2995 3107 3047 pauperes,
3129 2980 3254 3040 loco,
3278 2978 3413 3030 alios.

2247 3111 2343 3119 ..ι-ι-

2362 3089 3686 3116 ________________—————-—

1708 3182 2055 3246 HOMILIA
2096 3170 2382 3239 LXXIV.

417 3339 547 3395 CAP.
596 3340 682 3395 Η.
734 3354 786 3392 v.
835 3338 888 3396 8.
937 3336 1072 3390 Dicit
1102 3335 1147 3389 ci
1178 3333 1449 3403 Philippus
1481 3348 1498 3385 :
1529 3330 1774 3392 Domine,
1806 3326 2009 3381 ostende

491 3431 631 3484 nobis
671 3428 914 3495 Patrem,
956 3438 1002 3481 et
1037 3426 1214 3499 sttuit-it
1255 3423 1415 3478 nobis.
1448 3422 1502 3478 9.
1549 3420 1683 3474 Dicit
1717 3420 1765 3473 ei
1799 3416 1950 3471 Iesus
1990 3430 2009 3468 :

491 3524 652 3577 Tanta
682 3532 905 3593 tempore
932 3520 1183 3575 vobiscum
1213 3534 1325 3571 sum
1345 3558 1358 3581 ,
1392 3524 1437 3571 et
1466 3531 1564 3568 non
1593 3510 1867 3583 cognovisti
1895 3524 2005 3574 mc,

495 3614 770 3686 Philippe?
802 3613 903 3681 Qui
932 3612 1060 3667 videt
1089 3627 1194 3677 me,
1224 3609 1354 3664 videt
1382 3618 1427 3661 et
1463 3606 1686 3660 Patrem.

490 3711 541 3765 l.
573 3707 791 3763 Dicebat
816 3705 1070 3777 propheta
1097 3702 1293 3758 ludatis
1322 3718 1335 3754 :
1367 3698 1548 3755 Facies
1574 3696 1844 3753 merelricis
1872 3699 2008 3768 facta

418 3814 489 3857 est
520 3802 608 3856 tibi
634 3800 766 3872 (Jer.
793 3800 848 3856 5.
871 3800 951 3869 5),
987 3797 1076 3868 qui
1104 3794 1440 3866 impudenter
1457 3807 1576 3846 cum
1600 3789 1847 3844 omnibus
1871 3785 2004 3857 agis.

424 3895 489 3949 l‘t
524 3903 704 3948 autem
746 3890 975 3956 videtur,
1014 3904 1118 3943 non
1163 3887 1233 3942 illi
1278 3882 1476 3942 civitati
1519 3892 1723 3937 tantum
1762 3879 1864 3934 hoc
1887 3879 2008 3948 jure

419 3987 648 4052 dicatur,
680 3982 772 4038 sed
802 3983 960 4039 etiam
1006 3979 1071 4035 iis
1108 3978 1194 4051 qui
1240 3976 1446 4032 veritati
1489 3972 1824 4043 impudenter
1865 3969 2008 4024 obsi-

420 4085 583 4131 stunt.
619 4077 834 4130 Dicente
862 4072 1015 4129 ettittt
1046 4072 1310 4141 Philippo,
1345 4065 1565 4122 Ostende
1593 4064 1734 4117 nobis
1769 4060 2004 4127 Putrem,

420 4167 700 4239 respoadit
723 4164 966 4220 Christus
996 4183 1009 4218 :
1046 4161 1206 4215 Tanto
1234 4157 1455 4231 tempore
1483 4156 1734 4211 vobiscum
1775 4169 1885 4207 sum
1905 4193 1919 4215 ,
1961 4160 2008 4206 et

422 4278 519 4313 non
551 4257 825 4331 cognovisti
852 4272 960 4319 me,
992 4250 1276 4326 Philippe?
1306 4249 1372 4303 Et
1398 4257 1571 4302 tamen
1601 4243 1816 4315 quidam
1850 4250 2005 4307 sunt,

420 4354 508 4423 qui
538 4361 655 4421 post
682 4350 796 4404 ha-c
825 4348 985 4403 verba
1014 4347 1204 4401 Filium
1233 4359 1262 4399 a
1293 4342 1450 4398 Patre
1478 4339 1819 4394 abscindunt.
1850 4334 2006 4405 Atqui

420 4461 580 4518 quam
610 4443 868 4514 majorem
891 4440 1083 4513 quaeris
1105 4432 1586 4510 propinquitatem?
1615 4431 1839 4501 Quidam
1864 4427 2006 4483 cnim

423 4557 486 4594 cx
527 4539 627 4593 hoc
656 4535 798 4591 dicto
836 4534 888 4589 in
925 4530 1140 4588 Saltellii
1173 4528 1415 4584 morbum
1460 4523 1778 4581 inciderunt.
1813 4520 2006 4576 Verum

419 4641 470 4686 et
498 4629 581 4685 his
606 4638 658 4684 et
684 4626 786 4681 illis
813 4622 1031 4689 relictis,
1067 4630 1121 4676 ut
1145 4636 1211 4676 ex
1237 4619 1499 4674 diametro
1527 4625 1581 4672 et
1608 4615 1768 4686 impie
1796 4611 2010 4683 opposi-

422 4726 488 4776 tis
508 4765 521 4788 ,
556 4727 862 4776 accuratum
894 4714 1176 4770 verborum
1207 4723 1423 4765 sensum
1452 4706 1810 4777 exploremus.
1846 4701 2007 4756 Tanto

423 4828 644 4885 tempore
668 4810 923 4864 vobiscum
951 4822 1092 4871 sum,
1118 4812 1165 4857 et
1192 4818 1291 4855 non
1320 4798 1594 4871 cognovisti
1623 4813 1719 4862 me,
1746 4793 2004 4866 Philippe.

421 4903 556 4969 Quid
579 4900 762 4957 enim?
785 4908 910 4953 tune
937 4897 1093 4952 Pater
1114 4909 1173 4950 es
1193 4906 1350 4964 quem
1378 4888 1627 4960 inquiro?
1650 4887 1789 4953 Non,
1818 4886 2006 4956 inquit.

420 4997 547 5052 Ideo
574 5009 677 5049 non
708 4990 860 5054 dixit,
887 4989 1001 5045 Non
1028 4982 1323 5058 cognovisti
1348 4996 1502 5046 eum;
1529 4977 1647 5044 sed,
1678 4976 1797 5032 Non
1822 4993 2010 5049 cogno-

422 5088 531 5142 visti
563 5102 681 5153 me;
714 5082 841 5138 nihil
872 5079 1014 5136 aliud
1042 5077 1324 5134 declarans
1343 5115 1357 5139 ,
1385 5087 1542 5144 quam
1584 5084 1689 5124 non
1720 5067 1860 5122 al;ud
1890 5082 2010 5123 esse

427 5181 651 5244 Filium,
693 5190 850 5247 quam
880 5169 1019 5242 quod
1066 5176 1153 5225 est
1194 5167 1371 5232 Pater,
1416 5176 1635 5217 manens
1675 5167 1853 5214 tamen
1895 5157 2010 5227 ipse

426 5272 610 5326 l-‘ilius.
662 5269 769 5324 Cur
820 5265 1097 5334 Philippus
1142 5259 1214 5315 ad
1261 5252 1697 5326 interrogandum
1745 5247 2011 5305 accessit?

426 5365 640 5418 Dixerat
664 5360 929 5425 Christus,
954 5357 1013 5413 Si
1033 5352 1386 5428 cognovissetis
1412 5365 1510 5415 me,
1540 5355 1587 5402 et
1614 5344 1820 5399 Patrem
1845 5358 2010 5396 meum

424 5456 591 5524 utique
616 5449 969 5523 ragnovissetis
1009 5447 1208 5521 (Joan.
1248 5444 1338 5499 ﬂ.
1377 5442 1483 5512 7);
1522 5435 1828 5506 Judmisque
1866 5448 2008 5503 sa'pc

429 5548 527 5601 hoc
577 5545 749 5618 ipsum
800 5541 1029 5596 dixerat.
1080 5537 1213 5605 Quia
1259 5548 1389 5606 ergo
1430 5545 1550 5586 cum
1601 5529 1908 5598 frequenter
1958 5533 2011 5578 et

425 5638 613 5694 i‘etrus
629 5645 683 5692 et
696 5633 864 5691 Judaei
883 5625 1483 5700 interrogaverant,quis
1495 5630 1637 5678 cs.~et
1651 5620 1826 5683 Pater,
1846 5618 2008 5671 inter-

425 5736 701 5794 t'ttgat'ct‘ttl
733 5725 859 5779 item
889 5722 1143 5787 Thomas,
1176 5727 1231 5775 et
1258 5717 1431 5773 nullus
1460 5714 1584 5785 quid
1612 5712 1811 5767 clarum
1848 5722 2001 5765 acce-

2114 3326 2284 3391 perat,
2316 3313 2409 3371 sed
2439 3310 2619 3366 adhuc
2637 3324 2724 3366 res
2753 3305 3124 3379 ignorabatur;
3162 3318 3229 3357 ne
3257 3301 3515 3357 molestus
3546 3298 3672 3353 vide
3690 3326 3704 3338 -

2112 3420 2262 3465 retur
2289 3422 2417 3489 esse‘
2436 3404 2745 3473 Philippus,
2791 3409 2843 3455 et
2882 3414 3004 3453 cum
3041 3397 3238 3453 Judmis
3281 3393 3538 3450 tentando
3575 3407 3704 3447 eunt

2111 3481 2445 3565 fastidiosus)
2472 3507 2527 3550 ut
2555 3495 2707 3556 dixit,
2740 3490 2960 3546 Ostende
2983 3488 3123 3543 nobis
3152 3487 3358 3541 Patrem
3392 3492 3536 3539 tuum
3557 3523 3575 3550 ,
3605 3481 3707 3537 ad-

2106 3593 2266 3664 jecit,
2314 3588 2385 3643 Et
2426 3587 2605 3659 sufﬁcit
2646 3584 2822 3651 nobis;
2865 3580 2995 3637 nihil
3034 3580 3167 3635 ultra
3193 3577 3503 3649 quaerimus.
3539 3574 3701 3643 Atqui

2111 3684 2354 3740 Christus
2372 3680 2615 3736 dixerat:
2642 3679 2700 3735 Si
2726 3674 3075 3747 cognovissetis
3094 3687 3198 3737 me,
3226 3678 3271 3724 et
3301 3667 3509 3722 Patrem
3534 3680 3704 3718 unum

2111 3778 2281 3847 utique
2305 3772 2678 3847 cognovissetis,
2711 3777 2765 3825 et
2795 3784 2888 3838 per
2912 3780 2972 3821 se
2990 3763 3201 3819 Patrem
3226 3757 3546 3815 ostendebat
3573 3772 3587 3811 :
3614 3756 3703 3811 ille

2113 3884 2241 3923 vero
2272 3867 2491 3923 mutavit
2521 3862 2761 3921 ordinem
2794 3861 2977 3915 dicens
2995 3899 3009 3922 ,
3040 3853 3273 3911 Ostende
3298 3853 3538 3916 Patrem,
3564 3865 3627 3906 ac
3652 3848 3699 3904 si

2110 3960 2378 4017 Christum
2399 3966 2644 4013 accurate
2659 3958 3022 4025 cognosceret.
3045 3947 3241 4003 Verum
3262 3961 3366 4000 non
3393 3945 3473 3998 illi
3493 3957 3695 3998 morem

2112 4054 2276 4126 gessit
2302 4052 2544 4106 Christus
2564 4093 2578 4115 ,
2619 4048 2713 4105 sed
2744 4046 2809 4102 ad
2836 4045 2973 4099 viam
3010 4042 3238 4105 direxit,
3271 4037 3507 4093 suadens
3532 4033 3609 4090 illi
3642 4040 3701 4087 ut

2113 4164 2208 4219 per
2237 4162 2296 4202 se
2333 4144 2544 4200 Patrem
2584 4143 2953 4211 cognosceret.
2985 4132 3102 4204 Ipse
3140 4143 3269 4187 vero
3293 4129 3507 4183 carneis
3532 4126 3704 4182 oculis

2114 4240 2286 4307 ipsum
2315 4236 2497 4292 videre
2529 4231 2769 4289 volebat.
2817 4229 2954 4284 forte
2982 4224 3103 4296 quia
3132 4221 3374 4278 audierat
3415 4220 3588 4274 Deutn
3622 4219 3701 4271 vi-

2112 4329 2255 4383 disse
2299 4325 2609 4397 prophetas.
2658 4320 2856 4376 Verum
2900 4317 2992 4374 illa
3029 4314 3316 4370 humiliore
3357 4312 3522 4365 modo
3561 4309 3697 4364 dicta

2114 4429 2274 4484 sunt,
2302 4434 2336 4484 ρ
2363 4417 2624 4489 Philippe.
2657 4412 2782 4468 ideo
2805 4409 3015 4467 dicebat
3044 4405 3289 4463 Christus
3316 4422 3331 4460 :
3368 4403 3533 4458 Deum
3562 4414 3701 4456 nemo

2111 4511 2234 4566 vidit
2258 4524 2494 4580 umquam
2529 4504 2713 4578 (Joan.
2744 4505 2795 4559 l.
2839 4501 2976 4573 l8);
3016 4511 3071 4557 et
3110 4513 3323 4555 rursum
3348 4538 3365 4563 ,
3400 4493 3585 4550 Onmis
3620 4490 3703 4562 qui

2111 4601 2303 4656 audivit
2328 4617 2360 4654 a
2384 4599 2512 4665 Deo,
2534 4610 2580 4653 et
2600 4596 2813 4665 didicit,
2840 4594 2970 4649 venit
2994 4591 3064 4646 ad
3085 4606 3180 4645 me.
3206 4588 3386 4659 Neque
3404 4602 3578 4640 uocem
3599 4586 3701 4654 ejus

2111 4695 2343 4758 audistis,
2361 4707 2518 4765 neque
2532 4690 2710 4763 faciem
2729 4692 2840 4760 ejus
2857 4685 3047 4741 vidistis
3067 4681 3227 4756 (Ibid.
3250 4679 3304 4735 6.
3328 4680 3420 4735 45.
3442 4689 3490 4732 et
3510 4676 3568 4732 5.
3591 4680 3695 4748 37).

2114 4789 2183 4844 Et
2212 4788 2263 4842 itt
2296 4784 2474 4842 Veteri
2501 4782 2864 4843 Testamento,
2906 4776 3071 4832 Nemo
3096 4774 3278 4829 videbit
3306 4772 3495 4843 {aciem
3520 4786 3693 4832 meam,

2115 4892 2161 4939 et
2185 4883 2306 4936 vivet
2334 4877 2526 4950 (Exod.
2548 4877 2636 4931 35.
2665 4873 2779 4945 20).
2802 4870 2936 4940 Quid
2959 4884 3088 4940 ergo
3102 4867 3380 4924 Christus?
3401 4864 3693 4920 Admodum

2113 4973 2351 5040 increpat
2383 4987 2397 5024 :
2427 4967 2591 5022 Tanto
2620 4977 2841 5035 tempore
2866 4961 3115 5015 vobiscum
3141 4975 3275 5021 sum,
3305 4968 3355 5012 et
3381 4973 3485 5011 non
3512 4969 3693 5025 cogna-

2111 5065 2225 5120 υἱειὶ
2255 5079 2366 5129 me,
2399 5059 2679 5130 Philippe?
2705 5056 2820 5111 Non
2850 5053 3009 5118 dixit,
3043 5052 3157 5106 Non
3187 5050 3367 5105 vidisti
3408 5065 3497 5104 me
3521 5067 3538 5114 ;
3566 5047 3649 5101 sed
3677 5086 3691 5103 .

2115 5157 2237 5211 Non
2265 5151 2538 5225 cognovisti
2566 5165 2662 5203 me.
2692 5144 2957 5218 Numquid
2998 5152 3052 5199 te
3095 5156 3257 5197 nosse
3296 5141 3466 5196 volo?
3511 5138 3687 5208 inquit.

2112 5248 2325 5303 Patrem
2354 5254 2501 5299 tuum
2529 5239 2712 5296 videre
2742 5252 2881 5293 nunc
2905 5249 3115 5307 quaero;
3144 5242 3201 5289 tu
3225 5248 3356 5289 vero
3380 5230 3511 5286 mihi
3536 5226 3690 5290 dicis,

2114 5340 2237 5395 Non
2263 5334 2537 5407 cognovisti
2561 5333 2676 5386 me?
2698 5344 2940 5402 quamam
2965 5329 3078 5383 hzec
3100 5324 3480 5397 consequentia
3497 5322 3523 5376 ἲ
3541 5320 3686 5375 Multa

2113 5445 2264 5485 sitne.
2295 5428 2425 5494 Quia
2457 5425 2597 5480 enim
2629 5423 2796 5477 Filius
2823 5420 3051 5489 idipsum
3079 5416 3328 5487 estquod
3368 5415 3543 5479 Pater,
3576 5423 3681 5464 ma-

2114 5535 2247 5578 nens
2270 5530 2445 5573 tamen
2469 5515 2655 5580 Filius,
2675 5513 2795 5582 jure
2820 5513 2871 5564 in
2898 5524 2955 5565 se
2978 5509 3189 5564 Patrem
3219 5505 3470 5562 ostendit.
3497 5498 3685 5557 Deinde

2115 5612 2428 5683 hypostases
2451 5608 2783 5676 distinguens
2810 5603 2883 5657 ait
2908 5619 2922 5657 :
2954 5598 3054 5669 Qui
3078 5599 3211 5654 videt
3235 5614 3334 5662 me,
3364 5596 3491 5650 videt
3513 5603 3557 5645 ct
3582 5588 3684 5642 I’a-

2113 5682 2237 5759 trem
2253 5744 2266 5771 ,
2295 5718 2360 5757 ue
2386 5699 2504 5773 quis
2530 5698 2727 5753 diceret
2754 5694 2998 5752 eumdem
3026 5706 3145 5747 esse
3167 5689 3377 5745 Patrem
3401 5696 3449 5743 et
3474 5682 3676 5738 Filium.
