4140 6204
477 301 564 357 πη

470 417 519 473 Si
550 414 690 469 enim
723 409 862 465 idem
893 406 1007 476 ipse
1032 403 1195 459 Pater
1206 406 1373 465 esset,
1396 411 1505 451 non
1528 394 1751 454 diceret,
1776 389 1875 457 Qui
1901 387 2046 442 videt

470 521 590 568 me,
637 502 783 556 illttm
812 496 976 553 videt.
1003 489 1282 563 Quomodo
1306 495 1481 542 autem
1511 499 1616 538 non
1646 481 1780 537 dixit
1821 480 1903 544 ei,
1944 479 2050 533 Im-

469 593 741 667 possibilia
764 589 915 661 petis,
941 600 1059 655 qua:
1080 598 1184 638 non
1205 581 1313 637 sint
1332 577 1446 649 puri
1471 572 1738 630 hominis?
1758 569 1886 626 mihi
1911 568 2050 622 cnim

475 660 676 740 lautum
704 660 807 735 hoc
835 674 1097 748 possibile
1110 681 1210 728 est.
1239 669 1372 739 Quia
1397 667 1640 731 dixerat,
1668 661 1863 733 Sufﬁcit
1889 660 2055 724 nobis,

473 774 627 845 quasi
652 773 824 841 ipsum
855 767 1095 830 vidisset,
1124 760 1355 818 ostendit
1381 772 1502 813 eum
1532 768 1702 824 neque
1730 767 1789 807 se
1816 750 2011 804 vidisse
2038 766 2052 803 :

472 839 708 932 alioquin
757 860 903 914 illum
944 855 1198 918 vidisset,
1238 851 1283 905 si
1322 864 1382 904 se
1409 846 1591 901 videre
1617 843 1893 914 potuisset.
1938 839 2059 894 Ideo

475 930 683 1010 dicebat
713 971 727 1005 :
759 949 861 1016 Qui
899 946 1028 1000 videt
1065 958 1177 1008 me,
1209 939 1337 995 uidet
1376 946 1421 992 ct
1449 934 1677 990 Patrem.
1721 932 1776 986 Si
1814 930 1933 1000 quis
1976 939 2063 982 ma

477 1047 622 1109 vidit,
639 1053 693 1098 et
711 1043 856 1096 illum
878 1036 1101 1099 videbit;
1127 1033 1227 1087 hoc
1242 1038 1324 1086 est
1349 1047 1362 1084 :
1386 1026 1568 1096 Neque
1590 1038 1697 1089 me,
1721 1036 1894 1091 neque
1914 1020 2062 1073 illum

481 1146 648 1208 potest
678 1134 797 1205 quis
823 1131 1021 1187 videre.
1050 1125 1325 1194 Philippus
1355 1120 1498 1177 enim
1526 1117 1669 1171 visus
1706 1114 2062 1184 cognitionem

480 1205 751 1301 quarrebat
773 1243 786 1278 :
814 1234 866 1280 et
886 1224 1007 1293 quia
1029 1235 1088 1275 se
1109 1217 1253 1272 illum
1275 1212 1468 1269 vidisse
1486 1208 1722 1281 putabat,
1750 1205 2065 1273 volebatque

480 1297 558 1376 sic
584 1320 794 1374 Patrem
831 1315 1008 1369 videre
1029 1353 1045 1378 ,
1075 1307 1308 1365 ostendit
1346 1306 1517 1375 ipsum
1557 1315 1731 1370 neque
1758 1314 1816 1353 se
1845 1297 2063 1351 vidisse.

553 1406 1056 1466 Consttbstantialitas
1081 1400 1272 1458 Christi
1308 1394 1613 1451 declaratur.
1653 1389 1811 1444 Amor
1845 1388 2069 1460 pecauite

481 1506 710 1560 unde.—
729 1498 880 1569 Quod
907 1497 951 1552 si
979 1495 1101 1566 quis
1130 1492 1216 1547 hic
1242 1488 1499 1544 visionem
1527 1498 1623 1554 pro
1650 1482 1954 1552 cognitione
1984 1480 2065 1533 in-

483 1594 650 1665 telligi
690 1591 851 1655 velit,
898 1602 1001 1642 non
1043 1580 1425 1641 contradieam.
1467 1575 1599 1631 Nam
1640 1573 1731 1643 qui
1770 1587 1855 1627 me
1890 1572 2068 1634 novit,

484 1664 690 1757 inquit,
723 1682 868 1738 novit
904 1688 955 1733 ct
995 1679 1229 1732 Patrem.
1271 1674 1345 1728 At
1379 1686 1483 1725 non
1522 1668 1626 1722 hoc
1666 1666 1837 1732 dicit,
1882 1664 1976 1719 sed
2016 1674 2072 1717 ut

483 1755 1086 1837 Consulistantialitatem
1129 1767 1377 1824 ostendat
1407 1763 1534 1819 dicit
1567 1780 1580 1816 :
1612 1759 1712 1828 Qui
1755 1758 1901 1814 novit
1941 1755 2069 1812 sub-

484 1869 733 1924 stantiam
758 1879 953 1926 meam,
979 1861 1195 1916 novit'et
1218 1856 1409 1911 Patris.
1441 1853 1507 1908 Et
1530 1851 1654 1921 quid
1680 1851 1799 1913 hoc,
1829 1845 2073 1916 inquies?

486 1960 617 2014 Nam
657 1957 745 2028 qui
792 1954 936 2008 novit
977 1961 1275 2006 creaturam
1303 1987 1319 2012 ,
1367 1945 1515 1999 novit
1564 1951 1618 1996 et
1673 1941 1858 1994 Deum.
1913 1934 2073 2005 Atqui

484 2058 997 2106 creaturamoomnes
1035 2048 1230 2096 norunt
1257 2049 1311 2093 et
1343 2035 1556 2097 vident;
1593 2033 1755 2087 Deum
1801 2042 1928 2083 vero
1967 2042 2071 2081 non

486 2155 675 2195 omnes
721 2144 936 2192 norunt.
980 2133 1060 2189 Ad
1106 2133 1257 2197 Ita'c,
1315 2128 1591 2182 videamus
1631 2122 1758 2194 quid
1804 2120 2075 2190 Philippus

491 2232 676 2288 videre
711 2237 914 2300 quaerat
954 2244 968 2280 :
1015 2240 1139 2280 num
1184 2220 1495 2291 sapientEam
1537 2213 1747 2271 Patris?
1787 2228 1913 2268 num
1958 2213 2074 2278 ejus

489 2321 812 2380 bonitatem?
869 2319 1115 2380 Minime;
1169 2313 1299 2380 sul,
1351 2310 1475 2381 quid
1539 2308 1608 2363 sit
1666 2306 1847 2371 Deus,
1906 2304 2071 2374 ipsum

488 2414 861 2469 substantiam.
907 2409 988 2464 Ad
1029 2407 1131 2462 hoc
1158 2402 1445 2474 respondet
1469 2398 1717 2454 Christus
1754 2419 1770 2455 :
1819 2396 1918 2464 Qui
1944 2394 2074 2448 ridet

492 2523 590 2560 me.
618 2504 715 2573 Qui
741 2512 916 2557 autem
941 2508 1240 2555 creaturam
1270 2495 1373 2548 γίώ
1396 2502 1434 2557 ι,
1465 2508 1569 2545 non
1605 2490 1694 2544 Dei
1724 2486 2071 2544 sribstautiam

490 2597 654 2653 videt.
687 2595 788 2662 Qui
818 2593 946 2647 videt
974 2607 1085 2654 me,
1123 2588 1252 2641 videt
1281 2595 1325 2640 ct
1352 2584 1592 2646 Putrem,
1640 2579 1828 2647 inquit.
1859 2576 1913 2631 Si
1941 2575 2074 2629 alte-

488 2690 599 2744 rius
633 2695 774 2742 esset
817 2679 1161 2741 substantize,
1205 2691 1311 2729 non
1352 2673 1455 2727 hoc
1493 2671 1735 2725 dixisset.
1782 2666 1848 2721 Ut
1894 2676 2072 2719 autem

488 2779 748 2837 crassiore
797 2786 914 2830 utar
943 2785 1194 2828 sermone
1225 2784 1239 2822 :
1274 2781 1431 2822 nemo
1469 2763 1559 2834 qui
1597 2776 1784 2815 aurum
1834 2760 2071 2828 ignoret,

488 2872 542 2925 in
573 2878 792 2941 argento
822 2866 935 2921 auri
966 2862 1319 2918 substantiam
1353 2855 1534 2911 videre
1563 2860 1774 2922 potest:
1805 2865 1908 2903 non
1931 2849 2071 2903 enim

491 2961 591 3015 alia
620 2939 805 3014 natura
834 2972 926 3025 per
949 2955 1104 3009 aliam
1130 2949 1477 3021 dignoscitur.
1505 2945 1629 3000 Ideo
1647 2944 1764 3009 iure
1786 2939 2076 3008 increpavit

492 3052 675 3106 dicens
703 3066 717 3102 ε
746 3047 911 3101 Tanto
942 3055 1162 3112 tempore
1190 3042 1439 3096 vobiscum
1468 3052 1601 3091 sum.
1632 3034 1797 3088 Tanta
1830 3031 2075 3100 dignatus

492 3157 554 3197 es
577 3140 836 3203 doctrina,
861 3137 1033 3213 vidisti
1055 3135 1201 3205 signa
1223 3148 1342 3187 eum
1363 3128 1677 3184 auctoritate
1702 3125 1857 3189 facta,
1884 3132 2076 3178 erom-

495 3236 581 3289 nia
605 3247 724 3304 qua:
746 3229 1037 3286 divinitatis
1061 3235 1213 3282 erant
1237 3221 1470 3293 propria,
1500 3226 1555 3275 et
1578 3217 1720 3289 quod
1751 3216 1905 3270 Pater
1929 3213 2077 3267 solus

494 3326 656 3389 facit,
687 3331 902 3394 peccata
934 3319 1155 3374 remissa
1179 3357 1194 3382 ,
1223 3328 1415 3371 arcana
1452 3313 1523 3366 in,
1552 3309 1782 3366 medium
1810 3306 2031 3361 adducta
2059 3345 2073 3370 ,

496 3420 1010 3485 iugatammortem,
1037 3408 1361 3466 creationem
1374 3420 1452 3460 ,ει
1479 3412 1617 3460 terra
1650 3401 1859 3465 facutm,
1888 3395 1956 3453 Et
1978 3412 2078 3451 non

497 3505 773 3579 cognouisti
800 3503 934 3558 me?

564 3577 617 3654 Ξ.
657 3597 790 3665 Quia
819 3594 958 3650 enim
996 3605 1157 3647 carne
1194 3585 1548 3644 circumdatus
1579 3592 1725 3647 erat,
1761 3580 1879 3635 ideo
1908 3577 2077 3643 dixit,

500 3691 619 3747 Non
642 3687 912 3761 cognouisti
929 3700 1027 3739 me.
1047 3682 1236 3739 Vidisti
1253 3678 1505 3734 Patrem?
1525 3676 1602 3733 Ne
1616 3689 1833 3746 quaeras
1848 3670 2078 3741 amplius

495 3784 679 3839 videre
710 3799 724 3836 :
753 3781 807 3835 in
841 3794 926 3833 me
969 3775 1110 3832 enim
1149 3774 1297 3829 illum
1343 3769 1541 3824 vidisti.
1582 3768 1639 3823 Si
1670 3764 1844 3822 vidisti
1876 3777 1989 3827 me,
2015 3775 2083 3817 ne

496 3875 707 3930 curiose
734 3870 968 3941 inquiras
996 3886 1010 3923 :
1038 3867 1232 3920 etenim
1261 3864 1312 3917 in
1338 3876 1426 3916 me
1448 3860 1621 3928 ipsum
1651 3855 1807 3911 nosti.
1840 3853 1928 3910 l0.
1961 3849 2082 3906 Non

498 3965 658 4019 credis
676 3965 792 4033 quia
817 3976 906 4031 ego
929 3960 983 4012 in
1006 3955 1203 4011 Patre?
1219 3954 1332 4009 Hoc
1359 3960 1461 4018 est,
1487 3949 1543 4004 In
1566 3950 1651 4003 illa
1677 3945 1969 4002 substantia
1991 3959 2085 4012 ap-

503 4068 681 4122 pareo.
721 4051 884 4105 Verba
904 4063 1129 4120 qum-ego
1150 4047 1346 4115 loquor,
1374 4059 1405 4096 a
1436 4042 1624 4105 meipso
1651 4056 1750 4092 non
1772 4038 1967 4103 loquor.
1995 4034 2086 4087 Vi-

503 4145 621 4199 deu‘
636 4141 1042 4213 propinquitatis
1056 4150 1356 4199 excessum,
1372 4140 1428 4187 et
1444 4134 1596 4185 unius
1616 4127 1923 4184 substantia:
1939 4140 2087 4201 argit-

508 4234 783 4291 mentum?
816 4230 973 4287 Pater
1000 4237 1166 4282 autem
1188 4227 1240 4279 in
1267 4241 1346 4279 me
1371 4239 1600 4284 manens,
1630 4221 1735 4290 ipse
1763 4217 1881 4288 facit
1910 4232 2083 4286 Opera.

507 4324 786 4393 Quomodo
809 4337 841 4377 a
866 4320 1044 4375 verbis
1071 4331 1230 4372 orsus
1248 4355 1265 4380 ,
1296 4313 1486 4368 transit
1513 4309 1580 4365 ad
1610 4307 1808 4378 opera?
1851 4306 1930 4361 Ex
1955 4319 2086 4359 con-

508 4417 749 4487 sequenti
776 4413 915 4468 enim
943 4410 1124 4465 dicere
1147 4407 1348 4472 debuit,
1380 4404 1495 4473 Ipse
1519 4401 1751 4471 loquitur
1771 4398 1967 4463 verba;
1993 4395 2087 4452 sed

509 4508 616 4562 duo
654 4505 740 4560 hic
782 4503 949 4573 ponit,
989 4497 1287 4554 doctrinam
1319 4504 1375 4550 et
1397 4494 1581 4564 signa;
1614 4490 1699 4546 vel
1743 4488 1885 4560 quod
1926 4489 2086 4543 etiam

507 4598 669 4654 verba
701 4604 881 4651 essent
904 4605 1086 4661 opera.
1118 4586 1396 4657 Quomodo
1420 4598 1550 4654 ergo
1576 4581 1700 4636 facit
1725 4579 1849 4635 ille?
1876 4577 2086 4633 Etenim

509 4691 633 4747 alibi
658 4690 786 4744 dicit
814 4704 827 4740 :
857 4686 918 4741 Si
943 4701 1044 4738 non
1073 4683 1207 4755 facio
1232 4696 1386 4749 opera
1437 4676 1611 4730 Patris
1643 4674 1759 4738 mei,
1787 4670 1943 4726 nolite
1967 4670 2090 4724 milii

510 4777 931 4851 crsdere(loan.
960 4776 1047 4832 10.
1079 4772 1182 4846 '57)
1220 4790 1235 4828 :
1265 4769 1532 4842 quomodo
1577 4781 1706 4838 ergo
1750 4765 1835 4820 hic
1876 4764 2087 4819 Patrem

510 4875 687 4929 facere
714 4870 884 4927 dicit?
935 4868 1046 4923 [Ioc
1073 4868 1245 4936 ipsum
1274 4864 1532 4926 indicans,
1564 4858 1694 4913 nihil
1721 4857 1950 4911 medium
1971 4868 2091 4909 esse

513 4968 647 5021 inter
689 4965 897 5018 l’atrem
938 4969 994 5015 et
1036 4959 1257 5021 Filium;
1309 4955 1410 5009 hoc
1457 4960 1561 5017 est,
1610 4949 1722 5004 Non
1772 4949 1926 5001 aliter
1969 4945 2094 4999 fecit

513 5059 688 5120 Pater,
711 5055 864 5108 aliter
885 5068 987 5122 ego
1010 5049 1144 5105 facio
1173 5067 1189 5103 :
1212 5045 1471 5116 siquidem
1494 5042 1619 5096 alibi
1639 5049 1696 5096 et
1720 5041 1834 5108 ipse
1859 5047 1912 5090 et
1934 5036 2092 5090 Pater

510 5148 718 5219 operari
755 5145 987 5200 dicitur:
1020 5142 1173 5195 Pater
1199 5154 1336 5192 meus
1365 5151 1519 5204 usque
1567 5130 1716 5184 modo
1754 5138 2023 5197 aperatur,
2046 5134 2092 5178 et

510 5256 601 5311 ego
630 5254 810 5309 operor
833 5234 1022 5303 (Joau.
1056 5233 1109 5288 5.
1142 5232 1207 5284 I7
1236 5232 1273 5297 ).
1314 5226 1427 5281 Illic
1471 5223 1669 5279 nullam
1708 5234 1828 5274 esse
1870 5233 2090 5288 operum

510 5308 886 5394 dill‘ereutiam,
938 5326 1025 5379 hic
1076 5322 1307 5392 idipsum
1355 5316 1573 5372 indicat.
1628 5309 1779 5378 Quod
1832 5309 1876 5363 si
1923 5308 2090 5378 prima

514 5423 688 5478 fronte
712 5418 875 5474 verba
904 5417 1137 5486 aliquam
1185 5408 1439 5466 exhibent
1492 5401 1866 5463 humilitatem,
1898 5411 1965 5452 ue
1991 5397 2092 5450 tui-

513 5512 667 5569 reris.
698 5510 829 5566 Nam
860 5524 979 5564 cum
1033 5505 1180 5575 prius
1222 5500 1464 5562 dixisset,
1497 5493 1619 5548 Non
1645 5490 1827 5553 credis,
1873 5500 1994 5541 tunc
2018 5487 2097 5541 sic

514 5608 764 5677 loquutus
784 5611 865 5659 est
891 5617 906 5666 ;
935 5597 1223 5655 ostendens
1247 5608 1308 5649 se
1337 5589 1457 5645 ideo
1478 5589 1549 5641 ita
1572 5583 1731 5640 verba
1752 5591 2091 5648 temperasse,

513 5711 565 5755 ut
584 5673 742 5754 illum
784 5694 846 5750 ad
890 5691 1046 5749 Iidem
1094 5686 1403 5743 adduceret.
1459 5680 1516 5735 In
1566 5673 1816 5732 cordibus
1866 5685 2093 5741 namque

1433 281 1502 337 IN
1538 275 1856 337 JO‘ANNEM
1898 272 2128 329 ιιοδιιι.
2171 270 2400 327 LXXIV.
2445 271 2514 324 al.
2558 269 2786 326 LXXIII.

3640 269 3746 320 ιωεο.

2156 388 2694 463 corum-tersabatur.
2730 389 2816 443 II.
2846 386 3059 442 Creditis
3105 387 3226 458 quia
3245 403 3335 457 ego
3380 386 3432 439 in
3480 383 3655 446 Patre.
3698 395 3744 435 et

2162 478 2313 535 Pater
2355 481 2407 535 in
2444 483 2566 536 me?
2617 480 2907 550 Oportebat
2932 492 3080 537 cer3e
3106 495 3197 535 vos
3222 479 3503 535 audientes
3532 478 3744 534 Patrem

2157 582 2220 627 et
2241 572 2587 638 Filium,.non
2617 573 2759 627 aliud
2787 587 3029 641 quaerere
3071 571 3136 625 ad
3183 570 3562 633 declarandum
3614 573 3745 625 sub-

2160 666 2406 721 atantiam
2437 680 2557 719 esse
2583 664 2846 719 eamdem.
2876 662 3024 731 Quod
3052 662 3095 718 si
3124 662 3228 717 huc
3257 678 3364 717 non
3388 663 3518 718 satis
3544 671 3626 718 est
3656 677 3748 714 vo-

2169 757 2252 812 bis
2292 755 2359 811 ad
2405 755 2871 810 demonstrandam
2904 754 3123 810 beuoris
3150 753 3505 824 tequalitatem
3534 764 3587 810 et
3616 769 3753 809 cou-

2163 848 2659 904 subsutntialitatetn
2683 890 2697 913 ,
2723 848 2791 902 ab
2820 848 3069 918 operibus
3095 864 3308 918 quoque
3344 846 3553 903 diScite.
3585 846 3739 900 Illud.

2164 954 2288 1008 que,
2321 938 2422 1006 Qui
2452 937 2583 992 ridet
2613 955 2708 1004 me,
2738 938 2867 993 ridet
2892 950 2937 993 et
2974 939 3172 992 Patrem
3201 954 3384 1001 meum,
3413 933 3455 992 si
3483 937 3550 993 de
3570 938 3748 1008 operi-

2166 1029 2263 1085 bus
2278 1028 2474 1084 dictum
2496 1038 2657 1095 esset,
2689 1046 2793 1083 non
2815 1028 3037 1084 dixisset
3064 1037 3244 1099 postea
3269 1046 3282 1083 :
3310 1028 3406 1084 Sin
3437 1029 3601 1082 minus
3629 1045 3749 1095 pro-

2170 1130 2280 1190 pter
2304 1137 2457 1189 opera
2485 1121 2671 1174 credite
2700 1121 2842 1174 mihi.
2876 1120 3073 1175 Deinde
3098 1119 3389 1175 ostendens
3417 1134 3476 1174 se
3500 1133 3604 1174 non
3633 1118 3752 1172 haec

2171 1218 2370 1266 tantum
2416 1226 2604 1281 posse,
2640 1210 2732 1266 sed
2777 1221 2831 1267 et
2868 1211 2971 1265 alia
3020 1211 3102 1267 his
3144 1211 3310 1264 multo
3356 1212 3554 1278 majora
3581 1251 3596 1274 ,
3628 1226 3750 1264 cum

2171 1302 2462 1374 hyperbole
2491 1303 2580 1357 illa
2608 1303 2774 1373 ponit.
2829 1302 3014 1373 Neque
3056 1302 3197 1356 enim
3229 1302 3389 1368 dicit,
3423 1302 3513 1355 llis
3545 1301 3747 1370 majora

2173 1408 2389 1464 possum
2417 1391 2630 1459 facere;
2659 1391 2921 1461 sed,quod
2953 1392 3108 1462 longe
3153 1390 3467 1456 mirabilius,
3523 1391 3586 1444 Et
3611 1391 3750 1452 aliis,

2175 1484 2364 1555 inquit,
2396 1499 2608 1554 possum
2639 1483 2941 1539 facultatem
2982 1482 3111 1536 dare
3140 1480 3341 1551 majora
3385 1480 3468 1534 his
3498 1480 3743 1534 faciendi.

2178 1574 2264 1629 12.
2297 1575 2473 1637 Amen,
2503 1590 2647 1627 amen
2668 1573 2780 1625 dico
2804 1572 2959 1636 vobis,
2982 1571 3065 1642 qui
3091 1570 3248 1624 credit
3270 1570 3437 1634 inme,
3466 1585 3620 1640 Opera
3641 1584 3755 1639 qua:

2175 1680 2268 1736 ego
2310 1666 2465 1735 facio,
2496 1672 2540 1717 et
2567 1664 2674 1732 ipse
2724 1662 2896 1731 faciet,
2926 1670 2971 1715 et
3000 1662 3198 1731 majora
3225 1660 3303 1714 Itis
3329 1660 3499 1730 faciet,
3540 1661 3660 1731 quia
3686 1657 3756 1713 ad

2181 1755 2383 1810 Putrem
2411 1755 2559 1809 vado.
2612 1755 2722 1809 Iloe
2768 1762 2869 1819 est,
2919 1751 3168 1808 Vestrum
3194 1751 3296 1806 erit
3322 1750 3570 1821 deinceps
3597 1752 3756 1805 mira-

2176 1850 2295 1905 cula
2350 1848 2543 1912 edere;
2597 1862 2697 1917 ego
2740 1847 2879 1901 enim
2932 1844 3088 1902 abeo.
3149 1842 3350 1899 Deinde
3399 1858 3522 1899 cum
3576 1842 3754 1912 perfe-

2176 1930 2338 1997 cisset
2387 1955 2449 1996 ea
2502 1956 2618 2010 qua:
2669 1954 2850 1995 sermo
2905 1937 3208 2003 indicabat,
3239 1936 3408 1992 dicit:
3438 1935 3527 1990 I5.
3577 1934 3756 2002 Quod-

2177 2049 2386 2104 cumque
2440 2032 2678 2102 petieritis
2728 2032 2780 2085 in
2837 2031 3037 2084 nomine
3089 2045 3218 2091 meo,
3247 2027 3536 2098 accipietis,
3567 2036 3615 2080 et
3663 2042 3754 2097 ego

2178 2125 2272 2178 Itoc
2318 2123 2523 2195 faciam,
2555 2131 2610 2176 ut
2636 2122 2689 2176 in
2718 2137 2796 2175 me
2843 2120 3154 2192 gloriﬁcatur
3201 2117 3379 2175 Pater.
3414 2117 3596 2172 Viden‘
3623 2132 3757 2186 quo-

2177 2216 2337 2272 modo
2372 2231 2579 2271 rursum
2625 2216 2726 2270 hoc
2771 2215 2885 2284 ipse
2929 2212 3127 2268 faciat?
3157 2209 3270 2283 Ego
3298 2211 3519 2282 faciant,
3549 2208 3751 2278 inquit,

2178 2318 2232 2366 et
2257 2325 2361 2365 non
2383 2308 2542 2375 dixit,
2568 2307 2785 2377 Rogabo
2813 2307 3020 2361 Patrem
3043 2324 3059 2372 ;
3086 2303 3203 2366 sed,
3235 2301 3302 2357 Ut
3326 2302 3379 2354 in
3408 2316 3486 2354 ine
3505 2298 3756 2370 gloriﬁce-

2180 2413 2262 2458 tur
2288 2403 2462 2458 Pater.
2497 2404 2572 2475 (a)
2610 2394 2630 2469 l
2659 2401 2817 2471 Atqui
2849 2398 3059 2455 dicebat
3085 2395 3212 2451 alibi
3242 2412 3256 2448 :
3291 2393 3427 2447 Deus
3452 2391 3754 2463 gloriﬁcabit

2178 2511 2287 2549 eum
2311 2497 2363 2549 in
2382 2495 2544 2565 seipso
2556 2509 2576 2558 ;
2600 2494 2683 2548 hic
2704 2507 2849 2555 vero,
2872 2489 2989 2561 Ipse
3007 2486 3321 2559 gloriﬁcabit
3343 2485 3551 2540 Patrem
3562 2482 3599 2557 .]
3621 2484 3752 2538 Cum

2179 2587 2318 2640 enim
2371 2585 2537 2640 Filius
2584 2598 2772 2655 magna
2831 2596 2986 2652 posse
3035 2577 3482 2649 deprehendetur.
3530 2575 3753 2631 Genitor

2177 2678 2573 2749 glorificabitnr.
2621 2678 2753 2745 Quid
2794 2675 2894 2732 sibi
2932 2675 3038 2729 vult
3063 2673 3212 2741 illud,
3261 2670 3328 2727 In
3369 2671 3568 2725 nomine
3608 2671 3757 2724 meo?

2177 2770 2328 2838 Quod
2359 2769 2583 2840 apostoli
2611 2768 2876 2831 dicebant,
2900 2765 2968 2820 In
2994 2765 3193 2820 nomine
3214 2762 3359 2817 Jesu.
3391 2760 3576 2816 Christi
3608 2777 3757 2830 surge

2177 2872 2225 2917 et
2250 2862 2473 2917 ambula.
2505 2862 2691 2918 Omnia
2721 2860 2915 2931 quippe
2943 2859 3092 2928 signa
3119 2873 3237 2929 qua:
3260 2856 3333 2911 illi
3361 2853 3610 2920 edebant,
3645 2855 3757 2923 ipse

2178 2957 2516 3026 Opi-rabatur,
2554 2954 2615 3007 Et
2644 2971 2822 3008 manus
2851 2952 3057 3007 Domini
3080 2961 3189 3007 erat
3215 2965 3329 3004 cum
3357 2948 3462 3004 illis
3489 2948 3636 3022 (Act.
3664 2948 3752 3002 11.

2179 3049 2303 3118 ΞΙι).
2337 3050 2423 3103 I4".
2461 3047 2568 3117 Ego
2597 3046 2780 3118 faciunt
2805 3084 2820 3111 ,
2859 3043 3051 3112 inquit.
3105 3042 3292 3097 Viden‘
3342 3037 3757 3095 auctoritatem?

2178 3157 2295 3211 qnu-
2327 3154 2419 3209 per
2437 3139 2571 3192 alios
2594 3137 2746 3203 ﬁunt,
2770 3136 2883 3206 ipse
2904 3132 3027 3189 facit
3050 3148 3066 3195 ;
3093 3140 3150 3187 et
3170 3146 3290 3201 qum
3315 3146 3410 3200 per
3434 3144 3513 3194 se,
3539 3145 3642 3183 non
3664 3143 3756 3197 po-

2183 3232 2298 3288 terit
2322 3273 2337 3298 ,
2366 3230 2464 3286 nisi
2492 3230 2649 3285 Patre
2673 3228 2776 3282 vim
2808 3224 3005 3281 dante?
3033 3223 3225 3294 Ecquis
3251 3221 3365 3277 haec
3391 3218 3623 3275 dixerit?
3648 3218 3758 3274 Cur

2184 3325 2285 3379 hac
2308 3321 2599 3379 secundum
2631 3318 2816 3391 ponit?
2843 3316 2912 3372 Ut
2938 3330 3092 3371 suum
3120 3314 3405 3369 confirmet
3427 3325 3752 3370 sermonem.

2182 3426 2241 3473 et
2276 3414 2522 3471 ostendat
2574 3413 2747 3481 priora
2798 3425 2892 3480 per
2938 3405 3431 3477 attemperationem
3472 3403 3753 3475 quamdam

2182 3511 2319 3565 dicta
2348 3508 2526 3563 fuisse.
2554 3505 2681 3561 Illud
2706 3514 2904 3567 autent,
2926 3500 3008 3557 Ad
3036 3499 3241 3553 Patrem
3267 3498 3415 3565 vado,
3444 3497 3494 3551 id
3518 3508 3618 3559 est,
3642 3496 3755 3550 Non

2183 3616 2364 3673 pereo,
2398 3597 2490 3654 sed
2534 3597 2586 3652 iu
2628 3595 2839 3667 prOpria
2894 3591 3150 3662 dignitate
3191 3604 3381 3645 maneo
3408 3630 3422 3651 ,
3455 3588 3584 3642 etin
3613 3588 3760 3643 melis

2183 3709 2322 3748 sum.
2378 3690 2500 3745 llrec
2526 3704 2683 3759 porro
2707 3685 2883 3740 omnia
2916 3684 3023 3739 illis
3060 3681 3128 3738 ad
3169 3680 3591 3737 consolationem
3615 3678 3760 3734 dice-

2186 3786 2292 3841 bat.
2315 3784 2446 3850 Quia
2471 3782 2612 3838 enim
2643 3778 2895 3835 credibile
2918 3784 3032 3832 erat
3057 3790 3181 3839 eos,
3210 3773 3299 3845 qui
3325 3773 3556 3828 nondum
3586 3786 3763 3830 resut-

2187 3877 2438 3934 rectiouis
2477 3875 2733 3930 rationem
2763 3870 2927 3941 probe
2959 3875 3236 3934 noverant,
3267 3866 3417 3921 triste
3460 3864 3658 3935 aliquid
3707 3865 3759 3919 iu

2186 3972 2364 4026 animo
2390 3982 2621 4031 versare,
2645 3965 2760 4019 aliis
2781 3964 2922 4033 ipsos
2948 3960 3065 4015 hinc
3088 3959 3305 4013 daturos
3332 3971 3451 4013 esse
3478 3957 3759 4026 promittit,

2190 4063 2382 4130 ubique
2411 4073 2602 4114 curans
2626 4056 2764 4119 illos,
2792 4063 2845 4109 et
2870 4050 3157 4106 ostendens
3183 4063 3242 4103 se
3265 4063 3477 4117 semper
3507 4061 3758 4109 manere;

2192 4168 2290 4209 ure
2320 4165 2533 4205 manere
2566 4145 2754 4211 modo,
2782 4142 2878 4198 sed
2916 4141 3076 4198 etiam
3122 4139 3377 4210 majorem
3407 4136 3759 4193 cxhibiturum

2190 4261 2248 4299 se
2283 4243 2551 4297 virtutem.

2260 4339 2313 4395 5.
2362 4334 2575 4391 Muralis
2599 4330 2899 4387 exhortatio.
2949 4327 3273 4396 Sacriﬁcium
3296 4339 3436 4379 nera:
3454 4338 3602 4389 quant
3631 4335 3764 4389 pra:—

2190 4440 2281 4486 stet
2307 4427 2555 4497 sacriﬁcio
2584 4426 2755 4479 ceteris
2785 4423 2926 4492 legis.
2944 4450 3016 4461 —
3034 4419 3331 4490 Sequamur
3356 4433 3482 4486 ergo
3511 4415 3678 4477 illum,
3711 4422 3766 4468 et

2192 4535 2404 4578 crucem
2428 4518 2692 4573 tollamus.
2719 4513 2936 4569 Etiamsi
2962 4511 3102 4566 enim
3132 4508 3276 4564 nulla
3303 4507 3374 4564 sit
3404 4504 3763 4576 persequutio,

2192 4613 2409 4669 alterius
2435 4619 2611 4665 tatuen
2638 4606 2827 4662 mortis
2873 4615 3079 4672 tempus
3122 4602 3292 4655 adest.
3334 4597 3657 4667 Mortiﬁcate,
3683 4594 3767 4653 in-

2192 4707 2341 4775 quit,
2366 4701 2586 4756 membra
2634 4709 2794 4754 ucstra
2816 4738 2830 4763 ,
2859 4711 2969 4765 quia
2991 4702 3103 4749 sunt
3128 4707 3278 4760 super
3333 4699 3515 4743 terram
3533 4690 3549 4756 (
3567 4684 3677 4741 Col.
3713 4685 3765 4740 5.

2192 4797 2285 4868 5).
2307 4795 2714 4863 Exstinguamus
2737 4805 2863 4858 ergo
2884 4780 3384 4855 concupiscentiam,
3401 4776 3763 4849 opprimamus

2194 4890 2348 4953 iram,
2373 4887 2619 4941 tollamus
2643 4880 2914 4936 invidiam.
2944 4877 3054 4933 [loc
3073 4886 3155 4931 est
3180 4875 3352 4929 vivum
3399 4869 3716 4928 sacriﬁcium
3750 4884 3763 4918 :

2192 4982 2332 5053 quod
2348 4978 2661 5035 sacriﬁcium
2685 4991 2789 5030 non
2809 4972 3003 5029 desinit
3021 4970 3073 5024 in
3094 4969 3350 5031 cinerem,
3369 4980 3473 5021 non
3496 4966 3556 5023 in,
3570 4963 3768 5015 fumum

2194 5051 2543 5136 diﬂ‘unditur,
2593 5083 2698 5123 non
2752 5074 2872 5135 eget
2925 5062 3094 5131 lignis.
3129 5069 3183 5115 et
3239 5060 3392 5130 igne,
3441 5055 3519 5109 vel
3572 5051 3767 5122 gladio.

2195 5166 2374 5235 Ignem
2422 5164 2617 5231 quippe
2645 5158 2805 5213 habet
2830 5166 2882 5212 et
2909 5154 3169 5227 gladium,
3197 5150 3448 5220 Spiritum
3502 5152 3769 5198 sanctum.

2197 5234 2309 5313 Iloc
2329 5272 2456 5310 usus
2479 5253 2674 5324 gladio,
2692 5245 3011 5304 circumcide
3026 5242 3201 5298 cordis
3215 5237 3478 5308 superflua
3501 5243 3553 5288 et
3572 5234 3769 5300 aliena,

2196 5352 2340 5424 aperi
2371 5349 2641 5403 obturatas
2667 5355 2841 5397 aures.
2865 5338 3029 5394 Morbi
3057 5347 3279 5402 namque
3302 5339 3353 5384 et
3385 5326 3538 5383 mala:
3578 5339 3771 5380 concu-

2200 5442 2468 5516 piscentia:
2492 5438 2666 5491 solent
2687 5432 2848 5488 verbo
2872 5430 3072 5487 aditum
3099 5425 3393 5480 obstruere.
3422 5418 3771 5474 Pecuniaruut

2199 5507 2625 5603 concupiscentia
2653 5540 2756 5581 non
2786 5522 2912 5578 sinit
2957 5517 3143 5574 audire
3192 5512 3408 5570 verbum
3439 5509 3505 5564 de
3536 5507 3763 5563 elecmo-

2267 5670 2341 5735 (ᾳ)
2375 5666 2429 5718 In
2451 5662 2733 5727 quibusdam
2756 5658 2928 5708 desunt
2953 5667 3061 5718 qua!
3086 5650 3269 5702 uncinis
3290 5644 3588 5698 clauduntur.
