  <div class='ocr_page' id='page_1' title='image "/cluster/home/n/w/nwhite01/storage/ocr_20150623/59/hvd.32044052786589/405.png"; bbox 0 0 4140 6204; ppageno 0'>
   <div class='ocr_carea' id='block_1_1' title="bbox 453 267 556 324">
    <p class='ocr_par' dir='ltr' id='par_1_1' title="bbox 453 267 556 324">
     <span class='ocr_line' id='line_1_1' title="bbox 453 267 556 324; baseline -0.019 0"><span class='ocrx_word' id='word_1_1' title='bbox 453 267 556 324; x_wconf 66' lang='grc' dir='ltr'><strong>4θῖ</strong></span> 
     </span>
    </p>
   </div>
   <div class='ocr_carea' id='block_1_2' title="bbox 449 381 2033 454">
    <p class='ocr_par' dir='ltr' id='par_1_2' title="bbox 449 381 2033 454">
     <span class='ocr_line' id='line_1_2' title="bbox 449 381 2033 454; baseline -0.001 -15"><span class='ocrx_word' id='word_1_2' title='bbox 449 398 613 454; x_wconf 84' lang='lat' dir='ltr'><strong>syna;</strong></span> <span class='ocrx_word' id='word_1_3' title='bbox 665 382 857 436; x_wconf 84' lang='lat' dir='ltr'><strong>invidia</strong></span> <span class='ocrx_word' id='word_1_4' title='bbox 901 381 1160 436; x_wconf 84' lang='lat' dir='ltr'><strong>accedens</strong></span> <span class='ocrx_word' id='word_1_5' title='bbox 1187 392 1332 434; x_wconf 89' lang='lat' dir='ltr'><strong>arcet</strong></span> <span class='ocrx_word' id='word_1_6' title='bbox 1357 381 1653 435; x_wconf 85' lang='lat' dir='ltr'><strong>doctrinam</strong></span> <span class='ocrx_word' id='word_1_7' title='bbox 1686 382 1754 438; x_wconf 87' lang='lat' dir='ltr'><strong>de</strong></span> <span class='ocrx_word' id='word_1_8' title='bbox 1781 384 2033 446; x_wconf 81' lang='lat' dir='ltr'><strong>caritate;</strong></span> 
     </span>
    </p>
   </div>
   <div class='ocr_carea' id='block_1_3' title="bbox 448 472 2032 545">
    <p class='ocr_par' dir='ltr' id='par_1_3' title="bbox 448 472 2032 545">
     <span class='ocr_line' id='line_1_3' title="bbox 448 472 2032 545; baseline -0.003 -15"><span class='ocrx_word' id='word_1_9' title='bbox 448 477 690 545; x_wconf 90' lang='lat' dir='ltr'><strong>aliusque</strong></span> <span class='ocrx_word' id='word_1_10' title='bbox 739 489 947 528; x_wconf 83' lang='lat' dir='ltr'><strong>rursum</strong></span> <span class='ocrx_word' id='word_1_11' title='bbox 993 473 1241 543; x_wconf 83' lang='lat' dir='ltr'><strong>ingruens</strong></span> <span class='ocrx_word' id='word_1_12' title='bbox 1268 472 1483 527; x_wconf 88' lang='lat' dir='ltr'><strong>morbus</strong></span> <span class='ocrx_word' id='word_1_13' title='bbox 1509 473 1738 529; x_wconf 89' lang='lat' dir='ltr'><strong>animam</strong></span> <span class='ocrx_word' id='word_1_14' title='bbox 1765 474 1937 530; x_wconf 89' lang='lat' dir='ltr'><strong>reddit</strong></span> <span class='ocrx_word' id='word_1_15' title='bbox 1967 473 2032 527; x_wconf 90' lang='lat' dir='ltr'><strong>ad</strong></span> 
     </span>
    </p>
   </div>
   <div class='ocr_carea' id='block_1_4' title="bbox 447 565 2036 637">
    <p class='ocr_par' dir='ltr' id='par_1_4' title="bbox 447 565 2036 637">
     <span class='ocr_line' id='line_1_4' title="bbox 447 565 2036 637; baseline -0.002 -15"><span class='ocrx_word' id='word_1_16' title='bbox 447 568 625 622; x_wconf 92' lang='lat' dir='ltr'><strong>omnia</strong></span> <span class='ocrx_word' id='word_1_17' title='bbox 653 567 976 637; x_wconf 83' lang='lat' dir='ltr'><strong>segniorem.</strong></span> <span class='ocrx_word' id='word_1_18' title='bbox 1003 565 1277 620; x_wconf 86' lang='lat' dir='ltr'><strong>Tollantus</strong></span> <span class='ocrx_word' id='word_1_19' title='bbox 1305 579 1434 636; x_wconf 83' lang='lat' dir='ltr'><strong>ergo</strong></span> <span class='ocrx_word' id='word_1_20' title='bbox 1460 565 1622 619; x_wconf 85' lang='lat' dir='ltr'><strong>malas</strong></span> <span class='ocrx_word' id='word_1_21' title='bbox 1651 566 2036 636; x_wconf 85' lang='lat' dir='ltr'><strong>concupiscen-</strong></span> 
     </span>
    </p>
   </div>
   <div class='ocr_carea' id='block_1_5' title="bbox 445 656 2031 727">
    <p class='ocr_par' dir='ltr' id='par_1_5' title="bbox 445 656 2031 727">
     <span class='ocr_line' id='line_1_5' title="bbox 445 656 2031 727; baseline -0.003 -11"><span class='ocrx_word' id='word_1_22' title='bbox 445 662 566 718; x_wconf 79' lang='lat' dir='ltr'><strong>tias.</strong></span> <span class='ocrx_word' id='word_1_23' title='bbox 598 660 726 714; x_wconf 88' lang='lat' dir='ltr'><strong>Nam</strong></span> <span class='ocrx_word' id='word_1_24' title='bbox 754 658 948 713; x_wconf 82' lang='lat' dir='ltr'><strong>sufficit</strong></span> <span class='ocrx_word' id='word_1_25' title='bbox 979 659 1133 725; x_wconf 82' lang='lat' dir='ltr'><strong>velle,</strong></span> <span class='ocrx_word' id='word_1_26' title='bbox 1163 667 1216 713; x_wconf 91' lang='lat' dir='ltr'><strong>et</strong></span> <span class='ocrx_word' id='word_1_27' title='bbox 1241 660 1417 712; x_wconf 91' lang='lat' dir='ltr'><strong>omnia</strong></span> <span class='ocrx_word' id='word_1_28' title='bbox 1445 658 1869 727; x_wconf 81' lang='lat' dir='ltr'><strong>exstinguuntur.</strong></span> <span class='ocrx_word' id='word_1_29' title='bbox 1923 656 2031 724; x_wconf 83' lang='lat' dir='ltr'><strong>Ne,</strong></span> 
     </span>
    </p>
   </div>
   <div class='ocr_carea' id='block_1_6' title="bbox 445 748 2034 821">
    <p class='ocr_par' dir='ltr' id='par_1_6' title="bbox 445 748 2034 821">
     <span class='ocr_line' id='line_1_6' title="bbox 445 748 2034 821; baseline -0.001 -18"><span class='ocrx_word' id='word_1_30' title='bbox 445 765 646 821; x_wconf 78' lang='lat' dir='ltr'><strong>qmeso,</strong></span> <span class='ocrx_word' id='word_1_31' title='bbox 678 749 805 804; x_wconf 90' lang='lat' dir='ltr'><strong>illud</strong></span> <span class='ocrx_word' id='word_1_32' title='bbox 852 748 1208 812; x_wconf 87' lang='lat' dir='ltr'><strong>attendamus,</strong></span> <span class='ocrx_word' id='word_1_33' title='bbox 1241 750 1583 818; x_wconf 85' lang='lat' dir='ltr'><strong>pecuniarum</strong></span> <span class='ocrx_word' id='word_1_34' title='bbox 1635 762 1873 802; x_wconf 80' lang='lat' dir='ltr'><strong>amorem</strong></span> <span class='ocrx_word' id='word_1_35' title='bbox 1913 763 2034 803; x_wconf 79' lang='lat' dir='ltr'><strong>esse</strong></span> 
     </span>
    </p>
   </div>
   <div class='ocr_carea' id='block_1_7' title="bbox 445 840 2029 916">
    <p class='ocr_par' dir='ltr' id='par_1_7' title="bbox 445 840 2029 916">
     <span class='ocr_line' id='line_1_7' title="bbox 445 840 2029 916; baseline -0.004 -18"><span class='ocrx_word' id='word_1_36' title='bbox 445 842 815 916; x_wconf 82' lang='lat' dir='ltr'><strong>tyrannidem,</strong></span> <span class='ocrx_word' id='word_1_37' title='bbox 868 844 963 898; x_wconf 88' lang='lat' dir='ltr'><strong>sed</strong></span> <span class='ocrx_word' id='word_1_38' title='bbox 1019 859 1145 898; x_wconf 89' lang='lat' dir='ltr'><strong>vere</strong></span> <span class='ocrx_word' id='word_1_39' title='bbox 1201 841 1536 914; x_wconf 83' lang='lat' dir='ltr'><strong>tyrannidem</strong></span> <span class='ocrx_word' id='word_1_40' title='bbox 1586 855 1706 894; x_wconf 90' lang='lat' dir='ltr'><strong>esse</strong></span> <span class='ocrx_word' id='word_1_41' title='bbox 1751 840 2029 910; x_wconf 81' lang='lat' dir='ltr'><strong>segnitiem</strong></span> 
     </span>
    </p>
   </div>
   <div class='ocr_carea' id='block_1_8' title="bbox 443 931 2032 1002">
    <p class='ocr_par' dir='ltr' id='par_1_8' title="bbox 443 931 2032 1002">
     <span class='ocr_line' id='line_1_8' title="bbox 443 931 2032 1002; baseline -0.002 -14"><span class='ocrx_word' id='word_1_42' title='bbox 443 942 701 988; x_wconf 89' lang='lat' dir='ltr'><strong>nostram.</strong></span> <span class='ocrx_word' id='word_1_43' title='bbox 760 933 908 988; x_wconf 81' lang='lat' dir='ltr'><strong>Multi</strong></span> <span class='ocrx_word' id='word_1_44' title='bbox 948 942 1095 988; x_wconf 90' lang='lat' dir='ltr'><strong>certe</strong></span> <span class='ocrx_word' id='word_1_45' title='bbox 1132 942 1255 987; x_wconf 91' lang='lat' dir='ltr'><strong>sunt</strong></span> <span class='ocrx_word' id='word_1_46' title='bbox 1296 933 1384 1002; x_wconf 90' lang='lat' dir='ltr'><strong>qui</strong></span> <span class='ocrx_word' id='word_1_47' title='bbox 1421 941 1693 1002; x_wconf 90' lang='lat' dir='ltr'><strong>argentum</strong></span> <span class='ocrx_word' id='word_1_48' title='bbox 1724 931 1848 1000; x_wconf 89' lang='lat' dir='ltr'><strong>quid</strong></span> <span class='ocrx_word' id='word_1_49' title='bbox 1879 931 1948 985; x_wconf 88' lang='lat' dir='ltr'><strong>sit</strong></span> <span class='ocrx_word' id='word_1_50' title='bbox 1972 945 2032 986; x_wconf 85' lang='lat' dir='ltr'><strong>se</strong></span> 
     </span>
    </p>
   </div>
   <div class='ocr_carea' id='block_1_9' title="bbox 443 1022 1998 1095">
    <p class='ocr_par' dir='ltr' id='par_1_9' title="bbox 443 1022 1998 1095">
     <span class='ocr_line' id='line_1_9' title="bbox 443 1022 1998 1095; baseline -0.001 -17"><span class='ocrx_word' id='word_1_51' title='bbox 443 1024 653 1080; x_wconf 85' lang='lat' dir='ltr'><strong>nescire</strong></span> <span class='ocrx_word' id='word_1_52' title='bbox 675 1023 876 1080; x_wconf 90' lang='lat' dir='ltr'><strong>dicunt.</strong></span> <span class='ocrx_word' id='word_1_53' title='bbox 926 1023 1109 1095; x_wconf 85' lang='lat' dir='ltr'><strong>Neque</strong></span> <span class='ocrx_word' id='word_1_54' title='bbox 1134 1025 1276 1078; x_wconf 89' lang='lat' dir='ltr'><strong>enim</strong></span> <span class='ocrx_word' id='word_1_55' title='bbox 1308 1024 1560 1077; x_wconf 70' lang='lat' dir='ltr'><strong>naturalis</strong></span> <span class='ocrx_word' id='word_1_56' title='bbox 1588 1031 1670 1077; x_wconf 88' lang='lat' dir='ltr'><strong>est</strong></span> <span class='ocrx_word' id='word_1_57' title='bbox 1701 1023 1785 1078; x_wconf 87' lang='lat' dir='ltr'><strong>illa</strong></span> <span class='ocrx_word' id='word_1_58' title='bbox 1821 1022 1998 1092; x_wconf 88' lang='lat' dir='ltr'><strong>cupidi</strong></span> 
     </span>
    </p>
   </div>
   <div class='ocr_carea' id='block_1_10' title="bbox 443 1113 2026 1187">
    <p class='ocr_par' dir='ltr' id='par_1_10' title="bbox 443 1113 2026 1187">
     <span class='ocr_line' id='line_1_10' title="bbox 443 1113 2026 1187; baseline -0.001 -20"><span class='ocrx_word' id='word_1_59' title='bbox 443 1125 542 1170; x_wconf 91' lang='lat' dir='ltr'><strong>tas.</strong></span> <span class='ocrx_word' id='word_1_60' title='bbox 569 1115 847 1172; x_wconf 73' lang='lat' dir='ltr'><strong>Naturales</strong></span> <span class='ocrx_word' id='word_1_61' title='bbox 876 1117 1068 1187; x_wconf 85' lang='lat' dir='ltr'><strong>quippe</strong></span> <span class='ocrx_word' id='word_1_62' title='bbox 1097 1115 1318 1169; x_wconf 82' lang='lat' dir='ltr'><strong>affectus</strong></span> <span class='ocrx_word' id='word_1_63' title='bbox 1359 1116 1426 1169; x_wconf 90' lang='lat' dir='ltr'><strong>ab</strong></span> <span class='ocrx_word' id='word_1_64' title='bbox 1469 1115 1618 1169; x_wconf 90' lang='lat' dir='ltr'><strong>initio</strong></span> <span class='ocrx_word' id='word_1_65' title='bbox 1659 1113 1816 1167; x_wconf 81' lang='lat' dir='ltr'><strong>infusi</strong></span> <span class='ocrx_word' id='word_1_66' title='bbox 1855 1122 1978 1167; x_wconf 90' lang='lat' dir='ltr'><strong>sunt</strong></span> <span class='ocrx_word' id='word_1_67' title='bbox 2013 1130 2026 1165; x_wconf 91' lang='lat'><strong>:</strong></span> 
     </span>
    </p>
   </div>
   <div class='ocr_carea' id='block_1_11' title="bbox 442 1207 2028 1278">
    <p class='ocr_par' dir='ltr' id='par_1_11' title="bbox 442 1207 2028 1278">
     <span class='ocr_line' id='line_1_11' title="bbox 442 1207 2028 1278; baseline 0.001 -17"><span class='ocrx_word' id='word_1_68' title='bbox 442 1223 628 1261; x_wconf 85' lang='lat' dir='ltr'><strong>aurum</strong></span> <span class='ocrx_word' id='word_1_69' title='bbox 677 1223 804 1263; x_wconf 89' lang='lat' dir='ltr'><strong>vero</strong></span> <span class='ocrx_word' id='word_1_70' title='bbox 843 1216 898 1263; x_wconf 91' lang='lat' dir='ltr'><strong>et</strong></span> <span class='ocrx_word' id='word_1_71' title='bbox 939 1217 1217 1278; x_wconf 80' lang='lat' dir='ltr'><strong>argentum</strong></span> <span class='ocrx_word' id='word_1_72' title='bbox 1266 1223 1330 1260; x_wconf 87' lang='lat' dir='ltr'><strong>an</strong></span> <span class='ocrx_word' id='word_1_73' title='bbox 1377 1217 1538 1272; x_wconf 84' lang='lat' dir='ltr'><strong>esset,</strong></span> <span class='ocrx_word' id='word_1_74' title='bbox 1574 1207 1738 1260; x_wconf 90' lang='lat' dir='ltr'><strong>multo</strong></span> <span class='ocrx_word' id='word_1_75' title='bbox 1792 1215 2028 1276; x_wconf 85' lang='lat' dir='ltr'><strong>tempore</strong></span> 
     </span>
    </p>
   </div>
   <div class='ocr_carea' id='block_1_12' title="bbox 441 1296 2025 1369">
    <p class='ocr_par' dir='ltr' id='par_1_12' title="bbox 441 1296 2025 1369">
     <span class='ocr_line' id='line_1_12' title="bbox 441 1296 2025 1369; baseline 0.001 -18"><span class='ocrx_word' id='word_1_76' title='bbox 441 1296 678 1368; x_wconf 87' lang='lat' dir='ltr'><strong>ignotum</strong></span> <span class='ocrx_word' id='word_1_77' title='bbox 703 1298 820 1353; x_wconf 90' lang='lat' dir='ltr'><strong>fuit.</strong></span> <span class='ocrx_word' id='word_1_78' title='bbox 844 1297 994 1355; x_wconf 89' lang='lat' dir='ltr'><strong>Unde</strong></span> <span class='ocrx_word' id='word_1_79' title='bbox 1015 1313 1142 1369; x_wconf 81' lang='lat' dir='ltr'><strong>ergo</strong></span> <span class='ocrx_word' id='word_1_80' title='bbox 1160 1299 1325 1354; x_wconf 86' lang='lat' dir='ltr'><strong>crevit</strong></span> <span class='ocrx_word' id='word_1_81' title='bbox 1347 1297 1461 1353; x_wconf 76' lang='lat' dir='ltr'><strong>hzce</strong></span> <span class='ocrx_word' id='word_1_82' title='bbox 1481 1297 1778 1367; x_wconf 83' lang='lat' dir='ltr'><strong>cupiditas?</strong></span> <span class='ocrx_word' id='word_1_83' title='bbox 1797 1297 1871 1352; x_wconf 85' lang='lat' dir='ltr'><strong>Ex</strong></span> <span class='ocrx_word' id='word_1_84' title='bbox 1892 1313 2025 1352; x_wconf 85' lang='lat' dir='ltr'><strong>vana</strong></span> 
     </span>
    </p>
   </div>
   <div class='ocr_carea' id='block_1_13' title="bbox 436 1391 2027 1461">
    <p class='ocr_par' dir='ltr' id='par_1_13' title="bbox 436 1391 2027 1461">
     <span class='ocr_line' id='line_1_13' title="bbox 436 1391 2027 1461; baseline 0.003 -18"><span class='ocrx_word' id='word_1_85' title='bbox 436 1391 627 1460; x_wconf 78' lang='lat' dir='ltr'><strong>gloria,</strong></span> <span class='ocrx_word' id='word_1_86' title='bbox 663 1401 943 1447; x_wconf 88' lang='lat' dir='ltr'><strong>etsumma</strong></span> <span class='ocrx_word' id='word_1_87' title='bbox 972 1391 1197 1446; x_wconf 87' lang='lat' dir='ltr'><strong>desidia.</strong></span> <span class='ocrx_word' id='word_1_88' title='bbox 1230 1391 1308 1446; x_wconf 76' lang='lat' dir='ltr'><strong>Ex</strong></span> <span class='ocrx_word' id='word_1_89' title='bbox 1335 1391 1714 1461; x_wconf 77' lang='lat' dir='ltr'><strong>cupiditatibus</strong></span> <span class='ocrx_word' id='word_1_90' title='bbox 1740 1393 1880 1446; x_wconf 90' lang='lat' dir='ltr'><strong>enim</strong></span> <span class='ocrx_word' id='word_1_91' title='bbox 1909 1391 2027 1448; x_wconf 68' lang='lat' dir='ltr'><strong>alia:</strong></span> 
     </span>
    </p>
   </div>
   <div class='ocr_carea' id='block_1_14' title="bbox 437 1482 2027 1550">
    <p class='ocr_par' dir='ltr' id='par_1_14' title="bbox 437 1482 2027 1550">
     <span class='ocr_line' id='line_1_14' title="bbox 437 1482 2027 1550; baseline 0.001 -13"><span class='ocrx_word' id='word_1_92' title='bbox 437 1492 559 1538; x_wconf 88' lang='lat' dir='ltr'><strong>sunt</strong></span> <span class='ocrx_word' id='word_1_93' title='bbox 578 1485 916 1550; x_wconf 68' lang='lat' dir='ltr'><strong>necessaria),</strong></span> <span class='ocrx_word' id='word_1_94' title='bbox 941 1483 1056 1538; x_wconf 78' lang='lat' dir='ltr'><strong>alia:</strong></span> <span class='ocrx_word' id='word_1_95' title='bbox 1077 1482 1371 1547; x_wconf 87' lang='lat' dir='ltr'><strong>naturales,</strong></span> <span class='ocrx_word' id='word_1_96' title='bbox 1392 1482 1510 1537; x_wconf 74' lang='lat' dir='ltr'><strong>alia:</strong></span> <span class='ocrx_word' id='word_1_97' title='bbox 1534 1493 1800 1538; x_wconf 90' lang='lat' dir='ltr'><strong>neutrum.</strong></span> <span class='ocrx_word' id='word_1_98' title='bbox 1833 1483 2027 1538; x_wconf 84' lang='lat' dir='ltr'><strong>Exem-</strong></span> 
     </span>
    </p>
   </div>
   <div class='ocr_carea' id='block_1_15' title="bbox 437 1574 2020 1646">
    <p class='ocr_par' dir='ltr' id='par_1_15' title="bbox 437 1574 2020 1646">
     <span class='ocr_line' id='line_1_15' title="bbox 437 1574 2020 1646; baseline 0.001 -19"><span class='ocrx_word' id='word_1_99' title='bbox 437 1574 510 1642; x_wconf 91' lang='lat' dir='ltr'><strong>pli</strong></span> <span class='ocrx_word' id='word_1_100' title='bbox 539 1589 698 1630; x_wconf 89' lang='lat' dir='ltr'><strong>causa</strong></span> <span class='ocrx_word' id='word_1_101' title='bbox 723 1593 737 1628; x_wconf 89' lang='lat'><strong>:</strong></span> <span class='ocrx_word' id='word_1_102' title='bbox 761 1591 878 1645; x_wconf 76' lang='lat' dir='ltr'><strong>qua:</strong></span> <span class='ocrx_word' id='word_1_103' title='bbox 918 1574 962 1630; x_wconf 89' lang='lat' dir='ltr'><strong>si</strong></span> <span class='ocrx_word' id='word_1_104' title='bbox 1009 1591 1115 1630; x_wconf 89' lang='lat' dir='ltr'><strong>non</strong></span> <span class='ocrx_word' id='word_1_105' title='bbox 1164 1575 1476 1646; x_wconf 77' lang='lat' dir='ltr'><strong>expleantur</strong></span> <span class='ocrx_word' id='word_1_106' title='bbox 1501 1577 1698 1630; x_wconf 90' lang='lat' dir='ltr'><strong>animal</strong></span> <span class='ocrx_word' id='word_1_107' title='bbox 1729 1576 2020 1645; x_wconf 89' lang='lat' dir='ltr'><strong>perimunt,</strong></span> 
     </span>
    </p>
   </div>
   <div class='ocr_carea' id='block_1_16' title="bbox 435 1662 2027 1737">
    <p class='ocr_par' dir='ltr' id='par_1_16' title="bbox 435 1662 2027 1737">
     <span class='ocr_line' id='line_1_16' title="bbox 435 1662 2027 1737; baseline 0.001 -19"><span class='ocrx_word' id='word_1_108' title='bbox 435 1665 520 1718; x_wconf 83' lang='lat' dir='ltr'><strong>Ine</strong></span> <span class='ocrx_word' id='word_1_109' title='bbox 549 1674 673 1720; x_wconf 89' lang='lat' dir='ltr'><strong>sunt</strong></span> <span class='ocrx_word' id='word_1_110' title='bbox 700 1662 971 1737; x_wconf 75' lang='lat' dir='ltr'><strong>naturales</strong></span> <span class='ocrx_word' id='word_1_111' title='bbox 1000 1677 1054 1720; x_wconf 87' lang='lat' dir='ltr'><strong>et</strong></span> <span class='ocrx_word' id='word_1_112' title='bbox 1080 1667 1428 1732; x_wconf 72' lang='lat' dir='ltr'><strong>necessarire;</strong></span> <span class='ocrx_word' id='word_1_113' title='bbox 1462 1675 1518 1720; x_wconf 90' lang='lat' dir='ltr'><strong>ut</strong></span> <span class='ocrx_word' id='word_1_114' title='bbox 1545 1667 1647 1722; x_wconf 93' lang='lat' dir='ltr'><strong>cibi</strong></span> <span class='ocrx_word' id='word_1_115' title='bbox 1669 1708 1684 1732; x_wconf 96' lang='lat'><strong>,</strong></span> <span class='ocrx_word' id='word_1_116' title='bbox 1715 1675 1870 1736; x_wconf 89' lang='lat' dir='ltr'><strong>potus</strong></span> <span class='ocrx_word' id='word_1_117' title='bbox 1892 1708 1906 1731; x_wconf 96' lang='lat'><strong>,</strong></span> <span class='ocrx_word' id='word_1_118' title='bbox 1939 1681 2027 1720; x_wconf 81' lang='lat' dir='ltr'><strong>so-</strong></span> 
     </span>
    </p>
   </div>
   <div class='ocr_carea' id='block_1_17' title="bbox 440 1755 2026 1829">
    <p class='ocr_par' dir='ltr' id='par_1_17' title="bbox 440 1755 2026 1829">
     <span class='ocr_line' id='line_1_17' title="bbox 440 1755 2026 1829; baseline 0.003 -21"><span class='ocrx_word' id='word_1_119' title='bbox 440 1755 551 1809; x_wconf 88' lang='lat' dir='ltr'><strong>mni</strong></span> <span class='ocrx_word' id='word_1_120' title='bbox 595 1755 858 1826; x_wconf 83' lang='lat' dir='ltr'><strong>cupiditas</strong></span> <span class='ocrx_word' id='word_1_121' title='bbox 888 1774 903 1812; x_wconf 86' lang='lat'>:</span> <span class='ocrx_word' id='word_1_122' title='bbox 933 1771 1085 1811; x_wconf 88' lang='lat' dir='ltr'><strong>amor</strong></span> <span class='ocrx_word' id='word_1_123' title='bbox 1128 1773 1254 1812; x_wconf 91' lang='lat' dir='ltr'><strong>vero</strong></span> <span class='ocrx_word' id='word_1_124' title='bbox 1284 1773 1590 1828; x_wconf 88' lang='lat' dir='ltr'><strong>corporum,</strong></span> <span class='ocrx_word' id='word_1_125' title='bbox 1624 1759 1883 1814; x_wconf 88' lang='lat' dir='ltr'><strong>naturalis</strong></span> <span class='ocrx_word' id='word_1_126' title='bbox 1910 1757 2026 1829; x_wconf 91' lang='lat' dir='ltr'><strong>qui-</strong></span> 
     </span>
    </p>
   </div>
   <div class='ocr_carea' id='block_1_18' title="bbox 434 1846 2022 1920">
    <p class='ocr_par' dir='ltr' id='par_1_18' title="bbox 434 1846 2022 1920">
     <span class='ocr_line' id='line_1_18' title="bbox 434 1846 2022 1920; baseline 0.004 -20"><span class='ocrx_word' id='word_1_127' title='bbox 434 1846 556 1900; x_wconf 88' lang='lat' dir='ltr'><strong>dem</strong></span> <span class='ocrx_word' id='word_1_128' title='bbox 584 1857 687 1914; x_wconf 91' lang='lat' dir='ltr'><strong>est,</strong></span> <span class='ocrx_word' id='word_1_129' title='bbox 707 1847 800 1903; x_wconf 90' lang='lat' dir='ltr'><strong>sed</strong></span> <span class='ocrx_word' id='word_1_130' title='bbox 828 1862 936 1903; x_wconf 87' lang='lat' dir='ltr'><strong>non</strong></span> <span class='ocrx_word' id='word_1_131' title='bbox 963 1849 1313 1904; x_wconf 89' lang='lat' dir='ltr'><strong>necessarius.</strong></span> <span class='ocrx_word' id='word_1_132' title='bbox 1334 1849 1478 1905; x_wconf 78' lang='lat' dir='ltr'><strong>Multi</strong></span> <span class='ocrx_word' id='word_1_133' title='bbox 1505 1851 1646 1905; x_wconf 89' lang='lat' dir='ltr'><strong>enim</strong></span> <span class='ocrx_word' id='word_1_134' title='bbox 1670 1851 1842 1920; x_wconf 92' lang='lat' dir='ltr'><strong>ipsum</strong></span> <span class='ocrx_word' id='word_1_135' title='bbox 1869 1864 2022 1920; x_wconf 86' lang='lat' dir='ltr'><strong>supe-</strong></span> 
     </span>
    </p>
   </div>
   <div class='ocr_carea' id='block_1_19' title="bbox 435 1940 2024 2010">
    <p class='ocr_par' dir='ltr' id='par_1_19' title="bbox 435 1940 2024 2010">
     <span class='ocr_line' id='line_1_19' title="bbox 435 1940 2024 2010; baseline 0.003 -19"><span class='ocrx_word' id='word_1_136' title='bbox 435 1945 638 2004; x_wconf 88' lang='lat' dir='ltr'><strong>rarunt,</strong></span> <span class='ocrx_word' id='word_1_137' title='bbox 661 1951 758 1994; x_wconf 89' lang='lat' dir='ltr'><strong>nec</strong></span> <span class='ocrx_word' id='word_1_138' title='bbox 781 1940 1072 2010; x_wconf 87' lang='lat' dir='ltr'><strong>perierunt.</strong></span> <span class='ocrx_word' id='word_1_139' title='bbox 1095 1940 1444 1995; x_wconf 85' lang='lat' dir='ltr'><strong>Pecuniarum</strong></span> <span class='ocrx_word' id='word_1_140' title='bbox 1467 1955 1594 1996; x_wconf 85' lang='lat' dir='ltr'><strong>vero</strong></span> <span class='ocrx_word' id='word_1_141' title='bbox 1619 1941 1902 2010; x_wconf 81' lang='lat' dir='ltr'><strong>cupiditas,</strong></span> <span class='ocrx_word' id='word_1_142' title='bbox 1926 1955 2024 1996; x_wconf 90' lang='lat' dir='ltr'><strong>nec</strong></span> 
     </span>
    </p>
   </div>
   <div class='ocr_carea' id='block_1_20' title="bbox 435 2029 2022 2103">
    <p class='ocr_par' dir='ltr' id='par_1_20' title="bbox 435 2029 2022 2103">
     <span class='ocr_line' id='line_1_20' title="bbox 435 2029 2022 2103; baseline 0.003 -21"><span class='ocrx_word' id='word_1_143' title='bbox 435 2029 690 2085; x_wconf 89' lang='lat' dir='ltr'><strong>naturalis</strong></span> <span class='ocrx_word' id='word_1_144' title='bbox 717 2045 816 2086; x_wconf 89' lang='lat' dir='ltr'><strong>nec</strong></span> <span class='ocrx_word' id='word_1_145' title='bbox 837 2031 1138 2087; x_wconf 88' lang='lat' dir='ltr'><strong>necessaria</strong></span> <span class='ocrx_word' id='word_1_146' title='bbox 1165 2040 1248 2087; x_wconf 90' lang='lat' dir='ltr'><strong>est</strong></span> <span class='ocrx_word' id='word_1_147' title='bbox 1271 2075 1285 2100; x_wconf 91' lang='lat'><strong>,</strong></span> <span class='ocrx_word' id='word_1_148' title='bbox 1314 2033 1407 2088; x_wconf 92' lang='lat' dir='ltr'><strong>sed</strong></span> <span class='ocrx_word' id='word_1_149' title='bbox 1438 2032 1725 2103; x_wconf 83' lang='lat' dir='ltr'><strong>superﬂua.</strong></span> <span class='ocrx_word' id='word_1_150' title='bbox 1759 2032 1813 2088; x_wconf 90' lang='lat' dir='ltr'><strong>Si</strong></span> <span class='ocrx_word' id='word_1_151' title='bbox 1841 2033 2022 2087; x_wconf 85' lang='lat' dir='ltr'><strong>volue-</strong></span> 
     </span>
    </p>
   </div>
   <div class='ocr_carea' id='block_1_21' title="bbox 434 2122 2021 2196">
    <p class='ocr_par' dir='ltr' id='par_1_21' title="bbox 434 2122 2021 2196">
     <span class='ocr_line' id='line_1_21' title="bbox 434 2122 2021 2196; baseline 0.003 -22"><span class='ocrx_word' id='word_1_152' title='bbox 434 2122 602 2177; x_wconf 87' lang='lat' dir='ltr'><strong>rimus</strong></span> <span class='ocrx_word' id='word_1_153' title='bbox 625 2164 639 2189; x_wconf 92' lang='lat'><strong>,</strong></span> <span class='ocrx_word' id='word_1_154' title='bbox 668 2123 786 2193; x_wconf 85' lang='lat' dir='ltr'><strong>ejus</strong></span> <span class='ocrx_word' id='word_1_155' title='bbox 815 2122 1108 2179; x_wconf 83' lang='lat' dir='ltr'><strong>dominium</strong></span> <span class='ocrx_word' id='word_1_156' title='bbox 1137 2140 1242 2180; x_wconf 91' lang='lat' dir='ltr'><strong>non</strong></span> <span class='ocrx_word' id='word_1_157' title='bbox 1267 2125 1606 2196; x_wconf 85' lang='lat' dir='ltr'><strong>recipiemus.</strong></span> <span class='ocrx_word' id='word_1_158' title='bbox 1638 2125 1792 2181; x_wconf 89' lang='lat' dir='ltr'><strong>Certe</strong></span> <span class='ocrx_word' id='word_1_159' title='bbox 1820 2125 1887 2180; x_wconf 91' lang='lat' dir='ltr'><strong>de</strong></span> <span class='ocrx_word' id='word_1_160' title='bbox 1913 2125 2021 2180; x_wconf 88' lang='lat' dir='ltr'><strong>vir-</strong></span> 
     </span>
    </p>
   </div>
   <div class='ocr_carea' id='block_1_22' title="bbox 434 2213 2020 2288">
    <p class='ocr_par' dir='ltr' id='par_1_22' title="bbox 434 2213 2020 2288">
     <span class='ocr_line' id='line_1_22' title="bbox 434 2213 2020 2288; baseline 0.003 -21"><span class='ocrx_word' id='word_1_161' title='bbox 434 2213 653 2283; x_wconf 82' lang='lat' dir='ltr'><strong>ginitate</strong></span> <span class='ocrx_word' id='word_1_162' title='bbox 678 2215 899 2286; x_wconf 84' lang='lat' dir='ltr'><strong>loquens</strong></span> <span class='ocrx_word' id='word_1_163' title='bbox 922 2215 1169 2272; x_wconf 88' lang='lat' dir='ltr'><strong>Christus</strong></span> <span class='ocrx_word' id='word_1_164' title='bbox 1192 2218 1286 2284; x_wconf 89' lang='lat' dir='ltr'><strong>ait,</strong></span> <span class='ocrx_word' id='word_1_165' title='bbox 1317 2218 1416 2286; x_wconf 86' lang='lat' dir='ltr'><strong>Qui</strong></span> <span class='ocrx_word' id='word_1_166' title='bbox 1442 2227 1600 2287; x_wconf 83' lang='lat' dir='ltr'><strong>potest</strong></span> <span class='ocrx_word' id='word_1_167' title='bbox 1625 2231 1821 2288; x_wconf 81' lang='lat' dir='ltr'><strong>capere,</strong></span> <span class='ocrx_word' id='word_1_168' title='bbox 1851 2218 2020 2288; x_wconf 85' lang='lat' dir='ltr'><strong>capiat</strong></span> 
     </span>
    </p>
   </div>
   <div class='ocr_carea' id='block_1_23' title="bbox 1241 265 3059 338">
    <p class='ocr_par' dir='ltr' id='par_1_23' title="bbox 1241 265 3059 338">
     <span class='ocr_line' id='line_1_23' title="bbox 1241 265 3059 338; baseline 0.009 -16"><span class='ocrx_word' id='word_1_169' title='bbox 1241 267 1296 323; x_wconf 85' lang='lat' dir='ltr'><strong>S.</strong></span> <span class='ocrx_word' id='word_1_170' title='bbox 1337 265 1610 323; x_wconf 74' lang='lat' dir='ltr'><strong>JOANNIS</strong></span> <span class='ocrx_word' id='word_1_171' title='bbox 1645 265 2121 324; x_wconf 68' lang='lat' dir='ltr'><strong>CIIRYSOSTOMI</strong></span> <span class='ocrx_word' id='word_1_172' title='bbox 2168 271 2483 329; x_wconf 77' lang='lat' dir='ltr'><strong>ARCIIIEP.</strong></span> <span class='ocrx_word' id='word_1_173' title='bbox 2526 277 3059 338; x_wconf 59' lang='lat' dir='ltr'><strong>CONSTANTINOP.</strong></span> 
     </span>
    </p>
   </div>
   <div class='ocr_carea' id='block_1_24' title="bbox 3647 299 3766 353">
    <p class='ocr_par' dir='ltr' id='par_1_24' title="bbox 3647 299 3766 353">
     <span class='ocr_line' id='line_1_24' title="bbox 3647 299 3766 353; baseline 0.008 -1"><span class='ocrx_word' id='word_1_174' title='bbox 3647 299 3766 353; x_wconf 60' lang='grc'><strong>103</strong></span> 
     </span>
    </p>
   </div>
   <div class='ocr_carea' id='block_1_25' title="bbox 2142 385 3766 481">
    <p class='ocr_par' dir='ltr' id='par_1_25' title="bbox 2142 385 3766 481">
     <span class='ocr_line' id='line_1_25' title="bbox 2142 385 3766 481; baseline 0.018 -44"><span class='ocrx_word' id='word_1_175' title='bbox 2142 385 2366 481; x_wconf 46' lang='grc' dir='ltr'><strong>(λεξιιηιι.</strong></span> <span class='ocrx_word' id='word_1_176' title='bbox 2393 388 2479 443; x_wconf 80' lang='grc'><strong>19.</strong></span> <span class='ocrx_word' id='word_1_177' title='bbox 2510 391 2610 464; x_wconf 71' lang='lat' dir='ltr'><strong>l2)</strong></span> <span class='ocrx_word' id='word_1_178' title='bbox 2639 409 2652 446; x_wconf 90' lang='lat'><strong>:</strong></span> <span class='ocrx_word' id='word_1_179' title='bbox 2683 393 2751 449; x_wconf 86' lang='lat' dir='ltr'><strong>de</strong></span> <span class='ocrx_word' id='word_1_180' title='bbox 2767 395 2968 452; x_wconf 79' lang='lat' dir='ltr'><strong>divitiis</strong></span> <span class='ocrx_word' id='word_1_181' title='bbox 2992 415 3120 456; x_wconf 86' lang='lat' dir='ltr'><strong>vero</strong></span> <span class='ocrx_word' id='word_1_182' title='bbox 3144 415 3250 456; x_wconf 83' lang='lat' dir='ltr'><strong>non</strong></span> <span class='ocrx_word' id='word_1_183' title='bbox 3279 404 3429 468; x_wconf 87' lang='lat' dir='ltr'><strong>item,</strong></span> <span class='ocrx_word' id='word_1_184' title='bbox 3459 411 3551 464; x_wconf 83' lang='lat' dir='ltr'><strong>sed</strong></span> <span class='ocrx_word' id='word_1_185' title='bbox 3575 414 3766 481; x_wconf 84' lang='lat' dir='ltr'><strong>quid?</strong></span> 
     </span>
    </p>
   </div>
   <div class='ocr_carea' id='block_1_26' title="bbox 2144 475 3758 572">
    <p class='ocr_par' dir='ltr' id='par_1_26' title="bbox 2144 475 3758 572">
     <span class='ocr_line' id='line_1_26' title="bbox 2144 475 3758 572; baseline 0.019 -45"><span class='ocrx_word' id='word_1_186' title='bbox 2144 475 2265 572; x_wconf 40' lang='lat' dir='ltr'><strong>{isi</strong></span> <span class='ocrx_word' id='word_1_187' title='bbox 2288 481 2401 548; x_wconf 78' lang='lat' dir='ltr'><strong>quis</strong></span> <span class='ocrx_word' id='word_1_188' title='bbox 2430 485 2783 542; x_wconf 82' lang='lat' dir='ltr'><strong>renuntiaverit</strong></span> <span class='ocrx_word' id='word_1_189' title='bbox 2809 490 3042 546; x_wconf 79' lang='lat' dir='ltr'><strong>euntibus</strong></span> <span class='ocrx_word' id='word_1_190' title='bbox 3066 509 3180 563; x_wconf 70' lang='lat' dir='ltr'><strong>quae</strong></span> <span class='ocrx_word' id='word_1_191' title='bbox 3202 500 3424 565; x_wconf 74' lang='lat' dir='ltr'><strong>possidet</strong></span> <span class='ocrx_word' id='word_1_192' title='bbox 3455 503 3475 572; x_wconf 87' lang='lat'>(</span> <span class='ocrx_word' id='word_1_193' title='bbox 3490 475 3614 558; x_wconf 59' lang='lat' dir='ltr'><strong>Luc.</strong></span> <span class='ocrx_word' id='word_1_194' title='bbox 3655 507 3758 561; x_wconf 70' lang='grc'><strong>14.</strong></span> 
     </span>
    </p>
   </div>
   <div class='ocr_carea' id='block_1_27' title="bbox 2141 567 3760 656">
    <p class='ocr_par' dir='ltr' id='par_1_27' title="bbox 2141 567 3760 656">
     <span class='ocr_line' id='line_1_27' title="bbox 2141 567 3760 656; baseline 0.021 -35"><span class='ocrx_word' id='word_1_195' title='bbox 2141 567 2262 638; x_wconf 79' lang='grc'><strong>55),</strong></span> <span class='ocrx_word' id='word_1_196' title='bbox 2292 586 2396 624; x_wconf 91' lang='lat' dir='ltr'><strong>non</strong></span> <span class='ocrx_word' id='word_1_197' title='bbox 2422 582 2508 627; x_wconf 90' lang='lat' dir='ltr'><strong>est</strong></span> <span class='ocrx_word' id='word_1_198' title='bbox 2531 590 2618 630; x_wconf 90' lang='lat' dir='ltr'><strong>me</strong></span> <span class='ocrx_word' id='word_1_199' title='bbox 2640 577 2853 648; x_wconf 84' lang='lat' dir='ltr'><strong>dignus.</strong></span> <span class='ocrx_word' id='word_1_200' title='bbox 2906 581 2988 636; x_wconf 81' lang='lat' dir='ltr'><strong>Ad</strong></span> <span class='ocrx_word' id='word_1_201' title='bbox 3019 583 3072 638; x_wconf 78' lang='lat' dir='ltr'><strong>id</strong></span> <span class='ocrx_word' id='word_1_202' title='bbox 3097 587 3240 656; x_wconf 91' lang='lat' dir='ltr'><strong>quod</strong></span> <span class='ocrx_word' id='word_1_203' title='bbox 3267 588 3421 647; x_wconf 77' lang='lat' dir='ltr'><strong>facile</strong></span> <span class='ocrx_word' id='word_1_204' title='bbox 3447 567 3530 649; x_wconf 82' lang='lat' dir='ltr'><strong>est</strong></span> <span class='ocrx_word' id='word_1_205' title='bbox 3553 597 3760 654; x_wconf 88' lang='lat' dir='ltr'><strong>horta-</strong></span> 
     </span>
    </p>
   </div>
   <div class='ocr_carea' id='block_1_28' title="bbox 2142 662 3753 749">
    <p class='ocr_par' dir='ltr' id='par_1_28' title="bbox 2142 662 3753 749">
     <span class='ocr_line' id='line_1_28' title="bbox 2142 662 3753 749; baseline 0.021 -37"><span class='ocrx_word' id='word_1_206' title='bbox 2142 667 2262 725; x_wconf 89' lang='lat' dir='ltr'><strong>tur;</strong></span> <span class='ocrx_word' id='word_1_207' title='bbox 2295 662 2359 716; x_wconf 90' lang='lat' dir='ltr'><strong>ad</strong></span> <span class='ocrx_word' id='word_1_208' title='bbox 2389 663 2437 718; x_wconf 91' lang='lat' dir='ltr'><strong>id</strong></span> <span class='ocrx_word' id='word_1_209' title='bbox 2469 679 2596 720; x_wconf 89' lang='lat' dir='ltr'><strong>vero</strong></span> <span class='ocrx_word' id='word_1_210' title='bbox 2625 669 2766 738; x_wconf 89' lang='lat' dir='ltr'><strong>quod</strong></span> <span class='ocrx_word' id='word_1_211' title='bbox 2797 672 2993 728; x_wconf 92' lang='lat' dir='ltr'><strong>multos</strong></span> <span class='ocrx_word' id='word_1_212' title='bbox 3024 689 3332 749; x_wconf 83' lang='lat' dir='ltr'><strong>exsuperat,</strong></span> <span class='ocrx_word' id='word_1_213' title='bbox 3363 684 3589 743; x_wconf 88' lang='lat' dir='ltr'><strong>arbitrio</strong></span> <span class='ocrx_word' id='word_1_214' title='bbox 3619 706 3753 745; x_wconf 85' lang='lat' dir='ltr'><strong>rem</strong></span> 
     </span>
    </p>
   </div>
   <div class='ocr_carea' id='block_1_29' title="bbox 2140 753 3759 836">
    <p class='ocr_par' dir='ltr' id='par_1_29' title="bbox 2140 753 3759 836">
     <span class='ocr_line' id='line_1_29' title="bbox 2140 753 3759 836; baseline 0.018 -31"><span class='ocrx_word' id='word_1_215' title='bbox 2140 753 2422 819; x_wconf 89' lang='lat' dir='ltr'><strong>permittit.</strong></span> <span class='ocrx_word' id='word_1_216' title='bbox 2454 755 2563 811; x_wconf 93' lang='lat' dir='ltr'><strong>Cur</strong></span> <span class='ocrx_word' id='word_1_217' title='bbox 2601 775 2730 829; x_wconf 84' lang='lat' dir='ltr'><strong>ergo</strong></span> <span class='ocrx_word' id='word_1_218' title='bbox 2760 776 2859 830; x_wconf 89' lang='lat' dir='ltr'><strong>nos</strong></span> <span class='ocrx_word' id='word_1_219' title='bbox 2887 766 3032 820; x_wconf 90' lang='lat' dir='ltr'><strong>omni</strong></span> <span class='ocrx_word' id='word_1_220' title='bbox 3065 769 3339 836; x_wconf 89' lang='lat' dir='ltr'><strong>privamus</strong></span> <span class='ocrx_word' id='word_1_221' title='bbox 3385 775 3706 835; x_wconf 70' lang='lat' dir='ltr'><strong>defensioue</strong></span> <span class='ocrx_word' id='word_1_222' title='bbox 3729 782 3759 834; x_wconf 82' lang='lat'><strong>?</strong></span> 
     </span>
    </p>
   </div>
   <div class='ocr_carea' id='block_1_30' title="bbox 2138 841 3754 942">
    <p class='ocr_par' dir='ltr' id='par_1_30' title="bbox 2138 841 3754 942">
     <span class='ocr_line' id='line_1_30' title="bbox 2138 841 3754 942; baseline 0.021 -47"><span class='ocrx_word' id='word_1_223' title='bbox 2138 841 2268 897; x_wconf 82' lang='lat' dir='ltr'><strong>Nam</strong></span> <span class='ocrx_word' id='word_1_224' title='bbox 2297 847 2388 917; x_wconf 86' lang='lat' dir='ltr'><strong>qui</strong></span> <span class='ocrx_word' id='word_1_225' title='bbox 2418 863 2447 902; x_wconf 89' lang='lat' dir='ltr'><strong>a</strong></span> <span class='ocrx_word' id='word_1_226' title='bbox 2475 848 2788 908; x_wconf 87' lang='lat' dir='ltr'><strong>violentiore</strong></span> <span class='ocrx_word' id='word_1_227' title='bbox 2812 855 3000 910; x_wconf 90' lang='lat' dir='ltr'><strong>morbo</strong></span> <span class='ocrx_word' id='word_1_228' title='bbox 3025 871 3214 930; x_wconf 89' lang='lat' dir='ltr'><strong>captus</strong></span> <span class='ocrx_word' id='word_1_229' title='bbox 3235 866 3358 931; x_wconf 88' lang='lat' dir='ltr'><strong>erit,</strong></span> <span class='ocrx_word' id='word_1_230' title='bbox 3384 883 3488 922; x_wconf 90' lang='lat' dir='ltr'><strong>non</strong></span> <span class='ocrx_word' id='word_1_231' title='bbox 3517 887 3754 942; x_wconf 85' lang='lat' dir='ltr'><strong>magnas</strong></span> 
     </span>
    </p>
   </div>
   <div class='ocr_carea' id='block_1_31' title="bbox 2138 933 3744 1032">
    <p class='ocr_par' dir='ltr' id='par_1_31' title="bbox 2138 933 3744 1032">
     <span class='ocr_line' id='line_1_31' title="bbox 2138 933 3744 1032; baseline 0.019 -45"><span class='ocrx_word' id='word_1_232' title='bbox 2138 933 2282 990; x_wconf 82' lang='lat' dir='ltr'><strong>dabit</strong></span> <span class='ocrx_word' id='word_1_233' title='bbox 2314 952 2500 1006; x_wconf 79' lang='lat' dir='ltr'><strong>pcenas</strong></span> <span class='ocrx_word' id='word_1_234' title='bbox 2528 959 2542 993; x_wconf 90' lang='lat'><strong>:</strong></span> <span class='ocrx_word' id='word_1_235' title='bbox 2570 943 2661 1011; x_wconf 86' lang='lat' dir='ltr'><strong>qui</strong></span> <span class='ocrx_word' id='word_1_236' title='bbox 2692 959 2818 1000; x_wconf 90' lang='lat' dir='ltr'><strong>vero</strong></span> <span class='ocrx_word' id='word_1_237' title='bbox 2847 947 2912 1002; x_wconf 89' lang='lat' dir='ltr'><strong>ab</strong></span> <span class='ocrx_word' id='word_1_238' title='bbox 2945 949 3238 1009; x_wconf 79' lang='lat' dir='ltr'><strong>infirmiore</strong></span> <span class='ocrx_word' id='word_1_239' title='bbox 3281 956 3473 1015; x_wconf 76' lang='lat' dir='ltr'><strong>affectu</strong></span> <span class='ocrx_word' id='word_1_240' title='bbox 3500 933 3744 1032; x_wconf 71' lang='lat' dir='ltr'><strong>capitur,</strong></span> 
     </span>
    </p>
   </div>
   <div class='ocr_carea' id='block_1_32' title="bbox 2137 1029 3742 1118">
    <p class='ocr_par' dir='ltr' id='par_1_32' title="bbox 2137 1029 3742 1118">
     <span class='ocr_line' id='line_1_32' title="bbox 2137 1029 3742 1118; baseline 0.018 -38"><span class='ocrx_word' id='word_1_241' title='bbox 2137 1029 2280 1081; x_wconf 90' lang='lat' dir='ltr'><strong>omni</strong></span> <span class='ocrx_word' id='word_1_242' title='bbox 2308 1030 2546 1097; x_wconf 86' lang='lat' dir='ltr'><strong>privatur</strong></span> <span class='ocrx_word' id='word_1_243' title='bbox 2567 1033 2897 1093; x_wconf 76' lang='lat' dir='ltr'><strong>defensione.</strong></span> <span class='ocrx_word' id='word_1_244' title='bbox 2949 1039 3084 1106; x_wconf 88' lang='lat' dir='ltr'><strong>Quid</strong></span> <span class='ocrx_word' id='word_1_245' title='bbox 3117 1046 3260 1100; x_wconf 89' lang='lat' dir='ltr'><strong>enim</strong></span> <span class='ocrx_word' id='word_1_246' title='bbox 3289 1029 3742 1118; x_wconf 64' lang='lat' dir='ltr'><strong>respondebimus</strong></span> 
     </span>
    </p>
   </div>
   <div class='ocr_carea' id='block_1_33' title="bbox 2137 1119 3734 1203">
    <p class='ocr_par' dir='ltr' id='par_1_33' title="bbox 2137 1119 3734 1203">
     <span class='ocr_line' id='line_1_33' title="bbox 2137 1119 3734 1203; baseline 0.018 -33"><span class='ocrx_word' id='word_1_247' title='bbox 2137 1119 2349 1186; x_wconf 86' lang='lat' dir='ltr'><strong>quando</strong></span> <span class='ocrx_word' id='word_1_248' title='bbox 2377 1122 2519 1176; x_wconf 88' lang='lat' dir='ltr'><strong>dicet</strong></span> <span class='ocrx_word' id='word_1_249' title='bbox 2549 1140 2561 1176; x_wconf 91' lang='lat'><strong>:</strong></span> <span class='ocrx_word' id='word_1_250' title='bbox 2589 1124 2925 1183; x_wconf 84' lang='lat' dir='ltr'><strong>Esurientem</strong></span> <span class='ocrx_word' id='word_1_251' title='bbox 2951 1147 3036 1186; x_wconf 90' lang='lat' dir='ltr'><strong>me</strong></span> <span class='ocrx_word' id='word_1_252' title='bbox 3065 1133 3292 1203; x_wconf 80' lang='lat' dir='ltr'><strong>vidistis,</strong></span> <span class='ocrx_word' id='word_1_253' title='bbox 3327 1149 3381 1194; x_wconf 92' lang='lat' dir='ltr'><strong>et</strong></span> <span class='ocrx_word' id='word_1_254' title='bbox 3418 1159 3523 1196; x_wconf 89' lang='lat' dir='ltr'><strong>non</strong></span> <span class='ocrx_word' id='word_1_255' title='bbox 3555 1147 3734 1198; x_wconf 87' lang='lat' dir='ltr'><strong>nutri-</strong></span> 
     </span>
    </p>
   </div>
   <div class='ocr_carea' id='block_1_34' title="bbox 2139 1211 3732 1292">
    <p class='ocr_par' dir='ltr' id='par_1_34' title="bbox 2139 1211 3732 1292">
     <span class='ocr_line' id='line_1_34' title="bbox 2139 1211 3732 1292; baseline 0.019 -29"><span class='ocrx_word' id='word_1_256' title='bbox 2139 1211 2286 1266; x_wconf 83' lang='lat' dir='ltr'><strong>vistis</strong></span> <span class='ocrx_word' id='word_1_257' title='bbox 2311 1213 2531 1284; x_wconf 80' lang='lat' dir='ltr'><strong>(Matth.</strong></span> <span class='ocrx_word' id='word_1_258' title='bbox 2554 1215 2644 1271; x_wconf 78' lang='lat'><strong>‘25.</strong></span> <span class='ocrx_word' id='word_1_259' title='bbox 2676 1217 2824 1290; x_wconf 68' lang='lat'><strong>42)?</strong></span> <span class='ocrx_word' id='word_1_260' title='bbox 2855 1237 3011 1290; x_wconf 89' lang='lat' dir='ltr'><strong>quam</strong></span> <span class='ocrx_word' id='word_1_261' title='bbox 3063 1231 3465 1288; x_wconf 84' lang='lat' dir='ltr'><strong>excusationem</strong></span> <span class='ocrx_word' id='word_1_262' title='bbox 3510 1235 3732 1292; x_wconf 82' lang='lat' dir='ltr'><strong>habebi-</strong></span> 
     </span>
    </p>
   </div>
   <div class='ocr_carea' id='block_1_35' title="bbox 2137 1304 3726 1382">
    <p class='ocr_par' dir='ltr' id='par_1_35' title="bbox 2137 1304 3726 1382">
     <span class='ocr_line' id='line_1_35' title="bbox 2137 1304 3726 1382; baseline 0.017 -26"><span class='ocrx_word' id='word_1_263' title='bbox 2137 1304 2289 1358; x_wconf 85' lang='lat' dir='ltr'><strong>mus?</strong></span> <span class='ocrx_word' id='word_1_264' title='bbox 2316 1321 2680 1376; x_wconf 73' lang='lat' dir='ltr'><strong>paupertatem</strong></span> <span class='ocrx_word' id='word_1_265' title='bbox 2712 1311 3072 1381; x_wconf 86' lang='lat' dir='ltr'><strong>objiciemus?</strong></span> <span class='ocrx_word' id='word_1_266' title='bbox 3125 1321 3194 1373; x_wconf 86' lang='lat' dir='ltr'><strong>At</strong></span> <span class='ocrx_word' id='word_1_267' title='bbox 3219 1337 3324 1376; x_wconf 93' lang='lat' dir='ltr'><strong>non</strong></span> <span class='ocrx_word' id='word_1_268' title='bbox 3357 1339 3539 1380; x_wconf 91' lang='lat' dir='ltr'><strong>sumus</strong></span> <span class='ocrx_word' id='word_1_269' title='bbox 3570 1329 3726 1382; x_wconf 87' lang='lat' dir='ltr'><strong>vidua</strong></span> 
     </span>
    </p>
   </div>
   <div class='ocr_carea' id='block_1_36' title="bbox 2138 1394 3728 1480">
    <p class='ocr_par' dir='ltr' id='par_1_36' title="bbox 2138 1394 3728 1480">
     <span class='ocr_line' id='line_1_36' title="bbox 2138 1394 3728 1480; baseline 0.017 -33"><span class='ocrx_word' id='word_1_270' title='bbox 2138 1394 2225 1448; x_wconf 90' lang='lat' dir='ltr'><strong>illa</strong></span> <span class='ocrx_word' id='word_1_271' title='bbox 2257 1398 2621 1466; x_wconf 87' lang='lat' dir='ltr'><strong>pauperiores,</strong></span> <span class='ocrx_word' id='word_1_272' title='bbox 2651 1417 2770 1470; x_wconf 73' lang='lat' dir='ltr'><strong>qua:</strong></span> <span class='ocrx_word' id='word_1_273' title='bbox 2793 1402 3004 1459; x_wconf 86' lang='lat' dir='ltr'><strong>duobus</strong></span> <span class='ocrx_word' id='word_1_274' title='bbox 3027 1407 3282 1478; x_wconf 87' lang='lat' dir='ltr'><strong>depositis</strong></span> <span class='ocrx_word' id='word_1_275' title='bbox 3312 1414 3505 1480; x_wconf 90' lang='lat' dir='ltr'><strong>obolis,</strong></span> <span class='ocrx_word' id='word_1_276' title='bbox 3537 1432 3728 1474; x_wconf 89' lang='lat' dir='ltr'><strong>omnes</strong></span> 
     </span>
    </p>
   </div>
   <div class='ocr_carea' id='block_1_37' title="bbox 2135 1490 3725 1580">
    <p class='ocr_par' dir='ltr' id='par_1_37' title="bbox 2135 1490 3725 1580">
     <span class='ocr_line' id='line_1_37' title="bbox 2135 1490 3725 1580; baseline 0.015 -38"><span class='ocrx_word' id='word_1_277' title='bbox 2135 1490 2426 1558; x_wconf 72' lang='lat' dir='ltr'><strong>superavit.</strong></span> <span class='ocrx_word' id='word_1_278' title='bbox 2479 1490 2662 1562; x_wconf 85' lang='lat' dir='ltr'><strong>Neque</strong></span> <span class='ocrx_word' id='word_1_279' title='bbox 2705 1495 2850 1549; x_wconf 88' lang='lat' dir='ltr'><strong>enim</strong></span> <span class='ocrx_word' id='word_1_280' title='bbox 2883 1496 3007 1551; x_wconf 92' lang='lat' dir='ltr'><strong>doni</strong></span> <span class='ocrx_word' id='word_1_281' title='bbox 3040 1503 3457 1572; x_wconf 81' lang='lat' dir='ltr'><strong>magnitudinem</strong></span> <span class='ocrx_word' id='word_1_282' title='bbox 3501 1511 3725 1580; x_wconf 84' lang='lat' dir='ltr'><strong>requirit</strong></span> 
     </span>
    </p>
   </div>
   <div class='ocr_carea' id='block_1_38' title="bbox 2137 1579 3722 1668">
    <p class='ocr_par' dir='ltr' id='par_1_38' title="bbox 2137 1579 3722 1668">
     <span class='ocr_line' id='line_1_38' title="bbox 2137 1579 3722 1668; baseline 0.015 -36"><span class='ocrx_word' id='word_1_283' title='bbox 2137 1579 2299 1645; x_wconf 87' lang='lat' dir='ltr'><strong>Deus,</strong></span> <span class='ocrx_word' id='word_1_284' title='bbox 2329 1581 2422 1636; x_wconf 91' lang='lat' dir='ltr'><strong>sed</strong></span> <span class='ocrx_word' id='word_1_285' title='bbox 2458 1582 2744 1640; x_wconf 89' lang='lat' dir='ltr'><strong>voluntatis</strong></span> <span class='ocrx_word' id='word_1_286' title='bbox 2775 1587 2992 1641; x_wconf 90' lang='lat' dir='ltr'><strong>modum</strong></span> <span class='ocrx_word' id='word_1_287' title='bbox 3026 1607 3040 1644; x_wconf 89' lang='lat'><strong>:</strong></span> <span class='ocrx_word' id='word_1_288' title='bbox 3069 1600 3122 1644; x_wconf 90' lang='lat' dir='ltr'><strong>et</strong></span> <span class='ocrx_word' id='word_1_289' title='bbox 3152 1591 3252 1647; x_wconf 89' lang='lat' dir='ltr'><strong>hoc</strong></span> <span class='ocrx_word' id='word_1_290' title='bbox 3279 1595 3344 1648; x_wconf 90' lang='lat' dir='ltr'><strong>ad</strong></span> <span class='ocrx_word' id='word_1_291' title='bbox 3374 1596 3513 1652; x_wconf 92' lang='lat' dir='ltr'><strong>illius</strong></span> <span class='ocrx_word' id='word_1_292' title='bbox 3543 1579 3722 1668; x_wconf 82' lang='lat' dir='ltr'><strong>provi-</strong></span> 
     </span>
    </p>
   </div>
   <div class='ocr_carea' id='block_1_39' title="bbox 2132 1669 3714 1754">
    <p class='ocr_par' dir='ltr' id='par_1_39' title="bbox 2132 1669 3714 1754">
     <span class='ocr_line' id='line_1_39' title="bbox 2132 1669 3714 1754; baseline 0.013 -31"><span class='ocrx_word' id='word_1_293' title='bbox 2132 1669 2366 1727; x_wconf 88' lang='lat' dir='ltr'><strong>dentiam</strong></span> <span class='ocrx_word' id='word_1_294' title='bbox 2399 1674 2651 1742; x_wconf 90' lang='lat' dir='ltr'><strong>pertinet.</strong></span> <span class='ocrx_word' id='word_1_295' title='bbox 2711 1675 2858 1732; x_wconf 91' lang='lat' dir='ltr'><strong>Illius</strong></span> <span class='ocrx_word' id='word_1_296' title='bbox 2889 1680 3066 1750; x_wconf 89' lang='lat' dir='ltr'><strong>itaque</strong></span> <span class='ocrx_word' id='word_1_297' title='bbox 3091 1681 3474 1754; x_wconf 77' lang='lat' dir='ltr'><strong>benignitatem</strong></span> <span class='ocrx_word' id='word_1_298' title='bbox 3517 1691 3714 1753; x_wconf 86' lang='lat' dir='ltr'><strong>mirati,</strong></span> 
     </span>
    </p>
   </div>
   <div class='ocr_carea' id='block_1_40' title="bbox 2133 1767 3718 1844">
    <p class='ocr_par' dir='ltr' id='par_1_40' title="bbox 2133 1767 3718 1844">
     <span class='ocr_line' id='line_1_40' title="bbox 2133 1767 3718 1844; baseline 0.013 -30"><span class='ocrx_word' id='word_1_299' title='bbox 2133 1779 2250 1833; x_wconf 78' lang='lat' dir='ltr'><strong>qua:</strong></span> <span class='ocrx_word' id='word_1_300' title='bbox 2279 1781 2560 1834; x_wconf 75' lang='lat' dir='ltr'><strong>possumus</strong></span> <span class='ocrx_word' id='word_1_301' title='bbox 2587 1767 2908 1836; x_wconf 82' lang='lat' dir='ltr'><strong>otl‘eramus;</strong></span> <span class='ocrx_word' id='word_1_302' title='bbox 2942 1781 2999 1826; x_wconf 89' lang='lat' dir='ltr'><strong>ut</strong></span> <span class='ocrx_word' id='word_1_303' title='bbox 3023 1783 3077 1827; x_wconf 90' lang='lat' dir='ltr'><strong>et</strong></span> <span class='ocrx_word' id='word_1_304' title='bbox 3100 1774 3150 1829; x_wconf 91' lang='lat' dir='ltr'><strong>in</strong></span> <span class='ocrx_word' id='word_1_305' title='bbox 3183 1780 3431 1844; x_wconf 69' lang='lat' dir='ltr'><strong>praesenti</strong></span> <span class='ocrx_word' id='word_1_306' title='bbox 3460 1781 3561 1836; x_wconf 85' lang='lat' dir='ltr'><strong>vita</strong></span> <span class='ocrx_word' id='word_1_307' title='bbox 3589 1783 3718 1837; x_wconf 88' lang='lat' dir='ltr'><strong>etin</strong></span> 
     </span>
    </p>
   </div>
   <div class='ocr_carea' id='block_1_41' title="bbox 2134 1855 3718 1941">
    <p class='ocr_par' dir='ltr' id='par_1_41' title="bbox 2134 1855 3718 1941">
     <span class='ocr_line' id='line_1_41' title="bbox 2134 1855 3718 1941; baseline 0.01 -30"><span class='ocrx_word' id='word_1_308' title='bbox 2134 1855 2304 1912; x_wconf 85' lang='lat' dir='ltr'><strong>futura</strong></span> <span class='ocrx_word' id='word_1_309' title='bbox 2327 1860 2544 1914; x_wconf 92' lang='lat' dir='ltr'><strong>multam</strong></span> <span class='ocrx_word' id='word_1_310' title='bbox 2568 1865 2881 1933; x_wconf 86' lang='lat' dir='ltr'><strong>consequuti</strong></span> <span class='ocrx_word' id='word_1_311' title='bbox 2926 1865 3015 1920; x_wconf 88' lang='lat' dir='ltr'><strong>Dei</strong></span> <span class='ocrx_word' id='word_1_312' title='bbox 3051 1867 3406 1936; x_wconf 90' lang='lat' dir='ltr'><strong>clementiam,</strong></span> <span class='ocrx_word' id='word_1_313' title='bbox 3437 1874 3718 1941; x_wconf 79' lang='lat' dir='ltr'><strong>promissis</strong></span> 
     </span>
    </p>
   </div>
   <div class='ocr_carea' id='block_1_42' title="bbox 2135 1947 3710 2031">
    <p class='ocr_par' dir='ltr' id='par_1_42' title="bbox 2135 1947 3710 2031">
     <span class='ocr_line' id='line_1_42' title="bbox 2135 1947 3710 2031; baseline 0.01 -29"><span class='ocrx_word' id='word_1_314' title='bbox 2135 1947 2235 2002; x_wconf 90' lang='lat' dir='ltr'><strong>frui</strong></span> <span class='ocrx_word' id='word_1_315' title='bbox 2285 1949 2442 2005; x_wconf 92' lang='lat' dir='ltr'><strong>bonis</strong></span> <span class='ocrx_word' id='word_1_316' title='bbox 2488 1953 2794 2022; x_wconf 72' lang='lat' dir='ltr'><strong>possimus,</strong></span> <span class='ocrx_word' id='word_1_317' title='bbox 2842 1957 3009 2025; x_wconf 76' lang='lat' dir='ltr'><strong>gratia</strong></span> <span class='ocrx_word' id='word_1_318' title='bbox 3051 1969 3101 2013; x_wconf 91' lang='lat' dir='ltr'><strong>et</strong></span> <span class='ocrx_word' id='word_1_319' title='bbox 3145 1959 3456 2031; x_wconf 83' lang='lat' dir='ltr'><strong>benignitate</strong></span> <span class='ocrx_word' id='word_1_320' title='bbox 3498 1964 3710 2019; x_wconf 88' lang='lat' dir='ltr'><strong>Domini</strong></span> 
     </span>
    </p>
   </div>
   <div class='ocr_carea' id='block_1_43' title="bbox 2133 2041 3700 2117">
    <p class='ocr_par' dir='ltr' id='par_1_43' title="bbox 2133 2041 3700 2117">
     <span class='ocr_line' id='line_1_43' title="bbox 2133 2041 3700 2117; baseline 0.012 -25"><span class='ocrx_word' id='word_1_321' title='bbox 2133 2041 2298 2094; x_wconf 92' lang='lat' dir='ltr'><strong>nostri</strong></span> <span class='ocrx_word' id='word_1_322' title='bbox 2325 2041 2453 2096; x_wconf 85' lang='lat' dir='ltr'><strong>Jesu</strong></span> <span class='ocrx_word' id='word_1_323' title='bbox 2501 2041 2723 2114; x_wconf 89' lang='lat' dir='ltr'><strong>Christi,</strong></span> <span class='ocrx_word' id='word_1_324' title='bbox 2754 2047 2838 2102; x_wconf 90' lang='lat' dir='ltr'><strong>cui</strong></span> <span class='ocrx_word' id='word_1_325' title='bbox 2869 2048 3032 2117; x_wconf 81' lang='lat' dir='ltr'><strong>gloria</strong></span> <span class='ocrx_word' id='word_1_326' title='bbox 3067 2050 3113 2104; x_wconf 90' lang='lat' dir='ltr'><strong>in</strong></span> <span class='ocrx_word' id='word_1_327' title='bbox 3144 2053 3330 2106; x_wconf 72' lang='lat' dir='ltr'><strong>smcula</strong></span> <span class='ocrx_word' id='word_1_328' title='bbox 3362 2055 3700 2112; x_wconf 63' lang='lat' dir='ltr'><strong>sucularum.</strong></span> 
     </span>
    </p>
   </div>
   <div class='ocr_carea' id='block_1_44' title="bbox 2133 2133 2322 2188">
    <p class='ocr_par' dir='ltr' id='par_1_44' title="bbox 2133 2133 2322 2188">
     <span class='ocr_line' id='line_1_44' title="bbox 2133 2133 2322 2188; baseline -0.005 -2"><span class='ocrx_word' id='word_1_329' title='bbox 2133 2133 2322 2188; x_wconf 81' lang='lat' dir='ltr'><strong>Amen.</strong></span> 
     </span>
    </p>
   </div>
   <div class='ocr_carea' id='block_1_45' title="bbox 439 2356 3684 2385">
    <p class='ocr_par' dir='ltr' id='par_1_45' title="bbox 439 2356 3684 2385">
     <span class='ocr_line' id='line_1_45' title="bbox 439 2356 3684 2385; baseline 0.004 -19"><span class='ocrx_word' id='word_1_330' title='bbox 439 2356 3684 2385; x_wconf 77' lang='lat'><strong>——_——______._______—__.___________________</strong></span> 
     </span>
    </p>
   </div>
   <div class='ocr_carea' id='block_1_46' title="bbox 1748 2438 2394 2505">
    <p class='ocr_par' dir='ltr' id='par_1_46' title="bbox 1748 2438 2394 2505">
     <span class='ocr_line' id='line_1_46' title="bbox 1748 2438 2394 2505; baseline -0.008 0"><span class='ocrx_word' id='word_1_331' title='bbox 1748 2441 2091 2505; x_wconf 84' lang='lat' dir='ltr'><strong>HOMILIA</strong></span> <span class='ocrx_word' id='word_1_332' title='bbox 2137 2438 2394 2501; x_wconf 83' lang='lat' dir='ltr'><strong>LXXV.</strong></span> 
     </span>
    </p>
   </div>
   <div class='ocr_carea' id='block_1_47' title="bbox 428 2578 2018 2653">
    <p class='ocr_par' dir='ltr' id='par_1_47' title="bbox 428 2578 2018 2653">
     <span class='ocr_line' id='line_1_47' title="bbox 428 2578 2018 2653; baseline 0.003 -19"><span class='ocrx_word' id='word_1_333' title='bbox 428 2578 556 2636; x_wconf 68' lang='lat' dir='ltr'><strong>Car.</strong></span> <span class='ocrx_word' id='word_1_334' title='bbox 592 2581 674 2636; x_wconf 67' lang='grc'><strong>14.</strong></span> <span class='ocrx_word' id='word_1_335' title='bbox 703 2597 751 2634; x_wconf 91' lang='lat' dir='ltr'><strong>v.</strong></span> <span class='ocrx_word' id='word_1_336' title='bbox 790 2581 875 2638; x_wconf 78' lang='grc'><strong>15.</strong></span> <span class='ocrx_word' id='word_1_337' title='bbox 907 2581 968 2637; x_wconf 80' lang='lat' dir='ltr'><strong>Si</strong></span> <span class='ocrx_word' id='word_1_338' title='bbox 1007 2583 1217 2653; x_wconf 76' lang='lat' dir='ltr'><strong>diligitis</strong></span> <span class='ocrx_word' id='word_1_339' title='bbox 1257 2599 1354 2650; x_wconf 80' lang='lat' dir='ltr'><strong>me,</strong></span> <span class='ocrx_word' id='word_1_340' title='bbox 1381 2584 1620 2638; x_wconf 77' lang='lat' dir='ltr'><strong>mandata</strong></span> <span class='ocrx_word' id='word_1_341' title='bbox 1642 2601 1754 2639; x_wconf 87' lang='lat' dir='ltr'><strong>mea</strong></span> <span class='ocrx_word' id='word_1_342' title='bbox 1785 2594 1977 2639; x_wconf 67' lang='lat' dir='ltr'><strong>servate</strong></span> <span class='ocrx_word' id='word_1_343' title='bbox 2000 2601 2018 2638; x_wconf 82' lang='lat'><strong>.°</strong></span> 
     </span>
    </p>
   </div>
   <div class='ocr_carea' id='block_1_48' title="bbox 500 2672 2019 2745">
    <p class='ocr_par' dir='ltr' id='par_1_48' title="bbox 500 2672 2019 2745">
     <span class='ocr_line' id='line_1_48' title="bbox 500 2672 2019 2745; baseline 0.001 -18"><span class='ocrx_word' id='word_1_344' title='bbox 500 2672 586 2727; x_wconf 88' lang='grc'><strong>16.</strong></span> <span class='ocrx_word' id='word_1_345' title='bbox 613 2683 657 2726; x_wconf 90' lang='lat' dir='ltr'><strong>et</strong></span> <span class='ocrx_word' id='word_1_346' title='bbox 685 2689 774 2745; x_wconf 85' lang='lat' dir='ltr'><strong>ego</strong></span> <span class='ocrx_word' id='word_1_347' title='bbox 803 2673 990 2744; x_wconf 86' lang='lat' dir='ltr'><strong>rogabo</strong></span> <span class='ocrx_word' id='word_1_348' title='bbox 1022 2672 1248 2740; x_wconf 85' lang='lat' dir='ltr'><strong>Patrem,</strong></span> <span class='ocrx_word' id='word_1_349' title='bbox 1277 2685 1325 2728; x_wconf 86' lang='lat' dir='ltr'><strong>et</strong></span> <span class='ocrx_word' id='word_1_350' title='bbox 1346 2675 1504 2728; x_wconf 84' lang='lat' dir='ltr'><strong>alium</strong></span> <span class='ocrx_word' id='word_1_351' title='bbox 1534 2674 1855 2729; x_wconf 87' lang='lat' dir='ltr'><strong>Paracletum</strong></span> <span class='ocrx_word' id='word_1_352' title='bbox 1881 2675 2019 2729; x_wconf 84' lang='lat' dir='ltr'><strong>dabit</strong></span> 
     </span>
    </p>
   </div>
   <div class='ocr_carea' id='block_1_49' title="bbox 499 2764 2018 2838">
    <p class='ocr_par' dir='ltr' id='par_1_49' title="bbox 499 2764 2018 2838">
     <span class='ocr_line' id='line_1_49' title="bbox 499 2764 2018 2838; baseline 0.003 -20"><span class='ocrx_word' id='word_1_353' title='bbox 499 2764 655 2832; x_wconf 81' lang='lat' dir='ltr'><strong>vobis,</strong></span> <span class='ocrx_word' id='word_1_354' title='bbox 683 2776 741 2818; x_wconf 85' lang='lat' dir='ltr'><strong>ut</strong></span> <span class='ocrx_word' id='word_1_355' title='bbox 769 2776 966 2820; x_wconf 83' lang='lat' dir='ltr'><strong>maneat</strong></span> <span class='ocrx_word' id='word_1_356' title='bbox 997 2766 1317 2821; x_wconf 83' lang='lat' dir='ltr'><strong>vobiscumin</strong></span> <span class='ocrx_word' id='word_1_357' title='bbox 1338 2777 1604 2833; x_wconf 63' lang='lat' dir='ltr'><strong>(sternunt,</strong></span> <span class='ocrx_word' id='word_1_358' title='bbox 1648 2768 1737 2823; x_wconf 85' lang='grc'><strong>17.</strong></span> <span class='ocrx_word' id='word_1_359' title='bbox 1766 2767 2018 2838; x_wconf 79' lang='lat' dir='ltr'><strong>Spiritum</strong></span> 
     </span>
    </p>
   </div>
   <div class='ocr_carea' id='block_1_50' title="bbox 497 2855 2018 2931">
    <p class='ocr_par' dir='ltr' id='par_1_50' title="bbox 497 2855 2018 2931">
     <span class='ocr_line' id='line_1_50' title="bbox 497 2855 2018 2931; baseline 0.004 -21"><span class='ocrx_word' id='word_1_360' title='bbox 497 2855 741 2922; x_wconf 73' lang='lat' dir='ltr'><strong>reritatis,</strong></span> <span class='ocrx_word' id='word_1_361' title='bbox 770 2874 914 2926; x_wconf 84' lang='lat' dir='ltr'><strong>quem</strong></span> <span class='ocrx_word' id='word_1_362' title='bbox 941 2859 1159 2912; x_wconf 80' lang='lat' dir='ltr'><strong>mundus</strong></span> <span class='ocrx_word' id='word_1_363' title='bbox 1185 2875 1284 2912; x_wconf 85' lang='lat' dir='ltr'><strong>non</strong></span> <span class='ocrx_word' id='word_1_364' title='bbox 1312 2867 1471 2928; x_wconf 78' lang='lat' dir='ltr'><strong>potest</strong></span> <span class='ocrx_word' id='word_1_365' title='bbox 1498 2860 1745 2931; x_wconf 83' lang='lat' dir='ltr'><strong>accipere,</strong></span> <span class='ocrx_word' id='word_1_366' title='bbox 1770 2861 1887 2930; x_wconf 80' lang='lat' dir='ltr'><strong>quia</strong></span> <span class='ocrx_word' id='word_1_367' title='bbox 1917 2878 2018 2916; x_wconf 79' lang='lat' dir='ltr'><strong>non</strong></span> 
     </span>
    </p>
   </div>
   <div class='ocr_carea' id='block_1_51' title="bbox 495 2949 1192 3017">
    <p class='ocr_par' dir='ltr' id='par_1_51' title="bbox 495 2949 1192 3017">
     <span class='ocr_line' id='line_1_51' title="bbox 495 2949 1192 3017; baseline 0.004 -16"><span class='ocrx_word' id='word_1_368' title='bbox 495 2949 627 3003; x_wconf 73' lang='lat' dir='ltr'><strong>ridet</strong></span> <span class='ocrx_word' id='word_1_369' title='bbox 657 2966 791 3017; x_wconf 84' lang='lat' dir='ltr'><strong>eum,</strong></span> <span class='ocrx_word' id='word_1_370' title='bbox 818 2966 908 3004; x_wconf 86' lang='lat' dir='ltr'><strong>nec</strong></span> <span class='ocrx_word' id='word_1_371' title='bbox 933 2952 1026 3004; x_wconf 88' lang='lat' dir='ltr'><strong>scit</strong></span> <span class='ocrx_word' id='word_1_372' title='bbox 1058 2968 1192 3005; x_wconf 88' lang='lat' dir='ltr'><strong>eum.</strong></span> 
     </span>
    </p>
   </div>
   <div class='ocr_carea' id='block_1_52' title="bbox 505 3040 2015 3115">
    <p class='ocr_par' dir='ltr' id='par_1_52' title="bbox 505 3040 2015 3115">
     <span class='ocr_line' id='line_1_52' title="bbox 505 3040 2015 3115; baseline 0.004 -19"><span class='ocrx_word' id='word_1_373' title='bbox 505 3044 548 3096; x_wconf 90' lang='grc'><strong>1.</strong></span> <span class='ocrx_word' id='word_1_374' title='bbox 580 3040 718 3097; x_wconf 83' lang='lat' dir='ltr'><strong>Deus</strong></span> <span class='ocrx_word' id='word_1_375' title='bbox 747 3043 852 3096; x_wconf 79' lang='lat' dir='ltr'><strong>vult</strong></span> <span class='ocrx_word' id='word_1_376' title='bbox 873 3060 961 3112; x_wconf 82' lang='lat' dir='ltr'><strong>per</strong></span> <span class='ocrx_word' id='word_1_377' title='bbox 982 3060 1136 3114; x_wconf 86' lang='lat' dir='ltr'><strong>Opera</strong></span> <span class='ocrx_word' id='word_1_378' title='bbox 1178 3045 1346 3115; x_wconf 79' lang='lat' dir='ltr'><strong>diligi.</strong></span> <span class='ocrx_word' id='word_1_379' title='bbox 1394 3043 1581 3101; x_wconf 81' lang='lat' dir='ltr'><strong>Contra</strong></span> <span class='ocrx_word' id='word_1_380' title='bbox 1609 3046 1929 3102; x_wconf 86' lang='lat' dir='ltr'><strong>Sabellianos</strong></span> <span class='ocrx_word' id='word_1_381' title='bbox 1967 3057 2015 3102; x_wconf 76' lang='lat' dir='ltr'><strong>et</strong></span> 
     </span>
    </p>
   </div>
   <div class='ocr_carea' id='block_1_53' title="bbox 428 3130 2012 3209">
    <p class='ocr_par' dir='ltr' id='par_1_53' title="bbox 428 3130 2012 3209">
     <span class='ocr_line' id='line_1_53' title="bbox 428 3130 2012 3209; baseline 0.007 -25"><span class='ocrx_word' id='word_1_382' title='bbox 428 3130 937 3188; x_wconf 71' lang='lat' dir='ltr'><strong>I’ueumatomacltos.</strong></span> <span class='ocrx_word' id='word_1_383' title='bbox 971 3165 1042 3175; x_wconf 90' lang='lat'><strong><em>—</em></strong></span> <span class='ocrx_word' id='word_1_384' title='bbox 1066 3136 1334 3204; x_wconf 84' lang='lat' dir='ltr'><strong>Operibus</strong></span> <span class='ocrx_word' id='word_1_385' title='bbox 1368 3151 1584 3206; x_wconf 86' lang='lat' dir='ltr'><strong>semper</strong></span> <span class='ocrx_word' id='word_1_386' title='bbox 1621 3153 1861 3209; x_wconf 73' lang='lat' dir='ltr'><strong>egemus,</strong></span> <span class='ocrx_word' id='word_1_387' title='bbox 1906 3155 2012 3195; x_wconf 88' lang='lat' dir='ltr'><strong>non</strong></span> 
     </span>
    </p>
   </div>
   <div class='ocr_carea' id='block_1_54' title="bbox 424 3226 2007 3300">
    <p class='ocr_par' dir='ltr' id='par_1_54' title="bbox 424 3226 2007 3300">
     <span class='ocr_line' id='line_1_54' title="bbox 424 3226 2007 3300; baseline 0.007 -23"><span class='ocrx_word' id='word_1_388' title='bbox 424 3226 704 3282; x_wconf 78' lang='lat' dir='ltr'><strong>verborum</strong></span> <span class='ocrx_word' id='word_1_389' title='bbox 727 3228 1105 3284; x_wconf 80' lang='lat' dir='ltr'><strong>ostentatione.</strong></span> <span class='ocrx_word' id='word_1_390' title='bbox 1138 3229 1301 3300; x_wconf 88' lang='lat' dir='ltr'><strong>Loqui</strong></span> <span class='ocrx_word' id='word_1_391' title='bbox 1324 3230 1465 3284; x_wconf 89' lang='lat' dir='ltr'><strong>enim</strong></span> <span class='ocrx_word' id='word_1_392' title='bbox 1493 3241 1544 3286; x_wconf 87' lang='lat' dir='ltr'><strong>et</strong></span> <span class='ocrx_word' id='word_1_393' title='bbox 1569 3233 1879 3300; x_wconf 88' lang='lat' dir='ltr'><strong>promittere</strong></span> <span class='ocrx_word' id='word_1_394' title='bbox 1894 3233 2007 3289; x_wconf 86' lang='lat' dir='ltr'><strong>cui-</strong></span> 
     </span>
    </p>
   </div>
   <div class='ocr_carea' id='block_1_55' title="bbox 421 3318 2010 3394">
    <p class='ocr_par' dir='ltr' id='par_1_55' title="bbox 421 3318 2010 3394">
     <span class='ocr_line' id='line_1_55' title="bbox 421 3318 2010 3394; baseline 0.009 -26"><span class='ocrx_word' id='word_1_395' title='bbox 421 3319 500 3373; x_wconf 85' lang='lat' dir='ltr'><strong>vis</strong></span> <span class='ocrx_word' id='word_1_396' title='bbox 525 3318 675 3376; x_wconf 85' lang='lat' dir='ltr'><strong>facile</strong></span> <span class='ocrx_word' id='word_1_397' title='bbox 701 3329 814 3387; x_wconf 90' lang='lat' dir='ltr'><strong>est;</strong></span> <span class='ocrx_word' id='word_1_398' title='bbox 847 3322 1056 3390; x_wconf 85' lang='lat' dir='ltr'><strong>operari</strong></span> <span class='ocrx_word' id='word_1_399' title='bbox 1090 3337 1193 3376; x_wconf 90' lang='lat' dir='ltr'><strong>non</strong></span> <span class='ocrx_word' id='word_1_400' title='bbox 1233 3323 1380 3377; x_wconf 90' lang='lat' dir='ltr'><strong>item.</strong></span> <span class='ocrx_word' id='word_1_401' title='bbox 1415 3323 1524 3379; x_wconf 91' lang='lat' dir='ltr'><strong>Cur</strong></span> <span class='ocrx_word' id='word_1_402' title='bbox 1555 3324 1669 3380; x_wconf 84' lang='lat' dir='ltr'><strong>haec</strong></span> <span class='ocrx_word' id='word_1_403' title='bbox 1704 3324 1849 3380; x_wconf 76' lang='lat' dir='ltr'><strong>dixi?</strong></span> <span class='ocrx_word' id='word_1_404' title='bbox 1878 3327 2010 3394; x_wconf 87' lang='lat' dir='ltr'><strong>Quia</strong></span> 
     </span>
    </p>
   </div>
   <div class='ocr_carea' id='block_1_56' title="bbox 425 3411 2007 3483">
    <p class='ocr_par' dir='ltr' id='par_1_56' title="bbox 425 3411 2007 3483">
     <span class='ocr_line' id='line_1_56' title="bbox 425 3411 2007 3483; baseline 0.005 -19"><span class='ocrx_word' id='word_1_405' title='bbox 425 3411 575 3466; x_wconf 84' lang='lat' dir='ltr'><strong>tuulti</strong></span> <span class='ocrx_word' id='word_1_406' title='bbox 597 3427 737 3467; x_wconf 90' lang='lat' dir='ltr'><strong>nunc</strong></span> <span class='ocrx_word' id='word_1_407' title='bbox 766 3422 889 3467; x_wconf 91' lang='lat' dir='ltr'><strong>sunt</strong></span> <span class='ocrx_word' id='word_1_408' title='bbox 918 3413 1005 3483; x_wconf 85' lang='lat' dir='ltr'><strong>qui</strong></span> <span class='ocrx_word' id='word_1_409' title='bbox 1036 3412 1219 3467; x_wconf 90' lang='lat' dir='ltr'><strong>dicunt</strong></span> <span class='ocrx_word' id='word_1_410' title='bbox 1239 3429 1298 3468; x_wconf 90' lang='lat' dir='ltr'><strong>se</strong></span> <span class='ocrx_word' id='word_1_411' title='bbox 1321 3414 1484 3468; x_wconf 88' lang='lat' dir='ltr'><strong>Deum</strong></span> <span class='ocrx_word' id='word_1_412' title='bbox 1515 3415 1702 3471; x_wconf 88' lang='lat' dir='ltr'><strong>timere</strong></span> <span class='ocrx_word' id='word_1_413' title='bbox 1727 3411 2007 3483; x_wconf 75' lang='lat' dir='ltr'><strong>etaniare;</strong></span> 
     </span>
    </p>
   </div>
   <div class='ocr_carea' id='block_1_57' title="bbox 422 3501 2012 3578">
    <p class='ocr_par' dir='ltr' id='par_1_57' title="bbox 422 3501 2012 3578">
     <span class='ocr_line' id='line_1_57' title="bbox 422 3501 2012 3578; baseline 0.006 -23"><span class='ocrx_word' id='word_1_414' title='bbox 422 3501 515 3555; x_wconf 76' lang='lat' dir='ltr'><strong>sed</strong></span> <span class='ocrx_word' id='word_1_415' title='bbox 563 3503 816 3572; x_wconf 81' lang='lat' dir='ltr'><strong>operibus</strong></span> <span class='ocrx_word' id='word_1_416' title='bbox 851 3504 1115 3557; x_wconf 88' lang='lat' dir='ltr'><strong>contraria</strong></span> <span class='ocrx_word' id='word_1_417' title='bbox 1160 3503 1416 3560; x_wconf 77' lang='lat' dir='ltr'><strong>exhibent</strong></span> <span class='ocrx_word' id='word_1_418' title='bbox 1465 3523 1477 3558; x_wconf 93' lang='lat'>:</span> <span class='ocrx_word' id='word_1_419' title='bbox 1518 3506 1656 3561; x_wconf 91' lang='lat' dir='ltr'><strong>Deus</strong></span> <span class='ocrx_word' id='word_1_420' title='bbox 1701 3516 1878 3561; x_wconf 89' lang='lat' dir='ltr'><strong>autem</strong></span> <span class='ocrx_word' id='word_1_421' title='bbox 1914 3523 2012 3578; x_wconf 88' lang='lat' dir='ltr'><strong>per</strong></span> 
     </span>
    </p>
   </div>
   <div class='ocr_carea' id='block_1_58' title="bbox 421 3597 2009 3672">
    <p class='ocr_par' dir='ltr' id='par_1_58' title="bbox 421 3597 2009 3672">
     <span class='ocr_line' id='line_1_58' title="bbox 421 3597 2009 3672; baseline 0.006 -27"><span class='ocrx_word' id='word_1_422' title='bbox 421 3612 581 3666; x_wconf 69' lang='lat' dir='ltr'><strong>t-pera</strong></span> <span class='ocrx_word' id='word_1_423' title='bbox 604 3597 749 3668; x_wconf 82' lang='lat' dir='ltr'><strong>diligi</strong></span> <span class='ocrx_word' id='word_1_424' title='bbox 779 3598 988 3668; x_wconf 57' lang='lat' dir='ltr'><strong>quierit.</strong></span> <span class='ocrx_word' id='word_1_425' title='bbox 1015 3597 1142 3652; x_wconf 88' lang='lat' dir='ltr'><strong>Ideo</strong></span> <span class='ocrx_word' id='word_1_426' title='bbox 1164 3599 1438 3668; x_wconf 82' lang='lat' dir='ltr'><strong>discipulis</strong></span> <span class='ocrx_word' id='word_1_427' title='bbox 1468 3599 1678 3655; x_wconf 84' lang='lat' dir='ltr'><strong>dicebat</strong></span> <span class='ocrx_word' id='word_1_428' title='bbox 1707 3619 1719 3654; x_wconf 90' lang='lat'>:</span> <span class='ocrx_word' id='word_1_429' title='bbox 1753 3601 1816 3655; x_wconf 84' lang='lat' dir='ltr'><strong>Si</strong></span> <span class='ocrx_word' id='word_1_430' title='bbox 1841 3601 2009 3672; x_wconf 87' lang='lat' dir='ltr'><strong>diligi-</strong></span> 
     </span>
    </p>
   </div>
   <div class='ocr_carea' id='block_1_59' title="bbox 422 3689 2007 3759">
    <p class='ocr_par' dir='ltr' id='par_1_59' title="bbox 422 3689 2007 3759">
     <span class='ocr_line' id='line_1_59' title="bbox 422 3689 2007 3759; baseline 0.005 -18"><span class='ocrx_word' id='word_1_431' title='bbox 422 3692 490 3744; x_wconf 83' lang='lat' dir='ltr'><strong>tis</strong></span> <span class='ocrx_word' id='word_1_432' title='bbox 512 3707 618 3756; x_wconf 87' lang='lat' dir='ltr'><strong>me,</strong></span> <span class='ocrx_word' id='word_1_433' title='bbox 645 3691 888 3744; x_wconf 85' lang='lat' dir='ltr'><strong>mandata</strong></span> <span class='ocrx_word' id='word_1_434' title='bbox 919 3706 1028 3744; x_wconf 88' lang='lat' dir='ltr'><strong>mea</strong></span> <span class='ocrx_word' id='word_1_435' title='bbox 1060 3689 1341 3746; x_wconf 84' lang='lat' dir='ltr'><strong>servabitis.</strong></span> <span class='ocrx_word' id='word_1_436' title='bbox 1389 3691 1522 3747; x_wconf 88' lang='lat' dir='ltr'><strong>Cum</strong></span> <span class='ocrx_word' id='word_1_437' title='bbox 1563 3692 1706 3748; x_wconf 91' lang='lat' dir='ltr'><strong>enim</strong></span> <span class='ocrx_word' id='word_1_438' title='bbox 1746 3692 2007 3759; x_wconf 81' lang='lat' dir='ltr'><strong>dixisset,</strong></span> 
     </span>
    </p>
   </div>
   <div class='ocr_carea' id='block_1_60' title="bbox 422 3783 2008 3856">
    <p class='ocr_par' dir='ltr' id='par_1_60' title="bbox 422 3783 2008 3856">
     <span class='ocr_line' id='line_1_60' title="bbox 422 3783 2008 3856; baseline 0.003 -20"><span class='ocrx_word' id='word_1_439' title='bbox 422 3783 784 3855; x_wconf 77' lang='lat' dir='ltr'><strong>Quodcumque</strong></span> <span class='ocrx_word' id='word_1_440' title='bbox 814 3783 1073 3853; x_wconf 84' lang='lat' dir='ltr'><strong>petieritis,</strong></span> <span class='ocrx_word' id='word_1_441' title='bbox 1106 3799 1196 3855; x_wconf 87' lang='lat' dir='ltr'><strong>ego</strong></span> <span class='ocrx_word' id='word_1_442' title='bbox 1230 3785 1452 3856; x_wconf 77' lang='lat' dir='ltr'><strong>faciam;</strong></span> <span class='ocrx_word' id='word_1_443' title='bbox 1477 3801 1543 3839; x_wconf 88' lang='lat' dir='ltr'><strong>ne</strong></span> <span class='ocrx_word' id='word_1_444' title='bbox 1565 3794 1814 3854; x_wconf 82' lang='lat' dir='ltr'><strong>putarent</strong></span> <span class='ocrx_word' id='word_1_445' title='bbox 1841 3785 2008 3840; x_wconf 87' lang='lat' dir='ltr'><strong>solam</strong></span> 
     </span>
    </p>
   </div>
   <div class='ocr_carea' id='block_1_61' title="bbox 421 3873 2006 3948">
    <p class='ocr_par' dir='ltr' id='par_1_61' title="bbox 421 3873 2006 3948">
     <span class='ocr_line' id='line_1_61' title="bbox 421 3873 2006 3948; baseline 0.003 -20"><span class='ocrx_word' id='word_1_446' title='bbox 421 3873 730 3942; x_wconf 77' lang='lat' dir='ltr'><strong>petitionem</strong></span> <span class='ocrx_word' id='word_1_447' title='bbox 759 3889 878 3931; x_wconf 90' lang='lat' dir='ltr'><strong>esse</strong></span> <span class='ocrx_word' id='word_1_448' title='bbox 907 3876 1068 3941; x_wconf 88' lang='lat' dir='ltr'><strong>satis,</strong></span> <span class='ocrx_word' id='word_1_449' title='bbox 1101 3875 1372 3931; x_wconf 88' lang='lat' dir='ltr'><strong>subdidit:</strong></span> <span class='ocrx_word' id='word_1_450' title='bbox 1407 3877 1467 3931; x_wconf 88' lang='lat' dir='ltr'><strong>Si</strong></span> <span class='ocrx_word' id='word_1_451' title='bbox 1486 3877 1696 3948; x_wconf 85' lang='lat' dir='ltr'><strong>diligitis</strong></span> <span class='ocrx_word' id='word_1_452' title='bbox 1721 3894 1832 3942; x_wconf 89' lang='lat' dir='ltr'><strong>me;</strong></span> <span class='ocrx_word' id='word_1_453' title='bbox 1859 3886 2006 3943; x_wconf 90' lang='lat' dir='ltr'><strong>tunc,</strong></span> 
     </span>
    </p>
   </div>
   <div class='ocr_carea' id='block_1_62' title="bbox 422 3965 2005 4037">
    <p class='ocr_par' dir='ltr' id='par_1_62' title="bbox 422 3965 2005 4037">
     <span class='ocr_line' id='line_1_62' title="bbox 422 3965 2005 4037; baseline 0.006 -22"><span class='ocrx_word' id='word_1_454' title='bbox 422 3966 611 4037; x_wconf 79' lang='lat' dir='ltr'><strong>inquit,</strong></span> <span class='ocrx_word' id='word_1_455' title='bbox 642 3965 850 4023; x_wconf 84' lang='lat' dir='ltr'><strong>faciam.</strong></span> <span class='ocrx_word' id='word_1_456' title='bbox 897 3967 1027 4036; x_wconf 86' lang='lat' dir='ltr'><strong>Quia</strong></span> <span class='ocrx_word' id='word_1_457' title='bbox 1055 3979 1231 4024; x_wconf 91' lang='lat' dir='ltr'><strong>autem</strong></span> <span class='ocrx_word' id='word_1_458' title='bbox 1259 3969 1548 4025; x_wconf 84' lang='lat' dir='ltr'><strong>verisimile</strong></span> <span class='ocrx_word' id='word_1_459' title='bbox 1585 3979 1700 4025; x_wconf 90' lang='lat' dir='ltr'><strong>erat</strong></span> <span class='ocrx_word' id='word_1_460' title='bbox 1738 3983 1852 4036; x_wconf 89' lang='lat' dir='ltr'><strong>eos,</strong></span> <span class='ocrx_word' id='word_1_461' title='bbox 1885 3985 2005 4025; x_wconf 90' lang='lat' dir='ltr'><strong>eum</strong></span> 
     </span>
    </p>
   </div>
   <div class='ocr_carea' id='block_1_63' title="bbox 351 4059 2003 4128">
    <p class='ocr_par' dir='ltr' id='par_1_63' title="bbox 351 4059 2003 4128">
     <span class='ocr_line' id='line_1_63' title="bbox 351 4059 2003 4128; baseline 0.003 -17"><span class='ocrx_word' id='word_1_462' title='bbox 351 4075 355 4083; x_wconf 92' lang='grc'>·</span> <span class='ocrx_word' id='word_1_463' title='bbox 417 4059 681 4116; x_wconf 80' lang='lat' dir='ltr'><strong>dicentem</strong></span> <span class='ocrx_word' id='word_1_464' title='bbox 705 4060 1003 4126; x_wconf 80' lang='lat' dir='ltr'><strong>audissent,</strong></span> <span class='ocrx_word' id='word_1_465' title='bbox 1023 4061 1101 4114; x_wconf 81' lang='lat' dir='ltr'><strong>Ad</strong></span> <span class='ocrx_word' id='word_1_466' title='bbox 1137 4061 1344 4116; x_wconf 83' lang='lat' dir='ltr'><strong>Patrem</strong></span> <span class='ocrx_word' id='word_1_467' title='bbox 1389 4061 1542 4127; x_wconf 80' lang='lat' dir='ltr'><strong>vado,</strong></span> <span class='ocrx_word' id='word_1_468' title='bbox 1583 4061 1824 4116; x_wconf 89' lang='lat' dir='ltr'><strong>turbatos</strong></span> <span class='ocrx_word' id='word_1_469' title='bbox 1852 4076 2003 4128; x_wconf 91' lang='lat' dir='ltr'><strong>esse,</strong></span> 
     </span>
    </p>
   </div>
   <div class='ocr_carea' id='block_1_64' title="bbox 415 4152 2012 4223">
    <p class='ocr_par' dir='ltr' id='par_1_64' title="bbox 415 4152 2012 4223">
     <span class='ocr_line' id='line_1_64' title="bbox 415 4152 2012 4223; baseline 0.001 -17"><span class='ocrx_word' id='word_1_470' title='bbox 415 4153 584 4208; x_wconf 77' lang='lat' dir='ltr'><strong>dicit:</strong></span> <span class='ocrx_word' id='word_1_471' title='bbox 616 4152 730 4208; x_wconf 81' lang='lat' dir='ltr'><strong>Non</strong></span> <span class='ocrx_word' id='word_1_472' title='bbox 772 4165 853 4209; x_wconf 87' lang='lat' dir='ltr'><strong>cst</strong></span> <span class='ocrx_word' id='word_1_473' title='bbox 879 4154 980 4209; x_wconf 88' lang='lat' dir='ltr'><strong>hoe</strong></span> <span class='ocrx_word' id='word_1_474' title='bbox 1001 4154 1244 4223; x_wconf 85' lang='lat' dir='ltr'><strong>diligere,</strong></span> <span class='ocrx_word' id='word_1_475' title='bbox 1287 4168 1430 4208; x_wconf 89' lang='lat' dir='ltr'><strong>nunc</strong></span> <span class='ocrx_word' id='word_1_476' title='bbox 1461 4153 1680 4216; x_wconf 86' lang='lat' dir='ltr'><strong>turbari,</strong></span> <span class='ocrx_word' id='word_1_477' title='bbox 1715 4153 1808 4209; x_wconf 60' lang='lat' dir='ltr'><strong>sed</strong></span> <span class='ocrx_word' id='word_1_478' title='bbox 1851 4154 2012 4208; x_wconf 87' lang='lat' dir='ltr'><strong>dictis</strong></span> 
     </span>
    </p>
   </div>
   <div class='ocr_carea' id='block_1_65' title="bbox 415 4245 2002 4316">
    <p class='ocr_par' dir='ltr' id='par_1_65' title="bbox 415 4245 2002 4316">
     <span class='ocr_line' id='line_1_65' title="bbox 415 4245 2002 4316; baseline 0 -17"><span class='ocrx_word' id='word_1_479' title='bbox 415 4246 808 4316; x_wconf 83' lang='lat' dir='ltr'><strong>obtemperare.</strong></span> <span class='ocrx_word' id='word_1_480' title='bbox 843 4246 969 4301; x_wconf 88' lang='lat' dir='ltr'><strong>Dedi</strong></span> <span class='ocrx_word' id='word_1_481' title='bbox 995 4246 1145 4301; x_wconf 91' lang='lat' dir='ltr'><strong>vobis</strong></span> <span class='ocrx_word' id='word_1_482' title='bbox 1171 4246 1502 4307; x_wconf 85' lang='lat' dir='ltr'><strong>mandatum.</strong></span> <span class='ocrx_word' id='word_1_483' title='bbox 1531 4253 1588 4299; x_wconf 92' lang='lat' dir='ltr'><strong>ut</strong></span> <span class='ocrx_word' id='word_1_484' title='bbox 1607 4245 1838 4316; x_wconf 84' lang='lat' dir='ltr'><strong>diligatis</strong></span> <span class='ocrx_word' id='word_1_485' title='bbox 1865 4245 2002 4299; x_wconf 84' lang='lat' dir='ltr'><strong>invi-</strong></span> 
     </span>
    </p>
   </div>
   <div class='ocr_carea' id='block_1_66' title="bbox 416 4335 2005 4408">
    <p class='ocr_par' dir='ltr' id='par_1_66' title="bbox 416 4335 2005 4408">
     <span class='ocr_line' id='line_1_66' title="bbox 416 4335 2005 4408; baseline 0.001 -18"><span class='ocrx_word' id='word_1_486' title='bbox 416 4354 559 4402; x_wconf 89' lang='lat' dir='ltr'><strong>cem,</strong></span> <span class='ocrx_word' id='word_1_487' title='bbox 593 4350 647 4392; x_wconf 91' lang='lat' dir='ltr'><strong>ut</strong></span> <span class='ocrx_word' id='word_1_488' title='bbox 674 4339 752 4393; x_wconf 86' lang='lat' dir='ltr'><strong>sic</strong></span> <span class='ocrx_word' id='word_1_489' title='bbox 777 4339 1002 4395; x_wconf 85' lang='lat' dir='ltr'><strong>invicem</strong></span> <span class='ocrx_word' id='word_1_490' title='bbox 1033 4337 1258 4404; x_wconf 87' lang='lat' dir='ltr'><strong>faciatis,</strong></span> <span class='ocrx_word' id='word_1_491' title='bbox 1291 4346 1347 4392; x_wconf 88' lang='lat' dir='ltr'><strong>ut</strong></span> <span class='ocrx_word' id='word_1_492' title='bbox 1371 4353 1470 4408; x_wconf 88' lang='lat' dir='ltr'><strong>ego</strong></span> <span class='ocrx_word' id='word_1_493' title='bbox 1514 4335 1614 4392; x_wconf 89' lang='lat' dir='ltr'><strong>feci</strong></span> <span class='ocrx_word' id='word_1_494' title='bbox 1663 4337 1830 4390; x_wconf 89' lang='lat' dir='ltr'><strong>vobis.</strong></span> <span class='ocrx_word' id='word_1_495' title='bbox 1877 4336 2005 4391; x_wconf 63' lang='lat' dir='ltr'><strong>Haec</strong></span> 
     </span>
    </p>
   </div>
   <div class='ocr_carea' id='block_1_67' title="bbox 417 4428 2005 4500">
    <p class='ocr_par' dir='ltr' id='par_1_67' title="bbox 417 4428 2005 4500">
     <span class='ocr_line' id='line_1_67' title="bbox 417 4428 2005 4500; baseline -0.001 -16"><span class='ocrx_word' id='word_1_496' title='bbox 417 4439 503 4485; x_wconf 88' lang='lat' dir='ltr'><strong>est</strong></span> <span class='ocrx_word' id='word_1_497' title='bbox 525 4430 760 4499; x_wconf 85' lang='lat' dir='ltr'><strong>dilectio,</strong></span> <span class='ocrx_word' id='word_1_498' title='bbox 786 4431 866 4486; x_wconf 91' lang='lat' dir='ltr'><strong>his</strong></span> <span class='ocrx_word' id='word_1_499' title='bbox 887 4431 1278 4500; x_wconf 86' lang='lat' dir='ltr'><strong>obtemperare.</strong></span> <span class='ocrx_word' id='word_1_500' title='bbox 1305 4437 1358 4486; x_wconf 91' lang='lat' dir='ltr'><strong>et</strong></span> <span class='ocrx_word' id='word_1_501' title='bbox 1383 4429 1577 4485; x_wconf 88' lang='lat' dir='ltr'><strong>dilecto</strong></span> <span class='ocrx_word' id='word_1_502' title='bbox 1594 4428 1910 4484; x_wconf 80' lang='lat' dir='ltr'><strong>concedere.</strong></span> <span class='ocrx_word' id='word_1_503' title='bbox 1941 4428 2005 4482; x_wconf 85' lang='lat' dir='ltr'><strong>Et</strong></span> 
     </span>
    </p>
   </div>
   <div class='ocr_carea' id='block_1_68' title="bbox 414 4520 2005 4593">
    <p class='ocr_par' dir='ltr' id='par_1_68' title="bbox 414 4520 2005 4593">
     <span class='ocr_line' id='line_1_68' title="bbox 414 4520 2005 4593; baseline 0 -18"><span class='ocrx_word' id='word_1_504' title='bbox 414 4523 601 4593; x_wconf 87' lang='lat' dir='ltr'><strong>rogabo</strong></span> <span class='ocrx_word' id='word_1_505' title='bbox 623 4521 849 4586; x_wconf 86' lang='lat' dir='ltr'><strong>Patrem,</strong></span> <span class='ocrx_word' id='word_1_506' title='bbox 893 4533 939 4576; x_wconf 91' lang='lat' dir='ltr'><strong>et</strong></span> <span class='ocrx_word' id='word_1_507' title='bbox 968 4523 1124 4576; x_wconf 81' lang='lat' dir='ltr'><strong>alium</strong></span> <span class='ocrx_word' id='word_1_508' title='bbox 1167 4521 1489 4576; x_wconf 69' lang='lat' dir='ltr'><strong>Parui-letum</strong></span> <span class='ocrx_word' id='word_1_509' title='bbox 1512 4521 1650 4575; x_wconf 87' lang='lat' dir='ltr'><strong>dabit</strong></span> <span class='ocrx_word' id='word_1_510' title='bbox 1681 4522 1836 4576; x_wconf 83' lang='lat' dir='ltr'><strong>vobis.</strong></span> <span class='ocrx_word' id='word_1_511' title='bbox 1870 4520 2005 4576; x_wconf 88' lang='lat' dir='ltr'><strong>Sese</strong></span> 
     </span>
    </p>
   </div>
   <div class='ocr_carea' id='block_1_69' title="bbox 412 4613 2002 4682">
    <p class='ocr_par' dir='ltr' id='par_1_69' title="bbox 412 4613 2002 4682">
     <span class='ocr_line' id='line_1_69' title="bbox 412 4613 2002 4682; baseline -0.001 -13"><span class='ocrx_word' id='word_1_512' title='bbox 412 4613 745 4670; x_wconf 84' lang='lat' dir='ltr'><strong>demittentis</strong></span> <span class='ocrx_word' id='word_1_513' title='bbox 765 4615 925 4669; x_wconf 88' lang='lat' dir='ltr'><strong>verba</strong></span> <span class='ocrx_word' id='word_1_514' title='bbox 947 4623 1090 4669; x_wconf 88' lang='lat' dir='ltr'><strong>sunt.</strong></span> <span class='ocrx_word' id='word_1_515' title='bbox 1119 4614 1249 4682; x_wconf 91' lang='lat' dir='ltr'><strong>Quia</strong></span> <span class='ocrx_word' id='word_1_516' title='bbox 1272 4615 1414 4669; x_wconf 87' lang='lat' dir='ltr'><strong>enim</strong></span> <span class='ocrx_word' id='word_1_517' title='bbox 1443 4629 1563 4668; x_wconf 91' lang='lat' dir='ltr'><strong>cum</strong></span> <span class='ocrx_word' id='word_1_518' title='bbox 1594 4614 1827 4678; x_wconf 80' lang='lat' dir='ltr'><strong>nondum</strong></span> <span class='ocrx_word' id='word_1_519' title='bbox 1852 4614 2002 4669; x_wconf 88' lang='lat' dir='ltr'><strong>illum</strong></span> 
     </span>
    </p>
   </div>
   <div class='ocr_carea' id='block_1_70' title="bbox 413 4705 2002 4778">
    <p class='ocr_par' dir='ltr' id='par_1_70' title="bbox 413 4705 2002 4778">
     <span class='ocr_line' id='line_1_70' title="bbox 413 4705 2002 4778; baseline 0.003 -20"><span class='ocrx_word' id='word_1_520' title='bbox 413 4709 582 4778; x_wconf 83' lang='lat' dir='ltr'><strong>probe</strong></span> <span class='ocrx_word' id='word_1_521' title='bbox 619 4715 1023 4777; x_wconf 83' lang='lat' dir='ltr'><strong>cognoscerent,</strong></span> <span class='ocrx_word' id='word_1_522' title='bbox 1069 4705 1362 4761; x_wconf 83' lang='lat' dir='ltr'><strong>verisimile</strong></span> <span class='ocrx_word' id='word_1_523' title='bbox 1405 4715 1542 4768; x_wconf 81' lang='lat' dir='ltr'><strong>erat,</strong></span> <span class='ocrx_word' id='word_1_524' title='bbox 1585 4722 1679 4762; x_wconf 91' lang='lat' dir='ltr'><strong>eos</strong></span> <span class='ocrx_word' id='word_1_525' title='bbox 1727 4708 1866 4762; x_wconf 92' lang='lat' dir='ltr'><strong>illius</strong></span> <span class='ocrx_word' id='word_1_526' title='bbox 1903 4707 2002 4761; x_wconf 91' lang='lat' dir='ltr'><strong>ab-</strong></span> 
     </span>
    </p>
   </div>
   <div class='ocr_carea' id='block_1_71' title="bbox 412 4795 2004 4868">
    <p class='ocr_par' dir='ltr' id='par_1_71' title="bbox 412 4795 2004 4868">
     <span class='ocr_line' id='line_1_71' title="bbox 412 4795 2004 4868; baseline -0.003 -15"><span class='ocrx_word' id='word_1_527' title='bbox 412 4798 580 4853; x_wconf 83' lang='lat' dir='ltr'><strong>sentis</strong></span> <span class='ocrx_word' id='word_1_528' title='bbox 608 4797 966 4864; x_wconf 88' lang='lat' dir='ltr'><strong>consortium,</strong></span> <span class='ocrx_word' id='word_1_529' title='bbox 998 4795 1182 4860; x_wconf 89' lang='lat' dir='ltr'><strong>verba,</strong></span> <span class='ocrx_word' id='word_1_530' title='bbox 1231 4797 1608 4866; x_wconf 88' lang='lat' dir='ltr'><strong>carnalemque</strong></span> <span class='ocrx_word' id='word_1_531' title='bbox 1653 4798 2004 4868; x_wconf 56' lang='lat' dir='ltr'><strong>praesentiam.</strong></span> 
     </span>
    </p>
   </div>
   <div class='ocr_carea' id='block_1_72' title="bbox 411 4885 2000 4957">
    <p class='ocr_par' dir='ltr' id='par_1_72' title="bbox 411 4885 2000 4957">
     <span class='ocr_line' id='line_1_72' title="bbox 411 4885 2000 4957; baseline 0.001 -16"><span class='ocrx_word' id='word_1_532' title='bbox 411 4885 706 4941; x_wconf 85' lang='lat' dir='ltr'><strong>admodum</strong></span> <span class='ocrx_word' id='word_1_533' title='bbox 721 4887 1080 4957; x_wconf 78' lang='lat' dir='ltr'><strong>exquisituros</strong></span> <span class='ocrx_word' id='word_1_534' title='bbox 1104 4901 1245 4951; x_wconf 88' lang='lat' dir='ltr'><strong>esse,</strong></span> <span class='ocrx_word' id='word_1_535' title='bbox 1274 4894 1330 4941; x_wconf 88' lang='lat' dir='ltr'><strong>et</strong></span> <span class='ocrx_word' id='word_1_536' title='bbox 1355 4886 1580 4951; x_wconf 90' lang='lat' dir='ltr'><strong>nullam,</strong></span> <span class='ocrx_word' id='word_1_537' title='bbox 1613 4889 1729 4954; x_wconf 90' lang='lat' dir='ltr'><strong>ipso</strong></span> <span class='ocrx_word' id='word_1_538' title='bbox 1757 4887 2000 4950; x_wconf 89' lang='lat' dir='ltr'><strong>absente.</strong></span> 
     </span>
    </p>
   </div>
   <div class='ocr_carea' id='block_1_73' title="bbox 412 4976 1998 5050">
    <p class='ocr_par' dir='ltr' id='par_1_73' title="bbox 412 4976 1998 5050">
     <span class='ocr_line' id='line_1_73' title="bbox 412 4976 1998 5050; baseline -0.002 -16"><span class='ocrx_word' id='word_1_539' title='bbox 412 4988 729 5050; x_wconf 87' lang='lat' dir='ltr'><strong>accepturos</strong></span> <span class='ocrx_word' id='word_1_540' title='bbox 756 4979 1208 5042; x_wconf 88' lang='lat' dir='ltr'><strong>consolationem;</strong></span> <span class='ocrx_word' id='word_1_541' title='bbox 1235 4976 1360 5047; x_wconf 89' lang='lat' dir='ltr'><strong>quid</strong></span> <span class='ocrx_word' id='word_1_542' title='bbox 1387 4978 1501 5030; x_wconf 88' lang='lat' dir='ltr'><strong>ait?</strong></span> <span class='ocrx_word' id='word_1_543' title='bbox 1535 4976 1741 5046; x_wconf 79' lang='lat' dir='ltr'><strong>Rogabo</strong></span> <span class='ocrx_word' id='word_1_544' title='bbox 1770 4976 1998 5040; x_wconf 84' lang='lat' dir='ltr'><strong>Patrem,</strong></span> 
     </span>
    </p>
   </div>
   <div class='ocr_carea' id='block_1_74' title="bbox 411 5067 2004 5137">
    <p class='ocr_par' dir='ltr' id='par_1_74' title="bbox 411 5067 2004 5137">
     <span class='ocr_line' id='line_1_74' title="bbox 411 5067 2004 5137; baseline -0.001 -13"><span class='ocrx_word' id='word_1_545' title='bbox 411 5081 458 5124; x_wconf 87' lang='lat' dir='ltr'><strong>et</strong></span> <span class='ocrx_word' id='word_1_546' title='bbox 483 5072 646 5125; x_wconf 87' lang='lat' dir='ltr'><strong>alium</strong></span> <span class='ocrx_word' id='word_1_547' title='bbox 676 5068 1000 5124; x_wconf 79' lang='lat' dir='ltr'><strong>Paracletum</strong></span> <span class='ocrx_word' id='word_1_548' title='bbox 1037 5069 1177 5123; x_wconf 87' lang='lat' dir='ltr'><strong>dabit</strong></span> <span class='ocrx_word' id='word_1_549' title='bbox 1203 5068 1380 5132; x_wconf 71' lang='lat' dir='ltr'><strong>vobis;</strong></span> <span class='ocrx_word' id='word_1_550' title='bbox 1416 5067 1468 5122; x_wconf 89' lang='lat' dir='ltr'><strong>id</strong></span> <span class='ocrx_word' id='word_1_551' title='bbox 1493 5076 1594 5132; x_wconf 86' lang='lat' dir='ltr'><strong>est,</strong></span> <span class='ocrx_word' id='word_1_552' title='bbox 1629 5067 1803 5121; x_wconf 86' lang='lat' dir='ltr'><strong>Alium</strong></span> <span class='ocrx_word' id='word_1_553' title='bbox 1831 5069 2004 5137; x_wconf 87' lang='lat' dir='ltr'><strong>qualis</strong></span> 
     </span>
    </p>
   </div>
   <div class='ocr_carea' id='block_1_75' title="bbox 412 5156 2003 5233">
    <p class='ocr_par' dir='ltr' id='par_1_75' title="bbox 412 5156 2003 5233">
     <span class='ocr_line' id='line_1_75' title="bbox 412 5156 2003 5233; baseline -0.002 -17"><span class='ocrx_word' id='word_1_554' title='bbox 412 5178 511 5233; x_wconf 83' lang='lat' dir='ltr'><strong>ego</strong></span> <span class='ocrx_word' id='word_1_555' title='bbox 537 5178 678 5218; x_wconf 91' lang='lat' dir='ltr'><strong>sum.</strong></span> <span class='ocrx_word' id='word_1_556' title='bbox 707 5161 1044 5216; x_wconf 85' lang='lat' dir='ltr'><strong>Erubeseant</strong></span> <span class='ocrx_word' id='word_1_557' title='bbox 1066 5161 1154 5230; x_wconf 92' lang='lat' dir='ltr'><strong>qui</strong></span> <span class='ocrx_word' id='word_1_558' title='bbox 1180 5157 1396 5215; x_wconf 90' lang='lat' dir='ltr'><strong>Sabellii</strong></span> <span class='ocrx_word' id='word_1_559' title='bbox 1427 5157 1617 5212; x_wconf 88' lang='lat' dir='ltr'><strong>morbo</strong></span> <span class='ocrx_word' id='word_1_560' title='bbox 1649 5156 1924 5223; x_wconf 83' lang='lat' dir='ltr'><strong>laborant,</strong></span> <span class='ocrx_word' id='word_1_561' title='bbox 1945 5167 2003 5214; x_wconf 85' lang='lat' dir='ltr'><strong>et</strong></span> 
     </span>
    </p>
   </div>
   <div class='ocr_carea' id='block_1_76' title="bbox 413 5247 2001 5323">
    <p class='ocr_par' dir='ltr' id='par_1_76' title="bbox 413 5247 2001 5323">
     <span class='ocr_line' id='line_1_76' title="bbox 413 5247 2001 5323; baseline -0.002 -17"><span class='ocrx_word' id='word_1_562' title='bbox 413 5255 503 5323; x_wconf 84' lang='lat' dir='ltr'><strong>qui</strong></span> <span class='ocrx_word' id='word_1_563' title='bbox 534 5254 602 5309; x_wconf 91' lang='lat' dir='ltr'><strong>de</strong></span> <span class='ocrx_word' id='word_1_564' title='bbox 628 5251 834 5323; x_wconf 83' lang='lat' dir='ltr'><strong>Spiritu</strong></span> <span class='ocrx_word' id='word_1_565' title='bbox 874 5268 983 5306; x_wconf 88' lang='lat' dir='ltr'><strong>non</strong></span> <span class='ocrx_word' id='word_1_566' title='bbox 1001 5260 1149 5307; x_wconf 88' lang='lat' dir='ltr'><strong>recte</strong></span> <span class='ocrx_word' id='word_1_567' title='bbox 1189 5251 1444 5306; x_wconf 85' lang='lat' dir='ltr'><strong>sentiunt.</strong></span> <span class='ocrx_word' id='word_1_568' title='bbox 1474 5248 1606 5302; x_wconf 86' lang='lat' dir='ltr'><strong>Nam</strong></span> <span class='ocrx_word' id='word_1_569' title='bbox 1649 5249 1700 5302; x_wconf 86' lang='lat' dir='ltr'><strong>in</strong></span> <span class='ocrx_word' id='word_1_570' title='bbox 1741 5247 1841 5304; x_wconf 84' lang='lat' dir='ltr'><strong>hoc</strong></span> <span class='ocrx_word' id='word_1_571' title='bbox 1881 5262 2001 5304; x_wconf 89' lang='lat' dir='ltr'><strong>ser-</strong></span> 
     </span>
    </p>
   </div>
   <div class='ocr_carea' id='block_1_77' title="bbox 416 5341 2001 5418">
    <p class='ocr_par' dir='ltr' id='par_1_77' title="bbox 416 5341 2001 5418">
     <span class='ocr_line' id='line_1_77' title="bbox 416 5341 2001 5418; baseline -0.004 -16"><span class='ocrx_word' id='word_1_572' title='bbox 416 5363 574 5403; x_wconf 84' lang='lat' dir='ltr'><strong>mone</strong></span> <span class='ocrx_word' id='word_1_573' title='bbox 601 5347 790 5402; x_wconf 90' lang='lat' dir='ltr'><strong>mirum</strong></span> <span class='ocrx_word' id='word_1_574' title='bbox 811 5346 939 5402; x_wconf 91' lang='lat' dir='ltr'><strong>illud</strong></span> <span class='ocrx_word' id='word_1_575' title='bbox 966 5356 1068 5410; x_wconf 89' lang='lat' dir='ltr'><strong>est,</strong></span> <span class='ocrx_word' id='word_1_576' title='bbox 1089 5345 1230 5418; x_wconf 90' lang='lat' dir='ltr'><strong>quod</strong></span> <span class='ocrx_word' id='word_1_577' title='bbox 1257 5345 1492 5398; x_wconf 74' lang='lat' dir='ltr'><strong>haereses</strong></span> <span class='ocrx_word' id='word_1_578' title='bbox 1516 5357 1581 5396; x_wconf 77' lang='lat' dir='ltr'><strong>ex</strong></span> <span class='ocrx_word' id='word_1_579' title='bbox 1609 5341 1870 5396; x_wconf 88' lang='lat' dir='ltr'><strong>diametro</strong></span> <span class='ocrx_word' id='word_1_580' title='bbox 1899 5355 2001 5412; x_wconf 89' lang='lat' dir='ltr'><strong>0p-</strong></span> 
     </span>
    </p>
   </div>
   <div class='ocr_carea' id='block_1_78' title="bbox 414 5433 1997 5510">
    <p class='ocr_par' dir='ltr' id='par_1_78' title="bbox 414 5433 1997 5510">
     <span class='ocr_line' id='line_1_78' title="bbox 414 5433 1997 5510; baseline -0.004 -18"><span class='ocrx_word' id='word_1_581' title='bbox 414 5441 614 5508; x_wconf 83' lang='lat' dir='ltr'><strong>positas</strong></span> <span class='ocrx_word' id='word_1_582' title='bbox 645 5454 750 5492; x_wconf 88' lang='lat' dir='ltr'><strong>uno</strong></span> <span class='ocrx_word' id='word_1_583' title='bbox 779 5441 882 5495; x_wconf 90' lang='lat' dir='ltr'><strong>ictu</strong></span> <span class='ocrx_word' id='word_1_584' title='bbox 913 5447 1234 5510; x_wconf 89' lang='lat' dir='ltr'><strong>prosternat.</strong></span> <span class='ocrx_word' id='word_1_585' title='bbox 1281 5435 1414 5491; x_wconf 82' lang='lat' dir='ltr'><strong>Nam</strong></span> <span class='ocrx_word' id='word_1_586' title='bbox 1457 5451 1576 5490; x_wconf 90' lang='lat' dir='ltr'><strong>cum</strong></span> <span class='ocrx_word' id='word_1_587' title='bbox 1616 5433 1764 5500; x_wconf 89' lang='lat' dir='ltr'><strong>dicit,</strong></span> <span class='ocrx_word' id='word_1_588' title='bbox 1797 5434 1997 5499; x_wconf 82' lang='lat' dir='ltr'><strong>Alium,</strong></span> 
     </span>
    </p>
   </div>
   <div class='ocr_carea' id='block_1_79' title="bbox 415 5524 1995 5604">
    <p class='ocr_par' dir='ltr' id='par_1_79' title="bbox 415 5524 1995 5604">
     <span class='ocr_line' id='line_1_79' title="bbox 415 5524 1995 5604; baseline -0.003 -21"><span class='ocrx_word' id='word_1_589' title='bbox 415 5532 716 5604; x_wconf 81' lang='lat' dir='ltr'><strong>hypoSIasis</strong></span> <span class='ocrx_word' id='word_1_590' title='bbox 746 5531 886 5585; x_wconf 89' lang='lat' dir='ltr'><strong>illius</strong></span> <span class='ocrx_word' id='word_1_591' title='bbox 907 5527 1259 5585; x_wconf 77' lang='lat' dir='ltr'><strong>dill‘erentiam</strong></span> <span class='ocrx_word' id='word_1_592' title='bbox 1289 5524 1521 5589; x_wconf 88' lang='lat' dir='ltr'><strong>indicat;</strong></span> <span class='ocrx_word' id='word_1_593' title='bbox 1545 5541 1666 5580; x_wconf 89' lang='lat' dir='ltr'><strong>cum</strong></span> <span class='ocrx_word' id='word_1_594' title='bbox 1697 5541 1825 5580; x_wconf 90' lang='lat' dir='ltr'><strong>vero</strong></span> <span class='ocrx_word' id='word_1_595' title='bbox 1845 5524 1995 5591; x_wconf 90' lang='lat' dir='ltr'><strong>dicit,</strong></span> 
     </span>
    </p>
   </div>
   <div class='ocr_carea' id='block_1_80' title="bbox 417 5617 1999 5689">
    <p class='ocr_par' dir='ltr' id='par_1_80' title="bbox 417 5617 1999 5689">
     <span class='ocr_line' id='line_1_80' title="bbox 417 5617 1999 5689; baseline -0.003 -14"><span class='ocrx_word' id='word_1_596' title='bbox 417 5623 770 5689; x_wconf 73' lang='lat' dir='ltr'><strong>Paracletum,</strong></span> <span class='ocrx_word' id='word_1_597' title='bbox 810 5621 1160 5679; x_wconf 87' lang='lat' dir='ltr'><strong>substantiam</strong></span> <span class='ocrx_word' id='word_1_598' title='bbox 1192 5618 1455 5675; x_wconf 91' lang='lat' dir='ltr'><strong>eamdem.</strong></span> <span class='ocrx_word' id='word_1_599' title='bbox 1493 5620 1666 5689; x_wconf 86' lang='lat' dir='ltr'><strong>Quare</strong></span> <span class='ocrx_word' id='word_1_600' title='bbox 1696 5619 1844 5684; x_wconf 59' lang='lat' dir='ltr'><strong>dicit,</strong></span> <span class='ocrx_word' id='word_1_601' title='bbox 1894 5617 1999 5671; x_wconf 75' lang='lat' dir='ltr'><strong>lto-</strong></span> 
     </span>
    </p>
   </div>
   <div class='ocr_carea' id='block_1_81' title="bbox 410 5712 1994 5784">
    <p class='ocr_par' dir='ltr' id='par_1_81' title="bbox 410 5712 1994 5784">
     <span class='ocr_line' id='line_1_81' title="bbox 410 5712 1994 5784; baseline -0.004 -16"><span class='ocrx_word' id='word_1_602' title='bbox 410 5717 539 5784; x_wconf 83' lang='lat' dir='ltr'><strong>gabo</strong></span> <span class='ocrx_word' id='word_1_603' title='bbox 575 5715 973 5782; x_wconf 77' lang='lat' dir='ltr'><strong>Patrenz.’Qtiia</strong></span> <span class='ocrx_word' id='word_1_604' title='bbox 1006 5715 1048 5767; x_wconf 89' lang='lat' dir='ltr'><strong>si</strong></span> <span class='ocrx_word' id='word_1_605' title='bbox 1091 5712 1335 5780; x_wconf 77' lang='lat' dir='ltr'><strong>dixisset,</strong></span> <span class='ocrx_word' id='word_1_606' title='bbox 1382 5712 1492 5782; x_wconf 80' lang='lat' dir='ltr'><strong>Ego</strong></span> <span class='ocrx_word' id='word_1_607' title='bbox 1520 5714 1747 5782; x_wconf 86' lang='lat' dir='ltr'><strong>mittam,</strong></span> <span class='ocrx_word' id='word_1_608' title='bbox 1783 5731 1885 5770; x_wconf 92' lang='lat' dir='ltr'><strong>non</strong></span> <span class='ocrx_word' id='word_1_609' title='bbox 1926 5713 1994 5766; x_wconf 89' lang='lat' dir='ltr'><strong>ita</strong></span> 
     </span>
    </p>
   </div>
   <div class='ocr_carea' id='block_1_82' title="bbox 2125 2581 3714 2661">
    <p class='ocr_par' dir='ltr' id='par_1_82' title="bbox 2125 2581 3714 2661">
     <span class='ocr_line' id='line_1_82' title="bbox 2125 2581 3714 2661; baseline 0.006 -25"><span class='ocrx_word' id='word_1_610' title='bbox 2125 2581 2480 2638; x_wconf 86' lang='lat' dir='ltr'><strong>credidissent</strong></span> <span class='ocrx_word' id='word_1_611' title='bbox 2510 2601 2525 2636; x_wconf 87' lang='lat'><strong>:</strong></span> <span class='ocrx_word' id='word_1_612' title='bbox 2560 2599 2702 2641; x_wconf 89' lang='lat' dir='ltr'><strong>nunc</strong></span> <span class='ocrx_word' id='word_1_613' title='bbox 2731 2587 2873 2642; x_wconf 91' lang='lat' dir='ltr'><strong>enim</strong></span> <span class='ocrx_word' id='word_1_614' title='bbox 2900 2587 2950 2642; x_wconf 93' lang='lat' dir='ltr'><strong>id</strong></span> <span class='ocrx_word' id='word_1_615' title='bbox 2980 2598 3151 2655; x_wconf 88' lang='lat' dir='ltr'><strong>curat,</strong></span> <span class='ocrx_word' id='word_1_616' title='bbox 3182 2599 3233 2644; x_wconf 91' lang='lat' dir='ltr'><strong>ut</strong></span> <span class='ocrx_word' id='word_1_617' title='bbox 3261 2588 3491 2661; x_wconf 86' lang='lat' dir='ltr'><strong>Spiritus</strong></span> <span class='ocrx_word' id='word_1_618' title='bbox 3519 2593 3714 2648; x_wconf 85' lang='lat' dir='ltr'><strong>creda-</strong></span> 
     </span>
    </p>
   </div>
   <div class='ocr_carea' id='block_1_83' title="bbox 2124 2678 3706 2743">
    <p class='ocr_par' dir='ltr' id='par_1_83' title="bbox 2124 2678 3706 2743">
     <span class='ocr_line' id='line_1_83' title="bbox 2124 2678 3706 2743; baseline 0.006 -16"><span class='ocrx_word' id='word_1_619' title='bbox 2124 2679 2210 2727; x_wconf 90' lang='lat' dir='ltr'><strong>tur</strong></span> <span class='ocrx_word' id='word_1_620' title='bbox 2234 2691 2247 2724; x_wconf 88' lang='lat'><strong>:</strong></span> <span class='ocrx_word' id='word_1_621' title='bbox 2283 2687 2403 2726; x_wconf 84' lang='lat' dir='ltr'><strong>nam</strong></span> <span class='ocrx_word' id='word_1_622' title='bbox 2429 2682 2612 2743; x_wconf 90' lang='lat' dir='ltr'><strong>postea</strong></span> <span class='ocrx_word' id='word_1_623' title='bbox 2637 2690 2697 2731; x_wconf 88' lang='lat' dir='ltr'><strong>se</strong></span> <span class='ocrx_word' id='word_1_624' title='bbox 2728 2678 3007 2732; x_wconf 89' lang='lat' dir='ltr'><strong>missurum</strong></span> <span class='ocrx_word' id='word_1_625' title='bbox 3038 2679 3180 2733; x_wconf 89' lang='lat' dir='ltr'><strong>illum</strong></span> <span class='ocrx_word' id='word_1_626' title='bbox 3209 2695 3330 2737; x_wconf 88' lang='lat' dir='ltr'><strong>esse</strong></span> <span class='ocrx_word' id='word_1_627' title='bbox 3356 2681 3484 2737; x_wconf 88' lang='lat' dir='ltr'><strong>dicit</strong></span> <span class='ocrx_word' id='word_1_628' title='bbox 3515 2700 3531 2737; x_wconf 83' lang='lat'><strong>:</strong></span> <span class='ocrx_word' id='word_1_629' title='bbox 3560 2683 3706 2736; x_wconf 80' lang='lat' dir='ltr'><strong>Acci-</strong></span> 
     </span>
    </p>
   </div>
   <div class='ocr_carea' id='block_1_84' title="bbox 2123 2763 3708 2842">
    <p class='ocr_par' dir='ltr' id='par_1_84' title="bbox 2123 2763 3708 2842">
     <span class='ocr_line' id='line_1_84' title="bbox 2123 2763 3708 2842; baseline 0.008 -26"><span class='ocrx_word' id='word_1_630' title='bbox 2123 2764 2229 2836; x_wconf 82' lang='lat' dir='ltr'><strong>pite</strong></span> <span class='ocrx_word' id='word_1_631' title='bbox 2245 2763 2495 2834; x_wconf 88' lang='lat' dir='ltr'><strong>Spiritum</strong></span> <span class='ocrx_word' id='word_1_632' title='bbox 2516 2777 2746 2821; x_wconf 81' lang='lat' dir='ltr'><strong>sanctum</strong></span> <span class='ocrx_word' id='word_1_633' title='bbox 2783 2768 2974 2839; x_wconf 85' lang='lat' dir='ltr'><strong>(Joan.</strong></span> <span class='ocrx_word' id='word_1_634' title='bbox 3003 2769 3092 2824; x_wconf 79' lang='grc'><strong>20.</strong></span> <span class='ocrx_word' id='word_1_635' title='bbox 3139 2771 3248 2842; x_wconf 70' lang='lat'><strong>2&#39;2)</strong></span> <span class='ocrx_word' id='word_1_636' title='bbox 3292 2791 3306 2826; x_wconf 88' lang='lat'><strong><em>:</em></strong></span> <span class='ocrx_word' id='word_1_637' title='bbox 3353 2772 3440 2828; x_wconf 90' lang='lat' dir='ltr'><strong>hic</strong></span> <span class='ocrx_word' id='word_1_638' title='bbox 3477 2789 3601 2828; x_wconf 85' lang='lat' dir='ltr'><strong>vero</strong></span> <span class='ocrx_word' id='word_1_639' title='bbox 3649 2789 3708 2829; x_wconf 84' lang='lat' dir='ltr'><strong>se</strong></span> 
     </span>
    </p>
   </div>
   <div class='ocr_carea' id='block_1_85' title="bbox 2120 2858 3711 2940">
    <p class='ocr_par' dir='ltr' id='par_1_85' title="bbox 2120 2858 3711 2940">
     <span class='ocr_line' id='line_1_85' title="bbox 2120 2858 3711 2940; baseline 0.006 -31"><span class='ocrx_word' id='word_1_640' title='bbox 2120 2863 2428 2926; x_wconf 79' lang='lat' dir='ltr'><strong>rogaturum</strong></span> <span class='ocrx_word' id='word_1_641' title='bbox 2475 2871 2598 2913; x_wconf 85' lang='lat' dir='ltr'><strong>esse</strong></span> <span class='ocrx_word' id='word_1_642' title='bbox 2625 2858 2834 2915; x_wconf 84' lang='lat' dir='ltr'><strong>Patrem</strong></span> <span class='ocrx_word' id='word_1_643' title='bbox 2863 2859 3011 2926; x_wconf 89' lang='lat' dir='ltr'><strong>dicit,</strong></span> <span class='ocrx_word' id='word_1_644' title='bbox 3063 2873 3120 2914; x_wconf 93' lang='lat' dir='ltr'><strong>ut</strong></span> <span class='ocrx_word' id='word_1_645' title='bbox 3160 2863 3262 2917; x_wconf 87' lang='lat' dir='ltr'><strong>fide</strong></span> <span class='ocrx_word' id='word_1_646' title='bbox 3289 2863 3485 2940; x_wconf 73' lang='lat' dir='ltr'><strong>dignus</strong></span> <span class='ocrx_word' id='word_1_647' title='bbox 3527 2881 3711 2920; x_wconf 74' lang='lat' dir='ltr'><strong>St&#39;rltto</strong></span> 
     </span>
    </p>
   </div>
   <div class='ocr_carea' id='block_1_86' title="bbox 2121 2945 3707 3025">
    <p class='ocr_par' dir='ltr' id='par_1_86' title="bbox 2121 2945 3707 3025">
     <span class='ocr_line' id='line_1_86' title="bbox 2121 2945 3707 3025; baseline 0.006 -26"><span class='ocrx_word' id='word_1_648' title='bbox 2121 2945 2248 3015; x_wconf 88' lang='lat' dir='ltr'><strong>ipsis</strong></span> <span class='ocrx_word' id='word_1_649' title='bbox 2276 2956 2438 3002; x_wconf 88' lang='lat' dir='ltr'><strong>esset.</strong></span> <span class='ocrx_word' id='word_1_650' title='bbox 2470 2946 2705 3005; x_wconf 78' lang='lat' dir='ltr'><strong>Joannes</strong></span> <span class='ocrx_word' id='word_1_651' title='bbox 2731 2951 2922 3022; x_wconf 91' lang='lat' dir='ltr'><strong>quippe</strong></span> <span class='ocrx_word' id='word_1_652' title='bbox 2947 2951 3014 3007; x_wconf 93' lang='lat' dir='ltr'><strong>de</strong></span> <span class='ocrx_word' id='word_1_653' title='bbox 3043 2953 3134 3008; x_wconf 88' lang='lat' dir='ltr'><strong>illo</strong></span> <span class='ocrx_word' id='word_1_654' title='bbox 3161 2953 3292 3008; x_wconf 90' lang='lat' dir='ltr'><strong>dicit</strong></span> <span class='ocrx_word' id='word_1_655' title='bbox 3322 2973 3333 3008; x_wconf 90' lang='lat'><strong>:</strong></span> <span class='ocrx_word' id='word_1_656' title='bbox 3368 2955 3444 3009; x_wconf 90' lang='lat' dir='ltr'><strong>De</strong></span> <span class='ocrx_word' id='word_1_657' title='bbox 3483 2956 3707 3025; x_wconf 81' lang='lat' dir='ltr'><strong>plenitu-</strong></span> 
     </span>
    </p>
   </div>
   <div class='ocr_carea' id='block_1_87' title="bbox 2118 3041 3707 3122">
    <p class='ocr_par' dir='ltr' id='par_1_87' title="bbox 2118 3041 3707 3122">
     <span class='ocr_line' id='line_1_87' title="bbox 2118 3041 3707 3122; baseline 0.007 -28"><span class='ocrx_word' id='word_1_658' title='bbox 2118 3041 2235 3096; x_wconf 84' lang='lat' dir='ltr'><strong>dine</strong></span> <span class='ocrx_word' id='word_1_659' title='bbox 2261 3043 2370 3114; x_wconf 84' lang='lat' dir='ltr'><strong>ejus</strong></span> <span class='ocrx_word' id='word_1_660' title='bbox 2405 3058 2497 3096; x_wconf 85' lang='lat' dir='ltr'><strong>uos</strong></span> <span class='ocrx_word' id='word_1_661' title='bbox 2535 3060 2707 3099; x_wconf 86' lang='lat' dir='ltr'><strong>omnes</strong></span> <span class='ocrx_word' id='word_1_662' title='bbox 2749 3046 3031 3114; x_wconf 86' lang='lat' dir='ltr'><strong>accepimus</strong></span> <span class='ocrx_word' id='word_1_663' title='bbox 3072 3047 3250 3120; x_wconf 86' lang='lat' dir='ltr'><strong>(Ibid.</strong></span> <span class='ocrx_word' id='word_1_664' title='bbox 3307 3051 3357 3104; x_wconf 92' lang='grc'><strong>1.</strong></span> <span class='ocrx_word' id='word_1_665' title='bbox 3385 3049 3490 3120; x_wconf 83' lang='grc'><strong>16)</strong></span> <span class='ocrx_word' id='word_1_666' title='bbox 3520 3069 3532 3104; x_wconf 89' lang='lat'><strong>:</strong></span> <span class='ocrx_word' id='word_1_667' title='bbox 3563 3053 3707 3122; x_wconf 85' lang='lat' dir='ltr'><strong>quod</strong></span> 
     </span>
    </p>
   </div>
   <div class='ocr_carea' id='block_1_88' title="bbox 2116 3134 3707 3211">
    <p class='ocr_par' dir='ltr' id='par_1_88' title="bbox 2116 3134 3707 3211">
     <span class='ocr_line' id='line_1_88' title="bbox 2116 3134 3707 3211; baseline 0.006 -22"><span class='ocrx_word' id='word_1_668' title='bbox 2116 3144 2295 3190; x_wconf 84' lang='lat' dir='ltr'><strong>autem</strong></span> <span class='ocrx_word' id='word_1_669' title='bbox 2325 3134 2575 3203; x_wconf 86' lang='lat' dir='ltr'><strong>habebat,</strong></span> <span class='ocrx_word' id='word_1_670' title='bbox 2603 3138 2872 3207; x_wconf 89' lang='lat' dir='ltr'><strong>quomodo</strong></span> <span class='ocrx_word' id='word_1_671' title='bbox 2893 3139 2959 3193; x_wconf 85' lang='lat' dir='ltr'><strong>ab</strong></span> <span class='ocrx_word' id='word_1_672' title='bbox 2984 3139 3153 3196; x_wconf 89' lang='lat' dir='ltr'><strong>altero</strong></span> <span class='ocrx_word' id='word_1_673' title='bbox 3180 3141 3486 3211; x_wconf 87' lang='lat' dir='ltr'><strong>acciperet?</strong></span> <span class='ocrx_word' id='word_1_674' title='bbox 3515 3143 3582 3197; x_wconf 84' lang='lat' dir='ltr'><strong>Et</strong></span> <span class='ocrx_word' id='word_1_675' title='bbox 3609 3146 3707 3198; x_wconf 82' lang='lat' dir='ltr'><strong>ite-</strong></span> 
     </span>
    </p>
   </div>
   <div class='ocr_carea' id='block_1_89' title="bbox 2117 3225 3711 3306">
    <p class='ocr_par' dir='ltr' id='par_1_89' title="bbox 2117 3225 3711 3306">
     <span class='ocr_line' id='line_1_89' title="bbox 2117 3225 3711 3306; baseline 0.006 -27"><span class='ocrx_word' id='word_1_676' title='bbox 2117 3241 2234 3280; x_wconf 86' lang='lat' dir='ltr'><strong>rum</strong></span> <span class='ocrx_word' id='word_1_677' title='bbox 2271 3225 2429 3298; x_wconf 79' lang='lat' dir='ltr'><strong>:lpse</strong></span> <span class='ocrx_word' id='word_1_678' title='bbox 2471 3244 2556 3282; x_wconf 79' lang='lat' dir='ltr'><strong>vos</strong></span> <span class='ocrx_word' id='word_1_679' title='bbox 2609 3229 2880 3300; x_wconf 84' lang='lat' dir='ltr'><strong>baptizabit</strong></span> <span class='ocrx_word' id='word_1_680' title='bbox 2933 3233 2986 3286; x_wconf 89' lang='lat' dir='ltr'><strong>iu</strong></span> <span class='ocrx_word' id='word_1_681' title='bbox 3039 3231 3238 3303; x_wconf 89' lang='lat' dir='ltr'><strong>Spiritu</strong></span> <span class='ocrx_word' id='word_1_682' title='bbox 3281 3245 3453 3288; x_wconf 83' lang='lat' dir='ltr'><strong>sancto</strong></span> <span class='ocrx_word' id='word_1_683' title='bbox 3505 3246 3548 3288; x_wconf 85' lang='lat' dir='ltr'><strong>et</strong></span> <span class='ocrx_word' id='word_1_684' title='bbox 3599 3237 3711 3306; x_wconf 83' lang='lat' dir='ltr'><strong>igni</strong></span> 
     </span>
    </p>
   </div>
   <div class='ocr_carea' id='block_1_90' title="bbox 2120 3317 3704 3394">
    <p class='ocr_par' dir='ltr' id='par_1_90' title="bbox 2120 3317 3704 3394">
     <span class='ocr_line' id='line_1_90' title="bbox 2120 3317 3704 3394; baseline 0.006 -24"><span class='ocrx_word' id='word_1_685' title='bbox 2120 3317 2270 3387; x_wconf 85' lang='lat' dir='ltr'><strong>(Luc.</strong></span> <span class='ocrx_word' id='word_1_686' title='bbox 2302 3319 2356 3373; x_wconf 77' lang='grc'><strong>5.</strong></span> <span class='ocrx_word' id='word_1_687' title='bbox 2383 3319 2492 3392; x_wconf 85' lang='grc'><strong>16).</strong></span> <span class='ocrx_word' id='word_1_688' title='bbox 2515 3319 2652 3386; x_wconf 89' lang='lat' dir='ltr'><strong>Quid</strong></span> <span class='ocrx_word' id='word_1_689' title='bbox 2685 3337 2812 3376; x_wconf 90' lang='lat' dir='ltr'><strong>vero</strong></span> <span class='ocrx_word' id='word_1_690' title='bbox 2840 3323 2956 3392; x_wconf 79' lang='lat' dir='ltr'><strong>plus</strong></span> <span class='ocrx_word' id='word_1_691' title='bbox 2984 3323 3250 3379; x_wconf 89' lang='lat' dir='ltr'><strong>habuisset</strong></span> <span class='ocrx_word' id='word_1_692' title='bbox 3277 3340 3433 3394; x_wconf 88' lang='lat' dir='ltr'><strong>quam</strong></span> <span class='ocrx_word' id='word_1_693' title='bbox 3457 3327 3704 3394; x_wconf 83' lang='lat' dir='ltr'><strong>apostoli,</strong></span> 
     </span>
    </p>
   </div>
   <div class='ocr_carea' id='block_1_91' title="bbox 2115 3409 3712 3486">
    <p class='ocr_par' dir='ltr' id='par_1_91' title="bbox 2115 3409 3712 3486">
     <span class='ocr_line' id='line_1_91' title="bbox 2115 3409 3712 3486; baseline 0.006 -25"><span class='ocrx_word' id='word_1_694' title='bbox 2115 3410 2160 3462; x_wconf 91' lang='lat' dir='ltr'><strong>si</strong></span> <span class='ocrx_word' id='word_1_695' title='bbox 2193 3409 2401 3465; x_wconf 84' lang='lat' dir='ltr'><strong>Patrem</strong></span> <span class='ocrx_word' id='word_1_696' title='bbox 2438 3420 2718 3481; x_wconf 83' lang='lat' dir='ltr'><strong>rogaturus</strong></span> <span class='ocrx_word' id='word_1_697' title='bbox 2747 3423 2862 3468; x_wconf 81' lang='lat' dir='ltr'><strong>erat</strong></span> <span class='ocrx_word' id='word_1_698' title='bbox 2910 3423 2966 3468; x_wconf 88' lang='lat' dir='ltr'><strong>ut</strong></span> <span class='ocrx_word' id='word_1_699' title='bbox 3009 3415 3125 3469; x_wconf 88' lang='lat' dir='ltr'><strong>aliis</strong></span> <span class='ocrx_word' id='word_1_700' title='bbox 3165 3414 3339 3482; x_wconf 88' lang='lat' dir='ltr'><strong>daret,</strong></span> <span class='ocrx_word' id='word_1_701' title='bbox 3394 3417 3604 3486; x_wconf 88' lang='lat' dir='ltr'><strong>quando</strong></span> <span class='ocrx_word' id='word_1_702' title='bbox 3633 3417 3712 3470; x_wconf 81' lang='lat' dir='ltr'><strong>illi</strong></span> 
     </span>
    </p>
   </div>
   <div class='ocr_carea' id='block_1_92' title="bbox 2115 3502 3706 3581">
    <p class='ocr_par' dir='ltr' id='par_1_92' title="bbox 2115 3502 3706 3581">
     <span class='ocr_line' id='line_1_92' title="bbox 2115 3502 3706 3581; baseline 0.008 -27"><span class='ocrx_word' id='word_1_703' title='bbox 2115 3517 2258 3571; x_wconf 70' lang='lat' dir='ltr'><strong>smpe</strong></span> <span class='ocrx_word' id='word_1_704' title='bbox 2302 3502 2418 3557; x_wconf 91' lang='lat' dir='ltr'><strong>sine</strong></span> <span class='ocrx_word' id='word_1_705' title='bbox 2473 3505 2780 3572; x_wconf 90' lang='lat' dir='ltr'><strong>precatione</strong></span> <span class='ocrx_word' id='word_1_706' title='bbox 2831 3509 3045 3576; x_wconf 88' lang='lat' dir='ltr'><strong>operari</strong></span> <span class='ocrx_word' id='word_1_707' title='bbox 3103 3509 3392 3564; x_wconf 85' lang='lat' dir='ltr'><strong>videntur?</strong></span> <span class='ocrx_word' id='word_1_708' title='bbox 3437 3512 3706 3581; x_wconf 88' lang='lat' dir='ltr'><strong>quomodo</strong></span> 
     </span>
    </p>
   </div>
   <div class='ocr_carea' id='block_1_93' title="bbox 2115 3595 3704 3673">
    <p class='ocr_par' dir='ltr' id='par_1_93' title="bbox 2115 3595 3704 3673">
     <span class='ocr_line' id='line_1_93' title="bbox 2115 3595 3704 3673; baseline 0.008 -26"><span class='ocrx_word' id='word_1_709' title='bbox 2115 3603 2292 3648; x_wconf 86' lang='lat' dir='ltr'><strong>autem</strong></span> <span class='ocrx_word' id='word_1_710' title='bbox 2321 3595 2366 3650; x_wconf 89' lang='lat' dir='ltr'><strong>si</strong></span> <span class='ocrx_word' id='word_1_711' title='bbox 2393 3610 2488 3664; x_wconf 90' lang='lat' dir='ltr'><strong>per</strong></span> <span class='ocrx_word' id='word_1_712' title='bbox 2528 3611 2715 3664; x_wconf 90' lang='lat' dir='ltr'><strong>preces</strong></span> <span class='ocrx_word' id='word_1_713' title='bbox 2744 3598 2974 3668; x_wconf 88' lang='lat' dir='ltr'><strong>Spiritus</strong></span> <span class='ocrx_word' id='word_1_714' title='bbox 3003 3615 3030 3654; x_wconf 87' lang='lat' dir='ltr'><strong>a</strong></span> <span class='ocrx_word' id='word_1_715' title='bbox 3062 3600 3216 3656; x_wconf 84' lang='lat' dir='ltr'><strong>Patre</strong></span> <span class='ocrx_word' id='word_1_716' title='bbox 3248 3603 3506 3670; x_wconf 90' lang='lat' dir='ltr'><strong>mittitur,</strong></span> <span class='ocrx_word' id='word_1_717' title='bbox 3534 3603 3646 3673; x_wconf 90' lang='lat' dir='ltr'><strong>ipse</strong></span> <span class='ocrx_word' id='word_1_718' title='bbox 3673 3620 3704 3658; x_wconf 90' lang='lat' dir='ltr'><strong>a</strong></span> 
     </span>
    </p>
   </div>
   <div class='ocr_carea' id='block_1_94' title="bbox 2115 3686 3706 3766">
    <p class='ocr_par' dir='ltr' id='par_1_94' title="bbox 2115 3686 3706 3766">
     <span class='ocr_line' id='line_1_94' title="bbox 2115 3686 3706 3766; baseline 0.006 -25"><span class='ocrx_word' id='word_1_719' title='bbox 2115 3686 2291 3755; x_wconf 90' lang='lat' dir='ltr'><strong>seipso</strong></span> <span class='ocrx_word' id='word_1_720' title='bbox 2319 3687 2554 3742; x_wconf 83' lang='lat' dir='ltr'><strong>involat?</strong></span> <span class='ocrx_word' id='word_1_721' title='bbox 2575 3690 2844 3758; x_wconf 91' lang='lat' dir='ltr'><strong>quomodo</strong></span> <span class='ocrx_word' id='word_1_722' title='bbox 2870 3691 2936 3746; x_wconf 92' lang='lat' dir='ltr'><strong>ab</strong></span> <span class='ocrx_word' id='word_1_723' title='bbox 2957 3691 3063 3746; x_wconf 88' lang='lat' dir='ltr'><strong>alio</strong></span> <span class='ocrx_word' id='word_1_724' title='bbox 3091 3693 3348 3761; x_wconf 86' lang='lat' dir='ltr'><strong>mittatur,</strong></span> <span class='ocrx_word' id='word_1_725' title='bbox 3380 3695 3470 3764; x_wconf 88' lang='lat' dir='ltr'><strong>qui</strong></span> <span class='ocrx_word' id='word_1_726' title='bbox 3510 3696 3706 3766; x_wconf 88' lang='lat' dir='ltr'><strong>ubique</strong></span> 
     </span>
    </p>
   </div>
   <div class='ocr_carea' id='block_1_95' title="bbox 2114 3779 3701 3858">
    <p class='ocr_par' dir='ltr' id='par_1_95' title="bbox 2114 3779 3701 3858">
     <span class='ocr_line' id='line_1_95' title="bbox 2114 3779 3701 3858; baseline 0.007 -27"><span class='ocrx_word' id='word_1_727' title='bbox 2114 3793 2352 3848; x_wconf 74' lang='lat' dir='ltr'><strong>przesens</strong></span> <span class='ocrx_word' id='word_1_728' title='bbox 2379 3791 2481 3846; x_wconf 89' lang='lat' dir='ltr'><strong>est,</strong></span> <span class='ocrx_word' id='word_1_729' title='bbox 2513 3781 2602 3851; x_wconf 92' lang='lat' dir='ltr'><strong>qui</strong></span> <span class='ocrx_word' id='word_1_730' title='bbox 2633 3779 2821 3837; x_wconf 87' lang='lat' dir='ltr'><strong>dividit</strong></span> <span class='ocrx_word' id='word_1_731' title='bbox 2849 3784 3134 3856; x_wconf 89' lang='lat' dir='ltr'><strong>unicuique</strong></span> <span class='ocrx_word' id='word_1_732' title='bbox 3160 3802 3254 3842; x_wconf 89' lang='lat' dir='ltr'><strong>sua</strong></span> <span class='ocrx_word' id='word_1_733' title='bbox 3282 3788 3419 3842; x_wconf 91' lang='lat' dir='ltr'><strong>sicut</strong></span> <span class='ocrx_word' id='word_1_734' title='bbox 3447 3788 3578 3853; x_wconf 89' lang='lat' dir='ltr'><strong>vult,</strong></span> <span class='ocrx_word' id='word_1_735' title='bbox 3609 3790 3701 3858; x_wconf 90' lang='lat' dir='ltr'><strong>qni</strong></span> 
     </span>
    </p>
   </div>
   <div class='ocr_carea' id='block_1_96' title="bbox 2113 3873 3699 3947">
    <p class='ocr_par' dir='ltr' id='par_1_96' title="bbox 2113 3873 3699 3947">
     <span class='ocr_line' id='line_1_96' title="bbox 2113 3873 3699 3947; baseline 0.006 -22"><span class='ocrx_word' id='word_1_736' title='bbox 2113 3887 2232 3925; x_wconf 90' lang='lat' dir='ltr'><strong>cum</strong></span> <span class='ocrx_word' id='word_1_737' title='bbox 2261 3873 2574 3928; x_wconf 86' lang='lat' dir='ltr'><strong>auctoritate</strong></span> <span class='ocrx_word' id='word_1_738' title='bbox 2598 3873 2726 3929; x_wconf 88' lang='lat' dir='ltr'><strong>dicit</strong></span> <span class='ocrx_word' id='word_1_739' title='bbox 2760 3893 2773 3930; x_wconf 90' lang='lat'><strong>:</strong></span> <span class='ocrx_word' id='word_1_740' title='bbox 2798 3875 3073 3947; x_wconf 83' lang='lat' dir='ltr'><strong>Segregate</strong></span> <span class='ocrx_word' id='word_1_741' title='bbox 3093 3879 3216 3933; x_wconf 77' lang='lat' dir='ltr'><strong>milii</strong></span> <span class='ocrx_word' id='word_1_742' title='bbox 3243 3880 3466 3935; x_wconf 86' lang='lat' dir='ltr'><strong>Paulum</strong></span> <span class='ocrx_word' id='word_1_743' title='bbox 3495 3893 3538 3935; x_wconf 86' lang='lat' dir='ltr'><strong>et</strong></span> <span class='ocrx_word' id='word_1_744' title='bbox 3565 3880 3699 3934; x_wconf 85' lang='lat' dir='ltr'><strong>Bur-</strong></span> 
     </span>
    </p>
   </div>
   <div class='ocr_carea' id='block_1_97' title="bbox 2113 3965 3703 4039">
    <p class='ocr_par' dir='ltr' id='par_1_97' title="bbox 2113 3965 3703 4039">
     <span class='ocr_line' id='line_1_97' title="bbox 2113 3965 3703 4039; baseline 0.004 -21"><span class='ocrx_word' id='word_1_745' title='bbox 2113 3965 2297 4019; x_wconf 85' lang='lat' dir='ltr'><strong>uabam</strong></span> <span class='ocrx_word' id='word_1_746' title='bbox 2318 3967 2461 4035; x_wconf 77' lang='lat' dir='ltr'><strong>(Act.</strong></span> <span class='ocrx_word' id='word_1_747' title='bbox 2501 3967 2587 4022; x_wconf 82' lang='grc'><strong>15.</strong></span> <span class='ocrx_word' id='word_1_748' title='bbox 2613 3968 2648 4022; x_wconf 76' lang='grc'>2</span> <span class='ocrx_word' id='word_1_749' title='bbox 2671 3967 2726 4039; x_wconf 92' lang='lat'><strong>)?</strong></span> <span class='ocrx_word' id='word_1_750' title='bbox 2754 3967 2913 4039; x_wconf 85' lang='lat' dir='ltr'><strong>Atqui</strong></span> <span class='ocrx_word' id='word_1_751' title='bbox 2947 3969 3053 4024; x_wconf 90' lang='lat' dir='ltr'><strong>Deo</strong></span> <span class='ocrx_word' id='word_1_752' title='bbox 3101 3972 3474 4028; x_wconf 85' lang='lat' dir='ltr'><strong>ministrabant</strong></span> <span class='ocrx_word' id='word_1_753' title='bbox 3505 3974 3574 4027; x_wconf 92' lang='lat' dir='ltr'><strong>illi</strong></span> <span class='ocrx_word' id='word_1_754' title='bbox 3603 3975 3703 4027; x_wconf 84' lang='lat' dir='ltr'><strong>mi-</strong></span> 
     </span>
    </p>
   </div>
   <div class='ocr_carea' id='block_1_98' title="bbox 2114 4057 3700 4135">
    <p class='ocr_par' dir='ltr' id='par_1_98' title="bbox 2114 4057 3700 4135">
     <span class='ocr_line' id='line_1_98' title="bbox 2114 4057 3700 4135; baseline 0.005 -24"><span class='ocrx_word' id='word_1_755' title='bbox 2114 4057 2301 4124; x_wconf 90' lang='lat' dir='ltr'><strong>nistri;</strong></span> <span class='ocrx_word' id='word_1_756' title='bbox 2330 4067 2565 4114; x_wconf 91' lang='lat' dir='ltr'><strong>attamen</strong></span> <span class='ocrx_word' id='word_1_757' title='bbox 2589 4075 2709 4114; x_wconf 91' lang='lat' dir='ltr'><strong>eum</strong></span> <span class='ocrx_word' id='word_1_758' title='bbox 2732 4061 3047 4116; x_wconf 86' lang='lat' dir='ltr'><strong>auctoritate</strong></span> <span class='ocrx_word' id='word_1_759' title='bbox 3067 4076 3162 4117; x_wconf 93' lang='lat' dir='ltr'><strong>eos</strong></span> <span class='ocrx_word' id='word_1_760' title='bbox 3187 4063 3252 4118; x_wconf 89' lang='lat' dir='ltr'><strong>ad</strong></span> <span class='ocrx_word' id='word_1_761' title='bbox 3299 4065 3569 4135; x_wconf 91' lang='lat' dir='ltr'><strong>proprium</strong></span> <span class='ocrx_word' id='word_1_762' title='bbox 3601 4067 3700 4119; x_wconf 68' lang='lat' dir='ltr'><strong>sibi</strong></span> 
     </span>
    </p>
   </div>
   <div class='ocr_carea' id='block_1_99' title="bbox 2109 4153 3704 4224">
    <p class='ocr_par' dir='ltr' id='par_1_99' title="bbox 2109 4153 3704 4224">
     <span class='ocr_line' id='line_1_99' title="bbox 2109 4153 3704 4224; baseline 0.006 -21"><span class='ocrx_word' id='word_1_763' title='bbox 2109 4165 2247 4221; x_wconf 90' lang='lat' dir='ltr'><strong>opus</strong></span> <span class='ocrx_word' id='word_1_764' title='bbox 2271 4153 2497 4217; x_wconf 83' lang='lat' dir='ltr'><strong>vocavit,</strong></span> <span class='ocrx_word' id='word_1_765' title='bbox 2530 4167 2635 4206; x_wconf 87' lang='lat' dir='ltr'><strong>non</strong></span> <span class='ocrx_word' id='word_1_766' title='bbox 2667 4153 2807 4222; x_wconf 89' lang='lat' dir='ltr'><strong>quod</strong></span> <span class='ocrx_word' id='word_1_767' title='bbox 2837 4153 2901 4206; x_wconf 90' lang='lat' dir='ltr'><strong>ad</strong></span> <span class='ocrx_word' id='word_1_768' title='bbox 2919 4153 3064 4208; x_wconf 89' lang='lat' dir='ltr'><strong>aliud</strong></span> <span class='ocrx_word' id='word_1_769' title='bbox 3085 4169 3217 4224; x_wconf 93' lang='lat' dir='ltr'><strong>opus</strong></span> <span class='ocrx_word' id='word_1_770' title='bbox 3239 4168 3504 4222; x_wconf 85' lang='lat' dir='ltr'><strong>evocaret,</strong></span> <span class='ocrx_word' id='word_1_771' title='bbox 3529 4158 3620 4213; x_wconf 91' lang='lat' dir='ltr'><strong>sed</strong></span> <span class='ocrx_word' id='word_1_772' title='bbox 3647 4168 3704 4212; x_wconf 92' lang='lat' dir='ltr'><strong>ut</strong></span> 
     </span>
    </p>
   </div>
   <div class='ocr_carea' id='block_1_100' title="bbox 2112 4244 3701 4318">
    <p class='ocr_par' dir='ltr' id='par_1_100' title="bbox 2112 4244 3701 4318">
     <span class='ocr_line' id='line_1_100' title="bbox 2112 4244 3701 4318; baseline 0.005 -22"><span class='ocrx_word' id='word_1_773' title='bbox 2112 4251 2426 4310; x_wconf 85' lang='lat' dir='ltr'><strong>potestatem</strong></span> <span class='ocrx_word' id='word_1_774' title='bbox 2456 4258 2605 4298; x_wconf 89' lang='lat' dir='ltr'><strong>suam</strong></span> <span class='ocrx_word' id='word_1_775' title='bbox 2634 4244 2961 4301; x_wconf 86' lang='lat' dir='ltr'><strong>ostenderet.</strong></span> <span class='ocrx_word' id='word_1_776' title='bbox 2990 4246 3126 4314; x_wconf 86' lang='lat' dir='ltr'><strong>Quid</strong></span> <span class='ocrx_word' id='word_1_777' title='bbox 3156 4263 3283 4318; x_wconf 78' lang='lat' dir='ltr'><strong>ergo</strong></span> <span class='ocrx_word' id='word_1_778' title='bbox 3324 4250 3426 4304; x_wconf 83' lang='lat' dir='ltr'><strong>sibi</strong></span> <span class='ocrx_word' id='word_1_779' title='bbox 3462 4251 3590 4314; x_wconf 87' lang='lat' dir='ltr'><strong>vult,</strong></span> <span class='ocrx_word' id='word_1_780' title='bbox 3619 4250 3701 4304; x_wconf 92' lang='lat' dir='ltr'><strong>in-</strong></span> 
     </span>
    </p>
   </div>
   <div class='ocr_carea' id='block_1_101' title="bbox 2110 4335 3705 4414">
    <p class='ocr_par' dir='ltr' id='par_1_101' title="bbox 2110 4335 3705 4414">
     <span class='ocr_line' id='line_1_101' title="bbox 2110 4335 3705 4414; baseline 0.007 -27"><span class='ocrx_word' id='word_1_781' title='bbox 2110 4335 2281 4403; x_wconf 89' lang='lat' dir='ltr'><strong>quies,</strong></span> <span class='ocrx_word' id='word_1_782' title='bbox 2340 4335 2492 4402; x_wconf 88' lang='lat' dir='ltr'><strong>illud,</strong></span> <span class='ocrx_word' id='word_1_783' title='bbox 2542 4336 2752 4406; x_wconf 85' lang='lat' dir='ltr'><strong>Rogabo</strong></span> <span class='ocrx_word' id='word_1_784' title='bbox 2804 4337 3052 4393; x_wconf 72' lang='lat' dir='ltr'><strong>Patrem?</strong></span> <span class='ocrx_word' id='word_1_785' title='bbox 3077 4339 3145 4396; x_wconf 87' lang='lat' dir='ltr'><strong>Ut</strong></span> <span class='ocrx_word' id='word_1_786' title='bbox 3197 4342 3444 4398; x_wconf 85' lang='lat' dir='ltr'><strong>ostendat</strong></span> <span class='ocrx_word' id='word_1_787' title='bbox 3494 4353 3705 4414; x_wconf 87' lang='lat' dir='ltr'><strong>tempus</strong></span> 
     </span>
    </p>
   </div>
   <div class='ocr_carea' id='block_1_102' title="bbox 2110 4424 2700 4497">
    <p class='ocr_par' dir='ltr' id='par_1_102' title="bbox 2110 4424 2700 4497">
     <span class='ocr_line' id='line_1_102' title="bbox 2110 4424 2700 4497; baseline 0.008 -18"><span class='ocrx_word' id='word_1_788' title='bbox 2110 4424 2373 4480; x_wconf 85' lang='lat' dir='ltr'><strong>adventus</strong></span> <span class='ocrx_word' id='word_1_789' title='bbox 2416 4427 2532 4497; x_wconf 89' lang='lat' dir='ltr'><strong>ejus</strong></span> <span class='ocrx_word' id='word_1_790' title='bbox 2561 4444 2700 4484; x_wconf 90' lang='lat' dir='ltr'><strong>esse.</strong></span> 
     </span>
    </p>
   </div>
   <div class='ocr_carea' id='block_1_103' title="bbox 2182 4516 3704 4592">
    <p class='ocr_par' dir='ltr' id='par_1_103' title="bbox 2182 4516 3704 4592">
     <span class='ocr_line' id='line_1_103' title="bbox 2182 4516 3704 4592; baseline 0.007 -22"><span class='ocrx_word' id='word_1_791' title='bbox 2182 4516 2284 4570; x_wconf 83' lang='lat' dir='ltr'><strong>Cur</strong></span> <span class='ocrx_word' id='word_1_792' title='bbox 2312 4517 2541 4586; x_wconf 84' lang='lat' dir='ltr'><strong>Spiritus</strong></span> <span class='ocrx_word' id='word_1_793' title='bbox 2565 4531 2768 4576; x_wconf 86' lang='lat' dir='ltr'><strong>sanctus</strong></span> <span class='ocrx_word' id='word_1_794' title='bbox 2793 4538 2892 4576; x_wconf 82' lang='lat' dir='ltr'><strong>nou</strong></span> <span class='ocrx_word' id='word_1_795' title='bbox 2915 4523 3114 4577; x_wconf 74' lang='lat' dir='ltr'><strong>advenit</strong></span> <span class='ocrx_word' id='word_1_796' title='bbox 3141 4535 3382 4592; x_wconf 68' lang='lat' dir='ltr'><strong>prasente</strong></span> <span class='ocrx_word' id='word_1_797' title='bbox 3407 4525 3704 4580; x_wconf 56' lang='grc' dir='ltr'><strong>(ἰὼ-ὅδισμα</strong></span> 
     </span>
    </p>
   </div>
   <div class='ocr_carea' id='block_1_104' title="bbox 2110 4608 3700 4682">
    <p class='ocr_par' dir='ltr' id='par_1_104' title="bbox 2110 4608 3700 4682">
     <span class='ocr_line' id='line_1_104' title="bbox 2110 4608 3700 4682; baseline 0.009 -21"><span class='ocrx_word' id='word_1_798' title='bbox 2110 4608 2241 4662; x_wconf 86' lang='lat' dir='ltr'><strong>Cum</strong></span> <span class='ocrx_word' id='word_1_799' title='bbox 2273 4610 2422 4665; x_wconf 91' lang='lat' dir='ltr'><strong>enim</strong></span> <span class='ocrx_word' id='word_1_800' title='bbox 2446 4611 2567 4666; x_wconf 93' lang='lat' dir='ltr'><strong>illos</strong></span> <span class='ocrx_word' id='word_1_801' title='bbox 2595 4627 2689 4682; x_wconf 91' lang='lat' dir='ltr'><strong>per</strong></span> <span class='ocrx_word' id='word_1_802' title='bbox 2718 4613 3037 4670; x_wconf 86' lang='lat' dir='ltr'><strong>sacrificium</strong></span> <span class='ocrx_word' id='word_1_803' title='bbox 3075 4616 3413 4682; x_wconf 88' lang='lat' dir='ltr'><strong>nmndasset,</strong></span> <span class='ocrx_word' id='word_1_804' title='bbox 3444 4629 3570 4674; x_wconf 92' lang='lat' dir='ltr'><strong>tunc</strong></span> <span class='ocrx_word' id='word_1_805' title='bbox 3600 4620 3700 4674; x_wconf 90' lang='lat' dir='ltr'><strong>ad-</strong></span> 
     </span>
    </p>
   </div>
   <div class='ocr_carea' id='block_1_105' title="bbox 2111 4701 3701 4779">
    <p class='ocr_par' dir='ltr' id='par_1_105' title="bbox 2111 4701 3701 4779">
     <span class='ocr_line' id='line_1_105' title="bbox 2111 4701 3701 4779; baseline 0.006 -27"><span class='ocrx_word' id='word_1_806' title='bbox 2111 4701 2313 4755; x_wconf 81' lang='lat' dir='ltr'><strong>volavit</strong></span> <span class='ocrx_word' id='word_1_807' title='bbox 2342 4702 2572 4772; x_wconf 86' lang='lat' dir='ltr'><strong>Spiritus</strong></span> <span class='ocrx_word' id='word_1_808' title='bbox 2611 4713 2848 4759; x_wconf 88' lang='lat' dir='ltr'><strong>sanctus.</strong></span> <span class='ocrx_word' id='word_1_809' title='bbox 2879 4706 2988 4761; x_wconf 92' lang='lat' dir='ltr'><strong>Cur</strong></span> <span class='ocrx_word' id='word_1_810' title='bbox 3020 4722 3122 4760; x_wconf 89' lang='lat' dir='ltr'><strong>non</strong></span> <span class='ocrx_word' id='word_1_811' title='bbox 3153 4709 3462 4777; x_wconf 82' lang='lat' dir='ltr'><strong>supervenit</strong></span> <span class='ocrx_word' id='word_1_812' title='bbox 3487 4711 3701 4779; x_wconf 89' lang='lat' dir='ltr'><strong>quando</strong></span> 
     </span>
    </p>
   </div>
   <div class='ocr_carea' id='block_1_106' title="bbox 2109 4793 3702 4864">
    <p class='ocr_par' dir='ltr' id='par_1_106' title="bbox 2109 4793 3702 4864">
     <span class='ocr_line' id='line_1_106' title="bbox 2109 4793 3702 4864; baseline 0.003 -15"><span class='ocrx_word' id='word_1_813' title='bbox 2109 4802 2226 4849; x_wconf 88' lang='lat' dir='ltr'><strong>erat</strong></span> <span class='ocrx_word' id='word_1_814' title='bbox 2252 4808 2372 4847; x_wconf 93' lang='lat' dir='ltr'><strong>cum</strong></span> <span class='ocrx_word' id='word_1_815' title='bbox 2405 4793 2509 4848; x_wconf 85' lang='lat' dir='ltr'><strong>illis</strong></span> <span class='ocrx_word' id='word_1_816' title='bbox 2529 4794 2722 4851; x_wconf 81' lang='lat' dir='ltr'><strong>Jcsus?</strong></span> <span class='ocrx_word' id='word_1_817' title='bbox 2747 4797 2879 4864; x_wconf 88' lang='lat' dir='ltr'><strong>Quia</strong></span> <span class='ocrx_word' id='word_1_818' title='bbox 2902 4800 3139 4854; x_wconf 90' lang='lat' dir='ltr'><strong>nondum</strong></span> <span class='ocrx_word' id='word_1_819' title='bbox 3167 4800 3400 4855; x_wconf 88' lang='lat' dir='ltr'><strong>oblatum</strong></span> <span class='ocrx_word' id='word_1_820' title='bbox 3427 4801 3593 4857; x_wconf 88' lang='lat' dir='ltr'><strong>fuerat</strong></span> <span class='ocrx_word' id='word_1_821' title='bbox 3614 4819 3702 4855; x_wconf 82' lang='lat' dir='ltr'><strong>sa-</strong></span> 
     </span>
    </p>
   </div>
   <div class='ocr_carea' id='block_1_107' title="bbox 2108 4884 3698 4961">
    <p class='ocr_par' dir='ltr' id='par_1_107' title="bbox 2108 4884 3698 4961">
     <span class='ocr_line' id='line_1_107' title="bbox 2108 4884 3698 4961; baseline 0.003 -21"><span class='ocrx_word' id='word_1_822' title='bbox 2108 4885 2394 4940; x_wconf 83' lang='lat' dir='ltr'><strong>crificium.</strong></span> <span class='ocrx_word' id='word_1_823' title='bbox 2427 4884 2560 4941; x_wconf 85' lang='lat' dir='ltr'><strong>Cum</strong></span> <span class='ocrx_word' id='word_1_824' title='bbox 2586 4898 2764 4943; x_wconf 85' lang='lat' dir='ltr'><strong>autem</strong></span> <span class='ocrx_word' id='word_1_825' title='bbox 2790 4889 2898 4959; x_wconf 93' lang='lat' dir='ltr'><strong>jam</strong></span> <span class='ocrx_word' id='word_1_826' title='bbox 2935 4903 3207 4961; x_wconf 83' lang='lat' dir='ltr'><strong>peceatum</strong></span> <span class='ocrx_word' id='word_1_827' title='bbox 3249 4892 3482 4947; x_wconf 82' lang='lat' dir='ltr'><strong>deletum</strong></span> <span class='ocrx_word' id='word_1_828' title='bbox 3525 4903 3698 4958; x_wconf 68' lang='lat' dir='ltr'><strong>esset,</strong></span> 
     </span>
    </p>
   </div>
   <div class='ocr_carea' id='block_1_108' title="bbox 2109 4976 3695 5053">
    <p class='ocr_par' dir='ltr' id='par_1_108' title="bbox 2109 4976 3695 5053">
     <span class='ocr_line' id='line_1_108' title="bbox 2109 4976 3695 5053; baseline 0.004 -23"><span class='ocrx_word' id='word_1_829' title='bbox 2109 4987 2162 5031; x_wconf 87' lang='lat' dir='ltr'><strong>et</strong></span> <span class='ocrx_word' id='word_1_830' title='bbox 2192 4976 2290 5046; x_wconf 89' lang='lat' dir='ltr'><strong>ipsi</strong></span> <span class='ocrx_word' id='word_1_831' title='bbox 2322 4977 2390 5032; x_wconf 90' lang='lat' dir='ltr'><strong>ad</strong></span> <span class='ocrx_word' id='word_1_832' title='bbox 2426 4979 2661 5048; x_wconf 84' lang='lat' dir='ltr'><strong>pericula</strong></span> <span class='ocrx_word' id='word_1_833' title='bbox 2692 4981 2875 5046; x_wconf 86' lang='lat' dir='ltr'><strong>missi,</strong></span> <span class='ocrx_word' id='word_1_834' title='bbox 2908 4982 2973 5035; x_wconf 90' lang='lat' dir='ltr'><strong>ad</strong></span> <span class='ocrx_word' id='word_1_835' title='bbox 3009 4998 3234 5053; x_wconf 77' lang='lat' dir='ltr'><strong>pugnam</strong></span> <span class='ocrx_word' id='word_1_836' title='bbox 3264 4998 3324 5039; x_wconf 89' lang='lat' dir='ltr'><strong>se</strong></span> <span class='ocrx_word' id='word_1_837' title='bbox 3354 4995 3695 5053; x_wconf 88' lang='lat' dir='ltr'><strong>appararent,</strong></span> 
     </span>
    </p>
   </div>
   <div class='ocr_carea' id='block_1_109' title="bbox 2109 5066 3706 5144">
    <p class='ocr_par' dir='ltr' id='par_1_109' title="bbox 2109 5066 3706 5144">
     <span class='ocr_line' id='line_1_109' title="bbox 2109 5066 3706 5144; baseline 0.007 -25"><span class='ocrx_word' id='word_1_838' title='bbox 2109 5066 2437 5124; x_wconf 88' lang='lat' dir='ltr'><strong>hortatorem</strong></span> <span class='ocrx_word' id='word_1_839' title='bbox 2477 5070 2615 5124; x_wconf 87' lang='lat' dir='ltr'><strong>mitti</strong></span> <span class='ocrx_word' id='word_1_840' title='bbox 2640 5073 2898 5140; x_wconf 86' lang='lat' dir='ltr'><strong>oportuit.</strong></span> <span class='ocrx_word' id='word_1_841' title='bbox 2935 5073 3046 5128; x_wconf 87' lang='lat' dir='ltr'><strong>Cur</strong></span> <span class='ocrx_word' id='word_1_842' title='bbox 3070 5089 3198 5129; x_wconf 87' lang='lat' dir='ltr'><strong>vero</strong></span> <span class='ocrx_word' id='word_1_843' title='bbox 3231 5089 3336 5129; x_wconf 93' lang='lat' dir='ltr'><strong>non</strong></span> <span class='ocrx_word' id='word_1_844' title='bbox 3367 5076 3546 5130; x_wconf 89' lang='lat' dir='ltr'><strong>statim</strong></span> <span class='ocrx_word' id='word_1_845' title='bbox 3575 5086 3706 5144; x_wconf 86' lang='lat' dir='ltr'><strong>post</strong></span> 
     </span>
    </p>
   </div>
   <div class='ocr_carea' id='block_1_110' title="bbox 2108 5160 3700 5235">
    <p class='ocr_par' dir='ltr' id='par_1_110' title="bbox 2108 5160 3700 5235">
     <span class='ocr_line' id='line_1_110' title="bbox 2108 5160 3700 5235; baseline 0.006 -25"><span class='ocrx_word' id='word_1_846' title='bbox 2108 5160 2564 5216; x_wconf 85' lang='lat' dir='ltr'><strong>resurrectionem</strong></span> <span class='ocrx_word' id='word_1_847' title='bbox 2595 5160 2826 5232; x_wconf 90' lang='lat' dir='ltr'><strong>Spiritus</strong></span> <span class='ocrx_word' id='word_1_848' title='bbox 2855 5162 3046 5218; x_wconf 80' lang='lat' dir='ltr'><strong>venit?</strong></span> <span class='ocrx_word' id='word_1_849' title='bbox 3073 5163 3142 5219; x_wconf 88' lang='lat' dir='ltr'><strong>Ut</strong></span> <span class='ocrx_word' id='word_1_850' title='bbox 3167 5164 3285 5234; x_wconf 88' lang='lat' dir='ltr'><strong>ejus</strong></span> <span class='ocrx_word' id='word_1_851' title='bbox 3315 5165 3517 5234; x_wconf 88' lang='lat' dir='ltr'><strong>majore</strong></span> <span class='ocrx_word' id='word_1_852' title='bbox 3553 5167 3700 5235; x_wconf 88' lang='lat' dir='ltr'><strong>capti</strong></span> 
     </span>
    </p>
   </div>
   <div class='ocr_carea' id='block_1_111' title="bbox 2109 5249 3701 5326">
    <p class='ocr_par' dir='ltr' id='par_1_111' title="bbox 2109 5249 3701 5326">
     <span class='ocr_line' id='line_1_111' title="bbox 2109 5249 3701 5326; baseline 0.004 -21"><span class='ocrx_word' id='word_1_853' title='bbox 2109 5249 2398 5321; x_wconf 87' lang='lat' dir='ltr'><strong>desiderio,</strong></span> <span class='ocrx_word' id='word_1_854' title='bbox 2428 5268 2548 5309; x_wconf 91' lang='lat' dir='ltr'><strong>cum</strong></span> <span class='ocrx_word' id='word_1_855' title='bbox 2574 5255 2765 5324; x_wconf 90' lang='lat' dir='ltr'><strong>majori</strong></span> <span class='ocrx_word' id='word_1_856' title='bbox 2794 5256 2964 5326; x_wconf 77' lang='lat' dir='ltr'><strong>gratia</strong></span> <span class='ocrx_word' id='word_1_857' title='bbox 2987 5256 3130 5310; x_wconf 92' lang='lat' dir='ltr'><strong>illum</strong></span> <span class='ocrx_word' id='word_1_858' title='bbox 3157 5256 3485 5326; x_wconf 89' lang='lat' dir='ltr'><strong>acciperent.</strong></span> <span class='ocrx_word' id='word_1_859' title='bbox 3517 5257 3701 5311; x_wconf 89' lang='lat' dir='ltr'><strong>Donec</strong></span> 
     </span>
    </p>
   </div>
   <div class='ocr_carea' id='block_1_112' title="bbox 2107 5343 3716 5418">
    <p class='ocr_par' dir='ltr' id='par_1_112' title="bbox 2107 5343 3716 5418">
     <span class='ocr_line' id='line_1_112' title="bbox 2107 5343 3716 5418; baseline 0 -16"><span class='ocrx_word' id='word_1_860' title='bbox 2107 5345 2252 5402; x_wconf 84' lang='lat' dir='ltr'><strong>enim</strong></span> <span class='ocrx_word' id='word_1_861' title='bbox 2275 5360 2398 5401; x_wconf 91' lang='lat' dir='ltr'><strong>cum</strong></span> <span class='ocrx_word' id='word_1_862' title='bbox 2423 5346 2524 5402; x_wconf 90' lang='lat' dir='ltr'><strong>illis</strong></span> <span class='ocrx_word' id='word_1_863' title='bbox 2550 5343 2796 5403; x_wconf 87' lang='lat' dir='ltr'><strong>Christus</strong></span> <span class='ocrx_word' id='word_1_864' title='bbox 2816 5355 2952 5414; x_wconf 88' lang='lat' dir='ltr'><strong>erat,</strong></span> <span class='ocrx_word' id='word_1_865' title='bbox 2980 5362 3084 5402; x_wconf 92' lang='lat' dir='ltr'><strong>non</strong></span> <span class='ocrx_word' id='word_1_866' title='bbox 3107 5346 3526 5410; x_wconf 85' lang='lat' dir='ltr'><strong>amictabantur;</strong></span> <span class='ocrx_word' id='word_1_867' title='bbox 3553 5359 3716 5418; x_wconf 84' lang='lat' dir='ltr'><strong>post-</strong></span> 
     </span>
    </p>
   </div>
   <div class='ocr_carea' id='block_1_113' title="bbox 2107 5437 3702 5510">
    <p class='ocr_par' dir='ltr' id='par_1_113' title="bbox 2107 5437 3702 5510">
     <span class='ocr_line' id='line_1_113' title="bbox 2107 5437 3702 5510; baseline 0.003 -22"><span class='ocrx_word' id='word_1_868' title='bbox 2107 5451 2264 5510; x_wconf 86' lang='lat' dir='ltr'><strong>quam</strong></span> <span class='ocrx_word' id='word_1_869' title='bbox 2297 5445 2476 5492; x_wconf 87' lang='lat' dir='ltr'><strong>autem</strong></span> <span class='ocrx_word' id='word_1_870' title='bbox 2519 5437 2798 5503; x_wconf 89' lang='lat' dir='ltr'><strong>discessit,</strong></span> <span class='ocrx_word' id='word_1_871' title='bbox 2846 5437 3026 5493; x_wconf 88' lang='lat' dir='ltr'><strong>nudati</strong></span> <span class='ocrx_word' id='word_1_872' title='bbox 3069 5448 3124 5493; x_wconf 90' lang='lat' dir='ltr'><strong>et</strong></span> <span class='ocrx_word' id='word_1_873' title='bbox 3168 5439 3219 5492; x_wconf 90' lang='lat' dir='ltr'><strong>in</strong></span> <span class='ocrx_word' id='word_1_874' title='bbox 3268 5439 3459 5493; x_wconf 85' lang='lat' dir='ltr'><strong>timore</strong></span> <span class='ocrx_word' id='word_1_875' title='bbox 3503 5453 3702 5507; x_wconf 88' lang='lat' dir='ltr'><strong>magno</strong></span> 
     </span>
    </p>
   </div>
   <div class='ocr_carea' id='block_1_114' title="bbox 2099 5528 3696 5599">
    <p class='ocr_par' dir='ltr' id='par_1_114' title="bbox 2099 5528 3696 5599">
     <span class='ocr_line' id='line_1_114' title="bbox 2099 5528 3696 5599; baseline 0.003 -21"><span class='ocrx_word' id='word_1_876' title='bbox 2099 5536 2404 5593; x_wconf 62' lang='lat' dir='ltr'><strong>versantes,</strong></span> <span class='ocrx_word' id='word_1_877' title='bbox 2424 5543 2544 5582; x_wconf 92' lang='lat' dir='ltr'><strong>cum</strong></span> <span class='ocrx_word' id='word_1_878' title='bbox 2567 5543 2760 5599; x_wconf 84' lang='lat' dir='ltr'><strong>magno</strong></span> <span class='ocrx_word' id='word_1_879' title='bbox 2777 5529 2925 5584; x_wconf 90' lang='lat' dir='ltr'><strong>illum</strong></span> <span class='ocrx_word' id='word_1_880' title='bbox 2945 5528 3502 5599; x_wconf 13' lang='lat' dir='ltr'><strong>desiderio‘exeepturi</strong></span> <span class='ocrx_word' id='word_1_881' title='bbox 3521 5538 3696 5584; x_wconf 88' lang='lat' dir='ltr'><strong>erant.</strong></span> 
     </span>
    </p>
   </div>
   <div class='ocr_carea' id='block_1_115' title="bbox 2117 5615 3697 5689">
    <p class='ocr_par' dir='ltr' id='par_1_115' title="bbox 2117 5615 3697 5689">
     <span class='ocr_line' id='line_1_115' title="bbox 2117 5615 3697 5689; baseline 0.003 -20"><span class='ocrx_word' id='word_1_882' title='bbox 2117 5615 2385 5672; x_wconf 80' lang='lat' dir='ltr'><strong>Vobiscum</strong></span> <span class='ocrx_word' id='word_1_883' title='bbox 2413 5630 2599 5685; x_wconf 84' lang='lat' dir='ltr'><strong>manet,</strong></span> <span class='ocrx_word' id='word_1_884' title='bbox 2651 5620 2752 5676; x_wconf 92' lang='lat' dir='ltr'><strong>hoc</strong></span> <span class='ocrx_word' id='word_1_885' title='bbox 2798 5629 2900 5687; x_wconf 90' lang='lat' dir='ltr'><strong>est,</strong></span> <span class='ocrx_word' id='word_1_886' title='bbox 2933 5633 3000 5674; x_wconf 89' lang='lat' dir='ltr'><strong>ne</strong></span> <span class='ocrx_word' id='word_1_887' title='bbox 3045 5630 3163 5686; x_wconf 90' lang='lat' dir='ltr'><strong>post</strong></span> <span class='ocrx_word' id='word_1_888' title='bbox 3209 5629 3435 5676; x_wconf 82' lang='lat' dir='ltr'><strong>mortem</strong></span> <span class='ocrx_word' id='word_1_889' title='bbox 3481 5619 3697 5689; x_wconf 85' lang='lat' dir='ltr'><strong>quidem</strong></span> 
     </span>
    </p>
   </div>
   <div class='ocr_carea' id='block_1_116' title="bbox 2110 5710 3707 5780">
    <p class='ocr_par' dir='ltr' id='par_1_116' title="bbox 2110 5710 3707 5780">
     <span class='ocr_line' id='line_1_116' title="bbox 2110 5710 3707 5780; baseline 0.005 -19"><span class='ocrx_word' id='word_1_890' title='bbox 2110 5710 2369 5766; x_wconf 87' lang='lat' dir='ltr'><strong>abscedit.</strong></span> <span class='ocrx_word' id='word_1_891' title='bbox 2397 5712 2473 5767; x_wconf 83' lang='lat' dir='ltr'><strong>Ne</strong></span> <span class='ocrx_word' id='word_1_892' title='bbox 2494 5729 2622 5768; x_wconf 88' lang='lat' dir='ltr'><strong>vero</strong></span> <span class='ocrx_word' id='word_1_893' title='bbox 2647 5713 2977 5768; x_wconf 82' lang='lat' dir='ltr'><strong>Paracletum</strong></span> <span class='ocrx_word' id='word_1_894' title='bbox 3005 5712 3302 5780; x_wconf 86' lang='lat' dir='ltr'><strong>audientes,</strong></span> <span class='ocrx_word' id='word_1_895' title='bbox 3330 5714 3486 5769; x_wconf 84' lang='lat' dir='ltr'><strong>aliam</strong></span> <span class='ocrx_word' id='word_1_896' title='bbox 3514 5725 3707 5769; x_wconf 67' lang='lat' dir='ltr'><strong>rursm</strong></span> 
     </span>
    </p>
   </div>
  </div>
