4072 6192
210 282 316 334 σὶῖῖδ

209 407 289 448 t'et
329 391 500 448 Judex
545 391 820 461 veritatis;
854 389 962 445 imo
979 387 1165 461 potius
1193 402 1314 444 cum
1344 388 1660 461 delictorum
1701 405 1801 445 no-

206 476 442 519 strorum
463 461 704 516 medicus
722 457 790 515 ad
808 457 1014 515 sontem
1041 474 1162 513 cum
1186 461 1338 514 amici
1358 459 1536 514 habitu
1555 462 1802 524 accessit.

208 535 333 598 quid
369 534 446 587 ait
474 533 593 586 illi?
621 532 820 595 Adam,
866 532 950 584 ubi
990 532 1081 584 es?
1106 530 1241 596 Quid
1283 531 1559 599 respondit
1601 530 1805 585 Adam?

201 605 401 658 il’ocem
432 614 572 656 tuam
599 601 791 666 audiui,
821 610 866 654 et
905 617 984 654 tne
1017 601 1302 665 occultavi,
1335 601 1453 669 quia
1490 601 1656 654 nudus
1695 618 1805 654 sunt

188 674 424 745 -.((.'en.3.
441 674 491 730 9.
509 684 556 727 et
571 673 681 742 l0).
694 671 832 745 Quid
845 686 972 745 ergo
988 670 1174 745 illequi
1193 671 1807 745 omnia_nov_it?lgnoran-

207 741 225 795 ἱ
232 748 336 798 iam
364 746 583 799 simulat
627 751 683 798 et
710 742 836 796 dicit
872 757 886 794 :
923 742 984 795 Et
1012 742 1125 810 quis
1162 741 1405 794 indicauit
1434 742 1522 794 tibi
1544 743 1680 804 quod
1705 758 1805 794 mt-

184 819 304 869 μακε
335 831 468 870 esses
488 855 502 876 ,
536 814 635 868 nisi
659 811 795 882 quod
819 828 882 867 ea:
909 811 1046 882 ligno
1066 852 1090 882 ,ί
1121 811 1186 863 de
1207 827 1307 882 quo
1333 814 1441 865 solo
1465 828 1806 882 prteceperain

177 886 295 938 .tibi
327 901 390 939 ne
412 881 719 947 comederes,
751 881 1014 937 comedisti
1043 881 1200 949 (Ibid.
1222 881 1278 935 υ.
1313 882 1436 953 li)?
1462 881 1706 937 Ostendit
1739 882 1803 936 il-

207 957 318 1011 lum
347 956 586 1011 omnium
609 953 721 1009 fere
739 954 949 1024 copiam
971 953 1263 1024 accepisse,
1289 968 1464 1022 neque
1480 968 1546 1006 ex
1563 953 1801 1024 angustia

205 1041 388 1080 rerum
400 1057 407 1064 ι
419 1024 764 1081 fruendarnm
793 1021 858 1077 ad
890 1037 1060 1090 praua
1068 1024 1172 1076 rica
1181 1021 1387 1077 tionem
1405 1021 1653 1078 venisse.
1665 1022 1804 1090 Quid

203 1096 273 1149 ad
302 1095 612 1150 haec'reus?
636 1093 838 1164 (Mulier
859 1109 1012 1163 quam
1041 1093 1225 1148 dedisti
1249 1093 1394 1160 mihi,
1424 1095 1538 1164 ipsa
1561 1094 1692 1164 mihi
1712 1093 1804 1147 do-

198 1165 284 1219 dit
313 1164 477 1233 (Ibid.
505 1180 553 1219 ν.
585 1163 700 1232 12).
732 1164 902 1218 Adam
945 1164 1150 1217 mulieri
1181 1163 1468 1230 peccatum
1508 1163 1800 1230 adscribit,

205 1243 265 1290 et
293 1244 348 1289 tu
379 1235 557 1291 arbori
582 1235 883 1290 adscribis?
906 1233 1011 1301 Qui
1037 1233 1384 1288 accusabatur
1407 1275 1422 1298 ,
1447 1236 1665 1289 mentiri
1693 1249 1802 1291 non

207 1306 419 1376 potuit;
450 1305 786 1376 nottrinvenit
813 1304 956 1358 aliud
980 1303 1277 1376 perfugium
1306 1315 1458 1358 extra
1487 1306 1800 1373 veritatem,

191 1373 316 1430 sinon
337 1375 577 1431 Creatori
594 1390 809 1430 causam
835 1375 1129 1443 imputavit,
1146 1373 1247 1428 sed
1271 1389 1491 1428 uxorem
1510 1377 1798 1441 accusavit;

207 1456 264 1501 et
292 1456 346 1500 tu
373 1461 457 1500 res
483 1460 726 1515 accusas,
759 1461 983 1514 quarum
1025 1446 1129 1515 vim
1163 1445 1412 1514 ignoras?
1440 1445 1643 1515 Ecquid
1677 1446 1802 1501 Eva:

206 1517 344 1570 dixit
371 1516 543 1571 Deus?
570 1514 675 1571 Cur
699 1513 794 1570 hoc
818 1517 980 1586 fecisti
1015 1513 1250 1584 (lbidJc.
1281 1517 1371 1585 15)
1393 1517 1417 1569 ?
1443 1513 1548 1569 illa
1565 1532 1691 1570 vero
1723 1518 1804 1571 in-

189 1597 477 1656 terrogata
521 1599 734 1641 causam
777 1586 931 1640 allert
963 1603 978 1642 :
1012 1586 1234 1656 Serpens
1281 1586 1474 1656 decepit
1518 1603 1614 1640 me.
1664 1586 1798 1641 Num

205 1654 536 1712 creationem
586 1655 936 1723 persu-inxit?
973 1671 1099 1710 num
1141 1654 1449 1711 Creatorem
1497 1657 1801 1712 incusavit?

204 1743 334 1782 num
366 1726 539 1793 dixit,
569 1727 681 1782 Cur
706 1741 804 1781 nos
831 1726 1042 1781 fecisti?
1071 1743 1168 1782 cur
1193 1727 1320 1797 ligni
1357 1727 1584 1784 fructum
1617 1729 1800 1795 prohi-

206 1798 409 1853 buisti?
449 1797 581 1864 Quae
625 1797 1056 1852 accusationibus
1100 1798 1408 1866 impetitur,
1450 1813 1554 1852 non
1593 1799 1802 1854 invenit

187 1883 314 1938 .qno
343 1879 499 1939 pacto
536 1869 841 1922 mentiatur.
883 1867 1069 1923 Solent
1103 1871 1251 1924 enim
1284 1870 1519 1939 accusati
1568 1885 1629 1924 ea
1679 1886 1800 1939 qme

204 1937 313 1994 non
346 1937 479 1994 sunt
505 1939 835 1994 comminisci
857 1981 871 2004 ,
896 1948 956 1994 ut
983 1939 1189 2009 crimen
1221 1937 1494 2009 en'ugiant.
1539 1937 1799 1996 Accusata

205 2025 334 2080 ergo
356 2009 444 2064 illa
484 2025 592 2064 non
625 2011 826 2064 invenit
853 2008 995 2065 aliud
1024 2008 1359 2080 perfugium;
1392 2020 1446 2063 et
1476 2019 1530 2065 tu
1552 2025 1612 2064 ea
1635 2051 1650 2074 ,
1680 2027 1801 2080 quae

205 2079 281 2134 illi
311 2080 482 2148 culpa:
510 2080 724 2134 obnoxii
753 2095 858 2134 non
891 2079 1219 2142 attulerunt.
1251 2079 1318 2135 ad
1345 2079 1512 2134 Deum
1537 2079 1800 2136 accusan-

204 2151 334 2206 dum
386 2148 633 2221 profers?
659 2149 766 2221 Sed
815 2165 999 2205 rursus
1046 2151 1112 2205 ad
1153 2151 1481 2220 propositum
1537 2163 1797 2207 revertar.

203 2221 372 2275 Adam
391 2220 412 2282 “,
445 2221 535 2275 ubi
558 2221 653 2275 es?
678 2220 811 2274 Cum
842 2221 977 2278 vidit
1001 2235 1093 2274 ora
1123 2221 1454 2290 peccantium
1486 2221 1799 2291 obstructa,

189 2307 306 2348 :nec
325 2293 486 2346 ullam
518 2293 755 2363 peccanti
787 2292 961 2348 inesse
987 2291 1252 2355 fiduciam,
1283 2293 1659 2363 interrogantis
1688 2308 1803 2348 mo-

203 2377 267 2418 re
311 2363 452 2417 viam
496 2362 628 2433 ipsi,
653 2363 1010 2417 excusationis
1048 2365 1241 2433 aperit.
1288 2362 1675 2418 Prmvaricatus
1715 2378 1802 2420 me

201 2431 690 2497 occultavi;audita
711 2443 818 2495 tua,
843 2431 1097 2498 Domine,
1122 2434 1467 2503 benignitate,
1496 2434 1560 2488 ad
1588 2450 1674 2489 me
1700 2449 1798 2490 ex-

203 2505 500 2558 cusandum
528 2505 752 2562 accessi.
790 2505 854 2557 Et
882 2504 1003 2559 vide
1026 2504 1229 2572 justum
1255 2503 1516 2559 iudicem.
1552 2503 1666 2559 Non
1692 2515 1801 2559 sta-

203 2577 301 2629 tim
319 2575 590 2629 examinat
611 2590 726 2628 eam
750 2591 868 2644 quae
889 2583 1150 2644 peccarat,
1171 2575 1263 2629 sed
1287 2589 1409 2628 eum
1433 2575 1521 2643 qui
1545 2575 1799 2644 deceptus

204 2649 383 2700 fuerat
413 2662 427 2698 :
461 2655 516 2700 et
543 2647 733 2699 merito
761 2646 1012 2714 quidem;
1042 2661 1163 2699 nam
1191 2646 1406 2714 gravius
1433 2645 1619 2699 luisset
1652 2645 1796 2714 judi-

202 2717 370 2780 cium,
392 2715 436 2770 si
465 2731 494 2769 a
517 2716 673 2770 noxia
693 2716 913 2788 muliere
931 2718 1203 2788 coepisset.
1222 2715 1412 2788 Verum
1431 2714 1617 2786 incipit
1643 2719 1708 2770 ab
1733 2729 1800 2772 eo

203 2789 295 2857 qui
331 2795 536 2857 poterat
579 2801 794 2856 parvam
843 2787 1029 2841 saltem
1076 2787 1313 2841 inVcnire
1355 2789 1752 2842 excusationem
1781 2829 1796 2851 ,

203 2858 329 2927 quia
353 2857 422 2912 ab
457 2857 558 2911 alia
599 2871 823 2927 persona
865 2859 1120 2925 deceptus
1168 2858 1360 2912 fuerat.
1385 2861 1426 2912 Α
1466 2859 1580 2911 viro
1620 2859 1800 2925 itaque

205 2930 273 2982 ad
305 2929 584 2982 mulierem
615 2927 878 2997 procedit,
913 2938 966 2982 et
993 2929 1121 2983 dicit
1149 2945 1162 2982 ε
1191 2927 1294 2982 Cur
1336 2929 1430 2981 ltoc
1456 2929 1662 2997 fecisti?
1692 2927 1798 2984 ile-

204 2999 456 3070 spondet
458 2999 545 3070 illa
573 2998 794 3070 Domino
821 3013 839 3053 :
867 2998 1087 3066 Serpens
1113 2999 1304 3066 decepit
1324 3014 1421 3053 me.
1445 2998 1680 3070 Serpens
1705 2999 1798 3070 die-7

205 3068 388 3137 cepit?
418 3068 649 3124 Fallacia
681 3071 730 3122 in
759 3070 1156 3123 excusationem
1184 3070 1412 3122 admissa
1444 3068 1630 3123 fuisset
1649 3109 1664 3134 ,
1693 3069 1797 3124 nisi

206 3141 463 3210 prtcvium
515 3150 836 3210 praeceptum
884 3140 1096 3193 errandi
1133 3141 1280 3202 viam
1327 3139 1644 3200 clausisset;
1697 3139 1797 3193 nisi

205 3207 484 3274 dixissem,
505 3207 570 3263 1η
598 3226 910 3280 quacumque
934 3211 1015 3262 die
1037 3211 1355 3280 comederitis
1375 3210 1437 3262 de
1453 3210 1612 3280 ligno,
1641 3222 1802 3264 morte

206 3281 514 3346 moriemini,
547 3279 719 3336 loeum
744 3279 947 3334 fallacia
979 3281 1269 3334 habuisset.
1297 3279 1405 3333 Cur
1425 3279 1530 3334 non
1567 3281 1655 3334 Dei
1680 3297 1800 3335 ver-

205 3351 358 3422 bum,
383 3352 474 3406 sed
504 3350 707 3404 fallacia
730 3350 961 3405 admissa
989 3351 1123 3422 fuit?
1149 3351 1240 3406 Sic
1253 3350 1480 3422 Creator
1499 3350 1798 3422 inculpatus

207 3421 329 3487 fuit,
352 3423 729 3492 praevaricator
754 3431 932 3476 autem
959 3421 1129 3490 culpa:
1146 3421 1428 3492 obnoxius.
1460 3420 1566 3476 Sed
1591 3420 1660 3492 ad
1677 3437 1798 3490 pro-

211 3491 442 3562 positum
487 3502 838 3546 revertamur.
882 3491 1198 3562 l‘erquisitio
1227 3491 1467 3546 criminis
1504 3507 1536 3546 a
1573 3491 1798 3562 decepto

210 3563 278 3617 ad
309 3563 662 3631 decipientem
707 3577 986 3633 progressa
1017 3571 1121 3626 est.
1150 3563 1413 3633 sententia
1444 3577 1570 3617 vero
1601 3562 1653 3615 in
1675 3578 1799 3633 ima-

212 3633 388 3687 lorum
441 3643 711 3687 auctorem
755 3631 958 3702 prolata
1019 3633 1136 3687 fuit.
1193 3631 1372 3687 Primo
1430 3633 1521 3688 Dei
1566 3632 1796 3687 vindicta

213 3713 403 3758 eontra
458 3704 602 3757 illum
657 3704 759 3757 fert
804 3703 1068 3758 calculum
1095 3746 1110 3769 ,
1171 3719 1346 3773 neque
1390 3705 1570 3757 statim
1611 3713 1796 3759 contra

216 3776 388 3828 virum
423 3775 502 3828 vel
548 3787 732 3829 contra
771 3775 1046 3828 mulierem
1088 3774 1429 3844 pronuntiat,
1487 3773 1581 3829 sed
1608 3785 1796 3829 contra

214 3853 539 3914 serpentem.
591 3844 657 3898 Et
708 3845 828 3899 vide
865 3843 1515 3900 iudicis’consideratam
1580 3845 1798 3900 tardita-

209 3925 346 3970 tem.
401 3915 516 3969 Non
558 3924 864 3984 serpentem
910 3914 978 3969 ad
1008 3930 1231 3969 examen
1278 3925 1434 3969 vocat
1466 3916 1635 3978 Deus;
1691 3933 1796 3971 non

209 3987 356 4040 enim
388 3987 440 4039 in
465 3985 626 4039 alium
656 3988 767 4040 vult
791 3986 1000 4054 culpam
1033 3985 1268 4050 referre,
1300 4001 1470 4054 neque
1499 3986 1643 4040 aliud
1674 4002 1798 4055 pcr-

213 4057 415 4125 fugiunt
446 4057 698 4126 reperire.
727 4055 862 4124 Quid
896 4057 1052 4125 igitur
1077 4057 1150 4110 ait
1180 4056 1290 4110 illi?
1320 4055 1622 4110 Maledictus
1649 4073 1700 4110 es
1722 4057 1802 4110 in-

212 4137 288 4180 ter
305 4127 478 4180 omnia
495 4129 776 4180 animantia
801 4136 948 4180 teme
977 4127 996 4199 (
1017 4126 1154 4199 Ibid.
1170 4126 1331 4199 _u._M
1354 4130 1394 4195 ).
1424 4127 1685 4199 Serpens
1715 4128 1798 4199 in-

206 4207 571 4253 strumentum
615 4211 883 4266 apparens
917 4197 1002 4253 est
1025 4239 1041 4258 .
1078 4197 1319 4253 diabolus
1343 4211 1472 4252 vero
1492 4206 1576 4251 est
1600 4197 1689 4267 qui
1720 4197 1802 4251 in-

211 4269 495 4324 visibiliter
517 4283 620 4338 per
639 4278 942 4338 serpentem
971 4268 1188 4338 decipit.
1231 4269 1338 4322 Cur
1379 4279 1564 4322 contra
1606 4271 1800 4322 instru-

209 4350 448 4393 mentum
478 4353 632 4408 poana
667 4340 956 4407 profertur,
983 4348 1162 4395 etnon
1194 4347 1378 4394 contra
1406 4338 1654 4393 facinoris
1699 4355 1797 4393 au-

201 4421 414 4465 morem
435 4408 613 4464 divina
642 4410 871 4464 vindicta
900 4410 1214 4466 exercetur?
1241 4410 1306 4465 Et
1322 4421 1505 4464 contra
1525 4419 1798 4480 peccatum

211 4482 500 4548 profertur,
521 4489 577 4536 et
596 4489 780 4552 contra
809 4482 1217 4537 instrumentum
1235 4482 1461 4552 peccati.
1493 4481 1641 4535 Nosti
1659 4481 1800 4549 quod

197 4563 366 4608 tauro
397 4555 603 4606 ratione
624 4551 881 4606 destituto
903 4594 920 4618 ,
953 4553 997 4606 si
1025 4551 1280 4607 cornibus
1311 4553 1529 4620 impetat
1548 4592 1561 4616 ,
1589 4565 1801 4620 ptenam

203 4623 401 4692 mortis
429 4621 571 4676 Deus
594 4631 813 4687 statuat,
836 4633 892 4676 et
916 4622 1064 4678 illum
1095 4624 1346 4692 impetum
1374 4619 1572 4692 puniat.
1597 4619 1686 4692 Sic
1709 4620 1803 4692 igi-

201 4707 300 4749 tur
331 4691 416 4746 bic
435 4703 621 4748 contra
652 4703 953 4762 serpentem
987 4693 1088 4747 fert
1114 4691 1457 4762 sententiam,
1485 4691 1798 4756 ostendens,

201 4767 251 4821 si
308 4762 721 4817 instrumentum
748 4761 950 4834 peccati
991 4764 1060 4818 ita
1103 4764 1363 4834 supplicio
1403 4761 1604 4825 aflicit,
1635 4763 1802 4834 multo

201 4834 382 4902 magis
405 4842 676 4888 auctorem
707 4831 767 4888 se
795 4832 1073 4903 plexurum
1098 4831 1236 4889 esse.
1270 4833 1395 4890 Ideo
1425 4833 1611 4888 beatus
1639 4831 1802 4888 lsaias

199 4903 683 4975 comminatione":
709 4904 852 4958 illam
879 4914 1064 4959 contra
1092 4914 1394 4975 serpentem
1422 4904 1641 4975 pulchre
1661 4917 1803 4975 acci-

194 4990 226 5037 p
247 4973 368 5026 iens
389 4974 466 5028 ait
492 4990 508 5030 :
542 4975 608 5029 Et
638 4975 742 5030 erit
765 4975 815 5028 in
853 4976 1159 5029 novissimis
1184 4973 1393 5040 diebus,
1421 4973 1636 5029 Inducet
1670 4973 1801 5028 Deus

194 5044 444 5113 gladium
469 5053 732 5109 sanctum,
763 5047 1006 5116 grandem
1029 5055 1078 5116 et
1107 5045 1288 5114 [artem
1315 5061 1471 5113 super
1491 5044 1758 5098 draconem
1783 5085 1797 5106 ,

210 5123 492 5183 serpentem
510 5113 815 5186 fugientem,
833 5131 984 5186 super
1003 5113 1301 5186 draconem,
1312 5124 1591 5186 serpentem
1614 5125 1801 5186 tortuo-

207 5200 349 5245 sum.
376 5193 423 5237 et
451 5185 642 5240 occidet
666 5185 936 5239 draconem
957 5185 1008 5239 in
1030 5186 1112 5240 die
1134 5187 1225 5240 illa
1250 5185 1404 5256 (lsai.
1431 5187 1522 5240 27.
1559 5187 1634 5253 l).
1671 5185 1802 5238 Dra-

205 5269 403 5327 conem
435 5265 602 5327 (vocat
645 5255 913 5311 diabolum
938 5296 953 5319 .
1006 5266 1061 5312 et
1103 5255 1404 5327 serpentem
1459 5265 1800 5327 tortuosum,

210 5325 388 5392 ipsum
413 5326 714 5397 damnum
744 5328 1050 5397 principem.
1085 5327 1173 5383 Sic
1198 5325 1262 5382 et
1283 5327 1528 5384 Salvator
1549 5327 1626 5380 ait
1658 5344 1667 5355 ·
1700 5325 1801 5378 Ec-

209 5410 269 5448 ce
315 5395 434 5448 dedi
478 5397 616 5452 vobis
652 5395 945 5463 potestatein
996 5398 1234 5452 δαίσαιόί
1274 5415 1431 5466 supra
1466 5406 1716 5466 serpentes
1756 5404 1801 5448 et

210 5466 504 5534 scorpiones
521 5465 685 5539 (Luc.
704 5467 790 5522 l0.
822 5467 932 5537 l9).
960 5470 1024 5524 Et
1051 5484 1118 5539 n_e
1139 5478 1293 5539 putes
1318 5465 1401 5538 agi
1426 5468 1494 5523 de
1516 5467 1675 5522 rebus
1700 5466 1802 5519 sub

208 5549 432 5608 saetacum
460 5537 773 5594 cadentibus
795 5577 812 5603 ,
843 5539 1018 5603 addit,
1054 5537 1121 5592 Et
1140 5537 1315 5608 supra
1343 5537 1539 5593 omnem
1569 5539 1800 5590 virtutem

212 5606 430 5678 inimici.
453 5608 558 5664 Sed
588 5625 708 5664 eum
735 5609 968 5664 audieris
989 5606 1276 5664 draconem
1300 5619 1353 5664 et
1379 5617 1705 5678 serpentem,
1731 5623 1798 5663 ne

211 5677 452 5748 radicem
483 5678 700 5748 malitiae
735 5681 1022 5748 suspiceris
1046 5695 1200 5746 esse,
1236 5691 1295 5733 ut
1323 5677 1481 5734 aiunt
1495 5677 1795 5734 Manicha-i.

213 5744 332 5800 Non
362 5748 503 5802 enim
546 5747 642 5803 fuit
676 5744 1023 5817 radix'mali,
1058 5744 1226 5820 neque
1270 5760 1454 5804 natura
1506 5750 1752 5820 nequitiac
1777 5790 1792 5815 ,

1497 277 1596 335 ‘DE
1632 277 1814 334 FILIO
1851 275 2166 337 PRODIGO.

3388 291 3498 349 63$

1915 393 2330 473 sed-.propensio
2352 394 2417 449 ad
2448 395 2800 473 infimitatem.
2832 397 3014 467 Vides,
3049 401 3238 473 inquit,
3273 419 3501 472 quomo-

1900 463 1980 518 do’
2006 460 2295 538 Scriptura
2319 476 2472 521 vocet
2501 460 2648 521 illum
2681 479 2986 538 serpentem
2999 460 3070 527 'ct
3091 460 3377 528 draconem
3400 517 3413 530 .
3447 486 3502 530 ct

1911 537 2061 600 quasi
2102 535 2386 600 quamdam
2428 548 2736 592 extraneam
2775 535 2998 596 natura!
3037 545 3290 597 malitiam
3343 545 3502 598 induo

1900 604 2090 658 ctam?
2123 604 2315 678 Verum
2348 605 2461 660 lucc
2489 617 2613 662 sunt
2642 610 2924 678 impiorum
2955 613 3114 668 verba
3147 630 3300 677 vana,
3327 616 3502 670 inania

1910 685 1965 728 et
1991 678 2194 730 ratione
2221 675 2492 730 destituta.
2542 678 2673 733 Nam
2703 675 2824 734 cum
2855 682 3112 737 Dominus
3156 675 3295 738 dicit
3333 686 3503 739 homi-

1905 746 2089 807 nibus,
2118 747 2408 814 Serpentes,
2435 750 2688 816 genimina
2714 752 2999 824 viperarum
3031 752 3244 822 (Matth.
3269 755 3361 808 25.
3386 757 3502 824 3'5),

1912 830 2018 869 non
2075 825 2318 893 naturam
2371 829 2635 893 accusat,
2695 822 2789 876 sed
2841 827 3190 893 propositum.
3247 824 3338 882 Sic
3397 822 3503 880 non

1909 896 2123 1010 :lptlirtet
2174 887 2502 944 dictionibus
2554 891 2806 960 haerere,
2842 887 2956 948 'sed'
2999 909 3031 948 a
3079 896 3360 952 sententiis
3415 897 3501 951 in-

1967 973 1978 1008 Ι
2009 974 2079 1010 ΙΙΙ.

1967 973 2079 1010 ιιιιι.

1982 1027 2036 1081 5.
2062 1027 2169 1082 Sed
2182 1043 2378 1106 rursus
2399 1029 2774 1106 digladiantnr,
2799 1042 2854 1106 et
2881 1035 3039 1106 aliam
3061 1034 3327 1103 proferunt
3358 1052 3506 1106 quan-

1909 1097 2282 1172 stionemﬁur
2302 1097 2500 1172 lignum
2517 1103 2729 1156 vocavit
2747 1097 2980 1158 scientize
3003 1097 3125 1160 boni
3151 1117 3204 1161 et
3231 1097 3388 1172 mali;
3403 1109 3502 1162 nisi

1910 1169 2186 1242 Scriptura
2215 1171 2555 1242 sacraivellet
2602 1172 2726 1242 ligni
2757 1173 2986 1242 aliquant
3016 1176 3318 1242 hnjnsnmdi
3351 1169 3502 1230 natu-

1910 1254 2025 1313 ram
2055 1239 2342 1313 indfcare?
2373 1239 2754 1313 Neverita'tem
2787 1239 2986 1299 temere
3014 1239 3358 1302 calumnieris
3383 1289 3398 1313 ,
3430 1255 3498 1308 ιιιὶ

1908 1309 2091 1386 homo.
2121 1310 2520 1386 Lignumenim
2547 1353 2562 1374 ,
2592 1313 2714 1386 boni
2747 1323 2800 1368 et
2831 1317 2950 1369 mali
2980 1333 3084 1369 non
3117 1327 3357 1370 naturam
3386 1309 3500 1386 rge-

1905 1379 2046 1454 nuit,
2079 1381 2174 1454 sed
2202 1383 2537 1435 occasionem
2567 1384 2686 1436 tulit
2717 1403 2734 1438 :
2761 1395 2919 1454 atque
2948 1387 3016 1439 ita
3048 1389 3356 1443 vocabatur.
3391 1379 3499 1442 non

1908 1451 2048 1520 quod
2095 1453 2254 1506 talem
2299 1462 2540 1506 naturam
2576 1451 2847 1520 habt-ret,w
2881 1457 2972 1510 sed
3015 1458 3154 1522 quod
3206 1458 3498 1512 secundum

1911 1522 2170 1589 prolatam
2214 1523 2534 1576 sententiam
2568 1525 2617 1578 id
2647 1525 2906 1582 efﬁceret.
2938 1527 3072 1593 Quid
3117 1530 3374 1582 Adatnum
3405 1529 3505 1583 d0-

1908 1593 2315 1664 cuitgnstatio?
2363 1593 2565 1664 Bonum
2613 1610 2735 1648 esse
2767 1597 2872 1648 Deo
2894 1598 3152 1659 obedire.
3202 1601 3396 1652 malum
3450 1599 3499 1652 ei

1904 1680 2014 1718 non
2054 1663 2344 1724 'obscuui:
2389 1672 2440 1717 ct
2491 1663 2607 1718 hare
2656 1675 2738 1718 cst
2791 1667 3010 1720 scientia
3070 1669 3191 1720 boni
3244 1680 3298 1722 et
3353 1670 3497 1733 mali,

1910 1735 2150 1801 nihilque
2204 1733 2348 1788 aliud
2380 1734 2622 1786 omnino.
2652 1735 2820 1800 Quam
2879 1739 3020 1790 enim
3075 1739 3254 1791 statim
3309 1739 3504 1792 habue-

1908 1807 1978 1860 rit
2003 1807 2280 1860 scientiam
2316 1803 2589 1876 rbonorum
2615 1846 2629 1868 ,
2690 1806 2778 1860 ubi
2809 1808 2976 1874 aperti
3024 1817 3148 1861 sunt
3174 1811 3289 1876 ejus
3314 1810 3452 1863 oculi
3478 1810 3502 1861 ?

1907 1877 2050 1949 quod
2109 1877 2250 1931 aliud
2313 1875 2508 1949 bonum
2584 1875 2848 1949 vidisset?
2898 1875 3341 1949 eli-emosynam?
3395 1880 3498 1933 Sed

1906 1948 1993 2016 qui
2026 1962 2286 2017 pauperes
2312 1946 2420 2002 illic
2450 1946 2645 2000 erant?
2666 1946 2802 2014 Quid
2827 1947 2990 2002 vidit?
3022 1946 3212 2002 bonam
3243 1965 3364 2004 esse
3398 1950 3500 2002 lm-

1905 2019 2254 2089 manitatem?
2296 2017 2400 2074 Sed
2441 2031 2600 2089 quam
2627 2019 2844 2089 invenit
2885 2021 3226 2074 humanitatis
3254 2022 3501 2074 occasio-

1907 2091 2074 2143 nem?
2100 2088 2234 2156 Quid
2269 2104 2397 2158 ergo
2424 2088 2590 2144 vidit?
2623 2088 2826 2145 Bonum
2863 2103 2983 2144 esse
3019 2089 3257 2152 obedire,
3297 2093 3494 2146 malum

1903 2175 2015 2215 non
2033 2160 2251 2230 obsequi
2266 2159 2626 2230 illenel'actori.
2651 2161 2780 2229 Quis
2801 2159 2916 2217 lucc
2939 2160 3206 2214 declarat?
3227 2162 3498 2228 Scriptura

1901 2246 2025 2302 qua!
2051 2229 2221 2302 dicit}
2252 2229 2311 2284 Si
2337 2232 2647 2285 renuntietur
2675 2233 2784 2297 tibi,
2813 2250 2844 2287 ο
2872 2231 3042 2296 homo,
3065 2230 3186 2302 quid
3206 2233 3267 2286 sit
3287 2233 3493 2299 bonum,

1906 2299 1996 2354 aut
2023 2301 2147 2365 quid
2175 2299 2427 2354 Dominus
2465 2303 2683 2370 requirat
2721 2321 2752 2356 a
2789 2315 2855 2366 te,
2888 2305 2983 2358 nisi
3028 2299 3085 2358 ut
3113 2307 3287 2359 timeas
3326 2305 3500 2359 Domi—

1907 2388 2028 2448 num
2049 2371 2211 2425 Deum
2241 2380 2380 2448 tuum
2408 2369 2674 2448 (Mich._6.
2702 2373 2754 2448 8_.
2779 2383 2828 2448 et
2865 2374 3012 2428 Deut.
3041 2375 3126 2448 ill.
3164 2375 3276 2448 12).
3313 2375 3500 2429 Viden'

1906 2442 2101 2496 bonum
2150 2456 2270 2496 esse
2311 2442 2556 2497 timerem
2598 2443 2846 2509 Domini,
2893 2454 2947 2498 et
2987 2447 3184 2499 malum
3234 2442 3353 2500 esse
3395 2463 3497 2500 non

1905 2513 2124 2580 obsequi
2153 2511 2305 2585 Deo?
2336 2511 2618 2585 Inhorruit,
2653 2515 2839 2580 inquit.
2876 2515 3087 2580 tta-lum,
3110 2527 3163 2569 et
3203 2516 3500 2585 stupefacta

1903 2593 1986 2638 est
2015 2592 2153 2637 terra
2187 2598 2202 2635 :
2235 2581 2349 2654 Duo
2385 2583 2516 2635 enim
2551 2585 2684 2636 mala
2709 2587 2830 2654 fecit
2857 2587 3072 2654 papulas
3102 2581 3383 2652 mensam:
3405 2589 3499 2641 de-

1906 2654 2212 2728 reliquerunt
2244 2652 2431 2728 fontem
2460 2670 2603 2728 aqtue
2623 2652 2753 2728 vitae
2779 2652 2909 2728 (Jer.
3020 2655 3100 2709 12.
3133 2656 3244 2728 15).
3267 2667 3369 2712 etc.
3391 2657 3500 2711 Cur

1903 2739 2033 2792 ergo
2068 2723 2220 2796 dixit,
2265 2724 2471 2793 inquies
2499 2741 2513 2776 :
2547 2723 2624 2778 Ne
2665 2723 2901 2794 tetigeris
2935 2727 3132 2796 lignum
3154 2768 3170 2794 ,
3201 2723 3277 2782 'de
3315 2743 3421 2796 quo
3454 2729 3499 2782 si

1902 2793 2156 2867 comedas
2175 2835 2190 2859 ,
2219 2809 2328 2867 per
2359 2796 2836 2867 transgressionem
2866 2793 3175 2867 cogniturus
3204 2812 3261 2852 es
3298 2793 3498 2853 bonum

1902 2874 1960 2919 et
1999 2864 2238 2935 malum?
2277 2864 2488 2935 quare?
2517 2864 2625 2933 Ego
2659 2866 2748 2920 tibi
2789 2864 2970 2935 paucis
3005 2867 3308 2921 declarabo.
3351 2869 3502 2924 Solet

1903 2935 2079 3006 divina
2124 2933 2393 3002 Scriptura
2424 2934 2546 2988 talia
2577 2937 2737 2990 rebus
2779 2933 2992 2990 nomina
3031 2938 3180 2998 dare,
3211 2939 3389 3006 qualia
3431 2955 3498 2992 cx

1905 3005 2187 3076 occasione
2221 3006 2815 3076 _qnapia_m7sortinntur
2853 3024 2867 3059 :
2906 3008 3050 3060 verbi
3101 3005 3264 3076 gratia
3291 3049 3306 3071 ,
3353 3007 3500 3063 Isaac

1905 3086 2118 3144 puteum
2152 3073 2665 3147 fodit,_c_t_Philist:ci
2690 3076 2963 3130 venientes
2991 3077 3057 3130 de
3085 3073 3244 3147 puteo
3266 3093 3494 3132 concer-

1907 3149 2107 3210 tabant,
2141 3153 2190 3198 et
2222 3145 2320 3198 sibi
2352 3145 2495 3198 illum
2524 3145 2897 3209 attribuerunt,
2927 3145 3118 3202 alienis
3147 3145 3384 3202 fruentes
3417 3149 3496 3201 la-

1904 3216 2141 3270 boribus.
2171 3214 2306 3286 Quid
2333 3229 2463 3284 ergo
2496 3213 2675 3286 Isaac?
2703 3215 2921 3286 vocavit
2955 3232 3146 3270 nomen
3191 3219 3354 3286 pulei,
3387 3218 3484 3272 lni-

1903 3286 2176 3341 micitiam.
2211 3283 2324 3338 Non
2369 3283 2560 3353 puteus
2595 3285 2925 3340 inimicitiam
2971 3286 3114 3352 fecit,
3147 3283 3240 3343 sed
3284 3283 3499 3344 occasio

1908 3358 1984 3410 rei
2041 3357 2180 3410 circa
2236 3356 2408 3425 ipsum
2454 3365 2628 3420 actae;
2680 3355 2905 3425 ideoque
2957 3357 3153 3412 Puteus
3209 3359 3499 3414 inimicitias

1906 3427 2076 3499 factus
2107 3435 2205 3481 est.
2239 3424 2469 3499 Fecitet
2507 3425 2680 3499 alium
2714 3424 2947 3499 puteum,
2989 3429 3076 3496 qui
3117 3429 3357 3484 sublatus
3397 3430 3496 3499 ipsi

1905 3497 2001 3570 fuit
2035 3514 2048 3550 :
2081 3507 2134 3551 et
2161 3497 2369 3570 vocavit
2397 3496 2568 3570 illum,
2609 3496 2828 3551 Puteum
2869 3498 3174 3570 injustitim;
3217 3515 3322 3554 non
3353 3496 3496 3570 quod

1903 3567 2020 3636 ipse
2062 3575 2252 3638 puteus
2297 3566 2568 3638 iniustitia:
2601 3577 2761 3638 esset.
2799 3567 2892 3622 sed
2935 3570 3056 3637 quia
3089 3570 3230 3624 circa
3282 3566 3495 3634 puteum

1903 3637 2124 3693 materia
2157 3637 2426 3706 injustitia:
2454 3637 2572 3693 fuit.
2603 3637 2964 3707 Similiterque
2994 3641 3220 3694 ministri
3261 3639 3412 3696 Joabi
3445 3649 3499 3694 et

1905 3709 2176 3780 Ahenneri
2204 3710 2345 3780 circa
2371 3709 2592 3774 fontem,
2613 3718 2669 3762 ut
2693 3709 2864 3762 sciunt
2884 3709 3170 3778 Scriptura:
3195 3711 3371 3780 periti.
3397 3712 3499 3766 sibi

1905 3789 2090 3833 mutuo
2130 3778 2539 3840 insidiabantur,
2567 3788 2622 3833 et
2648 3787 2865 3833 vocatus
2894 3791 2976 3834 est
3006 3781 3174 3844 locus,
3197 3778 3390 3835 ‘Portio
3417 3782 3497 3835 in-

1903 3850 2216 3904 sidiatortnn
2243 3851 2322 3916 (2.
2353 3849 2480 3920 Reg.
2511 3850 2675 3904 2.15.
2707 3851 2820 3918 16).
2846 3849 3077 3904 Rursum
3111 3852 3193 3904 hic
3221 3867 3326 3905 non
3351 3853 3498 3908 locus

1903 3920 2125 3975 insidias
2162 3921 2388 3989 peperit,
2423 3920 2516 3974 sed
2547 3920 2760 3978 occasio
2791 3935 2986 3974 nomen
3020 3922 3137 3975 loco
3178 3921 3386 3976 indidit.
3424 3923 3494 3976 Ita

1903 4000 1957 4045 et
1984 3992 2035 4044 in
2066 3990 2276 4044 Adamo
2302 3989 2499 4044 factum
2530 3999 2638 4044 est.
2669 3989 2801 4056 Quia
2828 3989 2896 4042 ab
2924 4001 3042 4043 ortu
3073 3991 3495 4058 experimentum

1906 4060 2184 4115 habiturus
2212 4069 2344 4123 erat,
2378 4061 2573 4114 bonum
2616 4075 2737 4114 esse
2766 4059 3004 4120 obedire.
3031 4061 3226 4112 malum
3259 4076 3364 4114 non
3395 4063 3494 4114 ob-

1905 4133 2085 4202 sequi;
2116 4131 2236 4186 ideo
2259 4131 2502 4202 arborex
2525 4133 2804 4185 occasione
2833 4144 3027 4186 nomen
3050 4131 3271 4201 accepit.
3303 4131 3494 4190 Verum

1907 4200 2566 4274 lttccltactenusaUtinatn
2596 4217 2722 4254 vero
2751 4218 2846 4254 nos
2871 4218 2898 4274 a
2928 4203 3070 4272 ligno
3099 4200 3189 4256 illo
3211 4204 3494 4274 fugiamus,

1904 4281 1959 4347 et
1984 4272 2048 4326 ad
2075 4273 2276 4347 lignum
2298 4271 2420 4347 vitae
2440 4285 2802 4347 accurramus,
2825 4273 2892 4347 ad
2921 4271 3116 4347 lignum
3141 4271 3334 4340 crucis,
3355 4278 3495 4347 quod

1904 4343 2110 4397 fructus
2141 4342 2361 4416 justitiae
2393 4343 2530 4405 tulit,
2575 4341 2715 4416 quod
2758 4341 3111 4412 virginitatem
3147 4341 3492 4416 germinavit,

1907 4423 1961 4468 et
1987 4414 2389 4486 sanctimoniam
2419 4413 2993 4486 protulit,Afructusque
3019 4413 3195 4471 varios
3218 4413 3492 4486 persolvit,

1905 4484 2088 4538 multis
2102 4483 2432 4547 diversisque
2455 4483 2760 4538 innueribns
2780 4483 3084 4549 comantes;
3107 4483 3231 4540 cuni
3248 4483 3496 4544 videlicet

1906 4555 2100 4627 in_ipsa
2128 4554 2368 4609 sensibili
2393 4553 2659 4627 delixione
2687 4556 2860 4627 crucis
2888 4571 3074 4625 magna
3104 4558 3496 4627 singularisque

1905 4624 2050 4700 salus
2079 4635 2222 4700 parta
2262 4633 2383 4700 est;
2425 4625 2704 4700 non_il_l_am
2736 4624 2878 4688 dico.
2909 4624 3066 4700 quam
3099 4624 3353 4700 Ser'v'ator
3378 4624 3497 4700 my-

1904 4696 2038 4766 stice
2065 4694 2424 4766 diSpensavit,
2450 4694 2554 4766 (sed
2599 4695 2762 4766 illam,
2803 4694 2961 4765 quam
3006 4698 3141 4751 latro
3189 4698 3278 4752 ille
3320 4694 3493 4766 palam

1906 4764 2157 4839 abripuit.
2199 4765 2344 4839 Quia_
2372 4765 2515 4820 enim
2561 4764 2728 4839 Adam
2770 4764 2864 4839 per
2894 4767 3094 4836 lignum
3137 4783 3201 4822 ex
3250 4764 3496 4839 poi-adisti

1904 4835 2231 4909 eiectus_est
2271 4833 2487 4909 (Iustus
2525 4850 2597 4909 es.
2643 4833 2878 4900 Domine,
2919 4833 2967 4890 εἰ
3009 4847 3143 4890 recta
3174 4833 3376 4909 judicia
3405 4851 3495 4894 tua

1906 4903 2076 4978 [PsaL
2109 4906 2233 4960 118.
2266 4903 2393 4978 157]
2417 4917 2468 4973 );
2495 4907 2618 4978 quia
2663 4922 2757 4976 per
2795 4919 3069 4977 peccatum
3110 4903 3270 4963 unum
3321 4911 3494 4966 Adam

1908 4976 2140 5043 ejicitur,
2170 4992 2263 5044 per
2289 4976 2446 5030 unam
2481 4977 2687 5031 fidelem
2726 4976 3116 5034 confessiOnem
3161 4980 3295 5032 latro
3323 4981 3492 5035 intro.

1904 5046 2193 5119 duciturin
2225 5048 2545 5116 paradisum.
2567 5047 2902 5116 (Iruciligoris
2931 5065 3049 5102 cum
3077 5051 3289 5119 iniquis,
3318 5062 3371 5104 et
3395 5052 3497 5105 ini-

1905 5117 2025 5185 quis
2055 5117 2280 5172 salutem
2317 5120 2475 5186 paris.
2507 5119 2640 5172 Dicit
2674 5119 2722 5171 ci
2761 5121 2896 5173 latro
2924 5136 2938 5171 :
2969 5117 3201 5180 Domine.
3246 5133 3494 5176 ntemento

1904 5189 2022 5251 mei,
2045 5203 2160 5240 cum
2190 5189 2381 5242 veneris
2410 5189 2461 5241 in
2489 5204 2695 5260 regnum
2726 5199 2867 5241 tuum
2893 5189 3040 5260 (Luc.
3063 5190 3154 5245 25.
3187 5190 3300 5260 82).
3333 5191 3497 5246 Latro

1904 5268 2049 5312 certe
2073 5260 2172 5312 iste
2199 5275 2303 5312 non
2331 5260 2488 5312 linem
2509 5258 2632 5312 fecit
2654 5258 3022 5322 latrocinandi,
3046 5260 3216 5316 donec
3238 5258 3358 5315 cum
3379 5263 3499 5317 aliis

1907 5328 2068 5382 etiam
2093 5344 2313 5398 regnum
2340 5329 2868 5399 earlorunraln'ipuit.
2903 5331 3054 5384 Alius
3081 5347 3208 5386 vero
3233 5333 3367 5386 latro
3396 5333 3499 5387 Do-

1905 5401 2050 5452 mino
2079 5401 2409 5472 conviciator
2430 5415 2448 5472 7:
2480 5400 2542 5472 Si
2573 5398 2856 5472 ItiliusDet'
2886 5417 2968 5472 es,
3001 5403 3152 5472 gnatoa
3181 5403 3498 5472 temetipsum

1905 5477 1952 5538 et
1977 5483 2066 5538 nos
2095 5467 2256 5537 (Ibid.
2281 5485 2326 5522 υ.
2353 5470 2466 5538 39).
2502 5468 2670 5522 Verba
2705 5471 2926 5524 latronis
2954 5471 3131 5526 aflinia
3163 5486 3284 5527 sunt
3315 5467 3495 5529 verbis

1904 5536 2218 5610 Judarorum
2247 5557 2261 5594 :
2293 5536 2514 5610 nam'et
2530 5538 2620 5610 illi
2650 5538 2898 5594 dicebant
2930 5558 2944 5595 :
2979 5543 3039 5598 Si
3087 5541 3253 5598 Filius
3296 5542 3390 5598 Dei
3423 5560 3498 5610 es,

1905 5609 2151 5679 descende
2185 5609 2248 5662 de
2276 5625 2425 5663 cruce
2465 5608 2671 5679 (Matth.
2709 5610 2798 5664 27.
2829 5612 2945 5677 ιο),
2987 5623 3041 5667 et
3068 5614 3347 5668 oredetnus
3376 5608 3495 5668 tibi.

1910 5678 2096 5753 Viden’
2123 5694 2280 5753 quam
2311 5679 2630 5753 concordem
2662 5680 2890 5735 habeant
2910 5684 3002 5737 lilii
3025 5683 3227 5738 diaboli
3247 5685 3500 5753 impieta-

1909 5751 1978 5804 tis
2005 5749 2378 5820 disciplittam?
2409 5748 2619 5804 Salvum
2641 5755 2744 5822 (ac,
2771 5753 2960 5822 inquit,
2994 5756 3306 5822 temetipsmn
3329 5748 3374 5808 ξι
3408 5769 3501 5810 nos
