4072 6192
573 208 677 265 635

604 324 764 378 Marc.
803 324 885 380 15.
932 321 1040 393 32).
1093 322 1230 391 Quid
1273 337 1401 391 ergo
1430 321 1617 376 beatus
1652 320 1824 393 latro?
1868 319 2147 393 puluinum

614 394 843 459 efendit;
872 403 925 449 et
947 390 1034 462 qui
1060 390 1462 454 damnatus'est,
1487 405 1766 462 personam
1789 390 1982 459 judicis
2001 405 2152 443 assu-

574 465 691 528 tnit,
724 475 777 519 et
821 458 1002 532 incipit
1035 463 1273 531 judicare
1312 462 1362 515 iu
1408 458 1670 515 veritate:
1703 458 1880 532 Neqtte
1917 470 1971 512 tu
2008 461 2150 532 times

496 574 499 577 .
573 534 757 594 Deum,
791 535 909 603 quia
928 530 981 586 in
1007 530 1177 587 eadem
1199 533 1518 584 (tantnatione
1536 548 1731 586 sumus.
1758 531 1822 583 Et
1844 547 1933 584 nos
1949 530 2152 603 quidem

572 605 740 671 jnste;
768 599 883 657 nam
910 604 1061 672 digna
1095 603 1241 671 factis
1265 603 1565 668 recipimus;
1590 602 1670 654 ltic
1695 611 1858 654 autem
1885 600 2008 670 quid
2034 599 2152 668 fec't

573 674 723 737 (Luc.
745 674 835 728 ‘25.
867 674 956 728 40.
982 674 1121 741 tl)?
1150 673 1241 726 Dic
1269 672 1419 741 mihi,
1452 687 1484 725 ο
1519 674 1673 736 latro,
1709 688 1796 726 cut
1831 686 1934 725 nou
1969 684 2152 725 coram

578 745 744 798 Pilato
774 746 1003 798 breviter
1023 738 1297 796 confessus
1318 738 1412 797 es?
1436 756 1531 795 cur
1552 750 1671 810 post
1697 742 1840 795 mille
1862 749 2149 805 tormenta.

575 831 681 867 non
713 825 836 871 tunc
863 813 1063 879 dixisti,
1105 812 1228 880 quid
1261 811 1494 866 feceras?
1525 810 1680 864 Aliud
1707 820 1822 865 erat
1867 812 2026 882 homo
2059 813 2149 882 ju-

573 886 695 947 dex,
722 885 864 938 aliud
909 885 1045 937 Deus
1069 884 1249 950 judex.
1286 883 1362 935 llli
1406 882 1673 952 occultare
1717 881 2015 944 studebam,
2060 881 2149 952 qui

574 970 679 1008 non
712 965 932 1009 noverat
968 969 1087 1021 quze
1127 953 1177 1006 in
1204 952 1369 1006 corde
1397 962 1582 1015 erant;
1619 950 1740 1004 huic
1772 967 1877 1021 non
1914 950 2146 1019 occulto,

574 1031 659 1093 qui
692 1025 742 1077 in
768 1025 928 1078 corda
967 1033 1229 1092 penetral.
1259 1022 1365 1076 Cur
1391 1022 1560 1075 Pilato
1600 1038 1703 1074 non
1744 1021 1976 1093 breviter
2013 1036 2149 1077 con-

575 1091 746 1149 fessus
770 1093 864 1149 es?
892 1095 1022 1159 Quia
1054 1093 1122 1148 ibi
1163 1092 1554 1146 confessionem
1591 1091 1908 1159 sequebatur
1952 1095 2149 1161 suppli-

569 1166 712 1235 cium
749 1184 760 1219 :
796 1163 881 1219 hic
922 1179 1047 1217 vero
1080 1162 1468 1217 confessionem
1509 1163 1747 1235 sequitur
1788 1163 1931 1235 salus
1962 1178 2147 1235 :_uam,

576 1232 672 1286 hic
714 1245 766 1304 tu
799 1235 1087 1304 iniquitates
1120 1244 1233 1287 tuas
1268 1235 1426 1304 prior,
1468 1243 1521 1284 ut
1548 1229 1847 1300 justiﬁceris
1877 1229 2026 1304 (Isai.
2060 1236 2148 1289 45.

572 1305 687 1374 26).
725 1302 920 1359 Videre
966 1305 1122 1373 igitur
1162 1314 1277 1359 erat
1315 1302 1652 1374 Servatorem
1698 1304 1748 1355 in
1786 1303 1971 1374 medio
1989 1302 2152 1357 latro.

576 1372 720 1433 num,
746 1375 926 1443 jugum
949 1372 1168 1444 justitia:
1194 1393 1209 1427 :
1239 1374 1420 1427 videre
1445 1382 1558 1444 erat
1586 1372 1867 1444 librantem
1908 1373 2066 1427 ﬁdem
2097 1383 2151 1428 et

573 1440 1238 1512 infidelitatem,justitiam
1267 1453 1321 1499 et
1342 1443 1669 1509 injustitiam.
1697 1440 1886 1496 Traxit
1916 1444 2147 1498 medium

567 1516 784 1581 justitia:
816 1515 1076 1579 tribunal;
1100 1524 1152 1569 et
1181 1515 1270 1583 qui
1309 1512 1631 1567 infidelitatis
1668 1512 1907 1579 pondere
1936 1528 2149 1583 pressus

570 1593 704 1647 erat,
732 1585 1054 1654 trahebatur,
1091 1584 1181 1654 qui
1206 1582 1336 1637 vero
1365 1583 1466 1636 ﬁde
1502 1582 1743 1637 sublimis
1771 1593 1907 1645 erat,
1937 1582 2149 1638 attolle-

573 1656 741 1707 batur.
775 1652 887 1709 Nos
912 1652 1132 1720 quidem,
1166 1655 1353 1723 inquit,
1389 1654 1542 1724 digna
1568 1654 1714 1724 factis
1739 1654 2041 1723 recipimus;
2070 1656 2150 1708 hic

568 1736 733 1776 autem
760 1724 920 1792 quid?
944 1726 1005 1777 Et
1031 1739 1171 1778 nunc
1201 1725 1372 1787 video,
1407 1725 1501 1790 ait,
1535 1724 1843 1794 injustitiam
1875 1723 2150 1794 ipsamque

569 1795 879 1860 stupendum
906 1795 1138 1861 ;jnsttun
1167 1809 1285 1848 cum
1317 1794 1526 1863 injustis
1550 1793 1881 1857 cruciﬁxum,
1906 1803 1960 1848 et
1985 1796 2150 1863 arqui-

569 1875 728 1916 tati-tu
758 1880 876 1917 cum
902 1865 1175 1934 iniquitate
1206 1864 1432 1933 plexam.
1463 1862 1574 1915 Nos
1593 1864 1795 1933 quidem
1822 1864 1976 1934 digna
2001 1862 2149 1932 factis

568 1933 871 2004 recipimus;
898 1935 978 1986 hic
1019 1944 1183 1989 autem
1212 1935 1332 2003 quid
1366 1933 1525 2005 fecit?
1562 1934 1668 1987 Nos
1690 1935 1884 2005 icmdes
1916 1937 2146 2002 patravi—

571 2020 708 2067 mus,
738 2005 886 2058 vivos
911 2005 1202 2060 occidimus
1229 2022 1242 2057 :
1278 2005 1360 2057 hic
1384 2012 1621 2056 mortuos
1638 2004 1702 2057 ad
1732 2005 1890 2056 vitam
1915 2005 2144 2069 reduxit,

569 2082 623 2126 ct
651 2076 835 2128 mortis
862 2076 967 2129 vim
1009 2076 1208 2131 solvit:
1241 2090 1338 2128 nos
1377 2075 1547 2128 aliena
1584 2075 1888 2141 rapuimus;
1931 2075 2016 2129 hic
2053 2090 2146 2128 sua

567 2160 833 2212 quemque
854 2145 1184 2213 darejuhet:
1215 2160 1311 2197 nos
1337 2159 1452 2207 eos,
1479 2145 1566 2212 qui
1590 2144 1721 2197 nihil
1752 2159 1849 2198 nos
1877 2145 2144 2208 heseranl,

568 2214 859 2285 occidimus
883 2231 896 2275 ;
916 2215 1018 2285 hic
1045 2216 1286 2270 inimicos
1309 2215 1529 2285 diligere
1556 2213 1756 2269 docuit.
1786 2215 2038 2282 lnjustum
2066 2224 2149 2269 est

564 2284 842 2350 judicium.
879 2284 1012 2339 Num
1060 2286 1213 2352 hujus
1243 2300 1402 2353 opera
1434 2285 1711 2353 supplicio,
1746 2294 1926 2340 nostra
1961 2287 2150 2339 remis-

567 2355 717 2407 sione
772 2354 924 2419 digna
981 2358 1157 2409 sunt?
1206 2354 1446 2410 Judicate
1500 2353 1791 2410 secundum
1847 2356 2144 2410 veritatem.

568 2423 805 2495 Nequitia
833 2424 1014 2495 fugiat,
1043 2426 1244 2492 jnstitia
1274 2426 1578 2480 honoretnr.
1610 2426 1801 2480 Verum
1826 2426 1938 2480 haec
1958 2440 2023 2479 ex
2052 2426 2148 2480 .Iu-

566 2493 802 2548 dmorum
837 2493 1068 2566 nequitia
1100 2496 1237 2550 facta
1268 2505 1409 2566 sunt,
1445 2497 1822 2564 impletumque
1848 2504 1929 2549 est
1951 2505 2148 2566 myste-

567 2566 703 2617 rium
728 2564 1115 2633 propheticum,
1141 2566 1284 2620 clare
1308 2566 1373 2618 de
1394 2565 1667 2620 Salvatore
1687 2567 1870 2620 dicens
1899 2583 1915 2618 ς
1941 2564 2149 2618 Etcum

566 2634 2145 2759 ξ’ἱέἕῗέρῖιθῢέἑῗίὲηιῖῖἇρξέῗέ.ἃὲήὲῗιζιῖἲῖἔέῗνδῆξιῧὶἓξὲξ

566 2713 702 2758 stus.
723 2705 826 2760 Sed
849 2705 1033 2760 beatus
1053 2706 1263 2773 quidem
1291 2707 1424 2758 latro
1450 2707 1516 2761 ita
1542 2705 2044 2774 philosophabatur;
2069 2707 2146 2774 sic

566 2785 857 2846 prmscntcs
907 2777 1223 2845 erudiebat,
1272 2777 1397 2830 dum
1451 2773 1603 2831 alteri
1657 2776 2024 2846 exprobraret.
2076 2773 2148 2832 Ut

2109 205 2380 266 SPURIA.

3724 215 3816 271 636

2257 330 2433 374 autent
2472 327 2737 374 mortuum
2765 322 2895 377 vidit
2932 323 3273 391 prmsentium
3314 323 3571 388 auditum,
3606 326 3820 381 vertitur

2256 392 2470 461 demum
2501 392 2747 461 adicum,
2790 396 2879 461 qui
2924 394 3072 448 novit
3114 395 3362 449 interiora
3397 395 3595 460 cordis,
3621 408 3676 449 et
3702 396 3821 453 dicit

2262 460 2529 532 Domino:
2564 460 2793 521 Domine,
2812 460 3063 517 memento
3091 465 3188 518 mei
3215 464 3267 518 in
3296 480 3450 532 regno
3476 475 3582 518 tuo.
3608 466 3821 520 Crucib-

2261 546 2383 585 xum
2417 531 2583 589 vides.
2614 540 2668 585 et
2693 532 2968 585 Dominum
2999 534 3268 588 conﬁteris
3302 554 3315 588 :
3344 531 3581 588 damnati
3612 538 3819 590 tenuant

2261 599 2524 674 vidcstet
2567 601 2725 674 Regis
2751 602 3060 674 dignitatem
3104 605 3397 672 praedicas?
3427 602 3633 674 Ecquid
3673 607 3824 661 mira-

2261 685 2407 747 mur_,_
2434 671 2639 735 fratres,
2681 672 2724 724 si
2755 671 2948 726 Paulus
2976 683 3100 747 post
3108 671 3321 729 tantam
3354 671 3732 747 mysteriorum
3756 676 3824 730 di-
3861 721 3869 729 .

2259 740 2576 813 sciplinaiu,
2623 749 2743 807 post
2786 740 2985 795 tantam
3032 740 3429 798 miraculorum'
3450 746 3821 813 experientiam

2259 810 2400 885 dicat
2429 829 2442 864 :
2566 813 2698 885 enim
2726 814 3089 885 cogitavissent,
3118 830 3388 885 numquam
3417 810 3697 868 Dominum
3725 819 3823 885 glo-

2258 880 2349 932 ria:
2366 882 2730 953 erneiﬁxissent
2755 880 2831 950 (1.
2856 882 2973 938 Cor.
3005 884 3061 938 9.
3086 885 3143 953 8)
3165 886 3189 936 ‘t
3214 880 3326 938 Hoc
3365 885 3557 938 Paulus
3586 880 3824 953 pra-dicat

2260 960 2379 1017 post
2407 959 2550 1025 tanta
2574 952 3088 1025 cognitamysteria,
3126 952 3251 1022 post
3288 954 3544 1009 miracula
3568 952 3626 1010 et
3665 956 3821 1025 signa,

2258 1029 2374 1087 post
2420 1022 2565 1096 mille
2607 1022 2979 1096 operation'es,
3030 1030 3149 1091 post
3200 1026 3672 1096 resurrectionem,
3719 1022 3825 1096 post

2254 1093 2692 1158 assumptionem.
2740 1094 2905 1147 Latro
2945 1102 3142 1155 autem,
3173 1094 3283 1146 visa
3317 1103 3456 1148 tanta
3486 1093 3823 1159 contumelia,

2253 1174 2414 1233 cruce
2430 1161 2940 1233 deﬁxaLDominum
2968 1172 3122 1217 vocat
3142 1179 3281 1227 eum,
3306 1164 3396 1233 qui
3423 1165 3718 1218 cruciﬁxus
3736 1175 3823 1229 est,

2256 1239 2309 1284 et
2337 1231 2465 1285 dicit
2491 1232 2541 1286 ei
2572 1249 2585 1285 :
2620 1232 2853 1299 Domine,
2885 1244 3129 1288 memento
3152 1235 3267 1295 mei,
3299 1231 3412 1287 cum
3452 1236 3648 1288 ueneris
3675 1236 3733 1288 in
3759 1251 3825 1289 re.

2253 1317 2406 1373 gnum
2434 1313 2597 1355 mum.
2627 1303 2763 1373 Quid
2797 1303 3012 1372 dignum
3044 1305 3297 1359 memoria
3329 1304 3541 1357 fecisti?
3569 1305 3703 1373 quid
3733 1320 3825 1359 non

2254 1371 2469 1439 dignum
2497 1370 2758 1440 supplicio
2796 1370 2962 1427 fecisti
2984 1374 3008 1427 ?
3031 1389 3207 1427 annon
3234 1374 3517 1428 occidisti?
3544 1370 3731 1428 annon
3763 1374 3826 1428 fu-

2257 1451 2401 1494 ratus
2430 1443 2530 1495 es‘t
2556 1458 2734 1496 annon
2780 1443 3119 1497 latrocinatus
3160 1445 3260 1497 es?
3286 1444 3561 1498 Sexcentis
3604 1444 3828 1499 imitatus

2255 1510 2409 1566 malis
2435 1527 2589 1580 rogas
2618 1512 2762 1566 illum
2802 1513 3019 1582 justitiie
3061 1512 3280 1575 fontem,
3313 1522 3372 1567 ut
3399 1514 3700 1582 iniquitatis
3742 1522 3828 1567 tua:

2257 1584 2557 1654 ntetni_uerit
2579 1583 2602 1633 ?
2634 1583 2835 1654 Etiam,
2862 1581 3095 1654 Domine,
3113 1586 3282 1654 justus
3310 1599 3381 1647 es,
3407 1594 3453 1637 et
3481 1581 3620 1637 recta
3636 1585 3830 1654 judicia

2256 1661 2340 1702 tua
2367 1650 2540 1721 (Psal.
2576 1653 2693 1707 il8.
2724 1653 2871 1722 157).
2900 1653 3081 1707 Redde
3102 1650 3233 1707 mihi
3261 1654 3553 1708 secundum
3576 1650 3829 1721 justitiam

2252 1730 2420 1775 tuam.
2456 1723 2567 1792 Ego
2595 1723 2698 1776 vidi
2727 1732 2965 1791 apertam
2994 1724 3367 1778 contumeliam
3397 1733 3566 1789 tuam,
3594 1740 3829 1788 crucem,

2254 1800 2309 1845 et
2354 1793 2697 1860 opprobrium
2747 1795 2815 1847 ab
2862 1794 3056 1861 iniquis
3096 1793 3297 1846 illatum
3328 1810 3340 1845 :
3370 1808 3470 1847 nec
3516 1795 3631 1860 jam
3686 1794 3834 1849 video

2254 1873 2494 1933 apertam
2536 1863 2679 1916 illam
2724 1864 3122 1927 contumeliam,
3155 1861 3247 1917 sed
3275 1865 3541 1917 occultum
3588 1879 3834 1933 regnum.

2255 1930 2367 2003 Ego
2393 1948 2510 2001 qua:
2535 1933 2708 1994 video,
2733 1934 2996 1999 despiCit);
3027 1944 3081 1987 tu
3112 1948 3216 1988 non
3247 1934 3474 2003 despicis
3495 1930 3693 2003 aperta
3726 1949 3835 1988 mea

2253 2001 2463 2065 delicta,
2506 2014 2560 2057 et
2588 2005 2783 2058 mentis
2811 2004 2966 2057 ﬁdem
2993 2002 3273 2057 admittis?
3305 2001 3559 2057 Memento
3589 2005 3716 2066 mei,
3743 2003 3836 2056 Do-

2255 2073 2404 2144 mine.
2437 2074 2480 2127 Ο
2499 2074 2699 2140 justum
2717 2074 3007 2141 judicium!
3036 2073 3298 2128 Memento
3324 2076 3425 2126 mei
3453 2074 3505 2144 in
3530 2090 3706 2144 regno
3730 2085 3835 2127 tuo.

2253 2143 2365 2197 Non
2408 2144 2795 2210 essetjustum,
2830 2144 3076 2207 Domine,
3116 2144 3240 2198 dum
3288 2143 3534 2198 diabolus
3561 2143 3735 2198 unum
3779 2159 3835 2198 cx

2253 2214 2527 2282 discipulis
2554 2214 2876 2283 proditorem
2909 2214 3048 2279 facit,
3078 2223 3130 2269 te
3153 2229 3315 2267 unum
3340 2213 3713 2284 exdiscipulis
3734 2216 3838 2267 dia-

2256 2285 2362 2339 boli
2396 2301 2499 2338 non
2529 2282 2733 2338 mutare
2762 2286 2813 2337 in
2843 2285 3249 2354 evangelistam.
3283 2282 3614 2354 Discipuluin
3644 2286 3837 2340 verita-

2256 2357 2322 2409 tis
2351 2355 2525 2424 rapuit
2551 2355 2824 2423 injustitia,
2846 2364 2901 2409 et
2925 2352 3237 2422 discipulum
3276 2352 3548 2422 injustititn
3581 2370 3694 2409 non
3725 2371 3839 2419 inu-_

2254 2425 2385 2479 tabit
2417 2423 2676 2479 veritas?
2724 2424 2913 2480 Nonne
2964 2434 3016 2478 tu
3065 2439 3163 2490 es,
3215 2423 3457 2486 Domine,
3519 2426 3613 2493 qui
3668 2435 3836 2479 mutas

2256 2496 2502 2549 tenebras
2529 2495 2579 2548 in
2609 2495 2802 2557 lucem,
2832 2506 2888 2550 et
2915 2503 3147 2549 tortuosa
3176 2498 3228 2548 in
3255 2504 3455 2548 rectam
3481 2496 3625 2549 viam
3647 2496 3674 2547 ἲ
3702 2494 3833 2549 luta

2253 2580 2465 2635 quoque
2494 2566 2752 2621 latronem
2782 2566 2834 2619 in
2862 2565 3259 2634 evangelistam,
3291 2565 3447 2618 vince
3476 2564 3727 2620 bonitate
3753 2583 3833 2619 ne-

2253 2636 2496 2704 quitiam,
2527 2636 2807 2705 exstingue
2833 2635 3031 2706 iustitia
3063 2635 3498 2706 iniquitatem,qct
3529 2635 3597 2706 da
3619 2636 3827 2704 ειμι-ἰδίη

2252 2703 2560 2775 benignitati
2590 2703 2897 2775 tuae,'qua'm
2925 2704 3076 2761 decet
3099 2703 3267 2775 gleria
3295 2715 3351 2759 et
3372 2703 3707 2761 adoratio’iu
3738 2721 3829 2760 se-

2254 2776 2373 2830 cula
2402 2775 2739 2832 saeculorum.
2767 2777 2960 2835 Amen.

618 3534 725 3568 ε...
738 3532 2153 3549 “Wm—

2261 3530 3581 3557 ————-————-————-——-—«-———-————-—-—————...v
3584 3536 3601 3542 Α
3692 3533 3820 3557 ...⁵³

1749 3713 2128 3787 MONITUM
2171 3716 2253 3776 IN
2293 3715 2705 3778 HOMILIAM

610 3910 616 3917 .
673 3871 747 3928 De
782 3874 881 3928 hac
911 3890 1007 3929 seu
1040 3873 1258 3929 homilia
1285 3891 1379 3930 seu
1413 3873 1792 3931 dissertatione
1837 3876 1942 3932 hoc
1984 3878 2106 3933 tulit
2129 3878 2391 3948 judicium
2433 3878 2683 3944 Savilius,
2721 3886 2851 3933 tom.
2881 3876 3017 3942 Vill,
3046 3879 3149 3933 col.
3186 3877 3288 3933 746
3316 3895 3330 3931 :
3365 3875 3595 3931 Homilia
3648 3875 3865 3929 erudite

601 3966 811 4037 quidem
846 3966 938 4019 illa
976 3975 1025 4019 et
1071 3978 1222 4020 acute
1257 3976 1516 4031 contexta,
1556 3969 1646 4021 sed
1687 3968 1830 4021 nullo
1866 3970 2015 4023 modo
2043 3968 2266 4024 Joannis
2305 3970 2486 4035 nostri,
2533 3978 2627 4022 aut
2666 3970 2721 4021 in
2759 3969 2930 4022 dubiis
2962 3968 3167 4033 saltem,
3210 3978 3303 4022 aut
3347 3969 3399 4021 in
3430 3965 3865 4037 ἀμφιδαλλομὲο

600 4075 732 4122 νοις,
778 4057 1139 4128 relinquenda.
1192 4058 1336 4113 Adde
1361 4060 1498 4131 quod
1526 4060 1838 4131 quibusdam
1868 4062 1920 4114 iu
1957 4061 2080 4115 locis
2112 4062 2208 4115 sibi
2232 4063 2346 4131 ipsa
2376 4077 2612 4131 pugnare
2636 4061 2859 4123 videtur,
2898 4061 2954 4113 in
2992 4060 3114 4115 aliis
3140 4060 3371 4113 veritati.
3419 4060 3622 4114 Secum
3651 4066 3864 4128 pugnat

602 4147 840 4203 humilia:
865 4158 1072 4215 auctor,
1107 4165 1228 4204 cum
1262 4160 1383 4221 post
1407 4151 1627 4205 allatum
1654 4152 1880 4206 Joannis
1907 4154 2084 4207 locum
2119 4152 2209 4223 (Et
2242 4154 2368 4206 vidit
2397 4163 2445 4206 et
2479 4153 2720 4206 credidit.
2768 4152 3014 4205 Nondum
3045 4153 3182 4206 enim
3223 4152 3454 4204 sciebant
3489 4148 3858 4220 Scripturam,

600 4240 724 4307 quia
753 4240 1022 4308 oportebat
1054 4257 1170 4294 eum
1204 4258 1235 4293 a
1267 4243 1484 4295 mortuis
1518 4258 1808 4313 resurgere.
1847 4243 2096 4297 Abierant
2129 4261 2248 4316 ergo
2272 4244 2463 4297 iterum
2492 4243 2733 4312 discipuli
2757 4244 2828 4297 ad
2858 4240 3181 4312 semetipsos)
3214 4241 3398 4311 adjicit
3431 4241 3568 4311 ipse,
3614 4241 3771 4297 Nihil
3798 4246 3866 4298 de

603 4332 977 4385 resurrectione
1005 4333 1302 4395 credentes;
1341 4349 1462 4388 cum
1494 4334 1607 4404 ipse
1637 4335 1875 4390 Joannes
1902 4336 1969 4391 de
1995 4352 2053 4391 se
2081 4336 2307 4405 loquens
2335 4336 2499 4401 dicat,
2529 4335 2647 4404 ipso
2676 4333 2965 4398 referente,
2999 4334 3071 4389 Et
3097 4333 3225 4387 vidit
3252 4342 3300 4387 et
3327 4331 3591 4397 credidit;
3626 4348 3860 4406 netnpe,

605 4429 665 4475 ut
694 4421 825 4476 vidit
854 4432 1266 4478 monumentum
1297 4440 1547 4492 vacuum,
1580 4427 2028 4482 resurrectionem
2056 4428 2304 4484 credidit.
2332 4428 2467 4483 Nam
2496 4427 2640 4497 quod
2674 4426 2882 4498 adjicit,
2915 4426 3159 4487 Nondum
3189 4425 3329 4480 enim
3350 4425 3582 4480 sciebant
3611 4424 3865 4499 Scriptu-

606 4528 743 4579 ram,
773 4522 904 4582 etc.,
940 4516 1007 4572 ad
1037 4525 1250 4586 tempus
1278 4519 1613 4588 praecedens,
1646 4529 1707 4574 ut
1730 4520 1917 4591 liquet,
1943 4521 2285 4577 referendum
2310 4530 2414 4578 est.

617 4694 635 4700 -
648 4691 1408 4701 ’δῄῳ-...ηεσι-

2078 4696 2369 4703 Ἥ

605 4769 672 4815 ια
713 4771 1029 4816 MULIERES
1072 4772 1214 4825 ουλε
1256 4772 1594 4816 UNGUENTA
1639 4772 2059 4818 ATTULERUNT
2105 4776 2119 4817 ζ

2289 4777 2457 4830 QUOD
2501 4778 2700 4819 NULLA
2749 4775 3114 4820 DIVERSITAS
3162 4775 3280 4817 νει.
3320 4774 3527 4818 PUGIA
3574 4772 3883 4818 REPIIIA‘

868 4874 997 4916 TUR
1027 4873 1219 4915 INTER
1254 4871 1718 4916 EVANGELISTAS
1761 4873 1947 4916 CIBCA
1993 4876 2566 4920 RESUBRECTIONEM
2612 4878 2836 4919 DOMINI
2885 4875 3102 4919 NOSTRI
3145 4875 3293 4918 JESU
3337 4875 3614 4918 CHRISTI.

1888 5018 2145 5038 -——-—-
2166 5005 2322 5061 metu

673 5131 725 5184 1.
774 5131 884 5199 Age
924 5128 991 5183 de
1034 5128 1477 5198 cvangelistarum
1520 5129 1737 5183 historia
1776 5130 1914 5184 circa
1945 5139 2182 5184 sanctam

599 5199 795 5255 Christi
829 5201 1273 5256 resurrectionem
1307 5215 1468 5267 pauca
1499 5208 1691 5253 vestrm
1720 5201 1924 5254 caritati
1954 5201 2185 5255 dissera-

600 5284 739 5334 mus,
768 5272 1219 5338 ostendamusque
1255 5270 1452 5331 nullam
1483 5286 1543 5323 ea
1574 5270 1640 5323 de
1671 5285 1728 5323 re
1751 5271 1889 5335 apud
1913 5271 2185 5340 cvangeli-

601 5349 711 5391 stas
740 5340 1058 5394 discordiam
1085 5340 1165 5394 vel
1184 5355 1407 5409 pugnam
1438 5341 1826 5406 reperiri.0uia
1841 5342 1982 5393 enim
2004 5342 2100 5394 hac
2115 5340 2184 5395 de

604 5410 850 5480 reﬂvario
894 5410 1052 5464 modo
1098 5411 1300 5480 loquuti
1333 5419 1457 5465 sunt
1496 5421 1725 5477 quatuor
1752 5410 1846 5473 illi,
1891 5412 2062 5463 visum
2102 5420 2184 5465 est

601 5478 917 5549 quibusdam
950 5478 1336 5549 insipientibus,
1366 5480 1417 5534 iu
1457 5481 1557 5534 hac
1584 5481 1894 5535 recensione
1929 5495 2178 5548 pugnam,

601 5546 711 5621 imo
734 5546 1068 5621 mendacium
1102 5551 1451 5621 deprehendi.
1483 5551 1665 5621 Sancti,
1699 5566 1825 5604 vero
1866 5546 2049 5605 Patres
2089 5546 2183 5603 no-

599 5619 698 5674 stri
743 5619 926 5688 paucis
972 5619 1188 5676 illorqu
1221 5622 1496 5678 stultitiam
1542 5620 1880 5676 confutet-unt
1919 5620 2177 5689 dicentes,

2335 5027 2656 5046 ’Ἦ

2288 5131 2522 5201 singulos
2552 5133 2905 5203 evangelistas
2935 5134 3168 5203 singulas
3208 5133 3567 5203 profectiones
3595 5138 3887 5192 mulierum

2288 5211 2343 5254 et
2386 5205 2750 5272 apostolorum
2792 5205 2859 5258 ad
2907 5204 3144 5259 divinum
3190 5207 3494 5274 sepulcrum
3539 5210 3883 5261 narravisse.

2288 5285 2406 5340 qua:
2436 5274 2679 5345 diversis
2728 5275 2875 5329 fuere
2918 5275 3285 5345 temporibus;
3331 5276 3640 5345 nullumque
3694 5287 3882 5330 eorum

2288 5343 2594 5397 meminisse
2630 5360 2748 5413 quas
2800 5346 2852 5398 in
2895 5344 3115 5399 alterius
3163 5346 3470 5400 narratione
3526 5343 3870 5402 ferebantur.

2287 5413 2622 5467 sanctissimo
2651 5415 2872 5482 Spiritu,
2901 5417 2988 5484 qui
3015 5430 3110 5483 per
3135 5415 3280 5484 ipsos
3306 5414 3642 5484 tequebatur,
3675 5417 3749 5470 ita
3777 5413 3872 5468 dis

2289 5492 2564 5550 pensante,
2617 5494 2671 5537 ut
2701 5484 2831 5537 nihil
2872 5493 2996 5538 tunc
3033 5495 3305 5554 gestorum
3349 5489 3871 5554 prater-mitteretur.

2289 5561 2491 5607 etcum
2522 5570 2711 5607 onmes
2749 5555 2945 5609 diversi
2976 5552 3233 5624 temporis
3271 5552 3549 5609 historiam
3595 5572 3663 5625 pe

2287 5634 2494 5684 rentur.
2527 5626 2702 5679 omnis
2730 5625 3049 5698 susipiciouis
3090 5628 3368 5680 materiam
3412 5626 3731 5698 effugerent.
3782 5625 3873 5679 Ve
