  <div class='ocr_page' id='page_1' title='image "/cluster/home/n/w/nwhite01/storage/ocr_20150623/59/hvd.32044052786589/656.png"; bbox 0 0 3956 6200; ppageno 0'>
   <div class='ocr_carea' id='block_1_1' title="bbox 162 249 265 307">
    <p class='ocr_par' dir='ltr' id='par_1_1' title="bbox 162 249 265 307">
     <span class='ocr_line' id='line_1_1' title="bbox 162 249 265 307; baseline 0 0"><span class='ocrx_word' id='word_1_1' title='bbox 162 249 265 307; x_wconf 72' lang='lat'><strong>653</strong></span> 
     </span>
    </p>
   </div>
   <div class='ocr_carea' id='block_1_2' title="bbox 1041 239 2509 308">
    <p class='ocr_par' dir='ltr' id='par_1_2' title="bbox 1041 239 2509 308">
     <span class='ocr_line' id='line_1_2' title="bbox 1041 239 2509 308; baseline -0.003 -6"><span class='ocrx_word' id='word_1_2' title='bbox 1041 247 1106 302; x_wconf 71' lang='lat' dir='ltr'><strong>IN</strong></span> <span class='ocrx_word' id='word_1_3' title='bbox 1145 245 1596 303; x_wconf 67' lang='grc' dir='ltr'><strong>ΟΙΙΑΝΑΝᾸΞΛΜ</strong></span> <span class='ocrx_word' id='word_1_4' title='bbox 1634 244 1720 301; x_wconf 82' lang='grc' dir='ltr'><strong>ΕΤ</strong></span> <span class='ocrx_word' id='word_1_5' title='bbox 1760 245 1829 302; x_wconf 84' lang='grc' dir='ltr'><strong>ΙΝ</strong></span> <span class='ocrx_word' id='word_1_6' title='bbox 1868 240 2317 308; x_wconf 67' lang='grc' dir='ltr'><strong>ΡΠΑΙῙΑΟΝΕΜ,</strong></span> <span class='ocrx_word' id='word_1_7' title='bbox 2358 239 2509 298; x_wconf 80' lang='lat' dir='ltr'><strong>ETC.</strong></span> 
     </span>
    </p>
   </div>
   <div class='ocr_carea' id='block_1_3' title="bbox 3296 235 3399 297">
    <p class='ocr_par' dir='ltr' id='par_1_3' title="bbox 3296 235 3399 297">
     <span class='ocr_line' id='line_1_3' title="bbox 3296 235 3399 297; baseline 0 0"><span class='ocrx_word' id='word_1_8' title='bbox 3296 235 3399 297; x_wconf 72' lang='grc' dir='ltr'><strong>εει</strong></span> 
     </span>
    </p>
   </div>
   <div class='ocr_carea' id='block_1_4' title="bbox 164 394 3407 432">
    <p class='ocr_par' dir='ltr' id='par_1_4' title="bbox 164 394 3407 432">
     <span class='ocr_line' id='line_1_4' title="bbox 164 394 3407 432; baseline -0.003 -1"><span class='ocrx_word' id='word_1_9' title='bbox 164 394 3407 432; x_wconf 50' lang='lat' dir='ltr'><strong>EW.A</strong></span> 
     </span>
    </p>
   </div>
   <div class='ocr_carea' id='block_1_5' title="bbox 1239 542 2341 624">
    <p class='ocr_par' dir='ltr' id='par_1_5' title="bbox 1239 542 2341 624">
     <span class='ocr_line' id='line_1_5' title="bbox 1239 542 2341 624; baseline 0.001 -15"><span class='ocrx_word' id='word_1_10' title='bbox 1239 544 1317 613; x_wconf 84' lang='lat' dir='ltr'><strong>IN</strong></span> <span class='ocrx_word' id='word_1_11' title='bbox 1361 542 1836 624; x_wconf 76' lang='lat' dir='ltr'><strong>SEQUENTEM</strong></span> <span class='ocrx_word' id='word_1_12' title='bbox 1874 544 2341 612; x_wconf 79' lang='lat' dir='ltr'><strong>SERMONEM.</strong></span> 
     </span>
    </p>
   </div>
   <div class='ocr_carea' id='block_1_6' title="bbox 158 702 1712 785">
    <p class='ocr_par' dir='ltr' id='par_1_6' title="bbox 158 708 1712 785">
     <span class='ocr_line' id='line_1_6' title="bbox 158 708 1712 785; baseline -0.006 -13"><span class='ocrx_word' id='word_1_13' title='bbox 158 717 364 785; x_wconf 84' lang='lat' dir='ltr'><strong>horret,</strong></span> <span class='ocrx_word' id='word_1_14' title='bbox 399 719 471 773; x_wconf 88' lang='lat' dir='ltr'><strong>ita</strong></span> <span class='ocrx_word' id='word_1_15' title='bbox 501 726 561 773; x_wconf 91' lang='grc' dir='ltr'><strong>ιιι</strong></span> <span class='ocrx_word' id='word_1_16' title='bbox 584 731 685 772; x_wconf 91' lang='lat' dir='ltr'><strong>nec</strong></span> <span class='ocrx_word' id='word_1_17' title='bbox 707 715 847 771; x_wconf 90' lang='lat' dir='ltr'><strong>inter</strong></span> <span class='ocrx_word' id='word_1_18' title='bbox 867 708 1317 785; x_wconf 72' lang='grc' dir='ltr'><strong>ἁμιριϐαλλόμενα</strong></span> <span class='ocrx_word' id='word_1_19' title='bbox 1346 710 1625 767; x_wconf 87' lang='lat' dir='ltr'><strong>accenseri</strong></span> <span class='ocrx_word' id='word_1_20' title='bbox 1649 725 1712 765; x_wconf 71' lang='lat' dir='ltr'><strong>mi</strong></span> 
     </span>
    </p>
   </div>
   <div class='ocr_carea' id='block_1_7' title="bbox 1820 702 3411 785">
    <p class='ocr_par' dir='ltr' id='par_1_7' title="bbox 1820 702 3411 783">
     <span class='ocr_line' id='line_1_7' title="bbox 1820 702 3411 783; baseline -0.002 -17"><span class='ocrx_word' id='word_1_21' title='bbox 1820 721 1940 776; x_wconf 76' lang='lat' dir='ltr'><strong>itur,</strong></span> <span class='ocrx_word' id='word_1_22' title='bbox 1971 720 2029 765; x_wconf 88' lang='lat' dir='ltr'><strong>ut</strong></span> <span class='ocrx_word' id='word_1_23' title='bbox 2056 702 2387 766; x_wconf 82' lang='lat' dir='ltr'><strong>existimabit</strong></span> <span class='ocrx_word' id='word_1_24' title='bbox 2412 704 2553 766; x_wconf 87' lang='lat' dir='ltr'><strong>haud</strong></span> <span class='ocrx_word' id='word_1_25' title='bbox 2578 706 2740 767; x_wconf 87' lang='lat' dir='ltr'><strong>dubie</strong></span> <span class='ocrx_word' id='word_1_26' title='bbox 2769 704 3013 783; x_wconf 84' lang='lat' dir='ltr'><strong>quisquis</strong></span> <span class='ocrx_word' id='word_1_27' title='bbox 3044 708 3411 783; x_wconf 75' lang='lat' dir='ltr'><strong>Chrysostoml</strong></span> 
     </span>
    </p>
   </div>
   <div class='ocr_carea' id='block_1_8' title="bbox 160 806 3405 883">
    <p class='ocr_par' dir='ltr' id='par_1_8' title="bbox 160 806 3405 883">
     <span class='ocr_line' id='line_1_8' title="bbox 160 806 3405 883; baseline -0.002 -16"><span class='ocrx_word' id='word_1_28' title='bbox 160 814 428 868; x_wconf 80' lang='lat' dir='ltr'><strong>orationes</strong></span> <span class='ocrx_word' id='word_1_29' title='bbox 454 812 538 868; x_wconf 97' lang='lat' dir='ltr'><strong>vel</strong></span> <span class='ocrx_word' id='word_1_30' title='bbox 566 811 893 883; x_wconf 90' lang='lat' dir='ltr'><strong>primoribus</strong></span> <span class='ocrx_word' id='word_1_31' title='bbox 930 809 1093 865; x_wconf 87' lang='lat' dir='ltr'><strong>labris</strong></span> <span class='ocrx_word' id='word_1_32' title='bbox 1123 808 1356 881; x_wconf 85' lang='lat' dir='ltr'><strong>attigerit</strong></span> <span class='ocrx_word' id='word_1_33' title='bbox 1394 826 1407 862; x_wconf 90' lang='lat'><strong>:</strong></span> <span class='ocrx_word' id='word_1_34' title='bbox 1441 823 1504 863; x_wconf 88' lang='lat' dir='ltr'><strong>ac</strong></span> <span class='ocrx_word' id='word_1_35' title='bbox 1532 806 1616 861; x_wconf 90' lang='lat' dir='ltr'><strong>vel</strong></span> <span class='ocrx_word' id='word_1_36' title='bbox 1644 822 1710 862; x_wconf 88' lang='lat' dir='ltr'><strong>ex</strong></span> <span class='ocrx_word' id='word_1_37' title='bbox 1739 808 1855 877; x_wconf 92' lang='lat' dir='ltr'><strong>ipso</strong></span> <span class='ocrx_word' id='word_1_38' title='bbox 1885 807 2130 861; x_wconf 74' lang='lat' dir='ltr'><strong>ordiendi</strong></span> <span class='ocrx_word' id='word_1_39' title='bbox 2169 808 2329 861; x_wconf 90' lang='lat' dir='ltr'><strong>modo</strong></span> <span class='ocrx_word' id='word_1_40' title='bbox 2357 807 2519 861; x_wconf 90' lang='lat' dir='ltr'><strong>alium</strong></span> <span class='ocrx_word' id='word_1_41' title='bbox 2554 808 2926 879; x_wconf 76' lang='lat' dir='ltr'><strong>deprehendet</strong></span> <span class='ocrx_word' id='word_1_42' title='bbox 2956 818 3247 863; x_wconf 86' lang='lat' dir='ltr'><strong>oratorem.</strong></span> <span class='ocrx_word' id='word_1_43' title='bbox 3286 808 3405 861; x_wconf 65' lang='lat' dir='ltr'><strong>Cat-</strong></span> 
     </span>
    </p>
   </div>
   <div class='ocr_carea' id='block_1_9' title="bbox 161 898 3411 971">
    <p class='ocr_par' dir='ltr' id='par_1_9' title="bbox 161 898 3411 971">
     <span class='ocr_line' id='line_1_9' title="bbox 161 898 3411 971; baseline -0.001 -12"><span class='ocrx_word' id='word_1_44' title='bbox 161 914 335 959; x_wconf 89' lang='lat' dir='ltr'><strong>terum</strong></span> <span class='ocrx_word' id='word_1_45' title='bbox 370 920 477 959; x_wconf 93' lang='lat' dir='ltr'><strong>non</strong></span> <span class='ocrx_word' id='word_1_46' title='bbox 522 904 772 959; x_wconf 73' lang='lat' dir='ltr'><strong>indoctus</strong></span> <span class='ocrx_word' id='word_1_47' title='bbox 800 912 884 958; x_wconf 90' lang='lat' dir='ltr'><strong>est</strong></span> <span class='ocrx_word' id='word_1_48' title='bbox 914 902 1146 971; x_wconf 79' lang='lat' dir='ltr'><strong>scriptor</strong></span> <span class='ocrx_word' id='word_1_49' title='bbox 1175 901 1296 964; x_wconf 89' lang='lat' dir='ltr'><strong>iste,</strong></span> <span class='ocrx_word' id='word_1_50' title='bbox 1345 909 1401 954; x_wconf 91' lang='lat' dir='ltr'><strong>et</strong></span> <span class='ocrx_word' id='word_1_51' title='bbox 1448 899 1574 954; x_wconf 89' lang='lat' dir='ltr'><strong>licet</strong></span> <span class='ocrx_word' id='word_1_52' title='bbox 1613 898 1917 954; x_wconf 86' lang='lat' dir='ltr'><strong>innumeris</strong></span> <span class='ocrx_word' id='word_1_53' title='bbox 1958 898 2377 969; x_wconf 82' lang='lat' dir='ltr'><strong>repetitionibus</strong></span> <span class='ocrx_word' id='word_1_54' title='bbox 2424 910 2683 954; x_wconf 78' lang='lat' dir='ltr'><strong>nauseam</strong></span> <span class='ocrx_word' id='word_1_55' title='bbox 2717 902 2913 970; x_wconf 83' lang='lat' dir='ltr'><strong>pariat,</strong></span> <span class='ocrx_word' id='word_1_56' title='bbox 2952 912 3096 955; x_wconf 90' lang='lat' dir='ltr'><strong>recte</strong></span> <span class='ocrx_word' id='word_1_57' title='bbox 3124 902 3316 971; x_wconf 82' lang='lat' dir='ltr'><strong>probat</strong></span> <span class='ocrx_word' id='word_1_58' title='bbox 3347 917 3411 955; x_wconf 78' lang='lat' dir='ltr'><strong>ex</strong></span> 
     </span>
    </p>
   </div>
   <div class='ocr_carea' id='block_1_10' title="bbox 162 992 3413 1068">
    <p class='ocr_par' dir='ltr' id='par_1_10' title="bbox 162 992 3413 1068">
     <span class='ocr_line' id='line_1_10' title="bbox 162 992 3413 1068; baseline -0.001 -15"><span class='ocrx_word' id='word_1_59' title='bbox 162 999 247 1053; x_wconf 87' lang='lat' dir='ltr'><strong>his</strong></span> <span class='ocrx_word' id='word_1_60' title='bbox 278 998 515 1068; x_wconf 80' lang='lat' dir='ltr'><strong>Apostoli</strong></span> <span class='ocrx_word' id='word_1_61' title='bbox 546 998 725 1053; x_wconf 90' lang='lat' dir='ltr'><strong>verbis</strong></span> <span class='ocrx_word' id='word_1_62' title='bbox 756 1015 769 1051; x_wconf 91' lang='lat'><strong>:</strong></span> <span class='ocrx_word' id='word_1_63' title='bbox 802 996 923 1051; x_wconf 80' lang='lat' dir='ltr'><strong>Non</strong></span> <span class='ocrx_word' id='word_1_64' title='bbox 953 1008 1027 1051; x_wconf 86' lang='lat' dir='ltr'><strong>est</strong></span> <span class='ocrx_word' id='word_1_65' title='bbox 1050 995 1265 1051; x_wconf 77' lang='lat' dir='ltr'><strong>uolentis</strong></span> <span class='ocrx_word' id='word_1_66' title='bbox 1290 1009 1452 1064; x_wconf 75' lang='lat' dir='ltr'><strong>neque</strong></span> <span class='ocrx_word' id='word_1_67' title='bbox 1475 992 1751 1059; x_wconf 81' lang='lat' dir='ltr'><strong>currentis,</strong></span> <span class='ocrx_word' id='word_1_68' title='bbox 1775 995 1866 1049; x_wconf 85' lang='lat' dir='ltr'><strong>sed</strong></span> <span class='ocrx_word' id='word_1_69' title='bbox 1893 994 2186 1048; x_wconf 71' lang='lat' dir='ltr'><strong>miserentis</strong></span> <span class='ocrx_word' id='word_1_70' title='bbox 2213 1004 2285 1047; x_wconf 84' lang='lat' dir='ltr'><strong>est</strong></span> <span class='ocrx_word' id='word_1_71' title='bbox 2321 992 2436 1057; x_wconf 86' lang='lat' dir='ltr'><strong>Dei,</strong></span> <span class='ocrx_word' id='word_1_72' title='bbox 2468 1010 2577 1048; x_wconf 89' lang='lat' dir='ltr'><strong>non</strong></span> <span class='ocrx_word' id='word_1_73' title='bbox 2602 995 2751 1065; x_wconf 91' lang='lat' dir='ltr'><strong>sequi</strong></span> <span class='ocrx_word' id='word_1_74' title='bbox 2785 996 3056 1050; x_wconf 83' lang='lat' dir='ltr'><strong>hominem</strong></span> <span class='ocrx_word' id='word_1_75' title='bbox 3084 998 3175 1066; x_wconf 79' lang='lat' dir='ltr'><strong>qui</strong></span> <span class='ocrx_word' id='word_1_76' title='bbox 3204 1006 3413 1067; x_wconf 85' lang='lat' dir='ltr'><strong>peccat,</strong></span> 
     </span>
    </p>
   </div>
   <div class='ocr_carea' id='block_1_11' title="bbox 160 1086 3417 1159">
    <p class='ocr_par' dir='ltr' id='par_1_11' title="bbox 160 1086 3417 1159">
     <span class='ocr_line' id='line_1_11' title="bbox 160 1086 3417 1159; baseline -0 -15"><span class='ocrx_word' id='word_1_77' title='bbox 160 1090 316 1159; x_wconf 91' lang='lat' dir='ltr'><strong>culpa</strong></span> <span class='ocrx_word' id='word_1_78' title='bbox 351 1090 581 1146; x_wconf 90' lang='lat' dir='ltr'><strong>liberum</strong></span> <span class='ocrx_word' id='word_1_79' title='bbox 619 1104 772 1156; x_wconf 89' lang='lat' dir='ltr'><strong>esse;</strong></span> <span class='ocrx_word' id='word_1_80' title='bbox 820 1088 914 1144; x_wconf 90' lang='lat' dir='ltr'><strong>sed</strong></span> <span class='ocrx_word' id='word_1_81' title='bbox 945 1101 1009 1143; x_wconf 81' lang='lat' dir='ltr'><strong>ex</strong></span> <span class='ocrx_word' id='word_1_82' title='bbox 1043 1088 1337 1144; x_wconf 88' lang='lat' dir='ltr'><strong>voluntatis</strong></span> <span class='ocrx_word' id='word_1_83' title='bbox 1371 1101 1484 1141; x_wconf 64' lang='lat' dir='ltr'><strong>suae</strong></span> <span class='ocrx_word' id='word_1_84' title='bbox 1530 1086 1829 1158; x_wconf 89' lang='lat' dir='ltr'><strong>proposito,</strong></span> <span class='ocrx_word' id='word_1_85' title='bbox 1865 1086 1967 1142; x_wconf 87' lang='lat' dir='ltr'><strong>sibi</strong></span> <span class='ocrx_word' id='word_1_86' title='bbox 2012 1086 2309 1157; x_wconf 87' lang='lat' dir='ltr'><strong>perniciem</strong></span> <span class='ocrx_word' id='word_1_87' title='bbox 2340 1094 2397 1140; x_wconf 88' lang='lat' dir='ltr'><strong>et</strong></span> <span class='ocrx_word' id='word_1_88' title='bbox 2439 1086 2717 1142; x_wconf 86' lang='lat' dir='ltr'><strong>interitum</strong></span> <span class='ocrx_word' id='word_1_89' title='bbox 2767 1104 2976 1157; x_wconf 89' lang='lat' dir='ltr'><strong>parcre,</strong></span> <span class='ocrx_word' id='word_1_90' title='bbox 3025 1089 3169 1158; x_wconf 91' lang='lat' dir='ltr'><strong>quod</strong></span> <span class='ocrx_word' id='word_1_91' title='bbox 3204 1106 3268 1145; x_wconf 87' lang='lat' dir='ltr'><strong>ex</strong></span> <span class='ocrx_word' id='word_1_92' title='bbox 3299 1090 3417 1145; x_wconf 85' lang='lat' dir='ltr'><strong>aliis</strong></span> 
     </span>
    </p>
   </div>
   <div class='ocr_carea' id='block_1_12' title="bbox 164 1181 2636 1257">
    <p class='ocr_par' dir='ltr' id='par_1_12' title="bbox 164 1181 2636 1257">
     <span class='ocr_line' id='line_1_12' title="bbox 164 1181 2636 1257; baseline -0.001 -16"><span class='ocrx_word' id='word_1_93' title='bbox 164 1184 459 1256; x_wconf 60' lang='lat' dir='ltr'><strong>Scriptura:</strong></span> <span class='ocrx_word' id='word_1_94' title='bbox 485 1184 644 1241; x_wconf 91' lang='lat' dir='ltr'><strong>dictis</strong></span> <span class='ocrx_word' id='word_1_95' title='bbox 670 1192 727 1240; x_wconf 91' lang='lat' dir='ltr'><strong>et</strong></span> <span class='ocrx_word' id='word_1_96' title='bbox 753 1184 1013 1257; x_wconf 72' lang='lat' dir='ltr'><strong>exemplis</strong></span> <span class='ocrx_word' id='word_1_97' title='bbox 1036 1181 1338 1251; x_wconf 85' lang='lat' dir='ltr'><strong>confirmat,</strong></span> <span class='ocrx_word' id='word_1_98' title='bbox 1384 1198 1449 1240; x_wconf 90' lang='lat' dir='ltr'><strong>ac</strong></span> <span class='ocrx_word' id='word_1_99' title='bbox 1479 1182 1807 1257; x_wconf 80' lang='lat' dir='ltr'><strong>syllogistico</strong></span> <span class='ocrx_word' id='word_1_100' title='bbox 1834 1194 1984 1240; x_wconf 87' lang='lat' dir='ltr'><strong>more</strong></span> <span class='ocrx_word' id='word_1_101' title='bbox 2019 1182 2337 1255; x_wconf 84' lang='lat' dir='ltr'><strong>plerumque</strong></span> <span class='ocrx_word' id='word_1_102' title='bbox 2376 1184 2636 1254; x_wconf 84' lang='lat' dir='ltr'><strong>procedit.</strong></span> 
     </span>
    </p>
   </div>
   <div class='ocr_carea' id='block_1_13' title="bbox 172 1529 3397 1557">
    <p class='ocr_par' dir='ltr' id='par_1_13' title="bbox 172 1529 3397 1557">
     <span class='ocr_line' id='line_1_13' title="bbox 172 1529 3397 1557; baseline 0 -3"><span class='ocrx_word' id='word_1_103' title='bbox 172 1529 3397 1557; x_wconf 63' lang='lat' dir='ltr'><em>W</em></span> 
     </span>
    </p>
   </div>
   <div class='ocr_carea' id='block_1_14' title="bbox 146 1848 3423 1925">
    <p class='ocr_par' dir='ltr' id='par_1_14' title="bbox 146 1848 3423 1925">
     <span class='ocr_line' id='line_1_14' title="bbox 146 1848 3423 1925; baseline -0.001 -14"><span class='ocrx_word' id='word_1_104' title='bbox 146 1866 208 1911; x_wconf 59' lang='grc' dir='ltr'><strong>ιιι</strong></span> <span class='ocrx_word' id='word_1_105' title='bbox 255 1865 664 1911; x_wconf 60' lang='lat' dir='ltr'><strong>cumsuam</strong></span> <span class='ocrx_word' id='word_1_106' title='bbox 712 1866 790 1908; x_wconf 72' lang='grc' dir='ltr'><strong>ετ</strong></span> <span class='ocrx_word' id='word_1_107' title='bbox 834 1864 893 1907; x_wconf 74' lang='lat' dir='ltr'><strong>Ia</strong></span> <span class='ocrx_word' id='word_1_108' title='bbox 941 1860 1354 1925; x_wconf 70' lang='lat' dir='ltr'><strong>euxnsoaest,</strong></span> <span class='ocrx_word' id='word_1_109' title='bbox 1387 1860 1465 1901; x_wconf 84' lang='lat' dir='ltr'><strong>ET</strong></span> <span class='ocrx_word' id='word_1_110' title='bbox 1507 1858 1678 1911; x_wconf 74' lang='lat' dir='ltr'><strong>quon</strong></span> <span class='ocrx_word' id='word_1_111' title='bbox 1721 1858 1844 1901; x_wconf 69' lang='lat' dir='ltr'><strong>non</strong></span> <span class='ocrx_word' id='word_1_112' title='bbox 1879 1857 2181 1901; x_wconf 72' lang='lat' dir='ltr'><strong>voutsrts</strong></span> <span class='ocrx_word' id='word_1_113' title='bbox 2225 1848 2431 1913; x_wconf 74' lang='lat' dir='ltr'><strong>NEQUE</strong></span> <span class='ocrx_word' id='word_1_114' title='bbox 2475 1852 2853 1920; x_wconf 68' lang='lat' dir='ltr'><strong>cunnnnris,</strong></span> <span class='ocrx_word' id='word_1_115' title='bbox 2886 1854 3004 1905; x_wconf 69' lang='lat' dir='ltr'><strong>sub</strong></span> <span class='ocrx_word' id='word_1_116' title='bbox 3050 1856 3423 1907; x_wconf 67' lang='lat' dir='ltr'><strong>sttsenevrts</strong></span> 
     </span>
    </p>
   </div>
   <div class='ocr_carea' id='block_1_15' title="bbox 1154 1940 2331 2025">
    <p class='ocr_par' dir='ltr' id='par_1_15' title="bbox 1154 1940 2331 2025">
     <span class='ocr_line' id='line_1_15' title="bbox 1154 1940 2331 2025; baseline -0.004 -20"><span class='ocrx_word' id='word_1_117' title='bbox 1154 1952 1253 2006; x_wconf 58' lang='grc' dir='ltr'>ξιτ</span> <span class='ocrx_word' id='word_1_118' title='bbox 1294 1954 1400 2003; x_wconf 74' lang='lat' dir='ltr'><strong>DEI</strong></span> <span class='ocrx_word' id='word_1_119' title='bbox 1447 1941 1706 2023; x_wconf 81' lang='lat' dir='ltr'><strong>(Matth.</strong></span> <span class='ocrx_word' id='word_1_120' title='bbox 1738 1940 1836 2002; x_wconf 80' lang='grc'><strong>15.</strong></span> <span class='ocrx_word' id='word_1_121' title='bbox 1868 1942 2044 2002; x_wconf 87' lang='lat' dir='ltr'><strong>Rom.</strong></span> <span class='ocrx_word' id='word_1_122' title='bbox 2090 1944 2153 2011; x_wconf 85' lang='lat'><strong>9,</strong></span> <span class='ocrx_word' id='word_1_123' title='bbox 2207 1943 2331 2025; x_wconf 80' lang='grc'><strong>16).</strong></span> 
     </span>
    </p>
   </div>
   <div class='ocr_carea' id='block_1_16' title="bbox 1427 2083 2147 2123">
    <p class='ocr_par' dir='ltr' id='par_1_16' title="bbox 1427 2083 2147 2123">
     <span class='ocr_line' id='line_1_16' title="bbox 1427 2083 2147 2123; baseline 0.003 -2"><span class='ocrx_word' id='word_1_124' title='bbox 1427 2083 2147 2123; x_wconf 58' lang='lat' dir='ltr'><strong>«murram</strong></span> 
     </span>
    </p>
   </div>
   <div class='ocr_carea' id='block_1_17' title="bbox 214 2202 1730 2278">
    <p class='ocr_par' dir='ltr' id='par_1_17' title="bbox 214 2202 1730 2278">
     <span class='ocr_line' id='line_1_17' title="bbox 214 2202 1730 2278; baseline -0.002 -13"><span class='ocrx_word' id='word_1_125' title='bbox 214 2208 269 2265; x_wconf 79' lang='lat' dir='ltr'><strong>l.</strong></span> <span class='ocrx_word' id='word_1_126' title='bbox 296 2203 512 2266; x_wconf 78' lang='lat' dir='ltr'><strong>Etiamsi</strong></span> <span class='ocrx_word' id='word_1_127' title='bbox 532 2218 629 2263; x_wconf 86' lang='lat' dir='ltr'><strong>nos</strong></span> <span class='ocrx_word' id='word_1_128' title='bbox 648 2207 981 2278; x_wconf 87' lang='lat' dir='ltr'><strong>vespertinus</strong></span> <span class='ocrx_word' id='word_1_129' title='bbox 998 2202 1087 2263; x_wconf 90' lang='lat' dir='ltr'><strong>llle</strong></span> <span class='ocrx_word' id='word_1_130' title='bbox 1106 2205 1362 2278; x_wconf 72' lang='lat' dir='ltr'><strong>tumultus</strong></span> <span class='ocrx_word' id='word_1_131' title='bbox 1379 2207 1730 2276; x_wconf 78' lang='lat' dir='ltr'><strong>perturbavit,</strong></span> 
     </span>
    </p>
   </div>
   <div class='ocr_carea' id='block_1_18' title="bbox 141 2276 1733 2336">
    <p class='ocr_par' dir='ltr' id='par_1_18' title="bbox 141 2276 1733 2336">
     <span class='ocr_line' id='line_1_18' title="bbox 141 2276 1733 2336; baseline -0.001 -3"><span class='ocrx_word' id='word_1_132' title='bbox 141 2290 196 2333; x_wconf 89' lang='lat' dir='ltr'><strong>at</strong></span> <span class='ocrx_word' id='word_1_133' title='bbox 229 2280 553 2336; x_wconf 76' lang='lat' dir='ltr'><strong>exhilaravit</strong></span> <span class='ocrx_word' id='word_1_134' title='bbox 595 2276 966 2333; x_wconf 80' lang='lat' dir='ltr'><strong>universorum</strong></span> <span class='ocrx_word' id='word_1_135' title='bbox 1011 2276 1266 2330; x_wconf 87' lang='lat' dir='ltr'><strong>studium.</strong></span> <span class='ocrx_word' id='word_1_136' title='bbox 1296 2276 1412 2331; x_wconf 81' lang='lat' dir='ltr'><strong>Non</strong></span> <span class='ocrx_word' id='word_1_137' title='bbox 1444 2278 1585 2331; x_wconf 89' lang='lat' dir='ltr'><strong>enim</strong></span> <span class='ocrx_word' id='word_1_138' title='bbox 1619 2286 1733 2333; x_wconf 85' lang='lat' dir='ltr'><strong>tur-</strong></span> 
     </span>
    </p>
   </div>
   <div class='ocr_carea' id='block_1_19' title="bbox 139 2346 1729 2417">
    <p class='ocr_par' dir='ltr' id='par_1_19' title="bbox 139 2346 1729 2417">
     <span class='ocr_line' id='line_1_19' title="bbox 139 2346 1729 2417; baseline -0.002 -11"><span class='ocrx_word' id='word_1_139' title='bbox 139 2352 332 2406; x_wconf 82' lang='lat' dir='ltr'><strong>bamm</strong></span> <span class='ocrx_word' id='word_1_140' title='bbox 365 2349 735 2406; x_wconf 81' lang='lat' dir='ltr'><strong>confusionem</strong></span> <span class='ocrx_word' id='word_1_141' title='bbox 757 2388 772 2410; x_wconf 92' lang='lat'><strong>,</strong></span> <span class='ocrx_word' id='word_1_142' title='bbox 804 2348 896 2403; x_wconf 90' lang='lat' dir='ltr'><strong>sed</strong></span> <span class='ocrx_word' id='word_1_143' title='bbox 923 2347 1227 2401; x_wconf 86' lang='lat' dir='ltr'><strong>auditorum</strong></span> <span class='ocrx_word' id='word_1_144' title='bbox 1258 2346 1527 2402; x_wconf 81' lang='lat' dir='ltr'><strong>fervorem</strong></span> <span class='ocrx_word' id='word_1_145' title='bbox 1558 2349 1729 2417; x_wconf 83' lang='lat' dir='ltr'><strong>respi-</strong></span> 
     </span>
    </p>
   </div>
   <div class='ocr_carea' id='block_1_20' title="bbox 133 2417 1731 2490">
    <p class='ocr_par' dir='ltr' id='par_1_20' title="bbox 133 2417 1731 2490">
     <span class='ocr_line' id='line_1_20' title="bbox 133 2417 1731 2490; baseline -0.003 -15"><span class='ocrx_word' id='word_1_146' title='bbox 133 2422 350 2477; x_wconf 88' lang='lat' dir='ltr'><strong>ciebam</strong></span> <span class='ocrx_word' id='word_1_147' title='bbox 388 2428 797 2490; x_wconf 86' lang='lat' dir='ltr'><strong>:spectatorque</strong></span> <span class='ocrx_word' id='word_1_148' title='bbox 825 2433 972 2473; x_wconf 90' lang='lat' dir='ltr'><strong>eram</strong></span> <span class='ocrx_word' id='word_1_149' title='bbox 1008 2417 1232 2490; x_wconf 80' lang='lat' dir='ltr'><strong>forensis</strong></span> <span class='ocrx_word' id='word_1_150' title='bbox 1269 2418 1731 2490; x_wconf 11' lang='lat' dir='ltr'><strong>et‘popularistu-</strong></span> 
     </span>
    </p>
   </div>
   <div class='ocr_carea' id='block_1_21' title="bbox 134 2487 1732 2562">
    <p class='ocr_par' dir='ltr' id='par_1_21' title="bbox 134 2487 1732 2562">
     <span class='ocr_line' id='line_1_21' title="bbox 134 2487 1732 2562; baseline -0.001 -17"><span class='ocrx_word' id='word_1_151' title='bbox 134 2493 364 2562; x_wconf 81' lang='lat' dir='ltr'><strong>multus,</strong></span> <span class='ocrx_word' id='word_1_152' title='bbox 394 2487 1005 2562; x_wconf 84' lang='lat' dir='ltr'><strong>simulqnedivinlatque</strong></span> <span class='ocrx_word' id='word_1_153' title='bbox 1022 2488 1363 2562; x_wconf 64' lang='lat' dir='ltr'><strong>prgbistudii,</strong></span> <span class='ocrx_word' id='word_1_154' title='bbox 1389 2487 1459 2542; x_wconf 86' lang='lat' dir='ltr'><strong>ita</strong></span> <span class='ocrx_word' id='word_1_155' title='bbox 1493 2498 1550 2544; x_wconf 94' lang='lat' dir='ltr'><strong>ut</strong></span> <span class='ocrx_word' id='word_1_156' title='bbox 1586 2488 1732 2544; x_wconf 87' lang='lat' dir='ltr'><strong>dice-</strong></span> 
     </span>
    </p>
   </div>
   <div class='ocr_carea' id='block_1_22' title="bbox 131 2557 1731 2630">
    <p class='ocr_par' dir='ltr' id='par_1_22' title="bbox 131 2557 1731 2630">
     <span class='ocr_line' id='line_1_22' title="bbox 131 2557 1731 2630; baseline -0.003 -13"><span class='ocrx_word' id='word_1_157' title='bbox 131 2578 249 2617; x_wconf 87' lang='lat' dir='ltr'><strong>rem</strong></span> <span class='ocrx_word' id='word_1_158' title='bbox 275 2581 288 2616; x_wconf 86' lang='lat'><strong>:</strong></span> <span class='ocrx_word' id='word_1_159' title='bbox 316 2561 507 2617; x_wconf 71' lang='lat' dir='ltr'><strong>Hamis</strong></span> <span class='ocrx_word' id='word_1_160' title='bbox 522 2557 722 2630; x_wconf 73' lang='lat' dir='ltr'><strong>quidem</strong></span> <span class='ocrx_word' id='word_1_161' title='bbox 740 2572 855 2615; x_wconf 79' lang='lat' dir='ltr'><strong>sunt</strong></span> <span class='ocrx_word' id='word_1_162' title='bbox 876 2557 1056 2613; x_wconf 77' lang='lat' dir='ltr'><strong>manus</strong></span> <span class='ocrx_word' id='word_1_163' title='bbox 1075 2557 1231 2623; x_wconf 70' lang='lat' dir='ltr'><strong>Esai,</strong></span> <span class='ocrx_word' id='word_1_164' title='bbox 1250 2574 1348 2613; x_wconf 67' lang='grc' dir='ltr'><strong>νοω</strong></span> <span class='ocrx_word' id='word_1_165' title='bbox 1361 2568 1529 2630; x_wconf 76' lang='lat' dir='ltr'><strong>autem</strong></span> <span class='ocrx_word' id='word_1_166' title='bbox 1544 2575 1642 2630; x_wconf 71' lang='lat' dir='ltr'><strong>eoa:</strong></span> <span class='ocrx_word' id='word_1_167' title='bbox 1656 2569 1731 2613; x_wconf 81' lang='lat' dir='ltr'><strong>est</strong></span> 
     </span>
    </p>
   </div>
   <div class='ocr_carea' id='block_1_23' title="bbox 127 2628 1729 2702">
    <p class='ocr_par' dir='ltr' id='par_1_23' title="bbox 127 2628 1729 2702">
     <span class='ocr_line' id='line_1_23' title="bbox 127 2628 1729 2702; baseline -0.001 -16"><span class='ocrx_word' id='word_1_168' title='bbox 127 2632 318 2686; x_wconf 80' lang='lat' dir='ltr'><strong>Jacobi</strong></span> <span class='ocrx_word' id='word_1_169' title='bbox 348 2634 367 2702; x_wconf 94' lang='lat'><strong>(</strong></span> <span class='ocrx_word' id='word_1_170' title='bbox 381 2632 511 2689; x_wconf 79' lang='lat' dir='ltr'><strong>Gen.</strong></span> <span class='ocrx_word' id='word_1_171' title='bbox 535 2628 627 2687; x_wconf 79' lang='grc'><strong>27.</strong></span> <span class='ocrx_word' id='word_1_172' title='bbox 655 2633 780 2701; x_wconf 90' lang='grc'><strong>22).</strong></span> <span class='ocrx_word' id='word_1_173' title='bbox 802 2630 1076 2698; x_wconf 82' lang='lat' dir='ltr'><strong>Popularis</strong></span> <span class='ocrx_word' id='word_1_174' title='bbox 1091 2637 1205 2684; x_wconf 91' lang='lat' dir='ltr'><strong>erat</strong></span> <span class='ocrx_word' id='word_1_175' title='bbox 1227 2628 1502 2702; x_wconf 75' lang='lat' dir='ltr'><strong>tumultus,</strong></span> <span class='ocrx_word' id='word_1_176' title='bbox 1531 2629 1625 2684; x_wconf 88' lang='lat' dir='ltr'><strong>sed</strong></span> <span class='ocrx_word' id='word_1_177' title='bbox 1644 2630 1729 2702; x_wconf 87' lang='lat' dir='ltr'><strong>_di-</strong></span> 
     </span>
    </p>
   </div>
   <div class='ocr_carea' id='block_1_24' title="bbox 132 2699 1725 2775">
    <p class='ocr_par' dir='ltr' id='par_1_24' title="bbox 132 2699 1725 2775">
     <span class='ocr_line' id='line_1_24' title="bbox 132 2699 1725 2775; baseline 0 -19"><span class='ocrx_word' id='word_1_178' title='bbox 132 2705 323 2758; x_wconf 84' lang='lat' dir='ltr'><strong>vinum</strong></span> <span class='ocrx_word' id='word_1_179' title='bbox 358 2699 629 2760; x_wconf 80' lang='lat' dir='ltr'><strong>studium.</strong></span> <span class='ocrx_word' id='word_1_180' title='bbox 657 2699 879 2775; x_wconf 81' lang='lat' dir='ltr'><strong>Opertet</strong></span> <span class='ocrx_word' id='word_1_181' title='bbox 904 2710 1091 2775; x_wconf 80' lang='lat' dir='ltr'><strong>autem</strong></span> <span class='ocrx_word' id='word_1_182' title='bbox 1124 2715 1230 2753; x_wconf 90' lang='lat' dir='ltr'><strong>non</strong></span> <span class='ocrx_word' id='word_1_183' title='bbox 1260 2700 1483 2775; x_wconf 77' lang='lat' dir='ltr'><strong>distrahi</strong></span> <span class='ocrx_word' id='word_1_184' title='bbox 1513 2716 1579 2756; x_wconf 87' lang='lat' dir='ltr'><strong>ex</strong></span> <span class='ocrx_word' id='word_1_185' title='bbox 1599 2699 1725 2775; x_wconf 75' lang='lat' dir='ltr'><strong>cla-</strong></span> 
     </span>
    </p>
   </div>
   <div class='ocr_carea' id='block_1_25' title="bbox 130 2771 1725 2840">
    <p class='ocr_par' dir='ltr' id='par_1_25' title="bbox 130 2771 1725 2840">
     <span class='ocr_line' id='line_1_25' title="bbox 130 2771 1725 2840; baseline 0 -12"><span class='ocrx_word' id='word_1_186' title='bbox 130 2788 290 2830; x_wconf 89' lang='lat' dir='ltr'><strong>more</strong></span> <span class='ocrx_word' id='word_1_187' title='bbox 340 2771 797 2840; x_wconf 75' lang='lat' dir='ltr'><strong>tumultuantium,</strong></span> <span class='ocrx_word' id='word_1_188' title='bbox 828 2773 920 2828; x_wconf 91' lang='lat' dir='ltr'><strong>sed</strong></span> <span class='ocrx_word' id='word_1_189' title='bbox 953 2772 1223 2840; x_wconf 82' lang='lat' dir='ltr'><strong>respicere</strong></span> <span class='ocrx_word' id='word_1_190' title='bbox 1251 2771 1484 2826; x_wconf 91' lang='lat' dir='ltr'><strong>studium</strong></span> <span class='ocrx_word' id='word_1_191' title='bbox 1511 2772 1725 2829; x_wconf 89' lang='lat' dir='ltr'><strong>audito-</strong></span> 
     </span>
    </p>
   </div>
   <div class='ocr_carea' id='block_1_26' title="bbox 133 2842 1722 2913">
    <p class='ocr_par' dir='ltr' id='par_1_26' title="bbox 133 2842 1722 2913">
     <span class='ocr_line' id='line_1_26' title="bbox 133 2842 1722 2913; baseline -0.001 -14"><span class='ocrx_word' id='word_1_192' title='bbox 133 2861 280 2899; x_wconf 88' lang='lat' dir='ltr'><strong>rmn.</strong></span> <span class='ocrx_word' id='word_1_193' title='bbox 335 2844 465 2898; x_wconf 83' lang='lat' dir='ltr'><strong>Nam</strong></span> <span class='ocrx_word' id='word_1_194' title='bbox 516 2845 815 2899; x_wconf 81' lang='lat' dir='ltr'><strong>Chanana-a</strong></span> <span class='ocrx_word' id='word_1_195' title='bbox 872 2852 993 2913; x_wconf 86' lang='lat' dir='ltr'><strong>post</strong></span> <span class='ocrx_word' id='word_1_196' title='bbox 1042 2842 1377 2913; x_wconf 83' lang='lat' dir='ltr'><strong>Servatorcm</strong></span> <span class='ocrx_word' id='word_1_197' title='bbox 1414 2842 1722 2913; x_wconf 12' lang='lat' dir='ltr'><strong>,clamabat;</strong></span> 
     </span>
    </p>
   </div>
   <div class='ocr_carea' id='block_1_27' title="bbox 131 2912 1723 2972">
    <p class='ocr_par' dir='ltr' id='par_1_27' title="bbox 131 2912 1723 2972">
     <span class='ocr_line' id='line_1_27' title="bbox 131 2912 1723 2972; baseline 0 -4"><span class='ocrx_word' id='word_1_198' title='bbox 131 2929 329 2969; x_wconf 83' lang='lat' dir='ltr'><strong>verum</strong></span> <span class='ocrx_word' id='word_1_199' title='bbox 362 2916 451 2968; x_wconf 92' lang='lat' dir='ltr'><strong>ille</strong></span> <span class='ocrx_word' id='word_1_200' title='bbox 481 2930 586 2968; x_wconf 92' lang='lat' dir='ltr'><strong>non</strong></span> <span class='ocrx_word' id='word_1_201' title='bbox 617 2915 681 2967; x_wconf 91' lang='lat' dir='ltr'><strong>ad</strong></span> <span class='ocrx_word' id='word_1_202' title='bbox 709 2912 999 2969; x_wconf 76' lang='lat' dir='ltr'><strong>clamarem</strong></span> <span class='ocrx_word' id='word_1_203' title='bbox 1039 2912 1300 2972; x_wconf 82' lang='lat' dir='ltr'><strong>attendit.</strong></span> <span class='ocrx_word' id='word_1_204' title='bbox 1331 2912 1424 2965; x_wconf 80' lang='lat' dir='ltr'><strong>sed</strong></span> <span class='ocrx_word' id='word_1_205' title='bbox 1452 2912 1520 2966; x_wconf 90' lang='lat' dir='ltr'><strong>ad</strong></span> <span class='ocrx_word' id='word_1_206' title='bbox 1562 2914 1723 2969; x_wconf 91' lang='lat' dir='ltr'><strong>animi</strong></span> 
     </span>
    </p>
   </div>
   <div class='ocr_carea' id='block_1_28' title="bbox 130 2980 1726 3053">
    <p class='ocr_par' dir='ltr' id='par_1_28' title="bbox 130 2980 1726 3053">
     <span class='ocr_line' id='line_1_28' title="bbox 130 2980 1726 3053; baseline -0.001 -14"><span class='ocrx_word' id='word_1_207' title='bbox 130 2986 414 3039; x_wconf 73' lang='lat' dir='ltr'><strong>allectum.</strong></span> <span class='ocrx_word' id='word_1_208' title='bbox 437 2984 715 3038; x_wconf 79' lang='lat' dir='ltr'><strong>Clamabat</strong></span> <span class='ocrx_word' id='word_1_209' title='bbox 742 2998 871 3053; x_wconf 83' lang='lat' dir='ltr'><strong>ergo</strong></span> <span class='ocrx_word' id='word_1_210' title='bbox 891 3022 904 3045; x_wconf 90' lang='lat'><strong>,</strong></span> <span class='ocrx_word' id='word_1_211' title='bbox 930 2992 987 3035; x_wconf 90' lang='lat' dir='ltr'><strong>ut</strong></span> <span class='ocrx_word' id='word_1_212' title='bbox 1014 2980 1172 3034; x_wconf 79' lang='grc' dir='ltr'>ιιιοιιιι</span> <span class='ocrx_word' id='word_1_213' title='bbox 1190 2982 1726 3053; x_wconf 37' lang='grc' dir='ltr'><strong>ειιιιιίειίειυοηιὶιιίι-ςι</strong></span> 
     </span>
    </p>
   </div>
   <div class='ocr_carea' id='block_1_29' title="bbox 132 3051 1723 3124">
    <p class='ocr_par' dir='ltr' id='par_1_29' title="bbox 132 3051 1723 3124">
     <span class='ocr_line' id='line_1_29' title="bbox 132 3051 1723 3124; baseline 0 -15"><span class='ocrx_word' id='word_1_214' title='bbox 132 3068 376 3124; x_wconf 78' lang='lat' dir='ltr'><strong>sequens</strong></span> <span class='ocrx_word' id='word_1_215' title='bbox 400 3055 617 3124; x_wconf 75' lang='lat' dir='ltr'><strong>vestigia</strong></span> <span class='ocrx_word' id='word_1_216' title='bbox 644 3072 657 3107; x_wconf 87' lang='lat'><strong>:</strong></span> <span class='ocrx_word' id='word_1_217' title='bbox 693 3053 797 3107; x_wconf 82' lang='lat' dir='ltr'><strong>Fili</strong></span> <span class='ocrx_word' id='word_1_218' title='bbox 816 3051 1002 3124; x_wconf 79' lang='lat' dir='ltr'><strong>David,</strong></span> <span class='ocrx_word' id='word_1_219' title='bbox 1024 3053 1257 3124; x_wconf 63' lang='lat' dir='ltr'><strong>miserae</strong></span> <span class='ocrx_word' id='word_1_220' title='bbox 1278 3054 1373 3105; x_wconf 86' lang='lat' dir='ltr'><strong>mei</strong></span> <span class='ocrx_word' id='word_1_221' title='bbox 1397 3051 1609 3124; x_wconf 77' lang='lat' dir='ltr'><strong>(Matth.</strong></span> <span class='ocrx_word' id='word_1_222' title='bbox 1634 3054 1723 3109; x_wconf 80' lang='grc'><strong>15.</strong></span> 
     </span>
    </p>
   </div>
   <div class='ocr_carea' id='block_1_30' title="bbox 130 3121 1720 3195">
    <p class='ocr_par' dir='ltr' id='par_1_30' title="bbox 130 3121 1720 3195">
     <span class='ocr_line' id='line_1_30' title="bbox 130 3121 1720 3195; baseline 0.001 -16"><span class='ocrx_word' id='word_1_223' title='bbox 130 3121 256 3189; x_wconf 69' lang='grc'><strong>22).</strong></span> <span class='ocrx_word' id='word_1_224' title='bbox 271 3122 319 3181; x_wconf 88' lang='lat'><strong>0</strong></span> <span class='ocrx_word' id='word_1_225' title='bbox 336 3121 570 3195; x_wconf 78' lang='lat' dir='ltr'><strong>gentium</strong></span> <span class='ocrx_word' id='word_1_226' title='bbox 591 3124 747 3179; x_wconf 86' lang='lat' dir='ltr'><strong>fidem</strong></span> <span class='ocrx_word' id='word_1_227' title='bbox 765 3125 778 3178; x_wconf 88' lang='lat'><strong>!</strong></span> <span class='ocrx_word' id='word_1_228' title='bbox 800 3139 832 3175; x_wconf 93' lang='lat' dir='ltr'><strong>o</strong></span> <span class='ocrx_word' id='word_1_229' title='bbox 848 3122 1152 3195; x_wconf 73' lang='lat' dir='ltr'><strong>Juda&#39;orum</strong></span> <span class='ocrx_word' id='word_1_230' title='bbox 1173 3121 1683 3195; x_wconf 80' lang='lat' dir='ltr'><strong>ingratumauimum</strong></span> <span class='ocrx_word' id='word_1_231' title='bbox 1706 3126 1720 3180; x_wconf 90' lang='lat'><strong>!</strong></span> 
     </span>
    </p>
   </div>
   <div class='ocr_carea' id='block_1_31' title="bbox 133 3192 1725 3266">
    <p class='ocr_par' dir='ltr' id='par_1_31' title="bbox 133 3192 1725 3266">
     <span class='ocr_line' id='line_1_31' title="bbox 133 3192 1725 3266; baseline -0.001 -15"><span class='ocrx_word' id='word_1_232' title='bbox 133 3198 222 3251; x_wconf 80' lang='lat' dir='ltr'><strong>Ab</strong></span> <span class='ocrx_word' id='word_1_233' title='bbox 254 3192 546 3251; x_wconf 70' lang='lat' dir='ltr'><strong>Israelitico</strong></span> <span class='ocrx_word' id='word_1_234' title='bbox 572 3210 767 3266; x_wconf 87' lang='lat' dir='ltr'><strong>genere</strong></span> <span class='ocrx_word' id='word_1_235' title='bbox 791 3195 981 3266; x_wconf 86' lang='lat' dir='ltr'><strong>aliena.</strong></span> <span class='ocrx_word' id='word_1_236' title='bbox 1009 3206 1108 3246; x_wconf 83' lang='lat' dir='ltr'><strong>nec</strong></span> <span class='ocrx_word' id='word_1_237' title='bbox 1138 3192 1188 3244; x_wconf 93' lang='lat' dir='ltr'><strong>iu</strong></span> <span class='ocrx_word' id='word_1_238' title='bbox 1214 3192 1337 3266; x_wconf 78' lang='lat' dir='ltr'><strong>lege</strong></span> <span class='ocrx_word' id='word_1_239' title='bbox 1355 3192 1601 3266; x_wconf 77' lang='lat' dir='ltr'><strong>educata,</strong></span> <span class='ocrx_word' id='word_1_240' title='bbox 1626 3210 1725 3250; x_wconf 88' lang='lat' dir='ltr'><strong>nec</strong></span> 
     </span>
    </p>
   </div>
   <div class='ocr_carea' id='block_1_32' title="bbox 134 3263 1719 3336">
    <p class='ocr_par' dir='ltr' id='par_1_32' title="bbox 134 3263 1719 3336">
     <span class='ocr_line' id='line_1_32' title="bbox 134 3263 1719 3336; baseline -0.001 -15"><span class='ocrx_word' id='word_1_241' title='bbox 134 3271 189 3322; x_wconf 91' lang='lat' dir='ltr'><strong>in</strong></span> <span class='ocrx_word' id='word_1_242' title='bbox 239 3266 517 3336; x_wconf 82' lang='lat' dir='ltr'><strong>prophetis</strong></span> <span class='ocrx_word' id='word_1_243' title='bbox 561 3263 767 3320; x_wconf 78' lang='lat' dir='ltr'><strong>versata</strong></span> <span class='ocrx_word' id='word_1_244' title='bbox 793 3306 808 3331; x_wconf 88' lang='lat'><strong>,</strong></span> <span class='ocrx_word' id='word_1_245' title='bbox 857 3265 1134 3336; x_wconf 74' lang='lat' dir='ltr'><strong>veritatem</strong></span> <span class='ocrx_word' id='word_1_246' title='bbox 1178 3263 1465 3336; x_wconf 63' lang='lat' dir='ltr'><strong>prazdicat,</strong></span> <span class='ocrx_word' id='word_1_247' title='bbox 1497 3263 1719 3336; x_wconf 82' lang='lat' dir='ltr'><strong>dicens,</strong></span> 
     </span>
    </p>
   </div>
   <div class='ocr_carea' id='block_1_33' title="bbox 134 3334 1719 3404">
    <p class='ocr_par' dir='ltr' id='par_1_33' title="bbox 134 3334 1719 3404">
     <span class='ocr_line' id='line_1_33' title="bbox 134 3334 1719 3404; baseline -0.001 -12"><span class='ocrx_word' id='word_1_248' title='bbox 134 3334 252 3392; x_wconf 79' lang='lat' dir='ltr'><strong>Fili</strong></span> <span class='ocrx_word' id='word_1_249' title='bbox 295 3334 492 3397; x_wconf 73' lang='lat' dir='ltr'><strong>David.</strong></span> <span class='ocrx_word' id='word_1_250' title='bbox 534 3338 769 3390; x_wconf 79' lang='lat' dir='ltr'><strong>miserere</strong></span> <span class='ocrx_word' id='word_1_251' title='bbox 806 3335 939 3399; x_wconf 82' lang='lat' dir='ltr'><strong>mei,-</strong></span> <span class='ocrx_word' id='word_1_252' title='bbox 980 3335 1068 3403; x_wconf 92' lang='lat' dir='ltr'><strong>qui</strong></span> <span class='ocrx_word' id='word_1_253' title='bbox 1112 3347 1239 3387; x_wconf 89' lang='lat' dir='ltr'><strong>vero</strong></span> <span class='ocrx_word' id='word_1_254' title='bbox 1286 3334 1335 3387; x_wconf 83' lang='lat' dir='ltr'><strong>in</strong></span> <span class='ocrx_word' id='word_1_255' title='bbox 1366 3334 1480 3404; x_wconf 82' lang='lat' dir='ltr'><strong>lege</strong></span> <span class='ocrx_word' id='word_1_256' title='bbox 1508 3334 1719 3391; x_wconf 78' lang='lat' dir='ltr'><strong>educati</strong></span> 
     </span>
    </p>
   </div>
   <div class='ocr_carea' id='block_1_34' title="bbox 134 3403 1724 3479">
    <p class='ocr_par' dir='ltr' id='par_1_34' title="bbox 134 3403 1724 3479">
     <span class='ocr_line' id='line_1_34' title="bbox 134 3403 1724 3479; baseline -0.001 -15"><span class='ocrx_word' id='word_1_257' title='bbox 134 3411 389 3472; x_wconf 76' lang='lat' dir='ltr'><strong>fuerant,</strong></span> <span class='ocrx_word' id='word_1_258' title='bbox 412 3409 500 3479; x_wconf 91' lang='lat' dir='ltr'><strong>qui</strong></span> <span class='ocrx_word' id='word_1_259' title='bbox 530 3407 838 3479; x_wconf 4' lang='lat' dir='ltr'><strong>prophetas,</strong></span> <span class='ocrx_word' id='word_1_260' title='bbox 867 3404 1177 3467; x_wconf 81' lang='lat' dir='ltr'><strong>audierant,</strong></span> <span class='ocrx_word' id='word_1_261' title='bbox 1202 3403 1537 3479; x_wconf 71' lang='lat' dir='ltr'><strong>mendacium</strong></span> <span class='ocrx_word' id='word_1_262' title='bbox 1568 3414 1724 3462; x_wconf 76' lang='lat' dir='ltr'><strong>tuen-</strong></span> 
     </span>
    </p>
   </div>
   <div class='ocr_carea' id='block_1_35' title="bbox 133 3474 1719 3543">
    <p class='ocr_par' dir='ltr' id='par_1_35' title="bbox 133 3474 1719 3543">
     <span class='ocr_line' id='line_1_35' title="bbox 133 3474 1719 3543; baseline -0.002 -8"><span class='ocrx_word' id='word_1_263' title='bbox 133 3491 227 3535; x_wconf 86' lang='lat' dir='ltr'><strong>tur</strong></span> <span class='ocrx_word' id='word_1_264' title='bbox 253 3474 497 3533; x_wconf 73' lang='lat' dir='ltr'><strong>dicentes</strong></span> <span class='ocrx_word' id='word_1_265' title='bbox 512 3474 545 3543; x_wconf 62' lang='grc'><strong>,⁷</strong></span> <span class='ocrx_word' id='word_1_266' title='bbox 562 3474 676 3532; x_wconf 82' lang='lat' dir='ltr'><strong>Non</strong></span> <span class='ocrx_word' id='word_1_267' title='bbox 721 3476 965 3531; x_wconf 86' lang='lat' dir='ltr'><strong>novimus</strong></span> <span class='ocrx_word' id='word_1_268' title='bbox 1010 3489 1172 3538; x_wconf 87' lang='lat' dir='ltr'><strong>eum;</strong></span> <span class='ocrx_word' id='word_1_269' title='bbox 1204 3474 1570 3531; x_wconf 71' lang='lat' dir='ltr'><strong>Samaritanus</strong></span> <span class='ocrx_word' id='word_1_270' title='bbox 1597 3487 1680 3532; x_wconf 83' lang='lat' dir='ltr'><strong>est</strong></span> <span class='ocrx_word' id='word_1_271' title='bbox 1704 3516 1719 3543; x_wconf 92' lang='lat'><strong>,</strong></span> 
     </span>
    </p>
   </div>
   <div class='ocr_carea' id='block_1_36' title="bbox 128 3544 1718 3612">
    <p class='ocr_par' dir='ltr' id='par_1_36' title="bbox 128 3544 1718 3612">
     <span class='ocr_line' id='line_1_36' title="bbox 128 3544 1718 3612; baseline -0.002 -6"><span class='ocrx_word' id='word_1_272' title='bbox 128 3560 187 3605; x_wconf 89' lang='lat' dir='ltr'><strong>et</strong></span> <span class='ocrx_word' id='word_1_273' title='bbox 209 3549 537 3605; x_wconf 63' lang='lat' dir='ltr'><strong>daemonium</strong></span> <span class='ocrx_word' id='word_1_274' title='bbox 562 3548 737 3603; x_wconf 82' lang='lat' dir='ltr'><strong>habet.</strong></span> <span class='ocrx_word' id='word_1_275' title='bbox 759 3547 803 3602; x_wconf 92' lang='grc' dir='ltr'><strong>Ο</strong></span> <span class='ocrx_word' id='word_1_276' title='bbox 827 3546 983 3601; x_wconf 87' lang='lat' dir='ltr'><strong>tidem</strong></span> <span class='ocrx_word' id='word_1_277' title='bbox 1008 3546 1245 3612; x_wconf 83' lang='lat' dir='ltr'><strong>gentium</strong></span> <span class='ocrx_word' id='word_1_278' title='bbox 1265 3546 1279 3599; x_wconf 85' lang='grc' dir='ltr'><strong>ι</strong></span> <span class='ocrx_word' id='word_1_279' title='bbox 1302 3560 1336 3600; x_wconf 94' lang='lat' dir='ltr'><strong>o</strong></span> <span class='ocrx_word' id='word_1_280' title='bbox 1359 3544 1718 3603; x_wconf 88' lang='lat' dir='ltr'><strong>lsraeiitarum</strong></span> 
     </span>
    </p>
   </div>
   <div class='ocr_carea' id='block_1_37' title="bbox 128 3616 1717 3690">
    <p class='ocr_par' dir='ltr' id='par_1_37' title="bbox 128 3616 1717 3690">
     <span class='ocr_line' id='line_1_37' title="bbox 128 3616 1717 3690; baseline -0.001 -15"><span class='ocrx_word' id='word_1_281' title='bbox 128 3622 407 3690; x_wconf 86' lang='lat' dir='ltr'><strong>ingratum</strong></span> <span class='ocrx_word' id='word_1_282' title='bbox 426 3619 684 3690; x_wconf 84' lang='lat' dir='ltr'><strong>animum!</strong></span> <span class='ocrx_word' id='word_1_283' title='bbox 704 3617 834 3690; x_wconf 83' lang='lat' dir='ltr'><strong>Vide</strong></span> <span class='ocrx_word' id='word_1_284' title='bbox 854 3619 1016 3673; x_wconf 80' lang='lat' dir='ltr'><strong>Deum</strong></span> <span class='ocrx_word' id='word_1_285' title='bbox 1034 3616 1434 3690; x_wconf 75' lang='lat' dir='ltr'><strong>et_Servatorem</strong></span> <span class='ocrx_word' id='word_1_286' title='bbox 1456 3618 1717 3690; x_wconf 87' lang='lat' dir='ltr'><strong>omnium,</strong></span> 
     </span>
    </p>
   </div>
   <div class='ocr_carea' id='block_1_38' title="bbox 125 3685 1720 3761">
    <p class='ocr_par' dir='ltr' id='par_1_38' title="bbox 125 3685 1720 3761">
     <span class='ocr_line' id='line_1_38' title="bbox 125 3685 1720 3761; baseline 0 -17"><span class='ocrx_word' id='word_1_287' title='bbox 125 3685 395 3761; x_wconf 72' lang='lat' dir='ltr'><strong>quantum</strong></span> <span class='ocrx_word' id='word_1_288' title='bbox 426 3704 595 3760; x_wconf 88' lang='lat' dir='ltr'><strong>genus</strong></span> <span class='ocrx_word' id='word_1_289' title='bbox 619 3689 745 3744; x_wconf 91' lang='lat' dir='ltr'><strong>illud</strong></span> <span class='ocrx_word' id='word_1_290' title='bbox 768 3689 1015 3743; x_wconf 88' lang='lat' dir='ltr'><strong>honoret.</strong></span> <span class='ocrx_word' id='word_1_291' title='bbox 1051 3685 1173 3761; x_wconf 71' lang='lat' dir='ltr'><strong>Non</strong></span> <span class='ocrx_word' id='word_1_292' title='bbox 1191 3697 1265 3741; x_wconf 82' lang='lat' dir='ltr'><strong>est</strong></span> <span class='ocrx_word' id='word_1_293' title='bbox 1277 3686 1472 3761; x_wconf 64' lang='lat' dir='ltr'><strong>bonum</strong></span> <span class='ocrx_word' id='word_1_294' title='bbox 1490 3689 1720 3761; x_wconf 75' lang='lat' dir='ltr'><strong>accipere</strong></span> 
     </span>
    </p>
   </div>
   <div class='ocr_carea' id='block_1_39' title="bbox 168 3756 1715 3831">
    <p class='ocr_par' dir='ltr' id='par_1_39' title="bbox 168 3756 1715 3831">
     <span class='ocr_line' id='line_1_39' title="bbox 168 3756 1715 3831; baseline 0.001 -18"><span class='ocrx_word' id='word_1_295' title='bbox 168 3776 321 3815; x_wconf 75' lang='lat' dir='ltr'><strong>artem</strong></span> <span class='ocrx_word' id='word_1_296' title='bbox 364 3756 617 3830; x_wconf 77' lang='lat' dir='ltr'><strong>ﬁliorum,</strong></span> <span class='ocrx_word' id='word_1_297' title='bbox 650 3770 697 3813; x_wconf 89' lang='lat' dir='ltr'><strong>el</strong></span> <span class='ocrx_word' id='word_1_298' title='bbox 740 3758 1231 3831; x_wconf 71' lang='lat' dir='ltr'><strong>projicerecanibus</strong></span> <span class='ocrx_word' id='word_1_299' title='bbox 1266 3756 1444 3828; x_wconf 84' lang='lat' dir='ltr'><strong>(Ibid.</strong></span> <span class='ocrx_word' id='word_1_300' title='bbox 1477 3773 1525 3811; x_wconf 79' lang='grc' dir='ltr'>ιι.</span> <span class='ocrx_word' id='word_1_301' title='bbox 1564 3759 1634 3814; x_wconf 76' lang='grc'><strong>26</strong></span> <span class='ocrx_word' id='word_1_302' title='bbox 1674 3760 1715 3829; x_wconf 89' lang='grc'><strong>).</strong></span> 
     </span>
    </p>
   </div>
   <div class='ocr_carea' id='block_1_40' title="bbox 179 3829 1717 3895">
    <p class='ocr_par' dir='ltr' id='par_1_40' title="bbox 179 3829 1717 3895">
     <span class='ocr_line' id='line_1_40' title="bbox 179 3829 1717 3895; baseline -0.001 -9"><span class='ocrx_word' id='word_1_303' title='bbox 179 3842 337 3887; x_wconf 87' lang='lat' dir='ltr'><strong>entes</strong></span> <span class='ocrx_word' id='word_1_304' title='bbox 360 3829 508 3888; x_wconf 84' lang='lat' dir='ltr'><strong>vocat</strong></span> <span class='ocrx_word' id='word_1_305' title='bbox 530 3845 690 3886; x_wconf 90' lang='lat' dir='ltr'><strong>canes</strong></span> <span class='ocrx_word' id='word_1_306' title='bbox 710 3829 805 3895; x_wconf 87' lang='lat' dir='ltr'><strong>,et</strong></span> <span class='ocrx_word' id='word_1_307' title='bbox 826 3829 1094 3884; x_wconf 87' lang='lat' dir='ltr'><strong>lsraelitas</strong></span> <span class='ocrx_word' id='word_1_308' title='bbox 1122 3829 1297 3883; x_wconf 83' lang='lat' dir='ltr'><strong>ﬁlios:</strong></span> <span class='ocrx_word' id='word_1_309' title='bbox 1332 3838 1717 3885; x_wconf 81' lang='lat' dir='ltr'><strong>transmittatur</strong></span> 
     </span>
    </p>
   </div>
   <div class='ocr_carea' id='block_1_41' title="bbox 127 3898 1717 3970">
    <p class='ocr_par' dir='ltr' id='par_1_41' title="bbox 127 3898 1717 3970">
     <span class='ocr_line' id='line_1_41' title="bbox 127 3898 1717 3970; baseline 0.001 -14"><span class='ocrx_word' id='word_1_310' title='bbox 127 3901 314 3956; x_wconf 82' lang='lat' dir='ltr'><strong>honor</strong></span> <span class='ocrx_word' id='word_1_311' title='bbox 339 3918 367 3955; x_wconf 89' lang='lat' dir='ltr'><strong>a</strong></span> <span class='ocrx_word' id='word_1_312' title='bbox 401 3904 630 3970; x_wconf 85' lang='lat' dir='ltr'><strong>populo;</strong></span> <span class='ocrx_word' id='word_1_313' title='bbox 684 3911 737 3956; x_wconf 89' lang='lat' dir='ltr'><strong>et</strong></span> <span class='ocrx_word' id='word_1_314' title='bbox 765 3902 854 3970; x_wconf 89' lang='lat' dir='ltr'><strong>qui</strong></span> <span class='ocrx_word' id='word_1_315' title='bbox 886 3900 1248 3963; x_wconf 82' lang='lat' dir='ltr'><strong>honorantur,</strong></span> <span class='ocrx_word' id='word_1_316' title='bbox 1278 3899 1448 3967; x_wconf 89' lang='lat' dir='ltr'><strong>ipsum</strong></span> <span class='ocrx_word' id='word_1_317' title='bbox 1478 3898 1717 3957; x_wconf 89' lang='lat' dir='ltr'><strong>dehone-</strong></span> 
     </span>
    </p>
   </div>
   <div class='ocr_carea' id='block_1_42' title="bbox 124 3970 1713 4043">
    <p class='ocr_par' dir='ltr' id='par_1_42' title="bbox 124 3970 1713 4043">
     <span class='ocr_line' id='line_1_42' title="bbox 124 3970 1713 4043; baseline 0.001 -19"><span class='ocrx_word' id='word_1_318' title='bbox 124 3981 311 4035; x_wconf 84' lang='lat' dir='ltr'><strong>stant;</strong></span> <span class='ocrx_word' id='word_1_319' title='bbox 336 3974 421 4043; x_wconf 90' lang='lat' dir='ltr'><strong>qui</strong></span> <span class='ocrx_word' id='word_1_320' title='bbox 448 3970 855 4043; x_wconf 82' lang='lat' dir='ltr'><strong>despiciuntur,</strong></span> <span class='ocrx_word' id='word_1_321' title='bbox 885 3972 1111 4043; x_wconf 81' lang='lat' dir='ltr'><strong>adorant</strong></span> <span class='ocrx_word' id='word_1_322' title='bbox 1136 3985 1150 4022; x_wconf 91' lang='lat'><strong>:</strong></span> <span class='ocrx_word' id='word_1_323' title='bbox 1181 3970 1271 4039; x_wconf 90' lang='lat' dir='ltr'><strong>qui</strong></span> <span class='ocrx_word' id='word_1_324' title='bbox 1300 3970 1393 4023; x_wconf 89' lang='lat' dir='ltr'><strong>lilii</strong></span> <span class='ocrx_word' id='word_1_325' title='bbox 1423 3979 1713 4043; x_wconf 83' lang='lat' dir='ltr'><strong>vocantur,</strong></span> 
     </span>
    </p>
   </div>
   <div class='ocr_carea' id='block_1_43' title="bbox 124 4040 1713 4111">
    <p class='ocr_par' dir='ltr' id='par_1_43' title="bbox 124 4040 1713 4111">
     <span class='ocr_line' id='line_1_43' title="bbox 124 4040 1713 4111; baseline 0 -15"><span class='ocrx_word' id='word_1_326' title='bbox 124 4042 455 4096; x_wconf 77' lang='lat' dir='ltr'><strong>beneﬁcium</strong></span> <span class='ocrx_word' id='word_1_327' title='bbox 484 4040 588 4095; x_wconf 82' lang='lat' dir='ltr'><strong>non</strong></span> <span class='ocrx_word' id='word_1_328' title='bbox 621 4041 916 4111; x_wconf 66' lang='lat' dir='ltr'><strong>recipiunt;</strong></span> <span class='ocrx_word' id='word_1_329' title='bbox 948 4041 1252 4111; x_wconf 57' lang='lat' dir='ltr'><strong>Chananiea</strong></span> <span class='ocrx_word' id='word_1_330' title='bbox 1283 4054 1408 4093; x_wconf 85' lang='lat' dir='ltr'><strong>vero</strong></span> <span class='ocrx_word' id='word_1_331' title='bbox 1436 4040 1586 4095; x_wconf 90' lang='lat' dir='ltr'><strong>canis</strong></span> <span class='ocrx_word' id='word_1_332' title='bbox 1613 4057 1713 4109; x_wconf 90' lang='lat' dir='ltr'><strong>ap-</strong></span> 
     </span>
    </p>
   </div>
   <div class='ocr_carea' id='block_1_44' title="bbox 123 4109 1716 4183">
    <p class='ocr_par' dir='ltr' id='par_1_44' title="bbox 123 4109 1716 4183">
     <span class='ocr_line' id='line_1_44' title="bbox 123 4109 1716 4183; baseline -0.005 -18"><span class='ocrx_word' id='word_1_333' title='bbox 123 4113 367 4183; x_wconf 79' lang='lat' dir='ltr'><strong>pellata,</strong></span> <span class='ocrx_word' id='word_1_334' title='bbox 396 4126 426 4165; x_wconf 90' lang='lat' dir='ltr'><strong>a</strong></span> <span class='ocrx_word' id='word_1_335' title='bbox 468 4113 707 4166; x_wconf 73' lang='lat' dir='ltr'><strong>lienelico</strong></span> <span class='ocrx_word' id='word_1_336' title='bbox 736 4109 853 4183; x_wconf 48' lang='grc' dir='ltr'>ίιιοιι</span> <span class='ocrx_word' id='word_1_337' title='bbox 900 4112 1119 4183; x_wconf 78' lang='lat' dir='ltr'><strong>recedit.</strong></span> <span class='ocrx_word' id='word_1_338' title='bbox 1150 4109 1275 4163; x_wconf 89' lang='lat' dir='ltr'><strong>ideo</strong></span> <span class='ocrx_word' id='word_1_339' title='bbox 1318 4125 1546 4178; x_wconf 86' lang='lat' dir='ltr'><strong>namque</strong></span> <span class='ocrx_word' id='word_1_340' title='bbox 1590 4112 1716 4168; x_wconf 69' lang='lat' dir='ltr'><strong>Ser.</strong></span> 
     </span>
    </p>
   </div>
   <div class='ocr_carea' id='block_1_45' title="bbox 119 4182 1712 4242">
    <p class='ocr_par' dir='ltr' id='par_1_45' title="bbox 119 4182 1712 4242">
     <span class='ocr_line' id='line_1_45' title="bbox 119 4182 1712 4242; baseline 0 -5"><span class='ocrx_word' id='word_1_341' title='bbox 119 4182 289 4237; x_wconf 84' lang='lat' dir='ltr'><strong>vator</strong></span> <span class='ocrx_word' id='word_1_342' title='bbox 335 4189 521 4237; x_wconf 85' lang='lat' dir='ltr'><strong>canem</strong></span> <span class='ocrx_word' id='word_1_343' title='bbox 566 4182 775 4236; x_wconf 87' lang='lat' dir='ltr'><strong>vocavit</strong></span> <span class='ocrx_word' id='word_1_344' title='bbox 818 4182 1132 4242; x_wconf 89' lang='lat' dir='ltr'><strong>mulierem,</strong></span> <span class='ocrx_word' id='word_1_345' title='bbox 1163 4195 1269 4234; x_wconf 92' lang='lat' dir='ltr'><strong>non</strong></span> <span class='ocrx_word' id='word_1_346' title='bbox 1300 4188 1358 4233; x_wconf 91' lang='lat' dir='ltr'><strong>ut</strong></span> <span class='ocrx_word' id='word_1_347' title='bbox 1391 4184 1712 4237; x_wconf 88' lang='lat' dir='ltr'><strong>contumelia</strong></span> 
     </span>
    </p>
   </div>
   <div class='ocr_carea' id='block_1_46' title="bbox 120 4248 1713 4319">
    <p class='ocr_par' dir='ltr' id='par_1_46' title="bbox 120 4248 1713 4319">
     <span class='ocr_line' id='line_1_46' title="bbox 120 4248 1713 4319; baseline 0.001 -12"><span class='ocrx_word' id='word_1_348' title='bbox 120 4254 396 4315; x_wconf 73' lang='lat' dir='ltr'><strong>alliceret,</strong></span> <span class='ocrx_word' id='word_1_349' title='bbox 418 4256 512 4307; x_wconf 84' lang='lat' dir='ltr'><strong>seu</strong></span> <span class='ocrx_word' id='word_1_350' title='bbox 537 4262 592 4306; x_wconf 91' lang='lat' dir='ltr'><strong>ut</strong></span> <span class='ocrx_word' id='word_1_351' title='bbox 610 4252 724 4319; x_wconf 86' lang='lat' dir='ltr'><strong>ejus</strong></span> <span class='ocrx_word' id='word_1_352' title='bbox 747 4251 994 4306; x_wconf 77' lang='lat' dir='ltr'><strong>allectum</strong></span> <span class='ocrx_word' id='word_1_353' title='bbox 1018 4248 1361 4319; x_wconf 77' lang='lat' dir='ltr'><strong>patefaceret,</strong></span> <span class='ocrx_word' id='word_1_354' title='bbox 1378 4250 1713 4309; x_wconf 82' lang='lat' dir='ltr'><strong>ostenderet-</strong></span> 
     </span>
    </p>
   </div>
   <div class='ocr_carea' id='block_1_47' title="bbox 116 4320 1706 4395">
    <p class='ocr_par' dir='ltr' id='par_1_47' title="bbox 116 4320 1706 4395">
     <span class='ocr_line' id='line_1_47' title="bbox 116 4320 1706 4395; baseline 0.001 -18"><span class='ocrx_word' id='word_1_355' title='bbox 116 4340 238 4395; x_wconf 89' lang='lat' dir='ltr'><strong>que</strong></span> <span class='ocrx_word' id='word_1_356' title='bbox 271 4331 456 4394; x_wconf 85' lang='lat' dir='ltr'><strong>gentcs</strong></span> <span class='ocrx_word' id='word_1_357' title='bbox 484 4323 679 4395; x_wconf 87' lang='lat' dir='ltr'><strong>probro</strong></span> <span class='ocrx_word' id='word_1_358' title='bbox 703 4322 971 4395; x_wconf 13' lang='lat' dir='ltr'><strong>ali‘ectasga</strong></span> <span class='ocrx_word' id='word_1_359' title='bbox 1004 4320 1245 4395; x_wconf 67' lang='lat' dir='ltr'><strong>benefice</strong></span> <span class='ocrx_word' id='word_1_360' title='bbox 1276 4336 1381 4374; x_wconf 92' lang='lat' dir='ltr'><strong>non</strong></span> <span class='ocrx_word' id='word_1_361' title='bbox 1402 4320 1661 4379; x_wconf 87' lang='lat' dir='ltr'><strong>absistere</strong></span> <span class='ocrx_word' id='word_1_362' title='bbox 1689 4365 1706 4390; x_wconf 96' lang='lat'><strong>,</strong></span> 
     </span>
    </p>
   </div>
   <div class='ocr_carea' id='block_1_48' title="bbox 119 4391 1706 4464">
    <p class='ocr_par' dir='ltr' id='par_1_48' title="bbox 119 4391 1706 4464">
     <span class='ocr_line' id='line_1_48' title="bbox 119 4391 1706 4464; baseline 0.001 -15"><span class='ocrx_word' id='word_1_363' title='bbox 119 4391 392 4449; x_wconf 74' lang='lat' dir='ltr'><strong>Israelem</strong></span> <span class='ocrx_word' id='word_1_364' title='bbox 422 4391 548 4448; x_wconf 86' lang='lat' dir='ltr'><strong>vero</strong></span> <span class='ocrx_word' id='word_1_365' title='bbox 578 4394 837 4448; x_wconf 82' lang='lat' dir='ltr'><strong>beneficio</strong></span> <span class='ocrx_word' id='word_1_366' title='bbox 855 4392 1101 4464; x_wconf 65' lang='lat' dir='ltr'><strong>allectum</strong></span> <span class='ocrx_word' id='word_1_367' title='bbox 1123 4391 1706 4464; x_wconf 12' lang='lat' dir='ltr'><strong>Senatoretninegare.</strong></span> 
     </span>
    </p>
   </div>
   <div class='ocr_carea' id='block_1_49' title="bbox 121 4461 1708 4532">
    <p class='ocr_par' dir='ltr' id='par_1_49' title="bbox 121 4461 1708 4532">
     <span class='ocr_line' id='line_1_49' title="bbox 121 4461 1708 4532; baseline 0 -12"><span class='ocrx_word' id='word_1_368' title='bbox 121 4465 243 4520; x_wconf 84' lang='lat' dir='ltr'><strong>Fili</strong></span> <span class='ocrx_word' id='word_1_369' title='bbox 274 4464 456 4528; x_wconf 79' lang='lat' dir='ltr'><strong>David,</strong></span> <span class='ocrx_word' id='word_1_370' title='bbox 486 4464 717 4519; x_wconf 74' lang='lat' dir='ltr'><strong>miserere</strong></span> <span class='ocrx_word' id='word_1_371' title='bbox 741 4464 857 4520; x_wconf 89' lang='lat' dir='ltr'><strong>mei.</strong></span> <span class='ocrx_word' id='word_1_372' title='bbox 885 4462 953 4518; x_wconf 85' lang='lat' dir='ltr'><strong>Et</strong></span> <span class='ocrx_word' id='word_1_373' title='bbox 976 4462 1067 4531; x_wconf 85' lang='lat' dir='ltr'><strong>qui</strong></span> <span class='ocrx_word' id='word_1_374' title='bbox 1086 4477 1275 4518; x_wconf 89' lang='lat' dir='ltr'><strong>omnes</strong></span> <span class='ocrx_word' id='word_1_375' title='bbox 1291 4461 1524 4526; x_wconf 88' lang='lat' dir='ltr'><strong>exaudit,</strong></span> <span class='ocrx_word' id='word_1_376' title='bbox 1548 4461 1708 4532; x_wconf 75' lang='lat' dir='ltr'><strong>tacet,</strong></span> 
     </span>
    </p>
   </div>
   <div class='ocr_carea' id='block_1_50' title="bbox 115 4532 1708 4604">
    <p class='ocr_par' dir='ltr' id='par_1_50' title="bbox 115 4532 1708 4604">
     <span class='ocr_line' id='line_1_50' title="bbox 115 4532 1708 4604; baseline -0.001 -12"><span class='ocrx_word' id='word_1_377' title='bbox 115 4553 237 4592; x_wconf 90' lang='lat' dir='ltr'><strong>non</strong></span> <span class='ocrx_word' id='word_1_378' title='bbox 270 4546 326 4589; x_wconf 90' lang='lat' dir='ltr'><strong>ut</strong></span> <span class='ocrx_word' id='word_1_379' title='bbox 354 4543 657 4604; x_wconf 90' lang='lat' dir='ltr'><strong>precantem</strong></span> <span class='ocrx_word' id='word_1_380' title='bbox 683 4543 919 4604; x_wconf 82' lang='lat' dir='ltr'><strong>respuat,</strong></span> <span class='ocrx_word' id='word_1_381' title='bbox 937 4533 1030 4589; x_wconf 89' lang='lat' dir='ltr'><strong>sed</strong></span> <span class='ocrx_word' id='word_1_382' title='bbox 1057 4541 1115 4587; x_wconf 90' lang='lat' dir='ltr'><strong>ut</strong></span> <span class='ocrx_word' id='word_1_383' title='bbox 1141 4534 1259 4604; x_wconf 84' lang='lat' dir='ltr'><strong>ejus</strong></span> <span class='ocrx_word' id='word_1_384' title='bbox 1286 4532 1441 4604; x_wconf 86' lang='lat' dir='ltr'><strong>Iidem</strong></span> <span class='ocrx_word' id='word_1_385' title='bbox 1467 4534 1708 4604; x_wconf 82' lang='lat' dir='ltr'><strong>splendi-</strong></span> 
     </span>
    </p>
   </div>
   <div class='ocr_carea' id='block_1_51' title="bbox 112 4602 1704 4669">
    <p class='ocr_par' dir='ltr' id='par_1_51' title="bbox 112 4602 1704 4669">
     <span class='ocr_line' id='line_1_51' title="bbox 112 4602 1704 4669; baseline 0.002 -8"><span class='ocrx_word' id='word_1_386' title='bbox 112 4607 336 4661; x_wconf 87' lang='lat' dir='ltr'><strong>diorem</strong></span> <span class='ocrx_word' id='word_1_387' title='bbox 355 4602 547 4662; x_wconf 77' lang='lat' dir='ltr'><strong>reddat</strong></span> <span class='ocrx_word' id='word_1_388' title='bbox 570 4616 589 4658; x_wconf 85' lang='lat'><strong>:&#39;</strong></span> <span class='ocrx_word' id='word_1_389' title='bbox 602 4602 902 4661; x_wconf 35' lang='lat' dir='ltr'><strong>Chana‘naza</strong></span> <span class='ocrx_word' id='word_1_390' title='bbox 928 4618 1145 4669; x_wconf 79' lang='lat' dir='ltr'><strong>genere,</strong></span> <span class='ocrx_word' id='word_1_391' title='bbox 1164 4603 1300 4658; x_wconf 79' lang='lat' dir='ltr'><strong>Abra</strong></span> <span class='ocrx_word' id='word_1_392' title='bbox 1309 4602 1553 4659; x_wconf 78' lang='lat' dir='ltr'><strong>hamitiea</strong></span> <span class='ocrx_word' id='word_1_393' title='bbox 1582 4605 1704 4663; x_wconf 88' lang='lat' dir='ltr'><strong>fide.</strong></span> 
     </span>
    </p>
   </div>
   <div class='ocr_carea' id='block_1_52' title="bbox 114 4675 1707 4745">
    <p class='ocr_par' dir='ltr' id='par_1_52' title="bbox 114 4675 1707 4745">
     <span class='ocr_line' id='line_1_52' title="bbox 114 4675 1707 4745; baseline 0 -14"><span class='ocrx_word' id='word_1_394' title='bbox 114 4676 238 4731; x_wconf 76' lang='lat' dir='ltr'><strong>Fili</strong></span> <span class='ocrx_word' id='word_1_395' title='bbox 268 4676 436 4732; x_wconf 79' lang='lat' dir='ltr'><strong>David</strong></span> <span class='ocrx_word' id='word_1_396' title='bbox 459 4718 473 4742; x_wconf 91' lang='lat'><strong>,</strong></span> <span class='ocrx_word' id='word_1_397' title='bbox 502 4677 734 4731; x_wconf 73' lang='lat' dir='ltr'><strong>miserere</strong></span> <span class='ocrx_word' id='word_1_398' title='bbox 762 4677 877 4729; x_wconf 88' lang='lat' dir='ltr'><strong>mei.</strong></span> <span class='ocrx_word' id='word_1_399' title='bbox 905 4675 971 4729; x_wconf 86' lang='lat' dir='ltr'><strong>Et</strong></span> <span class='ocrx_word' id='word_1_400' title='bbox 994 4676 1084 4745; x_wconf 93' lang='lat' dir='ltr'><strong>qui</strong></span> <span class='ocrx_word' id='word_1_401' title='bbox 1116 4675 1198 4729; x_wconf 91' lang='lat' dir='ltr'><strong>vel</strong></span> <span class='ocrx_word' id='word_1_402' title='bbox 1226 4684 1349 4728; x_wconf 90' lang='lat' dir='ltr'><strong>ante</strong></span> <span class='ocrx_word' id='word_1_403' title='bbox 1375 4676 1486 4730; x_wconf 86' lang='lat' dir='ltr'><strong>oris</strong></span> <span class='ocrx_word' id='word_1_404' title='bbox 1506 4675 1707 4731; x_wconf 82' lang='lat' dir='ltr'><strong>clamo-</strong></span> 
     </span>
    </p>
   </div>
   <div class='ocr_carea' id='block_1_53' title="bbox 112 4745 1700 4818">
    <p class='ocr_par' dir='ltr' id='par_1_53' title="bbox 112 4745 1700 4818">
     <span class='ocr_line' id='line_1_53' title="bbox 112 4745 1700 4818; baseline -0.001 -15"><span class='ocrx_word' id='word_1_405' title='bbox 112 4764 243 4803; x_wconf 90' lang='lat' dir='ltr'><strong>rem</strong></span> <span class='ocrx_word' id='word_1_406' title='bbox 291 4749 453 4804; x_wconf 87' lang='lat' dir='ltr'><strong>animi</strong></span> <span class='ocrx_word' id='word_1_407' title='bbox 503 4746 916 4818; x_wconf 83' lang='lat' dir='ltr'><strong>supplicationes</strong></span> <span class='ocrx_word' id='word_1_408' title='bbox 968 4746 1379 4808; x_wconf 76' lang='lat' dir='ltr'><strong>exaudit,taoet</strong></span> <span class='ocrx_word' id='word_1_409' title='bbox 1410 4757 1469 4818; x_wconf 84' lang='lat' dir='ltr'><strong>et</strong></span> <span class='ocrx_word' id='word_1_410' title='bbox 1490 4745 1700 4811; x_wconf 78' lang='lat' dir='ltr'><strong>dill&#39;ert;</strong></span> 
     </span>
    </p>
   </div>
   <div class='ocr_carea' id='block_1_54' title="bbox 114 4815 1706 4898">
    <p class='ocr_par' dir='ltr' id='par_1_54' title="bbox 114 4815 1706 4898">
     <span class='ocr_line' id='line_1_54' title="bbox 114 4815 1706 4898; baseline 0.001 -27"><span class='ocrx_word' id='word_1_411' title='bbox 114 4819 379 4898; x_wconf 80' lang='lat' dir='ltr'><strong>visusque</strong></span> <span class='ocrx_word' id='word_1_412' title='bbox 405 4829 488 4897; x_wconf 82' lang='lat' dir='ltr'><strong>est</strong></span> <span class='ocrx_word' id='word_1_413' title='bbox 525 4815 780 4888; x_wconf 87' lang='lat' dir='ltr'><strong>apostolis</strong></span> <span class='ocrx_word' id='word_1_414' title='bbox 804 4815 1125 4898; x_wconf 67' lang='lat' dir='ltr'><strong>inhumanus</strong></span> <span class='ocrx_word' id='word_1_415' title='bbox 1148 4829 1268 4898; x_wconf 82' lang='lat' dir='ltr'><strong>esse</strong></span> <span class='ocrx_word' id='word_1_416' title='bbox 1289 4856 1305 4884; x_wconf 93' lang='lat'><strong>,</strong></span> <span class='ocrx_word' id='word_1_417' title='bbox 1330 4816 1472 4898; x_wconf 70' lang='lat' dir='ltr'><strong>quod</strong></span> <span class='ocrx_word' id='word_1_418' title='bbox 1501 4818 1706 4898; x_wconf 73' lang='lat' dir='ltr'><strong>suppli-</strong></span> 
     </span>
    </p>
   </div>
   <div class='ocr_carea' id='block_1_55' title="bbox 108 4887 1702 4958">
    <p class='ocr_par' dir='ltr' id='par_1_55' title="bbox 108 4887 1702 4958">
     <span class='ocr_line' id='line_1_55' title="bbox 108 4887 1702 4958; baseline 0.001 -14"><span class='ocrx_word' id='word_1_419' title='bbox 108 4887 391 4945; x_wconf 86' lang='lat' dir='ltr'><strong>cationem</strong></span> <span class='ocrx_word' id='word_1_420' title='bbox 420 4893 622 4946; x_wconf 84' lang='lat' dir='ltr'><strong>tantam</strong></span> <span class='ocrx_word' id='word_1_421' title='bbox 652 4896 950 4958; x_wconf 84' lang='lat' dir='ltr'><strong>respueret.</strong></span> <span class='ocrx_word' id='word_1_422' title='bbox 1001 4888 1297 4957; x_wconf 87' lang='lat' dir='ltr'><strong>Dicuntque</strong></span> <span class='ocrx_word' id='word_1_423' title='bbox 1314 4887 1371 4958; x_wconf 80' lang='lat' dir='ltr'><strong>ei</strong></span> <span class='ocrx_word' id='word_1_424' title='bbox 1413 4887 1659 4958; x_wconf 78' lang='lat' dir='ltr'><strong>discipuli</strong></span> <span class='ocrx_word' id='word_1_425' title='bbox 1688 4908 1702 4945; x_wconf 90' lang='lat'><strong>:</strong></span> 
     </span>
    </p>
   </div>
   <div class='ocr_carea' id='block_1_56' title="bbox 111 4903 1696 5030">
    <p class='ocr_par' dir='ltr' id='par_1_56' title="bbox 111 4903 1696 5030">
     <span class='ocr_line' id='line_1_56' title="bbox 111 4903 1696 4958; baseline 0.001 -14"><span class='ocrx_word' id='word_1_426' title='bbox 111 4903 391 4945; x_wconf 82' lang='lat' dir='ltr'><strong>cationem</strong></span> <span class='ocrx_word' id='word_1_427' title='bbox 420 4903 622 4946; x_wconf 87' lang='lat' dir='ltr'><strong>tantam</strong></span> <span class='ocrx_word' id='word_1_428' title='bbox 652 4903 950 4958; x_wconf 85' lang='lat' dir='ltr'><strong>respueret.</strong></span> <span class='ocrx_word' id='word_1_429' title='bbox 1001 4903 1297 4957; x_wconf 86' lang='lat' dir='ltr'><strong>mcuntque</strong></span> <span class='ocrx_word' id='word_1_430' title='bbox 1320 4903 1371 4942; x_wconf 88' lang='lat' dir='ltr'><strong>et</strong></span> <span class='ocrx_word' id='word_1_431' title='bbox 1413 4903 1543 4943; x_wconf 82' lang='lat' dir='ltr'><strong>uisci</strong></span> <span class='ocrx_word' id='word_1_432' title='bbox 1590 4903 1659 4945; x_wconf 92' lang='lat' dir='ltr'><strong>uu</strong></span> <span class='ocrx_word' id='word_1_433' title='bbox 1688 4909 1696 4945; x_wconf 89' lang='lat'><strong><em>:</em></strong></span> 
     </span>
     <span class='ocr_line' id='line_1_57' title="bbox 111 4903 1696 5030; baseline 0.004 -20"><span class='ocrx_word' id='word_1_434' title='bbox 111 4959 338 5030; x_wconf 75' lang='lat' dir='ltr'><strong>Dimitte</strong></span> <span class='ocrx_word' id='word_1_435' title='bbox 369 4960 513 5015; x_wconf 87' lang='lat' dir='ltr'><strong>illam</strong></span> <span class='ocrx_word' id='word_1_436' title='bbox 549 4960 669 5030; x_wconf 83' lang='lat' dir='ltr'><strong>quia</strong></span> <span class='ocrx_word' id='word_1_437' title='bbox 714 4960 901 5015; x_wconf 87' lang='lat' dir='ltr'><strong>clamat</strong></span> <span class='ocrx_word' id='word_1_438' title='bbox 949 4969 1061 5030; x_wconf 83' lang='lat' dir='ltr'><strong>post</strong></span> <span class='ocrx_word' id='word_1_439' title='bbox 1112 4974 1203 5011; x_wconf 83' lang='lat' dir='ltr'><strong>nos</strong></span> <span class='ocrx_word' id='word_1_440' title='bbox 1237 4958 1260 5030; x_wconf 14' lang='grc' dir='ltr'><strong>ί(</strong></span> <span class='ocrx_word' id='word_1_441' title='bbox 1282 4956 1441 5030; x_wconf 81' lang='lat' dir='ltr'><strong>_Ibid.</strong></span> <span class='ocrx_word' id='word_1_442' title='bbox 1466 4974 1514 5012; x_wconf 80' lang='grc' dir='ltr'><strong>υ.</strong></span> <span class='ocrx_word' id='word_1_443' title='bbox 1659 4960 1696 5029; x_wconf 92' lang='grc'><strong>).</strong></span> 
     </span>
    </p>
   </div>
   <div class='ocr_carea' id='block_1_57' title="bbox 107 5028 1703 5099">
    <p class='ocr_par' dir='ltr' id='par_1_57' title="bbox 107 5028 1703 5099">
     <span class='ocr_line' id='line_1_58' title="bbox 107 5028 1703 5099; baseline 0.001 -16"><span class='ocrx_word' id='word_1_444' title='bbox 107 5028 260 5087; x_wconf 81' lang='lat' dir='ltr'><strong>Nunt</strong></span> <span class='ocrx_word' id='word_1_445' title='bbox 285 5040 361 5097; x_wconf 94' lang='lat' dir='ltr'><strong>tu,</strong></span> <span class='ocrx_word' id='word_1_446' title='bbox 385 5028 578 5093; x_wconf 76' lang='lat' dir='ltr'><strong>Petra,</strong></span> <span class='ocrx_word' id='word_1_447' title='bbox 610 5046 736 5085; x_wconf 91' lang='lat' dir='ltr'><strong>num</strong></span> <span class='ocrx_word' id='word_1_448' title='bbox 782 5040 855 5096; x_wconf 91' lang='lat' dir='ltr'><strong>tn,</strong></span> <span class='ocrx_word' id='word_1_449' title='bbox 890 5028 1102 5084; x_wconf 80' lang='lat' dir='ltr'><strong>Andrea</strong></span> <span class='ocrx_word' id='word_1_450' title='bbox 1124 5069 1139 5091; x_wconf 92' lang='lat'><strong>,</strong></span> <span class='ocrx_word' id='word_1_451' title='bbox 1166 5029 1249 5099; x_wconf 81' lang='lat' dir='ltr'><strong>vel</strong></span> <span class='ocrx_word' id='word_1_452' title='bbox 1280 5028 1519 5099; x_wconf 85' lang='lat' dir='ltr'><strong>Philippe</strong></span> <span class='ocrx_word' id='word_1_453' title='bbox 1537 5069 1553 5094; x_wconf 92' lang='lat'><strong>,</strong></span> <span class='ocrx_word' id='word_1_454' title='bbox 1575 5028 1703 5085; x_wconf 86' lang='lat' dir='ltr'><strong>Ser-</strong></span> 
     </span>
    </p>
   </div>
   <div class='ocr_carea' id='block_1_58' title="bbox 104 5098 1701 5170">
    <p class='ocr_par' dir='ltr' id='par_1_58' title="bbox 104 5098 1701 5170">
     <span class='ocr_line' id='line_1_59' title="bbox 104 5098 1701 5170; baseline 0.001 -16"><span class='ocrx_word' id='word_1_455' title='bbox 104 5111 309 5155; x_wconf 84' lang='lat' dir='ltr'><strong>vatore</strong></span> <span class='ocrx_word' id='word_1_456' title='bbox 338 5102 682 5170; x_wconf 87' lang='lat' dir='ltr'><strong>humaniores</strong></span> <span class='ocrx_word' id='word_1_457' title='bbox 707 5101 881 5156; x_wconf 72' lang='lat' dir='ltr'><strong>estis?</strong></span> <span class='ocrx_word' id='word_1_458' title='bbox 907 5114 1034 5155; x_wconf 90' lang='lat' dir='ltr'><strong>num</strong></span> <span class='ocrx_word' id='word_1_459' title='bbox 1063 5114 1157 5153; x_wconf 90' lang='lat' dir='ltr'><strong>vos</strong></span> <span class='ocrx_word' id='word_1_460' title='bbox 1183 5098 1332 5154; x_wconf 84' lang='lat' dir='ltr'><strong>ﬂexit</strong></span> <span class='ocrx_word' id='word_1_461' title='bbox 1357 5098 1617 5170; x_wconf 80' lang='lat' dir='ltr'><strong>precatio,</strong></span> <span class='ocrx_word' id='word_1_462' title='bbox 1644 5108 1701 5155; x_wconf 89' lang='lat' dir='ltr'><strong>et</strong></span> 
     </span>
    </p>
   </div>
   <div class='ocr_carea' id='block_1_59' title="bbox 105 5169 1700 5242">
    <p class='ocr_par' dir='ltr' id='par_1_59' title="bbox 105 5169 1700 5242">
     <span class='ocr_line' id='line_1_60' title="bbox 105 5169 1700 5242; baseline -0.002 -14"><span class='ocrx_word' id='word_1_463' title='bbox 105 5173 464 5228; x_wconf 76' lang='lat' dir='ltr'><strong>Senatorem</strong></span> <span class='ocrx_word' id='word_1_464' title='bbox 493 5187 598 5227; x_wconf 94' lang='lat' dir='ltr'><strong>non</strong></span> <span class='ocrx_word' id='word_1_465' title='bbox 626 5169 802 5226; x_wconf 77' lang='lat' dir='ltr'><strong>aﬂ‘ecit</strong></span> <span class='ocrx_word' id='word_1_466' title='bbox 823 5170 1175 5242; x_wconf 76' lang='lat' dir='ltr'><strong>supplicatio?</strong></span> <span class='ocrx_word' id='word_1_467' title='bbox 1202 5169 1369 5242; x_wconf 60' lang='lat' dir='ltr'><strong>certe</strong></span> <span class='ocrx_word' id='word_1_468' title='bbox 1384 5183 1482 5242; x_wconf 80' lang='lat' dir='ltr'><strong>vos</strong></span> <span class='ocrx_word' id='word_1_469' title='bbox 1501 5183 1700 5242; x_wconf 80' lang='lat' dir='ltr'><strong>secun-</strong></span> 
     </span>
    </p>
   </div>
   <div class='ocr_carea' id='block_1_60' title="bbox 101 5239 1697 5312">
    <p class='ocr_par' dir='ltr' id='par_1_60' title="bbox 101 5239 1697 5312">
     <span class='ocr_line' id='line_1_61' title="bbox 101 5239 1697 5312; baseline -0.002 -14"><span class='ocrx_word' id='word_1_470' title='bbox 101 5244 249 5298; x_wconf 90' lang='lat' dir='ltr'><strong>dum</strong></span> <span class='ocrx_word' id='word_1_471' title='bbox 276 5243 353 5297; x_wconf 86' lang='lat' dir='ltr'><strong>rei</strong></span> <span class='ocrx_word' id='word_1_472' title='bbox 383 5242 572 5298; x_wconf 84' lang='lat' dir='ltr'><strong>faciem</strong></span> <span class='ocrx_word' id='word_1_473' title='bbox 598 5242 849 5312; x_wconf 75' lang='lat' dir='ltr'><strong>iudicatis</strong></span> <span class='ocrx_word' id='word_1_474' title='bbox 870 5239 1015 5312; x_wconf 60' lang='lat' dir='ltr'><strong>{ego</strong></span> <span class='ocrx_word' id='word_1_475' title='bbox 1039 5239 1331 5312; x_wconf 83' lang='lat' dir='ltr'><strong>secundum</strong></span> <span class='ocrx_word' id='word_1_476' title='bbox 1372 5239 1547 5312; x_wconf 83' lang='lat' dir='ltr'><strong>animi</strong></span> <span class='ocrx_word' id='word_1_477' title='bbox 1560 5239 1697 5312; x_wconf 68' lang='lat' dir='ltr'><strong>alie-</strong></span> 
     </span>
    </p>
   </div>
   <div class='ocr_carea' id='block_1_61' title="bbox 99 5310 1695 5384">
    <p class='ocr_par' dir='ltr' id='par_1_61' title="bbox 99 5310 1695 5384">
     <span class='ocr_line' id='line_1_62' title="bbox 99 5310 1695 5384; baseline -0.002 -16"><span class='ocrx_word' id='word_1_478' title='bbox 99 5324 265 5384; x_wconf 89' lang='lat' dir='ltr'><strong>ctum</strong></span> <span class='ocrx_word' id='word_1_479' title='bbox 297 5315 615 5369; x_wconf 89' lang='lat' dir='ltr'><strong>sententiam</strong></span> <span class='ocrx_word' id='word_1_480' title='bbox 643 5311 791 5384; x_wconf 81' lang='lat' dir='ltr'><strong>fero;</strong></span> <span class='ocrx_word' id='word_1_481' title='bbox 812 5310 1037 5384; x_wconf 76' lang='lat' dir='ltr'><strong>gratiam</strong></span> <span class='ocrx_word' id='word_1_482' title='bbox 1055 5310 1267 5384; x_wconf 60' lang='grc' dir='ltr'><strong>ῥῦσαι-ο,</strong></span> <span class='ocrx_word' id='word_1_483' title='bbox 1287 5320 1345 5384; x_wconf 82' lang='lat' dir='ltr'><strong>ut</strong></span> <span class='ocrx_word' id='word_1_484' title='bbox 1364 5310 1695 5384; x_wconf 86' lang='lat' dir='ltr'><strong>splendidam</strong></span> 
     </span>
    </p>
   </div>
   <div class='ocr_carea' id='block_1_62' title="bbox 99 5380 1699 5455">
    <p class='ocr_par' dir='ltr' id='par_1_62' title="bbox 99 5380 1699 5455">
     <span class='ocr_line' id='line_1_63' title="bbox 99 5380 1699 5455; baseline -0.004 -15"><span class='ocrx_word' id='word_1_485' title='bbox 99 5383 280 5455; x_wconf 76' lang='lat' dir='ltr'><strong>iidem</strong></span> <span class='ocrx_word' id='word_1_486' title='bbox 321 5398 652 5455; x_wconf 62' lang='lat' dir='ltr'><strong>expromam.</strong></span> <span class='ocrx_word' id='word_1_487' title='bbox 688 5380 959 5455; x_wconf 56' lang='lat' dir='ltr'><strong>Nan&#39;snm</strong></span> <span class='ocrx_word' id='word_1_488' title='bbox 999 5381 1182 5455; x_wconf 63' lang='lat' dir='ltr'><strong>missas</strong></span> <span class='ocrx_word' id='word_1_489' title='bbox 1214 5381 1313 5455; x_wconf 68' lang='lat' dir='ltr'><strong>nisi</strong></span> <span class='ocrx_word' id='word_1_490' title='bbox 1341 5380 1409 5434; x_wconf 79' lang='lat' dir='ltr'><strong>ad</strong></span> <span class='ocrx_word' id='word_1_491' title='bbox 1437 5396 1551 5435; x_wconf 78' lang='lat' dir='ltr'><strong>ores</strong></span> <span class='ocrx_word' id='word_1_492' title='bbox 1587 5396 1699 5450; x_wconf 68' lang='lat' dir='ltr'><strong>qua</strong></span> 
     </span>
    </p>
   </div>
   <div class='ocr_carea' id='block_1_63' title="bbox 96 5450 1697 5523">
    <p class='ocr_par' dir='ltr' id='par_1_63' title="bbox 96 5450 1697 5523">
     <span class='ocr_line' id='line_1_64' title="bbox 96 5450 1697 5523; baseline -0.001 -15"><span class='ocrx_word' id='word_1_493' title='bbox 96 5450 584 5523; x_wconf 63' lang='lat' dir='ltr'><strong>perierunt&#39;domus</strong></span> <span class='ocrx_word' id='word_1_494' title='bbox 628 5453 791 5509; x_wconf 83' lang='lat' dir='ltr'><strong>Israel</strong></span> <span class='ocrx_word' id='word_1_495' title='bbox 818 5453 980 5523; x_wconf 81' lang='lat' dir='ltr'><strong>(Ibid.</strong></span> <span class='ocrx_word' id='word_1_496' title='bbox 1011 5467 1059 5523; x_wconf 78' lang='grc' dir='ltr'>ιι.</span> <span class='ocrx_word' id='word_1_497' title='bbox 1098 5451 1213 5521; x_wconf 69' lang='grc'><strong>24).</strong></span> <span class='ocrx_word' id='word_1_498' title='bbox 1242 5450 1379 5523; x_wconf 84' lang='lat' dir='ltr'><strong>Num</strong></span> <span class='ocrx_word' id='word_1_499' title='bbox 1411 5457 1592 5521; x_wconf 79' lang='lat' dir='ltr'><strong>pastor</strong></span> <span class='ocrx_word' id='word_1_500' title='bbox 1615 5462 1697 5507; x_wconf 85' lang='lat' dir='ltr'><strong>est</strong></span> 
     </span>
    </p>
   </div>
   <div class='ocr_carea' id='block_1_64' title="bbox 102 5521 1692 5592">
    <p class='ocr_par' dir='ltr' id='par_1_64' title="bbox 102 5521 1692 5592">
     <span class='ocr_line' id='line_1_65' title="bbox 102 5521 1692 5592; baseline -0.004 -11"><span class='ocrx_word' id='word_1_501' title='bbox 102 5521 482 5581; x_wconf 84' lang='lat' dir='ltr'><strong>lsraelitarum</strong></span> <span class='ocrx_word' id='word_1_502' title='bbox 505 5526 527 5578; x_wconf 83' lang='lat'><strong>?</strong></span> <span class='ocrx_word' id='word_1_503' title='bbox 551 5539 730 5579; x_wconf 90' lang='lat' dir='ltr'><strong>annon</strong></span> <span class='ocrx_word' id='word_1_504' title='bbox 777 5521 938 5578; x_wconf 80' lang='lat' dir='ltr'><strong>totius</strong></span> <span class='ocrx_word' id='word_1_505' title='bbox 979 5522 1127 5592; x_wconf 82' lang='lat' dir='ltr'><strong>orbis</strong></span> <span class='ocrx_word' id='word_1_506' title='bbox 1153 5521 1407 5592; x_wconf 85' lang='lat' dir='ltr'><strong>Dominus</strong></span> <span class='ocrx_word' id='word_1_507' title='bbox 1431 5563 1446 5585; x_wconf 91' lang='lat'><strong>,</strong></span> <span class='ocrx_word' id='word_1_508' title='bbox 1475 5531 1659 5592; x_wconf 84' lang='lat' dir='ltr'><strong>pastor</strong></span> <span class='ocrx_word' id='word_1_509' title='bbox 1677 5563 1692 5587; x_wconf 90' lang='lat'><strong>,</strong></span> 
     </span>
    </p>
   </div>
   <div class='ocr_carea' id='block_1_65' title="bbox 94 5590 1695 5662">
    <p class='ocr_par' dir='ltr' id='par_1_65' title="bbox 94 5590 1695 5662">
     <span class='ocr_line' id='line_1_66' title="bbox 94 5590 1695 5662; baseline -0.004 -9"><span class='ocrx_word' id='word_1_510' title='bbox 94 5595 520 5653; x_wconf 84' lang='lat' dir='ltr'><strong>administrator</strong></span> <span class='ocrx_word' id='word_1_511' title='bbox 536 5604 591 5650; x_wconf 90' lang='lat' dir='ltr'><strong>et</strong></span> <span class='ocrx_word' id='word_1_512' title='bbox 614 5595 889 5662; x_wconf 86' lang='lat' dir='ltr'><strong>provisor?</strong></span> <span class='ocrx_word' id='word_1_513' title='bbox 914 5592 1030 5648; x_wconf 78' lang='lat' dir='ltr'><strong>Non</strong></span> <span class='ocrx_word' id='word_1_514' title='bbox 1053 5590 1209 5657; x_wconf 87' lang='lat' dir='ltr'><strong>dixit,</strong></span> <span class='ocrx_word' id='word_1_515' title='bbox 1232 5591 1346 5646; x_wconf 82' lang='lat' dir='ltr'><strong>Non</strong></span> <span class='ocrx_word' id='word_1_516' title='bbox 1373 5590 1493 5646; x_wconf 78' lang='lat' dir='ltr'><strong>sum</strong></span> <span class='ocrx_word' id='word_1_517' title='bbox 1517 5601 1695 5662; x_wconf 83' lang='lat' dir='ltr'><strong>pastor</strong></span> 
     </span>
    </p>
   </div>
   <div class='ocr_carea' id='block_1_66' title="bbox 92 5663 1691 5732">
    <p class='ocr_par' dir='ltr' id='par_1_66' title="bbox 92 5663 1691 5732">
     <span class='ocr_line' id='line_1_67' title="bbox 92 5663 1691 5732; baseline -0.003 -9"><span class='ocrx_word' id='word_1_518' title='bbox 92 5667 345 5724; x_wconf 79' lang='lat' dir='ltr'><strong>aliorum</strong></span> <span class='ocrx_word' id='word_1_519' title='bbox 370 5681 386 5732; x_wconf 88' lang='lat'><strong>;</strong></span> <span class='ocrx_word' id='word_1_520' title='bbox 418 5666 512 5719; x_wconf 90' lang='lat' dir='ltr'><strong>sed</strong></span> <span class='ocrx_word' id='word_1_521' title='bbox 538 5706 553 5729; x_wconf 88' lang='lat'><strong>,</strong></span> <span class='ocrx_word' id='word_1_522' title='bbox 582 5663 695 5719; x_wconf 83' lang='lat' dir='ltr'><strong>Non</strong></span> <span class='ocrx_word' id='word_1_523' title='bbox 724 5678 843 5719; x_wconf 88' lang='lat' dir='ltr'><strong>sum</strong></span> <span class='ocrx_word' id='word_1_524' title='bbox 874 5664 939 5718; x_wconf 88' lang='lat' dir='ltr'><strong>ad</strong></span> <span class='ocrx_word' id='word_1_525' title='bbox 968 5663 1071 5718; x_wconf 90' lang='lat' dir='ltr'><strong>hoc</strong></span> <span class='ocrx_word' id='word_1_526' title='bbox 1098 5663 1329 5727; x_wconf 86' lang='lat' dir='ltr'><strong>missus;</strong></span> <span class='ocrx_word' id='word_1_527' title='bbox 1361 5678 1470 5717; x_wconf 87' lang='lat' dir='ltr'><strong>non</strong></span> <span class='ocrx_word' id='word_1_528' title='bbox 1495 5677 1691 5718; x_wconf 87' lang='lat' dir='ltr'><strong>secun-</strong></span> 
     </span>
    </p>
   </div>
   <div class='ocr_carea' id='block_1_67' title="bbox 94 5732 1690 5809">
    <p class='ocr_par' dir='ltr' id='par_1_67' title="bbox 94 5732 1690 5809">
     <span class='ocr_line' id='line_1_68' title="bbox 94 5732 1690 5809; baseline 0.001 -14"><span class='ocrx_word' id='word_1_529' title='bbox 94 5742 244 5796; x_wconf 84' lang='lat' dir='ltr'><strong>dum</strong></span> <span class='ocrx_word' id='word_1_530' title='bbox 272 5736 355 5794; x_wconf 85' lang='lat' dir='ltr'><strong>rei</strong></span> <span class='ocrx_word' id='word_1_531' title='bbox 387 5736 664 5791; x_wconf 85' lang='lat' dir='ltr'><strong>veritatem</strong></span> <span class='ocrx_word' id='word_1_532' title='bbox 708 5736 933 5804; x_wconf 88' lang='lat' dir='ltr'><strong>loquens</strong></span> <span class='ocrx_word' id='word_1_533' title='bbox 953 5776 969 5801; x_wconf 93' lang='lat'><strong>,</strong></span> <span class='ocrx_word' id='word_1_534' title='bbox 997 5732 1092 5789; x_wconf 87' lang='lat' dir='ltr'><strong>sed</strong></span> <span class='ocrx_word' id='word_1_535' title='bbox 1120 5734 1377 5791; x_wconf 83' lang='lat' dir='ltr'><strong>simulans</strong></span> <span class='ocrx_word' id='word_1_536' title='bbox 1402 5781 1418 5809; x_wconf 84' lang='lat'><strong>,</strong></span> <span class='ocrx_word' id='word_1_537' title='bbox 1448 5747 1506 5795; x_wconf 90' lang='grc' dir='ltr'><strong>ιιι</strong></span> <span class='ocrx_word' id='word_1_538' title='bbox 1532 5739 1690 5796; x_wconf 81' lang='lat' dir='ltr'><strong>tidem</strong></span> 
     </span>
    </p>
   </div>
   <div class='ocr_carea' id='block_1_68' title="bbox 418 5824 1063 5891">
    <p class='ocr_par' dir='ltr' id='par_1_68' title="bbox 418 5824 1063 5891">
     <span class='ocr_line' id='line_1_69' title="bbox 418 5824 1063 5891; baseline 0.009 -7"><span class='ocrx_word' id='word_1_539' title='bbox 418 5824 688 5887; x_wconf 75' lang='grc' dir='ltr'><strong>ΡΑτιιοι.</strong></span> <span class='ocrx_word' id='word_1_540' title='bbox 736 5827 852 5887; x_wconf 84' lang='lat' dir='ltr'><strong>Gtt.</strong></span> <span class='ocrx_word' id='word_1_541' title='bbox 903 5828 1063 5891; x_wconf 84' lang='lat' dir='ltr'><strong>LIX.</strong></span> 
     </span>
    </p>
   </div>
   <div class='ocr_carea' id='block_1_69' title="bbox 1841 2202 3423 2278">
    <p class='ocr_par' dir='ltr' id='par_1_69' title="bbox 1841 2202 3423 2278">
     <span class='ocr_line' id='line_1_70' title="bbox 1841 2202 3423 2278; baseline 0.003 -16"><span class='ocrx_word' id='word_1_542' title='bbox 1841 2206 2142 2278; x_wconf 87' lang='lat' dir='ltr'><strong>patefaciat.</strong></span> <span class='ocrx_word' id='word_1_543' title='bbox 2171 2205 2225 2275; x_wconf 83' lang='lat' dir='ltr'><strong>Si</strong></span> <span class='ocrx_word' id='word_1_544' title='bbox 2256 2223 2358 2263; x_wconf 89' lang='lat' dir='ltr'><strong>non</strong></span> <span class='ocrx_word' id='word_1_545' title='bbox 2387 2209 2492 2264; x_wconf 86' lang='lat' dir='ltr'><strong>alio</strong></span> <span class='ocrx_word' id='word_1_546' title='bbox 2519 2202 2713 2263; x_wconf 86' lang='lat' dir='ltr'><strong>missus</strong></span> <span class='ocrx_word' id='word_1_547' title='bbox 2740 2226 2819 2275; x_wconf 90' lang='lat' dir='ltr'><strong>es,</strong></span> <span class='ocrx_word' id='word_1_548' title='bbox 2848 2202 2942 2265; x_wconf 89' lang='lat' dir='ltr'><strong>sed</strong></span> <span class='ocrx_word' id='word_1_549' title='bbox 2971 2218 3173 2267; x_wconf 86' lang='lat' dir='ltr'><strong>tantum</strong></span> <span class='ocrx_word' id='word_1_550' title='bbox 3198 2210 3263 2267; x_wconf 87' lang='lat' dir='ltr'><strong>ad</strong></span> <span class='ocrx_word' id='word_1_551' title='bbox 3292 2229 3423 2267; x_wconf 86' lang='lat' dir='ltr'><strong>oves</strong></span> 
     </span>
    </p>
   </div>
   <div class='ocr_carea' id='block_1_70' title="bbox 1838 2279 3419 2349">
    <p class='ocr_par' dir='ltr' id='par_1_70' title="bbox 1838 2279 3419 2349">
     <span class='ocr_line' id='line_1_71' title="bbox 1838 2279 3419 2349; baseline 0.002 -16"><span class='ocrx_word' id='word_1_552' title='bbox 1838 2280 2032 2334; x_wconf 86' lang='lat' dir='ltr'><strong>domus</strong></span> <span class='ocrx_word' id='word_1_553' title='bbox 2064 2279 2224 2349; x_wconf 58' lang='lat' dir='ltr'><strong>Ismel</strong></span> <span class='ocrx_word' id='word_1_554' title='bbox 2246 2320 2261 2343; x_wconf 91' lang='lat'><strong>,</strong></span> <span class='ocrx_word' id='word_1_555' title='bbox 2294 2294 2390 2333; x_wconf 92' lang='lat' dir='ltr'><strong>cur</strong></span> <span class='ocrx_word' id='word_1_556' title='bbox 2418 2280 2690 2349; x_wconf 85' lang='lat' dir='ltr'><strong>apostolos</strong></span> <span class='ocrx_word' id='word_1_557' title='bbox 2735 2282 2801 2334; x_wconf 91' lang='lat' dir='ltr'><strong>ad</strong></span> <span class='ocrx_word' id='word_1_558' title='bbox 2847 2283 2979 2336; x_wconf 85' lang='lat' dir='ltr'><strong>lines</strong></span> <span class='ocrx_word' id='word_1_559' title='bbox 3021 2282 3168 2338; x_wconf 89' lang='lat' dir='ltr'><strong>orbis</strong></span> <span class='ocrx_word' id='word_1_560' title='bbox 3209 2284 3377 2337; x_wconf 85' lang='lat' dir='ltr'><strong>mittis</strong></span> <span class='ocrx_word' id='word_1_561' title='bbox 3402 2324 3419 2343; x_wconf 92' lang='lat'><strong>,</strong></span> 
     </span>
    </p>
   </div>
   <div class='ocr_carea' id='block_1_71' title="bbox 1836 2347 3416 2423">
    <p class='ocr_par' dir='ltr' id='par_1_71' title="bbox 1836 2347 3416 2423">
     <span class='ocr_line' id='line_1_72' title="bbox 1836 2347 3416 2423; baseline 0.001 -20"><span class='ocrx_word' id='word_1_562' title='bbox 1836 2349 2057 2423; x_wconf 64' lang='lat' dir='ltr'><strong>dicens:</strong></span> <span class='ocrx_word' id='word_1_563' title='bbox 2071 2347 2272 2423; x_wconf 64' lang='grc' dir='ltr'><strong>ΔΕιιιιιεε</strong></span> <span class='ocrx_word' id='word_1_564' title='bbox 2289 2347 2472 2423; x_wconf 69' lang='lat' dir='ltr'><strong>docete</strong></span> <span class='ocrx_word' id='word_1_565' title='bbox 2481 2367 2651 2423; x_wconf 82' lang='lat' dir='ltr'><strong>omnes</strong></span> <span class='ocrx_word' id='word_1_566' title='bbox 2670 2361 2859 2423; x_wconf 73' lang='lat' dir='ltr'><strong>gentes,</strong></span> <span class='ocrx_word' id='word_1_567' title='bbox 2878 2352 3187 2421; x_wconf 80' lang='lat' dir='ltr'><strong>baptizautes</strong></span> <span class='ocrx_word' id='word_1_568' title='bbox 3205 2352 3416 2423; x_wconf 77' lang='lat' dir='ltr'><strong>(Matth.</strong></span> 
     </span>
    </p>
   </div>
   <div class='ocr_carea' id='block_1_72' title="bbox 1836 2418 3415 2490">
    <p class='ocr_par' dir='ltr' id='par_1_72' title="bbox 1836 2418 3415 2490">
     <span class='ocr_line' id='line_1_73' title="bbox 1836 2418 3415 2490; baseline 0.002 -15"><span class='ocrx_word' id='word_1_569' title='bbox 1836 2420 1927 2475; x_wconf 87' lang='grc'><strong>28.</strong></span> <span class='ocrx_word' id='word_1_570' title='bbox 1952 2419 2090 2489; x_wconf 76' lang='lat' dir='ltr'><strong>l9)?</strong></span> <span class='ocrx_word' id='word_1_571' title='bbox 2117 2421 2172 2477; x_wconf 91' lang='lat' dir='ltr'><strong>Si</strong></span> <span class='ocrx_word' id='word_1_572' title='bbox 2203 2435 2305 2474; x_wconf 81' lang='lat' dir='ltr'><strong>non</strong></span> <span class='ocrx_word' id='word_1_573' title='bbox 2331 2418 2400 2475; x_wconf 87' lang='lat' dir='ltr'><strong>ad</strong></span> <span class='ocrx_word' id='word_1_574' title='bbox 2427 2421 2580 2485; x_wconf 87' lang='lat' dir='ltr'><strong>alias,</strong></span> <span class='ocrx_word' id='word_1_575' title='bbox 2608 2418 2767 2490; x_wconf 86' lang='lat' dir='ltr'><strong>quam</strong></span> <span class='ocrx_word' id='word_1_576' title='bbox 2794 2418 3037 2488; x_wconf 85' lang='lat' dir='ltr'><strong>lsraelis,</strong></span> <span class='ocrx_word' id='word_1_577' title='bbox 3067 2418 3415 2479; x_wconf 52' lang='lat' dir='ltr'><strong>oves&#39;missits</strong></span> 
     </span>
    </p>
   </div>
   <div class='ocr_carea' id='block_1_73' title="bbox 1836 2489 3421 2565">
    <p class='ocr_par' dir='ltr' id='par_1_73' title="bbox 1836 2489 3421 2565">
     <span class='ocr_line' id='line_1_74' title="bbox 1836 2489 3421 2565; baseline 0.003 -20"><span class='ocrx_word' id='word_1_578' title='bbox 1836 2504 1897 2545; x_wconf 89' lang='lat' dir='ltr'><strong>es</strong></span> <span class='ocrx_word' id='word_1_579' title='bbox 1920 2531 1935 2553; x_wconf 86' lang='lat'><strong>,</strong></span> <span class='ocrx_word' id='word_1_580' title='bbox 1962 2506 2059 2545; x_wconf 89' lang='lat' dir='ltr'><strong>cur</strong></span> <span class='ocrx_word' id='word_1_581' title='bbox 2082 2489 2302 2565; x_wconf 82' lang='lat' dir='ltr'><strong>dicebas</strong></span> <span class='ocrx_word' id='word_1_582' title='bbox 2325 2489 2635 2565; x_wconf 46' lang='lat' dir='ltr'><strong>apostolis;</strong></span> <span class='ocrx_word' id='word_1_583' title='bbox 2659 2491 2724 2545; x_wconf 87' lang='lat' dir='ltr'><strong>Et</strong></span> <span class='ocrx_word' id='word_1_584' title='bbox 2763 2492 2891 2546; x_wconf 81' lang='lat' dir='ltr'><strong>alias</strong></span> <span class='ocrx_word' id='word_1_585' title='bbox 2926 2502 3039 2547; x_wconf 84' lang='lat' dir='ltr'><strong>oves</strong></span> <span class='ocrx_word' id='word_1_586' title='bbox 3078 2494 3234 2549; x_wconf 86' lang='lat' dir='ltr'><strong>Imbeo</strong></span> <span class='ocrx_word' id='word_1_587' title='bbox 3259 2536 3275 2561; x_wconf 90' lang='lat'><strong>,</strong></span> <span class='ocrx_word' id='word_1_588' title='bbox 3306 2505 3421 2565; x_wconf 70' lang='lat' dir='ltr'><strong>qui:</strong></span> 
     </span>
    </p>
   </div>
   <div class='ocr_carea' id='block_1_74' title="bbox 1836 2561 3419 2632">
    <p class='ocr_par' dir='ltr' id='par_1_74' title="bbox 1836 2561 3419 2632">
     <span class='ocr_line' id='line_1_75' title="bbox 1836 2561 3419 2632; baseline 0.002 -19"><span class='ocrx_word' id='word_1_589' title='bbox 1836 2576 1937 2613; x_wconf 80' lang='lat' dir='ltr'><strong>non</strong></span> <span class='ocrx_word' id='word_1_590' title='bbox 1962 2571 2078 2614; x_wconf 85' lang='lat' dir='ltr'><strong>sunt</strong></span> <span class='ocrx_word' id='word_1_591' title='bbox 2098 2578 2162 2617; x_wconf 78' lang='lat' dir='ltr'><strong>ea:</strong></span> <span class='ocrx_word' id='word_1_592' title='bbox 2188 2561 2284 2615; x_wconf 86' lang='lat' dir='ltr'><strong>hoc</strong></span> <span class='ocrx_word' id='word_1_593' title='bbox 2308 2562 2429 2616; x_wconf 78' lang='lat' dir='ltr'><strong>ovili</strong></span> <span class='ocrx_word' id='word_1_594' title='bbox 2445 2601 2462 2627; x_wconf 90' lang='lat'><strong>,</strong></span> <span class='ocrx_word' id='word_1_595' title='bbox 2486 2571 2531 2616; x_wconf 88' lang='lat' dir='ltr'><strong>ct</strong></span> <span class='ocrx_word' id='word_1_596' title='bbox 2553 2561 2671 2617; x_wconf 86' lang='lat' dir='ltr'><strong>illas</strong></span> <span class='ocrx_word' id='word_1_597' title='bbox 2691 2573 2884 2632; x_wconf 83' lang='lat' dir='ltr'><strong>oportet</strong></span> <span class='ocrx_word' id='word_1_598' title='bbox 2908 2580 2986 2617; x_wconf 88' lang='lat' dir='ltr'><strong>me</strong></span> <span class='ocrx_word' id='word_1_599' title='bbox 3010 2561 3339 2632; x_wconf 68' lang='lat' dir='ltr'><strong>congregare,</strong></span> <span class='ocrx_word' id='word_1_600' title='bbox 3364 2574 3419 2617; x_wconf 83' lang='grc' dir='ltr'><strong>ιιι</strong></span> 
     </span>
    </p>
   </div>
   <div class='ocr_carea' id='block_1_75' title="bbox 1837 2632 3419 2706">
    <p class='ocr_par' dir='ltr' id='par_1_75' title="bbox 1837 2632 3419 2706">
     <span class='ocr_line' id='line_1_76' title="bbox 1837 2632 3419 2706; baseline 0.004 -23"><span class='ocrx_word' id='word_1_601' title='bbox 1837 2632 1929 2699; x_wconf 82' lang='lat' dir='ltr'><strong>[iul</strong></span> <span class='ocrx_word' id='word_1_602' title='bbox 1952 2648 2108 2685; x_wconf 85' lang='lat' dir='ltr'><strong>unum</strong></span> <span class='ocrx_word' id='word_1_603' title='bbox 2129 2632 2260 2687; x_wconf 86' lang='lat' dir='ltr'><strong>ovile</strong></span> <span class='ocrx_word' id='word_1_604' title='bbox 2277 2673 2292 2694; x_wconf 83' lang='lat'><strong>.</strong></span> <span class='ocrx_word' id='word_1_605' title='bbox 2317 2640 2363 2685; x_wconf 87' lang='lat' dir='ltr'><strong>el</strong></span> <span class='ocrx_word' id='word_1_606' title='bbox 2389 2649 2521 2706; x_wconf 76' lang='lat' dir='ltr'><strong>unus</strong></span> <span class='ocrx_word' id='word_1_607' title='bbox 2544 2642 2715 2701; x_wconf 82' lang='lat' dir='ltr'><strong>pastor</strong></span> <span class='ocrx_word' id='word_1_608' title='bbox 2734 2634 2752 2703; x_wconf 95' lang='lat'><strong>(</strong></span> <span class='ocrx_word' id='word_1_609' title='bbox 2771 2632 2930 2690; x_wconf 74' lang='lat' dir='ltr'><strong>lauit.</strong></span> <span class='ocrx_word' id='word_1_610' title='bbox 2959 2632 3046 2690; x_wconf 84' lang='lat' dir='ltr'><strong>l0.</strong></span> <span class='ocrx_word' id='word_1_611' title='bbox 3079 2632 3145 2691; x_wconf 76' lang='lat' dir='ltr'><strong>l6</strong></span> <span class='ocrx_word' id='word_1_612' title='bbox 3162 2632 3219 2706; x_wconf 72' lang='lat'><strong>)?</strong></span> <span class='ocrx_word' id='word_1_613' title='bbox 3241 2637 3419 2703; x_wconf 82' lang='lat' dir='ltr'><strong>Quare</strong></span> 
     </span>
    </p>
   </div>
   <div class='ocr_carea' id='block_1_76' title="bbox 1835 2703 3416 2761">
    <p class='ocr_par' dir='ltr' id='par_1_76' title="bbox 1835 2703 3416 2761">
     <span class='ocr_line' id='line_1_77' title="bbox 1835 2703 3416 2761; baseline 0.002 -5"><span class='ocrx_word' id='word_1_614' title='bbox 1835 2717 1940 2756; x_wconf 88' lang='lat' dir='ltr'><strong>non</strong></span> <span class='ocrx_word' id='word_1_615' title='bbox 1966 2711 2213 2757; x_wconf 87' lang='lat' dir='ltr'><strong>accurate</strong></span> <span class='ocrx_word' id='word_1_616' title='bbox 2236 2710 2290 2758; x_wconf 90' lang='lat' dir='ltr'><strong>et</strong></span> <span class='ocrx_word' id='word_1_617' title='bbox 2317 2703 2611 2759; x_wconf 88' lang='lat' dir='ltr'><strong>secundum</strong></span> <span class='ocrx_word' id='word_1_618' title='bbox 2636 2715 2879 2759; x_wconf 81' lang='lat' dir='ltr'><strong>exactam</strong></span> <span class='ocrx_word' id='word_1_619' title='bbox 2911 2706 2987 2760; x_wconf 89' lang='lat' dir='ltr'><strong>rei</strong></span> <span class='ocrx_word' id='word_1_620' title='bbox 3018 2703 3300 2761; x_wconf 81' lang='lat' dir='ltr'><strong>veritatem</strong></span> <span class='ocrx_word' id='word_1_621' title='bbox 3334 2708 3416 2761; x_wconf 73' lang='grc' dir='ltr'>Ιιιο</span> 
     </span>
    </p>
   </div>
   <div class='ocr_carea' id='block_1_77' title="bbox 1835 2770 3414 2841">
    <p class='ocr_par' dir='ltr' id='par_1_77' title="bbox 1835 2770 3414 2841">
     <span class='ocr_line' id='line_1_78' title="bbox 1835 2770 3414 2841; baseline 0.004 -15"><span class='ocrx_word' id='word_1_622' title='bbox 1835 2774 2017 2840; x_wconf 88' lang='lat' dir='ltr'><strong>quitur</strong></span> <span class='ocrx_word' id='word_1_623' title='bbox 2034 2814 2050 2837; x_wconf 91' lang='lat'><strong>,</strong></span> <span class='ocrx_word' id='word_1_624' title='bbox 2073 2774 2168 2829; x_wconf 91' lang='lat' dir='ltr'><strong>sed</strong></span> <span class='ocrx_word' id='word_1_625' title='bbox 2188 2771 2252 2828; x_wconf 91' lang='lat' dir='ltr'><strong>ad</strong></span> <span class='ocrx_word' id='word_1_626' title='bbox 2274 2774 2466 2827; x_wconf 69' lang='lat' dir='ltr'><strong>animm</strong></span> <span class='ocrx_word' id='word_1_627' title='bbox 2490 2774 2857 2841; x_wconf 86' lang='lat' dir='ltr'><strong>probationem</strong></span> <span class='ocrx_word' id='word_1_628' title='bbox 2880 2817 2895 2838; x_wconf 90' lang='lat'><strong>,</strong></span> <span class='ocrx_word' id='word_1_629' title='bbox 2932 2770 2985 2829; x_wconf 85' lang='grc' dir='ltr'><em>Ν</em></span> <span class='ocrx_word' id='word_1_630' title='bbox 2988 2794 3052 2831; x_wconf 86' lang='lat' dir='ltr'><strong>an</strong></span> <span class='ocrx_word' id='word_1_631' title='bbox 3078 2794 3188 2831; x_wconf 82' lang='lat' dir='ltr'><strong>sum</strong></span> <span class='ocrx_word' id='word_1_632' title='bbox 3210 2778 3414 2833; x_wconf 81' lang='lat' dir='ltr'><strong>missus.</strong></span> 
     </span>
    </p>
   </div>
   <div class='ocr_carea' id='block_1_78' title="bbox 1836 2843 3415 2918">
    <p class='ocr_par' dir='ltr' id='par_1_78' title="bbox 1836 2843 3415 2918">
     <span class='ocr_line' id='line_1_79' title="bbox 1836 2843 3415 2918; baseline 0.001 -21"><span class='ocrx_word' id='word_1_633' title='bbox 1836 2843 1968 2918; x_wconf 66' lang='lat' dir='ltr'><strong>[lem</strong></span> <span class='ocrx_word' id='word_1_634' title='bbox 1986 2854 2144 2918; x_wconf 83' lang='lat' dir='ltr'><strong>negat</strong></span> <span class='ocrx_word' id='word_1_635' title='bbox 2165 2878 2181 2909; x_wconf 85' lang='lat'><strong>,</strong></span> <span class='ocrx_word' id='word_1_636' title='bbox 2201 2854 2254 2918; x_wconf 80' lang='lat' dir='ltr'><strong>et</strong></span> <span class='ocrx_word' id='word_1_637' title='bbox 2276 2844 2467 2918; x_wconf 80' lang='lat' dir='ltr'><strong>mulier</strong></span> <span class='ocrx_word' id='word_1_638' title='bbox 2491 2844 2787 2918; x_wconf 82' lang='lat' dir='ltr'><strong>deprecans</strong></span> <span class='ocrx_word' id='word_1_639' title='bbox 2813 2862 2919 2901; x_wconf 92' lang='lat' dir='ltr'><strong>non</strong></span> <span class='ocrx_word' id='word_1_640' title='bbox 2948 2848 3079 2918; x_wconf 81' lang='lat' dir='ltr'><strong>fugit</strong></span> <span class='ocrx_word' id='word_1_641' title='bbox 3102 2865 3115 2901; x_wconf 92' lang='lat'><strong>:</strong></span> <span class='ocrx_word' id='word_1_642' title='bbox 3145 2848 3261 2918; x_wconf 89' lang='lat' dir='ltr'><strong>ejus</strong></span> <span class='ocrx_word' id='word_1_643' title='bbox 3283 2863 3415 2914; x_wconf 86' lang='lat' dir='ltr'><strong>snp-</strong></span> 
     </span>
    </p>
   </div>
   <div class='ocr_carea' id='block_1_79' title="bbox 1834 2914 3415 2985">
    <p class='ocr_par' dir='ltr' id='par_1_79' title="bbox 1834 2914 3415 2985">
     <span class='ocr_line' id='line_1_80' title="bbox 1834 2914 3415 2985; baseline 0.005 -20"><span class='ocrx_word' id='word_1_644' title='bbox 1834 2914 2174 2985; x_wconf 84' lang='lat' dir='ltr'><strong>plicationem</strong></span> <span class='ocrx_word' id='word_1_645' title='bbox 2212 2914 2443 2985; x_wconf 84' lang='lat' dir='ltr'><strong>depellit</strong></span> <span class='ocrx_word' id='word_1_646' title='bbox 2480 2954 2496 2979; x_wconf 94' lang='lat'><strong>,</strong></span> <span class='ocrx_word' id='word_1_647' title='bbox 2533 2924 2589 2969; x_wconf 89' lang='lat' dir='ltr'><strong>et</strong></span> <span class='ocrx_word' id='word_1_648' title='bbox 2630 2914 3137 2985; x_wconf 59' lang='lat' dir='ltr'><strong>adorationem&#39;non</strong></span> <span class='ocrx_word' id='word_1_649' title='bbox 3174 2914 3415 2985; x_wconf 62' lang='lat' dir='ltr'><strong>respuit.</strong></span> 
     </span>
    </p>
   </div>
   <div class='ocr_carea' id='block_1_80' title="bbox 1838 2984 3417 3057">
    <p class='ocr_par' dir='ltr' id='par_1_80' title="bbox 1838 2984 3417 3057">
     <span class='ocr_line' id='line_1_81' title="bbox 1838 2984 3417 3057; baseline 0.003 -21"><span class='ocrx_word' id='word_1_650' title='bbox 1838 2984 1973 3057; x_wconf 76' lang='lat' dir='ltr'><strong>Vere</strong></span> <span class='ocrx_word' id='word_1_651' title='bbox 2018 2984 2275 3057; x_wconf 59' lang='lat' dir='ltr'><strong>Ecclesia:</strong></span> <span class='ocrx_word' id='word_1_652' title='bbox 2304 2987 2478 3057; x_wconf 82' lang='lat' dir='ltr'><strong>imago</strong></span> <span class='ocrx_word' id='word_1_653' title='bbox 2505 2993 2589 3039; x_wconf 89' lang='lat' dir='ltr'><strong>est</strong></span> <span class='ocrx_word' id='word_1_654' title='bbox 2626 2984 2928 3039; x_wconf 70' lang='lat' dir='ltr'><strong>Chanaucea</strong></span> <span class='ocrx_word' id='word_1_655' title='bbox 2951 3021 2966 3051; x_wconf 90' lang='lat'><strong>,</strong></span> <span class='ocrx_word' id='word_1_656' title='bbox 2999 2998 3119 3054; x_wconf 74' lang='lat' dir='ltr'><strong>qua:</strong></span> <span class='ocrx_word' id='word_1_657' title='bbox 3163 2984 3417 3057; x_wconf 89' lang='lat' dir='ltr'><strong>periculis</strong></span> 
     </span>
    </p>
   </div>
   <div class='ocr_carea' id='block_1_81' title="bbox 1832 3054 3416 3126">
    <p class='ocr_par' dir='ltr' id='par_1_81' title="bbox 1832 3054 3416 3126">
     <span class='ocr_line' id='line_1_82' title="bbox 1832 3054 3416 3126; baseline 0.003 -20"><span class='ocrx_word' id='word_1_658' title='bbox 1832 3054 2116 3122; x_wconf 90' lang='lat' dir='ltr'><strong>probatur,</strong></span> <span class='ocrx_word' id='word_1_659' title='bbox 2149 3062 2204 3109; x_wconf 90' lang='lat' dir='ltr'><strong>et</strong></span> <span class='ocrx_word' id='word_1_660' title='bbox 2254 3055 2531 3126; x_wconf 64' lang='lat' dir='ltr'><strong>Dominum</strong></span> <span class='ocrx_word' id='word_1_661' title='bbox 2566 3070 2685 3126; x_wconf 75' lang='lat' dir='ltr'><strong>non</strong></span> <span class='ocrx_word' id='word_1_662' title='bbox 2736 3065 2933 3125; x_wconf 76' lang='lat' dir='ltr'><strong>negat;</strong></span> <span class='ocrx_word' id='word_1_663' title='bbox 2965 3054 3416 3126; x_wconf 62' lang='lat' dir='ltr'><strong>quzesexcen&#39;as</strong></span> 
     </span>
    </p>
   </div>
   <div class='ocr_carea' id='block_1_82' title="bbox 1831 3116 3412 3196">
    <p class='ocr_par' dir='ltr' id='par_1_82' title="bbox 1831 3116 3412 3196">
     <span class='ocr_line' id='line_1_83' title="bbox 1831 3116 3412 3196; baseline 0.001 -17"><span class='ocrx_word' id='word_1_664' title='bbox 1831 3116 2360 3196; x_wconf 66' lang='lat' dir='ltr'><strong>sustinetprocellas</strong></span> <span class='ocrx_word' id='word_1_665' title='bbox 2386 3165 2402 3186; x_wconf 83' lang='lat'><strong>,</strong></span> <span class='ocrx_word' id='word_1_666' title='bbox 2433 3134 2486 3179; x_wconf 85' lang='lat' dir='ltr'><strong>et</strong></span> <span class='ocrx_word' id='word_1_667' title='bbox 2506 3124 2577 3196; x_wconf 85' lang='lat' dir='ltr'><strong>ad</strong></span> <span class='ocrx_word' id='word_1_668' title='bbox 2611 3116 2730 3178; x_wconf 87' lang='lat' dir='ltr'><strong>lidei</strong></span> <span class='ocrx_word' id='word_1_669' title='bbox 2758 3116 3169 3196; x_wconf 61' lang='lat' dir='ltr'><strong>ptirtnm&#39;oculis</strong></span> <span class='ocrx_word' id='word_1_670' title='bbox 3197 3127 3368 3181; x_wconf 86' lang='lat' dir='ltr'><strong>tendit</strong></span> <span class='ocrx_word' id='word_1_671' title='bbox 3398 3142 3412 3180; x_wconf 88' lang='lat'><strong>:</strong></span> 
     </span>
    </p>
   </div>
   <div class='ocr_carea' id='block_1_83' title="bbox 1870 3193 3415 3265">
    <p class='ocr_par' dir='ltr' id='par_1_83' title="bbox 1870 3193 3415 3265">
     <span class='ocr_line' id='line_1_84' title="bbox 1870 3193 3415 3265; baseline 0.003 -19"><span class='ocrx_word' id='word_1_672' title='bbox 1870 3210 1950 3265; x_wconf 72' lang='lat' dir='ltr'><strong>nte</strong></span> <span class='ocrx_word' id='word_1_673' title='bbox 1996 3194 2140 3249; x_wconf 86' lang='lat' dir='ltr'><strong>mille</strong></span> <span class='ocrx_word' id='word_1_674' title='bbox 2189 3193 2438 3248; x_wconf 83' lang='lat' dir='ltr'><strong>ﬂuctibus</strong></span> <span class='ocrx_word' id='word_1_675' title='bbox 2468 3195 2536 3248; x_wconf 90' lang='lat' dir='ltr'><strong>ab</strong></span> <span class='ocrx_word' id='word_1_676' title='bbox 2581 3193 2848 3250; x_wconf 57' lang='lat' dir='ltr'><strong>haereticis</strong></span> <span class='ocrx_word' id='word_1_677' title='bbox 2892 3197 3230 3265; x_wconf 82' lang='lat' dir='ltr'><strong>exagitatur,</strong></span> <span class='ocrx_word' id='word_1_678' title='bbox 3262 3207 3316 3251; x_wconf 91' lang='lat' dir='ltr'><strong>et</strong></span> <span class='ocrx_word' id='word_1_679' title='bbox 3343 3199 3415 3250; x_wconf 90' lang='lat' dir='ltr'><strong>ob</strong></span> 
     </span>
    </p>
   </div>
   <div class='ocr_carea' id='block_1_84' title="bbox 1869 3264 3411 3323">
    <p class='ocr_par' dir='ltr' id='par_1_84' title="bbox 1869 3264 3411 3323">
     <span class='ocr_line' id='line_1_85' title="bbox 1869 3264 3411 3323; baseline 0.001 -4"><span class='ocrx_word' id='word_1_680' title='bbox 1869 3264 1952 3319; x_wconf 88' lang='lat' dir='ltr'><strong>dei</strong></span> <span class='ocrx_word' id='word_1_681' title='bbox 1982 3264 2285 3319; x_wconf 82' lang='lat' dir='ltr'><strong>lirtnitatem</strong></span> <span class='ocrx_word' id='word_1_682' title='bbox 2314 3279 2418 3319; x_wconf 92' lang='lat' dir='ltr'><strong>non</strong></span> <span class='ocrx_word' id='word_1_683' title='bbox 2451 3274 2619 3319; x_wconf 88' lang='lat' dir='ltr'><strong>nutat.</strong></span> <span class='ocrx_word' id='word_1_684' title='bbox 2650 3266 2846 3321; x_wconf 82' lang='lat' dir='ltr'><strong>Confer</strong></span> <span class='ocrx_word' id='word_1_685' title='bbox 2874 3264 3030 3321; x_wconf 83' lang='lat' dir='ltr'><strong>iidem</strong></span> <span class='ocrx_word' id='word_1_686' title='bbox 3074 3268 3411 3323; x_wconf 86' lang='lat' dir='ltr'><strong>ecclesiasti-</strong></span> 
     </span>
    </p>
   </div>
   <div class='ocr_carea' id='block_1_85' title="bbox 1829 3326 3409 3406">
    <p class='ocr_par' dir='ltr' id='par_1_85' title="bbox 1829 3326 3409 3406">
     <span class='ocr_line' id='line_1_86' title="bbox 1829 3326 3409 3406; baseline 0.003 -17"><span class='ocrx_word' id='word_1_687' title='bbox 1829 3350 1945 3389; x_wconf 89' lang='lat' dir='ltr'><strong>cam</strong></span> <span class='ocrx_word' id='word_1_688' title='bbox 1986 3351 2106 3390; x_wconf 92' lang='lat' dir='ltr'><strong>cum</strong></span> <span class='ocrx_word' id='word_1_689' title='bbox 2155 3337 2362 3406; x_wconf 89' lang='lat' dir='ltr'><strong>ingrato</strong></span> <span class='ocrx_word' id='word_1_690' title='bbox 2403 3326 2708 3406; x_wconf 67' lang='lat' dir='ltr'><strong>Judazorum</strong></span> <span class='ocrx_word' id='word_1_691' title='bbox 2752 3337 2951 3390; x_wconf 88' lang='lat' dir='ltr'><strong>animo.</strong></span> <span class='ocrx_word' id='word_1_692' title='bbox 3000 3330 3167 3393; x_wconf 65' lang='lat' dir='ltr'><strong>Judaei</strong></span> <span class='ocrx_word' id='word_1_693' title='bbox 3216 3352 3409 3393; x_wconf 90' lang='lat' dir='ltr'><strong>manna</strong></span> 
     </span>
    </p>
   </div>
   <div class='ocr_carea' id='block_1_86' title="bbox 1825 3400 3411 3477">
    <p class='ocr_par' dir='ltr' id='par_1_86' title="bbox 1825 3400 3411 3477">
     <span class='ocr_line' id='line_1_87' title="bbox 1825 3400 3411 3477; baseline 0.002 -16"><span class='ocrx_word' id='word_1_694' title='bbox 1825 3405 2172 3477; x_wconf 90' lang='lat' dir='ltr'><strong>comedentes</strong></span> <span class='ocrx_word' id='word_1_695' title='bbox 2202 3400 2570 3477; x_wconf 78' lang='lat' dir='ltr'><strong>murmurant;</strong></span> <span class='ocrx_word' id='word_1_696' title='bbox 2607 3400 2843 3477; x_wconf 69' lang='lat' dir='ltr'><strong>Ecclesia</strong></span> <span class='ocrx_word' id='word_1_697' title='bbox 2887 3407 3136 3477; x_wconf 87' lang='lat' dir='ltr'><strong>jejunans</strong></span> <span class='ocrx_word' id='word_1_698' title='bbox 3183 3408 3411 3464; x_wconf 89' lang='lat' dir='ltr'><strong>Domino</strong></span> 
     </span>
    </p>
   </div>
   <div class='ocr_carea' id='block_1_87' title="bbox 1824 3475 3408 3547">
    <p class='ocr_par' dir='ltr' id='par_1_87' title="bbox 1824 3475 3408 3547">
     <span class='ocr_line' id='line_1_88' title="bbox 1824 3475 3408 3547; baseline 0.001 -17"><span class='ocrx_word' id='word_1_699' title='bbox 1824 3476 2026 3547; x_wconf 75' lang='lat' dir='ltr'><strong>gratias</strong></span> <span class='ocrx_word' id='word_1_700' title='bbox 2050 3478 2195 3546; x_wconf 89' lang='lat' dir='ltr'><strong>agit:</strong></span> <span class='ocrx_word' id='word_1_701' title='bbox 2227 3477 2300 3531; x_wconf 90' lang='lat' dir='ltr'><strong>illi</strong></span> <span class='ocrx_word' id='word_1_702' title='bbox 2335 3475 2538 3547; x_wconf 86' lang='lat' dir='ltr'><strong>honore</strong></span> <span class='ocrx_word' id='word_1_703' title='bbox 2563 3476 2737 3532; x_wconf 71' lang='lat' dir='ltr'><strong>allecti</strong></span> <span class='ocrx_word' id='word_1_704' title='bbox 2766 3512 2781 3543; x_wconf 92' lang='lat'><strong>,</strong></span> <span class='ocrx_word' id='word_1_705' title='bbox 2828 3475 3020 3547; x_wconf 71' lang='lat' dir='ltr'><strong>ingrati</strong></span> <span class='ocrx_word' id='word_1_706' title='bbox 3050 3488 3213 3544; x_wconf 88' lang='lat' dir='ltr'><strong>sunt;</strong></span> <span class='ocrx_word' id='word_1_707' title='bbox 3249 3478 3408 3533; x_wconf 66' lang='grc' dir='ltr'><strong>(Ἀπί-</strong></span> 
     </span>
    </p>
   </div>
   <div class='ocr_carea' id='block_1_88' title="bbox 1824 3546 3409 3619">
    <p class='ocr_par' dir='ltr' id='par_1_88' title="bbox 1824 3546 3409 3619">
     <span class='ocr_line' id='line_1_89' title="bbox 1824 3546 3409 3619; baseline 0.002 -19"><span class='ocrx_word' id='word_1_708' title='bbox 1824 3546 1982 3601; x_wconf 83' lang='lat' dir='ltr'><strong>stiaui</strong></span> <span class='ocrx_word' id='word_1_709' title='bbox 2008 3548 2058 3602; x_wconf 93' lang='lat' dir='ltr'><strong>in</strong></span> <span class='ocrx_word' id='word_1_710' title='bbox 2084 3546 2585 3619; x_wconf 83' lang='lat' dir='ltr'><strong>persequutionibus</strong></span> <span class='ocrx_word' id='word_1_711' title='bbox 2605 3547 2805 3619; x_wconf 77' lang='lat' dir='ltr'><strong>gratias</strong></span> <span class='ocrx_word' id='word_1_712' title='bbox 2830 3546 3010 3616; x_wconf 82' lang='lat' dir='ltr'><strong>agunt.</strong></span> <span class='ocrx_word' id='word_1_713' title='bbox 3038 3548 3207 3617; x_wconf 83' lang='lat' dir='ltr'><strong>Quem</strong></span> <span class='ocrx_word' id='word_1_714' title='bbox 3231 3549 3409 3619; x_wconf 78' lang='lat' dir='ltr'><strong>diligis</strong></span> 
     </span>
    </p>
   </div>
   <div class='ocr_carea' id='block_1_89' title="bbox 1823 3617 3407 3689">
    <p class='ocr_par' dir='ltr' id='par_1_89' title="bbox 1823 3617 3407 3689">
     <span class='ocr_line' id='line_1_90' title="bbox 1823 3617 3407 3689; baseline 0.001 -19"><span class='ocrx_word' id='word_1_715' title='bbox 1823 3631 2047 3689; x_wconf 80' lang='lat' dir='ltr'><strong>servum</strong></span> <span class='ocrx_word' id='word_1_716' title='bbox 2085 3652 2101 3683; x_wconf 84' lang='lat'><strong>,</strong></span> <span class='ocrx_word' id='word_1_717' title='bbox 2133 3618 2177 3672; x_wconf 88' lang='lat' dir='ltr'><strong>si</strong></span> <span class='ocrx_word' id='word_1_718' title='bbox 2225 3617 2477 3672; x_wconf 88' lang='lat' dir='ltr'><strong>dominus</strong></span> <span class='ocrx_word' id='word_1_719' title='bbox 2519 3618 2631 3689; x_wconf 61' lang='lat' dir='ltr'><strong>Sis?</strong></span> <span class='ocrx_word' id='word_1_720' title='bbox 2656 3634 2724 3689; x_wconf 89' lang='lat' dir='ltr'><strong>ex</strong></span> <span class='ocrx_word' id='word_1_721' title='bbox 2766 3617 2986 3689; x_wconf 86' lang='lat' dir='ltr'><strong>duobus</strong></span> <span class='ocrx_word' id='word_1_722' title='bbox 3028 3620 3201 3675; x_wconf 82' lang='lat' dir='ltr'><strong>servis</strong></span> <span class='ocrx_word' id='word_1_723' title='bbox 3249 3617 3407 3689; x_wconf 81' lang='lat' dir='ltr'><strong>quem</strong></span> 
     </span>
    </p>
   </div>
   <div class='ocr_carea' id='block_1_90' title="bbox 1822 3688 3409 3759">
    <p class='ocr_par' dir='ltr' id='par_1_90' title="bbox 1822 3688 3409 3759">
     <span class='ocr_line' id='line_1_91' title="bbox 1822 3688 3409 3759; baseline 0.001 -18"><span class='ocrx_word' id='word_1_724' title='bbox 1822 3688 2057 3757; x_wconf 89' lang='lat' dir='ltr'><strong>accipis?</strong></span> <span class='ocrx_word' id='word_1_725' title='bbox 2077 3704 2270 3744; x_wconf 90' lang='lat' dir='ltr'><strong>eumne</strong></span> <span class='ocrx_word' id='word_1_726' title='bbox 2289 3690 2378 3759; x_wconf 92' lang='lat' dir='ltr'><strong>qui</strong></span> <span class='ocrx_word' id='word_1_727' title='bbox 2409 3698 2526 3759; x_wconf 87' lang='lat' dir='ltr'><strong>post</strong></span> <span class='ocrx_word' id='word_1_728' title='bbox 2556 3688 2810 3743; x_wconf 82' lang='lat' dir='ltr'><strong>beneﬁcia</strong></span> <span class='ocrx_word' id='word_1_729' title='bbox 2833 3689 3069 3759; x_wconf 86' lang='lat' dir='ltr'><strong>ingratus</strong></span> <span class='ocrx_word' id='word_1_730' title='bbox 3081 3696 3183 3756; x_wconf 84' lang='lat' dir='ltr'><strong>est,</strong></span> <span class='ocrx_word' id='word_1_731' title='bbox 3206 3688 3409 3745; x_wconf 28' lang='lat' dir='ltr'><strong>an’eum</strong></span> 
     </span>
    </p>
   </div>
   <div class='ocr_carea' id='block_1_91' title="bbox 1819 3758 3413 3831">
    <p class='ocr_par' dir='ltr' id='par_1_91' title="bbox 1819 3758 3413 3831">
     <span class='ocr_line' id='line_1_92' title="bbox 1819 3758 3413 3831; baseline 0.001 -19"><span class='ocrx_word' id='word_1_732' title='bbox 1819 3760 1909 3831; x_wconf 87' lang='lat' dir='ltr'><strong>qui</strong></span> <span class='ocrx_word' id='word_1_733' title='bbox 1931 3759 2217 3829; x_wconf 75' lang='lat' dir='ltr'><strong>castigatus</strong></span> <span class='ocrx_word' id='word_1_734' title='bbox 2229 3758 2453 3831; x_wconf 66' lang='lat' dir='ltr'><strong>gratiam</strong></span> <span class='ocrx_word' id='word_1_735' title='bbox 2473 3758 2655 3831; x_wconf 72' lang='lat' dir='ltr'><strong>habet?</strong></span> <span class='ocrx_word' id='word_1_736' title='bbox 2676 3758 2927 3815; x_wconf 75' lang='lat' dir='ltr'><strong>Ecclesia:</strong></span> <span class='ocrx_word' id='word_1_737' title='bbox 2950 3760 3108 3831; x_wconf 83' lang='lat' dir='ltr'><strong>igitur</strong></span> <span class='ocrx_word' id='word_1_738' title='bbox 3128 3762 3303 3829; x_wconf 86' lang='lat' dir='ltr'><strong>imago</strong></span> <span class='ocrx_word' id='word_1_739' title='bbox 3326 3769 3413 3815; x_wconf 90' lang='lat' dir='ltr'><strong>est</strong></span> 
     </span>
    </p>
   </div>
   <div class='ocr_carea' id='block_1_92' title="bbox 1820 3830 3411 3901">
    <p class='ocr_par' dir='ltr' id='par_1_92' title="bbox 1820 3830 3411 3901">
     <span class='ocr_line' id='line_1_93' title="bbox 1820 3830 3411 3901; baseline 0.001 -18"><span class='ocrx_word' id='word_1_740' title='bbox 1820 3830 2142 3901; x_wconf 65' lang='lat' dir='ltr'><strong>tjltanantea,</strong></span> <span class='ocrx_word' id='word_1_741' title='bbox 2160 3846 2277 3901; x_wconf 72' lang='lat' dir='ltr'><strong>qua:</strong></span> <span class='ocrx_word' id='word_1_742' title='bbox 2293 3830 2511 3899; x_wconf 79' lang='lat' dir='ltr'><strong>depulsa</strong></span> <span class='ocrx_word' id='word_1_743' title='bbox 2530 3830 2812 3901; x_wconf 88' lang='lat' dir='ltr'><strong>Dominum</strong></span> <span class='ocrx_word' id='word_1_744' title='bbox 2825 3845 2959 3901; x_wconf 33' lang='lat' dir='ltr'><strong>Anon</strong></span> <span class='ocrx_word' id='word_1_745' title='bbox 2978 3830 3170 3901; x_wconf 82' lang='lat' dir='ltr'><strong>negat.</strong></span> <span class='ocrx_word' id='word_1_746' title='bbox 3208 3831 3411 3886; x_wconf 84' lang='lat' dir='ltr'><strong>Aderat</strong></span> 
     </span>
    </p>
   </div>
   <div class='ocr_carea' id='block_1_93' title="bbox 1820 3898 3406 3973">
    <p class='ocr_par' dir='ltr' id='par_1_93' title="bbox 1820 3898 3406 3973">
     <span class='ocr_line' id='line_1_94' title="bbox 1820 3898 3406 3973; baseline -0.001 -18"><span class='ocrx_word' id='word_1_747' title='bbox 1820 3898 2193 3973; x_wconf 35' lang='lat' dir='ltr'><strong>iiltinl‘dl0£lls;</strong></span> <span class='ocrx_word' id='word_1_748' title='bbox 2217 3898 2450 3973; x_wconf 76' lang='lat' dir='ltr'><strong>Domine,</strong></span> <span class='ocrx_word' id='word_1_749' title='bbox 2468 3900 2655 3973; x_wconf 64' lang='lat' dir='ltr'><strong>adjaya</strong></span> <span class='ocrx_word' id='word_1_750' title='bbox 2690 3916 2790 3973; x_wconf 60' lang='lat' dir='ltr'><strong>me.</strong></span> <span class='ocrx_word' id='word_1_751' title='bbox 2810 3898 2943 3973; x_wconf 62' lang='lat' dir='ltr'><strong>Cum</strong></span> <span class='ocrx_word' id='word_1_752' title='bbox 2968 3898 3113 3973; x_wconf 77' lang='lat' dir='ltr'><strong>prius</strong></span> <span class='ocrx_word' id='word_1_753' title='bbox 3141 3902 3363 3957; x_wconf 82' lang='lat' dir='ltr'><strong>dixisset</strong></span> <span class='ocrx_word' id='word_1_754' title='bbox 3390 3939 3406 3965; x_wconf 94' lang='lat'><strong>,</strong></span> 
     </span>
    </p>
   </div>
   <div class='ocr_carea' id='block_1_94' title="bbox 1818 3968 3409 4040">
    <p class='ocr_par' dir='ltr' id='par_1_94' title="bbox 1818 3968 3409 4040">
     <span class='ocr_line' id='line_1_95' title="bbox 1818 3968 3409 4040; baseline 0 -15"><span class='ocrx_word' id='word_1_755' title='bbox 1818 3969 1927 4025; x_wconf 80' lang='lat' dir='ltr'><strong>Fili</strong></span> <span class='ocrx_word' id='word_1_756' title='bbox 1956 3969 2142 4037; x_wconf 81' lang='lat' dir='ltr'><strong>David,</strong></span> <span class='ocrx_word' id='word_1_757' title='bbox 2166 3972 2400 4026; x_wconf 82' lang='lat' dir='ltr'><strong>miserere</strong></span> <span class='ocrx_word' id='word_1_758' title='bbox 2420 3972 2513 4024; x_wconf 83' lang='lat' dir='ltr'><strong>mei</strong></span> <span class='ocrx_word' id='word_1_759' title='bbox 2530 3968 2745 4039; x_wconf 82' lang='lat' dir='ltr'><strong>(Matth.</strong></span> <span class='ocrx_word' id='word_1_760' title='bbox 2772 3968 2989 4038; x_wconf 61' lang='lat'><strong>15.25),</strong></span> <span class='ocrx_word' id='word_1_761' title='bbox 3016 3978 3207 4040; x_wconf 85' lang='lat' dir='ltr'><strong>putans</strong></span> <span class='ocrx_word' id='word_1_762' title='bbox 3224 3988 3283 4027; x_wconf 91' lang='lat' dir='ltr'><strong>se</strong></span> <span class='ocrx_word' id='word_1_763' title='bbox 3306 3973 3409 4025; x_wconf 86' lang='lat' dir='ltr'><strong>mi-</strong></span> 
     </span>
    </p>
   </div>
   <div class='ocr_carea' id='block_1_95' title="bbox 1818 4040 3404 4110">
    <p class='ocr_par' dir='ltr' id='par_1_95' title="bbox 1818 4040 3404 4110">
     <span class='ocr_line' id='line_1_96' title="bbox 1818 4040 3404 4110; baseline -0.001 -14"><span class='ocrx_word' id='word_1_764' title='bbox 1818 4056 2188 4110; x_wconf 86' lang='lat' dir='ltr'><strong>norem,quam</strong></span> <span class='ocrx_word' id='word_1_765' title='bbox 2208 4057 2302 4110; x_wconf 91' lang='lat' dir='ltr'><strong>par</strong></span> <span class='ocrx_word' id='word_1_766' title='bbox 2316 4042 2699 4107; x_wconf 87' lang='lat' dir='ltr'><strong>crat,emisisse</strong></span> <span class='ocrx_word' id='word_1_767' title='bbox 2714 4040 3404 4110; x_wconf 86' lang='lat' dir='ltr'><strong>deprecationem,priorem</strong></span> 
     </span>
    </p>
   </div>
   <div class='ocr_carea' id='block_1_96' title="bbox 1818 4109 3400 4181">
    <p class='ocr_par' dir='ltr' id='par_1_96' title="bbox 1818 4109 3400 4181">
     <span class='ocr_line' id='line_1_97' title="bbox 1818 4109 3400 4181; baseline -0.001 -14"><span class='ocrx_word' id='word_1_768' title='bbox 1818 4121 2036 4167; x_wconf 86' lang='lat' dir='ltr'><strong>revocat</strong></span> <span class='ocrx_word' id='word_1_769' title='bbox 2057 4109 2265 4177; x_wconf 87' lang='lat' dir='ltr'><strong>vocem,</strong></span> <span class='ocrx_word' id='word_1_770' title='bbox 2290 4120 2344 4167; x_wconf 91' lang='lat' dir='ltr'><strong>et</strong></span> <span class='ocrx_word' id='word_1_771' title='bbox 2367 4111 2598 4165; x_wconf 86' lang='lat' dir='ltr'><strong>secunda</strong></span> <span class='ocrx_word' id='word_1_772' title='bbox 2626 4109 2777 4179; x_wconf 89' lang='lat' dir='ltr'><strong>probi</strong></span> <span class='ocrx_word' id='word_1_773' title='bbox 2801 4111 2962 4165; x_wconf 89' lang='lat' dir='ltr'><strong>animi</strong></span> <span class='ocrx_word' id='word_1_774' title='bbox 2990 4110 3400 4181; x_wconf 76' lang='lat' dir='ltr'><strong>signiﬁcatione,</strong></span> 
     </span>
    </p>
   </div>
   <div class='ocr_carea' id='block_1_97' title="bbox 1818 4181 3401 4252">
    <p class='ocr_par' dir='ltr' id='par_1_97' title="bbox 1818 4181 3401 4252">
     <span class='ocr_line' id='line_1_98' title="bbox 1818 4181 3401 4252; baseline -0.001 -15"><span class='ocrx_word' id='word_1_775' title='bbox 1818 4184 2052 4252; x_wconf 85' lang='lat' dir='ltr'><strong>priorem</strong></span> <span class='ocrx_word' id='word_1_776' title='bbox 2085 4182 2232 4252; x_wconf 91' lang='lat' dir='ltr'><strong>tegit.</strong></span> <span class='ocrx_word' id='word_1_777' title='bbox 2263 4182 2379 4237; x_wconf 86' lang='lat' dir='ltr'><strong>Non</strong></span> <span class='ocrx_word' id='word_1_778' title='bbox 2406 4182 2549 4236; x_wconf 90' lang='lat' dir='ltr'><strong>enim</strong></span> <span class='ocrx_word' id='word_1_779' title='bbox 2576 4182 2713 4252; x_wconf 71' lang='lat' dir='ltr'><strong>ultra</strong></span> <span class='ocrx_word' id='word_1_780' title='bbox 2742 4190 2896 4237; x_wconf 88' lang='lat' dir='ltr'><strong>vocat</strong></span> <span class='ocrx_word' id='word_1_781' title='bbox 2924 4181 3073 4237; x_wconf 91' lang='lat' dir='ltr'><strong>illum</strong></span> <span class='ocrx_word' id='word_1_782' title='bbox 3104 4181 3269 4236; x_wconf 88' lang='lat' dir='ltr'><strong>lilium</strong></span> <span class='ocrx_word' id='word_1_783' title='bbox 3301 4182 3401 4236; x_wconf 86' lang='lat' dir='ltr'><strong>Da-</strong></span> 
     </span>
    </p>
   </div>
   <div class='ocr_carea' id='block_1_98' title="bbox 1817 4243 3405 4326">
    <p class='ocr_par' dir='ltr' id='par_1_98' title="bbox 1817 4243 3405 4326">
     <span class='ocr_line' id='line_1_99' title="bbox 1817 4243 3405 4326; baseline 0.003 -21"><span class='ocrx_word' id='word_1_784' title='bbox 1817 4243 1903 4308; x_wconf 68' lang='lat' dir='ltr'><strong>vid</strong></span> <span class='ocrx_word' id='word_1_785' title='bbox 1931 4295 1946 4319; x_wconf 92' lang='lat'><strong>,</strong></span> <span class='ocrx_word' id='word_1_786' title='bbox 1973 4252 2067 4308; x_wconf 87' lang='lat' dir='ltr'><strong>sed</strong></span> <span class='ocrx_word' id='word_1_787' title='bbox 2102 4243 2383 4326; x_wconf 67' lang='lat' dir='ltr'><strong>Dominum</strong></span> <span class='ocrx_word' id='word_1_788' title='bbox 2414 4252 2599 4326; x_wconf 83' lang='lat' dir='ltr'><strong>dicens</strong></span> <span class='ocrx_word' id='word_1_789' title='bbox 2627 4270 2639 4305; x_wconf 93' lang='lat'>:</span> <span class='ocrx_word' id='word_1_790' title='bbox 2674 4243 2891 4326; x_wconf 72' lang='lat' dir='ltr'><strong>Domine</strong></span> <span class='ocrx_word' id='word_1_791' title='bbox 2915 4294 2931 4319; x_wconf 92' lang='lat'><strong>,</strong></span> <span class='ocrx_word' id='word_1_792' title='bbox 2960 4253 3147 4326; x_wconf 82' lang='lat' dir='ltr'><strong>adjnva</strong></span> <span class='ocrx_word' id='word_1_793' title='bbox 3174 4269 3278 4326; x_wconf 76' lang='lat' dir='ltr'><strong>me.</strong></span> <span class='ocrx_word' id='word_1_794' title='bbox 3300 4252 3405 4309; x_wconf 67' lang='lat' dir='ltr'><strong>Neo</strong></span> 
     </span>
    </p>
   </div>
   <div class='ocr_carea' id='block_1_99' title="bbox 1814 4322 3405 4393">
    <p class='ocr_par' dir='ltr' id='par_1_99' title="bbox 1814 4322 3405 4393">
     <span class='ocr_line' id='line_1_100' title="bbox 1814 4322 3405 4393; baseline 0.001 -18"><span class='ocrx_word' id='word_1_795' title='bbox 1814 4339 1919 4392; x_wconf 92' lang='lat' dir='ltr'><strong>que</strong></span> <span class='ocrx_word' id='word_1_796' title='bbox 1948 4333 2124 4378; x_wconf 90' lang='lat' dir='ltr'><strong>tamen</strong></span> <span class='ocrx_word' id='word_1_797' title='bbox 2156 4324 2244 4377; x_wconf 85' lang='lat' dir='ltr'><strong>ille</strong></span> <span class='ocrx_word' id='word_1_798' title='bbox 2268 4323 2560 4393; x_wconf 87' lang='lat' dir='ltr'><strong>respondet</strong></span> <span class='ocrx_word' id='word_1_799' title='bbox 2584 4365 2600 4393; x_wconf 80' lang='lat'><strong>,</strong></span> <span class='ocrx_word' id='word_1_800' title='bbox 2634 4322 2727 4377; x_wconf 88' lang='lat' dir='ltr'><strong>sed</strong></span> <span class='ocrx_word' id='word_1_801' title='bbox 2757 4323 2934 4378; x_wconf 88' lang='lat' dir='ltr'><strong>audita</strong></span> <span class='ocrx_word' id='word_1_802' title='bbox 2961 4322 3092 4393; x_wconf 67' lang='lat' dir='ltr'><strong>vo&#39;ce</strong></span> <span class='ocrx_word' id='word_1_803' title='bbox 3132 4325 3405 4379; x_wconf 88' lang='lat' dir='ltr'><strong>concitant</strong></span> 
     </span>
    </p>
   </div>
   <div class='ocr_carea' id='block_1_100' title="bbox 1815 4365 3397 4464">
    <p class='ocr_par' dir='ltr' id='par_1_100' title="bbox 1815 4365 3397 4464">
     <span class='ocr_line' id='line_1_101' title="bbox 1815 4365 3397 4464; baseline -0.001 -16"><span class='ocrx_word' id='word_1_804' title='bbox 1815 4365 2754 4464; x_wconf 62' lang='grc' dir='ltr'><strong>εἰιἰἷιπί“εἰ’ῥῖ.ἓιὶ›ἰί”ᾱί”εὲῧῖἔὲ”ἔ’ὀιιῖὧαι</strong></span> <span class='ocrx_word' id='word_1_805' title='bbox 2772 4365 3397 4464; x_wconf 68' lang='lat' dir='ltr'><strong>&#39;,;.&#39;.;&quot;...;.f5.:..&#39;1;&#39;.;;;;;</strong></span> 
     </span>
    </p>
   </div>
   <div class='ocr_carea' id='block_1_101' title="bbox 1811 4461 3402 4531">
    <p class='ocr_par' dir='ltr' id='par_1_101' title="bbox 1811 4461 3402 4531">
     <span class='ocr_line' id='line_1_102' title="bbox 1811 4461 3402 4531; baseline -0.003 -12"><span class='ocrx_word' id='word_1_806' title='bbox 1811 4463 1991 4521; x_wconf 80' lang='lat' dir='ltr'><strong>differt</strong></span> <span class='ocrx_word' id='word_1_807' title='bbox 2012 4461 2212 4531; x_wconf 53' lang='lat' dir='ltr'><strong>{iidem</strong></span> <span class='ocrx_word' id='word_1_808' title='bbox 2244 4464 2388 4520; x_wconf 89' lang='lat' dir='ltr'><strong>illam</strong></span> <span class='ocrx_word' id='word_1_809' title='bbox 2410 4476 2681 4530; x_wconf 87' lang='lat' dir='ltr'><strong>spectans,</strong></span> <span class='ocrx_word' id='word_1_810' title='bbox 2711 4474 2765 4519; x_wconf 90' lang='lat' dir='ltr'><strong>et</strong></span> <span class='ocrx_word' id='word_1_811' title='bbox 2784 4461 2915 4520; x_wconf 88' lang='lat' dir='ltr'><strong>dicit</strong></span> <span class='ocrx_word' id='word_1_812' title='bbox 2941 4466 2991 4520; x_wconf 90' lang='lat' dir='ltr'><strong>ei</strong></span> <span class='ocrx_word' id='word_1_813' title='bbox 3016 4484 3029 4521; x_wconf 89' lang='lat'><strong>:</strong></span> <span class='ocrx_word' id='word_1_814' title='bbox 3065 4464 3185 4519; x_wconf 86' lang='lat' dir='ltr'><strong>Non</strong></span> <span class='ocrx_word' id='word_1_815' title='bbox 3212 4478 3284 4520; x_wconf 83' lang='lat' dir='ltr'><strong>est</strong></span> <span class='ocrx_word' id='word_1_816' title='bbox 3311 4465 3402 4517; x_wconf 61' lang='lat' dir='ltr'><strong>bo.</strong></span> 
     </span>
    </p>
   </div>
   <div class='ocr_carea' id='block_1_102' title="bbox 1813 4532 3399 4607">
    <p class='ocr_par' dir='ltr' id='par_1_102' title="bbox 1813 4532 3399 4607">
     <span class='ocr_line' id='line_1_103' title="bbox 1813 4532 3399 4607; baseline 0 -18"><span class='ocrx_word' id='word_1_817' title='bbox 1813 4551 1935 4607; x_wconf 69' lang='lat' dir='ltr'><strong>nam</strong></span> <span class='ocrx_word' id='word_1_818' title='bbox 1962 4536 2192 4607; x_wconf 79' lang='lat' dir='ltr'><strong>accipere</strong></span> <span class='ocrx_word' id='word_1_819' title='bbox 2219 4551 2400 4607; x_wconf 74' lang='lat' dir='ltr'><strong>partem</strong></span> <span class='ocrx_word' id='word_1_820' title='bbox 2438 4532 2679 4607; x_wconf 78' lang='lat' dir='ltr'><strong>ﬁliorum.</strong></span> <span class='ocrx_word' id='word_1_821' title='bbox 2700 4544 2745 4589; x_wconf 89' lang='lat' dir='ltr'><strong>et</strong></span> <span class='ocrx_word' id='word_1_822' title='bbox 2778 4533 3021 4606; x_wconf 84' lang='lat' dir='ltr'><strong>projicere</strong></span> <span class='ocrx_word' id='word_1_823' title='bbox 3045 4536 3275 4590; x_wconf 72' lang='lat' dir='ltr'><strong>canibus.</strong></span> <span class='ocrx_word' id='word_1_824' title='bbox 3310 4534 3399 4589; x_wconf 80' lang='lat' dir='ltr'><strong>Fi-</strong></span> 
     </span>
    </p>
   </div>
   <div class='ocr_carea' id='block_1_103' title="bbox 1812 4604 3401 4676">
    <p class='ocr_par' dir='ltr' id='par_1_103' title="bbox 1812 4604 3401 4676">
     <span class='ocr_line' id='line_1_104' title="bbox 1812 4604 3401 4676; baseline -0.002 -17"><span class='ocrx_word' id='word_1_825' title='bbox 1812 4604 2079 4662; x_wconf 89' lang='lat' dir='ltr'><strong>liosvocat</strong></span> <span class='ocrx_word' id='word_1_826' title='bbox 2097 4604 2510 4676; x_wconf 10' lang='lat' dir='ltr'><strong>lsraélitas,rnon</strong></span> <span class='ocrx_word' id='word_1_827' title='bbox 2534 4614 2641 4676; x_wconf 85' lang='lat' dir='ltr'><strong>tam</strong></span> <span class='ocrx_word' id='word_1_828' title='bbox 2661 4604 2953 4676; x_wconf 31' lang='lat' dir='ltr'><strong>honera‘ns,</strong></span> <span class='ocrx_word' id='word_1_829' title='bbox 2988 4622 3145 4676; x_wconf 87' lang='lat' dir='ltr'><strong>quam</strong></span> <span class='ocrx_word' id='word_1_830' title='bbox 3172 4620 3401 4676; x_wconf 85' lang='lat' dir='ltr'><strong>arguens</strong></span> 
     </span>
    </p>
   </div>
   <div class='ocr_carea' id='block_1_104' title="bbox 1811 4674 3403 4747">
    <p class='ocr_par' dir='ltr' id='par_1_104' title="bbox 1811 4674 3403 4747">
     <span class='ocr_line' id='line_1_105' title="bbox 1811 4674 3403 4747; baseline -0.001 -16"><span class='ocrx_word' id='word_1_831' title='bbox 1811 4676 2075 4747; x_wconf 85' lang='lat' dir='ltr'><strong>ingratum</strong></span> <span class='ocrx_word' id='word_1_832' title='bbox 2093 4676 2304 4747; x_wconf 90' lang='lat' dir='ltr'><strong>illorum</strong></span> <span class='ocrx_word' id='word_1_833' title='bbox 2317 4675 2578 4732; x_wconf 88' lang='lat' dir='ltr'><strong>animum.</strong></span> <span class='ocrx_word' id='word_1_834' title='bbox 2598 4674 2726 4730; x_wconf 86' lang='lat' dir='ltr'><strong>Nam</strong></span> <span class='ocrx_word' id='word_1_835' title='bbox 2745 4692 2902 4747; x_wconf 62' lang='lat' dir='ltr'><strong>quam</strong></span> <span class='ocrx_word' id='word_1_836' title='bbox 2921 4675 3079 4732; x_wconf 87' lang='lat' dir='ltr'><strong>hodie</strong></span> <span class='ocrx_word' id='word_1_837' title='bbox 3099 4674 3403 4730; x_wconf 77' lang='lat' dir='ltr'><strong>liliosvocat</strong></span> 
     </span>
    </p>
   </div>
   <div class='ocr_carea' id='block_1_105' title="bbox 1810 4745 3397 4818">
    <p class='ocr_par' dir='ltr' id='par_1_105' title="bbox 1810 4745 3397 4818">
     <span class='ocr_line' id='line_1_106' title="bbox 1810 4745 3397 4818; baseline -0.003 -15"><span class='ocrx_word' id='word_1_838' title='bbox 1810 4745 2097 4814; x_wconf 79' lang='lat' dir='ltr'><strong>lsraelitas,</strong></span> <span class='ocrx_word' id='word_1_839' title='bbox 2116 4746 2260 4801; x_wconf 82' lang='lat' dir='ltr'><strong>filius</strong></span> <span class='ocrx_word' id='word_1_840' title='bbox 2278 4757 2363 4815; x_wconf 84' lang='lat' dir='ltr'><strong>est</strong></span> <span class='ocrx_word' id='word_1_841' title='bbox 2374 4748 2492 4817; x_wconf 85' lang='lat' dir='ltr'><strong>ejus</strong></span> <span class='ocrx_word' id='word_1_842' title='bbox 2506 4748 2593 4818; x_wconf 88' lang='lat' dir='ltr'><strong>qui</strong></span> <span class='ocrx_word' id='word_1_843' title='bbox 2616 4745 2783 4818; x_wconf 79' lang='lat' dir='ltr'><strong>dicit:</strong></span> <span class='ocrx_word' id='word_1_844' title='bbox 2815 4745 2979 4818; x_wconf 79' lang='lat' dir='ltr'><strong>Filios</strong></span> <span class='ocrx_word' id='word_1_845' title='bbox 3008 4748 3160 4817; x_wconf 83' lang='lat' dir='ltr'><strong>genui</strong></span> <span class='ocrx_word' id='word_1_846' title='bbox 3183 4757 3229 4800; x_wconf 87' lang='lat' dir='ltr'><strong>et</strong></span> <span class='ocrx_word' id='word_1_847' title='bbox 3254 4749 3397 4800; x_wconf 73' lang='lat' dir='ltr'><strong>exal-</strong></span> 
     </span>
    </p>
   </div>
   <div class='ocr_carea' id='block_1_106' title="bbox 1809 4815 3400 4889">
    <p class='ocr_par' dir='ltr' id='par_1_106' title="bbox 1809 4815 3400 4889">
     <span class='ocr_line' id='line_1_107' title="bbox 1809 4815 3400 4889; baseline -0.003 -18"><span class='ocrx_word' id='word_1_848' title='bbox 1809 4818 1931 4882; x_wconf 81' lang='lat' dir='ltr'><strong>lavi,</strong></span> <span class='ocrx_word' id='word_1_849' title='bbox 1950 4819 2047 4886; x_wconf 89' lang='lat' dir='ltr'><strong>ipsi</strong></span> <span class='ocrx_word' id='word_1_850' title='bbox 2066 4827 2234 4872; x_wconf 86' lang='lat' dir='ltr'><strong>autem</strong></span> <span class='ocrx_word' id='word_1_851' title='bbox 2246 4815 2539 4885; x_wconf 76' lang='lat' dir='ltr'><strong>spreverunl</strong></span> <span class='ocrx_word' id='word_1_852' title='bbox 2559 4833 2637 4889; x_wconf 74' lang='lat' dir='ltr'><strong>nte</strong></span> <span class='ocrx_word' id='word_1_853' title='bbox 2653 4815 2805 4887; x_wconf 88' lang='lat' dir='ltr'><strong>(lsai.</strong></span> <span class='ocrx_word' id='word_1_854' title='bbox 2827 4818 2877 4873; x_wconf 82' lang='lat' dir='ltr'><strong>l.</strong></span> <span class='ocrx_word' id='word_1_855' title='bbox 2893 4815 2971 4889; x_wconf 74' lang='grc'><strong>2).</strong></span> <span class='ocrx_word' id='word_1_856' title='bbox 2992 4815 3287 4889; x_wconf 65' lang='lat' dir='ltr'><strong>(titanauma</strong></span> <span class='ocrx_word' id='word_1_857' title='bbox 3308 4832 3400 4870; x_wconf 82' lang='lat' dir='ltr'><strong>cn-</strong></span> 
     </span>
    </p>
   </div>
   <div class='ocr_carea' id='block_1_107' title="bbox 1809 4887 3397 4958">
    <p class='ocr_par' dir='ltr' id='par_1_107' title="bbox 1809 4887 3397 4958">
     <span class='ocr_line' id='line_1_108' title="bbox 1809 4887 3397 4958; baseline -0.001 -16"><span class='ocrx_word' id='word_1_858' title='bbox 1809 4890 1891 4943; x_wconf 89' lang='lat' dir='ltr'><strong>nis</strong></span> <span class='ocrx_word' id='word_1_859' title='bbox 1914 4900 2132 4944; x_wconf 84' lang='lat' dir='ltr'><strong>vocatur</strong></span> <span class='ocrx_word' id='word_1_860' title='bbox 2149 4925 2165 4954; x_wconf 85' lang='lat'><strong>,</strong></span> <span class='ocrx_word' id='word_1_861' title='bbox 2183 4899 2373 4944; x_wconf 90' lang='lat' dir='ltr'><strong>etcum</strong></span> <span class='ocrx_word' id='word_1_862' title='bbox 2395 4889 2561 4958; x_wconf 88' lang='lat' dir='ltr'><strong>gratia</strong></span> <span class='ocrx_word' id='word_1_863' title='bbox 2588 4887 2688 4943; x_wconf 77' lang='lat' dir='ltr'><strong>fert</strong></span> <span class='ocrx_word' id='word_1_864' title='bbox 2708 4887 3106 4944; x_wconf 83' lang='lat' dir='ltr'><strong>contumeliam.</strong></span> <span class='ocrx_word' id='word_1_865' title='bbox 3130 4887 3397 4943; x_wconf 65' lang='lat' dir='ltr'><strong>Caeterum</strong></span> 
     </span>
    </p>
   </div>
   <div class='ocr_carea' id='block_1_108' title="bbox 1807 4958 3397 5028">
    <p class='ocr_par' dir='ltr' id='par_1_108' title="bbox 1807 4958 3397 5028">
     <span class='ocr_line' id='line_1_109' title="bbox 1807 4958 3397 5028; baseline 0 -17"><span class='ocrx_word' id='word_1_866' title='bbox 1807 4968 1935 5028; x_wconf 91' lang='lat' dir='ltr'><strong>puto</strong></span> <span class='ocrx_word' id='word_1_867' title='bbox 1954 4958 2205 5025; x_wconf 85' lang='lat' dir='ltr'><strong>etcredo,</strong></span> <span class='ocrx_word' id='word_1_868' title='bbox 2223 4958 2491 5014; x_wconf 87' lang='lat' dir='ltr'><strong>Christum</strong></span> <span class='ocrx_word' id='word_1_869' title='bbox 2516 4959 2569 5014; x_wconf 95' lang='lat' dir='ltr'><strong>in</strong></span> <span class='ocrx_word' id='word_1_870' title='bbox 2594 4961 2693 5016; x_wconf 90' lang='lat' dir='ltr'><strong>hac</strong></span> <span class='ocrx_word' id='word_1_871' title='bbox 2721 4958 3039 5016; x_wconf 90' lang='lat' dir='ltr'><strong>contumelia</strong></span> <span class='ocrx_word' id='word_1_872' title='bbox 3071 4958 3397 5014; x_wconf 84' lang='lat' dir='ltr'><strong>benevolen-</strong></span> 
     </span>
    </p>
   </div>
   <div class='ocr_carea' id='block_1_109' title="bbox 1807 5028 3395 5113">
    <p class='ocr_par' dir='ltr' id='par_1_109' title="bbox 1807 5028 3395 5113">
     <span class='ocr_line' id='line_1_110' title="bbox 1807 5028 3395 5113; baseline 0 -31"><span class='ocrx_word' id='word_1_873' title='bbox 1807 5029 2201 5113; x_wconf 62' lang='lat' dir='ltr'><strong>timjmaginem</strong></span> <span class='ocrx_word' id='word_1_874' title='bbox 2215 5030 2485 5113; x_wconf 87' lang='lat' dir='ltr'><strong>’posuisse,</strong></span> <span class='ocrx_word' id='word_1_875' title='bbox 2510 5046 2703 5111; x_wconf 79' lang='lat' dir='ltr'><strong>nempe</strong></span> <span class='ocrx_word' id='word_1_876' title='bbox 2724 5029 3189 5113; x_wconf 52' lang='lat' dir='ltr'><strong>emtemmnimalis</strong></span> <span class='ocrx_word' id='word_1_877' title='bbox 3208 5028 3395 5097; x_wconf 86' lang='lat' dir='ltr'><strong>hujus-</strong></span> 
     </span>
    </p>
   </div>
   <div class='ocr_carea' id='block_1_110' title="bbox 1803 5100 3394 5170">
    <p class='ocr_par' dir='ltr' id='par_1_110' title="bbox 1803 5100 3394 5170">
     <span class='ocr_line' id='line_1_111' title="bbox 1803 5100 3394 5170; baseline 0.001 -18"><span class='ocrx_word' id='word_1_878' title='bbox 1803 5114 1867 5154; x_wconf 86' lang='lat' dir='ltr'><strong>ee</strong></span> <span class='ocrx_word' id='word_1_879' title='bbox 1894 5100 2322 5157; x_wconf 68' lang='lat' dir='ltr'><strong>benevolentiam</strong></span> <span class='ocrx_word' id='word_1_880' title='bbox 2375 5100 2711 5170; x_wconf 84' lang='lat' dir='ltr'><strong>exprimens.</strong></span> <span class='ocrx_word' id='word_1_881' title='bbox 2761 5101 2920 5155; x_wconf 84' lang='lat' dir='ltr'><strong>Canis</strong></span> <span class='ocrx_word' id='word_1_882' title='bbox 2967 5100 3131 5155; x_wconf 89' lang='lat' dir='ltr'><strong>millia</strong></span> <span class='ocrx_word' id='word_1_883' title='bbox 3159 5112 3350 5170; x_wconf 86' lang='lat' dir='ltr'><strong>passus</strong></span> <span class='ocrx_word' id='word_1_884' title='bbox 3378 5139 3394 5164; x_wconf 91' lang='lat'><strong>,</strong></span> 
     </span>
    </p>
   </div>
   <div class='ocr_carea' id='block_1_111' title="bbox 1803 5168 3393 5235">
    <p class='ocr_par' dir='ltr' id='par_1_111' title="bbox 1803 5168 3393 5235">
     <span class='ocr_line' id='line_1_112' title="bbox 1803 5168 3393 5235; baseline -0.001 -11"><span class='ocrx_word' id='word_1_885' title='bbox 1803 5170 1871 5225; x_wconf 89' lang='lat' dir='ltr'><strong>ab</strong></span> <span class='ocrx_word' id='word_1_886' title='bbox 1899 5170 2015 5226; x_wconf 88' lang='lat' dir='ltr'><strong>beri</strong></span> <span class='ocrx_word' id='word_1_887' title='bbox 2044 5170 2127 5226; x_wconf 91' lang='lat' dir='ltr'><strong>sui</strong></span> <span class='ocrx_word' id='word_1_888' title='bbox 2178 5171 2383 5227; x_wconf 68' lang='lat' dir='ltr'><strong>aedibus</strong></span> <span class='ocrx_word' id='word_1_889' title='bbox 2413 5168 2519 5225; x_wconf 82' lang='lat' dir='ltr'><strong>non</strong></span> <span class='ocrx_word' id='word_1_890' title='bbox 2562 5170 2837 5235; x_wconf 70' lang='lat' dir='ltr'><strong>abscedit;</strong></span> <span class='ocrx_word' id='word_1_891' title='bbox 2870 5172 3020 5226; x_wconf 88' lang='lat' dir='ltr'><strong>canis</strong></span> <span class='ocrx_word' id='word_1_892' title='bbox 3047 5168 3175 5225; x_wconf 81' lang='lat' dir='ltr'><strong>cuni</strong></span> <span class='ocrx_word' id='word_1_893' title='bbox 3205 5168 3393 5223; x_wconf 87' lang='lat' dir='ltr'><strong>bermu</strong></span> 
     </span>
    </p>
   </div>
   <div class='ocr_carea' id='block_1_112' title="bbox 1801 5240 3393 5310">
    <p class='ocr_par' dir='ltr' id='par_1_112' title="bbox 1801 5240 3393 5310">
     <span class='ocr_line' id='line_1_113' title="bbox 1801 5240 3393 5310; baseline -0.001 -16"><span class='ocrx_word' id='word_1_894' title='bbox 1801 5240 2137 5310; x_wconf 86' lang='lat' dir='ltr'><strong>gradientem</strong></span> <span class='ocrx_word' id='word_1_895' title='bbox 2170 5241 2346 5307; x_wconf 84' lang='lat' dir='ltr'><strong>videt,</strong></span> <span class='ocrx_word' id='word_1_896' title='bbox 2380 5249 2561 5306; x_wconf 87' lang='lat' dir='ltr'><strong>tacet,</strong></span> <span class='ocrx_word' id='word_1_897' title='bbox 2592 5257 2712 5296; x_wconf 90' lang='lat' dir='ltr'><strong>cum</strong></span> <span class='ocrx_word' id='word_1_898' title='bbox 2743 5240 3071 5297; x_wconf 89' lang='lat' dir='ltr'><strong>domesticos</strong></span> <span class='ocrx_word' id='word_1_899' title='bbox 3100 5253 3287 5295; x_wconf 89' lang='lat' dir='ltr'><strong>servos</strong></span> <span class='ocrx_word' id='word_1_900' title='bbox 3316 5240 3393 5293; x_wconf 87' lang='lat' dir='ltr'><strong>vi-</strong></span> 
     </span>
    </p>
   </div>
   <div class='ocr_carea' id='block_1_113' title="bbox 1801 5310 3392 5381">
    <p class='ocr_par' dir='ltr' id='par_1_113' title="bbox 1801 5310 3392 5381">
     <span class='ocr_line' id='line_1_114' title="bbox 1801 5310 3392 5381; baseline -0.003 -17"><span class='ocrx_word' id='word_1_901' title='bbox 1801 5311 1889 5366; x_wconf 84' lang='lat' dir='ltr'><strong>det</strong></span> <span class='ocrx_word' id='word_1_902' title='bbox 1918 5352 1935 5378; x_wconf 88' lang='lat'><strong>,</strong></span> <span class='ocrx_word' id='word_1_903' title='bbox 1963 5312 2221 5380; x_wconf 84' lang='lat' dir='ltr'><strong>quiescit;</strong></span> <span class='ocrx_word' id='word_1_904' title='bbox 2266 5327 2390 5367; x_wconf 90' lang='lat' dir='ltr'><strong>cum</strong></span> <span class='ocrx_word' id='word_1_905' title='bbox 2419 5320 2708 5366; x_wconf 84' lang='lat' dir='ltr'><strong>extraneos</strong></span> <span class='ocrx_word' id='word_1_906' title='bbox 2749 5310 2916 5377; x_wconf 82' lang='lat' dir='ltr'><strong>videt,</strong></span> <span class='ocrx_word' id='word_1_907' title='bbox 2944 5314 3245 5381; x_wconf 89' lang='lat' dir='ltr'><strong>exagitatur</strong></span> <span class='ocrx_word' id='word_1_908' title='bbox 3268 5348 3285 5375; x_wconf 88' lang='lat'><strong>,</strong></span> <span class='ocrx_word' id='word_1_909' title='bbox 3310 5310 3392 5381; x_wconf 41' lang='lat' dir='ltr'><strong>las</strong></span> 
     </span>
    </p>
   </div>
   <div class='ocr_carea' id='block_1_114' title="bbox 1804 5380 3387 5464">
    <p class='ocr_par' dir='ltr' id='par_1_114' title="bbox 1804 5380 3387 5464">
     <span class='ocr_line' id='line_1_115' title="bbox 1804 5380 3387 5464; baseline 0 -29"><span class='ocrx_word' id='word_1_910' title='bbox 1804 5390 1941 5444; x_wconf 89' lang='lat' dir='ltr'><strong>trat,</strong></span> <span class='ocrx_word' id='word_1_911' title='bbox 1975 5397 2081 5436; x_wconf 93' lang='lat' dir='ltr'><strong>non</strong></span> <span class='ocrx_word' id='word_1_912' title='bbox 2109 5382 2368 5464; x_wconf 66' lang='lat' dir='ltr'><strong>quiescit,</strong></span> <span class='ocrx_word' id='word_1_913' title='bbox 2414 5382 2621 5436; x_wconf 91' lang='lat' dir='ltr'><strong>nullum</strong></span> <span class='ocrx_word' id='word_1_914' title='bbox 2666 5380 2902 5464; x_wconf 74' lang='lat' dir='ltr'><strong>alienum</strong></span> <span class='ocrx_word' id='word_1_915' title='bbox 2947 5380 3190 5464; x_wconf 56' lang='lat' dir='ltr'><strong>respicit:</strong></span> <span class='ocrx_word' id='word_1_916' title='bbox 3216 5380 3387 5464; x_wconf 54' lang='grc' dir='ltr'>,Ιιιιιωί</span> 
     </span>
    </p>
   </div>
   <div class='ocr_carea' id='block_1_115' title="bbox 1800 5451 3387 5521">
    <p class='ocr_par' dir='ltr' id='par_1_115' title="bbox 1800 5451 3387 5521">
     <span class='ocr_line' id='line_1_116' title="bbox 1800 5451 3387 5521; baseline 0.001 -17"><span class='ocrx_word' id='word_1_917' title='bbox 1800 5466 1929 5505; x_wconf 85' lang='lat' dir='ltr'><strong>vero</strong></span> <span class='ocrx_word' id='word_1_918' title='bbox 1949 5451 2222 5521; x_wconf 80' lang='lat' dir='ltr'><strong>quomOdo</strong></span> <span class='ocrx_word' id='word_1_919' title='bbox 2242 5462 2525 5508; x_wconf 79' lang='lat' dir='ltr'><strong>sescentas</strong></span> <span class='ocrx_word' id='word_1_920' title='bbox 2544 5461 2731 5507; x_wconf 89' lang='lat' dir='ltr'><strong>contra</strong></span> <span class='ocrx_word' id='word_1_921' title='bbox 2757 5453 2922 5507; x_wconf 91' lang='lat' dir='ltr'><strong>Deum</strong></span> <span class='ocrx_word' id='word_1_922' title='bbox 2944 5451 3116 5507; x_wconf 91' lang='lat' dir='ltr'><strong>emitti</strong></span> <span class='ocrx_word' id='word_1_923' title='bbox 3141 5452 3387 5521; x_wconf 87' lang='lat' dir='ltr'><strong>blasphe-</strong></span> 
     </span>
    </p>
   </div>
   <div class='ocr_carea' id='block_1_116' title="bbox 1799 5520 3390 5587">
    <p class='ocr_par' dir='ltr' id='par_1_116' title="bbox 1799 5520 3390 5587">
     <span class='ocr_line' id='line_1_117' title="bbox 1799 5520 3390 5587; baseline -0.001 -11"><span class='ocrx_word' id='word_1_924' title='bbox 1799 5521 1939 5577; x_wconf 89' lang='lat' dir='ltr'><strong>mias</strong></span> <span class='ocrx_word' id='word_1_925' title='bbox 1958 5520 2160 5587; x_wconf 87' lang='lat' dir='ltr'><strong>vident,</strong></span> <span class='ocrx_word' id='word_1_926' title='bbox 2180 5536 2279 5577; x_wconf 91' lang='lat' dir='ltr'><strong>nec</strong></span> <span class='ocrx_word' id='word_1_927' title='bbox 2300 5522 2615 5578; x_wconf 72' lang='lat' dir='ltr'><strong>moventur?</strong></span> <span class='ocrx_word' id='word_1_928' title='bbox 2640 5520 2769 5579; x_wconf 86' lang='lat' dir='ltr'><strong>Vide</strong></span> <span class='ocrx_word' id='word_1_929' title='bbox 2788 5522 3149 5578; x_wconf 89' lang='lat' dir='ltr'><strong>Christianum</strong></span> <span class='ocrx_word' id='word_1_930' title='bbox 3168 5520 3390 5576; x_wconf 86' lang='lat' dir='ltr'><strong>audien-</strong></span> 
     </span>
    </p>
   </div>
   <div class='ocr_carea' id='block_1_117' title="bbox 1799 5591 3389 5665">
    <p class='ocr_par' dir='ltr' id='par_1_117' title="bbox 1799 5591 3389 5665">
     <span class='ocr_line' id='line_1_118' title="bbox 1799 5591 3389 5665; baseline -0.001 -18"><span class='ocrx_word' id='word_1_931' title='bbox 1799 5601 1906 5665; x_wconf 88' lang='lat' dir='ltr'><strong>tem</strong></span> <span class='ocrx_word' id='word_1_932' title='bbox 1929 5591 2236 5665; x_wconf 66' lang='lat' dir='ltr'><strong>haereticam</strong></span> <span class='ocrx_word' id='word_1_933' title='bbox 2259 5591 2645 5665; x_wconf 80' lang='lat' dir='ltr'><strong>blasphemiam</strong></span> <span class='ocrx_word' id='word_1_934' title='bbox 2675 5603 2768 5648; x_wconf 90' lang='lat' dir='ltr'><strong>aut</strong></span> <span class='ocrx_word' id='word_1_935' title='bbox 2798 5593 2961 5649; x_wconf 88' lang='lat' dir='ltr'><strong>alium</strong></span> <span class='ocrx_word' id='word_1_936' title='bbox 2981 5607 3245 5665; x_wconf 83' lang='lat' dir='ltr'><strong>errorem.</strong></span> <span class='ocrx_word' id='word_1_937' title='bbox 3278 5602 3389 5665; x_wconf 83' lang='lat' dir='ltr'><strong>sta-</strong></span> 
     </span>
    </p>
   </div>
   <div class='ocr_carea' id='block_1_118' title="bbox 1800 5661 3387 5730">
    <p class='ocr_par' dir='ltr' id='par_1_118' title="bbox 1800 5661 3387 5730">
     <span class='ocr_line' id='line_1_119' title="bbox 1800 5661 3387 5730; baseline -0.001 -12"><span class='ocrx_word' id='word_1_938' title='bbox 1800 5664 2001 5730; x_wconf 78' lang='lat' dir='ltr'><strong>timque</strong></span> <span class='ocrx_word' id='word_1_939' title='bbox 2056 5663 2327 5717; x_wconf 82' lang='lat' dir='ltr'><strong>turbatum</strong></span> <span class='ocrx_word' id='word_1_940' title='bbox 2352 5661 2391 5725; x_wconf 70' lang='grc'><strong>,⁷</strong></span> <span class='ocrx_word' id='word_1_941' title='bbox 2422 5662 2705 5718; x_wconf 89' lang='lat' dir='ltr'><strong>latrantem</strong></span> <span class='ocrx_word' id='word_1_942' title='bbox 2730 5706 2747 5729; x_wconf 89' lang='lat'><strong>,</strong></span> <span class='ocrx_word' id='word_1_943' title='bbox 2806 5672 2994 5719; x_wconf 88' lang='lat' dir='ltr'><strong>contra</strong></span> <span class='ocrx_word' id='word_1_944' title='bbox 3046 5661 3387 5717; x_wconf 77' lang='lat' dir='ltr'><strong>adversarios</strong></span> 
     </span>
    </p>
   </div>
   <div class='ocr_carea' id='block_1_119' title="bbox 1795 5731 3381 5792">
    <p class='ocr_par' dir='ltr' id='par_1_119' title="bbox 1795 5731 3381 5792">
     <span class='ocr_line' id='line_1_120' title="bbox 1795 5731 3381 5792; baseline -0.003 -1"><span class='ocrx_word' id='word_1_945' title='bbox 1795 5734 2138 5791; x_wconf 87' lang='lat' dir='ltr'><strong>clamantem.</strong></span> <span class='ocrx_word' id='word_1_946' title='bbox 2164 5732 2281 5790; x_wconf 81' lang='lat' dir='ltr'><strong>Non</strong></span> <span class='ocrx_word' id='word_1_947' title='bbox 2320 5732 2425 5790; x_wconf 89' lang='lat' dir='ltr'><strong>fert</strong></span> <span class='ocrx_word' id='word_1_948' title='bbox 2459 5731 2790 5792; x_wconf 74' lang='lat' dir='ltr'><strong>Christianus</strong></span> <span class='ocrx_word' id='word_1_949' title='bbox 2829 5738 3058 5791; x_wconf 70' lang='lat' dir='ltr'><strong>alienam</strong></span> <span class='ocrx_word' id='word_1_950' title='bbox 3094 5732 3277 5790; x_wconf 83' lang='lat' dir='ltr'><strong>videre</strong></span> <span class='ocrx_word' id='word_1_951' title='bbox 3304 5734 3381 5787; x_wconf 59' lang='lat' dir='ltr'><strong>ius</strong></span> 
     </span>
    </p>
   </div>
   <div class='ocr_carea' id='block_1_120' title="bbox 2915 5821 2992 5889">
    <p class='ocr_par' dir='ltr' id='par_1_120' title="bbox 2915 5821 2992 5889">
     <span class='ocr_line' id='line_1_121' title="bbox 2915 5821 2992 5889; baseline 0.026 -2"><span class='ocrx_word' id='word_1_952' title='bbox 2915 5821 2992 5889; x_wconf 77' lang='grc' dir='ltr'><strong>ιι</strong></span> 
     </span>
    </p>
   </div>
  </div>
