4072 6192
367 296 476 355 663

366 405 541 458 lanam
564 399 617 454 in
653 413 940 468 purpuram
979 399 1179 466 regiam
1201 398 1227 437 ν
1255 398 1383 451 Esto
1411 395 1550 468 illius
1593 396 1769 467 Regis.
1815 398 1943 451 Tin-

365 474 485 528 sisti
508 486 625 523 eam
648 467 898 540 operibus
921 469 1263 540 tenebrosis_?_
1283 468 1410 540 Esto
1442 467 1579 520 illius
1599 468 1945 540 tenebrarum

368 554 421 597 et
468 539 639 595 noctis
662 536 815 596 z'non
850 549 1035 591 natura
1086 538 1135 590 id
1181 537 1487 600 efﬁciente,
1519 537 1613 591 sed
1662 536 1949 592 voluntatis

368 612 646 683 proposito
683 609 1037 683 diﬂ‘erentiam
1066 608 1378 683 inducente.
1405 607 1544 661 Nihil
1572 608 1729 683 igitur
1747 604 1998 683 _ex‘_ne-"

367 677 618 738 cessitate
638 721 652 743 ,
688 680 1030 748 quantumvis
1055 677 1414 747 digladientur
1441 678 1782 732 contentiosi.
1813 678 1946 731 Nam

369 769 467 824 per
498 750 872 824 D_ei_gratiam,
904 758 1158 824 quantum
1194 764 1289 817 per
1318 749 1459 801 vires
1497 748 1643 824 licuit
1667 789 1682 811 ,
1728 749 1948 824 solutio-

372 818 494 877 itent
517 819 782 874 dedimus.
816 819 996 888 Itaque
1022 818 1359 886 deponantur
1388 820 1711 883 quiestiones
1739 819 1789 870 in
1823 832 1949 872 sen-

371 893 573 948 tentiis.
615 889 845 943 Attende
874 889 1176 955 diligenter.
1206 888 1259 941 Si
1304 888 1424 956 quis
1453 898 1639 941 contra
1674 889 1911 957 insurgat
1933 928 1948 949 ,

371 965 451 1018 sic
475 963 547 1017 illi
579 961 779 1013 obsiste
798 1001 813 1022 ,
848 966 905 1011 ut
936 960 1105 1027 ipsum
1139 959 1365 1028 propriis
1387 959 1552 1011 armis
1574 956 1815 1026 dejieias.
1834 956 1954 1013 Nec

368 1035 490 1103 quia
522 1046 645 1084 vasa
677 1031 904 1103 plurima
933 1029 1088 1103 domi
1110 1037 1427 1103 servantur,
1482 1028 1951 1103 indiscriminatim

369 1099 618 1157 omnibus
644 1100 850 1162 utaris;
880 1099 974 1152 Sed
1015 1099 1121 1152 scis
1147 1099 1417 1168 quodnam
1449 1113 1544 1153 vas
1575 1100 1754 1152 vinum
1802 1099 1952 1152 exci-

370 1175 481 1243 piat
501 1214 525 1243 ,ί
549 1170 818 1243 quodnam
845 1179 1076 1243 acetum.
1109 1169 1197 1223 Sic
1234 1169 1371 1243 Deus
1400 1170 1548 1222 novit
1569 1210 1583 1230 ,
1626 1185 1745 1239 qum
1774 1170 1952 1223 anima

369 1239 437 1299 sit
465 1242 531 1295 ad
560 1240 982 1296 misericordiam
1011 1239 1441 1306 consequendam
1470 1248 1590 1307 apta
1616 1278 1633 1303 ,
1662 1255 1780 1309 qum
1823 1254 1954 1309 snp-

369 1314 531 1385 plicia
557 1310 753 1379 digna;
785 1325 890 1363 non
917 1309 1159 1385 quia_sic_
1184 1309 1319 1385 facta
1348 1318 1465 1385 est,
1494 1309 1587 1363 sed
1616 1312 1735 1377 quia
1763 1310 1840 1362 sie
1862 1325 1957 1379 per

370 1378 531 1438 vitam
559 1378 709 1435 suam
736 1396 795 1433 se
815 1381 1109 1448 apparavit.
1145 1378 1382 1443 Idcirco,
1417 1381 1581 1433 frater
1600 1420 1615 1444 ,
1649 1394 1767 1432 vasa
1800 1388 1954 1433 Vocat

368 1465 424 1509 et
442 1468 533 1507 eos
554 1452 641 1518 qui
667 1450 949 1519 supplicio,
968 1458 1022 1503 et
1047 1466 1139 1501 eos
1158 1449 1248 1520 qui
1267 1450 1628 1503 misericordia
1650 1448 1955 1503 afﬁciuntur

370 1524 546 1592 (Quod
571 1523 614 1575 si
642 1520 779 1573 Deus
801 1521 969 1573 volens
990 1519 1249 1592 ostendere
1288 1519 1449 1592 iram,
1486 1530 1548 1592 et,
1580 1531 1751 1592 notam
1790 1521 1959 1588 facere

369 1590 643 1667 potentiam
677 1607 818 1667 suam
842 1591 1131 1667 ,_sust_inuit
1160 1590 1211 1643 in
1238 1590 1396 1642 multa
1428 1590 1872 1667 -patientidiraut
1903 1592 1958 1644 in

371 1661 491 1718 rasa
517 1665 605 1714 irae
627 1671 749 1729 apta
774 1662 826 1713 in
856 1662 1151 1723 interitum,
1179 1670 1231 1712 ut
1262 1661 1543 1715 ostenderet
1569 1661 1774 1713 divitias
1803 1661 1955 1714 mise-

371 1733 608 1787 ricordiae
645 1745 752 1784 suae
792 1730 845 1783 in
886 1747 1006 1783 vasa
1051 1730 1467 1800 misericordiw);
1515 1740 1569 1784 et
1596 1731 1745 1785 illum
1784 1730 1962 1785 ellecit

376 1819 469 1856 vas
502 1805 624 1862 iraa.
653 1803 741 1869 qui
772 1800 906 1854 iram
940 1802 1141 1869 recepit
1168 1817 1183 1865 ;
1229 1799 1379 1853 illum
1415 1799 1509 1853 vas
1534 1800 1918 1855 misericordiae
1940 1843 1958 1866 ,

376 1874 467 1944 qui
498 1872 878 1942 benignitatem
927 1872 1170 1941 recepit;
1199 1879 1257 1926 ut
1300 1870 1550 1927 ostendat
1603 1886 1961 1941 miuuquem-

406 2387 2100 2420 W2

1829 282 2091 340 SPURIA.

3529 291 3632 351 065

2054 411 2160 466 que
2191 394 2242 450 in
2286 409 2344 450 se
2372 396 2635 451 advocare
2662 398 2743 451 vel
2775 399 2907 453 iram
2935 400 3018 455 vel
3050 401 3493 457 niiseriCordiam.
3526 406 3633 462 Sed

2056 469 2282 520 fortasse
2308 469 2428 535 quis
2478 468 2613 520 hanc
2641 483 2823 521 vocem
2850 512 2863 532 ,
2896 472 3009 525 sive
3060 472 3161 525 hoc
3208 473 3406 528 dictum
3448 475 3639 529 redar-

2054 546 2179 614 guet
2200 578 2215 598 ,
2251 535 2317 614 in
2339 554 2469 614 vasa
2490 539 2582 591 ira:
2606 551 2726 605 apta
2767 540 3124 614 in‘intrritnm.
3154 542 3225 595 Ita
3245 584 3260 605 .
3294 545 3501 614 inquit,
3530 563 3642 603 non

2054 624 2117 684 ex
2152 607 2395 684 instituto
2422 609 2543 660 vitae
2571 619 2689 676 apta
2715 619 2797 662 est
2824 610 2921 674 ira,
2946 613 3039 665 sed
3074 612 3214 665 illam
3241 615 3317 668 sic
3344 607 3524 684 aptam
3558 617 3645 673 l‘c-

2053 679 2146 753 eit.
2201 677 2487 753 Sciendum
2517 689 2695 753 autem
2726 690 2840 753 est,
2870 696 2978 753 non
3019 698 3082 737 ex
3116 693 3300 737 natura
3344 677 3422 737 sic
3452 686 3600 743 el‘liri
3623 729 3641 753 ,

2056 748 2148 802 sed
2177 764 2239 801 ex
2282 748 2571 801 voluntatis
2600 752 2892 817 proposito.
2941 752 3107 820 Hujus
3138 754 3499 809 testimonimn
3546 748 3646 812 ac;

2054 820 2213 894 cipe,
2248 833 2442 894 nempe
2472 828 2658 894 aptum
2696 820 2871 894 cl‘lici,
2920 823 3123 894 idesse
3167 840 3233 877 ex
3264 828 3540 894 proposito
3579 846 3643 884 se

2057 890 2138 962 vel
2186 889 2449 962 supplicio
2489 890 2572 943 vel
2613 890 2896 944 clementia
2942 893 3159 962 dignum
3204 889 3448 949 reddere.
3500 899 3648 954 Dicit

2057 960 2198 1031 enim
2230 977 2243 1012 :
2281 959 2448 1031 Etiam
2474 1000 2489 1024 ,
2524 975 2627 1013 non
2656 971 2903 1014 accurate
2938 959 3055 1017 scio
3077 962 3398 1031 Scriptnras.
3441 966 3645 1024 Verum

2058 1028 2199 1104 quod
2246 1029 2502 1097 qumritur
2545 1038 2660 1104 est,
2703 1041 2758 1084 ut
2802 1040 2856 1085 tu
2897 1033 3123 1104 salutem
3168 1028 3454 1104 reciperes.
3503 1038 3647 1095 Nam

2058 1100 2151 1169 qui
2172 1110 2389 1153 curatur
2411 1114 2439 1152 a
2464 1100 2672 1154 medico
2700 1142 2714 1167 ,
2746 1103 3107 1156 remediorum
3131 1100 3370 1158 naturam
3402 1123 3506 1162 non
3531 1126 3638 1165 ex-

2061 1170 2271 1244 plorat,
2291 1169 2383 1222 sed
2405 1170 2689 1244 idespetit
2714 1181 2771 1225 ut
2801 1182 3039 1244 sanetur.
3060 1174 3114 1228 Si
3147 1187 3489 1241 percontetur
3515 1181 3637 1244 ille,

2060 1240 2149 1309 qui
2197 1239 2552 1313 contradicit,
2575 1241 2878 1313 Quomodo
2906 1239 3188 1297 didicisti?
3216 1248 3484 1313 quomodo
3510 1239 3648 1305 edo-

2061 1320 2184 1389 ctus
2204 1310 2303 1389 es?
2357 1311 2651 1389 responde,
2681 1312 2961 1389 Quomodo
2998 1310 3278 1389 didicerim
3313 1318 3436 1389 novi
3456 1360 3469 1382 ,
3499 1336 3643 1389 quo-

2064 1380 2222 1434 modo
2245 1380 2294 1433 id
2325 1382 2584 1448 explicem
2616 1384 2836 1436 nescio?
2863 1383 2976 1437 Non
2999 1386 3142 1438 enim
3174 1388 3354 1439 curavi
3375 1428 3390 1448 ,
3420 1380 3648 1444 sed-cu—

2064 1462 2209 1504 ratus
2235 1465 2350 1503 sum
2380 1451 2470 1515 ita,
2502 1461 2559 1504 ut
2586 1455 2791 1505 lii-mam
2815 1455 3044 1508 animam
3065 1454 3354 1510 obtineam.
3378 1458 3433 1511 Si
3459 1460 3650 1515 videas

2064 1521 2212 1574 illum
2241 1520 2413 1574 adhuc
2459 1521 2809 1577 obsistentem
2834 1564 2850 1587 ,
2877 1524 2967 1580 dic
2992 1544 3004 1578 :
3042 1526 3153 1594 Ego
3182 1541 3285 1579 non
3318 1540 3437 1581 sum
3464 1532 3647 1585 medi-

2063 1606 2158 1645 eus
2184 1632 2213 1668 ._
2233 1606 2404 1660 neque
2438 1601 2608 1646 artem
2659 1594 2952 1668 mediciua:_
2981 1597 3190 1668 calleo;
3240 1595 3338 1668 adi
3370 1599 3611 1655 medicos
3632 1645 3651 1668 ,

2064 1671 2120 1715 et
2162 1663 2571 1731 pharmacorum
2620 1678 2775 1729 onem
2825 1674 2876 1720 te
2922 1665 3212 1720 docebunt.
3256 1666 3469 1723 Utinam
3517 1663 3654 1727 vero

2065 1746 2165 1807 nos
2187 1773 2202 1797 ,
2232 1733 2320 1801 qui
2365 1748 2459 1807 per
2496 1733 2813 1807 medicinam
2846 1736 3017 1790 sanati
3059 1750 3242 1789 sumus
3262 1778 3275 1801 ,
3305 1738 3530 1807 gloriam
3564 1759 3655 1798 re-

2066 1801 2302 1880 [eramus
2344 1801 2446 1880 soli
2476 1804 2686 1880 medico
2717 1815 2772 1860 et
2811 1808 3035 1880 sapienti
3074 1808 3184 1861 Deo
3214 1823 3227 1858 :
3262 1801 3362 1877 ipsi
3401 1810 3569 1880 gloria
3598 1822 3661 1870 et

2064 1872 2349 1943 imperium
2378 1873 2430 1928 in
2470 1872 3025 1933 Stecnlaszcculoruin.
3062 1879 3254 1932 Amen.

1789 2519 2259 2582 ADMONITIO

467 2643 740 2713 Allcgoriis
767 2643 965 2708 plenior
990 2644 1181 2708 oratio,
1219 2642 1394 2714 inquit
1424 2644 1685 2709 Savilius,
1706 2661 1873 2714 quam“
1894 2662 1988 2713 pro
2025 2661 2168 2699 more
2194 2645 2637 2714 χρυσορῤήμονος
2685 2643 2867 2696 nostri.
2908 2641 3167 2696 Craterum
3206 2653 3298 2695 aut
3331 2645 3491 2711 ipsius
3518 2663 3651 2700 esse

391 2738 597 2807 judico,
626 2747 719 2792 aut
744 2738 972 2810 alicujus
998 2756 1061 2794 ex
1084 2740 1313 2809 antiquis
1344 2739 1609 2794 Patribus.
1640 2742 1775 2795 Loca
1800 2741 1999 2810 aliquot
2029 2751 2083 2795 ut
2118 2742 2169 2793 in
2202 2742 2354 2793 unico
2383 2738 2670 2808 exemplari
2707 2741 2950 2792 mendosa
2983 2735 3065 2791 uel
3092 2740 3155 2790 de
3185 2738 3635 2806 mendo'saspecta

396 2830 728 2899 subjecimus,
778 2842 833 2884 ut
860 2832 1081 2887 studiosi
1108 2849 1170 2888 eo
1201 2833 1414 2905 facilius
1445 2850 1511 2888 ea
1539 2833 1664 2887 aliis
1689 2833 1965 2891 Codicibus
1999 2836 2288 2906 corrigunt.
2331 2830 2421 2887 Sic
2468 2832 2609 2887 inter
2653 2830 3099 2903 ἁμιριὸαλλόμενα
3148 2831 3287 2885 hanc
3331 2832 3641 2883 orationem

379 2969 549 2983 ﬁ“

612 2976 911 2983 γῂαννήν-κ,
952 2980 971 2983 ,ν
1022 2981 1055 2984 κ,
1097 2982 1141 2984 iw
1206 2978 1283 2981 ,,_.
1392 2976 1573 2981 rimis.
1604 2974 1835 2979 ———.-—i~

383 3061 444 3104 IN
493 3062 735 3104 meum
781 3060 1076 3104 APOSTOIJ
1125 3063 1140 3101 :
1189 3060 1311 3102 NON
1370 3060 1541 3111 ouoo
1587 3060 1745 3103 vom
1786 3058 1996 3113 nam,
2043 3060 2161 3102 sua
2213 3060 2385 3112 quon
2438 3061 2622 3115 uoco,
2696 3062 2816 3105 noc
2862 3063 2982 3104 sco
3030 3043 3229 3119 (Rom.
3258 3044 3319 3102 ’1.
3366 3044 3466 3121 19)
3518 3063 3533 3101 :
3584 3059 3669 3101 er

459 3162 764 3216 QUOMODO
798 3162 990 3205 JACOB
1021 3161 1217 3206 TYPUS
1248 3162 1500 3206 CHRISTI
1546 3162 1804 3205 FUERIT.
1851 3161 1914 3203 IN
1961 3162 1968 3202 l

2073 3162 2243 3206 ιιιυιο
2286 3164 2503 3206 ΔυἹἜΜ
2547 3162 2897 3221 CONCIONIS,
2932 3164 3176 3207 CONTEA
3221 3163 3665 3205 THEATBOIIIYM

458 3264 915 3310 SPECTATORES.

1898 3363 2611 3420 aeneae——

454 3514 505 3567 1.
547 3512 791 3566 Vestrum
820 3511 1031 3579 quidem
1053 3508 1213 3565 laudo
1237 3509 1581 3567 desiderium.
1608 3509 1839 3563 studium
1868 3509 1967 3564 mi-

381 3600 494 3646 ror,
526 3594 579 3637 et
610 3582 889 3650 pulchrum
922 3582 1023 3636 hoc
1051 3591 1319 3635 certamen
1349 3579 1608 3649 approbo.
1630 3579 1791 3643 Nulla
1822 3582 1964 3633 enim

379 3655 488 3722 jam
521 3653 852 3724 perturbatio
880 3663 961 3724 est
991 3668 1108 3720 qua:
1139 3651 1419 3704 tnmultmu
1452 3651 1651 3724 pariat,
1680 3650 1772 3705 sed
1803 3651 1966 3704 animi

385 3720 584 3779 maeror
609 3764 622 3785 ,
661 3723 759 3794 qui,
787 3722 1009 3791 iustitia:
1049 3736 1300 3775 coronam
1345 3720 1525 3794 nectit.
1572 3721 1796 3794 Beatum
1824 3730 1969 3774 certe

385 3793 617 3865 pra-dico
645 3790 877 3865 studium
909 3802 1173 3865 vestrum,
1187 3807 1298 3865 quo
1316 3792 1455 3865 moti
1487 3806 1700 3865 omnem
1733 3790 1973 3865 laborem

385 3860 709 3919 susdnuistis
733 3906 749 3928 ,
777 3863 954 3918 divino
987 3860 1234 3932 praesidio
1263 3861 1479 3915 addicti.
1512 3860 1617 3915 Sed
1648 3870 1704 3916 ut
1738 3862 1837 3914 hoc
1870 3862 1969 3915 ad-

387 3936 552 3989 miror
600 3935 831 3989 stmlium
861 3973 877 4000 ,
921 3934 990 3987 ita
1036 3944 1271 3988 vestrum
1318 3934 1455 3986 circa
1508 3932 1684 3985 inania
1736 3932 1969 3988 laborem

387 4021 628 4061 aversor.
660 4003 781 4059 Ileri
811 4020 1039 4073 namque
1062 4003 1148 4057 hic
1172 4019 1325 4057 sacer
1347 4012 1518 4057 cretus
1543 4001 1696 4058 nobis
1719 4004 1972 4071 abreptus

389 4076 506 4139 fuit,
537 4085 591 4131 et
618 4075 735 4130 loco
760 4074 918 4144 hujus
945 4075 1104 4129 divini
1134 4074 1381 4143 beatique
1403 4074 1562 4127 studii
1590 4073 1977 4144 hippodromus

389 4148 642 4217 populum
673 4142 881 4212 excepit
902 4162 924 4217 _:
958 4142 1431 4212 miratusquesum
1462 4142 1973 4217 quod,dimissodi-

387 4213 496 4270 viiii
524 4216 669 4270 verbi
696 4214 1011 4273 certamine.
1039 4229 1297 4283 equorum
1324 4224 1595 4269 certamen
1631 4213 1969 4282 quzesieritis.

393 4288 504 4341 Illic
529 4286 669 4340 enim
709 4284 889 4338 videre
919 4293 1034 4337 erat
1062 4299 1320 4351 equorum
1351 4298 1601 4346 cursum;
1632 4284 1717 4338 hic
1758 4299 1972 4338 currum

391 4359 484 4412 Dei
526 4354 758 4409 millibus
800 4354 1183 4422 multiplicem,
1235 4355 1288 4408 in
1328 4369 1434 4422 quo
1474 4355 1638 4408 millia
1682 4355 1973 4408 laetantium

393 4426 565 4497 (Psal.
596 4426 684 4497 6'1.
722 4426 807 4494 l8)
834 4442 856 4497 εΔ
879 4425 984 4497 illic
1013 4424 1195 4497 videre
1221 4434 1334 4478 erat
1362 4433 1895 4497 certamen,cur_sum
1922 4431 1979 4477 et

390 4493 817 4558 contentionem;
845 4493 928 4549 hic
944 4495 1285 4557 desiderium,
1308 4494 1537 4548 studium
1558 4504 1611 4548 ct
1626 4495 1974 4549 alacritatem.

392 4568 593 4621 Currus
621 4584 755 4622 unus
781 4566 924 4621 mille
950 4580 1140 4621 currus
1167 4566 1367 4634 dejicit.
1398 4565 1543 4621 Unus
1568 4568 1763 4634 quippe
1789 4578 1979 4619 currus

398 4638 488 4692 Dei
518 4646 639 4703 est,
673 4637 823 4691 multi
868 4637 1230 4705 improborum
1271 4651 1480 4690 currus.
1522 4635 1625 4690 Sed
1668 4638 1753 4690 hic
1790 4649 1978 4689 currus

394 4723 607 4762 cursum
638 4708 847 4775 pietatis
873 4716 1015 4763 recte
1044 4709 1264 4776 peragit,
1296 4706 1367 4760 illi
1396 4721 1523 4760 vero
1548 4723 1576 4759 a
1608 4722 1765 4760 curru
1793 4706 1979 4760 divino

394 4778 795 4833 subvertuntur.
830 4777 959 4832 Nam
989 4779 1062 4831 ait
1090 4795 1103 4831 :
1135 4776 1206 4830 Ηί
1232 4779 1283 4831 in
1309 4777 1538 4830 curribus
1568 4787 1612 4830 et
1638 4779 1690 4829 Ιιί
1718 4779 1769 4830 in
1800 4776 1979 4839 equis;

396 4865 487 4901 nos
511 4856 675 4901 autem
699 4850 749 4901 in
771 4849 971 4903 nomine
996 4847 1198 4900 Domini
1220 4847 1314 4901 Dei
1335 4851 1488 4899 nostri
1512 4847 1947 4917 magniﬁcubimnr
1961 4860 1980 4899 :

395 4918 492 4987 ipsi
517 4919 784 4988 cauipediti
815 4929 930 4973 sunt
957 4929 1001 4970 et
1027 4918 1309 4988 ceciderunt
1326 4933 1469 4988 suos
1489 4928 1652 4969 autem
1672 4919 1981 4971 surreximus

397 4986 445 5061 et
472 4986 821 5061 erecti‘sumus
847 4988 1016 5061 (Psal.
1052 4988 1145 5061 l9.
1163 4987 1216 5042 8.
1240 4986 1318 5055 9).
1354 4986 1446 5040 llic
1473 5003 1664 5061 currus
1692 5003 1795 5040 non
1814 5001 1980 5061 equos

397 5058 575 5128 dejicit
596 5101 609 5122 ,
643 5076 748 5114 non
796 5057 1042 5113 homines
1069 5060 1365 5123 subvertit;
1397 5057 1489 5111 sed
1522 5058 1791 5110 daemones
1821 5057 1981 5111 dissi-

400 5139 490 5197 pat
510 5171 527 5198 ,
552 5138 606 5184 et
635 5130 829 5185 diaboli
865 5128 1196 5202 tyrannidem
1212 5128 1354 5202 _solo_
1366 5137 1561 5202 aequat.
1594 5128 1689 5202 Est
1722 5128 1831 5202 Deo
1856 5142 1982 5179 cur-

401 5215 492 5271 rus
522 5210 625 5253 non
653 5198 1057 5271 quatuor'equis
1081 5242 1109 5271 ,ν
1134 5198 1226 5254 sed
1268 5199 1417 5271 mille
1443 5198 1720 5271 animabus
1743 5198 1981 5271 junctus.

400 5267 530 5340 Nam
572 5267 761 5340 currus
809 5271 900 5326 Dei
926 5267 1174 5340 .‘inquit.
1219 5270 1491 5339 multiplex
1518 5311 1533 5335 ,
1572 5270 1624 5323 in
1672 5284 1779 5338 quo
1819 5268 1984 5322 millia

401 5338 691 5411 l:eta_n_tium
710 5341 879 5408 (Psal.
900 5344 987 5395 67.
1010 5338 1117 5410 l8).
1146 5341 1274 5411 Equi
1301 5338 1391 5395 Dei
1414 5350 1537 5395 sunt
1555 5350 1751 5394 sancta:
1768 5340 1981 5404 animre,

400 5408 519 5478 equi
553 5408 642 5461 Dei
670 5423 790 5464 sunt
814 5414 1004 5465 animae
1031 5408 1417 5481 aposuilorum,
1445 5429 1563 5480 qua:
1592 5422 1753 5465 totam
1788 5420 1983 5465 terram

403 5488 686 5550 peragrant
710 5520 725 5543 .
752 5491 805 5535 ct
841 5485 1062 5535 salutem
1097 5483 1295 5535 mundo
1325 5482 1571 5536 alierum.
1605 5482 1983 5550 Apostolorum

400 5549 544 5621 enim
569 5550 835 5621 equitatus
859 5553 1003 5605 salus
1030 5563 1109 5607 est
1134 5553 1297 5607 orbis.
1330 5552 1451 5608 Ideo
1479 5549 1718 5621 praedixit
1760 5552 1989 5621 prophe-

402 5628 455 5674 ta
486 5620 669 5676 dicens
698 5640 710 5674 :
743 5621 1000 5676 lnduxisti
1040 5624 1090 5675 in
1127 5640 1265 5676 mare
1291 5639 1443 5692 equos
1483 5635 1624 5687 tuos,
1662 5634 1707 5675 et
1741 5620 1989 5692 equitatus

400 5703 521 5747 tuus
545 5693 684 5745 salus
712 5692 933 5754 (Hahae.
962 5696 1014 5749 3.
1045 5693 1153 5760 15).
1182 5692 1312 5746 Nam
1345 5692 1397 5745 hi
1424 5694 1545 5762 equi
1575 5694 1820 5747 ﬁdelibus
1846 5693 1987 5747 salu-

406 5770 510 5820 tem
557 5762 887 5833 attulerunt,
933 5774 987 5821 et
1029 5762 1274 5818 inimicos
1323 5764 1576 5819 Ecclesiae
1624 5764 1991 5820 turbaverunt.

2073 3507 2360 3581 Induxisti,
2388 3509 2558 3581 inquit
2578 3552 2592 3567 .
2620 3510 2671 3562 in
2698 3526 2838 3564 mare
2864 3527 3014 3580 equos
3044 3519 3155 3564 tuos
3175 3550 3189 3571 .
3220 3510 3479 3581 turbantes
3507 3529 3679 3581 armas

2072 3581 2258 3634 multas
2275 3579 2499 3652 (ll‘obae.
2524 3580 2556 3634 5
2576 3580 2671 3652 .7).
2686 3579 3005 3652 APra-dicatio
3023 3579 3667 3651 apostolorum,gentium

2071 3661 2243 3704 emtas
2266 3650 2491 3705 turbavit
2516 3650 2702 3704 :mnlti
2721 3666 2870 3719 reges
2890 3652 3080 3705 turbati
3108 3662 3251 3717 sunt,
3272 3654 3480 3721 tyranni
3504 3653 3666 3708 multi

2072 3722 2277 3776 soiifnsi
2306 3730 2449 3785 sunt,
2483 3721 2790 3789 apostolica:
2819 3723 3001 3790 gratia:
3038 3737 3252 3776 cursum
3273 3720 3375 3775 nou
3401 3720 3660 3779 ferentes.

2073 3791 2411 3861 Quapropter
2438 3790 2493 3853 ii,
2516 3793 2603 3861 qtti
2627 3790 2694 3846 de
2714 3805 2873 3845 cursu
2900 3792 3263 3860 apostolorum
3291 3792 3663 3861 turbabantur,

2078 3861 2355 3933 dicebant:
2379 3860 2657 3933 Quiqoroem
2676 3861 3302 3933 turbaverunt,liicqadsunt
3321 3860 3444 3933 (Act.
3463 3863 3551 3919 17.
3575 3864 3665 3933 6).

2080 3930 2211 3985 Vide
2236 3946 2448 4002 currum
2476 3930 2592 4002 Dci,
2626 3932 2747 3986 vide
2775 3946 2943 4001 equos
2973 3932 3062 4000 qui
3096 3931 3304 3987 frenum
3332 3930 3541 4002 pietatis
3567 3930 3671 3989 ac-

2074 4010 2354 4071 ceperunt.
2383 4000 2461 4055 Ne
2488 4001 2718 4056 obsistas
2743 4000 2905 4056 verbo
2932 4003 3169 4058 veritatis
3190 4045 3204 4065 ,
3236 4000 3407 4071 neque
3431 4004 3681 4059 imiteris

2076 4069 2352 4127 brutornm
2370 4072 3105 4140 impetus,calcitranscontra
3121 4069 3357 4128 divinant
3377 4073 3546 4141 legem
3566 4092 3580 4137 ;
3602 4091 3677 4131 ne

2077 4142 2171 4196 tibi
2193 4158 2402 4213 quoque
2422 4142 2674 4197 divinitus
2691 4144 2932 4197 dicatur:
2954 4143 3089 4209 Quid
3110 4161 3188 4197 me
3209 4147 3512 4212 persequeris
3526 4146 3551 4197 ?
3570 4145 3679 4198 Du-

2077 4230 2189 4286 [ιιιιι
2218 4226 2288 4267 est
2318 4213 2406 4286 tibi
2434 4222 2607 4286 contra
2635 4215 2891 4286 stimulum
2913 4214 3178 4269 calcitrure
3213 4216 3231 4285 (
3258 4216 3368 4267 Act.
3399 4215 3456 4286 9.
3483 4215 3536 4268 ι.
3569 4217 3670 4286 5).

2078 4283 2308 4339 Ριεηιιιη
2352 4284 2564 4355 pietatis
2594 4284 2917 4350 accipiamus
2937 4326 2950 4347 ,
2985 4294 3040 4337 et
3068 4283 3253 4339 oculos
3282 4283 3685 4340 transferentes

2078 4355 2142 4408 ad
2189 4357 2412 4425 probum
2444 4355 2802 4425 spectaculum
2829 4395 2844 4417 ,
2875 4355 3149 4409 videmnus
3174 4356 3384 4422 aurigas
3411 4356 3625 4423 pictatis
3655 4397 3675 4421 ,

2079 4427 2371 4494 prophetas
2385 4434 2436 4479 et
2451 4424 2746 4494 apostolos.
2763 4424 3041 4493 Pmphetie
3056 4436 3176 4479 sunt
3191 4427 3386 4493 auriga:
3405 4427 3676 4491 veritatis,
3731 4475 3749 4495 ,

2079 4500 2130 4548 et
2158 4498 2291 4551 bene
2312 4495 2539 4551 ordinati
2563 4510 2750 4549 cursus
2769 4496 3174 4562 gubernatores.
3197 4496 3340 4549 Talis
3360 4505 3477 4549 erat
3502 4498 3685 4563 Elias,

2079 4567 2142 4636 ad
2187 4582 2347 4636 quem
2395 4566 2656 4620 clamabat
2702 4566 2923 4636 Elisams
2970 4582 2983 4617 :
3028 4564 3222 4629 Pater,
3266 4577 3446 4633 pater,
3490 4569 3679 4634 auriga

2082 4634 2281 4700 Israel,
2311 4646 2357 4691 et
2392 4652 2537 4707 eques
2563 4636 2673 4706 ejus
2704 4635 2779 4707 (4.
2813 4634 2942 4707 Beg.
2971 4638 3024 4690 2.
3060 4636 3168 4705 l2).
3196 4636 3458 4691 Omnibus
3490 4647 3677 4692 autem

2080 4705 2452 4776 anteponenda
2482 4715 2563 4759 est
2587 4705 2778 4774 pietas.
2811 4705 2926 4771 Ne,
2957 4723 3074 4760 cum
3106 4706 3257 4776 audis
3284 4707 3504 4759 verbum
3540 4708 3631 4761 Dei
3657 4750 3678 4773 ,

2120 4775 2359 4847 ostquam
2401 4776 2697 4847 doctrinam
2741 4776 2909 4830 libens
2948 4777 3185 4846 excipis,
3229 4775 3355 4830 inde
3386 4792 3678 4845 egressus,

2100 4845 2251 4902 iratis
2291 4847 2479 4901 similis
2515 4846 2608 4901 sis.
2650 4845 2716 4900 Et
2753 4857 2933 4900 mente
2971 4858 3025 4901 et
3064 4848 3234 4901 oculis
3267 4847 3500 4901 intentus
3527 4888 3546 4913 ,
3583 4849 3678 4902 ltei

2081 4920 2300 4973 verbum
2337 4917 2516 4987 dilige.
2546 4916 2623 4971 Ne
2652 4916 2855 4970 dividas
2881 4918 3117 4970 obtutum
3152 4928 3296 4971 tuum
3352 4919 3489 4971 inter
3520 4928 3681 4985 turpe

2083 4988 2438 5055 Spccmculum
2461 4998 2515 5040 et
2538 4987 2773 5040 divinum
2795 4987 3027 5041 studium
3052 5007 3062 5038 :
3083 4988 3294 5042 oculum
3325 4996 3469 5043 tuum
3492 5003 3686 5043 assue-

2083 5059 2243 5114 l‘aeito
2266 5099 2280 5121 ,
2311 5067 2368 5112 ut
2395 5058 2524 5111 nihil
2551 5055 2694 5111 aliud
2727 5058 2975 5123 reSpiciat
3012 5059 3110 5112 nisi
3139 5058 3404 5112 ozrlestem
3435 5059 3683 5126 pulchri-

2086 5131 2342 5190 tudinem,
2368 5138 2425 5183 ut
2446 5128 2625 5198 dicas:
2644 5126 2725 5198 Ad
2747 5136 2794 5179 te
2818 5127 2973 5180 levavi
2995 5130 3168 5183 oculos
3189 5142 3349 5198 meos.
3368 5129 3456 5198 qui
3479 5130 3687 5181 habitas

2085 5201 2137 5253 in
2165 5202 2288 5254 cwlo
2311 5198 2479 5270 (Psal.
2507 5196 2627 5270 ηε.
2654 5195 2731 5267 1).
2763 5199 3077 5270 Aut-esurias
3106 5195 3447 5262 assuefacito,
3470 5212 3586 5270 rion
3613 5199 3682 5249 ad

2085 5265 2348 5324 clamores
2373 5277 2428 5324 et
2452 5265 2741 5331 tumultus,
2763 5265 2857 5320 sed
2882 5266 2947 5319 ad
2972 5266 3204 5321 divinam
3236 5271 3426 5336 legem,
3449 5266 3676 5321 dicens:

2090 5340 2350 5394 Ini-linabo
2379 5340 2428 5391 in
2456 5338 2750 5409 parabole»:
2774 5351 2945 5409 aurem
2973 5354 3169 5409 aream;
3194 5347 3273 5409 et,
3302 5336 3523 5409 Audiam
3556 5340 3685 5409 quid

2087 5412 2322 5478 loquatur
2348 5411 2401 5462 in
2427 5406 2505 5463 me
2538 5407 2782 5478 Dominus
2814 5406 2948 5478 Deus
2978 5406 3147 5473 (Psal.
3178 5408 3267 5462 48.
3299 5407 3355 5462 5.
3384 5418 3430 5461 et
3472 5406 3575 5461 84.
3595 5406 3683 5472 9).

2087 5482 2202 5536 Non
2226 5488 2437 5544 Oportet
2462 5477 2753 5534 adulatoria
2782 5477 2943 5530 verba
2974 5478 3154 5533 dicere
3176 5495 3188 5531 :
3208 5478 3300 5531 sed
3328 5493 3447 5547 qua":
3474 5480 3686 5545 prosint

2088 5554 2151 5605 ad
2176 5551 2562 5605 institutionem
2585 5549 2801 5604 docere.
2825 5547 3152 5601 Adulationis
3169 5551 3311 5602 enim
3332 5548 3540 5603 lucrum
3564 5549 3684 5602 uul-

2091 5624 2221 5686 lum.
2250 5622 2544 5691 disciplina:
2570 5632 2758 5691 magna
2791 5618 2988 5673 utilitas
3012 5628 3115 5674 est.
3142 5617 3220 5673 Ne
3246 5619 3426 5691 animo
3450 5619 3684 5691 capiaris

2089 5694 2154 5747 ad
2202 5688 2427 5748 absurda
2473 5688 2773 5759 spectacula
2799 5730 2815 5753 ,
2871 5704 3045 5759 neque
3087 5690 3355 5744 extraneis
3398 5690 3683 5746 cantilena

2078 5766 2313 5822 animum
2352 5762 2629 5820 adhibeas.
2679 5760 2841 5819 Potes
2868 5761 3012 5816 enim
3042 5761 3224 5817 animo
3254 5770 3343 5817 tuo
3372 5760 3641 5830 imperare
3662 5803 3678 5827 .
