4072 6192
590 291 697 348 667

590 422 694 461 non
749 406 1051 462 immortale
1101 410 1337 460 creatum
1391 399 1596 463 fuisset,
1643 398 1735 452 sed
1769 396 2014 459 mortale,
2065 409 2163 450 cur

592 476 731 548 quod
753 493 815 531 ex
847 487 1031 533 natura
1060 474 1320 548 habebat,
1357 487 1451 540 per
1480 470 1795 548 sententiam
1822 467 2065 548 accepit?
2111 466 2167 521 Si

592 539 816 601 mortale
845 556 959 602 erat
993 546 1119 600 illud
1147 539 1413 612 Opiﬁcium
1436 582 1451 602 ,
1482 555 1578 612 cur
1606 539 1743 612 Deus
1772 539 1868 607 ipsi
1911 539 1961 591 in
1990 546 2164 612 trans-

589 618 879 687 gressionis
909 631 1121 688 patriam
1156 608 1398 688 mortem_
1418 608 1639 664 indicit?
1675 608 1738 663 In
1765 624 2075 688 quaciunqae
2091 608 2172 688 die

590 679 885 751 comederis,
911 679 1073 740 'morte
1093 683 1341 738 morieris.
1366 683 1505 750 Frgo
1527 690 1810 748 antequam
1832 679 2163 751 connederet,

592 748 893 812 immortale
921 753 1340 825 eratopiﬁcium.
1358 748 1509 825 Quod
1538 751 1588 825 si_
1607 758 1890 825 antequam
1919 748 2171 825 comede-

591 837 690 889 ret,
727 827 950 881 mortale
973 819 1108 893 erat,
1136 824 1290 878 fallax
1325 833 1379 877 et
1404 820 1622 875 ridicula
1650 820 1834 893 fuisset
1856 819 2167 893 intermina-

594 898 687 960 tio,
713 914 818 952 non
839 900 1036 951 veritas
1068 888 1466 949 {comminatus
1494 893 1635 945 enim
1667 890 1873 954 fuisset,
1907 905 1992 943 me
2023 888 2169 942 futu-

593 982 711 1021 rum
742 968 791 1021 id
820 967 958 1037 quod
982 968 1091 1034 jam
1122 980 1292 1021 eram.
1322 962 1489 1017 Nemo
1514 972 1689 1015 autem
1718 960 1964 1037 cuiquam
2007 960 2170 1012 inter-

594 1030 1158 1101 ntiuatur'som'num,
1214 1049 1371 1103 quem
1412 1048 1488 1103 rex
1543 1041 1726 1103 natura
1782 1030 1969 1103 habet;
2012 1043 2171 1103 n_emo

592 1107 791 1170 cibum,
824 1122 980 1177 quem
1002 1122 1066 1160 ex
1101 1101 1283 1177 natura
1306 1102 1446 1170 capit
1472 1119 1487 1154 :
1516 1102 1610 1156 sed
1636 1101 2012 1177 interminatus
2031 1101 2171 1177 petis

592 1170 1024 1241 mortemIQuod
1062 1176 1332 1245 opiﬁcium
1365 1188 1470 1245 non
1516 1171 1881 1245 ex‘creatione
1931 1170 2163 1231 subibat,

593 1257 811 1317 propter
858 1241 1127 1316 peccatum
1158 1245 1334 1299 subiit.
1392 1243 1521 1296 Nam
1562 1242 1603 1296 si
1650 1241 1816 1294 Adam
1850 1251 2168 1317 prmceptttm

593 1311 831 1371 divi-num
858 1311 916 1372 et
947 1319 1112 1386 legem
1139 1330 1353 1386 servare
1383 1320 1793 1386 perseverasset,
1824 1326 1968 1386 mors
1998 1311 2168 1386 lucum

595 1402 700 1440 non
731 1381 1021 1441 habuisset:
1060 1386 1112 1439 ld
1137 1384 1448 1439 testiﬁcatur
1473 1383 1683 1451 sapiens
1716 1381 1843 1434 illud
1874 1383 2169 1436 oraculum:

596 1455 733 1511 Deus
762 1467 970 1511 mortem
1000 1469 1097 1510 non
1128 1454 1268 1524 fecit,
1286 1469 1374 1524 nec
1400 1450 1677 1524 delectatur
1704 1452 1757 1524 in
1786 1450 2069 1524 perditione
2104 1453 2178 1504 vi-

593 1528 813 1581 ventium
840 1543 859 1581 :
890 1525 1079 1580 invidia
1107 1519 1271 1577 autem
1302 1521 1492 1575 diaboli
1519 1537 1653 1574 mors
1694 1522 1898 1574 intravit
1938 1519 1991 1571 in
2020 1532 2171 1573 mutt-

594 1597 715 1650 dum
744 1596 897 1666 (Sap.
928 1599 979 1651 1.
1004 1598 1093 1651 13.
1122 1593 1235 1647 eti.
1264 1591 1382 1661 εδ).
1416 1590 1770 1666 quamobrem
1792 1631 1807 1654 ,
1837 1599 1894 1666 ut
1939 1604 2065 1643 vere
2093 1590 2176 1666 lo-

593 1658 854 1736 quamur,
873 1675 1069 1735 praeter
1092 1658 1511 1718 naturam'nobis
1530 1660 1726 1736 accidit
1752 1659 1894 1729 quod
1918 1658 2172 1736 mortales

594 1730 1176 1795 simusar'esurrectio
1213 1742 1388 1786 autem
1431 1730 1572 1800 quod
1627 1744 1690 1784 ex
1739 1740 1925 1783 natura
1978 1730 2170 1799 inerat,

596 1808 748 1861 nobis
776 1806 1027 1862 restituit.
1057 1805 1180 1859 Ideo
1225 1801 1544 1857 resurrectio
1571 1800 1762 1853 dicitur
1784 1839 1801 1862 ,
1832 1804 1952 1868 quia
1983 1814 2169 1853 corru~

599 1887 743 1944 ptum
767 1876 1036 1947 opiﬁcium
1059 1884 1115 1927 et
1139 1890 1234 1943 per
1254 1882 1524 1947 peccatum
1550 1870 1773 1947 lapsum.
1796 1886 1890 1947 per
1912 1869 2173 1947 justitiam

595 1940 835 2016 erigitur".
876 1948 932 2002 Si
966 1940 1361 2015 perseverasset
1398 1942 1564 1995 Adam
1598 1940 1649 1994 in
1694 1940 1977 2016 mandato,
2022 1941 2173 2016 vivus

596 2010 903 2071 mansisset.
933 2010 998 2070 Et
1023 2016 1144 2084 quis
1167 2028 1398 2084 sponsor
1416 2021 1519 2075 est,
1548 2022 1608 2064 ut
1645 2027 1713 2084 ne
1741 2010 1983 2065 videatur
2025 2011 2074 2064 id
2106 2027 2172 2066 ex

596 2089 903 2153 conjectura
943 2080 1142 2141 dictum
1172 2080 1331 2139 esse?
1360 2083 1430 2138 Ut
1456 2096 1585 2153 ergo
1606 2121 1621 2145 ,
1652 2080 1871 2145 fratres,
1904 2097 2009 2135 non
2033 2096 2175 2135 con-

591 2152 817 2227 jecturis
858 2158 1035 2212 divina
1068 2165 1391 2219 tractemus,
1436 2152 1531 2206 sed
1578 2165 1754 2205 rerum
1793 2153 2173 2227 consequentia

596 2222 678 2282 usi
708 2228 902 2282 claram
933 2242 1110 2283 rerum
1143 2227 1419 2280 veritatem
1447 2236 1813 2291 assequamur,
1840 2222 2040 2290 opiiieii
2071 2222 2172 2276 im-

598 2299 972 2351 mortalitatem
1006 2296 1358 2351 testiﬁcantur
1394 2309 1455 2348 ea
1482 2308 1604 2362 qua!
1645 2301 1956 2361 sequuntur.
1988 2293 2044 2347 Si
2075 2308 2172 2346 na-

597 2377 714 2420 tura
744 2367 969 2421 mortale
1005 2378 1120 2421 erat
1158 2366 1450 2435 Opiﬁcium,
1492 2364 1535 2416 si
1564 2363 1721 2435 morti
1770 2362 2038 2417 addictum
2092 2372 2175 2435 est

596 2451 701 2490 non
726 2452 820 2506 per
849 2433 1268 2507 peccatumLs‘ed
1300 2443 1666 2507 per_natu_ram
1692 2434 1879 2507 ipsam,
1907 2433 2175 2507 quomodo

596 2503 1106 2562 naturam'vicernnt
1136 2505 1282 2560 Elias
1305 2503 1364 2559 et
1391 2503 1602 2558 Enoch?
1626 2503 1895 2573 quomodo
1916 2504 2059 2558 Elias
2083 2518 2174 2559 as-

595 2586 839 2643 sumptus
867 2586 968 2641 est,
1001 2592 1099 2632 nec
1119 2585 1341 2630 mortem
1372 2574 1640 2643 gustavit?
1675 2574 1945 2640 quomodo
1989 2574 2171 2629 Euoch

597 2648 885 2702 translatus
927 2657 1029 2714 est,
1060 2656 1283 2700 mortem
1316 2661 1419 2700 non
1460 2643 1749 2714 expertus?
1780 2643 1911 2697 Vide
1954 2645 2173 2713 pignora

598 2719 784 2787 priscze
825 2717 1131 2774 creationis.
1176 2716 1355 2784 Itaque
1385 2723 1588 2787 poterat
1629 2713 1788 2787 homo
1815 2725 2068 2787 perpetuo
2098 2717 2176 2770 vi-

572 2784 744 2854 ‘vere,
776 2789 820 2843 si
849 2789 1079 2843 divinam
1108 2794 1375 2841 servasset
1420 2786 1607 2853 legem.
1640 2784 1842 2838 Idcirco
1890 2785 2029 2840 Ileus
2082 2802 2172 2841 as-

595 2868 836 2929 surmptas
860 2860 1026 2914 nostri
1050 2857 1261 2929 generis
1283 2855 1550 2929 (primitias
1578 2854 1847 2929 transtulit
1873 2854 1925 2909 in
1952 2856 2173 2929 immor-

597 2926 875 2984 talitatem.
909 2929 977 2983 Et
1018 2926 1141 2982 vide
1182 2927 1475 2995 sapientem
1506 2927 1882 2995 mconomiam.
1934 2926 2175 2982 Assuntit

594 2998 868 3053 Enochutn
887 3008 1011 3054 ante
1033 2998 1224 3053 multas
1248 2994 1618 3068 generationes
1638 3013 1667 3068 ςΔ
1686 2997 1823 3064 rapit
1854 2994 2021 3068 Eliatn
2052 3006 2171 3064 post

595 3069 787 3140 inultas
802 3071 1191 3140 generationes,
1217 3065 1375 3140 idque
1406 3066 1621 3122 utiliter.
1637 3065 1767 3140 Quia
1795 3065 2007 3140 enimio
2037 3068 2171 3122 dua-

593 3139 695 3193 bus
720 3135 966 3210 gentibus
988 3142 1069 3209 pia
1097 3135 1569 3210 religio'versatura
1596 3135 1804 3210 erat,_in
1821 3138 2017 3205 populo
2032 3154 2172 3210 prte-

577 3206 795 3277 ‘putitim
826 3206 1074 3271 habenti,
1123 3217 1176 3263 et
1204 3211 1255 3261 in
1286 3207 1478 3277 p0pulo
1507 3206 1965 3279 circunicisionem
2010 3206 2173 3279 proﬁ-

595 3276 759 3343 teuti;
791 3297 895 3335 non
927 3282 1097 3333 solum
1125 3276 1295 3333 Eliam
1324 3278 1565 3341 assumit,
1590 3292 1656 3329 ne
1678 3276 1893 3332 Judaaus
1919 3276 2173 3347 glorietur

597 3349 743 3422 hisce
772 3351 1020 3422 primitiis
1052 3347 1490 3422 honoratus;_sed
1510 3347 1740 3422 priorem
1771 3348 1995 3422 assumit
2027 3349 2169 3404 Enoo

594 3417 891 3492 chuquui
920 3437 1023 3475 non
1054 3420 1346 3474 secundum
1394 3419 1562 3492 legem
1594 3419 1820 3492 vixerat,
1872 3417 1969 3472 sed
1996 3422 2171 3477 eccle-

593 3487 866 3546 siasticunt
897 3501 1140 3545 ornatum
1170 3496 1426 3545 servarat.
1471 3487 1659 3542 Omnia
1685 3487 1852 3553 enim,
1897 3504 2016 3557 qua;
2044 3501 2170 3547 ante

594 3560 763 3631 legem
796 3562 963 3626 fuere,
993 3564 1157 3631 ﬁgura
1184 3568 1336 3615 erant
1377 3558 1653 3631 Ecclesia}.
1701 3558 1969 3631 Interroga
1994 3560 2168 3628 justus

594 3610 762 3699 5.7.3;
789 3610 1162 3685 simas};
1190 3610 1755 3700 aromatafugea
1772 3610 2169 3700 {animans}

589 3711 788 3756 essent.
820 3701 875 3755 In
908 3701 1074 3771 tribus
1096 3699 1399 3771 nominibus
1427 3699 1906 3771 omniagversantur
1928 3716 1941 3751 :
1966 3702 2015 3753 in
2032 3699 2165 3771 gen-

591 3771 780 3825 tilitate
812 3770 1110 3834 incredula;
1146 3772 1197 3842 in
1219 3769 1506 3842 jﬁudaismo,
1538 3769 1626 3839 qui
1649 3768 1948 3842 secundum
1995 3768 2166 3842 legem

591 3842 909 3898 incedebant
928 3882 941 3901 .
970 3852 1023 3897 et
1055 3842 1107 3896 in
1133 3840 1548 3909 ehristianistno,
1572 3840 1660 3909 qui
1688 3839 1979 3893 secundum
1998 3839 2163 3896 evan-

587 3912 811 3982 gelieatn
836 3912 1059 3983 gratiam
1095 3912 1409 3983 ducebatur.
1430 3908 1841 3983 interrogentur
1873 3910 2166 3969 adversarii

587 3979 655 4038 de
682 3979 907 4049 Adam'o,
937 3983 1124 4049 Abele,
1159 3981 1397 4048 Enocho,
1423 3980 1553 4053 Seth
1583 3988 1637 4034 et
1659 3979 1795 4053 Noe,
1823 3989 1875 4034 et
1902 3991 2165 4053 quotquot

586 4069 755 4124 usque
780 4054 846 4107 ad
887 4053 1155 4124 Abraham
1200 4053 1364 4124 probe
1391 4052 1657 4116 vixerunt,
1707 4050 2161 4124 quinamessent.

587 4121 955 4194 An'gentiles?
984 4123 1177 4178 Verum
1203 4121 1428 4194 idﬁdes
1468 4136 1586 4194 non
1606 4122 1880 4194 permittit.
1927 4121 2165 4177 Gentiles

587 4191 876 4250 non—erant
905 4212 919 4257 ;
946 4211 1049 4248 non
1090 4195 1234 4248 enim
1270 4193 1321 4247 in
1351 4191 1722 4245 incredulitate
1756 4193 2020 4255 vixerunt,
2050 4194 2160 4249 tlte-

585 4266 831 4320 tnonibus
854 4280 959 4319 non
983 4265 1302 4321 servierunt.
1327 4262 1656 4330 scnlptilibus
1674 4276 1776 4315 non
1800 4262 2025 4330 subjecti
2057 4263 2161 4318 fue-

585 4346 729 4394 runt.
757 4335 1058 4389 dazmonum
1090 4334 1259 4388 errori
1281 4333 1620 4387 obstiterunt.
1644 4331 1758 4403 Non
1774 4344 2008 4403 possunt
2034 4348 2163 4403 ergo

586 4405 813 4473 gentiles
851 4405 1050 4458 vocari.
1082 4404 1184 4459 Sed
1212 4404 1338 4473 quid
1367 4404 1559 4457 erant“!
1592 4418 1659 4456 an
1687 4402 1897 4456 Judaei?
1924 4403 2026 4457 Sed
2056 4402 2159 4459 non

582 4485 900 4544 acceperunt
930 4475 1123 4545 legem,
1147 4488 1251 4528 non
1278 4473 1642 4545 custodierunt
1665 4473 1902 4545 sabbata,
1921 4474 2162 4545 ciborum

581 4543 885 4600 discrimina
918 4543 1023 4599 non
1054 4548 1425 4609 observarunt,
1451 4543 1907 4597 circumcisionem
1938 4559 2041 4597 nou
2067 4544 2163 4599 ha-

582 4615 838 4672 huere.Si
869 4631 999 4686 ergo
1024 4616 1183 4687 prisci
1214 4615 1285 4669 illi
1319 4629 1416 4668 nec
1446 4612 1692 4687 gentiles,
1724 4612 2011 4687 nee_._I_ud'ei
2042 4614 2160 4669 fue-

582 4702 663 4751 re,
696 4683 993 4742 inveniatur
1025 4683 1177 4740 aliud
1206 4700 1399 4740 nomen
1430 4683 1571 4754 quod
1615 4684 1781 4754 possit
1808 4683 1913 4739 illis
1937 4698 2156 4754 compe-

582 4767 715 4811 tere.
747 4758 803 4813 Si
836 4772 1008 4827 neque
1033 4756 1225 4822 Judaei,
1257 4770 1431 4827 neque
1453 4753 1690 4827 gentiles
1714 4753 1881 4827 fuere,
1912 4756 2160 4827 quiante

583 4827 614 4880 Ιι
670 4844 752 4881 em
802 4825 1066 4890 vixerunt,
1108 4827 1249 4895 quod
1277 4826 1431 4880 detur
1471 4826 1576 4879 illis
1610 4826 1847 4879 nomen?
1890 4825 2157 4893 quodnam

583 4842 917 4950 reginouitur.
950 4898 1049 4950 nisi
1079 4897 1390 4950 Christiani.
1424 4911 1532 4949 non
1552 4894 1766 4950 quidem
1798 4896 2033 4950 nomine.
2062 4896 2157 4950 sed

582 4894 918 4967 relinquitur,
950 4898 1049 4951 nisi
1079 4894 1390 4967 Christiani,
1424 4911 1532 4949 non
1552 4894 1779 4967 quidem
1798 4896 2033 4967 nomine.
2062 4896 2158 4951 sed

578 4965 795 5021 virtute.
832 4968 954 5022 Ideo
971 4981 1158 5022 omnes
1207 4966 1460 5020 Ecclesia:
1501 4965 1608 5032 typi
1648 4965 2041 5032 praefulserunt.
2074 4968 2156 5021 In-

578 5039 927 5093 circumcisus
953 5046 1065 5091 erat
1093 5036 1298 5099 Enoch,
1330 5044 1387 5089 ut
1413 5045 1465 5089 et
1502 5034 1736 5088 Ecclesia
1765 5053 1777 5088 ε
1808 5052 1911 5088 non
1939 5039 2162 5092 servivit

579 5110 700 5177 legi,
735 5120 791 5164 ut
820 5124 919 5165 nec
943 5107 1140 5163 Christi
1169 5107 1394 5176 papulas
1425 5121 1437 5156 :
1470 5120 1573 5177 non
1602 5106 1745 5177 novit
1782 5106 2022 5160 ciborum
2052 5105 2159 5160 dif!

579 5175 831 5234 ferentias
854 5221 870 5245 ,
902 5191 959 5235 ut
988 5175 1225 5234 EccleSia
1246 5175 1250 5176 ⁷
1271 5194 1389 5247 qua:
1421 5180 1473 5231 in
1502 5175 1679 5230 divina
1726 5176 1841 5245 lege
1887 5185 2152 5231 versatur.

578 5252 963 5321 Antiquissima
990 5250 1228 5304 omnium
1269 5246 1350 5303 est
1372 5247 1613 5321 (Ecclesia
1636 5262 1754 5321 qua:
1788 5247 1850 5321 in
1901 5255 2023 5315 typo
2055 5246 2156 5315 piae

580 5315 852 5388 religionis
900 5321 1219 5375 incedebat:
1250 5328 1305 5373 et
1358 5319 1494 5388 ﬁdes
1520 5317 1746 5388 Abrahae
1787 5315 1961 5388 imago
2002 5327 2152 5382 erat,

579 5381 1034 5456 non'Judteorum,
1063 5391 1157 5445 sed
1180 5390 1455 5445 Ecclesim.
1477 5381 1604 5439 Ideo
1629 5381 1918 5456 Apostolus
1943 5381 2152 5441 sermo;

542 5487 545 5490 ν
579 5472 702 5530 netu
728 5458 796 5513 de
828 5460 928 5515 title
957 5455 1220 5530 explorat,
1248 5470 1301 5514 et
1327 5458 1641 5530 ntostcndat
1660 5455 2017 5530 Abrahamgm
2036 5472 2158 5515 esse

578 5526 834 5585 Ecclesia!
860 5571 875 5593 ,
928 5524 1042 5583 non
1079 5524 1383 5585 Judazorum
1416 5529 1728 5596 imaginem,
1760 5528 1833 5580 ait
1863 5543 1875 5579 :
1910 5524 2147 5590 Fratres,

581 5600 826 5671 scriptum
854 5610 926 5654 est
950 5618 967 5654 :
1008 5601 1230 5655 Credidit
1260 5600 1512 5654 Abraham
1536 5597 1644 5652 Deo
1663 5640 1677 5659 ,
1708 5608 1753 5651 et
1773 5606 2059 5671 reputatur):
2081 5608 2152 5651 est

568 5669 649 5724 illi
666 5669 735 5723 ad
744 5671 1015 5736 justitiam.
1049 5670 1265 5736 Quando
1284 5688 1402 5738 ergo
1427 5678 1709 5738 reputation
1732 5679 1824 5731 est,
1852 5669 1903 5720 in
1930 5669 2148 5721 circurn-

534 5764 535 5767 η
564 5739 757 5794 cisia!“
778 5757 844 5793 an
870 5742 919 5794 in
951 5742 1199 5811 pra'putio
1228 5740 1399 5809 (Rom.
1426 5741 1477 5795 4.
1509 5742 1558 5796 3.
1595 5739 1721 5807 10)?
1748 5738 1871 5794 Hzec
1910 5738 2104 5794 Paulus
2123 5778 2139 5808 ,

2074 274 2273 334 SPUIlI
2285 275 2319 330 Α

2278 395 2369 466 qni
2388 409 2450 449 ex
2471 393 2667 466 .ludayis
2691 403 2827 458 erat,
2854 395 2941 462 qni
2974 395 3145 453 legem
3176 406 3421 459 noverat,
3447 409 3494 452 et
3519 400 3669 463 legalis
3695 426 3779 466 οι.

2277 465 2527 535 plicabat.
2561 465 2680 519 Non
2697 467 2748 519 in
2778 467 3173 531 circumcisione,
3203 468 3290 520 sed
3310 468 3361 521 in
3386 476 3624 537 prwpatio.
3654 476 3701 530 Et
3720 465 3781 534 εἰ-

2274 553 2427 605 gnum
2466 537 2657 609 accepit
2681 537 3105 609 circumrisionem
3125 578 3140 599 ,
3185 539 3489 609 signaculum
3522 543 3701 609 justitia:
3737 554 3781 606 ἑκ

2275 604 2522 677 prwputio
2540 604 2717 677 (Rom.
2745 608 2796 660 4.
2814 606 3064 673 ll).Vide
3079 608 3440 675 complicatam
3458 604 3781 677 sententiarum

2274 678 2690 753 speculationem
2714 677 2883 753 ;_vide
2922 677 3481 753 quomodoApostolus
3502 697 3706 753 segreget
3733 693 3785 745 ab

2275 749 2413 825 Abra
2423 749 2578 801 hamo
2603 747 2994 825 lsraele_m,_non
3014 748 3293 825 habentem
3313 749 3426 825 ﬁdei
3447 747 3785 825 proprieiatem;

2270 819 2555 887 conjungat
2587 828 2761 871 autem
2794 819 2895 887 ipsi
2920 828 3140 887 gentes,
3174 828 3231 871 ut
3273 818 3518 875 habentes
3539 818 3788 884 Vcharacte.

2277 904 2388 963 rem
2420 886 2519 963 pia;
2548 888 2836 963 religionis.
2866 886 2937 940 Et
2960 888 3160 963 signum
3184 891 3374 963 accepit
3399 890 3786 963 circumcisionem,

2273 958 2590 1036 signaculum
2608 960 2844 1036 institue,
2869 968 2921 1010 at
2940 960 3004 1011 sit
3028 956 3184 1036 fater
3202 956 3421 1036 omnigm
3435 956 3788 1036 credentium

2275 1029 2598 1099 prteputium.
2629 1028 2819 1099 Viden‘
2839 1028 3107 1097 quomodo
3135 1030 3299 1098 ﬁgura
3328 1030 3565 1086 Ecclesia:
3592 1036 3638 1088 in
3664 1028 3795 1092 Mira.

2276 1098 2433 1152 hamo
2462 1110 2599 1174 esset
2622 1098 2925 1174 ?_Servator
2951 1107 3126 1174 autem
3150 1110 3208 1174 ut
3225 1101 3469 1174 ostendat
3486 1108 3793 1174 evangelicum

2275 1179 2469 1222 statum
2501 1169 2566 1223 ad
2591 1170 2819 1237 priscam
2865 1169 3005 1222 illam
3044 1169 3429 1225 institutionem
3471 1169 3631 1229 reduci
3655 1218 3668 1237 ,
3695 1194 3792 1232 Cllllt

2274 1238 2513 1293 dicerent
2542 1239 2708 1295 Judaei
2742 1256 2755 1291 :
2786 1238 2995 1308 Moyses
3019 1240 3327 1307 scripsit,Si
3351 1242 3469 1309 quis
3495 1244 3695 1299 voluerit
3729 1265 3801 1303 re-

2276 1311 2498 1385 pudiare
2520 1324 2738 1385 uxorem
2762 1323 2933 1371 suam,
2956 1309 3043 1363 det
3064 1309 3135 1385 illi
3154 1310 3599 1385 libellumrepadii
3620 1316 3795 1385 (llattli.

2277 1379 2365 1456 19.
2394 1380 2448 1446 7)
2469 1380 2777 1456 ;___Servat_or
2804 1388 2987 1432 contra
3020 1380 3203 1456 missis
3229 1379 3512 1456 legalibus,
3543 1379 3633 1438 non
3668 1391 3796 1456 quasi

2272 1450 2448 1504 solvat
2480 1450 2563 1502 illa
2583 1448 2718 1511 ,sed
2749 1458 2808 1502 ut
2826 1465 3005 1502 veram
3036 1449 3331 1504 doctrinam
3375 1451 3621 1518 declaret,
3649 1448 3761 1511 dicit
3788 1478 3799 1513 :

2278 1518 2482 1590 Moyses
2506 1524 2575 1572 ad
2602 1519 2837 1572 duritiam
2855 1519 3026 1590 (cordis
3052 1520 3202 1573 vestri
3228 1522 3461 1589 loquutus
3486 1534 3551 1577 est
3573 1540 3591 1575 :
3612 1527 3665 1576 ab
3688 1529 3805 1583 initio

2275 1598 2444 1642 autem
2469 1606 2569 1643 non
2596 1592 2693 1667 [ait
2716 1591 2790 1644 sic
2818 1589 2978 1660 (Ibid.
3009 1590 3063 1645 8.
3093 1590 3173 1661 8).
3196 1591 3330 1646 Vide
3358 1594 3619 1663 quomodo
3639 1597 3696 1650 a‘d
3716 1600 3805 1667 pri-

2277 1673 2364 1714 sca
2396 1673 2493 1714 nos
2519 1660 2756 1715 reducat.

2347 1730 2400 1784 5.
2448 1730 2653 1784 Dictum
2687 1739 2901 1798 repeto;
2943 1730 3035 1785 sed
3066 1746 3231 1800 rogo,
3279 1747 3375 1799 per
3398 1734 3653 1788 silentium
3699 1738 3806 1792 milii

2277 1798 2518 1860 faveatis,
2550 1817 2620 1856 ne
2646 1801 2906 1855 tumultus
2929 1798 3207 1868 Oppositus
3234 1798 3549 1857 sententiam
3571 1806 3807 1864 dlSStl'Vi“.

2278 1869 2475 1942 volens
2515 1871 2769 1926 Servator
2795 1871 3098 1933 ostendere,
3154 1875 3515 1942 evangelicam
3557 1875 3809 1932 doctrinam

2277 1941 2342 2016 ad
2372 1941 2600 2016 priscum
2623 1943 2883 2016 reducere
2913 1941 3559 2016 statumLcum’dicerent
3584 1947 3809 2016 discipuli,

2278 2012 2400 2086 into
2418 2012 2591 2086 potius
2623 2011 2872 2066 Pharisrei
2905 2029 2919 2065 :
2954 2011 3055 2086 Car
3087 2012 3323 2086 diloyses
3345 2016 3603 2083 pra’cipif,
3635 2016 3686 2070 Si
3707 2011 3815 2086 'qais

2277 2083 2760 2154 dimiseritittxorem
2786 2098 2951 2154 suam,
2976 2084 3059 2137 det
3079 2085 3156 2137 illi
3184 2084 3411 2137 libellum
3452 2087 3640 2154 repudii
3666 2083 3812 2153 (Deut.

2276 2151 2364 2207 21.
2397 2153 2493 2223 I)?
2522 2153 2776 2207 Servatur
2804 2168 2908 2206 non
2941 2153 3108 2216 legem
3157 2151 3521 2221 reprehendit,
3569 2157 3653 2211 sed
3695 2159 3813 2213 illam

2278 2223 2517 2294 defendit
2540 2241 2554 2277 :
2594 2223 2794 2294 Moyses
2823 2224 2931 2276 Iure
2972 2224 3100 2277 dixit
3120 2225 3179 2277 ob
3200 2226 3447 2279 duritiam
3471 2227 3629 2281 cordis
3653 2231 3817 2283 vestri:

2278 2292 2340 2347 ab
2366 2292 2700 2367 initio‘auteni
2728 2310 2828 2367 non
2850 2295 2946 2367 [nit
2985 2295 3064 2367 sic
3087 2295 3239 2367 (vide
3273 2298 3548 2363 quomodo
3580 2298 3641 2352 ad
3675 2301 3819 2367 prisca

2278 2379 2378 2417 nos
2402 2365 2689 2433 remittat);
2722 2364 2813 2419 sed
2847 2365 2944 2427 Qui
2972 2364 3087 2431 fecit
3126 2366 3375 2419 hominem
3404 2407 3422 2428 ,
3486 2364 3740 2422 masculum
3780 2380 3819 2421 tl

2278 2434 2517 2503 feminam
2524 2435 2652 2558 Lech
2677 2452 2779 2488 eos.
2797 2434 2923 2498 Qut!
2960 2451 3077 2505 ergo
3107 2435 3242 2517 Deus
3264 2437 3556 2505 conjunxit,
3583 2439 3717 2492 homo
3741 2458 3822 2494 non

2278 2518 2472 2558 separet
2495 2507 2512 2558 ί
2580 2506 2710 2558 attli.
2730 2504 2815 2558 19.
2840 2507 2892 2558 4.
2925 2506 3001 2558 6).
3029 2506 3200 2558 Ataue
3230 2524 3281 2558 tn
3303 2507 3491 2558 multis
3518 2509 3822 2558 deprehendo

2277 2518 2472 2575 separet
2495 2504 2710 2575 (Matth.
2730 2504 2815 2559 19.
2840 2507 2892 2559 4.
2925 2506 3001 2574 6).
3018 2504 3200 2575 ίΑιᾳυθ
3230 2508 3281 2560 in
3303 2504 3491 2563 multis
3518 2509 3824 2573 deprehendo

2278 2574 2614 2631 Servatorem
2646 2574 2711 2629 ad
2742 2576 2970 2644 priscum
2998 2585 3052 2629 et
3078 2574 3272 2630 bonum
3301 2586 3503 2632 statum
3558 2579 3822 2635 Ecclesium

2279 2647 2562 2703 reducere.
2588 2645 2778 2714 Figura
2796 2646 2959 2717 igitur
2989 2645 3243 2702 Ecclesiae
3287 2648 3459 2717 viguit
3483 2660 3597 2704 ante
3622 2651 3827 2704 circum-

2277 2718 2560 2789 c_isionem.
2597 2716 2884 2789 _Attendite
2923 2716 3225 2789 diligenter.
3252 2716 3383 2785 Quia
3420 2719 3489 2773 ab
3513 2721 3651 2773 initio
3676 2721 3823 2789 ﬁgura

2279 2785 2534 2843 Ecclesiae
2558 2787 2744 2857 viguit,
2772 2802 2839 2858 ac,
2860 2787 3195 2855 postmodum
3234 2803 3425 2845 rursus
3466 2790 3570 2858 ipsa
3598 2785 3827 2845 Ecclesia:

2277 2859 2462 2923 regula
2486 2867 2677 2913 statuta
2699 2866 2803 2923 est,
2833 2857 2910 2912 lex
2943 2873 3068 2912 vero
3093 2858 3266 2913 media
3292 2857 3600 2927 interposita
3626 2862 3747 2925 iuit;
3784 2871 3828 2915 ut

2276 2926 2825 2999 ostendatApustolus
2865 2928 3283 2984 ecclesiasticum
3332 2926 3537 2986 bonum
3577 2940 3755 2985 statum
3784 2934 3825 2985 iu

2276 2999 2417 3054 serie
2442 3011 2740 3068 temporum
2769 2999 2915 3066 sequi
2962 3010 3015 3052 et
3067 3015 3307 3065 currere,
3337 2999 3513 3069 legem
3536 3017 3660 3056 vero
3692 3003 3833 3055 inter-

2346 3070 2502 3124 silam
2531 3086 2670 3141 esse,
2701 3069 2774 3141 ait
2794 3088 2807 3122 :
2827 3069 2935 3123 Lea:
2948 3079 3116 3141 autent
3141 3070 3443 3124 sabintrarit
3462 3071 3635 3139 (Rom.
3662 3072 3708 3126 5.
3730 3072 3827 3141 20).

2321 3155 2388 3194 on
2422 3140 2592 3205 dixit,
2624 3138 2734 3194 Lex
2762 3140 2996 3199 intravit,
3028 3139 3146 3206 sed,
3179 3138 3521 3197 Subintraeit.
3554 3143 3665 3195 Alia
3704 3138 3825 3196 enim

2275 3210 2357 3264 lex
2388 3220 2471 3266 est
2495 3226 2613 3280 quae
2638 3211 2817 3273 intrat,
2837 3210 2938 3263 alia
2967 3226 3084 3279 qua:
3112 3210 3391 3265 subintrat.
3425 3211 3644 3267 Intravit
3664 3213 3725 3265 ab
3744 3213 3831 3266 ini-

2277 3280 2348 3350 tio
2375 3281 2459 3335 Iex
2487 3280 2787 3350 evangelica
2807 3321 2820 3343 ,
2855 3296 2959 3334 non
2999 3280 3114 3334 dies
3136 3281 3457 3347 observans,
3490 3298 3591 3336 non
3617 3284 3827 3337 ciborum

2274 3349 2626 3406 differentiam
2682 3365 2999 3418 agnoscens,
3049 3365 3153 3404 non
3202 3353 3666 3407 circumcisionem
3705 3354 3829 3406 arci-

2276 3421 2447 3488 pieus.
2475 3422 2601 3476 llaec
2630 3421 2713 3475 lex
2743 3421 2810 3473 ab
2841 3422 2991 3491 initio
3011 3438 3040 3474 a
3072 3422 3259 3491 priscis
3303 3422 3409 3476 illis
3437 3424 3758 3484 servabatur,
3784 3435 3831 3477 et

2272 3490 2338 3562 ad
2361 3502 2661 3561 postremos
2683 3490 2963 3562 pervenit;
2991 3490 3303 3546 intermedia
3331 3508 3467 3548 vero
3494 3493 3578 3547 lex
3620 3494 3825 3555 intravit,

2273 3560 2382 3615 imo
2402 3563 2574 3631 p0tius
2597 3560 2913 3617 subintravit
2941 3578 2955 3616 :
2977 3562 3379 3631 apostolumque
3400 3561 3592 3617 audire
3612 3571 3689 3617 est
3704 3564 3831 3617 clare

2272 3632 2559 3692 dicentem.
2586 3642 2642 3687 ut
2672 3646 2770 3686 nos
2789 3633 3038 3698 diximus,
3071 3631 3516 3687 Lexsubintraeit.
3545 3634 3627 3687 Vis
3649 3635 3833 3687 disccire

2270 3718 2377 3773 quo
2418 3703 2774 3773 subintravit?
2813 3702 3096 3773 Historiam
3132 3704 3283 3773 audi.
3316 3702 3387 3759 Ut
3428 3703 3595 3759 Jacob
3635 3716 3834 3771 ρηψιιτ

2274 3772 2558 3827 Rachelem
2584 3772 2801 3827 Labano
2825 3772 3061 3836 servivit,
3090 3781 3144 3827 at
3172 3782 3416 3841 tempore
3450 3774 3737 3843 nuptiarum
3756 3773 3834 3826 illa

2271 3858 2375 3912 non
2398 3843 2612 3898 intravit
2634 3860 2647 3901 :
2680 3858 2873 3912 scopas
2896 3853 3068 3897 tamen
3089 3843 3405 3911 patriarchae
3430 3856 3541 3898 erat
3563 3844 3834 3897 Itachelent

2269 3911 2486 3975 ducere,
2519 3913 2611 3968 sed
2635 3911 2789 3967 fraus
2803 3914 2973 3967 soceri
2999 3914 3159 3967 aliam
3189 3929 3285 3983 pro
3302 3915 3409 3968 alia
3443 3914 3660 3976 induxit,
3683 3923 3735 3968 et
3759 3914 3834 3968 in-

2268 3983 2425 4055 ducta
2450 3984 2781 4053 deprehensa
2806 3984 2901 4037 fuit
2921 3984 3029 4047 illa,
3072 4000 3191 4055 qua;
3222 4000 3327 4038 non
3356 3984 3697 4055 qumrebatur
3728 3999 3742 4035 :
3774 3986 3837 4039 ita

2271 4054 2361 4107 Dei
2391 4069 2586 4123 scopus
2610 4063 2725 4108 erat
2752 4068 2964 4123 semper
2993 4063 3049 4108 ut
3071 4054 3362 4109 Eeclesiam
3393 4064 3689 4117 statueret;
3728 4054 3839 4108 sub-

2270 4124 2475 4178 induxit
2500 4140 2628 4178 vero
2663 4138 2983 4195 syttagogam
3004 4166 3019 4195 ,
3054 4140 3157 4177 non
3185 4140 3278 4193 per
3307 4125 3414 4179 vim
3447 4138 3497 4180 et
3525 4124 3755 4179 fraudem
3779 4125 3833 4177 il-

2268 4196 2372 4249 lam
2409 4194 2729 4259 assumens,
2776 4196 2868 4247 sed
2898 4195 2965 4249 ad
2993 4194 3212 4263 ﬁguram
3260 4197 3459 4249 veteris
3490 4195 3726 4249 historia:
3766 4209 3839 4249 res

2268 4274 2546 4333 coaptans.
2578 4268 2657 4319 Ac
2698 4265 3142 4332 quemadmodum
3166 4264 3352 4329 Jacob,
3384 4276 3612 4331 accepta
3640 4266 3749 4328 Lia,
3793 4266 3837 4318 in

2265 4349 2430 4403 scopo
2445 4349 2656 4404 semper
2680 4333 2965 4389 Rachelem
2997 4334 3212 4399 habuit,
3241 4335 3333 4390 sed
3365 4338 3474 4389 vim
3525 4336 3708 4389 fraude
3739 4335 3837 4387 illa-

2267 4415 2376 4459 tam
2399 4405 2552 4476 tulit:
2576 4404 2653 4459 sic
2674 4405 2883 4476 etDeus
2908 4420 3011 4474 quo
3035 4414 3272 4473 tempore
3301 4420 3635 4476 synagogam
3656 4406 3839 4466 habuit,

2237 4476 2406 4542 ,ltanc
2432 4473 2645 4538 oderat,
2676 4474 2818 4545 illam
2848 4473 3119 4545 diligebat.
3154 4473 3359 4543 thuis
3391 4473 3553 4530 nobis
3584 4475 3683 4531 hoc
3709 4476 3840 4528 testi-

2268 4545 2494 4599 ﬁcatur?
2537 4545 2656 4613 quis
2684 4542 2921 4597 historite
2949 4542 3041 4599 'sic
3080 4542 3432 4600 considerata:
3478 4562 3712 4613 sponsor
3736 4545 3840 4600 est?

2238 4615 2421 4682 ,Smpe
2450 4615 2590 4685 Deus
2629 4629 2750 4669 cum
2793 4628 3058 4685 synagoga
3091 4616 3261 4684 legem
3312 4627 3573 4671 servante
3616 4630 3839 4677 versans,

2264 4686 2471 4741 dicebat
2494 4698 2509 4737 :
2537 4682 2691 4738 Festa
2733 4682 2891 4737 vestra
2918 4682 2965 4737 et
3002 4682 3308 4739 ﬁncouieuius
3335 4696 3531 4739 vestras
3559 4687 3669 4739 odit
3688 4686 3841 4737 animo

2266 4773 2373 4810 mea
2400 4753 2551 4825 (lsai.
2581 4755 2628 4808 I.
2655 4755 2738 4809 15.
2766 4752 2871 4824 14).
2899 4757 2975 4808 Ac
2996 4756 3441 4824 quemadmodum
3460 4754 3638 4811 Jacob
3654 4755 3845 4810 Rache-

2262 4827 2327 4881 lis
2348 4825 2537 4894 faciem
2555 4825 2784 4883 amabat.
2804 4834 2856 4879 ct
2879 4825 3241 4894 lippitudinem
3265 4828 3547 4880 oculorum
3578 4827 3690 4880 Lia:
3711 4842 3845 4878 aver-

2263 4899 2480 4952 sabatur
2510 4893 2661 4966 (Erat
2677 4894 2851 4966 enim,
2885 4893 3073 4964 inquit,
3123 4895 3220 4949 Lia
3248 4896 3455 4962 inﬁrma
3484 4898 3657 4950 oculis
3700 4896 3838 4966 (Ceu.

2261 4968 2351 5022 29.
2382 4965 2533 5038 17]):
2559 4965 2637 5019 sic
2675 4965 2812 5019 Deus
2838 4967 3183 5038 aversabatur
3211 4980 3566 5038 synagogam,
3600 4982 3707 5020 non
3736 4982 3843 5022 cor-

2265 5054 2391 5107 pore
2419 5036 2743 5103 corruptatn,
2774 5036 2867 5088 sed
2894 5036 3068 5107 anima
3097 5052 3313 5093 caream.
3340 5036 3460 5091 Ideo
3486 5037 3704 5091 dicebat
3738 5050 3842 5107 pro:

2266 5106 2419 5175 pheta
2445 5123 2457 5159 :
2488 5107 2553 5164 Ει
2570 5108 2681 5174 quis
2705 5121 2898 5176 circus,
2914 5106 3010 5159 nisi
3029 5107 3125 5173 ﬁlii
3148 5108 3241 5159 mei
3261 5107 3286 5158 ?
3309 5117 3356 5159 et
3379 5108 3495 5176 quis
3520 5109 3732 5171 surdus,
3759 5106 3841 5158 nisi

2260 5180 2342 5245 qui
2384 5177 2708 5247 dominantur
2733 5177 2804 5230 eis
2830 5177 2846 5242 (
2876 5175 3004 5230 lsai.
3034 5177 3123 5231 42.
3156 5178 3244 5245 19)
3272 5177 3295 5229 ?
3327 5176 3389 5228 Et
3424 5180 3565 5247 £th
3594 5180 3720 5247 [arti
3741 5185 3846 5231 sunt

2259 5250 2384 5301 serui
2417 5248 2528 5302 Dei.
2549 5249 2626 5302 Ac
2655 5246 2794 5301 sicut
2816 5247 2924 5301 illic
2952 5253 3020 5301 ob
3049 5250 3322 5301 oculorum
3356 5246 3752 5305 inﬁrmitatem,
3778 5248 3838 5298 ita

2263 5317 2346 5372 hic
2373 5318 2453 5388 (ob
2494 5319 2784 5388 cmeitatem
2811 5318 3002 5388 anima:
3028 5332 3347 5388 synagogam
3384 5318 3605 5388 oderat.
3656 5318 3840 5388 Idcirco

2257 5387 2551 5443 etreitatem
2580 5387 2790 5441 illorum
2812 5385 3436 5452 Servatot‘suliindieans,
3460 5387 3693 5441 dicebat
3721 5408 3734 5435 :
3761 5385 3835 5437 Di-

2260 5460 2436 5512 mitttte
2462 5459 2598 5523 illos,
2624 5458 2777 5511 duces
2807 5469 2924 5511 sunt
2955 5474 3200 5511 caecorum
3231 5475 3248 5511 :
3288 5474 3442 5512 (tetas
3463 5467 3648 5509 autem
3679 5458 3722 5510 si
3746 5470 3833 5507 τιτ-

2257 5545 2370 5581 cum
2397 5528 2570 5594 ducat,
2619 5529 2764 5583 ambo
2811 5530 2863 5582 in
2918 5529 3114 5597 foveam
3144 5529 3323 5582 cadent
3354 5524 3584 5597 (Matth.
3618 5527 3709 5583 15.
3741 5527 3839 5583 Nl.

2256 5599 2407 5668 Quod
2458 5614 2582 5670 vero
2640 5608 2750 5670 toto
2795 5608 3057 5670 tempore,
3102 5614 3208 5669 quo
3237 5604 3501 5670 synagoga
3551 5598 3837 5670 secundum

2260 5672 2428 5737 legem
2464 5668 2612 5732 vixit,
2662 5669 2801 5723 Deus
2831 5669 3055 5724 voluerit
3095 5668 3346 5738 populum
3388 5669 3542 5738 illum
3572 5669 3645 5721 ob
3680 5670 3836 5734 lltgm'

2264 5750 2373 5795 tum
2400 5740 2634 5795 animum
2661 5738 2961 5812 repudiare,
2992 5736 3302 5796 testiﬁéatur
3331 5736 3598 5812 propheta
3629 5739 3832 5794 dicens;
