4072 6192
303 250 408 307 67⁸5

295 359 314 425 ι
348 358 395 410 l.
423 353 545 408 Cor.
579 354 667 410 M.
702 353 828 476 l2?.
864 354 913 410 id
941 366 1044 420 est,
1078 355 1458 411 charismatum
1489 359 1842 427 spiritualium
1872 379 1886 415 :

295 439 468 476 neque
495 425 638 476 enim
692 439 781 476 mu
807 425 844 476 ll
866 435 992 476 sunt
1017 426 1258 476 snit-itus.
1294 426 1544 476 Ottanlam
1569 428 1886 476 mnmlamrn

293 439 468 495 neque
495 425 638 495 enim
692 425 844 479 multi
866 435 992 480 sunt
1017 426 1258 495 spiritus.
1294 425 1544 493 Quoniam
1569 428 1887 485 a'mulatores

291 493 411 550 estis
449 493 745 564 spirituum.
775 495 944 549 adhuc
990 493 1393 550 excellentiorem
1425 498 1565 552 viam
1599 498 1736 553 vobis
1790 501 1885 553 de.

291 564 827 637 ηιοηεινο.Οειίξηᾱῴο,Δ
848 564 1039 637 inquit,
1061 565 1212 620 vobis
1240 582 1358 635 quze
1387 567 1711 622 charismata
1740 584 1889 637 qum-

292 650 417 690 rere
441 644 710 704 oporteat.
738 633 971 706 Spiritus
1016 651 1146 706 ergo
1171 633 1394 690 vocatur
1417 638 1646 706 Spiritus
1671 633 1840 706 gratia
1868 656 1883 694 :

290 719 400 778 non
430 719 560 778 ve_r_o
594 706 705 774 ipsa
735 705 968 778 Spiritus
1021 707 1343 772 substantia,
1373 705 1469 762 sed
1499 705 1742 776 operatio
1763 709 1888 778 Spi-

293 777 450 848 ritus.
481 773 608 848 Ιζιτε
627 789 804 848 autern
829 775 1002 848 omnia
1022 787 1263 843 operatur
1290 793 1423 848 unus
1463 787 1508 830 et
1537 773 1679 831 idem
1713 773 1887 848 Spiri-

292 856 372 899 tus
391 847 442 917 (l
457 888 472 902 .
491 844 706 900 Cor.l2.
730 847 835 915 ll).
851 845 1080 915 Spiritus
1096 847 1340 914 Operatio
1355 856 1435 900 est
1451 848 1690 917 spiritus,
1711 844 1768 902 id
1783 859 1886 916 est,

297 916 492 984 gratia,
527 929 631 969 non
653 927 831 971 autem
861 917 972 985 ipsa
1000 918 1232 986 Spiritus
1266 916 1588 972 substantia.
1619 918 1702 973 Tu
1732 935 1890 974 voca-

291 987 366 1039 ris
387 986 706 1058 spiritualis,
733 996 786 1039 et
806 987 976 1055 gratia
1004 1002 1123 1056 quae
1145 986 1286 1058 apud
1319 995 1369 1042 te
1393 997 1476 1043 est
1494 1029 1509 1053 ,
1539 989 1760 1058 spiritus
1789 1006 1889 1044 vo-

291 1063 462 1110 catur.
507 1055 645 1110 Dicit
682 1071 816 1126 ergo
851 1055 1141 1127 Apostolus
1167 1055 1194 1112 ί
1214 1057 1355 1113 Deus
1398 1055 1664 1136 custodiet
1693 1075 1892 1130 corpus

337 1251 565 1262 ..ο-...ρ-

1437 243 1500 300 IN
1543 245 1930 304 PRINCIPIO.“
1973 247 2392 305 lNDiCTZONlS.

3472 268 3576 326 li'o'd

1995 371 2358 448 Σεξιςξιωνηει
2397 363 2652 448 anim-tn.»
2682 375 2731 420 οι
2763 368 2986 435 gratiam
3039 386 3196 448 quam
3237 380 3518 448 accepistis
3545 400 3574 437 θ

1992 432 2464 510 Spiriturﬁursus
2488 436 2734 510 spiritum
2767 432 2923 493 vocat
2947 432 3200 510 gratiam.
3229 432 3575 506 Gratiavvero

1990 513 2087 584 Per
2109 502 2607 584 studiumnauget'ur,
2634 516 2688 561 et
2717 523 2810 576 per
2837 502 3215 584 negligentiam
3245 502 3408 584 perit.
3434 502 3571 578 Didii.

1980 569 2305 660 ’ἔπ’,σβφΐῐιὶξ
2334 569 3031 660 sum"reservavit?
3057 583 3132 652 (1ο
3165 569 3350 660 “iis
3367 569 3567 660 ε-ἶόἱῖ

1991 641 2107 696 Non
2138 651 2311 711 potest
2335 653 2524 725 autern
2543 647 2836 725 substantia
2850 641 3092 725 Spiritus
3121 641 3424 725 exstingui,
3454 641 3574 716 'iié.‘

1993 716 2555 800 qiuermens‘naturalis
2589 718 2727 800 :Jsed
2753 716 3169 800 _quia'g_ra.tiatn
3193 716 3370 800 studio
3407 716 3574 800 auge-

1995 797 2135 868 mus,
2156 785 2473 868 negligentia
2501 785 3068 868 exstinguitutrs,_dicit
3092 812 3104 847 :
3129 794 3387 862 Gratiam,
3411 785 3573 868 quam

1993 856 2298 938 accepistis,
2325 870 2434 938 non
2465 856 2806 926 exstinguite.
2825 861 3095 938 Spiritum
3118 881 3247 934 ergo
3271 856 3574 938 vocat'Spio

1994 931 2132 1008 ritus
2155 931 2543 1008 operationem,
2577 944 2734 1008 quam
2765 931 3205 1008 utiuanromnes'
3224 931 3574 1008 assequamur

1995 992 2048 1078 in
2073 991 2288 1078 Christo
2298 994 2327 1050 J
2333 1011 2425 1050 esu
2442 991 2670 1078 Domino
2691 1010 2895 1064 nostro,
2906 1003 2994 1078 _cui
3011 1004 3178 1078 gloria
3195 1015 3248 1060 et
3265 991 3570 1078 imperium;

1995 1077 2139 1118 nunc
2192 1073 2247 1120 et
2287 1079 2522 1137 semper,
2553 1076 2609 1123 et
2657 1070 2710 1124 in
2758 1073 2952 1128 saicula
2999 1070 3562 1134 saeculorumfAmen.

590 1251 3173 1274 Mm.-.
3191 1267 3399 1295 2::
3445 1271 3494 1278 ,η

1439 1491 1515 1552 ΙΝ
1551 1491 1750 1565 SEQU
1764 1494 1904 1556 ENS
1936 1494 2424 1560 OPUSCULUM.

304 1714 447 1753 anno
472 1695 728 1764 Romano,
761 1707 906 1755 utea:
936 1699 1148 1754 Theonis
1179 1697 1577 1756 Commentariis
1604 1702 1659 1754 in
1696 1703 2016 1774 προχείρους
2044 1704 2273 1767 κανόνας
2308 1703 2580 1759 Ptolemwi
2603 1713 2826 1759 constat.
2859 1703 3133 1759 Orationes
3155 1707 3323 1772 plena:
3352 1707 3548 1760 mendis

307 1824 356 1868 et
388 1816 542 1883 plane
565 1817 777 1884 spuriae.
821 1815 948 1871 Ilwc
997 1825 1144 1872 certe
1177 1817 1325 1886 prior
1352 1827 1433 1872 est
1458 1817 1798 1889 nugacissimi
1833 1816 2060 1873 Graeculi
2094 1827 2148 1870 et
2177 1817 2472 1884 inl'acundi,
2506 1819 2726 1890 indigna
2749 1836 2870 1892 quae
2898 1821 3122 1890 legatur.
3165 1819 3223 1874 In
3252 1819 3368 1874 solo
3395 1819 3550 1874 titulo

308 1930 533 1987 indictio
570 1941 934 1998 memoratur;
975 1947 1098 1987 nam
1135 1932 1188 1987 in
1223 1934 1558 1990 oratiuncula
1585 1935 1652 1990 de
1683 1933 1976 1993 indictione
2006 1937 2160 1995 nihil.

322 2283 3393 2314 Ἥ

1480 2365 1544 2408 IN
1592 2366 1963 2412 PRINCIPIUM
2007 2363 2408 2414 INDICTDNIS-

1680 2473 2170 2555 mw

355 2619 622 2678 Mirabiles
632 2625 756 2672 sunt
769 2615 1188 2671 orthodoxorum
1203 2615 1561 2679 celebritates,
1574 2614 1713 2670 laetae
1727 2631 1871 2670 mar-

284 2704 461 2766 tyrum
494 2689 767 2766 memoria:
783 2728 797 2748 ,
821 2686 952 2740 nulli
976 2685 1162 2756 pudori
1180 2685 1642 2766 obnoxiapiorum
1665 2687 1871 2766 _con_vi-

285 2756 389 2818 v'ia.
415 2762 530 2816 Non
553 2759 889 2815 celebramus
904 2767 1114 2825 tempus
1133 2771 1306 2810 rerum
1323 2757 1484 2810 multa
1502 2756 1868 2811 vicissitudine

282 2851 346 2890 se
371 2831 696 2887 moventium
719 2843 854 2882 :non
873 2827 1207 2880 celebramus
1233 2841 1453 2892 annum,
1470 2827 1558 2896 qui
1579 2825 1762 2881 mundi
1785 2827 1868 2881 vi-

286 2917 395 2959 tam
423 2909 703 2956 consumat
725 2915 738 2951 :
760 2912 864 2952 non
889 2898 1117 2950 colimus
1139 2911 1390 2966 agonem,
1413 2897 1502 2966 qui
1529 2912 1627 2952 nos
1646 2897 1713 2951 ad
1743 2912 1870 2951 cor-

281 2975 586 3056 ruptionem
618 2969 793 3024 trahat
824 2983 967 3022 :non
999 2967 1283 3056 adoramus
1311 2976 1647 3056 creaturam;
1678 2981 1871 3022 omnes

281 3039 481 3114 quippe
497 3057 586 3097 res
603 3051 1097 3114 ereatarcouservaa
1126 3046 1250 3114 sunt
1277 3054 1290 3089 :
1322 3051 1427 3114 non
1457 3039 1682 3114 colimus
1702 3048 1870 3092 mate-

279 3107 439 3175 riam,
469 3126 674 3182 qmeex
701 3109 872 3182 nihilo
895 3107 1031 3162 facta
1047 3115 1129 3182 est
1149 3107 1534 3182 {haecquippe
1564 3108 1701 3162 sicut
1719 3117 1870 3162 ortus

281 3177 499 3240 initium
522 3180 739 3246 habent,
764 3181 834 3233 ita
851 3177 1211 3246 corruptionis
1235 3177 1323 3231 lini
1346 3177 1698 3246 subjicieutur
1722 3196 1735 3232 :
1762 3193 1868 3233 non

280 3256 510 3310 colimus
532 3252 755 3315 czelum;
787 3264 908 3302 nam
933 3249 1066 3302 sicut
1095 3247 1270 3301 fumus
1298 3247 1563 3304 ﬁrmatum
1588 3247 1687 3302 fuit
1717 3267 1730 3302 :
1764 3263 1868 3302 non

281 3325 510 3380 colimus
537 3322 948 3382 ﬁrmamentum,
974 3318 1113 3389 quod
1137 3318 1371 3389 crystalli
1399 3333 1548 3375 more
1570 3318 1730 3373 ﬁxum
1751 3327 1866 3374 est:

282 3412 391 3450 non
421 3394 645 3448 colimus
674 3392 871 3454 lucem,
899 3388 1016 3458 qua:
1045 3388 1206 3442 verbo
1236 3388 1369 3442 facta
1400 3399 1513 3454 est;
1540 3406 1642 3442 non
1667 3390 1867 3456 lunam,

282 3483 404 3535 qua:
446 3464 608 3532 ligura
652 3462 879 3535 quadam
935 3467 1190 3535 ornatur;
1221 3473 1329 3513 non
1376 3468 1612 3535 terram,
1641 3475 1758 3535 qua:
1803 3475 1869 3514 ex

283 3529 420 3606 aqua
453 3529 684 3588 extracta
717 3531 848 3593 fuit;
882 3545 985 3584 non
1015 3529 1190 3606 ignem
1219 3569 1234 3592 ,
1267 3530 1538 3584 materiale
1567 3531 1762 3600 quippe
1787 3537 1872 3585 est

283 3599 643 3667 elementum;
675 3617 777 3657 non
809 3615 1023 3668 aquam,
1053 3599 1248 3653 ﬂuxam
1280 3610 1523 3653 naturam
1549 3617 1562 3651 :
1585 3599 1701 3654 non
1733 3607 1869 3654 tem-

283 3691 406 3746 pus,
433 3672 573 3746 quod
603 3689 706 3746 non
734 3680 861 3746 stat,
890 3671 982 3746 sed
1005 3669 1242 3746 abscedit
1271 3687 1301 3746 :_
1319 3687 1424 3724 non
1454 3671 1679 3724 colimus
1703 3669 1868 3736 diem,

285 3741 403 3815 qua:
430 3741 751 3799 ordinationi
778 3742 974 3815 servit;
1000 3741 1176 3794 omnia
1214 3741 1411 3815 quippe
1447 3749 1684 3815 tempore
1709 3755 1870 3815 sene-

283 3811 441 3870 s'cunt
464 3857 478 3880 ,
505 3826 559 3869 et
602 3824 722 3882 post
750 3811 926 3866 omnia
969 3820 1179 3880 tempus
1219 3812 1390 3880 ipsum
1425 3811 1700 3882 senescit;
1733 3811 1872 3866 Deus

285 3897 464 3940 autem
491 3881 627 3938 unus
645 3883 796 3938 senio
821 3882 1068 3950 superior
1081 3892 1196 3936 est:
1222 3883 1378 3951 idque
1403 3881 1738 3936 demonstrat
1757 3882 1872 3936 dies

284 3954 781 4024 consummationis.
809 3951 1048 4024 Gentiles
1086 3961 1233 4008 certe
1275 3961 1330 4006 et
1372 3952 1555 4024 Judaei
1593 3953 1872 4024 iniquitate

284 4027 479 4080 fratres
503 4033 644 4086 sunt,
677 4023 874 4077 diaboli
906 4024 1188 4085 manubim,
1221 4023 1420 4091 peccati
1446 4023 1640 4090 proles,
1671 4023 1872 4076 erroris

282 4096 486 4150 alumni
511 4136 524 4156 .
561 4093 846 4162 impietatis
875 4094 1086 4148 cecitas
1112 4134 1125 4155 ,
1160 4102 1333 4146 nauta:
1365 4095 1528 4148 duces
1565 4092 1630 4146 ad
1672 4091 1874 4162 gehen-

282 4183 433 4228 nam,
461 4175 737 4230 scrpeutes
768 4163 1075 4232 impietatis,
1109 4164 1197 4218 lilii
1225 4163 1630 4218 maledictiouis.
1657 4162 1717 4219 l-li
1740 4162 1873 4217 festa

283 4237 449 4304 impie
473 4236 765 4296 celebrent,
796 4235 917 4302 quia
959 4235 1198 4302 improbe
1242 4235 1479 4288 sentiunt
1508 4251 1522 4287 :
1553 4232 1603 4286 hi
1632 4247 1870 4304 errorem

283 4303 567 4368 honorent,
598 4305 670 4358 illi
703 4305 870 4371 legem
900 4305 1245 4368 conculceut,
1277 4313 1330 4357 et
1355 4305 1563 4374 utrique
1594 4317 1680 4374 res
1725 4303 1874 4374 nefa-

282 4379 398 4432 rias
425 4376 664 4438 discant;
698 4390 818 4428 nam
851 4385 1034 4428 mutuo
1059 4376 1422 4430 consentiunt.
1450 4373 1620 4428 .ludzni
1644 4389 1672 4427 a
1698 4373 1873 4442 genti-

280 4448 425 4502 libus
451 4446 823 4510 idololatriatn,
846 4446 1067 4514 gentiles
1095 4459 1123 4496 a
1145 4444 1345 4499 Judasis
1368 4444 1743 4514 prophetarum
1763 4459 1870 4498 ca:-

277 4519 382 4574 des
419 4517 755 4571 didicerunt:
789 4530 908 4568 nam
939 4515 1104 4568 Judzei
1134 4516 1185 4568 in
1212 4516 1326 4583 lege
1353 4531 1565 4570 omnem
1595 4514 1870 4580 gentilium

278 4603 524 4644 errorem
552 4586 863 4641 exhibuere.
892 4585 1081 4640 Verum
1115 4586 1425 4656 indignaris,
1453 4602 1485 4638 ο
1509 4584 1712 4656 Ιιιᾷτεθ,
1743 4586 1870 4640 dum

281 4658 402 4712 lucc
446 4658 638 4711 audis?
668 4656 848 4726 Cogita
876 4657 1112 4711 actiones
1142 4655 1256 4711 tuas
1281 4699 1296 4722 ,
1328 4665 1382 4726 et
1426 4655 1873 4726 reprehensiones

282 4743 356 4782 ne
377 4743 517 4794 aegre
542 4728 701 4780 feras.
733 4719 980 4791 Ubinam,
1007 4742 1210 4796 qurcso,
1245 4719 1381 4781 idola
1406 4719 1511 4780 non
1543 4726 1790 4780 coluisti?
1813 4726 1870 4780 ln

277 4799 503 4852 deserto
543 4799 763 4866 vitulum
790 4795 1051 4860 conﬂasti,
1089 4810 1204 4865 post
1238 4808 1493 4866 tropaeum
1524 4795 1872 4866 Bcclphegori

279 4869 522 4925 initiatus
543 4881 622 4934 es,
649 4871 701 4922 in
729 4865 1012 4922 Moabitide
1038 4869 1383 4922 Thamatzum
1407 4866 1661 4934 adorasti,
1690 4869 1741 4920 in
1768 4865 1871 4921 Pa-

279 4939 490 4995 lzestina
514 4938 714 5008 Dagoni
745 4937 1002 4992 sacriﬁcia
1029 4939 1288 5000 obtulisti,
1316 4941 1367 4993 in
1386 4938 1654 4994 thuicia
1684 4940 1864 5008 Arstarv

278 5022 377 5065 ten
407 5007 635 5073 coluisti,
667 5013 716 5064 in
745 5009 1053 5076 captivitate
1081 5009 1405 5063 Chamozum
1431 5009 1687 5062 adorasti.
1717 5007 1874 5063 Dele-

275 5081 360 5134 cit
403 5078 573 5145 locus,
618 5080 714 5134 sed
761 5095 866 5132 non
896 5078 1092 5133 defecit
1136 5079 1477 5133 detestandus
1523 5078 1714 5133 cultus.
1748 5077 1873 5132 Ideo

278 5151 420 5206 festa
445 5159 618 5202 vestra
648 5150 761 5204 odit
793 5150 1063 5203 Dominus.
1094 5150 1230 5203 Audi
1271 5149 1412 5204 enim
1440 5149 1751 5218 prophetam
1792 5147 1875 5202 di-

276 5228 498 5277 centem
528 5238 540 5273 :
572 5218 694 5286 Odi,
727 5221 887 5286 rejeci
929 5222 1056 5273 testa
1096 5231 1292 5285 vestra,
1325 5229 1379 5274 et
1417 5233 1522 5273 non
1554 5220 1792 5273 delector
1819 5219 1872 5274 in

281 5291 666 5362 festivitatibus
708 5292 900 5346 vestris
932 5290 1182 5362 (lsaiJ.
1214 5291 1277 5344 η
1298 5291 1334 5362 ).
1367 5290 1534 5362 Omne
1575 5288 1873 5362 quippele-

276 5371 432 5418 stum
463 5359 768 5414 Judaeorum
809 5357 983 5416 czedes
1031 5361 1250 5415 inducit.
1285 5357 1416 5414 Dum
1443 5357 1734 5429 jejunares,
1768 5357 1874 5413 Na-

279 5432 506 5487 buthetn
539 5430 818 5500 lapidasti;
851 5432 977 5485 dum
1006 5431 1136 5486 festa
1164 5428 1485 5492 celebrares,
1509 5428 1695 5483 Isaiam
1723 5443 1872 5484 serra

279 5502 541 5566 secuisti;
573 5503 698 5555 dum
727 5503 1092 5557 celebritatem
1131 5516 1318 5572 ageres
1342 5543 1356 5566 ,
1386 5500 1678 5572 Jeremiamf
1712 5501 1761 5572 in
1791 5501 1872 5554 la-

277 5587 409 5628 enim
437 5573 734 5641 conjecisti.
763 5574 843 5627 Ad
861 5573 1055 5642 judicia
1085 5584 1138 5628 et
1171 5571 1373 5643 pugnas
1401 5573 1640 5639 improbe
1662 5571 1874 5643 jejuna-

280 5645 357 5702 sti
383 5661 395 5698 :
427 5645 478 5698 in
508 5645 728 5716 crapula
768 5658 987 5700 versans
1011 5642 1190 5701 arcani
1221 5644 1338 5699 lleli
1367 5653 1607 5714 tempore
1637 5642 1874 5714 prodidi-

1976 2615 2171 2688 sti_,_et
2198 2616 2461 2672 Joannem
2505 2618 2679 2688 capite
2711 2623 2988 2675 truucasti.
3023 2623 3078 2680 Si
3109 2625 3196 2679 tali
3232 2626 3392 2682 modo
3438 2629 3565 2683 festa

1974 2685 2219 2766 celebras
2239 2727 2273 2766 ,_
2286 2701 2382 2756 par
2412 2697 2494 2742 est
2521 2685 2585 2743 te'
2617 2689 2820 2759 lugere.
2851 2690 2960 2746 Nos
2993 2695 3308 2766 residivinas
3335 2707 3389 2751 et
3413 2700 3570 2753 mira-

1975 2755 2113 2838 biles
2138 2756 2477 2838 celebramus
2497 2797 2512 2821 ,
2547 2755 2843 2838 martyrum
2872 2765 3165 2838 certamina
3191 2806 3207 2831 ,
3241 2769 3572 2836 sepultorum

1975 2830 2248 2903 victorias,
2278 2830 2584 2903 eoru_m_qui
2609 2846 2712 2903 non
2743 2833 2970 2899 amplius
2999 2830 3248 2903 videntur
3275 2830 3428 2903 retia,
3456 2839 3569 2893 dis-

1973 2896 2268 2969 solutorum
2300 2896 2618 2952 medicinam
2649 2917 2662 2953 :
2694 2901 2744 2955 in
2769 2896 2953 2969 primis
2981 2902 3179 2960 Christi
3206 2918 3260 2961 et
3288 2908 3382 2963 Dei
3411 2896 3572 2969 inira-

1973 2965 2113 3036 cula,
2139 2982 2259 3036 qua:
2287 2977 2503 3036 pmpter
2524 2970 2753 3022 salutem
2769 2965 2952 3026 'meam
2983 2975 3142 3029 homo
3168 2976 3332 3030 lactus
3362 2965 3570 3034 edidit:

1973 3034 2169 3116 deinde
2195 3052 2320 3091 vero
2363 3034 2636 3092 servorum
2668 3039 2785 3106 ejus
2811 3055 3110 3116 :eru‘muas;
3144 3043 3399 3116 Stephani
3441 3048 3571 3116 lapi-

1973 3104 2130 3160 dibus
2181 3115 2423 3162 ornatam
2473 3104 2724 3162 coronam
2751 3149 2771 3186 ,Δ
2793 3109 3013 3186 gloriosi
3055 3104 3326 3186 Laurentii
3371 3104 3569 3186 tr0pz'ea

1973 3187 2160 3230 contra
2215 3185 2442 3232 mortem
2487 3187 2699 3242 erecta,
2746 3182 2913 3234 Annae
2958 3182 3313 3243 virginitatem
3366 3182 3570 3243 nullum

1974 3198 2160 3230 contra
2215 3198 2442 3232 ntortetn
2487 3198 2699 3242 creent,
2746 3198 2913 3234 nulla:
2958 3198 3036 3236 νυ·
3075 3198 3313 3239 Inttatem
3366 3198 3570 3243 nullum

1974 3260 2200 3338 passam
2229 3248 2654 3338 naufragiumLp
2680 3248 3018 3338 Trinitatem"
3039 3198 3319 3338 ﬁrmitatis
3362 3272 3570 3338 praeco-

1976 3332 2097 3387 nem
2130 3317 2142 3370 l
2173 3332 2206 3370 ο
2244 3317 2499 3387 reliquias
2541 3318 2836 3374 dolentium
2880 3322 3195 3378 medicinam
3223 3328 3236 3378 l
3269 3340 3303 3380 o
3331 3317 3565 3382 cinerem

1975 3385 2196 3466 fontem.
2225 3385 2769 3466 medicamentoruml
2802 3406 2834 3444 ο
2863 3392 3224 3466 (Ιοιῃυιηοωιί
3265 3397 3568 3466 pulchritu-

1973 3457 2152 3511 dinem
2183 3458 2500 3512 imitantem.
2528 3460 2633 3513 Sed
2673 3469 2726 3514 et
2756 3463 2924 3529 ipsum
2955 3457 3302 3520 inanimatam
3333 3467 3570 3525 elenteu-

1975 3536 2086 3581 ttun
2120 3529 2646 3606 mare_sine_loquela
2675 3532 2868 3584 clamat
2891 3533 2956 3586 ad
2986 3549 3098 3606 vos.
3129 3535 3415 3606 Postquam
3435 3553 3570 3593 con-

1975 3612 2164 3672 servos
2196 3599 2474 3668 redargui,
2507 3615 2608 3672 ego
2651 3615 2863 3670 qquue
2911 3604 3210 3672 prmdicabo
3257 3599 3562 3662 Dominum.

1974 3667 2089 3722 Non
2119 3685 2204 3745 me
2234 3667 2482 3745 premunt
2505 3667 2975 3745 opilicisvcstigia
2994 3715 3012 3745 _,
3050 3690 3137 3730 me
3167 3677 3329 3745 pedes
3371 3677 3569 3734 Christi

1974 3741 2328 3794 sanctilieant.
2370 3740 2579 3809 Moyses
2610 3756 2695 3795 me
2721 3740 2962 3805 discidit,
2993 3743 3080 3801 hic
3109 3740 3236 3801 vero
3261 3749 3568 3802 sanctiﬁca-

1975 3810 2050 3862 vit
2078 3827 2089 3861 :
2117 3809 2306 3864 Jonam
2338 3811 2586 3866 absorbui
2614 3852 2629 3877 ,
2665 3811 2804 3867 hunc
2846 3813 3194 3880 perhorresco
3221 3833 3234 3869 :
3277 3817 3424 3873 ilhnn
3456 3818 3568 3876 Noe

1976 3880 2512 3954 ﬂuctibusexagitavi
2539 3881 2678 3954 ,sed
2711 3898 2778 3939 ne
2823 3884 3088 3954 respicere
3131 3886 3344 3954 quidem
3397 3889 3569 3945 audeo

1975 3964 2117 4012 eum,
2149 3953 2237 4016 qui
2271 3967 2430 4004 manu
2457 3966 2551 4005 sua
2576 3952 2841 4007 hominem
2874 3952 3394 4011 l‘ormavitJPedibus
3419 3975 3568 4014 mare

1976 4020 2346 4092 sanctilieavi‘t,
2378 4022 2565 4092 carlum
2599 4022 2792 4092 throno
2822 4036 2918 4075 suo
2943 4023 3112 4092 gloria
3142 4023 3341 4092 affecit,
3369 4036 3563 4082 terram

1975 4089 2574 4172 prmsepioﬁeeoravit,
2603 4089 2864 4172 infernum
2917 4089 3363 4172 persepulturam
3412 4111 3561 4151 suam

1978 4159 2314 4214 illuminavit.
2346 4159 2462 4214 Non
2505 4177 2620 4213 sum
2667 4159 2930 4230 ingratuui
2978 4159 3184 4218 etiamsi
3216 4164 3563 4223 inanimalqu

1977 4230 2077 4284 sim
2110 4246 2124 4282 :
2169 4239 2225 4283 ut
2267 4230 2590 4286 elementum
2621 4245 2854 4300 agnosco
2898 4233 3238 4288 Conditorem
3268 4251 3281 4287 :
3313 4251 3415 4288 non
3445 4239 3565 4292 dico

1976 4315 2096 4376 cum
2119 4300 2338 4376 Judaeis,
2370 4300 2469 4354 llic
2490 4302 2769 4376 [remotiora
2799 4311 2871 4356 est
2895 4319 2925 4355 a
2953 4302 3058 4358 Deo
3086 4303 3282 4376 (Joan.
3312 4305 3364 4360 9.
3401 4308 3463 4360 l6
3499 4311 3514 4376 )
3545 4326 3562 4372 ;

1976 4372 2071 4447 sed
2117 4371 2578 4447 p_ie‘_(_:lanio,__llic
2619 4369 2760 4447 petis
2807 4389 2966 4438 meus,
3001 4385 3047 4427 et
3094 4369 3396 4447 'gloriﬁcabo
3449 4369 3564 4432 eum

1977 4440 2176 4516 (Egnati.
2210 4443 2294 4496 15.
2318 4442 2399 4516 ﬂ).
2435 4441 2721 4516 Ostendam
2761 4455 2966 4516 natura:
2997 4440 3130 4499 mea:
3174 4440 3527 4516 proprietates
3541 4490 3565 4508 ..

1976 4512 2292 4597 red-arguam
2304 4512 2701 4597 homicidarum
2724 4515 3131 4597 Iani-mos_,_ejus
3155 4512 3243 4584 qui
3260 4512 3434 4597 supra
3465 4537 3568 4597 _tue

1976 4583 2266 4636 ambulavit
2302 4583 2581 4652 imperium
2612 4583 2911 4652 publicabo.
2942 4585 3004 4639 lli
3029 4583 3271 4641 conservi
3294 4627 3309 4650 ,
3340 4583 3430 4642 ille
3464 4588 3568 4642 Do-

1978 4655 2188 4718 minus,
2217 4652 2568 4728 cujns_mctu
2627 4655 2737 4728 hos
2779 4657 3059 4728 perturba.
3105 4657 3371 4728 Dominus
3403 4672 3565 4728 supra

1977 4739 2254 4797 marenon
2286 4723 2613 4797 madefactus
2634 4724 2958 4797 ambulabat,
2988 4726 3060 4797 illi
3090 4741 3216 4781 vero
3255 4723 3566 4796 navigantes

1977 4795 2327 4849 turbabantur
2360 4811 2373 4848 :
2407 4795 2566 4848 timor
2606 4794 2964 4862 periclitantes
2993 4794 3057 4854 ad
3099 4794 3436 4851 clamandum
3466 4799 3564 4855 im,-

1977 4866 2130 4936 pulit,
2157 4864 2414 4934 benignus
2451 4873 2629 4918 autem
2664 4865 2752 4936 illi
2769 4865 2948 4936 rliderc
2969 4866 3128 4933 jussit
3153 4867 3356 4932 dicens,
3386 4866 3565 4933 Con/i-

1976 4935 2099 4998 dite,
2118 4950 2208 5005 ego
2232 4951 2365 5006 sunt,
2395 4951 2458 4988 ne
2483 4935 2697 4988 linteatis
2727 4935 2916 5004 (Marc.
2942 4938 2994 4992 6.
3022 4936 3418 5006 50).Conlidite
3442 4938 3563 4996 tidci

1976 5019 2226 5078 ancoram
2253 5005 2517 5078 habentes
2548 5023 2570 5078 εΔ
2592 5021 2698 5078 non
2727 5008 2868 5064 enim
2914 5023 3008 5060 vos
3020 5007 3350 5078 idololatria:
3375 5023 3565 5078 scopa:

1978 5076 2062 5130 lus
2089 5075 2364 5130 absorbuit
2396 5089 2410 5130 :
2439 5075 2712 5141 conﬁdite,
2745 5091 2848 5130 non
2881 5091 2975 5132 vos
3007 5076 3256 5142 Judaicus
3286 5075 3562 5136 turbati!»

1976 5145 2184 5200 sorbuit
2208 5161 2222 5208 ;
2250 5145 2529 5216 conﬁdite,
2557 5163 2662 5202 non
2697 5161 2790 5200 vos
2818 5148 3066 5202 hieretica
3098 5148 3329 5216 procella
3355 5147 3578 5202 demer-.

1977 5219 2072 5288 git.
2106 5217 2217 5285 Ego
2268 5216 2439 5270 Patris
2491 5215 2763 5280 Verbum,
2793 5217 2911 5271 sine
2959 5215 3218 5286 principio
3263 5226 3320 5271 ut
3367 5217 3575 5281 Pater,‘

1980 5287 2199 5341 iucreati
2260 5287 2507 5358 principii
2554 5303 2730 5358 ramus
2757 5328 2770 5349 ,
2799 5288 3060 5358 mundani
3100 5289 3300 5354 peccati
3344 5291 3558 5358 Agnus,

1978 5359 2188 5412 urbium
2213 5357 2468 5424 naufragii
2497 5357 2842 5425 gubernator,
2873 5357 3184 5412 orthodoxa:
3214 5359 3336 5413 lidei
3362 5360 3571 5413 thesau-

1978 5444 2092 5493 rus,
2110 5427 2347 5500 martyrii
2365 5428 3113 5500 certaminun‘rremunerator.
3136 5427 3245 5500 Ego
3260 5445 3393 5500 sunt,
3414 5429 3572 5483 nolite

1979 5503 2169 5553 timere.
2205 5497 2300 5552 Ubi
2329 5499 2471 5551 enim
2497 5500 2634 5550 Deus
2659 5497 2831 5559 adest,
2863 5497 3152 5567 periCulum
3179 5497 3459 5568 depulsum
3483 5509 3567 5553 est

1980 5587 2076 5639 per
2101 5569 2325 5637 gratiam
2370 5569 2456 5623 llei
2493 5585 2505 5621 :
2539 5569 2634 5638 ipsi
2679 5569 2846 5638 gloria
2892 5577 2948 5626 et
2975 5570 3258 5640 imperium
3290 5569 3342 5625 in
3370 5569 3563 5625 saecula

1982 5644 2320 5698 saeculorum.
2354 5641 2547 5696 Amen.
