4072 6192
2082 211 2351 271 SPURIA.

1995 541 2456 604 ADMONITIO

670 712 829 766 Putat
854 710 1084 765 Savilius
1115 711 1260 764 hunc
1289 723 1593 762 sermonem
1626 705 1852 776 alicujus
1882 703 2198 760 recentioris
2239 717 2360 757 esse
2388 701 2579 765 fetum,
2618 698 2708 770 qui
2743 705 2865 768 post
2907 693 3197 750 secundum
3222 695 3485 751 Concilium
3509 695 3711 754 Nicautum

599 803 895 872 scripserit.
927 802 1092 872 quue
1116 816 1336 871 prorsus
1358 800 1585 854 suadent
1613 813 1676 852 ea
1707 811 1825 866 qua:
1849 795 1902 849 in
1931 794 2210 848 coneionis
2239 792 2345 847 [inc
2376 793 2443 848 de
2466 790 2718 845 restituto
2748 796 3054 843 sanctarum
3082 785 3348 854 imaginum
3370 785 3492 839 cultu
3512 784 3714 858 leguntur.

600 892 670 946 At
705 892 818 948 haec
845 902 1083 947 extrema
1112 908 1236 962 pars
1267 891 1502 946 homiliaz
1530 905 1650 943 cum
1687 885 2114 959 praecedentibus
2150 901 2257 939 non
2285 887 2540 948 cohzeret,
2573 884 2647 938 ita
2677 890 2737 936 ut
2761 880 3008 935 videatur
3035 877 3098 930 ad
3135 876 3278 930 aliam
3313 879 3578 932 concionem
3602 879 3719 946 perti-

604 1003 755 1052 nere,
785 997 844 1044 ut
878 988 1073 1045 ibidem
1107 1004 1410 1046 monemus.
1455 985 1640 1042 Oratio
1669 1000 1800 1041 vero
1831 993 1940 1041 tota
1979 982 2291 1055 przecedcns
2322 981 2554 1037 oratoris
2579 987 2664 1034 est
2701 976 2791 1049 qui
2831 976 3108 1048 elegantia:
3131 975 3330 1030 studere
3354 973 3551 1039 videtur,
3574 980 3618 1026 et
3639 969 3721 1040 epi-

611 1262 3728 1306 Μ

1776 1495 1838 1539 IN
1875 1495 2301 1537 VENERANDAM
2347 1492 2624 1537 CRUCI‘ZH.

1955 1673 2198 1686 -—_

662 1779 713 1833 l.
757 1777 921 1832 Adest
955 1775 1114 1832 hodie
1142 1775 1318 1831 crucis
1345 1775 1652 1830 solemnitas
1676 1815 1690 1838 ,
1721 1775 1920 1829 chorus
1961 1770 2182 1840 angelo-

589 1863 706 1902 rum
737 1849 965 1902 exsultet
990 1863 1003 1900 :
1030 1847 1204 1902 crucis
1229 1846 1588 1916 spectaculum
1615 1845 1838 1908 accedit,
1875 1842 2179 1916 mortalium

591 1920 819 1986 populus
849 1917 1028 1971 adoret
1061 1933 1075 1969 :
1108 1912 1342 1971 divinum
1373 1918 1553 1986 crucis,
1577 1916 1857 1984 imperium
1888 1912 2174 1978 exaltatur,

593 1985 788 2056 fugiant
831 1989 1132 2040 dmmonum
1171 1997 1420 2040 catervze.
1453 1985 1560 2040 Sed
1583 2027 1600 2052 ,
1633 2003 1665 2038 ο
1694 1986 1869 2056 divina
1897 1998 2048 2056 crux,
2078 1997 2178 2056 an-

590 2052 832 2126 gelorum
878 2055 1142 2111 ineffabile
1194 2055 1552 2124 spectaculum
1578 2098 1593 2119 ,
1624 2055 1925 2109 mortalium
1969 2052 2176 2126 gloria,

591 2122 860 2197 sceptrum
883 2127 1120 2197 regium!
1144 2137 1194 2180 te
1219 2122 1413 2194 quippe
1443 2136 1709 2197 tamquam
1740 2122 2026 2179 animatain
2055 2122 2182 2176 allo-

591 2195 745 2266 quur,
786 2214 905 2267 quae
942 2195 1190 2268 gaudium
1220 2207 1273 2250 et
1299 2197 1574 2268 victoriam
1616 2195 1802 2250 salutis
1847 2202 2042 2268 nostra:
2085 2209 2178 2262 ge-

593 2264 738 2333 stas;
769 2264 862 2336 per
891 2264 1161 2322 te'clausae
1185 2267 1410 2335 paradisi
1439 2276 1602 2334 portae
1630 2281 1812 2319 rursus
1835 2264 2178 2336 aperiuntur;

594 2354 691 2407 per
713 2334 1071 2407 teimperium
1098 2334 1287 2391 mortis
1317 2335 1539 2407 fractum
1571 2345 1690 2407 est;
1735 2351 1830 2405 per
1857 2343 1910 2389 te
1941 2334 2180 2389 infernus

593 2405 1000 2476 spoliatus—est;
1034 2423 1129 2475 per
1172 2415 1224 2461 te
1264 2406 1457 2460 mortui
1489 2407 1594 2460 vita
1636 2405 1956 2475 dignantur;
1992 2420 2086 2476 per
2129 2413 2181 2460 te

595 2478 732 2532 latro
762 2479 813 2532 in
856 2479 1100 2548 paradiso
1128 2477 1351 2531 choreas
1379 2478 1488 2546 agit
1515 2487 1568 2531 et
1593 2477 1852 2548 exsultat;
1884 2490 1978 2544 per
2004 2486 2054 2548 te
2083 2489 2178 2548 co-

594 2545 1103 2617 pulantur'ctelestia
1155 2549 1382 2601 terrenis
1411 2545 1433 2611 ξ
1458 2562 1552 2616 per
1597 2558 1647 2602 te
1688 2547 1913 2617 accedit,
1941 2545 2178 2617 veritatis

593 2615 859 2687 cognitio;
889 2633 984 2687 per
1010 2628 1061 2673 te
1084 2631 1292 2671 sacrum
1327 2617 1588 2686 baptisma
1620 2616 2044 2687 regenerationis
2074 2615 2137 2668 da

597 2685 706 2741 tum
730 2698 812 2744 est
841 2705 856 2753 ;
891 2685 984 2757 per
1009 2696 1062 2742 te
1088 2688 1332 2742 remissio
1359 2685 1697 2754 peccatorum
1724 2685 2028 2740 hominibus
2049 2700 2177 2739 con-

595 2773 778 2823 cessa;
813 2774 906 2825 per
935 2767 985 2813 te
1011 2758 1211 2812 donum
1245 2757 1475 2826 Spiritus
1504 2757 1670 2811 sancti
1698 2757 2031 2826 obsignatum
2057 2765 2174 2820 est;

597 2843 695 2897 per
722 2837 774 2884 te
804 2828 1056 2882 Ecclesia:
1081 2829 1300 2897 signata:
1336 2827 1527 2881 domus
1562 2827 1654 2881 Dei
1687 2835 1970 2888 vocantur;
2009 2842 2099 2897 per
2125 2835 2179 2882 te

595 2896 824 2968 corpore
851 2907 904 2953 et
932 2896 1186 2966 sanguine
1213 2898 1406 2953 Christi
1439 2897 1697 2968 fruimur;
1743 2913 1838 2966 per
1879 2907 1930 2952 Ie
1967 2896 2059 2951 filii
2087 2897 2179 2952 Dei

596 2977 652 3022 et
681 2967 921 3023 lueredes
946 2968 1093 3038 regni
1119 2969 1369 3023 caalorum
1397 2967 1534 3022 effici
1559 2968 1866 3038 dignamur;
1903 2978 2068 3038 perite
2092 2982 2182 3022 σεε

598 3039 870 3097 lebritates
913 3047 967 3094 ct
1011 3037 1141 3093 festa
1194 3038 1557 3094 exhilarantur
1606 3037 1661 3094 et
1720 3039 1941 3106 fulgent.
1998 3037 2178 3108 Ecqua

596 3110 765 3178 possit
793 3110 966 3178 lingua
996 3123 1276 3165 recensere
1309 3121 1439 3178 quot
1465 3118 1519 3164 et
1544 3118 1736 3178 quanta
1767 3109 2009 3164 Christus
2038 3109 2179 3164 Deus

597 3181 834 3233 humano
859 3179 1041 3248 generi
1071 3195 1165 3248 per
1196 3188 1247 3234 te
1275 3179 1494 3247 largitus
1523 3180 1629 3234 sit?
1658 3180 1798 3248 Quia
1827 3194 1954 3232 vero
1982 3179 2115 3241 hzec,
2145 3195 2180 3235 ο

597 3249 750 3320 plebs
770 3259 951 3320 sancta
975 3257 1029 3304 et
1047 3249 1371 3304 celebritatis
1392 3265 1600 3314 amans,
1630 3250 1780 3304 nobis
1801 3249 2011 3320 cognita
2033 3259 2174 3313 sunt,

595 3319 824 3389 candido
853 3320 1016 3374 corde
1056 3329 1109 3374 et
1151 3335 1282 3389 puro
1319 3334 1414 3374 ore
1441 3320 1800 3374 venerandum
1830 3319 1887 3374 et
1912 3321 2178 3389 viviticum

597 3388 797 3459 lignum
843 3388 1246 3459 amplectamur,
1280 3391 1331 3444 in
1375 3405 1482 3460 quo
1522 3392 1762 3445 conlixus
1806 3400 1890 3445 est
1932 3388 2180 3447 Christus

599 3460 741 3516 Deus
769 3470 950 3515 noster
969 3501 983 3524 ,
1015 3470 1069 3515 et
1102 3475 1290 3514 manus
1313 3459 1505 3514 divinae
1531 3461 1695 3516 clavis
1727 3461 1993 3515 transﬁxa:
2019 3472 2176 3521 sunt.

597 3531 786 3601 inquo
814 3531 995 3586 lancea
1021 3531 1160 3601 latus
1185 3532 1522 3601 perforarnnt
1551 3529 1854 3596 homicidae,
1886 3541 1940 3586 et
1967 3543 2179 3587 acetum

597 3598 722 3656 felle
759 3603 983 3671 mixtum
1017 3600 1114 3671 ipsi
1146 3598 1531 3671 prapiuarunt;
1581 3609 1969 3671 praetereuntes
2001 3612 2180 3657 autem

597 3670 883 3726 movebant
906 3670 1077 3738 capita
1102 3685 1195 3725 sua
1223 3670 1458 3725 ridentes
1488 3684 1551 3725 ac
1577 3670 1852 3726 dicentes:
1882 3670 2013 3735 Vah,
2037 3672 2180 3726 Alios

595 3741 761 3814 sgittas
782 3743 916 3814 fecit,
947 3742 1164 3814 seipsum
1184 3749 1472 3814 uonpotest
1499 3740 1695 3794 salvum
1720 3740 1886 3808 facere
1906 3742 1990 3814 :si
2001 3741 2062 3814 ,Ε
2062 3743 2180 3814 ilius

603 3809 695 3882 Dei
717 3809 808 3877 esi,
832 3811 1105 3882 descendat
1120 3826 1253 3864 nunc
1273 3811 1335 3863 de
1355 3826 1523 3875 cruce,
1547 3819 1594 3864 et
1617 3814 1866 3865 credimus
1891 3812 1938 3864 ei
1963 3811 2173 3882 (Matth.

596 3880 687 3935 27.
717 3882 831 3949 49).
866 3883 990 3938 llatc
1015 3881 1358 3936 Hebrarorutu
1385 3889 1555 3935 cattus
1574 3922 1588 3945 ,
1622 3882 1857 3949 ingratus
1885 3892 1938 3934 et
1966 3880 2139 3937 ctecus
2158 3923 2176 3949 ,

597 3951 687 4020 qui
726 3951 902 4010 divina
944 3952 1179 4022 prodigia
1224 3950 1484 4022 beneficio
1525 3959 1824 4020 acceperat.
1866 3951 1972 4007 Nos
1997 3962 2176 4009 autem

596 4023 834 4093 vivificas
857 4022 1056 4079 Christi
1089 4021 1361 4093 passiones
1402 4021 1722 4084 adoremus,
1757 4024 1932 4076 crucis
1971 4024 2177 4093 suppli-

597 4091 736 4146 cium
759 4134 773 4158 ,
800 4094 1150 4161 sepulturam,
1176 4092 1473 4146 triduanam
1503 4093 1950 4147 resurrectionem
1971 4109 1998 4145 a
2028 4091 2176 4148 mor-

598 4163 736 4227 tuis;
770 4173 825 4214 ut
854 4177 956 4219 una
990 4163 1367 4216 resuscitemus
1392 4171 1448 4218 et
1475 4163 1854 4232 glorificetnur,
1887 4164 1929 4217 si
1959 4165 2179 4232 quidem

596 4234 970 4301 compatimur,
1004 4241 1061 4285 ut
1091 4232 1518 4301 prarsiguilicavit
1541 4248 1633 4286 vas
1663 4233 1938 4288 electionis
1967 4232 2178 4291 divinus

599 4299 792 4358 Paulus
821 4299 1008 4368 (Rom.
1039 4299 1099 4356 8.
1128 4301 1192 4354 17
1213 4299 1273 4371 ).“
1306 4301 1385 4354 Ad
1431 4302 1544 4356 lucc
1587 4319 1683 4358 nos
1727 4302 1884 4358 hodie
1922 4315 2180 4360 coiivocat

597 4371 933 4441 sanctissima
958 4385 1112 4433 crux,
1139 4386 1298 4441 quam
1325 4371 1660 4428 celebramus
1680 4414 1695 4439 ,
1726 4384 1779 4427 et
1806 4373 1906 4428 hos
1935 4375 2176 4429 incurru-

599 4440 814 4513 ptjhiles
853 4440 1170 4513 semperque
1215 4440 1452 4513 vivilicos
1500 4444 1650 4499 cibos
1691 4444 1938 4498 omnibus
1982 4447 2181 4513 pariter

597 4509 755 4564 offert
777 4509 1042 4576 domibus,
1069 4509 1220 4576 foris,
1253 4511 1518 4576 noctibus,
1549 4513 1754 4577 diebus,
1782 4509 2022 4577 urbibus,
2054 4515 2180 4570 soli-

600 4581 1071 4655 _tud_inibus._Eam
1102 4597 1263 4652 ergo,
1300 4598 1421 4652 qua:
1457 4592 1534 4636 tot
1571 4585 1722 4638 nobis
1752 4584 1888 4638 bona
1917 4585 2138 4655 largitur
2160 4627 2176 4651 ,

598 4651 704 4708 Leti
733 4653 1103 4726 suscipiamus,
1126 4651 1418 4726 secundum
1445 4655 1888 4726 Dominiverbnm
1912 4671 1926 4718 ;
1958 4651 2063 4709 non
2089 4655 2180 4710 tri-

598 4729 712 4779 stes
735 4723 1223 4793 sicut‘hypocritm(
1261 4723 1442 4777 Matth.
1475 4725 1527 4778 6.
1555 4725 1620 4777 16
1651 4725 1690 4792 ),
1718 4724 1810 4779 sed
1858 4725 2178 4781 hilaritatem

599 4793 759 4846 animi
781 4795 895 4848 sine
913 4793 1032 4849 fuco
1054 4793 1383 4848 exhibentes.
1403 4793 1516 4847 Non
1544 4794 1670 4848 mihi
1705 4805 1904 4850 tantum
1935 4797 2180 4852 laborau-

600 4862 739 4936 dum
755 4865 972 4936 putatis,
1001 4874 1058 4936 ut
1077 4863 1340 4936 jejunium
1363 4864 1512 4936 vobis
1539 4865 1814 4926 suadeam,
1838 4875 2092 4936 quantum
2125 4878 2180 4923 ut

599 4948 697 4987 vos
728 4932 885 4988 hodie
911 4949 940 4988 a
970 4935 1097 4988 vitio
1133 4933 1404 4987 ebrietatis
1432 4944 1668 4988 avertam
1701 4953 1714 4988 :
1743 4932 2006 5004 jejunium
2037 4940 2177 4992 enim

599 5014 653 5057 et
671 5018 733 5058 ex
754 5004 1225 5069 consuetudine,et
1247 5018 1314 5056 cx
1335 5012 1518 5056 mutuo
1535 5005 1732 5071 pudore
1753 5007 1901 5062 utulti
1924 5019 2138 5062 servant
2162 5027 2175 5062 :

599 5074 763 5129 timeo
786 5084 961 5129 autem
987 5073 1296 5146 ebrietatem
1321 5113 1336 5137 ,
1358 5089 1519 5146 quam
1547 5090 1644 5128 ceu
1671 5085 1870 5146 sortem
1896 5078 2176 5146 quamdam

600 5154 876 5214 paternam
900 5144 1008 5199 vini
1037 5153 1301 5214 amatores
1326 5144 1423 5198 sibi
1449 5145 1715 5214 pr0priam
1736 5144 1953 5200 ducunt.
1983 5149 2179 5213 Quem-

599 5213 886 5270 admodum
909 5216 1049 5269 enitn
1081 5213 1135 5280 ii,
1163 5215 1250 5286 qui
1280 5215 1345 5268 ad
1377 5215 1586 5284 loagam
1615 5217 2092 5286 peregrinationem
2121 5234 2179 5274 se

600 5295 940 5356 comparant;
973 5286 1044 5339 ita
1070 5285 1281 5354 quidam
1314 5287 1482 5342 inSani
1511 5285 1668 5340 hodie
1695 5285 1763 5341 ad
1786 5286 2019 5356 quinque
2041 5288 2176 5356 jeju-

603 5351 677 5404 nii
721 5353 1052 5425 diesmviuum
1087 5351 1295 5425 potant.
1337 5355 1466 5422 Quis
1498 5357 1566 5411 ita
1597 5371 1781 5411 amens
1805 5351 1910 5420 est,
1935 5351 2001 5411 'ut
2024 5351 2177 5414 anie-

598 5435 759 5498 quam
787 5421 977 5498 biberc
999 5421 1248 5498 incipiat,
1285 5421 1557 5482 ebriorum
1596 5427 1762 5482 instar
1801 5428 2070 5482 insaniat?
2110 5444 2177 5485 an

599 5495 812 5559 ignoras
840 5495 1188 5565 quodmventer
1211 5496 1508 5565 depositum
1533 5513 1636 5552 non
1657 5500 1865 5553 servet?
1898 5497 2096 5554 Venter
2126 5502 2177 5557 in

599 5573 784 5635 mutuo
811 5573 893 5620 est
919 5563 1349 5632 itifidelissinius,
1379 5583 1544 5635 penus
1573 5583 1674 5623 non
1706 5577 1814 5623 tuta
1851 5583 1970 5624 cum
2012 5571 2176 5626 multa

604 5632 838 5704 deposita
885 5635 1079 5709 accipit
1120 5653 1133 5690 :
1175 5632 1428 5694 damnuin
1473 5638 1733 5709 retinens,
1788 5641 2026 5715 deposita
2069 5658 2177 5700 non

2204 1658 2295 1702 66

2289 1783 2528 1823 servans.
2560 1768 2726 1830 Cave.
2759 1785 2827 1824 ne
2863 1769 2954 1824 tibi
2983 1770 3216 1824 crastina
3250 1769 3331 1825 die
3365 1772 3425 1826 ab
3461 1773 3668 1828 ebrietate
3695 1791 3757 1828 re-

2287 1854 2466 1915 verso,
2493 1855 2704 1915 83‘qu
2727 1840 3034 1915 nunc‘lect‘a
3064 1849 3210 1915 sunt,
3234 1840 3485 1915 dicantur:
3506 1841 3603 1896 Non
3620 1845 3690 1898 hoc
3702 1847 3760 1915 ῥέε

2277 1909 2487 1978 juuiunt
2525 1911 2668 1979 elegi,
2698 1911 2817 1964 dicit
2859 1909 3107 1982 Dominus
3128 1909 3297 1982 7(Isai.
3315 1912 3392 1965 58.
3422 1913 3487 1982 5).
3510 1915 3598 1967 Cur
3617 1909 3758 1969 misces

2287 1994 2372 2044 ea,
2401 1996 2520 2053 qum
2549 1997 2653 2053 non
2685 1979 2952 2053 miscenda
2980 1979 3304 2050 sunt?'quod
3324 1979 3603 2036 consortium
3623 1984 3760 2053 jejunii

2287 2064 2406 2104 cum
2450 2051 2742 2106 ebrietate?
2781 2066 2900 2120 quae
2935 2053 3344 2106 communicatio
3379 2051 3646 2106 temulentis}
3674 2070 3760 2108 cum

2290 2121 2675 2192 temperantia?
2709 2121 2832 2192 Quis
2856 2137 3133 2192 consensus
3161 2121 3325 2190 templi
3355 2121 3437 2174 Dei
3454 2139 3545 2174 cum
3565 2124 3685 2177 idolis
3704 2124 3760 2192 (2.

2287 2188 2415 2262 Cori
2459 2190 2511 2246 6.
2549 2190 2676 2260 16)?
2719 2191 3000 2262 Templum
3038 2188 3364 2262 quippe'Dei
3394 2201 3519 2257 sunt,
3548 2193 3594 2248 in
3624 2188 3766 2262 quibus

2287 2260 2518 2330 Spiritus
2550 2262 2640 2316 Dei
2673 2260 2911 2318 habitat:
2945 2260 3204 2328 templum
3231 2272 3394 2316 autem
3420 2260 3763 2328 idltiorttlttSttttl,

2286 2332 2376 2401 qui
2403 2332 2472 2386 ob
2497 2331 2767 2388 ebrietatis
2789 2331 2977 2386 sordes
3005 2332 3416 2401 intemperantiae
3438 2332 3683 2386 satietatem
3699 2334 3768 2385 ad-

2288 2402 2521 2456 mittunt.
2572 2402 2837 2458 Hodierna
2873 2401 2990 2472 dies
3017 2403 3337 2457 vestibulum
3371 2411 3446 2457 est
3472 2402 3766 2472 jejuniorutn:

2287 2472 2376 2541 qui
2407 2473 2457 2526 in
2487 2473 2749 2544 vestibulo
2773 2471 3078 2544 profanatus
3109 2481 3216 2536 est,
3245 2489 3344 2528 non
3373 2484 3445 2528 est
3468 2471 3625 2542 dignus
3640 2474 3706 2542 qui
3729 2474 3766 2524 in

2286 2552 2469 2597 sancta
2497 2543 2676 2599 intret.
2703 2543 2893 2597 Nullus
2917 2557 3101 2597 servus
3135 2545 3225 2613 qui
3257 2544 3429 2598 herum
3455 2559 3585 2597 suum
3608 2544 3769 2611 placare

2285 2613 2434 2684 velit,
2478 2614 2692 2669 inimico
2734 2613 2849 2683 ejus
2893 2624 3120 2684 patrono
3163 2623 3250 2668 aut
3287 2613 3594 2670 conciliatore
3631 2615 3768 2684 utitur.

2286 2682 2532 2738 Ebrietas
2562 2682 2837 2739 inimicitia
2864 2682 2948 2754 est
2974 2684 3026 2738 in
3058 2684 3230 2739 Deum
3263 2703 3276 2739 :
3293 2685 3530 2754 jejunium
3556 2700 3673 2746 vero,
3694 2683 3768 2754 iui-3

2287 2754 2416 2825 tium
2460 2755 2818 2825 pmnitentiae.
2852 2753 2908 2808 Si
2950 2755 3032 2808 vis
3068 2769 3203 2825 ergo
3244 2753 3770 2825 pcr'coufessionemad

2287 2823 2452 2879 Deum
2479 2834 2765 2887 revertere,
2799 2823 2927 2896 fuge,
2944 2823 3292 2896 ebrietatem,
3325 2841 3387 2882 ne
3428 2826 3509 2881 tibi
3545 2827 3771 2896 gratiorem

2286 2904 2437 2964 paret
2474 2896 2868 2966 alienationem.
2913 2895 3022 2952 Nec
3057 2896 3387 2951 sufficitsola
3417 2895 3573 2966 perse
3591 2896 3772 2966 ciborum

2285 2967 2606 3037 abstinentia
2626 2965 2696 3037 ad
2724 2965 2989 3020 laudatum
3011 2966 3277 3036 jejunium
3301 3008 3318 3026 .
3344 2964 3432 3024 sed
3455 2965 3700 3037 jejnnemus
3719 2964 3777 3033 je-

2280 3035 2434 3108 junio
2467 3036 2816 3108 acceptabili,
2846 3037 2954 3090 Deo
2982 3035 3240 3106 placenti.
3273 3035 3466 3093 Verum
3483 3037 3698 3108 jejunium
3717 3043 3778 3108 est

2285 3106 2604 3179 abstinentia
2629 3123 2659 3162 a
2688 3107 2858 3179 vitiis,
2895 3110 3247 3179 temperantia
3288 3106 3502 3179 linguae,
3528 3107 3776 3160 abstinentia

2285 3175 2354 3247 ab
2381 3177 2479 3246 ira,
2502 3177 2766 3247 separatio
2785 3192 2812 3230 a
2838 3175 3243 3246 cupiditatibus,
3265 3193 3293 3233 a
3320 3175 3602 3244 maledictis,
3627 3193 3652 3230 a
3669 3191 3780 3247 men-

2285 3246 2459 3313 dacio,
2490 3264 2517 3302 a
2549 3246 2780 3318 perjurio
2807 3247 3174 3318 {abstinentia
3202 3265 3232 3304 a
3260 3252 3414 3306 rebus
3440 3246 3694 3318 hujusmodi
3717 3261 3782 3318 re-

2285 3331 2404 3373 rum
2426 3317 2802 3389 estjejunium.
2836 3317 2892 3373 in
2916 3318 2998 3372 his
3008 3320 3276 3389 jejunium
3295 3331 3377 3378 est
3396 3323 3588 3374 bonum.
3612 3317 3782 3389 Domino

2286 3402 2408 3461 cum
2439 3388 2645 3461 deliciis
2671 3388 2908 3461 fruamur
2933 3390 2985 3442 in
3011 3387 3362 3461 meditatione
3383 3391 3675 3461 eloquion
3695 3387 3783 3461 Spi-

2286 3459 2444 3531 ritus,
2462 3470 2515 3513 et
2542 3460 2593 3514 in
2619 3459 2981 3529 assumptione
3007 3460 3260 3531 legalium
3285 3459 3590 3524 salutarium,
3606 3460 3781 3531 atquein

2285 3529 2536 3604 omnibus
2567 3545 2686 3604 qua:
2721 3527 2953 3585 animam
2987 3527 3230 3604 nostram
3253 3533 3475 3604 dirigunt
3500 3527 3784 3604 dogmatibus.

2285 3601 2329 3654 Α
2370 3601 2575 3670 jejunio
2591 3600 2752 3673 fiam
2793 3610 3011 3673 peracto
3054 3600 3324 3672 fugiamus
3349 3600 3522 3673 {quod
3560 3600 3786 3673 deprecans

2287 3669 2543 3743 propheta
2579 3669 2710 3726 dicit
2725 3687 2752 3743 7:
2782 3669 2900 3726 Non
2942 3677 3090 3743 fam_e_
3117 3669 3320 3728 'occidet
3357 3669 3582 3727 Dominus
3620 3671 3787 3743 animum

2275 3741 2409 3811 justi
2451 3741 2469 3813 (
2493 3741 2645 3795 Prov.
2679 3742 2767 3798 10.
2797 3743 2900 3810 5);
2931 3740 3004 3803 et,
3037 3740 3161 3797 Non
3192 3746 3296 3798 vidi
3309 3745 3503 3812 justum
3530 3740 3788 3813 derelictui.

2285 3826 2374 3886 nec
2397 3811 2563 3886 semen
2585 3813 2945 3886 ejus
2979 3829 3165 3886 partem
3200 3811 3382 3886 (Pscl.
3408 3814 3493 3886 56.

2284 3882 2425 3957 enim
2453 3877 2882 3957 de‘seiisilipane
2904 3877 3160 3957 loquitur,
3187 3877 3278 3957 qui
3301 3885 3496 3957 sciebat
3519 3877 3792 3957 filiosiacobi

2285 3952 2600 4026 patriarchre
2617 3951 2780 4026 panis
2793 3951 3060 4026 quatreitdi
3084 3951 3251 4010 causa
3275 3957 3326 4010 in
3341 3955 3600 4026 Egyptnm
3619 3951 3796 4026 descen-

2283 4018 2428 4098 disse
2447 4067 2461 4086 ,
2493 4023 2585 4098 sed
2612 4018 2680 4098 de
2705 4018 2964 4098 Spirituali
2991 4025 3125 4098 cibo
3147 4027 3308 4098 verba
3341 4018 3612 4098 facii-[quo
3635 4018 3797 4098 perlici-

2287 4103 2373 4147 ΙυΙ·
2411 4094 2633 4169 in_leriu_r
2663 4093 2863 4169 Ιιοιῐιο.Δ
2891 4094 2967 4149 Ne
3003 4095 3160 4169 no_his
3190 4097 3456 4169 jejmtium
3477 4093 3589 4149 illud
3611 4093 3797 4169 eveniat,

2282 4164 2422 4232 quod
2448 4164 2645 4218 .Iudzcis
2671 4164 3028 4219 comminatur
3056 4158 3208 4222 Deus
3230 4158 3402 4222 {Ecce
3425 4167 3524 4219 dies
3548 4164 3733 4223 miunt,
3750 4158 3802 4210 di-

2283 4233 2350 4286 cit
2376 4233 2645 4308 Dominus,
2675 4245 2722 4288 et
2755 4235 2991 4308 inducam
3013 4238 3200 4306 {autem
3229 4254 3383 4307 super
3408 4245 3579 4308 terrain
3604 4249 3620 4286 :
3642 4247 3723 4308 uol
3743 4232 3803 4308 Ῑίξζ

2284 4319 2411 4377 diem
2429 4306 2596 4377 punis,
2617 4297 2773 4377 neque
2795 4306 2929 4377 sitim
2953 4297 3114 4377 aq'ute,
3146 4310 3240 4363 sed
3261 4297 3445 4377 [autem
3469 4302 3683 4359 audiendi
3703 4297 3804 4377 νεξδί

2284 4370 2494 4445 Domini
2525 4370 2717 4445 (Amos
2741 4376 2794 4431 8.
2825 4376 2883 4430 11
2916 4377 2953 4445 ).
2994 4370 3163 4444 Quam
3198 4370 3322 4434 ideo
3345 4378 3539 4432 induxit
3562 4380 3712 4445 justus
3732 4370 3804 4424 Ju~

2283 4443 2408 4510 dex,
2432 4443 2555 4515 quia
2584 4447 2795 4500 videbat
2822 4443 3276 4502 cor'um’mentem
3307 4451 3360 4503 in
3390 4448 3612 4503 veritatis
3635 4444 3805 4511 dogmr

2287 4517 2428 4571 tibus
2450 4517 2667 4586 penttria
2697 4517 2864 4585 premi
2889 4557 2904 4580 ,
2935 4517 3060 4571 dum
3090 4519 3332 4574 exterior
3363 4519 3518 4574 homo
3546 4515 3725 4586 pinguis
3743 4524 3807 4564 se-

2283 4588 2512 4660 cundum
2535 4601 2749 4641 carnem
2774 4596 2934 4641 esset.
2963 4588 3191 4655 Spiritus
3217 4605 3350 4660 ergo
3373 4585 3585 4660 sanctus
3596 4599 3682 4660 vos
3703 4585 3809 4660 insc-

2284 4659 2464 4729 quenti
2512 4669 2752 4729 tempore
2799 4652 3070 4712 matutinis
3109 4669 3163 4713 et
3188 4652 3508 4729 vespertinis
3546 4656 3664 4729 cibis
3702 4652 3809 4705 laute

2286 4728 2506 4782 reliciet.
2533 4726 2702 4800 Nemo
2723 4743 2765 4800 a7
2783 4729 3042 4800 spirituali
3067 4726 3318 4784 convivio
3338 4739 3524 4800 sponte
3549 4726 3672 4800 absit
3694 4736 3810 4800 :_on_t-

2286 4812 2382 4852 nes
2412 4799 2697 4868 participes
2725 4793 2891 4852 simus
2913 4799 3120 4867 jejunii,
3153 4816 3262 4869 quo
3287 4817 3320 4856 a
3349 4793 3512 4856 coctis
3538 4793 3809 4869 cibis_ahsti-

2285 4866 2462 4922 nelur.
2501 4866 2746 4937 Quiesz
2775 4866 2986 4924 tandem
3013 4866 3203 4924 domus
3230 4887 3263 4926 a
3291 4872 3436 4925 mille
3463 4866 3771 4927 tumultibus,
3792 4875 3812 4912 tt

2286 4937 2433 4993 fumo
2460 4951 2514 4995 et
2541 4941 2729 4994 nidore
2753 4981 2767 5003 ,
2797 4941 2865 4993 ab
2892 4941 2956 4994 iis
2983 4942 3070 5008 qui
3094 4941 3514 5010 circumquaque
3541 4939 3813 5010 discurrunt.

2285 5020 2337 5064 ct
2371 5011 2537 5064 ventri
2559 5011 2708 5080 quasi
2737 5011 3022 5064 inevitabili
3045 5011 3264 5066 domino
3288 5009 3557 5080 serviunt.
3582 5009 3813 5080 Exacuircs

2285 5090 2432 5134 certe
2462 5071 2686 5136 subditis
2716 5081 2826 5134 suis
2855 5081 3052 5148 aliquid
3086 5080 3351 5135 libertatis
3394 5079 3650 5135 interdum
3675 5071 3814 5148 indul-

2284 5161 2430 5220 gent.
2467 5151 2564 5205 Det
2592 5161 2774 5206 venter
2799 5146 3055 5220 quasdam
3086 5151 3246 5205 ferias
3275 5152 3358 5206 ori
3383 5171 3398 5207 ;
3423 5153 3534 5218 det,
3556 5161 3603 5204 et
3629 5146 3816 5215 quinque

2286 5223 2492 5275 dierum
2525 5220 2761 5275 inducias
2787 5220 3062 5276 nobiscum
3087 5223 3412 5291 paciscatur,
3433 5222 3518 5287 qui
3544 5232 3732 5286 semper
3746 5230 3809 5280 ap

2287 5292 2450 5359 petit,
2479 5301 2533 5348 et
2563 5305 2849 5360 numquam
2874 5302 3076 5356 cessat;
3106 5293 3190 5362 qui
3226 5293 3392 5347 hodie
3417 5291 3640 5362 accipit,
3665 5296 3711 5342 et
3730 5296 3819 5362 cum

2285 5363 2486 5435 accepti
2517 5363 2826 5435 oliviscitur.
2871 5363 3003 5417 Cum
3048 5360 3235 5435 plenus
3274 5373 3379 5435 est,
3417 5360 3486 5416 de
3527 5360 3816 5435 temperantia

2288 5430 2720 5502 philus0phatur;
2762 5447 2886 5486 cum
2932 5430 3158 5496 vacuus,
3200 5433 3470 5488 doctrina:
3517 5430 3813 5485 obliviscitur.

2283 5501 2550 5578 Jejuuiuin
2594 5503 2812 5578 faenoris
2855 5511 3241 5578 naturatnnou
3294 5507 3481 5566 novit,
3510 5509 3817 5578 usuratn'nw

2284 5573 2396 5629 olet
2422 5589 2604 5648 mensa
2625 5574 2915 5648 jejunantis
2939 5615 2952 5637 ,
2981 5575 3235 5644 pupillum
3258 5591 3380 5648 non
3410 5573 3814 5648 opprimuntjeju-

2287 5645 2463 5702 nantis
2490 5645 2603 5716 tllii,
2627 5640 2731 5701 nec
2770 5645 2906 5701 sicut
2941 5640 3214 5717 serpentes
3253 5645 3412 5702 illum
3447 5640 3813 5713 circumplicaat.
