4072 6192
400 487 468 543 iis
489 501 737 552 annona‘,
768 494 823 542 et
853 486 1180 543 rationabilia
1209 487 1399 542 horrea
1430 487 1621 542 divinis
1645 489 1877 543 caelestis
1902 503 1988 541 sa-

401 559 617 628 pientia:
646 559 905 628 fructibus
929 559 1193 628 replevit;
1215 557 1498 613 credentes
1524 559 1743 627 spiritus
1786 560 1987 612 sancti-

401 627 508 684 tate
532 627 844 693 cumulavit,
873 636 928 682 et
955 629 1144 698 singuli
1173 627 1297 683 facti
1326 639 1451 683 sunt
1473 629 1665 683 divinae
1692 631 1987 683 sanctitatis

399 699 826 768 receptaculum.
854 698 1127 766 divinique
1152 698 1364 753 decoris
1385 698 1600 753 flumen.
1644 698 1842 753 Horum
1867 715 1986 752 om-

401 770 547 823 nium
593 769 982 838 possessionem
1031 785 1158 824 crux
1207 769 1663 833 subministravit,
1723 769 1987 838 tantisque

400 839 556 894 bonis
586 855 682 908 per
706 853 920 894 crucem
953 838 1177 894 fruimur
1207 857 1220 893 :
1252 839 1442 893 borum
1473 841 1711 894 oumium
1743 840 1984 892 notitiam

401 925 494 978 per
517 923 730 965 crucem
756 909 1095 975 accepimus,
1128 910 1242 966 hac
1268 910 1444 963 omnia
1474 925 1570 978 per
1601 911 1765 978 ipsam
1797 909 1988 962 didici-

399 995 537 1034 mus.
576 979 641 1035 Ut
660 990 840 1034 autem
867 979 1043 1034 discas
1068 982 1243 1035 crucis
1272 982 1564 1049 potentiam
1586 991 1636 1034 et
1669 979 1982 1044 efficaciam,

400 1050 709 1105 consideres
737 1050 902 1105 velim
929 1065 989 1105 ea
1009 1092 1023 1112 ,
1057 1065 1175 1120 qua:
1203 1068 1333 1105 crux
1363 1059 1578 1118 operata
1608 1059 1690 1103 est
1710 1090 1724 1111 ,
1757 1057 1812 1102 et
1839 1049 1986 1102 inve-

401 1120 515 1191 nies
543 1120 739 1175 divina:
784 1122 1062 1188 potestatis
1103 1132 1249 1187 gesta
1283 1137 1378 1191 per
1423 1121 1576 1191 illam
1594 1130 1979 1172 consommata.

397 1189 538 1245 Crux
565 1201 749 1245 contra
781 1192 941 1244 vitam
975 1191 1172 1260 ﬁgitur,
1203 1201 1257 1246 et
1284 1189 1391 1245 vita
1420 1190 1618 1244 mundo
1651 1205 1742 1258 per
1766 1205 1985 1260 crucem

397 1261 588 1314 datur:
619 1277 747 1314 crux
776 1261 842 1314 ad
875 1259 1101 1316 mortem
1143 1263 1492 1331 cxcogitatur,
1521 1270 1574 1314 et
1604 1275 1749 1313 mors
1787 1275 1883 1330 per
1921 1259 1984 1313 il-

400 1331 502 1383 lam
532 1343 740 1384 mortua
769 1331 1052 1385 exhibetur
1077 1349 1092 1383 :
1125 1347 1251 1385 crux
1281 1343 1464 1386 contra
1496 1331 1772 1384 veritatem
1819 1331 1981 1398 erigi-

397 1411 501 1464 tur,
542 1411 596 1454 et
633 1416 729 1469 per
767 1415 978 1454 crucem
1025 1403 1253 1455 tnttndus
1281 1404 1383 1456 vita
1415 1402 1684 1470 repletur:
1717 1415 1844 1454 crux
1883 1416 1982 1454 ex-

398 1481 544 1526 tensa
589 1473 685 1524 fuit
727 1480 910 1524 contra
959 1471 1269 1535 Dominum,
1321 1481 1376 1526 et
1425 1471 1679 1525 Dominus
1728 1486 1821 1538 per
1861 1486 1979 1526 eam

394 1542 644 1610 expansis
675 1541 919 1594 manibus
955 1542 1132 1594 omnia
1169 1542 1479 1610 complexus
1506 1549 1606 1596 est.
1654 1541 1898 1594 Christus
1929 1543 1978 1596 in

393 1626 552 1667 cruce
580 1611 795 1680 pendet,
820 1621 871 1665 et
891 1611 1132 1666 diabolus
1159 1613 1417 1668 occiditur
1441 1631 1453 1665 :
1483 1611 1727 1665 Christus
1749 1612 1798 1664 in
1823 1627 1981 1666 cruce

392 1684 724 1744 extenditur.
751 1689 806 1736 ct
831 1684 1039 1749 signum
1065 1683 1253 1736 salutis
1283 1681 1481 1736 mundo
1510 1682 1705 1735 datur:
1736 1683 1980 1737 Christus

391 1752 446 1806 in
470 1767 630 1807 cruce
655 1752 820 1806 clavis
841 1753 1094 1820 anigitur,
1126 1762 1180 1807 et
1205 1755 1380 1808 onmis
1402 1754 1576 1806 anima
1599 1768 1627 1804 a
1651 1753 1874 1805 vinculis
1897 1769 1981 1805 re-

391 1823 648 1877 dimitur:
676 1822 919 1878 Christus
935 1824 1086 1893 cruci
1118 1823 1371 1893 afﬁgitur,
1401 1832 1457 1877 et
1475 1824 1650 1877 omnis
1675 1833 1919 1876 creatura
1947 1837 1977 1877 a

391 1893 663 1947 servitutis
706 1892 1051 1960 corruptione
1096 1892 1394 1948 liberatur:
1435 1894 1682 1946 Christus
1726 1893 1777 1945 itt
1821 1907 1979 1947 cruce

389 1964 634 2033 quiescit,
657 1972 713 2018 et
736 1963 1030 2033 prodigium
1055 1979 1247 2017 novum
1273 1963 1471 2018 mundo
1493 1963 1828 2016 ostenditur:
1857 1978 1978 2017 nam

391 2032 483 2088 lux
527 2035 662 2089 solis
697 2032 1120 2088 obtenebratnr:
1162 2034 1302 2102 quod
1347 2034 1632 2089 incredulis
1679 2033 1977 2103 symbolum

389 2113 490 2166 est,
524 2105 644 2159 fore
665 2115 723 2159 ut
763 2105 818 2158 in
856 2105 942 2158 die
966 2105 1150 2173 judicii
1180 2106 1414 2159 tenebra:
1445 2105 1573 2174 ipsis
1602 2113 1974 2174 reserventur;

387 2175 728 2229 credentibus
755 2189 881 2229 vero
923 2174 1008 2228 lux
1056 2175 1162 2229 diei
1204 2189 1273 2230 ex
1308 2173 1544 2230 tenebris
1569 2183 1825 2242 emergat.
1867 2173 1979 2228 Hoc

385 2254 564 2298 autem
593 2245 790 2300 clamat
829 2245 1198 2314 propheticum
1230 2246 1495 2314 eloquium
1538 2245 1619 2298 his
1656 2245 1874 2299 verhis:
1911 2243 1977 2298 Et

387 2317 480 2368 erit
503 2315 556 2368 in
581 2315 670 2369 illa
695 2316 799 2381 die,
830 2313 950 2368 dicit
976 2313 1246 2374 Dominus.
1272 2313 1462 2370 occidet
1483 2315 1562 2369 sol
1588 2317 1640 2368 in
1662 2314 1898 2378 meridie,
1928 2323 1976 2368 et

383 2385 786 2440 obtcuebrabitur
815 2386 870 2439 in
907 2387 988 2439 die
1013 2387 1143 2440 lux:
1170 2396 1216 2439 et
1243 2397 1530 2440 convertam
1559 2386 1850 2456 festivitates
1889 2400 1978 2437 ve-

383 2465 517 2524 stras
558 2457 610 2509 in
651 2456 842 2509 luctum
865 2497 879 2520 ,
911 2465 959 2509 et
998 2458 1168 2510 omnia
1193 2459 1388 2510 cantica
1425 2467 1587 2510 rutra
1622 2457 1674 2508 in
1715 2456 1976 2524 planctum

387 2523 563 2596 (Amos
587 2526 641 2581 8.
665 2525 719 2579 9.
751 2525 858 2596 l0).
898 2525 1102 2590 Viden‘,
1133 2527 1346 2590 dilecte,
1374 2538 1629 2596 quantum
1661 2523 1973 2595 mysterium

384 2598 770 2667 complectatur
795 2596 1032 2651 divinum
1059 2598 1369 2652 oraculum?
1399 2598 1495 2652 llic
1522 2599 1665 2652 enim
1693 2596 1974 2650 amborum

1423 373 1491 430 IN
1529 373 1848 431 SANCTUM
1887 373 2291 432 APOSTOLUM
2330 375 2642 433 ΉΙΟΜΛΜ.

3572 376 3677 433 682

2091 502 2250 556 Opera
2279 488 2713 552 subindicantnr;
2744 485 3048 543 Judmornm
3074 500 3286 557 nempe,
3319 488 3407 556 qui
3433 487 3533 544 sub
3562 489 3676 556 lege

2090 567 2264 619 erant.
2295 569 2348 613 et
2370 561 2624 627 gentium,
2651 568 2946 629 qumdestra
2977 557 3144 629 legem
3175 558 3502 628 iniquitatem
3526 577 3682 616 exer-

2090 629 2299 699 cebant.
2327 625 2455 683 Nam
2485 629 2573 699 qui
2598 625 2887 683 secundum
2916 625 3084 697 legem
3117 625 3427 683 festivitates
3450 631 3678 686 celebra-

2091 697 2251 765 bant,
2285 699 2390 752 illis
2425 697 2682 770 absolutis
2725 699 3006 770 lugebant.
3053 707 3108 753 et
3151 699 3270 770 loco
3307 701 3676 770 canticorum,

2092 770 2358 835 planctum
2388 769 2549 824 edent
2579 784 2738 837 super
2766 768 3172 838 Jerosolymam.
3217 769 3332 824 Non
3363 771 3503 824 enim
3542 768 3680 828 ultra

2089 837 2386 894 Jerusalem
2419 842 2616 893 cultum
2644 855 2797 892 suum
2824 837 3128 903 exercebit,
3158 855 3331 909 neque
3362 840 3467 894 ulla
3497 840 3565 894 ibi
3600 841 3683 895 fe-

2091 911 2298 963 stivitas
2339 910 2726 973 celebrabitur;
2777 911 2898 978 quia
2941 920 3054 977 post
3101 909 3300 964 Christi
3346 912 3674 975 adventum,

2090 980 2392 1101 passionem
2425 991 2478 1033 et
2515 981 2867 1034 mconomiam
2914 980 3090 1033 omnia
3133 982 3288 1034 linem
3330 993 3680 1048 acceperunt.

2114 1050 2215 1101 deo
2246 1052 2407 1101 igitur
2432 1051 2631 1101 inquit.
2662 1051 2956 1101 (Ionvertam
2987 1050 3274 1101 festivitates
3299 1063 3485 1101 uestras
3511 1055 3564 1101 in
3591 1054 3640 1101 lu
3665 1082 3676 1093 ο

2114 1050 2215 1104 deo
2246 1052 2407 1119 igitur
2432 1051 2631 1119 inquit,
2662 1051 2956 1103 Convertam
2985 1050 3274 1114 festivitates
3299 1063 3485 1105 vestras
3511 1055 3564 1109 in
3591 1054 3640 1105 lu
3665 1082 3676 1093 ε

2089 1131 2258 1183 ctum,
2291 1131 2335 1174 et
2366 1124 2535 1174 omnia
2573 1125 2766 1174 cantica
2806 1130 2969 1173 vestra
2998 1121 3047 1172 in
3089 1122 3385 1187 planctum;
3429 1138 3494 1174 eo
3532 1121 3678 1191 quod

2089 1191 2186 1262 ipsi
2216 1192 2470 1260 legalibus
2497 1192 2598 1244 illis
2623 1191 2832 1259 privati,
2865 1190 2914 1243 in
2939 1191 3248 1262 servitutem
3275 1192 3522 1262 omnibus
3543 1190 3672 1262 geu-

2091 1261 2231 1315 tibus
2259 1262 2431 1314 traditi
2464 1262 2590 1326 sint,
2619 1262 2741 1330 quia
2774 1277 2877 1313 non
2901 1261 3242 1315 crediderunt
3271 1261 3464 1315 divina:
3485 1261 3672 1318 etstu-

2088 1332 2278 1400 pendzc
2305 1333 2480 1385 crucis
2505 1330 3191 1402 przrdicationi.Lugebunt
3217 1332 3376 1387 etiam
3400 1342 3585 1402 gentes
3606 1336 3676 1386 ob

2088 1413 2303 1472 peccata
2333 1417 2425 1455 sua
2444 1444 2458 1464 ,
2489 1405 2630 1456 luctu
2658 1403 2744 1471 qui
2775 1401 3150 1455 beatitudinem
3176 1403 3380 1472 pariat:
3410 1401 3537 1456 lnam
3562 1405 3632 1456 ait
3658 1423 3670 1457 :

2086 1471 2230 1525 Beati
2264 1476 2348 1540 qui
2383 1474 2550 1542 lugent
2571 1514 2586 1536 ,
2617 1474 2856 1541 quoniam
2894 1472 2989 1539 ipsi
3019 1473 3410 1526 consolabuntur
3441 1475 3458 1537 (
3483 1473 3672 1530 Matth.

2086 1543 2138 1596 5.
2173 1545 2250 1609 4).
2279 1542 2557 1612 Lugebunt
2589 1543 2765 1610 itaque
2791 1543 2859 1596 ob
2888 1557 3050 1595 vanas
3079 1559 3203 1596 suas
3244 1542 3557 1597 festivitates
3576 1584 3591 1607 ,
3619 1556 3674 1598 ct

2086 1613 2285 1666 nefaria
2316 1614 2516 1666 cantica
2541 1655 2554 1674 ,
2604 1629 2721 1680 quae
2763 1613 2983 1680 impuris
3027 1612 3361 1666 dzcntonibus
3404 1613 3673 1682 perSoivo-

2085 1683 2230 1736 bant.
2264 1684 2538 1749 Perpende
2574 1695 2748 1737 autem
2778 1683 2934 1736 hodie
2961 1682 3231 1751 quomodo
3259 1684 3470 1748 gentilis
3501 1683 3670 1750 pteni-

2086 1753 2304 1807 tentiam
2333 1768 2530 1821 agens,
2565 1753 2652 1821 qui
2687 1753 2831 1820 prius
2871 1751 3024 1805 idolis
3055 1751 3186 1806 festa
3228 1751 3562 1815 celebrabat,
3592 1755 3669 1807 fe-

2083 1834 2223 1877 stum
2256 1824 2306 1876 in
2340 1823 2541 1876 luctmn
2571 1831 2882 1888 convertat,
2915 1822 3052 1876 male
3082 1821 3341 1876 factorum
3377 1823 3670 1891 prmitcus,

2083 1903 2138 1946 ct
2165 1908 2284 1947 cum
2330 1894 2472 1948 luctu
2523 1893 2887 1961 propheticum
2932 1892 3055 1946 illud
3100 1893 3298 1947 dictum
3347 1894 3668 1961 proferens:

2089 1962 2382 2017 Erravimus
2405 1965 2458 2017 iu
2483 1963 2794 2032 turpitudine
2815 1975 2987 2016 nostra
3006 2004 3020 2028 ,
3050 1971 3098 2016 et
3118 1973 3419 2031 operuerunt
3440 1979 3531 2016 nos
3559 1979 3673 2033 pec-

2082 2046 2196 2087 cata
2231 2044 2404 2104 nostra
2424 2075 2439 2097 ,
2479 2035 2599 2103 quia
2626 2035 2803 2104 repleti
2836 2050 3013 2086 sumus
3043 2034 3298 2102 impietate
3327 2044 3512 2104 nostra
3537 2033 3670 2104 μετ’.

2082 2104 2134 2159 3.
2162 2104 2254 2173 25)
2281 2124 2293 2156 :
2335 2102 2583 2174 Nouimus
2621 2102 2905 2172 iniquitates
2935 2113 3133 2172 patrum
3177 2114 3463 2174 nostrorum
3493 2102 3671 2174 (Ibid.

2083 2176 2168 2229 H.
2193 2171 2307 2244 20).
2330 2173 2420 2230 Sic
2439 2185 2492 2228 et
2511 2189 2608 2228 nos
2631 2171 2794 2243 probe
2811 2175 3048 2244 lugentes
3068 2183 3120 2228 et
3142 2173 3415 2242 plorantes
3433 2171 3674 2228 demalis

2082 2258 2239 2312 Supra
2287 2244 2601 2310 descriptis.
2651 2260 2863 2298 crucem
2913 2244 3353 2310 complectamur,
3407 2244 3458 2296 iu
3511 2259 3671 2299 cruce

2081 2329 2229 2383 Spem
2250 2315 2528 2380 habentes,
2554 2323 2608 2368 ut
2628 2329 2719 2379 per
2737 2328 2951 2368 crucem
2971 2313 3185 2374 eruditi,
3212 2313 3263 2366 iu
3285 2312 3475 2383 cadum
3493 2318 3672 2367 animo

2081 2381 2396 2446 téndentes.
2437 2395 2490 2439 et
2518 2384 2583 2438 ad
2624 2384 2896 2438 Christum
2928 2383 3268 2438 Servatorem
3310 2381 3668 2447 accedentes.

2077 2457 2227 2524 juxta
2275 2455 2437 2510 Deum
2480 2455 2532 2508 in
2573 2454 3012 2523 regnormlorum
3055 2453 3224 2524 locari
3259 2467 3585 2524 mereamur,
3617 2457 3669 2508 in

2081 2523 2198 2592 ipso
2233 2525 2446 2580 Christo
2477 2526 2700 2579 Domino
2743 2532 2949 2589 nostro,
2979 2526 3064 2577 cui
3093 2523 3260 2594 gloria
3303 2533 3359 2578 et
3385 2523 3669 2594 imperium

2083 2595 2136 2648 in
2163 2596 2358 2650 swcula
2387 2597 2728 2650 szcculorum.
2757 2597 2951 2649 Amen.

1605 2867 2478 2979 MONITUM

1318 3060 1400 3122 IN
1445 3057 1889 3121 SERMONEM
1927 3058 2030 3118 DE
2074 3055 2388 3118 SANCTO
2420 3053 2732 3118 THOMA.

454 3208 551 3263 llic
580 3207 758 3263 nimia:
786 3204 1124 3277 loquacitatis
1154 3204 1434 3262 Graeculus
1465 3203 1670 3277 statim“
1682 3217 1742 3277 se
1787 3201 1966 3277 prodit

381 3294 413 3332 a
456 3279 826 3350 Chrysostomi
860 3273 1129 3347 elegantia
1154 3317 1168 3336 .
1201 3278 1507 3350 inventione
1529 3315 1542 3336 ,
1577 3274 1778 3328 salibus
1813 3273 1969 3350 longe

380 3344 633 3404 alienum.
669 3347 921 3418 llliusque
944 3344 1248 3401 sermonem
1283 3347 1424 3418 typis
1449 3346 1576 3418 dare
1601 3359 1688 3418 _ne
1737 3344 1970 3418 cogitas-

380 3434 564 3475 semus
583 3419 818 3487 quidem.
837 3413 950 3471 'nisi
978 3419 1089 3485 jam
1119 3417 1257 3470 inter
1282 3413 1816 3487 s'p'uriapublicassct
1839 3413 1972 3487 Heu-

382 3491 523 3544 ricus
547 3483 798 3544 smnus.
819 3487 944 3543 llaec
972 3483 1132 3558 porro
1153 3483 1327 3542 oratio
1367 3485 1595 3540 subinde
1637 3499 1669 3538 a
1713 3483 1973 3539 Grznculis

2074 3200 2368 3271 nugacibus
2397 3209 2557 3273 aucta
2581 3208 2634 3254 et
2662 3207 2946 3273 retractata
2975 3198 3094 3273 fuit.
3128 3199 3362 3273 Indeque
3387 3203 3578 3260 accidit
3610 3216 3665 3261 ttt

2074 3269 2422 3338 tnainuscripti
2450 3269 2676 3325 Codices
2703 3270 2842 3324 inter
2870 3285 2930 3325 se
2950 3270 3232 3336 dilferant,
3276 3269 3398 3328 aliis
3445 3275 3657 3331 brevio.

2075 3358 2211 3403 rem,
2241 3341 2360 3395 aliis
2389 3342 2683 3410 longiorem
2712 3340 2985 3394 homiliam
3019 3339 3394 3397 referentibus.
3427 3342 3573 3398 Illam
3608 3356 3665 3400 ut

2075 3411 2302 3466 Savilius
2325 3410 2472 3464 dedit
2497 3411 2708 3464 edimus
2731 3452 2744 3470 .
2775 3411 2982 3480 aliquot
3006 3412 3058 3465 in
3085 3412 3216 3468 locis
3251 3413 3319 3468 ad
3359 3413 3519 3469 [idem
3559 3415 3658 3470 lla-

2077 3483 2333 3552 nuscripti
2369 3481 2518 3551 liegii
2544 3481 2887 3552 castigatam.

400 3613 3651 3638 ————-———————————————————-—————'

1463 3711 1527 3754 ιι(
1571 3709 1866 3754 εληοτσιί
1911 3703 2280 3752 Ανοετοιωι
2326 3701 2625 3746 τηοΜΑιι.

458 3967 508 4038 l.
538 3967 704 4021 Venio
729 3969 745 3999 ¹
774 3967 1011 4022 debitum
1062 3967 1216 4038 vobis
1258 3965 1605 4038 redditurus,
1647 3958 1955 4038 carissimi:

383 4037 619 4090 debitum
651 4039 791 4106 quod
841 4047 897 4092 et
943 4052 1029 4092 me
1079 4037 1391 4090 reddentem
1431 4033 1654 4106 ditabit,
1703 4041 1758 4085 et
1809 4029 1962 4106 vobis

384 4099 764 4176 recipientibus
791 4108 916 4162 utile
943 4109 1062 4162 erit.
1097 4107 1292 4160 Adsum
1315 4121 1497 4176 rursus
1521 4103 1782 4176 Thomam
1813 4099 1960 4176 cele-

382 4171 668 4242 braturus,
699 4178 1082 4250 initio_ttuidem
1130 4192 1234 4232 nou
1280 4171 1964 4250 credentemucl'risu-te-

379 4250 805 4312 stirrectioneui;
833 4245 1028 4303 deinde
1047 4259 1194 4313 vero,
1218 4255 1494 4316 postquam
1525 4245 1654 4296 vidit
1678 4253 1736 4316 et
1763 4245 1959 4308 tetigit,

379 4317 598 4373 Christo
617 4317 924 4372 credentem
946 4360 960 4378 ,
993 4333 1055 4371 ac
1085 4313 1369 4372 Dominum
1393 4317 1563 4383 ipsum
1591 4324 1644 4368 et
1677 4313 1840 4383 Deam
1871 4323 1964 4362 vo-

377 4397 612 4441 cantem.
645 4389 892 4442 Animum
917 4403 1044 4455 ergo
1071 4387 1320 4442 adhibete
1365 4381 1526 4447 mihi,
1569 4399 1718 4453 rogo.
1765 4381 1963 4455 Preca-

379 4458 513 4510 rniui
539 4456 821 4522 Thomam,
858 4468 912 4512 ut
935 4452 1171 4511 sanctam
1201 4457 1480 4512 dexteram
1509 4452 1660 4508 suam
1683 4469 1800 4522 quze
1830 4452 1964 4504 latus

380 4526 592 4581 Domini
635 4521 1041 4602 tetigit,_l_a_biis
1089 4528 1222 4582 meis
1267 4529 1577 4602 imponens,
1620 4521 1966 4602 vitti_lingtt:e

378 4612 517 4652 mea:
545 4593 784 4651 conferat
811 4593 877 4651 ad
900 4598 988 4652 illa
1019 4598 1312 4652 enarranda
1344 4593 1461 4664 quae
1491 4611 1585 4650 vos
1611 4593 1961 4664 desideratis:

377 4668 619 4749 viliaque
641 4669 802 4749 verba
835 4684 950 4722 mea
979 4669 1261 4749 tranquilla
1287 4661 1469 4749 animo
1501 4666 1634 4719 ferte
1657 4705 1673 4729 ,
1706 4675 1762 4717 ut
1790 4661 1963 4749 modi-

378 4752 500 4807 cam
530 4735 654 4792 inde
684 4739 963 4792 utilitatem
992 4735 1312 4807 decerpatis.
1345 4735 1476 4790 Cum
1506 4745 1748 4790 servator
1787 4741 1968 4787 uoster

381 4805 579 4862 inferni
610 4817 851 4863 ventrem
881 4811 1056 4862 omnia
1083 4805 1428 4863 devorantem
1479 4807 1822 4861 dissecuissct
1842 4843 1857 4868 ,
1904 4815 1966 4855 ac

378 4877 773 4948 primogenitus
795 4889 1126 4933 mortuorum
1151 4880 1370 4933 effectus
1397 4887 1540 4933 esset
1557 4918 1572 4942 ν
1606 4889 1804 4946 ρεταινεδ
1825 4874 1967 4948 Ξ¹ἓ¹υ⁶

377 4942 470 5003 sas
489 4942 678 5017 jariuas
709 4949 978 5019 ingressus
1003 4960 1144 5004 esset
1183 4950 1248 5003 ad
1291 4949 1579 5018 discipulos
1607 4942 1743 5000 suos
1765 4987 1783 5019 ,_
1823 4942 1967 5019 Tho-

375 5014 504 5091 grai
517 5059 544 5091 ,_
561 5020 645 5091 qui
671 5014 860 5091 dicitur
889 5018 1171 5091 Didymus,
1203 5037 1300 5073 non
1327 5014 1440 5072 erat
1471 5035 1584 5071 cum
1623 5020 1693 5091 eis
1733 5087 1742 5091 _
1806 5014 1964 5069 Joan.

378 5087 475 5158 20.
518 5089 648 5158 24).
693 5090 890 5158 Papae,
927 5087 1180 5158 quantum
1229 5091 1572 5144 miraculum!
1627 5087 1970 5142 Desideratus

374 5157 552 5211 adfuit
576 5157 686 5231 ,et
708 5157 796 5231 qui
823 5157 1161 5214 desiderabat
1189 5176 1292 5214 non
1323 5161 1506 5214 adt-rat
1535 5176 1547 5212 :
1578 5160 1747 5213 bonus
1789 5165 1970 5226 pastor

376 5243 598 5298 gregem
626 5230 757 5300 adiit
775 5239 876 5300 ,et
903 5232 1020 5287 ovis
1047 5239 1195 5284 extra
1223 5245 1438 5300 gregem
1459 5272 1472 5292 ,
1512 5231 1616 5282 imo
1646 5237 1794 5282 extra
1838 5242 1968 5300 cau-

379 5304 488 5351 tam
512 5299 729 5370 errabat
760 5318 774 5354 :
803 5299 915 5354 Rex
943 5303 1194 5356 caolorum
1229 5298 1463 5370 praiseus
1484 5300 1718 5364 advenit,
1743 5308 1796 5351 et
1818 5298 1970 5351 miles

379 5369 842 5451 procul-auirio!)
868 5372 1104 5451 exercitu
1135 5374 1468 5451 versabatur:
1503 5371 1631 5424 Erat
1662 5383 1791 5451 vero
1834 5369 1970 5451 forte

379 5439 516 5493 illud
544 5439 740 5494 divina:
764 5440 1202 5512 dispensationis
1253 5442 1604 5512 mysterium,
1651 5439 1793 5512 quod
1846 5449 1971 5493 tunc

379 5512 735 5582 riouadesset
761 5509 1016 5565 Thomas.
1048 5512 1179 5566 Nam
1215 5513 1259 5566 si
1310 5509 1548 5582 pnescus
1589 5511 1830 5582 fuisset,
1865 5523 1969 5564 non

377 5578 719 5653 dubitasset;
750 5583 794 5636 si
829 5597 932 5636 non
962 5584 1289 5648 dubitasset,
1312 5578 1422 5636 non
1456 5582 1712 5653 tetigisset
1730 5581 1833 5653 ;__si
1867 5595 1971 5633 non

383 5650 686 5718 tetigisset,
717 5668 822 5706 non
853 5653 921 5706 ita
949 5653 1262 5709 credidisset
1287 5670 1301 5720 ;
1343 5656 1384 5708 si
1415 5668 1517 5708 non
1542 5650 1612 5707 ita
1634 5651 1969 5714 credidiSset,

391 5783 576 5895 “insi?
589 5790 860 5898 ἴεέἑυροιιε
884 5800 1073 5839 omnes.
1115 5787 1254 5839 Savil.
1289 5791 1358 5842 sic
1383 5790 1569 5854 incipit,
1600 5788 1883 5842 Benedictus
1906 5788 1968 5842 sit

2072 3967 2193 4026 non
2211 3965 2308 4026 nos
2352 3950 2694 4026 itaAcredere
2737 3950 3255 4026 docuisset._ltaque
3293 3953 3539 4026 discipull
3583 3959 3663 4012 in-

2070 4021 2358 4076 credulitas
2378 4061 2393 4083 ,
2427 4020 2546 4075 fidei
2577 4031 2774 4075 nostra!
2800 4033 2970 4077 mater
2995 4020 3182 4077 effecta
3212 4033 3311 4078 cst.
3349 4020 3471 4079 Ideo
3508 4043 3660 4082 nam-

2072 4108 2176 4162 que
2202 4106 2302 4144 nos
2329 4090 2600 4162 Christum
2627 4129 2648 4162 ._
2674 4105 2830 4160 quem
2864 4107 2968 4162 non
3011 4093 3254 4148 videmus
3273 4134 3288 4158 ,
3331 4095 3617 4151 adoramus
3640 4138 3657 4162 ,

2070 4159 2194 4232 quia
2224 4162 2311 4214 ille
2332 4160 2464 4236 vidit
2487 4168 2542 4236 et
2585 4159 2829 4214 adoravit
2858 4179 2870 4213 :
2900 4161 3040 4236 ideo,
3064 4165 3185 4236 licet
3222 4179 3331 4236 non
3382 4159 3659 4236 tangamus

2069 4229 2191 4305 eum
2214 4271 2230 4296 ,
2263 4229 2523 4305 qtti__latigi
2553 4245 2656 4305 non
2685 4240 2878 4299 potest.
2910 4233 3125 4304 hymnis
3153 4229 3504 4298 celebramus:
3534 4239 3657 4305 quia

2071 4303 2160 4356 ille
2189 4300 2416 4370 propriis
2445 4302 2690 4355 manibus
2719 4300 3010 4356 attrectaits
3050 4305 3327 4359 Dominum
3369 4300 3659 4362 Celebravil

2071 4372 2268 4446 dicens
2332 4369 2581 4446 Dominus
2609 4388 2788 4446 meus”,
2816 4383 2863 4446 et
2893 4372 3030 4446 Deus
3058 4392 3199 4446 iurgia
3227 4374 3415 4446 (Joan.
3448 4376 3537 4432 20.
3565 4378 3656 4434 28.

2067 4441 2201 4510 25).
2239 4441 2492 4495 Dicebant
2518 4443 2778 4516 ergo_al_ii
2823 4444 3068 4516 discipuli
3117 4441 3378 4506 Tltotnte,
3429 4448 3518 4515 qui
3565 4465 3657 4516 po-

2070 4521 2271 4566 stremo
2322 4521 2585 4566 venerat:
2631 4511 2858 4565 Vidimus
2906 4511 3212 4580 Dominum;
3267 4511 3497 4570 vidimus
3535 4511 3656 4572 eum

2070 4582 2160 4650 qui
2192 4582 2368 4658 dixit:
2403 4581 2525 4635 Post
2553 4583 3126 4658 t_riduum_res_urgami(
3156 4585 3340 4658 Matth.
3364 4585 3454 4640 2?.
3503 4586 3614 4658 63)
3640 4606 3653 4651 ;

2070 4661 2126 4706 et
2153 4667 2216 4706 ex
2241 4666 2304 4723 re
2328 4653 2436 4723 ipsa
2463 4653 2737 4723 veritatem
2760 4654 2887 4708 dicti
2910 4653 3398 4723 deprehendimus;
3428 4653 3658 4712 vidimus

2073 4736 2196 4794 eum
2219 4722 2650 4794 quiidixitsﬁgo
2674 4739 2787 4776 sum
2821 4722 3116 4778 resurrectio
3147 4735 3194 4778 et
3239 4727 3420 4780 veritas
3467 4737 3514 4780 et
3558 4729 3658 4781 rita

2073 4790 2274 4862 (Joau.
2307 4793 2396 4846 11.
2423 4791 2495 4847 25
2518 4792 2538 4862 )
2563 4790 2673 4856 {ac
2703 4795 3152 4850 resurrectionem
3181 4806 3235 4850 et
3277 4798 3554 4850 veritatem
3606 4808 3656 4852 et

2072 4863 2233 4936 eitum
2261 4877 2324 4915 ex
2355 4863 2457 4936 vita
2488 4863 2848 4936 accepimus;
2897 4865 3127 4920 vidimus
3173 4882 3294 4919 eum
3342 4867 3430 4936 qui
3479 4867 3654 4922 dixit:

2075 4935 2383 5007 Potestatem
2410 4933 2568 4987 Imbro
2596 4936 2813 5007 ponendi
2839 4935 3061 5007 animum
3081 4953 3262 5002 meam,
3287 4947 3335 4990 et
3362 4933 3658 5007 potestatem

2074 5004 2234 5077 habeo
2259 5005 2435 5077 iterum
2462 5005 2692 5077 sumendi
2721 5022 2829 5059 eam
2861 5005 3033 5077 (Ibid.
3063 5007 3150 5062 10.
3183 5007 3286 5075 18)
3318 5024 3331 5060 :
3359 5004 3412 5061 et
3455 5023 3513 5062 re
3560 5023 3654 5077 po-

2076 5075 2295 5148 tentiam
2325 5074 2440 5148 ejus
2466 5075 2671 5148 experti
2712 5093 2933 5148 sumus.
2969 5076 3099 5130 Nam
3149 5074 3370 5148 repente
3407 5074 3661 5134 Servatur

2074 5144 2491 5211 adstitatnobis,
2539 5145 2876 5199 domuncula:
2919 5147 3110 5216 jannas
3151 5144 3258 5201 non
3304 5147 3656 5204 discindens:

2077 5227 2178 5267 nOs
2205 5230 2332 5288 vero
2363 5216 2726 5284 inexspectato
2752 5216 2979 5270 adventu
3001 5258 3013 5280 ,
3047 5227 3102 5288 ut
3127 5232 3220 5286 par
3245 5227 3378 5281 erat,
3405 5221 3656 5288 perculsi,

2077 5299 2268 5337 novam
2301 5287 2572 5353 ingressus
2599 5288 2860 5353 rationem
2893 5287 3069 5340 mirati
3100 5302 3307 5343 sumus.
3342 5287 3660 5346 Audivimtts

2075 5369 2198 5428 eum
2239 5352 2501 5428 dicentem
2523 5395 2538 5419 ,
2562 5352 2698 5428 ΔΡιιιις
2736 5358 2870 5428 vobis
2901 5359 2920 5424 (
2940 5356 3070 5410 Ibid.
3098 5357 3187 5412 20.
3211 5358 3276 5412 2|
3305 5360 3345 5428 ),
3417 5374 3471 5418 οι
3519 5380 3655 5418 mm.

2078 5425 2219 5494 roris
2244 5423 2531 5492 procellam
2562 5425 2612 5477 in
2641 5425 2840 5481 lzetitite
2888 5423 3323 5494 tranquillitatem
3375 5435 3654 5486 vertimus.

2079 5493 2470 5569 Vidimusejus
2488 5510 2676 5549 manus
2693 5535 2709 5560 ,
2741 5497 2792 5549 iu
2821 5498 3010 5569 quibus
3030 5493 3221 5552 acutos
3244 5499 3422 5555 clavos
3445 5516 3662 5569 rect-pe-

2079 5574 2192 5627 rat,
2239 5571 2294 5618 et
2332 5564 2607 5640 hominum
2657 5564 2874 5634 peccata
2921 5566 3239 5640 deleverat:
3272 5569 3500 5624 vidimus
3545 5564 3661 5640 ejus

2080 5648 2268 5687 manus
2288 5674 2302 5697 ,
2334 5636 2524 5703 quibus
2553 5647 2780 5690 mortem
2811 5638 3088 5701 contrivit,
3120 5647 3171 5692 ct
3208 5636 3658 5697 resurrectionem

2077 5705 2331 5778 omnibus
2363 5707 2666 5778 hominibus
2703 5710 2954 5777 peperit:
3008 5709 3236 5762 vidimus
3281 5710 3396 5778 ejus
3451 5725 3664 5767 sacrum

2083 5775 2219 5828 latus
2250 5789 2346 5844 pro
2375 5775 2878 5851 nobis_confossum
2906 5823 2918 5842 ,
2969 5779 3109 5848 quod
3155 5788 3210 5851 et
3253 5775 3567 5851 sanguinem
3612 5794 3665 5835 ct

2078 5859 2270 5915 aquam
2298 5846 2512 5919 emisit,
2535 5846 2668 5905 duos
2693 5851 2880 5906 salutis
2922 5846 3118 5906 nostra:
3168 5846 3376 5906 fontes:
3422 5849 3655 5904 insufﬂa-
