4072 6192
406 390 510 447 683

405 512 599 564 tionem
627 520 838 576 quoque
863 505 1093 559 divinam
1122 517 1190 559 ex
1216 518 1311 559 ore
1333 502 1451 576 eius
1471 504 1790 573 accepimus,
1826 504 1984 560 insuf-

404 573 673 634 llationem
719 573 1048 646 spiritualent
1075 616 1102 646 ,ί
1142 590 1259 644 quae
1297 573 1520 643 gratiam
1566 590 1780 628 omnem
1824 577 1983 629 mini-

400 650 623 704 strabat.
666 649 707 701 A
742 645 965 700 botnino
1012 645 1237 698 ordinati
1289 658 1502 707 sumus,
1557 653 1615 697 ut
1666 655 1981 712 potestatem

404 720 698 774 habeamus
724 714 1024 771 dimittendi
1059 724 1308 784 peccata;
1352 723 1401 769 et
1439 714 1711 782 jttdicandi
1765 726 1981 784 peccata

401 790 706 844 facultatem
739 786 1077 854 accepimus,
1110 784 1209 838 hoc
1234 785 1376 839 dicto
1418 799 1516 839 nos
1560 785 1625 837 ad
1680 785 1731 838 id
1780 788 1979 840 consti-

401 868 582 915 tuente
616 875 628 911 :
662 859 892 925 Quorum
915 855 1202 909 remiseritis
1231 864 1433 919 peccata
1453 896 1468 917 ,
1502 855 1827 908 remittuntur
1869 857 1938 909 eis
1961 896 1976 920 ,

400 941 448 983 et
475 946 691 1001 quorum
717 926 1043 1001 retinueritis,
1072 934 1262 1001 retenta
1284 934 1419 1001 sunt.
1437 925 1653 1001 Talibus
1678 925 1980 1001 Servaloris

397 995 556 1055 diciis
581 1015 702 1053 cum
733 997 927 1067 gaudio
949 996 1200 1067 acceptis,
1220 995 1365 1067 italia
1388 996 1527 1067 nacti
1564 1010 1757 1067 sumus
1785 996 1927 1067 dona
1959 1015 1974 1052 :

400 1088 503 1127 non
531 1071 671 1124 enim
703 1066 1007 1136 peieramus
1037 1079 1066 1118 a
1100 1066 1186 1120 tali
1219 1066 1445 1119 Domino
1476 1066 1596 1126 frui,
1625 1068 1742 1121 sine
1764 1066 1979 1121 divitia-

397 1156 512 1194 rum
542 1136 849 1194 acet-ssione
872 1178 887 1199 ,
911 1151 940 1190 a
974 1136 1063 1189 tali
1089 1136 1310 1191 Domino
1333 1136 1556 1198 collata;
1586 1143 1639 1189 tu
1662 1152 1788 1191 vero
1830 1139 1976 1193 solus

397 1226 597 1281 pauper
614 1208 865 1281 mansisti
887 1247 917 1281 ,_
932 1208 1018 1281 qui
1051 1222 1155 1281 non
1180 1205 1390 1281 aderas.
1419 1206 1717 1281 Statimque
1743 1206 1976 1262 Thomas

397 1275 672 1349 respondit
721 1277 865 1331 illis:
899 1275 1155 1349 Vcs_soli
1204 1275 1762 1349 Dotninum__vidistis;
1805 1292 1975 1349 egone

393 1344 540 1407 solus
570 1349 818 1418 indignus
846 1361 963 1401 sum
991 1346 1109 1415 ejus
1134 1345 1467 1418 conspectu?
1494 1344 1681 1418 Nonne
1718 1356 1776 1418 ut
1801 1348 1972 1402 vocati

389 1423 522 1476 estis
547 1462 560 1483 .
608 1428 663 1475 et
691 1416 794 1487 ego
834 1429 1052 1472 vocatus
1088 1416 1355 1487 sumtet
1406 1425 1464 1470 ut
1507 1416 1751 1471 honorati
1801 1418 1969 1482 estis,

389 1508 489 1561 ego
538 1486 831 1545 honoratus
862 1502 999 1561 sum
1051 1486 1119 1542 ab
1164 1486 1295 1541 illo?
1347 1496 1652 1561 n0nne_u_t_
1686 1488 1968 1561 v_os_vidi-

389 1557 487 1617 stis
535 1562 681 1617 illum
729 1557 1047 1613 crucifixum
1073 1597 1087 1622 ,
1128 1572 1227 1626 ego
1265 1571 1475 1626 quoque
1513 1557 1658 1612 vidi?
1689 1557 1968 1613 Vobiscum

392 1633 560 1686 tristia
589 1631 724 1694 vidi,
754 1630 877 1682 volo
901 1629 1063 1682 etiam
1095 1629 1211 1680 laeta
1241 1628 1470 1681 discere.
1501 1626 1568 1683 Ut
1596 1628 1699 1681 vidi
1742 1637 1968 1682 mortem

389 1703 584 1756 Christi
613 1744 626 1760 .
676 1699 801 1753 volo
847 1712 1059 1766 quoque
1098 1698 1544 1768 resurrectionem
1593 1699 1707 1764 ejus
1751 1698 1969 1768 conspi-

387 1788 531 1828 cere.
568 1769 688 1825 Nisi
712 1768 842 1822 enim
868 1768 1039 1822 videro
1062 1768 1115 1821 in
1145 1767 1374 1825 manibus
1396 1768 1509 1835 ejus
1539 1768 1757 1835 ﬁxuram
1800 1767 1971 1823 elaeo-

387 1859 532 1908 rum,
567 1851 612 1896 et
635 1842 830 1894 mittam
858 1838 1072 1908 digitum
1098 1854 1260 1891 meum
1307 1838 1359 1890 in
1404 1838 1569 1891 locum
1602 1839 1878 1908 clavorum,
1917 1848 1969 1893 et

388 1905 582 1966 mittam
612 1927 818 1964 manum
846 1905 1008 1962 meum
1030 1908 1083 1961 in
1109 1910 1242 1961 tatus
1269 1908 1401 1975 eius,
1429 1924 1529 1961 non
1548 1909 1751 1961 credam
1780 1905 1963 1975 (Joan.

386 1984 458 2039 20
505 1982 578 2038 25
598 1986 636 2049 ).
662 1978 822 2035 Certe
846 1994 942 2031 vos
964 1995 1069 2032 non
1090 1976 1495 2049 credidissetis,
1524 1978 1623 2031 nisi
1648 1979 1915 2033 vidissetis
1946 1997 1962 2035 :

386 2055 463 2107 sic
484 2062 539 2109 et
558 2047 656 2123 ego
682 2051 785 2105 nisi
817 2049 1022 2123 videro,
1054 2047 1431 2123 no_n_credam.
1461 2047 1747 2123 Persevera
1772 2091 1787 2113 ,
1820 2049 1965 2104 Tho-

385 2139 468 2179 ma
490 2164 506 2189 ,
536 2117 815 2193 persevera
841 2121 892 2174 in
923 2120 1020 2193 hac
1049 2117 1264 2188 pulchra
1296 2117 1662 2193 incredulitate
1690 2130 1775 2193 tua
1804 2135 1819 2183 ;
1844 2128 1962 2175 stu-

384 2187 550 2248 diose
589 2206 870 2262 persevera
909 2229 925 2255 ,
979 2187 1153 2262 donec
1181 2198 1392 2262 _teneas
1447 2187 1589 2262 fidei
1619 2191 1910 2262 anchoram
1942 2205 1958 2255 ;

294 2310 305 2319 ,
386 2257 752 2317 vehementius
783 2274 1069 2330 persevera
1096 2260 1148 2313 in
1181 2257 1281 2313 hoc
1309 2266 1400 2313 tuo
1442 2258 1743 2330 desiderio,
1788 2260 1962 2315 donec

384 2333 566 2387 videas
595 2346 716 2386 eoin
744 2328 904 2399 quem
932 2328 1224 2383 desideras.
1258 2330 1403 2399 Amo
1419 2329 1799 2397 cogitationum
1841 2341 1960 2385 tua-

385 2418 500 2459 rum
528 2398 944 2463 dubitationem,
968 2414 1089 2467 qua:
1118 2413 1332 2452 omnem
1376 2398 1763 2455 dubitationem
1808 2415 1959 2457 rese-

384 2483 515 2528 eet:
551 2470 713 2526 laudo
760 2472 976 2524 modum
1025 2468 1173 2522 idum
1219 2471 1613 2525 contentiosum
1658 2480 1716 2525 et
1756 2469 1959 2527 Christi

380 2551 648 2597 amantem
675 2580 692 2606 ,
723 2549 783 2595 ut
804 2542 892 2607 qui
919 2553 1133 2593 omnem
1160 2538 1531 2593 hmreticorum
1557 2541 1956 2597 contentionem

380 2613 609 2669 auferat.
647 2611 724 2666 Ne
749 2610 938 2682 credas
962 2650 977 2671 .
1001 2608 1112 2678 jam
1126 2608 1310 2682 magis
1336 2609 1494 2664 iidem
1524 2625 1721 2678 neges.
1762 2621 1819 2664 ut
1855 2627 1956 2682 ego

381 2685 605 2738 firmiter
637 2681 874 2736 credam.
904 2680 1095 2746 Qumre
1124 2679 1405 2734 Dominum
1430 2720 1446 2741 .
1475 2689 1531 2734 et
1558 2694 1685 2734 voca
1717 2679 1955 2749 praesen-

381 2762 488 2809 tem
510 2795 526 2820 ,
567 2762 623 2807 ut
654 2760 705 2806 te
736 2760 1009 2818 qumrente
1034 2765 1096 2805 ac
1125 2758 1347 2804 vocante
1372 2791 1386 2811 ,
1415 2765 1513 2818 ego
1542 2749 1954 2818 Redemptorem

379 2840 557 2880 meum
580 2823 893 2891 amplecmr.
924 2822 1211 2891 Persevera
1237 2820 1378 2891 illum
1400 2835 1640 2891 qmcrerc
1664 2822 1753 2889 qtti
1781 2822 1912 2876 dixit
1936 2839 1950 2876 :

380 2840 557 2880 meum
580 2836 893 2891 amplecmr.
924 2836 1211 2874 Persevera
1237 2836 1378 2872 tuum
1400 2836 1640 2941 (ptinere
1664 2837 1753 2889 qut
1781 2836 1912 2876 amt
1936 2839 1950 2876 :

380 2895 635 2961 Quwrite,
683 2901 728 2946 et
760 2890 1018 2945 invenietis
1064 2888 1296 2961 (Matth.
1326 2889 1379 2943 7.
1470 2894 1510 2959 ).
1551 2890 1629 2944 Ne
1666 2901 1954 2961 prastereas

376 2964 690 3033 simpliciter
741 2962 1059 3033 explorans,
1110 2960 1154 3013 si
1204 2975 1323 3033 non_
1354 2961 1589 3033 reperias
1640 2960 1951 3017 thesaurum

377 3029 535 3105 quem
592 3030 1185 3105 inquiris._‘Persevera
1213 3029 1457 3105 __pu_lsans
1491 3030 1721 3105 ‘januatn
1767 3034 1952 3105 cogni-

375 3099 572 3167 tionis,
598 3099 718 3172 qua:
747 3101 877 3172 nulli
910 3100 980 3172 sit
1003 3099 1415 3172 contradictioni
1456 3100 1684 3155 obnoxia
1711 3143 1725 3167 ,
1777 3099 1954 3158 donec

376 3175 519 3229 illam
563 3168 883 3244 operiatqui
910 3170 1043 3225 dixit
1073 3184 1090 3223 :
1127 3168 1339 3244 Pulsate
1361 3209 1376 3233 ,
1428 3180 1475 3224 et
1499 3173 1948 3244 aperieturvobis.

377 3239 630 3300 Libenter
680 3239 842 3296 audio
891 3250 942 3296 te
991 3256 1133 3309 saepe
1181 3240 1445 3295 dicentem
1478 3258 1491 3294 :
1524 3239 1641 3294 Nisi
1689 3243 1859 3297 videro
1896 3246 1950 3298 in

372 3316 603 3370 manibus
630 3315 741 3383 ejus
763 3314 982 3381 ﬁxuram
1006 3311 1277 3383 clavorum,
1304 3327 1401 3365 non
1419 3312 1641 3383 credam.
1664 3309 1739 3367 Te
1756 3315 1951 3383 quippe

373 3402 478 3441 non
504 3380 778 3447 credente,
808 3397 910 3453 ego
949 3381 1171 3453 credere
1200 3380 1365 3453 disco
1392 3400 1405 3434 :
1437 3390 1488 3435 te
1533 3382 1707 3451 ligone
1758 3380 1948 3453 lingua:

373 3465 479 3511 tua:
508 3471 633 3510 arva
664 3453 830 3508 divini
851 3450 1101 3521 corporis
1130 3450 1363 3521 fodiente
1387 3492 1401 3516 ,
1435 3466 1534 3521 ego
1565 3450 1789 3507 fructum
1834 3450 1950 3509 sine

371 3526 555 3580 labore
576 3525 811 3593 decerpo
839 3533 896 3578 et
944 3520 1073 3576 mihi
1125 3520 1427 3593 accumula.
1476 3520 1589 3593 Nisi
1630 3523 1817 3579 videro
1866 3525 1949 3579 bis

371 3596 508 3651 meis
529 3596 703 3650 oculis
732 3591 912 3648 sulcos
941 3592 994 3647 in
1022 3592 1223 3647 sanctis
1246 3591 1490 3645 manibus
1518 3592 1654 3660 ejus,
1683 3608 1819 3662 quos
1840 3596 1948 3649 sul-

369 3675 560 3721 carunt
586 3664 754 3734 impii,
785 3677 1072 3734 numquam
1098 3662 1289 3734 vestris
1310 3663 1694 3734 obtemperabo
1724 3665 1901 3720 verbis
1930 3684 1945 3719 :

375 3738 473 3791 nisi
507 3737 648 3789 lnmc
665 3731 846 3789 meum
873 3731 1095 3801 digitum
1126 3732 1331 3784 mittam
1364 3733 1414 3784 in
1464 3731 1722 3788 foramina
1772 3734 1947 3789 clavo-

371 3822 509 3866 rum.
526 3807 668 3861 hunc
684 3815 918 3860 vestrum
940 3806 1135 3856 bonum
1154 3802 1396 3855 nuntium
1416 3819 1518 3856 non
1539 3803 1796 3871 accipiam
1817 3822 1829 3856 :
1847 3806 1949 3862 nisi

369 3888 581 3947 tangam
622 3876 923 3947 haemanu
966 3888 1084 3928 mea
1122 3872 1261 3926 latus
1286 3871 1455 3947 illud,
1494 3888 1600 3947 non
1640 3888 1946 3947 suSpectum

368 3941 775 4003 resurrectionis
798 3952 986 3999 testem
1004 3984 1020 4009 ,
1050 3957 1155 3998 non
1175 3941 1389 3997 credam
1419 3944 1722 3998 testimonio
1741 3941 1944 4001 vestro.

436 4017 494 4074 2.
520 4016 725 4072 Videbo
748 4015 918 4070 oculis
943 4014 1077 4068 meis
1104 4028 1189 4077 ea,
1215 4027 1454 4087 quzevos
1479 4015 1779 4083 praedicatis
1802 4018 1948 4087 (nam

368 4104 495 4144 aure
532 4087 792 4143 certiores
836 4093 962 4138 sunt
1001 4094 1164 4138 testes
1208 4082 1418 4153 oculi);
1454 4082 1507 4139 et
1549 4093 1673 4139 tunc
1712 4082 1948 4142 vestrum

368 4160 622 4228 recipiam
651 4154 1071 4228 dictum.(_)mne
1103 4155 1299 4228 quippe.
1330 4154 1549 4228 verbum
1575 4168 1607 4208 a
1637 4156 1798 4211 rebus
1820 4158 1949 4225 ipsis

365 4224 762 4297 confirmatum,
784 4224 1018 4297 validum
1044 4234 1099 4278 et
1121 4226 1331 4297 tinuum
1355 4233 1466 4289 est;
1495 4226 1575 4297 sin
1608 4240 1786 4297 rerum
1810 4224 1950 4297 ipsa-

366 4314 481 4353 rum
513 4296 917 4351 confirmatione
943 4295 1195 4363 privetur,
1220 4295 1448 4348 inaniter
1465 4310 1496 4348 a
1516 4295 1669 4350 labiis
1695 4297 1746 4351 in
1766 4295 1947 4352 aerem

366 4366 705 4421 ditl‘unditur.
737 4364 984 4419 Doctoris
1010 4364 1193 4438 nostri
1208 4364 1461 4419 miracula
1491 4367 1792 4421 hominibus
1811 4383 1948 4438 prae-

366 4438 642 4492 dicaturus
684 4449 801 4489 sum
828 4452 844 4489 :
869 4434 1138 4505 quomodo
1181 4430 1337 4503 igitur
1375 4450 1436 4489 ea
1470 4451 1588 4505 quae
1631 4452 1738 4491 non
1778 4430 1949 4493 oculis

367 4509 609 4577 percepi,
656 4505 833 4577 verbis
877 4504 1195 4577 proferam?
1239 4504 1515 4577 quomodo
1533 4505 1841 4577 incredulis
1884 4524 1947 4563 ea

364 4574 591 4632 credere
630 4576 902 4637 suadebo,
929 4576 1121 4645 quibus
1149 4575 1262 4644 ipse
1307 4590 1410 4629 non
1454 4574 1641 4646 adfui?
1679 4579 1948 4646 quomodo

364 4647 566 4703 Indicis
609 4662 671 4701 ac
715 4646 1006 4717 gentilibus
1048 4646 1221 4700 dicam
1254 4663 1269 4700 :
1300 4645 1619 4717 Crucifixum
1663 4645 1946 4703 Dominum

363 4734 542 4773 lucum
573 4716 676 4770 vidi
702 4716 735 4782 ,’
762 4716 1136 4771 resuscitatum
1180 4731 1285 4771 non
1316 4717 1456 4780 vidi,
1485 4716 1579 4770 sed
1613 4717 1680 4772 ab
1709 4719 1826 4772 aliis
1853 4735 1949 4773 au-

363 4789 510 4843 divi?
538 4787 737 4857 Ecquis
766 4786 880 4841 hzcc
906 4786 1168 4841 dicentem
1202 4802 1304 4840 non
1342 4786 1628 4841 irridebit?
1658 4790 1777 4857 quis
1811 4805 1947 4857 prte-

362 4856 684 4912 dicationein
733 4873 839 4911 non
880 4857 1137 4926 respuet?
1174 4856 1331 4910 Aliud
1358 4868 1440 4910 est
1468 4856 1769 4923 audivisSe,
1803 4856 1950 4915 aliud

364 4928 606 4984 vidisse:
632 4928 774 4981 aliud
818 4926 980 4981 verba
1025 4926 1299 4995 percipere
1324 4966 1339 4991 ,
1371 4926 1514 4979 aliud
1547 4929 1726 4982 videre
1762 4939 1819 4982 et
1854 4945 1950 4984 ex-

364 4999 552 5069 periri.
582 4998 708 5052 Haec
734 5007 790 5051 et
825 4996 1017 5051 similia
1050 5012 1170 5050 cum
1198 4997 1520 5069 eoapostplis
1556 4997 1759 5069 diceret
1799 4999 1945 5054 Tho-

364 5065 478 5125 inas
499 5113 515 5136 ,
547 5070 816 5140 ingressus
841 5077 924 5122 cst
952 5082 1159 5140 rursum
1190 5065 1346 5140 Jesus
1370 5067 1438 5121 ad
1466 5066 1753 5140 discipulos
1771 5069 1947 5137 januis

360 5140 582 5195 clausis.
609 5136 861 5207 ingressa
890 5146 973 5193 est
998 5136 1170 5192 Janua
1201 5138 1323 5191 vita:
1352 5152 1449 5207 per
1472 5137 1683 5192 clausas
1707 5136 1898 5207 januas
1928 5158 1943 5192 :

360 5225 429 5278 eo
458 5211 618 5264 modo
645 5211 915 5278 ingressus
951 5221 1053 5271 εει,
1091 5223 1196 5278 quo
1237 5209 1384 5262 novit
1421 5207 1591 5277 ipsum
1638 5207 1808 5262 solum
1852 5210 1946 5265 Dei

366 5277 621 5333 Verbum.
659 5277 808 5335 Sicut
833 5278 975 5332 enim
1008 5277 1128 5333 cum
1169 5290 1325 5333 natus
1365 5289 1480 5341 est,
1512 5278 1829 5348 virginitatis
1858 5280 1945 5348 ja-

365 5362 500 5401 uuas
528 5362 631 5401 non
665 5350 833 5414 laesit,
862 5350 941 5402 sic
965 5352 1125 5402 etiam
1160 5352 1295 5403 intra
1323 5349 1541 5402 domum
1569 5361 1813 5417 repertus
1839 5359 1941 5415 est,

361 5430 417 5473 et
443 5418 675 5472 claustra
714 5433 821 5471 non
866 5419 1037 5486 fregit.
1071 5419 1151 5472 Ac
1177 5432 1362 5473 rursus
1381 5460 1397 5485 ,
1426 5428 1484 5473 ut
1517 5419 1648 5472 exiit
1672 5434 1736 5473 ex
1764 5420 1946 5487 sepul-

360 5501 458 5559 cro
502 5488 686 5559 clauso
736 5494 790 5540 et
839 5487 1140 5557 obsignato,
1188 5489 1267 5544 sic
1310 5491 1586 5559 ingressus
1636 5499 1721 5543 est
1763 5489 1944 5559 januis

361 5558 581 5613 clausis.
627 5557 904 5629 Ingressus
931 5572 997 5612 eo
1026 5569 1107 5614 est
1135 5574 1297 5615 carne
1318 5599 1335 5627 ,
1370 5557 1459 5615 ubi
1484 5569 1598 5614 erat
1623 5557 1903 5614 divinitate
1924 5601 1940 5627 ,

358 5637 417 5701 ct
439 5628 763 5701 januasnOu
794 5629 1027 5701 aperuit.
1064 5629 1238 5684 Voluit
1263 5635 1407 5685 enim
1426 5670 1440 5695 ,
1471 5639 1525 5685 et
1555 5630 1685 5684 nihil
1713 5631 1943 5701 impedi-

359 5698 481 5754 vit’:
514 5698 701 5764 voluit,
733 5706 790 5752 et
818 5699 996 5753 omnia
1027 5712 1415 5755 concurrerunt
1446 5719 1461 5755 :
1494 5701 1681 5767 voluit,
1713 5711 1766 5755 et
1789 5698 1945 5756 crea-

361 5778 477 5822 tura
522 5767 624 5835 ipsi
663 5770 954 5834 obsequuta
986 5779 1109 5822 est:
1144 5771 1395 5824 voluntati
1427 5769 1545 5836 ejus
1584 5772 1762 5825 omnia
1807 5787 1939 5825 con-

358 5845 665 5903 currerunt,
716 5836 860 5901 quod
907 5852 1033 5892 vere
1078 5837 1218 5893 Deus
1246 5850 1412 5894 esset.
1456 5838 1546 5896 Sic
1584 5852 1639 5897 et
1668 5845 1941 5912 generatio
1980 5904 1987 5911 ,

1887 383 2157 441 SPURIA.

3571 396 3676 456 684

2090 504 2205 571 ejus
2234 518 2447 560 omnem
2486 518 2787 560 sermonem
2814 518 3054 578 supcrat,
3094 516 3150 565 et
3187 511 3359 567 exitus
3384 528 3448 568 ex
3483 530 3681 572 monu-

2088 585 2269 656 mento
2297 584 2838 658 _mentem_omnem_
2869 581 3200 658 trattscendit
3225 622 3254 646 ,.
3288 583 3679 658 ingressusque

2087 644 2312 723 ejus_ad
2342 644 2656 723 discipulos
2706 644 3516 723 ineffabilia__iuenarrabiﬁsque
3564 644 3674 713 e'st.

2084 714 2235 796 Quod
2268 716 2478 784 quidem
2508 716 2779 796 ingressus
2801 717 2873 796 sit
2894 719 2961 773 ad
2985 719 3297 796 discipulos,
3331 714 3674 796 bac-quidem

2083 784 2307 857 edoctus
2333 800 2450 839 sum
2476 802 2491 839 ι
2516 784 2787 854 quomodo
2809 789 3080 857 ingressus
3100 784 3197 853 sit,
3224 784 3669 852 nendum'didici.

2082 854 2232 934 Quod
2267 871 2369 908 non
2404 857 2516 925 ipse
2546 859 2789 937 percepi,
2830 854 2928 913 nec
2966 860 3146 915 dicere
3174 862 3364 937 audeo.
3401 864 3534 919 Eum
3576 871 3674 937 qui

2085 926 2357 997 ingressus
2381 936 2459 979 est
2490 926 2705 997 celebro
2727 969 2741 992 ,
2778 930 3049 997 ingressos
3076 932 3290 985 modum
3320 951 3425 988 non
3450 926 3674 993 curiose

2082 994 2294 1074 inquiro
2327 1014 2339 1048 :
2374 996 2611 1074 praedico
2635 994 2947 1074 mysterium
2967 1042 2981 1062 ,
3026 1017 3128 1074 nec,
3161 1003 3370 1074 explico
3400 1006 3539 1074 quod
3572 1023 3675 1062 ex-

2083 1065 2263 1145 plicari
2312 1067 2487 1145 nequit
2524 1085 2537 1120 :
2569 1065 2777 1136 signum
2822 1069 3022 1145 editum
3066 1065 3341 1145 admiror,
3390 1065 3671 1145 q'ttomodo

2082 1134 2274 1189 factum
2306 1134 2411 1214 _sit’
2432 1134 2761 1214 nonquer
2795 1161 2806 1193 :
2837 1138 2907 1214 iis
2929 1156 3047 1208 qtae
3076 1143 3273 1211 scripta
3303 1134 3426 1198 siml
3450 1148 3619 1201 credo
3649 1190 3666 1214 ,

2080 1220 2176 1283 nec
2204 1206 2415 1260 curiose
2441 1208 2703 1283 exploro,
2732 1219 2788 1261 et
2831 1206 3056 1283 salutem
3083 1206 3403 1283 consequor.
3434 1206 3670 1273 Auditor

2077 1276 2272 1347 quippe
2315 1292 2433 1330 sum
2473 1278 2850 1332 miraculorum
2880 1279 3109 1347 Domini,
3144 1276 3464 1340 non'autem
3496 1288 3547 1340 in
3575 1288 3665 1342 di-

2078 1345 2215 1425 vinis
2268 1346 2371 1400 illis
2419 1348 2817 1425 operationibus
2866 1345 3110 1425 versatus
3155 1355 3408 1425 sum._Et
3449 1357 3493 1410 si
3536 1360 3661 1425 quis

2074 1412 2379 1489 Judaforum
2427 1412 2622 1489 dixerit
2668 1419 2796 1489 mihi
2832 1436 2855 1470 γε
2900 1419 3007 1475 Res
3053 1436 3270 1489 prorsus
3318 1412 3660 1483 incredibiles

2078 1487 2334 1561 prsedicas
2363 1495 2417 1561 et
2462 1487 2855 1561 impossibiles;
2885 1487 3152 1561 quomodo
3199 1495 3367 1560 potuit
3415 1499 3661 1561 corporis

2077 1557 2246 1631 moles
2265 1556 2444 1631 januis
2468 1558 2663 1631 clausis
2686 1556 2926 1613 intrare?
2955 1561 3127 1614 (licam
3152 1556 3211 1615 et
3231 1578 3333 1631 ego
3359 1565 3434 1618 illi
3463 1584 3476 1618 :
3500 1556 3659 1631 Quo-

2076 1628 2234 1698 modo
2267 1628 2437 1696 potuit
2468 1628 2802 1698 Habacucnm
2833 1631 3053 1698 angelus
3080 1628 3346 1692 deducere
3392 1635 3439 1687 in
3479 1628 3659 1692 lacum

2074 1694 2366 1775 leonum,et
2385 1712 2593 1751 rursum
2608 1697 2740 1775 inde
2758 1694 3031 1775 redamare,
3054 1712 3109 1775 et
3127 1704 3365 1775 apposita
3385 1704 3658 1775 signacula

2071 1767 2529 1849 sal_va‘et_i_ntegra
2545 1768 2843 1849 relinquere
2869 1767 3030 1839 (Dan.
3057 1767 3261 1849 4._52)?
3287 1767 3486 1849 seruis
3509 1776 3660 1849 quod

2072 1836 2239 1914 voluit
2262 1837 2455 1914 elfccit,
2483 1848 2537 1893 et
2564 1836 2822 1914 Dominus
2852 1836 3174 1914 nonpotuit,
3209 1836 3265 1895 ut
3293 1844 3390 1914 sibi
3415 1836 3658 1914 placuit?

2069 1905 2526 1978 Quemadmodum
2570 1924 2697 1978 ergo
2739 1908 2867 1963 illud
2897 1905 3108 1966 volente
3154 1913 3262 1965 Deo
3298 1905 3495 1968 factum
3545 1927 3654 1976 est.

2068 1976 2140 2030 ita
2173 1987 2241 2051 ‘et
2285 1978 2386 2033 hoc
2404 1976 2763 2051 volenteDeo
2792 1978 2966 2034 Verbo
2987 2020 3001 2043 ,
3031 1982 3120 2050 qui
3151 1980 3310 2035 homo
3335 1984 3505 2038 factus
3524 1996 3610 2040 est
3637 2027 3653 2051 ,

2087 2046 2361 2123 gerfectum
2395 2048 2525 2123 fuit.
2545 2047 2821 2123 ingressus
2852 2061 2934 2104 est
2961 2046 3181 2123 ergoad
3206 2053 3498 2123 discipulos
3522 2046 3657 2110 suos

2109 2130 2346 2179 ervatnr.
2380 2128 2439 2173 ut
2461 2118 2564 2173 sibi
2596 2119 2815 2187 placuit,
2845 2130 2899 2173 et
2922 2124 3068 2174 stetit
3097 2121 3149 2175 in
3178 2118 3376 2187 medio,
3400 2133 3458 2178 ut
3476 2128 3656 2179 omni-

2064 2186 2166 2259 bus
2211 2190 2329 2259 pari
2373 2189 2549 2259 modo
2579 2198 2881 2258 appareret,
2924 2198 2979 2244 et
3022 2191 3157 2246 dixit
3194 2194 3318 2248 eis:
3353 2193 3471 2250 Pas:
3508 2196 3655 2249 vobis

2068 2257 2246 2331 (Ionii.
2273 2258 2363 2314 20.
2392 2257 2663 2331 26)._Pax'
2684 2259 2828 2331 enim
2866 2274 3007 2323 sum,
3034 2270 3106 2315 et
3149 2277 3332 2331 pacem
3371 2264 3443 2319 do
3471 2265 3649 2322 vobis.

2063 2329 2215 2402 Quod
2256 2343 2395 2402 sum,
2427 2329 2477 2383 id
2505 2329 2594 2384 do.
2619 2329 2731 2402 Pax
2758 2329 2874 2402 hinc
2903 2345 3091 2386 omnes
3116 2329 3360 2387 inimicos
3394 2336 3652 2402 subjicict

2062 2400 2162 2452 sub
2206 2400 2429 2468 pedibus
2472 2400 2662 2473 vestris
2691 2417 2704 2452 :
2731 2414 2829 2473 pax
2862 2400 2980 2473 haec
3016 2417 3206 2458 omnes
3236 2400 3566 2473 principatus
3595 2416 3654 2461 et

2062 2480 2357 2538 patestates
2407 2470 2649 2525 subditas
2694 2470 2845 2542 vobis
2887 2471 3042 2542 faciet
3086 2488 3099 2524 :
3150 2470 3252 2542 pax
3293 2470 3420 2528 hsce
3456 2487 3649 2529 contra

2063 2549 2229 2613 totum
2251 2542 2435 2613 orbem
2459 2548 2717 2613 tropaeum
2741 2540 2934 2613 eriget.
2971 2540 3300 2597 Gavisi‘suot
3326 2558 3454 2613 ergo
3481 2546 3651 2599 disci-

2062 2610 2191 2678 puli,
2218 2626 2338 2664 cum
2373 2610 2580 2666 Domini
2619 2612 2701 2665 sui
2731 2611 2901 2665 forma
2926 2621 2984 2666 et
3020 2628 3151 2667 voce
3178 2614 3371 2668 iterum
3390 2610 3650 2670 fruereno

2061 2690 2166 2752 tur,
2199 2693 2251 2735 et
2280 2681 2540 2735 Thomam
2566 2682 2758 2736 cubitis
2785 2682 3065 2750 pulsabant
3090 2700 3104 2746 ;
3133 2683 3231 2752 ipsi
3254 2686 3425 2738 oculis
3447 2700 3647 2739 annue-

2058 2750 2207 2820 bant,
2243 2765 2308 2805 ac
2340 2753 2722 2819 prapemodum
2776 2750 3180 2820 superciliorum
3222 2765 3353 2808 nutu
3391 2754 3646 2811 dicebant

2059 2819 2133 2874 illi
2159 2838 2174 2874 :
2205 2824 2396 2875 Annon
2425 2823 2658 2876 diximus
2688 2822 2777 2876 tibi
2810 2819 3011 2891 nuper,
3062 2821 3287 2877 Vidimus
3322 2824 3598 2878 Dominum
3621 2868 3639 2891 ,

2056 2902 2107 2962 et
2137 2907 2239 2962 non
2266 2891 2537 2947 credidisti
2570 2892 2759 2946 nobis?
2788 2891 2927 2947 Ecce
2956 2892 3105 2947 adest
3134 2894 3247 2962 ipse
3275 2895 3638 2960 desideratus,

2058 2961 2174 3028 ipso
2200 2960 2379 3015 fruere
2409 2972 2463 3015 ut
2488 2963 2588 3025 vis,
2618 2964 2883 3016 delectare
2915 2971 2971 3016 ut
3000 2960 3273 3018 desideras
3304 2981 3317 3017 :
3343 2966 3543 3020 accede
3570 2966 3641 3021 ad

2055 3048 2201 3095 etuu,
2231 3033 2321 3101 qui
2356 3043 2571 3100 propter
2599 3035 2820 3086 salutem
2852 3043 2993 3085 tuam
3020 3033 3085 3086 ad
3112 3048 3208 3087 nos
3233 3034 3507 3102 ingressus
3530 3045 3639 3101 est,

2054 3110 2107 3156 et
2132 3103 2314 3170 accipe
2338 3104 2690 3169 qumstionum
2721 3102 3067 3156 solutionem.
3098 3101 3212 3171 Ipse
3244 3101 3372 3157 vero
3396 3104 3641 3160 Thomas

2054 3171 2228 3226 stabat
2271 3172 2438 3226 oculis
2480 3173 2912 3241 circumspiciens
2941 3172 3116 3230 omnia
3146 3173 3441 3229 Servatoris
3467 3191 3643 3230 metu-

2052 3241 2169 3306 bra,
2195 3252 2249 3295 et
2266 3242 2471 3311 singula
2494 3246 2703 3297 curiose
2728 3243 3031 3310 explorans,
3052 3258 3118 3296 an
3143 3259 3265 3299 vere
3283 3247 3369 3312 qui
3394 3259 3643 3299 mortuus

2052 3322 2185 3376 erat,
2215 3313 2559 3366 resuscitatus
2587 3313 2814 3366 adesset.
2839 3314 2974 3377 Quid
2997 3327 3123 3380 ergo
3137 3314 3271 3368 dixit
3298 3315 3346 3367 ei
3378 3314 3468 3370 ille
3490 3317 3642 3370 solus

2054 3382 2224 3436 bonos
2243 3423 2259 3448 ,
2291 3383 2437 3435 solus
2464 3382 2767 3436 misericors
2797 3391 2847 3435 el
2877 3383 3134 3452 benignus
3154 3426 3168 3446 ,
3203 3382 3303 3450 Qui
3330 3387 3435 3437 uult
3465 3402 3641 3439 omnes

2052 3452 2278 3523 homines
2319 3454 2484 3523 salvos
2529 3452 2660 3519 ﬁeri,
2697 3461 2743 3506 et
2779 3452 2847 3505 ad
2887 3454 3192 3523 agnitionem
3224 3456 3442 3509 veritatis
3472 3458 3643 3509 venire

2057 3524 2131 3593 (Ι.
2163 3521 2294 3593 Tim.
2324 3522 2381 3576 2.
2410 3523 2502 3592 ψ
2527 3522 2673 3593 lnfer
2696 3523 2907 3593 digitum
2925 3521 3080 3576 tuum
3101 3524 3217 3588 Imc,
3245 3535 3289 3577 et
3318 3526 3429 3578 vide
3455 3542 3641 3579 "tonus

2052 3592 2209 3649 meos.
2240 3592 2284 3647 0
2309 3593 2649 3662 benignitatis
2675 3592 2885 3647 culmen
2913 3594 3229 3648 innnensum
3255 3595 3268 3647 !
3297 3610 3331 3649 ο
3358 3595 3640 3662 indulgen-

2053 3663 2141 3717 tia:
2186 3664 2582 3717 iutct‘tttinatum
2616 3662 2859 3731 pelagus!
2904 3662 3019 3718 Non
3066 3666 3391 3733 exSpectavit
3432 3666 3636 3720 aditum

2052 3732 2294 3803 discipuli
2317 3774 2330 3794 .
2361 3749 2466 3787 non
2495 3734 2820 3802 exspectavit
2848 3733 3021 3787 donec
3057 3732 3279 3804 supplex
3318 3736 3634 3798 accederet,

2052 3818 2115 3883 ac
2160 3813 2367 3873 peteret
2407 3814 2463 3858 ut
2503 3814 2740 3883 optatum
2777 3816 3187 3883 assequeretur,
3232 3818 3402 3873 neque
3443 3806 3524 3860 vel
3567 3807 3635 3859 ad

2052 3873 2214 3928 breve
2244 3885 2451 3942 tempus
2496 3873 2739 3936 distulit;
2783 3874 2875 3927 sed
2923 3873 3036 3943 ipse
3076 3889 3310 3943 prmsens
3339 3884 3635 3930 amatorem

2052 3945 2118 4015 ad
2156 3944 2520 4015 desideratum
2556 3944 2606 3997 vi
2646 3946 2923 4012 compulit,
2974 3946 3087 4015 ipse
3116 3959 3246 4015 voce
3273 3960 3367 3999 sua
3410 3946 3637 4015 digitum

2051 4014 2405 4070 desiderantis
2458 4013 2524 4067 ad
2577 4015 2893 4085 seti-usit,
2950 4013 3063 4083 ipse
3127 4013 3397 4085 Dominica
3459 4013 3637 4085 lingua

2053 4087 2301 4139 servilem
2344 4101 2558 4139 manum
2598 4083 2666 4138 ad
2704 4099 2763 4138 se
2807 4086 3098 4155 pertraxit,
3126 4083 3311 4139 dicens
3341 4086 3415 4139 illi
3444 4102 3459 4139 :
3489 4083 3642 4155 Itifer

2052 4155 2263 4223 digitum
2287 4164 2426 4208 tuum
2447 4156 2567 4220 huc,
2585 4164 2631 4207 et
2657 4155 2769 4207 cide
2793 4171 2971 4207 manus
2995 4171 3150 4209 meas.
3169 4155 3394 4223 Pr0pter
3416 4166 3468 4210 te
3491 4160 3639 4210 enim

2055 4235 2106 4280 te
2147 4226 2275 4290 adii,
2324 4236 2540 4293 propter
2584 4234 2636 4277 te
2677 4238 2886 4278 rursum
2918 4225 3020 4279 huc
3048 4226 3271 4291 accessi,
3304 4226 3442 4279 unde
3473 4243 3637 4280 num-

2051 4311 2211 4364 quam
2253 4298 2545 4365 secundum
2594 4294 2943 4365 divinitatem,
2971 4294 3242 4349 abfueram
3276 4312 3290 4347 :
3321 4305 3538 4365 propter
3588 4308 3642 4350 te

2052 4379 2242 4420 manus
2276 4364 2435 4420 hasce
2474 4364 2637 4419 clavis
2675 4364 3015 4433 conligendas
3040 4365 3248 4435 porrexi
3268 4408 3282 4427 ,
3313 4364 3369 4420 ut
3400 4364 3490 4421 tibi
3521 4370 3644 4421 sine

2053 4437 2289 4505 periculo
2317 4448 2407 4489 tuo
2429 4436 2651 4489 salutem
2670 4450 2935 4505 parerem.
2962 4435 3172 4489 Accede
3188 4436 3254 4489 ad
3278 4452 3363 4490 me
3384 4451 3637 4505 corpore.

2052 4507 2261 4576 Spiritu,
2314 4505 2450 4570 fide,
2499 4514 2553 4560 et
2595 4505 2740 4560 clare
2780 4505 2925 4559 disce
2955 4521 3072 4574 qua:
3100 4506 3307 4560 discere
3340 4509 3636 4575 cupiebas:

2054 4592 2149 4647 pro
2180 4577 2345 4631 lubito
2373 4586 2463 4631 tuo
2491 4587 2752 4641 scrutare,
2786 4576 2950 4639 disce,
2982 4586 3136 4644 tange
3168 4592 3181 4627 :
3207 4577 3353 4646 quasi
3384 4578 3559 4631 infans
3586 4582 3640 4630 in

2053 4646 2296 4701 manibus
2326 4648 2460 4702 meis
2485 4649 2678 4713 scripta
2711 4646 2825 4713 lege
2854 4647 3163 4700 voluntariae
3201 4647 3468 4715 passionis
3504 4664 3641 4701 mea:

2053 4718 2292 4773 vulnera.
2323 4715 2511 4771 Omnia
2555 4717 2645 4771 tibi
2674 4716 2913 4770 membra
2946 4716 3011 4769 ad
3042 4716 3385 4770 scrutandum
3422 4717 3593 4772 offero
3622 4734 3639 4770 :

2054 4804 2158 4841 non
2204 4787 2461 4842 erubesco
2505 4788 2744 4855 Corporis
2780 4787 2974 4842 livores
2993 4827 3006 4848 ,
3048 4800 3147 4840 nec
3174 4787 3352 4840 carnis
3376 4789 3599 4842 vulnera
3621 4828 3637 4851 ,

2051 4874 2172 4927 quae
2212 4868 2426 4926 propter
2469 4858 2685 4910 vulnera
2735 4868 2909 4910 vestra
2957 4857 3141 4926 excepi
3172 4873 3185 4927 ξ
3215 4871 3320 4910 non
3365 4857 3643 4911 abscondo

2051 4926 2232 4997 gloria:
2272 4928 2612 4995 victoriaeque
2661 4942 2794 4981 mea:
2839 4936 3036 4996 tropzea
3063 4944 3081 4997 :7
3098 4926 3277 4997 palam
3314 4928 3513 4996 prodeo
3537 4968 3552 4991 ,
3588 4938 3642 4980 et

2050 4996 2195 5052 otuni
2240 5008 2497 5053 creatura:
2542 4998 2627 5051 illa
2676 4999 2847 5066 palam
2881 4999 3034 5052 facio.
3070 4996 3211 5050 Vidit
3248 4997 3335 5050 illa
3376 4998 3488 5061 Sol;
3521 4999 3643 5050 ideo

2050 5072 2274 5123 secessit
2296 5077 2349 5122 et
2370 5069 2509 5122 diem
2539 5068 2591 5122 in
2625 5077 2833 5122 noctem
2858 5068 3083 5121 mutavit
3108 5086 3122 5123 :
3152 5067 3281 5120 vidit
3312 5077 3486 5131 terra;
3520 5068 3646 5121 idco

2051 5140 2187 5208 fugae
2235 5139 2408 5193 locum
2456 5139 2698 5207 quzcsivit
2739 5138 2900 5192 :hzcc
2942 5142 3118 5192 sciunt
3159 5150 3366 5207 petrtc;
3413 5138 3646 5207 ideoque

2050 5211 2230 5263 scissa:
2259 5218 2404 5271 sunt,
2433 5218 2487 5261 et
2515 5209 2775 5263 scissione
2805 5210 3103 5277 passionem
3144 5223 3315 5262 ineant
3348 5211 3599 5261 luxerunt
3627 5228 3641 5261 :

2052 5280 2165 5334 haec
2189 5280 2365 5334 sciunt
2390 5281 2615 5345 mortui;
2645 5294 2767 5332 nam
2804 5288 3079 5348 propterea
3118 5294 3184 5334 ex
3219 5279 3478 5348 sepulcris
3518 5294 3646 5347 pro.

2048 5351 2198 5404 diere
2243 5359 2519 5403 currentes
2558 5367 2572 5403 :
2612 5352 2724 5404 haec
2753 5347 2912 5403 novit
2943 5351 3115 5404 velum
3158 5350 3375 5418 templi;
3409 5347 3646 5417 ideoque

2049 5420 2330 5474 discissum
2376 5419 2682 5474 iudicaram
2731 5420 3019 5488 perniciem
3067 5421 3213 5472 luxit.
3270 5416 3413 5470 ’Vide
3457 5416 3645 5470 uiantis

2049 5506 2206 5555 ineas,
2236 5499 2296 5543 ut
2322 5490 2530 5543 voluisti
2567 5506 2579 5542 :
2616 5490 2837 5559 digitum
2869 5499 3017 5543 tuum
3047 5490 3272 5543 immitte
3297 5489 3351 5541 in
3378 5488 3642 5556 profunda

2052 5561 2323 5630 plagarum
2352 5574 2615 5615 mearum.
2654 5560 2741 5614 Vis
2778 5575 2990 5630 quoque
3019 5561 3155 5614 latus
3180 5574 3359 5613 meum
3397 5559 3647 5613 conside-

2049 5646 2215 5686 rare:
2248 5645 2374 5685 ecce
2419 5630 2547 5685 illud
2595 5631 2839 5699 expando
2872 5632 2985 5686 tibi.
3038 5630 3175 5684 lnl’cr
3226 5644 3442 5685 manum
3496 5636 3643 5682 tuam

2050 5702 2194 5756 illam
2225 5702 2486 5755 curiosam
2509 5740 2524 5766 ,
2559 5711 2613 5754 et
2643 5701 2795 5755 mitte
2823 5701 2874 5755 in
2914 5702 3051 5755 latus
3079 5715 3255 5756 meum
3291 5717 3303 5753 :
3334 5710 3491 5766 tange
3516 5714 3643 5753 cor-

2052 5786 2151 5840 pus
2179 5786 2391 5834 meum,
2424 5772 2564 5841 quod
2594 5771 2711 5826 sine
2736 5772 2943 5826 semine
2972 5772 3110 5825 virili
3136 5771 3485 5841 constitutum
3514 5780 3600 5823 est
3627 5784 3642 5820 :

2054 5839 2210 5909 tange
2232 5856 2426 5909 corpus
2443 5839 2627 5897 meum
2654 5854 2973 5912 conceptum
3007 5857 3075 5898 ex
3110 5840 3271 5896 Maria
3308 5839 3525 5910 Virgine
3546 5878 3561 5905 ,
3586 5849 3639 5893 et
