4058 6208
352 296 459 354 709

354 409 533 463 dinem
558 407 885 477 ignoramus,
911 405 1006 463 sed
1033 421 1124 463 eas
1157 418 1335 463 tamen
1364 407 1435 461 ob
1460 406 1765 477 splendoris
1805 406 1927 477 pul-

355 476 711 533 chritudinem
752 476 1078 531 admiramur
1106 495 1119 528 :
1147 479 1227 532 sic
1259 487 1385 531 sunt
1419 476 1577 532 etiam
1621 476 1925 531 sanctorum

355 548 572 618 singuli.
615 547 724 601 Etsi
755 549 897 600 enim
946 547 1183 618 ipsorum
1214 547 1698 618 reliquiaeinclusre
1739 546 1928 618 sintin

355 616 635 686 sepulcris,
662 632 845 671 earum
875 630 1049 669 tamen
1076 617 1246 671 virtus
1271 616 1374 670 non
1399 616 1546 670 orbis
1572 628 1726 686 terra:
1752 616 1932 686 limiti-

357 684 458 742 bus
483 688 956 741 circumscribitur.
983 687 1047 740 Et
1067 686 1166 741 hoc
1189 702 1371 741 verum
1393 701 1514 740 esse
1534 702 1600 740 ex
1623 684 1782 739 rebus
1802 685 1930 753 ipsis

356 757 566 812 discere
596 765 764 827 potes.
797 756 1085 827 Palaestina
1107 755 1335 810 Abraha:
1387 756 1640 827 reliquias
1668 755 1845 827 habet,
1878 762 1933 827 et

358 825 625 908 tugurium
650 825 906 908 ejus'cmn
931 825 1174 908 paradiso
1192 826 1467 908 contendit
1489 842 1502 878 :
1526 840 1651 908 itam
1679 825 1930 908 Deus-qui

360 893 469 952 illic
498 893 691 951 contra
715 893 972 949 Adatnum
1001 897 1319 951 sententiam
1350 895 1485 958 tulit,
1524 893 1614 949 hic
1650 910 1678 947 a
1709 893 1933 963 patriar-

358 967 459 1022 cha
491 966 718 1035 hospitio
747 976 998 1032 receptus
1039 974 1139 1020 est.
1188 964 1404 1035 Josephi
1433 978 1552 1035 o_ssa
1584 979 1749 1018 unum
1786 978 1934 1017 com-

362 1033 956 1107 plectitursepulcrum,
987 1043 1041 1089 et
1070 1035 1187 1103 ejus
1208 1033 1397 1107 contra»
1420 1033 1722 1107 Egyptiatn
1761 1042 1929 1107 certa-

362 1102 484 1162 inen
514 1106 659 1160 orbis
687 1102 896 1159 termini
921 1119 1041 1159 cum
1085 1102 1303 1172 stupore
1331 1102 1611 1158 miramur.
1646 1102 1839 1174 Moysis
1867 1118 1934 1155 ne

361 1176 664 1243 sepulcrum
711 1173 924 1243 quidem
974 1173 1255 1242 reperitur,
1304 1183 1358 1228 et
1409 1174 1498 1227 ille
1541 1181 1661 1241 post
1709 1173 1930 1243 trnortetn

382 1242 617 1299 uindicat
663 1242 823 1305 eum,
876 1245 964 1313 qni
1022 1245 1165 1312 virga
1216 1259 1360 1298 mare
1408 1243 1648 1297 Rubrum
1699 1242 1930 1313 discidit.

382 1262 617 1299 “mdical
663 1262 823 1305 cum,
876 1262 964 1313 (1111
1022 1262 1165 1312 γιγειι
1216 1262 1360 1298 utare
1410 1262 1648 1297 ιὶιιιιτιιιιι
1699 1262 1930 1296 1115011111.

364 1262 526 1369 isaias
555 1315 639 1368 ubi
671 1315 911 1381 sepultus
935 1313 1005 1366 sit
1034 1317 1371 1382 ignoramus;
1403 1323 1457 1382 et
1485 1313 1660 1367 omnis
1701 1311 1932 1366 hcclesia

366 1402 460 1453 per
486 1384 961 1455 pt'opltetiatu_ejtts
987 1381 1183 1455 clamat
1209 1381 1396 1455 :Aih‘cice
1422 1381 1651 1455 Virgogin
1674 1391 1812 1455 uterg
1838 1383 1934 1455 (ta-

363 1451 513 1518 bebt't,
554 1451 600 1506 ei
629 1454 785 1521 pariet
818 1452 1004 1506 Filium
1051 1451 1201 1523 (lsai.
1231 1453 1281 1506 Ἰ.
1318 1452 1426 1522 14).
1463 1451 1643 1506 Daniel
1676 1452 1743 1523 iu
1768 1451 1936 1519 Baby-

367 1525 488 1577 lone
515 1524 755 1592 sepultus
797 1532 899 1584 est,
943 1530 998 1575 et
1041 1522 1129 1576 ille
1174 1537 1267 1592 per
1292 1534 1452 1575 totam
1481 1531 1674 1575 terram
1700 1522 1932 1592 clamat:

369 1594 498 1647 Ecce
532 1589 592 1646 in
627 1592 840 1646 nubibus
858 1592 991 1655 caeli,
1021 1593 1164 1660 quasi
1175 1589 1241 1644 'F
1241 1592 1358 1645 ilius
1384 1591 1601 1644 hominis
1621 1592 1748 1645 venit
1770 1589 1934 1659 (Dan.

365 1664 559 1731 7.15).
606 1663 839 1716 Ananias
887 1672 940 1716 et
986 1664 1114 1715 socii
1164 1662 1309 1731 pueri
1351 1663 1401 1715 ιιι
1433 1661 1703 1730 Babylone
1744 1661 1938 1731 mor_tui

366 1744 490 1787 sunt
518 1729 531 1786 ἐ
558 1748 621 1785 ac
664 1747 758 1801 per
798 1732 916 1785 illos
961 1741 1101 1801 totus
1129 1729 1287 1801 orbis,
1308 1729 1559 1799 quotidie,
1581 1732 1775 1801 clamat
1800 1748 1813 1782 :
1843 1729 1941 1783 Be-

367 1803 577 1856 nedicite
605 1795 775 1855 omnia
817 1817 969 1870 Opera
1014 1795 1221 1854 Domini
1258 1795 1476 1854 Domino
1515 1801 1674 1870 (Dan.
1719 1800 1774 1854 5.
1824 1801 1935 1869 57).

372 1872 614 1927 Ezechiel
646 1872 785 1937 apud
817 1869 1004 1924 Persas
1049 1871 1336 1925 tumulatus
1360 1882 1465 1934 est,
1494 1880 1548 1924 et
1574 1885 1694 1925 cum
1735 1869 1941 1924 Cheru-

369 1943 509 1997 binis
536 1944 800 1996 esclamat
831 1957 845 1994 :
873 1939 1144 1993 Benedicta
1172 1940 1335 2009 gloria
1368 1940 1571 1993 Domini
1609 1940 1672 1992 de
1699 1940 1809 1993 loco
1849 1955 1941 1993 suo

368 2012 582 2079 (Exerit.
610 2013 667 2082 75.
702 2010 811 2081 12).
847 2009 921 2063 Ita
949 2010 1077 2082 nihil
1107 2012 1303 2082 profuit
1329 2010 1559 2082 diabolo,
1586 2010 1737 2082 quod
1759 2010 1809 2062 ιιι
1850 2023 1942 2078 pa-

369 2083 545 2137 radiso
591 2080 851 2136 Adamnm
891 2081 1047 2134 morti
1098 2080 1372 2135 tradiderit
1413 2096 1428 2133 :
1470 2081 1607 2133 Deus
1653 2080 1795 2134 enim
1849 2093 1943 2147 per

369 2162 595 2206 mortem
614 2152 770 2219 justis
785 2152 1002 2219 januam
1023 2152 1229 2219 aperuit
1248 2150 1314 2205 ad
1341 2149 1607 2204 ﬁduciam.
1628 2148 1732 2204 Sed
1754 2162 1943 2202 omnes

368 2223 583 2289 quidem
622 2231 929 2275 sanctorum
958 2221 1229 2275 memoria:
1268 2220 1535 2274 mirabiles
1572 2228 1728 2289 sunt;
1759 2232 1941 2289 verum

372 2288 500 2346 nihil
533 2291 602 2344 ita
629 2291 941 2359 gloriosum,
985 2299 1046 2343 ut
1085 2290 1199 2344 haec
1239 2291 1568 2343 Solemnitas.
1598 2288 1727 2342 Abel
1758 2288 1829 2340 ob
1854 2302 1941 2341 5a-

370 2362 626 2415 criliciunt
658 2370 999 2423 memoratur,
1032 2359 1215 2415 Enoch
1252 2360 1391 2429 quod
1432 2359 1541 2412 Deo
1573 2359 1827 2425 placuerit
1855 2373 1943 2411 ce-

373 2431 626 2493 lebratur,
651 2430 1002 2485 Melchisedec
1023 2440 1079 2483 ut
1096 2430 1272 2498 imago
1298 2430 1388 2483 Dei
1413 2429 1748 2497 przedicatnr,
1773 2429 1945 2498 Abra-

373 2502 494 2553 ham
544 2509 761 2570 propter
808 2499 965 2554 [idem
1009 2497 1274 2570 laudatur,
1322 2499 1469 2553 Isaac
1508 2499 1648 2570 quod
1681 2498 1844 2570 ﬁgura
1875 2497 1947 2570 sit

372 2566 667 2635 extollitur,
689 2569 852 2624 Jacob
871 2570 941 2624 ob
964 2570 1158 2623 luctam
1186 2569 1369 2622 beatus
1392 2566 1943 2636 prmilicatnr,’.luscph

371 2642 442 2693 ob
469 2645 765 2695 castitatem
793 2643 1102 2705 honoratur,
1123 2638 1224 2693 Job
1246 2638 1511 2707 patientia:
1534 2637 1742 2691 laudent
1765 2636 1943 2707 habet,

374 2709 579 2779 Moyses
630 2718 685 2763 ut
735 2709 1002 2779 legislator
1048 2705 1394 2779 benedieitnr,
1426 2708 1760 2779 Jesushﬁlins
1802 2705 1946 2761 Nave

377 2790 431 2832 ιιι
459 2776 580 2833 belli
627 2780 732 2832 dux
776 2776 1100 2843 celebratur,
1141 2778 1365 2832 Samson
1404 2794 1467 2831 ex
1520 2776 1787 2845 colloquio
1825 2792 1945 2831 cum

376 2851 483 2903 lieo
511 2849 697 2903 beatus
747 2849 960 2914 dicitur,
994 2847 1170 2903 Helias
1212 2848 1309 2901 zeli
1356 2847 1716 2902 testimonium
1766 2845 1945 2911 habet,

377 2918 538 2973 Isaias
576 2919 854 2987 theologus
882 2934 1004 2973 esse
1046 2920 1317 2981 scribitur,
1373 2917 1556 2971 Daniel
1611 2924 1664 2969 ut
1715 2915 1949 2985 prudens

380 2990 715 3057 tra‘dicalur,
747 2986 989 3043 Ezechiel
1022 2997 1080 3042 ut
1121 3002 1435 3042 arcanorum
1479 2995 1746 3057 Spectator
1781 2986 1950 3057 admi-

378 3055 568 3115 iatiuni
600 3061 842 3125 habetur,
876 3058 1036 3113 David
1083 3069 1139 3112 ut
1178 3068 1329 3127 pater
1375 3056 1613 3126 mysterii
1658 3055 1948 3127 secundum

377 3145 591 3184 carnem
619 3124 938 3189 celebratur,
982 3124 1235 3183 Salomon
1282 3137 1339 3180 ιιι
1366 3124 1585 3195 sapiens
1621 3124 1946 3195 suspicitur;

377 3199 472 3253 sed
498 3198 631 3252 nihil
655 3197 1036 3268 eamquandum
1063 3197 1297 3266 Deipartc
1323 3194 1518 3251 Marize.
1542 3194 1673 3268 Nam
1695 3208 1852 3263 quem
1876 3194 1950 3247 illi

378 3284 563 3323 omnes
584 3274 635 3322 itt
656 3264 936 3338 amiginate
956 3264 1218 3338 viderunt,
1244 3268 1429 3338 ipsairin
1452 3276 1602 3338 utero
1623 3264 1950 3338 incarnatmu

378 3341 624 3462 gestavit,
665 3353 727 3393 ac
766 3334 901 3392 nihil
932 3337 1201 3406 impedivit
1251 3334 1570 3391 inetiabilent
1602 3334 1951 3390 tecmmmiam

428 3410 542 3462 erbi
583 3409 696 3462 Dei.
726 3407 1034 3462 Tumorne?
1079 3410 1149 3462 At
1195 3407 1481 3460 matcrialis
1524 3414 1605 3460 est
1651 3404 1824 3462 passio
1854 3420 1868 3455 z
1900 3412 1951 3457 at

428 3410 542 3462 erbi
583 3409 696 3463 Dei.
726 3404 1034 3463 Tumorne?
1079 3410 1149 3462 At
1195 3407 1481 3460 matcrialis
1524 3414 1605 3460 est
1651 3404 1824 3472 passio
1854 3420 1868 3455 z
1900 3412 1956 3457 at

382 3488 588 3533 tumore
630 3486 684 3533 et
728 3478 973 3547 passione
1001 3492 1223 3547 vacuum
1252 3486 1335 3529 est
1366 3477 1615 3530 Verbum.
1648 3471 1835 3547 Tanta:
1860 3472 1956 3547 de-

383 3548 653 3602 missi0nis
680 3544 1031 3617 magnitudo?
1056 3547 1160 3602 Sed
1187 3546 1436 3601 divinitas
1480 3560 1585 3599 non
1615 3544 1952 3617 circumscri-

383 3618 542 3671 bitur.
570 3614 840 3671 Piacnltim
860 3619 885 3672 Ἰ
908 3617 1013 3672 Sed
1038 3632 1156 3671 eam
1187 3618 1473 3671 eli'ortnans
1500 3630 1604 3668 non
1637 3614 1872 3676 foedam,
1903 3622 1957 3666 et

384 3688 436 3740 in
488 3687 573 3741 illa
628 3689 950 3749 incarnatus,
981 3695 1036 3741 et
1076 3701 1142 3741 ex
1173 3687 1259 3740 illa
1290 3686 1522 3755 genitus,
1572 3699 1677 3737 non
1726 3683 1957 3755 pollutus

382 3768 505 3822 est;
537 3760 645 3812 imo
668 3758 889 3827 gloriam
920 3757 1049 3827 lit-gi
1072 3758 1222 3810 aﬂ'ert
1254 3752 1830 3827 anignitas.Partus]
1854 3752 1956 3827 red

386 3844 490 3880 tton
519 3823 704 3881 minuit
738 3836 916 3896 partus
940 3823 1083 3888 enin,
1114 3830 1202 3896 qui
1228 3828 1344 3879 sine
1371 3823 1629 3896 principio
1652 3834 1752 3878 est.
1782 3823 1957 3876 Partui

383 3897 562 3967 juncta
613 3895 951 3952 incarnatio?
1001 3898 1105 3950 Sed
1136 3895 1496 3967 pullationem
1545 3895 1724 3948 divina
1768 3903 1957 3967 natura

387 3962 495 4021 non
526 3983 677 4037 passa
704 3976 806 4021 est.
836 3967 1056 4022 Matrem
1089 3967 1245 4020 habet
1274 3965 1567 4020 secundum
1597 3979 1833 4037 carnem,
1862 3962 1956 4037 sed

387 4052 494 4091 non
519 4033 696 4092 amisit
723 4038 864 4107 quod
905 4047 1047 4091 esset
1075 4038 1189 4089 sine
1219 4045 1389 4090 matre
1436 4034 1728 4089 secundum
1768 4033 1961 4107 divmi-

388 4117 571 4162 tatem.
623 4102 912 4176 PraeScpe?
964 4108 1068 4161 Sed
1120 4108 1291 4160 Patris
1334 4107 1505 4158 sinum
1558 4120 1663 4157 non
1713 4102 1957 4176 nudavit.

384 4178 684 4247 Spelunca?
712 4172 819 4232 Sed
861 4177 1091 4232 Trinitas
1129 4189 1430 4247 numquam
1453 4172 1959 4247 thronumreliquit.

383 4241 526 4318 Nihil
565 4261 692 4318 ergo
737 4249 788 4301 itt
830 4249 1099 4301 hominum
1142 4251 1244 4300 vita
1273 4241 1468 4299 simile
1518 4242 1713 4313 Virgini
1762 4241 1957 4318 Mar-ne.

383 4317 562 4373 Mente
593 4315 790 4387 itaque,
831 4333 865 4370 o
892 4318 1075 4383 homo,
1109 4327 1269 4370 totam
1309 4327 1605 4387 creaturam
1624 4315 1959 4387 _pet'eu_rrito,

382 4400 442 4442 ct
467 4390 585 4443 vtde
613 4382 736 4441 nnin
759 4387 886 4457 quid
912 4398 1004 4441 aut
1027 4382 1229 4455 tenuate
1255 4387 1324 4440 sit
1356 4385 1591 4457 Deiparae
1624 4382 1843 4451 Virgini,
1874 4391 1966 4435 ant

383 4458 560 4525 majus
602 4457 688 4512 illa
720 4472 734 4508 :
769 4454 963 4511 terram
1001 4454 1243 4520 circumi,
1286 4469 1431 4509 mare
1465 4454 1744 4525 perlustra,
1786 4466 1964 4506 aerem

379 4523 649 4593 scrutare,
680 4528 839 4581 caelos
863 4538 1043 4582 mente
1080 4527 1370 4597 perpende,
1402 4523 1693 4597 invisibiles
1715 4530 1965 4597 potesta-

382 4607 470 4652 tes
489 4591 682 4668 cogita,
709 4607 765 4652 et
792 4597 909 4651 vide
947 4591 1310 4651 umn'in'tota
1341 4603 1526 4668 natura
1568 4591 1819 4668 sit__al_iud
1865 4592 1967 4668 tale

378 4662 770 4736 spectaculum.
800 4667 929 4721 Nam
959 4667 1072 4721 cazli
1107 4675 1357 4722 enarrant
1386 4664 1607 4736 gloriam
1650 4662 1763 4728 Dei,
1795 4663 1967 4730 angeli

378 4733 510 4791 cum
541 4741 730 4792 timore
764 4737 1085 4801 ministrant,
1118 4733 1421 4805 archangeli
1451 4733 1675 4788 adorant
1710 4747 1837 4805 cunt
1864 4742 1970 4785 trc-

380 4824 562 4875 snnre,
605 4807 889 4861 bherubini
928 4825 1033 4862 non
1075 4802 1756 4866 ferentes'exhorrescunt,
1807 4802 1968 4855 Sera-

379 4880 537 4949 phini
568 4893 671 4933 non
693 4879 970 4944 accedunt,
1002 4878 1095 4933 sed
1116 4879 1560 4931 circnmvolantes
1587 4889 1711 4927 cum
1736 4882 1969 4927 tremore

1211 5081 1458 5124 ('DNTBA
1503 5075 1871 5124 BERETICOS
1921 5075 2002 5118 ΕΤ
2043 5072 2108 5117 ιιι

1132 297 1404 354 CONTRA
1445 293 1847 352 IL'EBE'I‘ICOS
1885 292 1972 350 ΕΤ
2012 293 2075 347 ΙΝ
2113 290 2429 349 SANCTAM
2469 293 2840 350 DEIPARAM.

3507 304 3608 360 713

2032 408 2260 462 clamant
2287 424 2302 461 :
2330 406 2569 470 Sanctus,
2595 418 2818 472 sanctus,
2840 418 3042 462 sanctus
3067 406 3313 465 Dominus
3336 413 3560 468 Sabaoth
3594 454 3606 469 ς

2033 480 2235 546 plenum
2265 489 2337 531 est
2364 478 2540 530 mlum
2558 490 2612 550 et
2633 487 2763 550 terra
2787 477 2953 531 laudis
2984 479 3092 548 ejus
3122 478 3274 548 (lsai.
3313 482 3367 537 6.
3394 483 3473 550 3).
3502 480 3608 538 La-

2033 562 2127 601 cus
2154 563 2344 602 sonum
2368 564 2472 619 non
2498 548 2635 611 tulit,
2665 547 2833 619 nubes
2852 550 3199 619 assutnptioni
3228 566 3347 603 cum
3377 547 3609 607 tremore

2035 619 2289 672 vehentes
2328 618 2714 680 ministrarum,
2752 617 2829 671 sol
2863 617 3236 671 conttttmeliaut
3285 635 3388 673 non
3434 622 3609 677 ferens

2036 688 2331 753 inhorruit,
2377 686 2614 739 infernus
2669 697 2906 741 mortuos
2951 704 3069 741 cum
3121 689 3309 743 timore
3353 697 3607 747 evomuit.

2034 758 2246 811 Ostiarii
2283 766 2332 812 te
2359 756 2598 810 videntes
2631 756 2974 818 exhorruere,
3016 772 3171 811 mons
3209 774 3493 815 ascensum
3520 778 3613 816 cx-

2034 828 2239 895 cipiens
2268 826 2562 895 fumigavit,
2607 827 2771 895 rubus
2802 826 3056 880 visionem
3094 843 3198 880 non
3244 830 3421 884 ferens
3454 847 3614 884 exar-

2034 894 2123 960 sit,
2166 894 2417 951 Jordanis
2456 910 2563 965 pne
2605 894 2827 950 horrore
2859 911 3150 951 conversus
3176 907 3259 951 est
3295 909 3611 960 retrorsum,

2038 982 2184 1021 mare
2211 968 2409 1034 virgam
2447 976 2691 1037 metuens
2731 966 3016 1020 dissectum
3046 975 3131 1020 est
3160 983 3254 1037 per
3287 969 3611 1023 Dominicam

2038 1038 2254 1100 ligurant
2285 1035 2723 1107 mansuefactum,
2762 1036 2909 1107 virga
2940 1035 3175 1107 Aarouis‘
3191 1049 3404 1104 propter
3430 1040 3613 1107 imagi-

2038 1122 2158 1160 nem
2183 1116 2376 1174 pra'ter
2407 1115 2646 1159 naturant
2673 1106 2869 1169 ﬂoruit,
2899 1105 3032 1166 ignis
3063 1106 3113 1159 in
3142 1106 3410 1174 Babylone
3439 1105 3614 1165 ἰι-ειη-

2039 1124 2158 1160 uetn
2183 1124 2376 1174 pftl‘lt'l'
2407 1124 2646 1159 naturam
2673 1124 2869 1169 lltil'llll,
2899 1124 3032 1166 Ignis
3063 1124 3113 1159 ιιι
3142 1124 3249 1159 υίιιι
3274 1124 3410 1163 ’111118
3439 1124 3612 1165 ’11⁸1111-

2039 1177 2160 1229 tatis
2191 1190 2471 1229 numerum
2499 1177 2756 1229 reveritus
2782 1184 2881 1231 cst.
2913 1174 3180 1243 Stupenda
3213 1124 3297 1230 ilia
3336 1195 3612 1245 enumera,

2037 1256 2090 1298 et
2118 1245 2342 1313 Virginis
2370 1248 2639 1299 victoriam
2673 1245 2866 1298 mirare
2898 1262 2913 1315 ξ
2939 1246 3059 1313 quia
3087 1261 3243 1315 quem
3265 1248 3439 1302 omnis
3463 1265 3610 1303 crea-

2040 1326 2155 1368 tura
2183 1332 2304 1371 cnm
2345 1317 2537 1369 timore
2561 1324 2616 1368 et
2640 1324 2871 1369 tretnore
2903 1313 3115 1379 hymnis
3140 1316 3451 1375 celebravit.
3491 1336 3612 1373 etnn

2041 1386 2127 1438 illa
2158 1386 2267 1440 sola
2293 1385 2449 1437 modo
2472 1384 2825 1452 inexplicabili
2857 1385 2906 1437 in
2936 1384 3167 1438 thalamo
3192 1388 3412 1454 recepit.
3441 1388 3615 1442 Beatus

2039 1465 2256 1526 propter
2284 1456 2422 1509 illam
2468 1469 2654 1526 omnes
2690 1454 2938 1526 mulieres
2978 1472 2991 1508 :
3022 1469 3125 1526 non
3154 1456 3288 1508 ultra
3328 1457 3614 1512 femineum

2039 1523 2207 1596 genus
2230 1526 2282 1578 in
2314 1525 2813 1596 tnalcdictione_est.
2846 1523 3286 1596 Scitumubahuit,
3318 1543 3423 1595 quo
3457 1543 3619 1596 ange-

2043 1593 2122 1649 los
2159 1595 2326 1663 gloria
2369 1593 2657 1663 snperabit.
2685 1594 2874 1663 Curata
2908 1594 3002 1645 fuit
3044 1593 3175 1655 Eva,
3219 1593 3431 1649 silentio
3456 1593 3615 1651 missa

2041 1674 2125 1734 est
2154 1661 2657 1734 IEgyptia,‘sepnlta
2697 1661 2793 1715 fuit
2835 1663 3038 1734 Dalila,
3062 1663 3315 1734 oblivioni
3368 1666 3489 1721 data
3536 1677 3621 1721 est

2042 1732 2290 1799 Jezaln-l‘,
2337 1734 2508 1787 deleta
2560 1743 2642 1786 est
2689 1733 2943 1786 memoria
3000 1732 3313 1787 llerodiadis
3344 1750 3359 1789 :
3387 1747 3442 1789 et
3481 1753 3622 1791 nunc

2045 1806 2322 1859 mulierum
2343 1804 2614 1872 catalogus
2639 1802 2690 1855 itt
2713 1801 3061 1872 admiratione
3085 1802 3330 1857 habetur.
3356 1805 3621 1860 Laudatur

2042 1872 2198 1929 Sarra
2223 1884 2280 1926 nt
2298 1888 2482 1927 arvum
2515 1870 2825 1941 populorum
2852 1870 2994 1924 ferax
3020 1887 3034 1933 ;
3064 1874 3355 1929 honoratur
3380 1875 3618 1931 Rebecca

2047 1954 2105 1996 ut
2156 1945 2343 1998 callida
2395 1942 2820 1996 benedictionnm
2870 1943 3229 2009 procuratrix;
3281 1943 3619 1999 admirationi

2046 2012 2271 2068 habetur
2302 2013 2410 2075 Lia,
2459 2021 2516 2065 ttt
2556 2020 2724 2064 mater
2771 2012 3122 2080 progenitoris
3167 2015 3456 2068 secundum
3495 2032 3618 2069 car-

2047 2099 2199 2147 nem;
2224 2083 2524 2137 celebratnr
2547 2081 2772 2143 Debora,
2807 2092 2859 2134 ut
2880 2096 2999 2150 qnze
3023 2095 3180 2149 supra
3208 2096 3449 2137 naturam
3474 2100 3624 2139 exer-

2043 2153 2182 2224 citus
2211 2153 2318 2224 dux,
2347 2153 2537 2224 fuerit;
2570 2150 2722 2224 beata
2754 2152 3071 2224 pra-dicatur
3114 2151 3368 2218 Elisabet,
3411 2164 3469 2208 ttt
3502 2171 3623 2224 qua:

2047 2222 2322 2277 Prodromi
2348 2222 2533 2290 gratia:
2561 2220 2968 2274 exsultationem
2990 2220 3306 2286 disposuerit
3333 2238 3347 2285 ;
3371 2220 3625 2277 adorator

2046 2302 2101 2346 et
2127 2293 2307 2355 Maria,
2339 2292 2460 2361 quia
2489 2291 2584 2344 luit
2613 2302 2802 2354 mater,
2820 2299 2881 2361 et
2903 2291 3197 2347 ancilla..et
3223 2294 3412 2355 nubes,
3437 2304 3492 2348 et
3512 2296 3627 2347 tha-

2049 2364 2237 2423 lautus,
2271 2372 2325 2416 et
2360 2360 2489 2415 arca
2534 2361 2765 2414 Domini.
2813 2360 3015 2422 Mater‘;
3072 2362 3277 2429 peperit
3321 2364 3463 2416 enim
3502 2380 3624 2417 eum

2047 2432 2135 2501 qui
2161 2433 2304 2486 nasi-i
2335 2432 2499 2485 voluit
2529 2449 2543 2485 :
2569 2431 2759 2484 ancilla
2789 2447 2803 2492 ;
2837 2439 3079 2483 naturam
3122 2431 3316 2501 quippe
3343 2432 3624 2501 conﬁteor,

2047 2513 2101 2556 et
2134 2502 2364 2570 przedico
2392 2501 2614 2571 gratiam
2649 2517 2663 2553 :
2696 2502 2893 2563 nubes;
2922 2515 3047 2571 nam
3090 2514 3157 2554 ex
3202 2501 3401 2569 Spiritu
3443 2515 3630 2558 sancto

2048 2569 2286 2640 concepit
2314 2569 2455 2636 eum,
2480 2585 2636 2640 quem
2658 2572 2774 2624 sine
2794 2569 3039 2640 passione
3066 2576 3267 2638 peperit
3291 2588 3305 2625 :
3330 2574 3627 2638 thalamus;

2050 2645 2103 2695 in
2131 2638 2229 2694 illa
2245 2643 2385 2696 enim
2413 2638 2564 2709 quasi
2597 2656 2648 2692 ιιι
2681 2639 2903 2706 nuptiali
2948 2638 3182 2693 thalamo
3228 2642 3363 2694 lteus
3392 2641 3625 2697 Verbum

2054 2711 2310 2765 habitavit
2340 2728 2355 2765 :
2381 2726 2504 2765 arca
2530 2726 2545 2771 ;
2580 2725 2685 2763 non
2735 2711 2904 2781 legem
2934 2718 3173 2781 portans,
3213 2711 3308 2764 sed
3336 2711 3634 2781 Legislatn-

2053 2795 2167 2836 rem
2194 2791 2346 2835 utero
2384 2790 2620 2850 gestans.
2662 2779 3018 2850 Quamobrem
3047 2779 3297 2850 dicamus
3341 2779 3437 2845 illi,
3482 2780 3633 2836 Bene.

2050 2850 2186 2903 dicta
2213 2860 2267 2903 tu
2309 2850 2363 2903 in
2394 2849 2709 2921 ’nmlieribus.
2738 2849 2819 2903 Tu
2847 2849 2897 2901 itt
2928 2849 3240 2921 mulieribus
3265 2852 3374 2904 sola
3402 2866 3482 2917 es,
3513 2868 3633 2921 qua:

2053 2920 2179 2991 Eva:
2207 2933 2492 2991 Inmrorem
2514 2920 2733 2991 curasti,
2756 2933 2874 2991 qua:
2898 2918 3013 2991 sola
3043 2918 3343 2991 plangentis
3368 2918 3633 2991 lacryntas

2051 2989 2367 3051 abstersisti,
2419 3004 2539 3057 mue
2591 2987 2704 3041 sola
2755 2987 3137 3056 redemptionis
3167 2987 3348 3043 mundi
3400 2987 3633 3055 pretium

2054 3058 2241 3124 tulisti,
2272 3059 2359 3113 cui
2387 3058 2486 3111 soli
2530 3057 2829 3126 margarita:
2859 3056 3137 3127 thesaurus
3160 3058 3499 3113 concreditus
3524 3070 3632 3127 est,

2054 3144 2173 3198 qua:
2201 3127 2314 3181 sola
2354 3128 2472 3182 sine
2497 3129 2768 3198 voluptate
2796 3140 3074 3198 praegnans
3095 3125 3270 3198 luisti,
3309 3136 3364 3182 et
3390 3129 3509 3184 sine
3532 3125 3634 3184 do;-

2057 3196 2171 3253 lore
2197 3198 2625 3267 peperistianze
2653 3197 2765 3250 sola
2794 3196 3195 3267 Etnmauuelem
3243 3209 3301 3251 ut
3341 3199 3458 3266 ipse
3483 3199 3633 3255 vole-

2055 3268 2145 3322 bat
2168 3265 2415 3337 genuisti.
2464 3266 2732 3337 Benedicta
2780 3277 2834 3319 tu
2860 3266 2912 3319 in
2951 3265 3242 3337 mulieribus
3268 3278 3312 3325 et
3345 3265 3635 3324 benedictus

2057 3333 2249 3408 fructus
2274 3336 2426 3404 (Luc.
2455 3338 2505 3391 1.
2536 3334 2653 3406 28),
2689 3352 2792 3390 non
2835 3350 3056 3408 semen;
3090 3333 3215 3408 ﬂos,
3258 3353 3363 3392 non
3414 3343 3633 3405 passio;

2057 3406 2329 3477 Splendor,
2377 3423 2481 3461 ttott
2506 3417 2787 3469 creatura;
2818 3420 2937 3460 eum
2985 3406 3140 3477 Patre
3182 3406 3357 3460 throni
3388 3424 3632 3475 consors,

2060 3475 2164 3532 non
2191 3491 2415 3542 servus;
2438 3477 2539 3542 sol,
2570 3491 2674 3530 non
2704 3492 2863 3530 arena
2894 3492 2908 3539 ;
2938 3475 3028 3545 qui
3055 3477 3326 3534 aduratur.
3353 3494 3457 3532 non
3480 3494 3638 3532 crea-

2060 3557 2177 3613 tus;
2208 3547 2590 3617 redemptionis
2613 3547 2866 3615 pretium,
2895 3562 2999 3599 non
3029 3546 3257 3601 debitor.
3287 3546 3560 3601 Benedicta
3582 3559 3639 3601 tu

2059 3618 2113 3670 in
2142 3617 2450 3679 mulieribus,
2479 3626 2525 3670 et
2551 3617 2832 3670 benedictus
2853 3620 3049 3686 [ructus
3075 3618 3256 3670 ventris
3276 3619 3369 3671 ttti.
3396 3619 3498 3672 Pro
3518 3634 3639 3671 om-

2061 3687 2218 3741 nibus
2243 3686 2309 3740 ad
2341 3696 2459 3741 tuas
2483 3686 2751 3757 canendus
2777 3686 2959 3740 laudes
2988 3686 3119 3757 satis
3147 3687 3236 3741 tibi
3262 3697 3351 3757 est
3382 3688 3637 3757 propheta

2062 3758 2299 3811 clamans
2327 3775 2340 3806 :
2372 3757 2503 3810 Ecce
2538 3755 2689 3827 Virga
2717 3757 2770 3808 in
2800 3767 2942 3827 utero
2985 3755 3393 3827 habebitjlsai.
3423 3755 3492 3813 7.‘
3526 3760 3639 3823 11).

2064 3826 2204 3881 Dixit
2239 3827 2575 3891 miraculum,
2604 3824 2654 3879 et
2688 3826 2902 3879 modum
2935 3826 3118 3879 tacuit.
3160 3824 3237 3877 Et
3266 3828 3423 3893 pariet
3455 3829 3638 3895 ﬁlium.

2063 3897 2279 3964 Partum
2312 3899 2634 3964 praedicavit,
2658 3905 2712 3948 et
2737 3894 2951 3964 nitidum
2982 3910 3086 3947 non
3116 3896 3354 3963 Sptll‘iuttl
3374 3894 3638 3951 reddidit.

2064 3963 2132 4018 Et
2156 3962 2399 4036 vocabunt
2423 3980 2602 4018 nomen
2638 3966 2748 4036 ejus
2774 3962 3094 4036 Emmanuel.
3112 3962 3639 4036 _Dixit_tnysterium,

2064 4046 2117 4090 et
2155 4034 2564 4104 appellationem
2593 4035 2742 4102 quasi
2777 4035 2975 4104 tonitru
3019 4033 3216 4087 emisit.
3258 4033 3406 4097 Quod
3444 4047 3516 4088 est
3556 4038 3640 4088 in-

2067 4102 2412 4174 terpretatum,
2460 4102 2934 4174 Nobiscuntjhus.
2971 4104 3343 4174 Demunatum
3386 4107 3639 4174 praedica-

2067 4171 2161 4237 vit,
2188 4182 2244 4228 et
2290 4173 2597 4228 Judazorum
2624 4190 2717 4227 ora
2746 4172 2991 4227 frenavit.
3040 4171 3316 4226 Nobiscum
3348 4171 3507 4242 Deus,
3542 4192 3639 4229 ex-

2067 4245 2291 4298 stinctus
2318 4254 2402 4312 est
2437 4258 2632 4297 error:
2665 4243 2942 4297 nobiscum
2993 4241 3157 4307 Deus,
3204 4254 3259 4297 et
3308 4241 3643 4299 circumcisio

2067 4314 2297 4369 cessavit
2327 4330 2340 4366 :
2374 4313 2647 4367 nobiscum
2678 4314 2836 4376 Deus,
2865 4321 2921 4367 et
2957 4313 3231 4367 dannones
3270 4313 3431 4383 fugati
3474 4325 3638 4371 sunt:

2070 4383 2344 4439 nobiscum
2371 4384 2527 4448 Deus,
2549 4392 2608 4438 et
2622 4383 2865 4437 diabolus
2890 4392 3185 4450 prostratus
3206 4394 3289 4437 est
3316 4400 3329 4436 :
3366 4385 3640 4439 nobiscum

2074 4454 2232 4518 Deus,
2258 4465 2313 4508 et
2342 4454 2539 4523 piscina
2572 4468 2760 4522 parere
2789 4468 2892 4507 ιιοιι
2915 4461 3089 4507 cessat
3118 4470 3133 4506 :
3162 4454 3438 4514 nobiscum
3470 4455 3642 4523 Dens,

2070 4534 2126 4579 et
2151 4537 2304 4594 reges
2329 4525 2579 4593 pietatem
2605 4524 2788 4578 colunt
2816 4540 2829 4576 :
2859 4523 3132 4594 nobiscum
3178 4523 3335 4588 Deus,
3372 4534 3425 4578 et
3465 4522 3648 4594 Eccle-

2072 4594 2165 4650 sia:
2188 4592 2425 4663 angusta:
2450 4595 2683 4649 evaduut
2711 4611 2724 4646 :
2758 4593 3033 4647 nobiscum
3070 4592 3229 4656 Dens,
3260 4603 3314 4646 et
3337 4608 3481 4647 mors
3510 4592 3646 4648 facta

2073 4674 2155 4719 est
2180 4679 2399 4717 somnus
2426 4680 2440 4719 :
2472 4665 2746 4720 nobiscum
2791 4664 2951 4729 Deus,
2981 4670 3037 4716 et
3078 4663 3274 4717 mortui
3301 4663 3370 4717 de
3402 4663 3648 4718 libertate

2074 4735 2402 4803 exsultantes
2438 4735 2669 4789 clamant
2696 4752 2710 4788 :
2744 4732 2866 4788 Non
2894 4733 3124 4803 angelus,
3170 4749 3269 4785 non
3294 4734 3528 4803 tegulas,
3559 4735 3650 4787 sed

2074 4804 2182 4869 ipse
2208 4801 2346 4857 Deus
2369 4805 2520 4871 venit,
2545 4816 2594 4859 et
2622 4804 2831 4860 suleavit
2855 4820 2946 4858 nos
2966 4801 3130 4875 ‘(Isatl
3158 4802 3246 4857 b3.
3277 4802 3332 4873 9)
3365 4801 3383 4857 Ξ
3415 4805 3513 4873 ipsi
3543 4805 3649 4873 gloo

2078 4875 2155 4927 ria
2183 4877 2235 4927 in
2259 4875 2474 4927 saacula.

2078 4890 2155 4928 Ha
2184 4891 2235 4929 Ill
2259 4889 2474 4928 831200“.

2161 5073 2449 5118 SANCTAM
2486 5075 2805 5119 DEIPARAH
2818 5102 2833 5117 .

1880 5214 2135 5236 —.—u

472 5322 520 5376 l.
547 5319 753 5375 Rursus
793 5315 1011 5386 Spiritui
1056 5311 1457 5386 sanctogtldens,
1484 5312 1795 5386 ignorantiae
1820 5321 1970 5368 cate-

376 5407 494 5451 nas
520 5392 800 5444 avulsurus
828 5382 879 5441 ιίι
907 5385 1162 5440 doctrina:
1188 5384 1378 5437 solium
1397 5382 1651 5453 ascendo,
1675 5398 1774 5436 nec
1795 5397 1968 5437 meam

376 5460 659 5519 reveritus
680 5458 931 5527 inopiam.
957 5455 1090 5510 Cum
1106 5454 1264 5527 enim
1280 5467 1584 5527 λμυιιεςιιιιι
1612 5463 1854 5507 amantes
1873 5453 1969 5527 Δδὶ-

378 5533 488 5595 Iis,
513 5531 734 5586 caritate
763 5521 891 5581 moti
918 5527 1020 5580 mei
1046 5521 1446 5579 miserebiinini.
1472 5524 1679 5595 Pauper
1694 5537 1821 5595 eum
1842 5521 1965 5595 sim,

371 5592 589 5659 divites
611 5598 766 5665 adeo,
800 5612 898 5652 nec
921 5595 1236 5665 arrogantiae
1266 5594 1466 5665 morbo
1482 5593 1666 5665 laboro
1688 5609 1704 5655 ;
1729 5592 1824 5647 sed
1846 5593 1971 5646 reti-

370 5671 532 5743 giosi
573 5661 760 5724 animi
788 5667 949 5743 vestri
984 5661 1308 5719 desiderium
1345 5663 1569 5743 intpleo._
1608 5661 1735 5743 lVam
1783 5672 1837 5716 et
1863 5677 1971 5743 vos

370 5731 672 5802 Ecrmouea
718 5737 846 5804 mei,
888 5746 943 5792 et
988 5751 1075 5791 me
1116 5748 1294 5790 mores
1336 5735 1495 5789 vestri
1540 5733 1822 5789 delccmnt.
1863 5731 1971 5787 Nec

813 5990 847 6007 θ

2082 5316 2467 5381 paupertatem,
2498 5319 2597 5359 nec
2622 5304 2675 5358 in
2710 5301 2938 5359 dicendo
2966 5302 3196 5427 inopiam
3242 5318 3414 5358 meam
3457 5306 3654 5370 sentio,

2082 5396 2197 5427 cum
2230 5379 2330 5427 hoc
2362 5374 2638 5427 onEehrum
2666 5383 2723 5427 et
2751 5372 3049 5427 desiderabi
3075 5390 3107 5427 e
3154 5375 3416 5427 theatrum
3444 5376 3654 5427 consui-

2076 5372 2203 5436 énui
2230 5379 2330 5431 hoc
2362 5374 2638 5446 pulchrum
2666 5383 2723 5429 et
2751 5372 3107 5446 desiderabile
3154 5375 3416 5446 theatrum
3444 5376 3659 5445 conspi-

2075 5449 2183 5505 cio.
2210 5449 2335 5504 Scio
2360 5443 2707 5515 quippe,vos
2732 5458 2837 5498 non
2866 5443 3130 5515 dictorum
3150 5443 3376 5515 iudices,
3409 5458 3511 5500 nec
3533 5443 3661 5515 ago-

2079 5536 2205 5574 num
2235 5514 2564 5585 spectatores
2589 5514 2693 5569 huc
2730 5514 3036 5585 convenire,
3073 5514 3168 5569 sed
3194 5523 3271 5585 ut;
3289 5514 3455 5585 quasi,
3480 5514 3659 5583 patres

2076 5605 2198 5645 cum
2226 5583 2333 5641 tilio
2360 5584 2798 5640 corroboretuini.
2832 5585 2942 5655 Ego
2970 5599 3198 5654 namque
3242 5583 3418 5653 lingua
3446 5584 3658 5651 loquor,

2080 5676 2178 5713 vos
2200 5668 2377 5712 autent
2407 5655 2569 5710 corde
2614 5655 2790 5725 petitis
2817 5673 2846 5708 a
2880 5660 3008 5717 Deo,
3041 5664 3097 5709 ut
3120 5656 3276 5709 detur
3301 5656 3663 5725 nobissermo

2082 5732 2133 5785 in
2159 5728 2436 5800 apertinnc
2473 5727 2585 5781 oris
2615 5722 2846 5796 (Ιίνιιις.
2877 5729 2930 5781 6.
2962 5725 3056 5795 19)
3088 5743 3101 5778 :
3131 5741 3254 5782 nam
3277 5739 3400 5781 cum
3430 5722 3663 5779 ﬁliorum
