3988 6206
243 296 335 352 713
606 285 610 289 ⁴
1235 290 1300 347 IN
1339 290 1810 347 PRODITIONEM
1852 290 2311 358 SERVATORIS,
2353 290 2506 347 ETC.
3399 301 3499 355 7t;

241 409 598 487 intemeratam
632 407 845 463 vulvam
870 403 1101 487 servavit
1127 414 1184 487 ut
1212 403 1372 487 Deus.
1387 404 1575 487 priora
1606 405 1801 487 quippe

243 482 324 536 llei
353 495 457 535 ιιοιι
505 490 706 533 naturae
732 491 915 532 rerum
938 476 1199 539 serviunt,
1243 473 1337 528 sed
1387 474 1478 529 Dei
1512 475 1665 529 Verbi
1692 473 1804 543 jus-

237 566 346 607 sum
376 559 688 620 sequuntur.
715 546 1181 620 Aliquandoenim
1226 545 1363 600 Deus
1389 544 1681 620 secundum
1709 560 1804 599 ua-

240 630 404 675 turam
429 615 594 683 creat,
628 628 685 672 ιιι
712 627 915 672 natura:
939 616 1181 671 ordinem
1210 629 1540 683 cognoscas;
1566 615 1807 684 aliquan-

238 692 302 747 do
318 698 495 745 autem
525 699 719 759 pra-ter
751 696 996 759 naturam
1032 695 1199 759 creat,
1233 694 1291 738 nt
1332 684 1509 759 discas
1531 686 1804 755 operantis

240 756 542 831 potentiam.
568 757 754 831 Neque
794 757 937 810 enim
990 756 1169 831 omnia
1214 756 1505 809 secundum
1559 765 1801 831 naturam

243 827 387 897 liunt,
403 845 470 884 ne
486 827 675 884 natura
699 828 838 882 Dens
861 842 980 881 esse
992 828 1196 880 dicatur
1224 843 1237 878 :
1271 839 1444 897 neque
1464 827 1642 897 omnia
1667 841 1801 895 pra:-

238 911 312 956 ter
350 895 614 965 naturam,
658 914 725 953 ne
763 906 1015 966 putentur
1043 905 1253 966 naturte
1286 895 1657 951 confusionem
1682 910 1804 950 esse

235 986 312 1033 ea,
341 986 462 1041 quae
490 981 682 1038 praeter
707 965 950 1022 naturam
979 965 1145 1041 fiunt?
1167 965 1427 1021 Emirmat
1450 967 1589 1019 Deus
1612 980 1803 1020 secnn-

235 1037 376 1093 ihun'
403 1037 676 1102 naturam,
719 1046 772 1090 et
815 1046 961 1091 creat
988 1037 1147 1090 etiam
1189 1044 1383 1106 prmter
1419 1043 1701 1106 naturam,
1747 1044 1806 1089 ιιι

160 1124 187 1167 ε,
235 1110 401 1166 discas
433 1120 672 1164 naturam
694 1108 900 1161 ancilla:
931 1122 1102 1173 more,
1133 1104 1206 1160 et'
1230 1104 1522 1159 secundum
1557 1115 1798 1159 naturam

237 1183 452 1246 moveri,
484 1191 537 1236 et
569 1188 761 1250 printer
793 1189 1032 1232 naturam
1073 1191 1310 1240 currere,
1342 1176 1433 1229 Dei
1470 1177 1676 1244 jussum
1707 1176 1804 1229 itit-

237 1255 481 1319 plentettt.

240 1314 249 1335 ⁷
300 1321 351 1374 5.
380 1322 472 1375 Dic
512 1334 638 1375 vero
672 1327 749 1385 ιιι,
775 1318 867 1389 qui
917 1314 1803 1389 quastionem_Atnoves,_quomodo

232 1391 469 1447 Christus
498 1406 565 1447 ex
592 1385 902 1445 intemerata
936 1385 1105 1442 'vulva
1160 1387 1426 1456 prodictus,
1487 1385 1803 1454 virginitatis

235 1462 559 1531 signaculum
587 1475 691 1515 non
722 1459 939 1531 delevit,
961 1460 1227 1531 quomodo
1241 1474 1319 1531 ex
1348 1457 1581 1531 virgineo
1598 1457 1804 1531 Allamo

235 1526 375 1600 virgo
401 1532 509 1586 Eva
536 1530 766 1600 prodiit?
797 1529 926 1583 Nam
964 1526 1188 1597 Deipara
1241 1526 1399 1600 Maria
1426 1568 1440 1591 ,
1470 1541 1588 1600 quae
1632 1526 1801 1600 virum

235 1596 789 1676 ntuiuoveratnirum
820 1596 1281 1676 peperit_;_’primus
1308 1597 1467 1676 homo
1493 1597 1680 1676 Atiam.
1712 1596 1800 1676 qui

234 1672 503 1727 mulierem
538 1688 643 1725 non
670 1668 909 1733 noverat,
938 1668 1212 1723 mulierem
1242 1668 1671 1737 germinavit.At
1700 1668 1803 1719 vir-

230 1743 404 1811 ginem
433 1743 669 1811 gignere,
702 1741 825 1795 licet
868 1754 954 1794 res
995 1736 1259 1807 stupenda
1280 1740 1368 1811 sit,
1399 1736 1594 1806 aliquid
1625 1745 1799 1811 tamen

234 1805 454 1865 rationis
469 1805 729 1875 liabet,'in
757 1819 1011 1880 quantum
1034 1805 1238 1869 venter.
1262 1807 1436 1880 vulva,
1467 1817 1521 1880 e_t
1550 1805 1802 1859 naturalis

235 1881 515 1935 infantilms
538 1884 620 1933 via
642 1881 751 1948 jam
777 1874 1054 1939 effnrmata
1086 1888 1199 1936 cst:
1227 1879 1319 1929 secl
1352 1879 1400 1929 in
1430 1874 1632 1929 Adamn
1683 1884 1800 1927 stu-

302 1953 400 2005 uda
428 1952 604 2005 omnia
633 1958 776 2005 sunt.
832 1949 961 2016 Quis
1006 1949 1146 2003 enim
1193 1949 1324 2000 vidit
1351 1962 1416 1999 ex
1445 1955 1592 2016 costa
1619 1954 1798 1998 natum

184 2022 193 2029 ’
232 2014 532 2075 hominem?
558 2014 894 2089 quandonant
922 2028 1067 2072 costa
1100 2017 1325 2089 fructum
1358 2014 1514 2069 tulit?
1539 2014 1799 2089 seiunnm

229 2091 445 2145 immisit
485 2083 624 2144 Dens
665 2089 891 2154 Adamo,
924 2105 991 2141 tte
1015 2089 1081 2141 dc
1110 2087 1315 2141 sublata
1368 2095 1514 2139 t'Osta
1570 2083 1796 2149 doleret,

226 2176 409 2215 verum
434 2162 549 2230 ejus
577 2160 785 2213 vincula
832 2158 1130 2230 consepivit
1162 2175 1174 2210 :
1208 2158 1415 2230 vincula
1443 2155 1640 2230 quippe
1676 2166 1801 2230 sun}

225 2240 426 2284 naturae
447 2222 661 2293 (nervi.
689 2230 855 2297 Cujus
883 2228 960 2282 rei
989 2222 1137 2282 testis
1162 2236 1245 2280 est
1275 2222 1666 2279 Daniel—dicens
1691 2242 1703 2275 :
1734 2222 1801 2276 Et

225 2300 323 2353 vidi
338 2300 576 2353 visionem
600 2308 645 2352 et
665 2299 843 2360 cecidi,
861 2307 907 2350 et
934 2297 1129 2351 vincula
1158 2298 1440 2349 lumborum
1470 2310 1692 2347 meorum
1719 2309 1801 2347 so-

223 2370 332 2423 luta
358 2380 474 2423 sunt
495 2371 513 2439 (
536 2368 667 2423 Dan.
697 2369 782 2424 10.
806 2367 862 2423 9.
894 2378 938 2421 et
963 2367 1015 2421 5.
1048 2368 1139 2437 6).
1168 2367 1381 2439 (lostam
1409 2378 1538 2433 ergo
1562 2364 1676 2433 lege
1702 2378 1798 2439 na-

225 2448 358 2494 turae
387 2433 648 2493 ﬁrmatam
668 2481 683 2502 ,
712 2454 998 2493 nervorum
1029 2433 1253 2491 vinculis
1280 2449 1597 2498 connexam,
1619 2433 1797 2488 carni-

225 2510 323 2564 bus
346 2518 670 2571 etmtcxtam,
693 2508 844 2563 venis
870 2508 1230 2577 coniunctam,
1253 2504 1523 2577 quomodo
1547 2502 1799 2577 abstulit?

220 2581 489 2649 quomodo
511 2578 745 2633 avulsit?
772 2574 1040 2649 quomodo
1074 2574 1288 2649 sublata
1327 2584 1485 2649 costa-
1504 2574 1670 2627 Adam
1716 2575 1798 2649 in-

220 2644 445 2704 columis
492 2648 722 2703 mansit?
768 2647 1086 2716 Quomodo?
1133 2645 1232 2716 Qui
1277 2644 1436 2716 solvit
1475 2645 1588 2712 ipse
1616 2644 1794 2716 novit;

219 2720 309 2788 qui
335 2719 490 2774 solvit
506 2719 620 2785 ipse
639 2712 923 2788 colligavit.
949 2716 1159 2771 Etenim
1178 2714 1224 2771 si
1246 2712 1638 2788 alius‘ligasst-t,
1662 2713 1800 2788 alius

217 2783 484 2853 salvis-set,
511 2783 633 2843 hinc
653 2783 877 2859 quaestio
895 2788 1127 2859 oriretur
1149 2803 1163 2839 :
1187 2784 1281 2839 sed
1309 2787 1354 2838 si
1382 2783 1448 2846 is,
1470 2784 1557 2852 qui
1579 2785 1797 2859 cuneiu-

218 2851 602 2927 naverat,'ipse
656 2851 848 2923 solvit;
876 2859 920 2911 si
951 2858 1016 2921 is,
1041 2857 1130 2926 qui
1159 2864 1363 2927 costam
1407 2869 1477 2927 εις
1496 2851 1500 2852 ⁷
1519 2864 1659 2907 terra
1687 2851 1796 2927 for-

216 2940 476 2992 maverat,
510 2922 723 2983 costam
753 2922 971 2984 abStulit
1001 2945 1017 2982 :
1046 2922 1159 2995 ipse
1186 2925 1335 2979 solus
1358 2922 1504 2977 novit
1530 2922 1799 2995 quomodo

214 3000 455 3063 Solverit,
474 2999 564 3068 qui
583 2997 730 3052 solus
746 2999 893 3068 novit
909 2992 1176 3066 quomodo
1198 2994 1558 3068 membrorum
1588 2992 1798 3068 harmow

217 3070 360 3122 niani
389 3062 766 3137 composuerit.
801 3066 870 3122 Ut
895 3062 1023 3133 ergo
1050 3078 1169 3137 post
1196 3064 1685 3137 sublatamcostam
1719 3062 1801 3115 in-

212 3140 443 3192 columis
465 3133 659 3191 mansit
684 3137 873 3199 Adam.
901 3139 979 3189 sic
1008 3144 1126 3205 post
1150 3134 1361 3188 infantis
1383 3133 1592 3205 exitum
1620 3134 1797 3186 incor~

215 3220 373 3278 rupta
394 3208 584 3262 mansit
612 3207 786 3278 Virgo.
808 3206 989 3278 Neque
1008 3203 1149 3278 enim
1173 3212 1294 3272 post
1314 3203 1573 3257 sublatam
1593 3211 1796 3256 costam

213 3273 494 3332 ba'rmonia
513 3273 869 3332 membrorum
890 3273 1077 3330 Adami
1101 3273 1225 3329 laesa
1246 3282 1350 3338 est,
1375 3286 1550 3341 neque
1570 3280 1799 3326 exeunte

214 3348 419 3402 infante
447 3347 763 3417 virginitatis
790 3347 1119 3416 signaculum
1146 3352 1460 3417 temeratum
1483 3352 1583 3417 est_.
1604 3341 1799 3417 Quem-

208 3418 504 3472 admodum
531 3413 687 3472 'enim
713 3413 859 3485 apud
882 3431 980 3469 nos
1007 3417 1053 3470 si
1101 3414 1219 3484 quis
1247 3414 1477 3485 alienum
1521 3413 1796 3485 vinculum

209 3488 430 3544 solvere
459 3486 619 3553 velit,
649 3482 820 3553 ipsum
863 3486 1088 3540 destruit
1113 3482 1167 3539 et
1193 3482 1458 3539 abscindit
1484 3483 1554 3536 nb
1580 3484 1793 3551 imperi-

211 3559 381 3622 tiam;
409 3558 497 3628 qui
524 3572 652 3613 vero
670 3553 872 3627 ligavit,
899 3555 1017 3610 sine
1044 3556 1224 3628 labore
1252 3554 1439 3628 solvit;
1465 3553 1797 3628 harmoniam

205 3624 733 3698 quippe'ligatninis'
747 3629 893 3681 novit
918 3644 932 3681 :
963 3629 1039 3698 sic
1058 3627 1212 3698 Δυιιιιε
1243 3625 1332 3694 qui
1358 3637 1553 3692 corpus
1582 3624 1799 3698 cencin-

206 3692 396 3764 navii,
427 3692 746 3755 constrinxit
780 3707 832 3751 et
873 3695 1116 3766 perfecit,
1156 3706 1211 3748 et
1255 3692 1544 3766 nervorum
1587 3692 1795 3747 vincula

203 3763 458 3831 noverat,
482 3779 538 3823 et
560 3768 826 3837 quomodo
849 3763 1053 3821 costam
1081 3781 1203 3837 cum
1221 3777 1367 3818 costa
1393 3763 1714 3837 copulasset.
1742 3773 1797 3816 et

200 3839 492 3892 articulum
521 3833 902 3894 et'membrum
928 3878 943 3901 ,
971 3844 1027 3891 et
1072 3851 1136 3890 ex
1176 3836 1239 3890 iis
1285 3850 1402 3903 qua:
1451 3833 1797 3901 colligaverat

202 3909 346 3962 scite
369 3918 424 3962 et
448 3908 720 3977 sapienter
761 3917 963 3963 costam
1011 3907 1246 3967 abstulit.
1277 3902 1375 3960 nec
1405 3903 1666 3977 A_datn_mn
1697 3902 1798 3977 im-

202 3978 425 4032 minuit.
472 3972 717 4046 Seipsum
747 3979 1045 4032 ellormavit
1099 3977 1400 4045 unigenitus
1429 3972 1715 4046 DeieFiIins
1744 3973 1795 4026 in

206 4047 454 4115 Virgine,
485 4043 660 4115 neque
681 4048 1014 4102 ellormando
1034 4043 1389 4115 virginitatem
1414 4043 1591 4104 solvit.
1624 4058 1797 4112 neque

203 4114 543 4186 per’vulvant
575 4114 757 4171 exiens
786 4118 997 4186 vulvam
1034 4114 1296 4186 corrupit.
1331 4114 1423 4186 Dic
1446 4128 1573 4183 ergo
1595 4154 1610 4175 ,
1644 4127 1678 4166 o
1703 4129 1795 4164 so-

203 4183 390 4258 phista
421 4198 477 4240 et
505 4186 733 4258 erudite,
759 4186 895 4258 Quid
925 4183 1135 4238 facilius
1172 4194 1274 4243 est.
1300 4184 1553 4258 virginem
1586 4198 1792 4258 parere,

198 4252 263 4312 et
290 4265 410 4326 post
433 4267 641 4325 partqu
669 4255 923 4326 virginem
946 4268 1181 4326 manere,
1210 4263 1301 4306 aut
1319 4252 1611 4326 virgam‘ad
1633 4252 1794 4326 vitam

198 4322 415 4391 vocari,
434 4322 498 4381 ἐι
524 4340 590 4380 ex
620 4324 839 4378 animali
864 4339 1075 4378 rursum
1103 4325 1302 4393 virgam
1333 4322 1486 4378 ﬁeri?
1514 4322 1794 4391 Quomodo

231 4465 1388 4480 _-————1—g!=——ﬁ_cl==_

1388 4465 1640 4474 -—.—.—
1652 4465 1713 4471 ..υ-
1732 4462 2149 4474 ν--ςσ-νθα--α-έ.

1912 407 2054 476 virga
2082 406 2289 479 Moysis
2311 405 2362 460 in
2385 405 2670 479 draconem
2682 412 2894 479 mutata
2923 405 3058 479 fuit?
3083 409 3353 479 quomodo
3382 411 3499 466 ina-

1911 475 2182 530 nimatum‘
2204 476 2437 530 animam
2461 475 2704 543 accepit?
2728 476 2999 545 quomodo
3025 475 3118 532 res
3134 479 3417 533 immobilis
3444 483 3496 538 in

1911 555 2053 602 terra
2074 547 2279 617 repsit?
2298 546 2567 617 quomodo
2580 560 2797 618 rursum
2819 560 2884 601 ex
2911 558 3161 618 serpente
3184 553 3328 618 virga
3361 550 3495 604 facta

1909 616 2173 687 cst,qn:e
2210 616 2359 671 suam
2387 616 2618 687 agnovit
2662 616 2941 687 naturam?
2985 616 3140 687 Modo
3184 616 3412 687 namque
3429 636 3498 676 ex

1910 689 2054 757 virga
2072 685 2260 758 draco,
2279 686 2437 758 modo
2448 685 2515 741 ex
2533 686 2763 758 dracone
2782 685 2922 755 virga
2946 685 3132 742 effecta
3161 699 3262 745 est.
3285 685 3351 744 Ut
3371 706 3499 758 ergo

1910 757 2054 829 virga
2072 757 2287 828 Moysis,
2306 776 2337 829 ι)
2362 757 2540 829 homo,
2559 757 2850 829 secendum
2870 766 3110 829 naturam
3130 759 3298 829 virga,
3315 757 3498 814 secun-

1910 825 2039 881 dum
2058 825 2410 882 mcdnomiam
2449 826 2613 880 draco
2650 825 2780 879 fuit:
2804 826 2881 880 sic
2914 836 2967 881 et
3009 827 3170 881 Maria
3197 825 3490 883 secundum

1911 906 2151 951 naturam
2176 897 2345 964 virgo.
2364 896 2653 950 secundum
2670 898 3021 951 mconomiam
3042 908 3210 953 mater
3233 901 3367 953 facta
3389 911 3495 963 est,

1913 977 1973 1020 ut
1992 966 2361 1022 Chaldaeorum
2384 968 2520 1036 magi
2541 967 2840 1030 crederent,
2861 967 3329 1034 quemadmodum,
3350 979 3406 1023 nt
3431 973 3498 1023 ti—

1914 1046 2085 1108 meret
2100 1038 2389 1108 Egyptns.
2417 1038 2561 1105 virga
2590 1036 2644 1090 in
2671 1037 2956 1108 draconem
2983 1047 3183 1093 mutata
3210 1050 3311 1094 est.
3334 1043 3410 1092 An
3441 1049 3496 1093 tn

1911 1107 2048 1162 nolis
2072 1106 2338 1177 Virginem
2359 1122 2616 1178 apparere
2635 1106 2899 1178 aditnnmli
2925 1108 3187 1178 salutem?
3229 1109 3420 1178 Utique
3441 1111 3493 1163 in

1911 1188 2066 1231 terra;
2114 1176 2342 1232 mntibus
2392 1176 2528 1230 muri
2574 1177 2889 1231 scinduntur
2914 1184 2969 1230 et
2995 1176 3416 1246 conjunguntnr,
3442 1191 3494 1235 ct

1911 1246 2124 1301 Christo
2155 1258 2405 1302 nascente
2431 1262 2534 1301 non
2564 1247 2834 1316 aperietur
2860 1247 3033 1306 vulva.
3062 1260 3118 1301 et
3138 1262 3321 1303 rursus
3341 1250 3459 1302 clan

1910 1317 2107 1371 detur?
2134 1319 2193 1373 ln
2218 1327 2371 1371 terrm
2393 1319 2624 1371 motibus
2646 1318 2716 1369 ita
2742 1316 3055 1371 scinduntur
3081 1319 3239 1382 muri,
3268 1328 3324 1373 nt
3349 1335 3494 1372 mur-

1912 1388 1980 1440 tis
2002 1387 2293 1457 periculum
2324 1387 2589 1450 inferant;
2622 1395 2677 1440 et
2707 1387 2774 1440 ita
2802 1385 2978 1439 denuo
3002 1388 3315 1457 junguntur.
3348 1401 3399 1442 ut
3426 1405 3495 1443 ne

1909 1459 2188 1526 vestigium
2221 1458 2433 1527 quidem
2462 1457 2732 1511 scissionis
2771 1469 2980 1510 maneat
3007 1473 3023 1511 :
3050 1466 3105 1527 et
3138 1462 3188 1511 in
3217 1469 3368 1527 partu
3401 1460 3493 1513 illo

1910 1529 2217 1596 incorrupto
2239 1526 2406 1582 nolles
2428 1528 2635 1581 vulvam
2663 1528 2801 1581 illam
2819 1527 2949 1580 solvi
2974 1527 3024 1578 in
3048 1526 3303 1582 honorem
3323 1529 3491 1582 infan-

1913 1600 2000 1663 tis,
2030 1610 2082 1652 et
2106 1599 2282 1652 denuo
2305 1599 2451 1667 jungi
2481 1607 2534 1650 et
2562 1598 2901 1667 copulat-Lac
2931 1596 3244 1667 virginitatis
3267 1597 3489 1652 formam

1911 1670 2149 1737 recipere
2203 1683 2299 1738 per
2345 1666 2591 1721 virtutem
2645 1666 3095 1738 cperantis?Nec
3143 1666 3269 1720 mihi
3319 1668 3486 1730 dicas,

1911 1736 2065 1793 Unde
2093 1736 2329 1792 substitit
2354 1752 2480 1790 caro
2507 1747 2560 1789 et
2595 1738 2810 1806 sanguis
2840 1751 2946 1789 non
2976 1736 3216 1806 subjecto
3241 1738 3490 1793 semine?

1908 1807 2040 1862 Nam
2071 1824 2134 1862 ex
2165 1808 2250 1873 iis,
2275 1806 2560 1877 qiueapud
2607 1821 2703 1859 nos
2747 1805 2898 1868 fiunt,
2934 1819 3214 1877 possumus
3241 1806 3315 1869 id.
3344 1809 3488 1877 quod

1907 1893 2066 1946 supra
2095 1892 2191 1931 nos
2220 1888 2323 1941 est,
2353 1876 2616 1930 ediscere.
2644 1877 2704 1929 Et
2733 1890 2903 1946 evoca
2931 1875 3058 1930 mibi
3086 1879 3151 1930 ad
3180 1875 3486 1946 exemplum

1909 1945 2161 2017 pictores,
2213 1949 2301 2017 qui
2356 1961 2498 2013 saepe
2548 1947 2777 2014 plantas,
2808 1945 3051 2017 arbores,
3099 1957 3267 2013 prata,
3298 1945 3488 2002 ﬂuvios

1906 2016 2241 2088 depingunt;
2273 2028 2327 2072 et
2374 2032 2493 2069 cmn
2545 2024 2788 2088 naturam
2841 2016 2941 2069 sibi
2988 2017 3332 2088 Opitulantent
3382 2036 3486 2073 non

1909 2085 2256 2151 habenuartc
2281 2097 2539 2141 conantur
2582 2102 2675 2154 per
2710 2085 2947 2140 eolnrum
2985 2087 3268 2140 mixtione.»
3308 2104 3487 2143 rerum

1907 2158 2163 2229 imagines
2209 2158 2421 2212 ollerre.
2450 2156 2878 2229 Fluviumienim
2911 2166 3312 2229 repra‘sentant,
3357 2158 3486 2212 nihil

1905 2243 1935 2281 a
1976 2225 2248 2284 ﬂuminum
2293 2229 2445 2282 alveo
2503 2228 2720 2280 mutuati
2754 2243 2768 2278 :
2801 2226 3069 2281 hominem
3123 2225 3351 2289 faciunt,
3395 2244 3488 2281 na-

1906 2309 2022 2355 tura
2054 2301 2280 2353 hnmana
2312 2299 2438 2351 nihil
2470 2296 2571 2351 sibi
2602 2296 2995 2351 commodante.
3026 2296 3485 2362 Quemadmodum

1905 2386 2034 2439 ergo
2056 2370 2285 2439 pictores
2308 2370 2544 2439 colorum
2576 2382 2675 2434 ope
2707 2366 2996 2439 hominem,
3018 2365 3239 2439 fontem,
3264 2365 3485 2422 ﬂuvium

1904 2436 2215 2511 depingunt,
2247 2454 2366 2511 cum
2399 2438 2529 2511 nihil
2559 2456 2585 2488 a
2617 2439 2780 2501 fonte,
2804 2436 3072 2511 ll_uvi_i_rve_l
3100 2436 3313 2490 homine
3331 2452 3487 2511 necc-

1907 2505 2094 2572 perint'
2108 2527 2120 2562 :
2148 2511 2225 2564 sic
2249 2520 2303 2563 et
2333 2508 2563 2579 Spiritus
2591 2515 2806 2579 sanctus
2834 2507 2884 2559 in
2906 2505 3134 2579 yirgine
3163 2521 3269 2579 non
3293 2508 3489 2579 colori-

1904 2582 2021 2636 bus.
2050 2581 2143 2633 setl
2201 2575 2479 2633 voluntate
2530 2576 2816 2630 animatum
2864 2575 3480 2642 ell'ortnavitlmtninetn,

1904 2650 2217 2718 nullumque
2246 2658 2514 2702 mutuatus
2538 2655 2622 2718 est
2643 2648 2713 2699 ab
2740 2646 2967 2699 humana
2996 2656 3182 2718 natura
3209 2662 3391 2718 semen
3419 2652 3483 2701 ait

1904 2723 2043 2774 alius
2064 2716 2522 2773 constitutionem.
2575 2717 2714 2769 Deus
2739 2725 2960 2785 accepto
2988 2717 3204 2784 pulvere
3231 2716 3299 2771 de
3339 2726 3479 2771 terra

1905 2805 2011 2843 non
2035 2790 2279 2843 humanis
2307 2788 2551 2842 manibus
2578 2788 2596 2855 (
2623 2786 2970 2855 incomposita
2997 2786 3193 2856 quippe
3217 2796 3300 2840 est
3318 2787 3486 2842 deita-

1904 2862 1971 2913 tis
2002 2858 2229 2929 natura)
2258 2859 2517 2929 Adamunt
2569 2866 2626 2911 ιιι
2665 2858 2832 2910 voluit
2886 2855 3182 2929 ell'ortnavit
3216 2875 3230 2911 :
3258 2858 3487 2927 Spiritus

1905 2945 2034 2984 vero
2058 2925 2273 2983 sanctus
2296 2945 2400 2982 non
2432 2928 2702 2995 pulverem
2732 2928 2966 2997 accepit,
2981 2941 3086 2997 non
3116 2925 3344 2981 humana
3368 2929 3487 2997 lege

1904 3012 2088 3053 semen
2118 2998 2259 3066 injici
2289 2998 2575 3061 concessit,
2602 2997 2698 3049 sed
2735 2998 2909 3049 solum
2956 2996 3148 3062 illuxit,
3180 3011 3301 3050 ossa
3330 2996 3481 3052 com-

1904 3069 2072 3137 pegit,
2092 3082 2282 3122 nervos
2317 3066 2570 3130 tetendit,
2595 3080 2780 3129 nares,
2801 3080 2977 3130 aures,
3001 3068 3205 3137 oculos,
3231 3067 3480 3135 linguam,

1905 3134 2113 3199 manus,
2139 3139 2331 3207 pedes,
2363 3138 2595 3190 animam
2618 3146 2932 3207 ,rmentem,
2965 3134 3363 3207 cogitationem,
3390 3134 3483 3192 ra;

1905 3211 2103 3263 tionem
2132 3205 2443 3271 constituit;
2472 3207 2574 3261 etsi
2608 3206 2656 3260 id
2691 3206 2923 3258 haeretici
2954 3205 3171 3258 minime
3203 3207 3386 3261 velint.
3418 3208 3484 3263 Ut

1903 3281 2043 3333 enim
2090 3279 2142 3343 ii,
2190 3279 2278 3348 qni
2332 3279 2382 3331 in
2428 3278 2644 3345 Speculo
2692 3276 3017 3348 respiciunt,
3073 3276 3353 3348 imaginem
3400 3280 3482 3333 sui

1904 3345 2393 3418 oppositam'oculis
2421 3349 2621 3409 vident,
2649 3362 2713 3400 ex
2742 3345 2953 3418 informi
2983 3345 3199 3400 materia
3222 3358 3479 3416 paratam.

1906 3415 2186 3490 inuiginent
2235 3433 2379 3487 saepe
2423 3418 2715 3490 ridentem.
2743 3415 2982 3490 ﬂentem,
3011 3415 3356 3490 commotam,
3394 3435 3486 3472 Va-

1906 3487 2356 3544 rins'snbeuntem
2409 3488 2615 3545 modus.
2647 3502 2711 3541 ac
2758 3487 2992 3543 viventis
3040 3488 3224 3541 forma:
3272 3488 3485 3544 habitus

1905 3561 2199 3614 imitantem
2234 3577 2248 3612 :
2277 3559 2356 3612 sic
2385 3569 2441 3612 et
2483 3557 2712 3627 Spiritus
2741 3565 2957 3611 sanctus
2996 3557 3047 3610 in
3079 3572 3211 3627 puro
3238 3560 3483 3626 speculo,

1906 3629 2247 3683 immaculato
2296 3643 2496 3699 nempe
2548 3626 2780 3696 Virginis
2830 3641 3056 3699 corpore
3109 3628 3300 3691 illuxit,
3360 3646 3484 3699 per-

1904 3702 2203 3767 fectumque
2243 3701 2446 3753 creavit
2486 3697 2777 3758 hominem,
2819 3712 2925 3750 non
2957 3698 3083 3767 lege
3117 3697 3481 3764 naturze,'non

1910 3780 2170 3838 tempore,
2201 3782 2304 3821 non
2334 3768 2568 3822 humano
2591 3766 2796 3820 semine
2820 3780 2963 3838 usus,
2993 3766 3086 3821 sed
3109 3768 3226 3821 solo
3245 3779 3486 3837 aspectu,

1901 3854 1963 3894 ac
1991 3835 2249 3908 spirituali
2299 3849 2588 3907 sanctaque
2628 3838 2843 3908 virtute,
2874 3835 3143 3908 Vitgincm
3175 3838 3241 3892 ad
3270 3835 3480 3906 partum

1905 3905 2093 3975 movit,
2136 3905 2684 3977 inell'abiliqae‘modo
2715 3905 2984 3960 infantem
3005 3907 3057 3960 in
3090 3908 3174 3960 illa
3206 3905 3483 3963 contexuit

1910 3986 1965 4033 ut
1994 3980 2372 4034 vestimentum
2404 3976 2423 4040 ,7
2446 3978 2511 4030 ad
2539 3976 2764 4030 salutem
2797 3976 3091 4029 hominum.
3125 3977 3248 4031 llzec
3274 3979 3489 4045 quidem

1903 4050 1974 4103 ita
2019 4064 2079 4103 se
2126 4048 2345 4103 habent.
2402 4048 2509 4100 Nos
2537 4057 2717 4100 autem
2761 4060 2857 4115 pro
2908 4045 3176 4115 illisque:
3233 4047 3485 4113 diximus,

1900 4120 2123 4189 gloriam
2156 4120 2264 4173 Deo
2287 4157 2304 4182 ,
2332 4118 2419 4189 qui
2456 4127 2672 4189 propter
2697 4130 2796 4168 nos
2827 4114 2987 4189 homo
3016 4114 3188 4189 factus
3212 4124 3316 4181 est,
3343 4117 3477 4189 refe.

1903 4185 2083 4244 Eamus
2107 4206 2121 4243 :
2145 4190 2269 4258 quia
2316 4185 2414 4255 ipsi
2458 4187 2649 4258 gloria,
2677 4199 2885 4240 necnon
2916 4185 3059 4239 Patri
3078 4195 3133 4241 et
3158 4196 3343 4239 sancto
3369 4186 3489 4254 Spi-

1902 4262 2023 4315 ritui
2045 4301 2060 4325 ,
2092 4260 2141 4313 in
2164 4256 2365 4314 saecula
2393 4256 2731 4312 saeculorum.
2760 4258 2953 4311 Amen.

2478 4459 2599 4469 ἡ..

234 4478 243 4522 Ι
808 4465 1062 4474 —————————_.

2151 4460 2472 4471 __—————-——

1419 4582 1857 4690 MOJV'I
1880 4579 2249 4687 TUM

1302 4786 1410 4850 AD
1438 4787 1853 4849 HOMILIAM
1893 4787 2253 4862 SEQUENT
2258 4788 2373 4848 ΕΜ
2379 4832 2397 4850 .

269 4937 397 4994 Non
434 4943 520 4991 est
559 4932 702 5004 quod
746 4933 934 4988 lectori
977 4934 1283 5004 probemus,
1331 4941 1403 5004 get
1468 4929 1798 5001 argumentis

172 5002 664 5067 demonstremus,
690 5004 826 5059 hanc
848 5002 1118 5059 homiliam
1158 5002 1379 5074 perinde
1406 5011 1567 5072 atque
1594 5015 1799 5067 prtece-

170 5084 399 5136 deutes
427 5089 707 5130 sermones
734 5076 1124 5145 supposititiam
1160 5072 1315 5145 esse.
1362 5072 1479 5145 Ipsa
1511 5085 1716 5145 re_s_per
1740 5084 1802 5145 se

169 5153 424 5208 clamat.
449 5145 674 5203 Ubinam
690 5140 1104 5217 Citrysostontus
1123 5146 1192 5200 ita
1216 5140 1459 5208 balbutit,
1478 5153 1536 5195 ιιι
1557 5140 1645 5195 hic
1663 5140 1801 5210 quis-

1903 4929 2267 5014 quisiandem
2293 4930 2362 5013 sit
2395 4929 2675 5013 Graeculus
2686 4930 2723 5013 ν.
2755 4931 2915 5014 eujus
2950 4932 3263 5014 opusculum
3295 4937 3485 5014 nonin

1905 5000 2174 5126 pgilicqu
2204 5001 2592 5067 emisisscmus,
2623 5000 2724 5056 nisi
2754 5000 3110 5073 Savilins'ja'm
3158 5004 3297 5059 inter
3324 5006 3481 5060 dubia

1906 5089 1938 5126 e
1979 5089 1992 5126 ι
2033 5085 2138 5126 isse
2165 5111 2180 5125 .
3104 5086 3111 5093 -

185 5268 3482 5298 ___________________————————_———_——

917 5372 981 5418 ιιι
1024 5369 1461 5417 Ριοιιιτιοκειιί
1503 5364 1917 5418 ειςιιυτοιιιε,
1962 5364 2045 5407 ΕΤ
2086 5364 2151 5408 ιιι
2186 5363 2510 5408 ιοτιοιιιικ
2549 5364 2792 5410 νεῦσε.

1660 5507 1918 5529 αφ-

272 5614 331 5668 1.
364 5609 572 5665 Vellem
612 5606 785 5661 crucis
808 5608 1201 5676 speculationes
1231 5608 1283 5660 itt
1309 5606 1469 5661 linem
1501 5604 1787 5676 deducere,

170 5702 313 5747 nun
338 5680 491 5753 quasi
516 5692 676 5733 sensa
703 5674 1038 5753 asseqmitns,
1071 5678 1164 5753 sed
1194 5687 1251 5730 ιιι
1279 5692 1342 5730 ea
1367 5692 1461 5744 pro
1488 5674 1788 5753 vir-inﬁde-

181 5743 668 5817 libus-eumnam.
709 5743 1013 5805 Non'dcest
1038 5751 1234 5821 quippe
1279 5743 1456 5802 sermo
1497 5746 1564 5801 ad
1616 5743 1797 5802 divina

1904 5603 2119 5675 eloquia
2149 5602 2503 5675 explicanda;
2537 5618 2723 5659 verum
2758 5602 2902 5659 dicta
2931 5604 3231 5659 commetiri
3263 5615 3474 5674 οροτιιιι

1903 5673 2028 5730 cum
2059 5674 2294 5745 humana
2327 5673 2621 5745 facultate,
2642 5690 2748 5729 non
2790 5675 2946 5745 quasi
2987 5676 3101 5744 ipsa
3134 5673 3370 5729 sufficiat
3404 5678 3471 5731 ad

1903 5743 2484 5815 comprehensionem,
2532 5743 2625 5800 sed
2667 5743 2824 5815 quasi
2858 5745 2969 5799 Deo
3010 5743 3317 5818 pmbeiite;
3363 5763 3472 5802 nnn
