3988 6206
228 392 306 450 721
1009 431 1048 448 .,
1319 384 1544 444 ΞΕΜΙΟ
1579 383 1766 440 (ἈἸἩ

1876 381 2102 440 ΞΤΙΕΗΞ
2143 382 2206 438 lN
2248 383 2530 441 PASCHA.

224 504 444 571 gratiam,
471 517 632 574 quam
659 499 783 559 dedi
805 498 898 574 tibi
918 519 930 554 :
949 514 1042 574 vas
1061 499 1201 574 enim
1233 499 1501 574 indignum
1530 514 1773 574 unguen:

231 569 318 628 ium
345 569 558 628 cmleste
579 571 720 628 ferre
743 572 944 642 nequit.
973 569 1112 642 Quid
1146 584 1307 639 porro
1330 569 1502 642 dicam
1518 569 1773 642 de_Juda?

229 645 396 725 Petrus
429 643 516 725 qui
541 639 946 725 clavemmregni
994 641 1246 725 caelorum
1282 641 1488 725 accepit
1512 682 1526 704 ,
1572 639 1771 725 liegein

227 714 390 782 gloriae
419 709 607 766 videns
628 709 938 782 crucifixum
960 752 975 776 ,
1007 710 1227 782 ahjeetis
1255 709 1495 782 clavibus
1508 709 1724 782 aufugit
1756 726 1770 762 :

227 779 272 837 et
296 781 424 837 latro
444 783 535 853 qui
561 782 835 853 hominum
858 781 1010 853 fores!
1024 779 1318 853 aperiebat,
1343 781 1455 848 ipse
1474 779 1651 853 claves
1677 794 1770 853 pa-_

227 854 367 906 radisi
398 849 591 920 rapuit.
623 852 814 906 Petrus
841 851 930 920 qui
960 849 1112 909 dixit.
1147 850 1208 920 Si
1235 849 1514 920 aportuerit
1545 866 1624 903 me
1643 849 1772 920 mori

223 930 385 988 tecum,
411 919 512 976 non
539 929 587 975 te
617 919 1038 992 negabo(Matth.
1058 920 1147 973 26.
1180 919 1249 974 35
1279 919 1298 992 )
1322 961 1338 985 ,
1394 929 1476 974 ter
1517 919 1727 992 negavit
1754 935 1770 982 ;

229 1001 275 1044 et
298 993 426 1045 latro
455 993 544 1061 qui
568 990 828 1061 non'voce
850 995 1186 1061 promiserat,
1205 990 1297 1061 sed
1321 1003 1521 1061 recum
1546 991 1656 1056 ipsa
1690 1004 1772 1042 re-

223 1058 537 1116 surrectione
575 1060 918 1121 moriebatur,
966 1059 1214 1114 dicebat:
1248 1058 1478 1122 Domine,
1527 1067 1774 1111 memento

224 1131 326 1195 mei,
347 1146 459 1184 cum
487 1132 676 1185 teneris
700 1131 753 1182 in
779 1145 987 1199 regnum
1034 1138 1193 1199 tuum.
1241 1129 1400 1199 Latro
1450 1128 1774 1197 principatus

219 1209 268 1253 et
292 1208 572 1266 potestates
599 1215 701 1253 non
732 1198 951 1263 metuit;
977 1207 1030 1251 «ιι
1047 1198 1236 1252 Petrus
1257 1198 1444 1264 puella:
1471 1199 1640 1266 minas
1666 1212 1771 1251 non

223 1265 343 1323 tulit.
366 1270 528 1324 Latro
550 1269 836 1332 clamabat,
888 1269 1102 1321 Domine
1131 1286 1150 1332 ;
1181 1279 1233 1320 et
1260 1268 1470 1330 Petrus,
1504 1265 1554 1320 N
1558 1284 1624 1320 οη
1655 1267 1773 1321 novi

220 1341 338 1408 (tunc
362 1340 635 1403 hominem,
663 1353 819 1408 quem
841 1339 996 1407 paulo
1024 1352 1148 1408 ante
1181 1336 1372 1391 Filium
1403 1335 1770 1408 Deivocabat.

218 1407 392 1478 Petrus
425 1409 512 1478 qui
559 1405 717 1478 supra
742 1405 909 1462 mare
935 1406 1243 1470 ambulavit,
1273 1423 1394 1463 eum
1429 1407 1517 1475 qui
1550 1405 1773 1478 pedibus

219 1475 472 1532 humidam
499 1475 741 1550 naturam
763 1479 1021 1550 calcabat,
1047 1479 1258 1546 negavit
1279 1492 1295 1542 ;
1314 1478 1545 1550 _et_l_atro
1563 1475 1654 1550 qui
1682 1491 1773 1536 su-

219 1563 299 1614 pra
325 1549 478 1602 dorsa
503 1549 664 1601 maris
683 1563 786 1602 non
817 1543 1196 1608 ambulaverat,
1237 1547 1329 1600 sed
1373 1543 1605 1604 divitum
1629 1543 1778 1600 fores.

215 1617 442 1682 adierat,
487 1617 771 1683 clamabat,
801 1616 1036 1671 Domine.
1069 1618 1186 1671 Filii
1210 1616 1452 1679 Ζεὺυάςεί
1479 1615 1726 1678 dicebant
1753 1655 1769 1680 ,

217 1684 482 1757 Posuimus
509 1687 674 1741 bibere
713 1689 944 1752 calicem,
991 1703 1136 1757 quem
1180 1687 1424 1751 bibiturus
1453 1702 1504 1740 es
1529 1689 1557 1756 (,
1578 1683 1770 1737 Matth.

215 1754 295 1827 ao.
319 1755 458 1827 22);
493 1758 576 1827 hic
594 1758 704 1825 jam
733 1759 870 1812 calix
901 1754 1180 1821 aderat,at
1215 1758 1288 1816 illi
1319 1757 1502 1827 caligis
1529 1754 1770 1827 tempore

214 1823 479 1894 fugerunt:
514 1823 650 1879 latro
675 1836 852 1880 autem
871 1841 937 1881 ex
966 1841 1125 1889 manu
1158 1827 1382 1883 filiorum
1414 1823 1659 1879 Zebedzni
1682 1837 1772 1894 cae

213 1893 358 1950 licem
387 1895 634 1950 salutaris
660 1897 856 1963 rapuit.
883 1897 1066 1961 dicetis
1089 1913 1102 1949 :
1136 1896 1356 1963 Calicem
1374 1894 1611 1948 salutaris
1638 1893 1772 1963 acci-

212 1965 341 2047 piam
365 2005 383 2030 ,
423 1975 470 2020 et
505 1981 700 2047 onomen
727 1961 1242 2047 'D-ontinininupcabo
1291 1962 1478 2047 (.Paaf.
1505 1964 1629 2044 115ἶ
1666 1961 1767 2047 ξ).

211 2032 433 2089 Thomas
456 2077 472 2101 ,
503 2034 1052 2106 incomprehensibilis
1088 2032 1327 2106 mysterii
1355 2034 1595 2089 curiosus
1614 2032 1766 2087 ἱιιόςιι

208 2114 369 2172 gator,
395 2103 770 2173 condiscipulis
791 2105 1043 2166 dicebat:
1076 2103 1268 2160 Eamus
1294 2114 1340 2160 et
1357 2122 1467 2166 nos,
1499 2114 1550 2157 ut
1578 2106 1768 2157 moria-

210 2191 317 2226 mur
340 2191 451 2245 eum
479 2173 570 2227 illo
597 2172 806 2245 ⁸(ὶιοιυι.
843 2176 930 2237 li.
959 2177 1029 2230 16
1057 2175 1108 2245 );
1135 2185 1192 2230 et
1227 2191 1348 2230 cum
1376 2175 1522 2245 illum
1551 2173 1769 2229 cruciﬁ-

210 2258 327 2296 xum
350 2244 498 2307 vidit,
520 2241 742 2313 aufugit.
769 2241 1093 2301 Cruciﬁxum
1118 2245 1280 2306 videt.
1308 2253 1362 2298 et
1386 2243 1547 2312 fugit;
1595 2244 1770 2297 susci-

211 2323 369 2366 tatum
396 2313 543 2367 videt
561 2354 576 2374 ,
605 2321 662 2367 et
683 2314 910 2376 dubitat,
941 2314 1126 2370 dicens
1150 2335 1163 2369 :
1201 2313 1320 2367 Nisi
1345 2314 1526 2366 misero
1551 2313 1768 2382 digitum

207 2399 362 2436 meum
388 2383 440 2435 in
470 2383 690 2450 ﬁxuram
733 2382 989 2437 clavorum
1009 2425 1024 2447 ,
1054 2393 1101 2436 et
1139 2400 1343 2436 manuni
1385 2397 1544 2435 meam
1565 2383 1619 2436 in
1636 2383 1767 2437 latus

207 2454 331 2524 ejus,
366 2469 465 2505 non
504 2452 705 2506 credam
737 2451 908 2524 (Ibid.
936 2454 1025 2509 20.
1049 2453 1118 2524 25
1140 2457 1178 2520 ).
1213 2455 1281 2507 At
1308 2453 1568 2524 benignus
1599 2453 1761 2518 Deus,

204 2522 290 2590 qui
341 2531 557 2591 propter
606 2522 764 2575 unam
804 2537 955 2577 ovem
984 2522 1252 2592 profectus
1289 2531 1390 2587 est,
1440 2522 1578 2592 hanc
1607 2537 1763 2575 unam

204 2606 348 2645 ovem
395 2606 499 2662 non
547 2593 798 2662 negligit;
856 2594 950 2648 sed
990 2591 1145 2646 illam
1210 2592 1446 2647 humeris
1501 2591 1762 2662 imponit,

202 2671 255 2715 et
299 2662 372 2714 ait
401 2659 595 2732 :_lnfer
623 2659 837 2715 manum
887 2672 1025 2716 tuam
1072 2663 1204 2728 Ima,
1247 2672 1296 2716 et
1334 2662 1484 2732 mitte
1521 2663 1580 2716 in
1630 2660 1764 2715 latus

203 2747 380 2785 meum.
429 2730 692 2786 Lanceam
732 2732 914 2786 militis
957 2733 1204 2795 sustinui,
1233 2739 1291 2786 et
1315 2731 1593 2788 dexteram
1632 2744 1764 2799 apo-

200 2801 436 2855 stolicam
479 2815 585 2856 non
612 2802 818 2855 feram?
871 2801 996 2865 Sed,
1042 2817 1075 2857 ο
1103 2802 1363 2856 bonorum
1388 2802 1528 2857 latro
1564 2811 1618 2856 et
1653 2814 1767 2868 rap-

203 2879 284 2942 tor
313 2870 411 2942 (te
432 2871 574 2925 enim
602 2871 846 2942 alloquor
872 2871 914 2942 ),
940 2872 1102 2927 furari
1133 2871 1384 2935 didicisti,
1408 2871 1631 2942 credere
1655 2884 1762 2924 non

200 2940 426 2994 didicisti
455 2957 470 2995 :
503 2956 606 3012 non
635 2940 779 3012 fuisti
805 2940 1116 3012 discipulus,
1143 2950 1200 2996 et
1227 2941 1495 3009 quomodo
1539 2940 1761 2995 Creato-

199 3024 308 3062 rem
337 3023 494 3063 vocas
522 3009 778 3064 dicendo:
804 3009 1035 3075 Domine,
1065 3019 1309 3063 memento
1335 3012 1590 3077 ntegrum
1618 3024 1766 3063 uene-

195 3079 266 3148 ris
283 3079 332 3131 in
348 3096 555 3148 regnum
577 3088 716 3131 tuum
737 3079 763 3131 .’
790 3079 956 3134 Recte
979 3081 1226 3146 loquutus
1252 3094 1331 3144 es,
1353 3082 1436 3148 pie
1464 3078 1758 3134 credidisti.

195 3146 329 3202 Cum
375 3146 612 3218 periculo
651 3164 794 3218 saepe
820 3147 1027 3202 furatus
1047 3163 1106 3203 es
1127 3190 1142 3212 ,
1174 3146 1393 3203 divitum
1452 3149 1765 3216 plerumque

197 3218 478 3272 thesauros
514 3219 788 3288 aperuisti,
817 3228 873 3272 et
896 3220 1051 3272 talem
1083 3231 1369 3288 numquam
1423 3219 1762 3288 margaritam

195 3289 468 3349 invenisti.
493 3288 666 3356 qualis
685 3287 930 3342 Christus
946 3299 1080 3342 erat.
1118 3286 1405 3356 Apostolus
1435 3302 1538 3341 non
1572 3286 1716 3341 fuisti
1741 3326 1756 3351 ,

192 3372 300 3411 nou
349 3359 540 3412 audisti
568 3357 931 3428 legislatorcm
957 3357 1262 3413 dicentem:
1315 3356 1572 3413 Videbitis
1597 3356 1763 3413 vitam

993 3533 1032 3557 ..ζ

3356 381 3487 439 722'

1879 506 2108 573 vestram
2150 497 2468 573 pendentem
2497 491 2986 573 (rDent.28._66_)j;
3017 511 3068 556 ct
3099 504 3366 573 quomodo
3390 519 3458 558 es

1880 570 2025 651 ligno
2043 570 2200 623 vitam
2231 569 2712 651 excerpsisti?_Non
2737 569 3139 651 audistillsaiatn
3165 572 3456 651 dicentem:

1881 639 2071 693 Livore
2111 641 2373 706 passionis
2401 639 2536 706 ejus,
2572 639 2842 694 hominum
2870 642 2994 695 vitia
3020 641 3281 698 medelam
3308 647 3454 700 acci-

1881 709 2033 778 piunt
2059 709 2078 778 (
2107 708 2234 761 lsai.
2259 711 2347 764 55.
2389 710 2424 764 5
2453 709 2506 778 );
2540 720 2590 763 ct
2623 710 2890 778 quomodo
2921 713 3063 766 vitiis
3083 713 3344 768 medelam
3369 715 3456 768 iu~

1880 779 2115 833 venisti?
2141 779 2334 845 Etiam,
2354 779 2522 849 inquit
2547 780 2698 844 latro,
2727 781 2910 835 urbem
2944 789 3110 835 totum
3141 782 3294 838 video
3319 797 3453 839 con-

1879 863 2094 924 cussum
2146 859 2197 903 et
2240 859 2595 924 tremeiite_m._
2631 849 2864 924 et_orbi_s
2912 852 3194 924 Dominum
3231 853 3283 907 in
3300 853 3455 924 ligno

1879 919 2199 987 pendentem
2217 934 2468 986 agnosco.
2488 918 2595 974 Nisi
2623 921 2765 974 enim
2796 921 2882 978 hic
2894 922 3260 977 universorum
3287 918 3456 983 (ΣΙ-ἱείς

1828 1021 1834 1026 ι
1879 997 1964 1042 tor
1991 997 2155 1053 esset,
2175 988 2252 1041 sol
2287 989 2432 1042 illum
2465 990 2650 1044 videns
2680 990 2902 1054 nudum,
2926 1005 2990 1045 ex
3019 991 3316 1053 reverentia
3344 1009 3462 1053 non

1878 1059 2204 1112 occultasset
2229 1057 2406 1113 radios
2427 1073 2554 1113 suos
2582 1073 2679 1112 nec
2708 1060 2796 1115 Dei
2833 1061 3076 1116 inimicos
3102 1062 3454 1118 obteuebras-

1878 1136 1981 1182 set.
2011 1126 2124 1182 Nisi
2151 1138 2295 1182 esset
2325 1127 2410 1182 hic
2427 1129 2682 1182 Conditor
2709 1130 2823 1183 caeli
2843 1138 2905 1182 et
2925 1137 3079 1184 term
3100 1131 3340 1194 :caelum,
3361 1133 3452 1187 ubi

1879 1195 2052 1264 ipsum
2081 1197 2210 1251 vidit
2235 1198 2568 1264 crucifixum,
2599 1198 2848 1254 tenebras
2880 1207 2938 1252 ut
2963 1215 3177 1255 saccum
3225 1217 3344 1256 non.
3365 1203 3450 1256 inr

1920 1268 2106 1322 uisset.
2135 1266 2248 1321 Nisi
2269 1277 2412 1323 esset
2437 1267 2523 1322 hic
2548 1269 2806 1323 universae
2834 1279 2985 1323 terra:
3016 1269 3292 1334 Dominus,
3341 1286 3460 1327 non.

1878 1335 1968 1406 illa
1998 1337 2311 1406 sanguinem
2339 1352 2403 1390 ex
2428 1336 2594 1392 latere
2618 1339 2733 1406 ejus
2755 1339 3048 1406 excipiens,
3076 1354 3107 1393 a
3128 1339 3452 1394 fundamen-

1878 1405 1950 1460 tis
1974 1405 2236 1460 commota
2263 1405 2468 1461 fuisset.
2489 1406 2597 1461 Nisi
2625 1405 2770 1462 esset
2799 1405 2887 1462 hic
2912 1409 3097 1462 mortis
3125 1418 3179 1462 et
3196 1409 3316 1463 vita:
3344 1410 3451 1464 Do-

1877 1475 2075 1539 minus,
2104 1491 2248 1530 mors
2271 1477 2338 1530 ad
2365 1477 2508 1530 illum
2536 1477 2798 1532 accedens
2822 1492 2925 1548 non
2951 1488 3212 1548 prostrata
3232 1479 3411 1533 fuisset
3433 1520 3450 1544 ,

1877 1559 1979 1616 nec
2008 1557 2347 1616 monumenta
2364 1557 2667 1601 sanctorum
2685 1557 2866 1616 aperta
2899 1546 3142 1602 fuissent.
3165 1547 3275 1602 Nisi
3305 1559 3452 1604 esset

1880 1614 1967 1685 hic
1999 1615 2178 1685 templi
2218 1615 2491 1680 Dominus,
2525 1614 2802 1684 templum.
2833 1616 2920 1670 ubi
2944 1617 3240 1681 viditillum
3277 1619 3452 1673 cruci—

1880 1683 2070 1750 fixum,
2100 1683 2203 1738 non
2249 1686 2424 1749 velum
2454 1701 2609 1752 suum
2637 1683 2900 1746 scidisset,
2935 1685 3044 1745 Nisi
3077 1687 3162 1754 hic
3190 1688 3404 1750 essetis
3430 1730 3472 1754 ,_

1875 1755 1965 1823 qui
1994 1770 2097 1808 non
2130 1756 2236 1814 uult
2270 1762 2494 1825 mortem
2523 1765 2861 1824 peccatorum
2882 1795 2898 1820 ,
2919 1771 3293 1825 nonacausam
3325 1772 3448 1825 pec.-

1875 1831 2115 1882 calorum
2139 1823 2404 1893 precando
2432 1823 2630 1891 egisSet
2659 1825 2844 1879 dicens
2869 1842 2884 1886 ;
2920 1823 3094 1889 Pater,
3108 1826 3304 1886 dimitte
3323 1823 3450 1892 illis;

1875 1909 1978 1965 non
2003 1894 2134 1951 enim
2163 1894 2346 1946 sciunt
2387 1895 2509 1965 quid
2536 1894 2750 1965 faciun_t_
2771 1894 2945 1965 (Luc.
2969 1895 3061 1953 23.
3101 1897 3170 1951 54
3196 1901 3234 1965 ).
3282 1895 3478 1964 Hujus.

1915 1963 2072 2033 uippe
2098 1979 2241 2017 mors
2261 1963 2438 2027 omnia
2459 1963 2754 2028 constituit.
2778 1963 3060 2023 Descendit
3080 1963 3222 2020 enim
3249 1968 3314 2020 ad
3361 1963 3449 2025 in-

1930 2048 2037 2097 ros,
2063 2042 2257 2090 etcum
2283 2033 2552 2100 omnibus,
2579 2035 2732 2100 istinp.
2752 2035 3019 2098 ascendit.
3041 2034 3240 2102 Idcirco
3267 2037 3450 2099 excla-

1876 2117 1994 2176 rno:
2029 2102 2543 2176 Domine,_memento
2569 2103 2828 2176 meisNon
2851 2104 3248 2176 quasiseryum
3278 2120 3407 2175 rogo
3429 2147 3446 2170 ,
3473 2169 3482 2176 ἢ

1873 2171 2141 2231 Memento
2183 2173 2310 2238 mei,
2359 2186 2480 2226 cum
2504 2172 2639 2229 bene
2666 2173 2757 2228 tibi
2787 2171 2980 2238 fuerit;
3030 2174 3152 2236 sed,
3197 2171 3480 2238 Μειιιέηἰοζ

1874 2245 2021 2316 mei,
2047 2257 2163 2316 eum
2195 2242 2476 2316 betteriruin
2505 2259 2713 2316 regnum
2745 2253 2904 2316 tuum.
2941 2244 3007 2298 Et
3043 2243 3271 2316 quidjatl
3299 2245 3475 2304 illum._

1874 2309 2167 2385 Dominus?
2188 2313 2346 2385 {lmen
2372 2313 2485 2366 dico
2514 2309 2621 2376 tibi,
2647 2314 2802 2385 rhodie
2827 2330 3019 2369 mecum
3041 2309 3142 2369 eris
3166 2315 3453 2385 imparudi-

1871 2380 2150 2454 go.Dicaut
2173 2383 2250 2437 illi
2271 2392 2376 2436 tam
2393 2385 2622 2438 acrurati
2643 2383 2974 2454 indagatores
2994 2380 3450 2454 incomprehensic

1875 2452 2000 2507 bilis
2019 2454 2404 2523 generationis,
2430 2453 2699 2523 quomodo
2724 2452 2857 2508 dixit
2890 2455 3100 2519 latroni,
3151 2452 3320 2508 Hodie
3342 2469 3449 2507 me-

1873 2539 1986 2594 rum
2036 2525 2133 2577 eris
2161 2525 2212 2575 in
2239 2524 2477 2592 paradiso
2528 2523 2546 2593 (
2577 2522 2703 2577 Luc.
2725 2523 2817 2579 23.
2847 2524 2917 2580 45
2949 2523 3015 2594 )i'
3056 2522 3168 2579 lloc
3217 2525 3448 2594 primum

1878 2591 2318 2663 interpretentur,
2351 2600 2407 2646 et
2447 2591 2572 2648 tunc
2614 2591 3020 2648 inenarrabilem
3067 2595 3185 2663 ejus
3219 2591 3448 2663 'partum

1871 2662 2267 2730 aggrediemur.
2295 2676 2452 2733 quem
2481 2664 2786 2733 prophetiae
2807 2664 3019 2733 quidem
3044 2662 3259 2728 clamat,
3290 2662 3451 2716 Gene-

1870 2733 2115 2784 rutionem
2169 2732 2436 2803 ejusquis
2489 2732 2794 2803 enarrabili
2829 2732 2952 2803 quia
2981 2733 3190 2803 tollitur
3227 2734 3290 2786 de
3319 2743 3451 2786 terra

1871 2803 1973 2854 vita
2006 2803 2119 2873 ejus
2151 2804 2168 2872 (
2197 2796 2446 2873 'lsai.'533
2473 2802 2507 2857 8
2534 2801 2575 2873 ),
2604 2803 2750 2859 lianc
2782 2796 2938 2858 fid'ém
2976 2796 3165 2862 Patres
3195 2803 3451 2865 dilatave-

1873 2871 2128 2942 runt,'sic
2154 2871 2749 2938 incomprehensibilem
2777 2873 3263 2942 gloriaiail'ecerunt
3283 2913 3298 2936 ,
3327 2888 3448 2926 cre-

1871 2939 2057 2994 dentes
2081 2981 2096 3004 ,
2157 2956 2260 2992 non
2289 2942 2500 2995 curiose
2556 2939 2872 2996 scrutantes.
2923 2941 3094 2998 Hodie
3134 2958 3324 2998 mecum
3355 2945 3450 2996 eris

1873 3010 1926 3080 in
1956 3009 2214 3076 paradiso.
2240 3009 2469 3080 Dictum,
2491 3019 2543 3064 et
2567 3013 2762 3066 factum
2786 3012 2904 3065 fuit.
2924 3011 3142 3077 Verum,
3157 3025 3208 3078 ,ο
3223 3011 3452 3080 benigne

1876 3079 2100 3135 Domine
2124 3119 2139 3142 ,
2187 3082 2374 3148 omnes
2400 3079 2527 3147 justi
2585 3088 2734 3133 extra
2783 3080 3084 3148 paradisum
3113 3079 3448 3146 sunt,el|a-

1879 3156 2085 3220 tronem
2111 3148 2162 3205 in
2190 3147 2494 3220 paradisum
2514 3149 2721 3220 inducis
2745 3150 2770 3202 ?
2788 3147 2972 3220 Etiam
2996 3151 3301 3220 ,glatronem
3334 3149 3449 3220 pri-

1877 3231 2022 3271 mutu
2069 3218 2122 3272 in
2153 3217 2455 3286 paradisum
2485 3218 2696 3280 induco.
2729 3227 2786 3272 ut
2816 3217 3013 3284 mundo
3038 3218 3312 3284 suadeam,
3336 3217 3475 3272 'nie.

1873 3300 1981 3358 non
1999 3287 2428 3358 venisseivocan:
2444 3287 2640 3358 justos,
2663 3288 3083 3358 sedrpeccatores
3104 3288 3170 3344 ad
3180 3290 3421 3358 paeniteu
3434 3317 3452 3326 -

1877 3357 2028 3413 tiam.
2048 3355 2152 3429 Ipsi
2173 3356 2390 3413 Christo
2404 3357 2572 3429 gloria
2587 3359 2642 3414 in
2663 3355 2857 3415 secula
2879 3355 3219 3418 saeculorum.
3249 3363 3440 3417 Amen.

2422 3541 3366 3549 ηῖὴκνῄν-ᾐῄ
3401 3541 3418 3548 ,

1617 3747 1999 3809 MONITUM

183 3928 471 3995 mutatum,
495 3930 699 3989 Christi
729 3947 856 3989 vere
887 3931 1010 4004 agni
1051 3947 1150 4003 pro
1186 3933 1361 3988 salute
1390 3931 1578 3988 mundi
1603 3930 1864 3986 immolati
1911 3931 2135 4008 figuram
2162 3933 2366 3999 fuisse;
2396 3950 2586 3990 verum
2614 3934 2703 3989 hic
2725 3935 2972 4006 quisquis
3008 3938 3081 3992 sit
3116 3955 3442 4014 anonymus,

179 4042 272 4098 vel
295 4022 775 4115 minima'quaeque
801 4048 863 4101 in
887 4048 1071 4109 Exodo
1096 4049 1387 4114 recensita,
1415 4050 1483 4104 ad
1517 4050 1796 4106 Christum
1820 4061 2134 4117 mactatum,
2168 4051 2252 4107 vel
2277 4051 2344 4113 ad
2375 4051 2594 4108 Pascha:
2628 4051 3048 4108 celebrationem
3081 4055 3268 4121 refert,
3303 4072 3441 4127 qua-

175 4157 254 4214 lis
274 4156 422 4226 apud
451 4156 786 4214 Christianos
812 4159 1141 4228 persolvitur
1165 4179 1178 4216 :
1204 4171 1259 4220 et
1291 4163 1406 4224 haec
1424 4164 1492 4219 ad
1520 4165 1791 4238 φλυαρίαν
1811 4183 1983 4238 usque
2011 4168 2264 4240 indagare
2285 4168 2496 4235 nititur,
2519 4184 2769 4241 saapeque
2784 4172 2908 4242 jam.
2926 4171 3067 4238 dicta
3100 4173 3314 4243 repetit,
3339 4191 3444 4231 nec

178 4274 307 4327 sine
339 4273 559 4330 fastidio
593 4275 841 4346 legentis.
871 4277 1146 4357 Septimus
1185 4289 1368 4336 autem
1400 4296 1582 4337 sermo
1612 4290 1758 4340 totus
1783 4286 1926 4340 circa
1953 4285 2094 4342 diem
2123 4285 2502 4342 celebrationis
2536 4286 2831 4353 Paschatis,
2865 4297 2933 4344 et.
2957 4290 3440 4368 cii-capaschalem

176 4391 401 4464 cyclum
425 4401 688 4448 versatur.
715 4394 864 4450 Hauc
889 4411 1002 4451 rem
1027 4398 1186 4456 unice
1215 4407 1448 4455 tractant
1481 4417 1574 4455 sex
1599 4402 1786 4472 primae
1813 4403 2105 4459 orationes.
2136 4402 2212 4458 De
2235 4404 2463 4475 septima
2492 4421 2640 4472 vero,
2668 4421 2786 4477 qua:
2810 4416 2918 4462 tota
2949 4407 3113 4474 estin
3137 4409 3444 4477 ordinando

173 4509 343 4579 cyclo
377 4511 638 4581 paschali,
663 4530 890 4586 quaeque
917 4515 985 4571 de
1007 4517 1094 4572 die
1121 4515 1403 4575 Pascbatis
1428 4520 1656 4591 singulis
1683 4521 1844 4578 annis
1867 4522 2251 4580 constituendo
2273 4525 2520 4596 pluribus
2545 4525 2802 4596 disputat.
2833 4527 2888 4582 iu
2919 4526 3098 4586 fronte
3131 4526 3273 4588 illius
3300 4527 3441 4587 infra

173 4640 434 4696 agemus.

1105 4979 1317 5024 888110
1357 4980 1830 5026 (ΞΔΤΕΟΕΕἸΊϐυδ
1862 4983 1927 5026 IN
1971 4983 2264 5030 ελιωτυκ
2305 4986 2563 5032 ΡΛϐΟΙΙΔ.

243 5093 316 5169 Si
350 5095 471 5164 quis
500 5096 618 5169 pius
645 5106 700 5152 et
740 5098 1020 5169 religiosus
1043 5139 1060 5165 ,
1107 5100 1154 5155 is
1193 5100 1398 5158 fruatur
1438 5103 1538 5160 hac
1581 5114 1766 5162 sancta

166 5166 510 5250 celebritate
527 5184 540 5218 :
572 5168 623 5250 si
655 5166 1001 5250 quissérvus
1041 5170 1238 5250 probus
1264 5213 1277 5233 .
1325 5173 1486 5250 iu_tre_t
1517 5175 1696 5250 laetus
1711 5176 1764 5231 in

166 5235 684 5310 gandium‘Domini
724 5239 805 5310 sui
848 5255 861 5292 :
904 5239 948 5293 si
979 5235 1100 5308 quis
1135 5241 1426 5309 jejunando
1464 5243 1724 5300 laboravit
1747 5286 1763 5310 ,

167 5319 332 5359 nunc
362 5306 586 5376 accipiat
617 5306 903 5384 denarium
938 5306 1028 5384 :_
1058 5306 1231 5384 quisa
1263 5316 1428 5381 prima
1461 5314 1590 5368 hora
1634 5306 1766 5384 ope;

161 5386 337 5430 ratus
369 5384 458 5453 est
477 5417 491 5441 ,
519 5377 744 5453 accipiat
771 5377 928 5453 hodie
955 5378 1006 5433 id
1034 5377 1174 5449 quod
1195 5377 1400 5453 justum
1423 5391 1505 5453 est
1529 5399 1544 5447 ;
1572 5384 1618 5439 si
1644 5377 1763 5453 q'uis

162 5455 306 5511 post
341 5447 548 5500 tertiam
575 5449 748 5510 venit,
778 5449 973 5517 gratias
999 5447 1163 5518 agens
1188 5449 1379 5505 festum
1407 5451 1644 5509 celebret
1662 5447 1688 5507 ἐ
1715 5454 1760 5509 si

155 5530 302 5589 quis
335 5524 456 5584 post
478 5525 687 5589 sextam
717 5520 899 5572 horam
926 5520 1189 5585 accessit,
1235 5537 1305 5576 ne
1330 5522 1572 5589 dubitet;
1626 5524 1758 5578 nihil

151 5585 326 5659 enim
360 5587 552 5659 perdet
566 5605 589 5659 _:
617 5589 666 5659 si
687 5589 806 5659 quis
836 5589 1064 5659 tardavit
1091 5605 1258 5659 usque
1283 5592 1350 5647 ad
1379 5585 1571 5648 nonani
1599 5635 1612 5657 .
1660 5610 1752 5650 ac-

151 5605 326 5639 emm
360 5605 546 5654 peroet
575 5605 589 5639 :
617 5605 661 5642 sn
723 5605 806 5643 uis
836 5605 1064 5643 taruavn
1091 5605 1258 5659 usque
1283 5605 1350 5647 aa
1379 5609 1571 5648 nonam
1599 5635 1612 5657 .
1660 5610 1752 5650 ac-

147 5655 335 5738 cedat
362 5657 480 5738 sine
507 5657 613 5712 ulla
638 5605 966 5738 driliitatioue
995 5676 1006 5710 :
1034 5660 1078 5714 si
1104 5663 1222 5730 quis
1245 5663 1524 5738 undecima
1553 5675 1755 5720 tantum

147 5723 309 5782 hora
339 5727 485 5783 venit
505 5769 523 5801 ,
552 5743 620 5784 ne
645 5729 723 5786 ob
743 5728 1045 5787 tarditatem
1071 5723 1291 5789 metuat.
1319 5733 1452 5792 Cum
1479 5739 1622 5793 enim
1653 5739 1753 5793 Do-

1873 5108 2050 5164 minus
2092 5109 2326 5188 liberalis
2364 5113 2470 5188 sit,
2514 5114 2942 5188 ita._postretmim
2981 5118 3207 5186 accipit,
3254 5127 3308 5172 ut
3339 5123 3447 5188 pri-

1873 5193 2016 5233 mum
2051 5198 2064 5234 :
2096 5180 2175 5234 sic
2203 5180 2254 5258 in
2285 5180 2782 5258 requient_aduiittit
2807 5202 2927 5239 eum
2947 5229 2962 5249 ,
3007 5180 3404 5258 qui'nudecima
3433 5233 3448 5254 ,

1871 5258 2072 5326 ut_eum
2101 5290 2117 5313 ,
2145 5254 2235 5320 qui
2267 5268 2296 5304 ει
2328 5253 2494 5326 prima
2524 5253 2653 5306 hora
2682 5263 2937 5326 cperatus
2962 5253 3045 5312 est
3071 5273 3086 5318 :
3121 5253 3446 5326 postremum

1870 5319 2194 5400 miseratur,
2241 5330 2294 5375 ct
2323 5319 2548 5400 primum
2580 5319 2773 5388 curai;
2808 5325 2878 5378 illi
2906 5325 3036 5400 dat,
3077 5319 3162 5382 hic
3178 5328 3444 5400 largitur:

1865 5399 2229 5464 et‘peractum.
2270 5407 2404 5459 opus
2446 5392 2682 5464 honore,
2724 5403 2779 5448 et
2811 5398 3136 5464 propositum
3178 5392 3331 5453 laude
3364 5400 3448 5453 af-

1870 5459 1995 5511 ficit.
2029 5456 2190 5533 lgitur
2219 5456 2622 5533 intrateromnes
2650 5463 2700 5516 in
2726 5456 2973 5533 gaudium
3005 5467 3211 5523 Domini
3255 5471 3444 5532 nostri,

1865 5537 1921 5582 et
1963 5529 2118 5598 primi
2159 5541 2213 5606 et
2242 5531 2460 5606 secundi
2507 5529 2808 5606 mercedem
2857 5537 3114 5606 recipite,
3157 5536 3351 5594 divites
3393 5529 3448 5594 et

1866 5613 2125 5678 paujwres
2149 5600 2561 5678 simuLchoreas
2581 5604 2752 5678 agite;
2783 5600 3140 5678 temperantes
3175 5619 3228 5664 et
3249 5624 3444 5675 segnes

1863 5668 2004 5751 diem
2037 5669 2240 5751 honore
2264 5670 2490 5751 afficite;
2518 5668 2949 5751 qui:j_ejunasti_s_,
2981 5687 3036 5733 et
3055 5678 3149 5751 qui
3173 5694 3276 5732 non
3299 5668 3437 5748 jeju-

1864 5741 2027 5796 nostis
2054 5782 2067 5808 ,
2119 5741 2274 5797 ltodie
2301 5740 2571 5803 Letamini.
2619 5740 2798 5805 Blénsa
2824 5740 2958 5808 ciliis
2984 5740 3179 5808 rcft'u‘ta
3207 5740 3328 5814 estV,
3351 5740 3446 5803 ⁷ιιεδ
