3988 6206
492 326 600 382 123

491 453 678 494 omnes
706 434 950 491 l'rnamini
989 430 1223 486 :‘vitnlus
1251 427 1467 497 grandis
1497 435 1576 480 est
1605 469 1618 488 ,
1648 438 1808 497 nemo
1836 426 2081 497 esuriens

489 517 666 564 exeat.
719 504 974 562 Fruimini
1023 517 1212 556 omnes
1254 495 1600 575 benignitatis
1646 496 1865 550 divitiis.
1913 495 2081 549 Nemo

493 583 669 650 lugeat
693 576 763 631 ob
791 582 1203 650 paupertatem;
1259 579 1645 650 prosiatennn
1681 581 1901 635 regnum
1933 581 2082 650 com-

498 637 660 704 mune
692 668 705 702 :
751 637 910 700 nemo
935 644 1118 718 lapsus
1143 637 1275 696 suos
1298 640 1494 718 deﬂeat
1520 655 1533 699 ;
1593 651 1714 718 nam
1743 652 1806 690 ex
1832 637 2083 718 _sepnicro

493 729 607 775 orta
627 726 709 773 est
731 716 881 772 venia
911 731 925 767 :
950 707 1125 768 nullus
1147 721 1373 767 mortem
1398 710 1600 772 timeat;
1627 707 1868 761 liberavit
1887 708 2084 774 quippe

493 803 592 844 nos
639 801 785 843 mors
826 784 1164 845 Servaloris;
1209 797 1240 836 a
1292 789 1462 835 morte
1501 788 1688 845 captus
1723 787 1946 830 mortem
1992 792 2084 830 ex-

493 859 718 921 stinxit;
757 857 1022 912 infernum
1051 852 1348 922 castigavit,
1373 851 1460 921 qui
1487 851 1535 904 in
1567 847 2084 922 infernumdesccn-

496 929 570 984 dit
596 945 612 991 ;
643 918 885 982 amarum
915 923 1148 981 reddidit
1174 918 1297 978 enim
1324 963 1337 982 .
1382 918 1502 991 cum
1533 927 1801 991 gustasset
1829 918 1895 971 de
1924 932 2086 970 carne

496 987 660 1070 ipsius
687 1017 700 1052 :
727 999 883 1065 idque
905 998 1029 1070 olim
1052 990 1628 1070 clamansﬁixitisaias
1650 1007 1663 1042 :
1685 987 1926 1070 Infermis
1941 1003 2088 1040 ama-

495 1056 582 1126 r'uit
601 1074 766 1140 factus
787 1056 861 1124 est
882 1065 1036 1140 (Isai.
1062 1064 1144 1120 l9.
1170 1063 1248 1132 9).
1278 1063 1410 1118 Cum
1437 1061 1527 1140 tibi
1549 1059 1791 1140 _occnrrit
1819 1056 1952 1112 infra
1991 1072 2086 1124 po-

499 1131 642 1204 sito',
695 1131 911 1192 amarus
951 1135 1120 1190 factus
1146 1131 1261 1200 est;
1294 1149 1415 1186 natu
1445 1131 1687 1186 sublatus
1711 1138 1796 1184 est
1825 1146 1837 1182 :
1870 1142 2088 1182 amarus

1987 306 2254 364 SPURIA.
3663 321 3738 376 ῗΞι

2189 425 2356 503 [actus
2383 433 2434 481 et
2460 426 2642 503 illusus
2667 437 2768 481 est.
2798 426 3001 497 Corpus
3028 429 3238 503 accepit
3260 441 3356 503 ,Aet
3386 431 3554 486 Deum
3582 449 3740 503 appre.

2190 495 2375 574 _hendit
2396 515 2422 574 ,ε
2453 498 2654 574 accepit
2685 507 2881 574 terram
2907 495 2939 574 ,‘
2965 510 3025 574 _et
3054 495 3244 574 cadum
3280 501 3523 574 invenit:
3572 495 3742 574 accepit

2189 565 2409 638 i_t_l_qnod
2452 567 2662 622 videbat
2684 608 2700 629 ,
2751 578 2805 622 et
2840 569 3024 623 incidit
3052 573 3103 622 in
3135 569 3184 624 id
3215 572 3359 638 quod
3390 587 3498 627 non
3543 565 3741 632 videbat.

2193 634 2290 690 Ubi
2316 647 2421 710 est,
2448 654 2645 710 _mors.
2675 638 3094 710 stimulorum?
3139 639 3223 692 ubi
3236 634 3260 702 ’,
3307 643 3530 710 inferne.
3570 647 3744 702 victoria

2189 708 2324 784 tua_(
2349 706 2553 784 l.___Cor.
2588 708 2672 762 15.
2701 709 2769 762 55
2791 709 2852 776 )?
2882 707 3140 784 Christus
3154 706 3397 765 surrexit
3417 753 3432 776 ,
3480 724 3535 767 et
3564 725 3615 768 tu
3641 717 3725 784 deji

2188 777 2327 832 ceris
2361 777 2649 852 :_t‘.l_i_ristus
2690 780 2962 852 surrexit,
3011 789 3065 834 et
3109 781 3386 836 da-mones
3433 785 3563 852 lapsi
3609 777 3742 841 Stllll:

2188 849 2422 919 surrexit
2448 849 2692 902 Christus
2716 858 2768 902 et
2787 849 3017 917 gaudent
3040 853 3214 919 angeli
3242 871 3256 906 :
3283 849 3521 908 surrexit
3540 854 3748 912 Christum

2189 924 2243 970 et
2273 918 2455 970 nullus
2488 928 2729 972 mortuus
2759 932 2938 989 manet
2967 921 3017 973 in
3046 918 3317 989 sepulcro.
3360 923 3610 979 Christus
3635 934 3748 984 eum

2191 1001 2476 1068 resurgens
2502 1004 2564 1068 ex
2599 988 2822 1068 mortuis
2848 1030 2863 1054 ,
2900 988 3145 1068 primitiae
3172 992 3558 1068 dormientium
3604 995 3744 1052 factus

2190 1067 2271 1181 ast
2305 1075 2320 1112 :
2350 1059 2448 1126 ipsi
2488 1059 2658 1128 gloria
2688 1067 2743 1112 et
2786 1059 3067 1128 imperium
3101 1062 3152 1115 in
3193 1064 3393 1118 sa~cula
3439 1069 3747 1122 smculoruiu.

2241 1143 2384 1181 men.

2241 1143 2384 1183 men.

517 1248 3293 1281 _M

1893 1335 1959 1379 IN
2004 1333 2269 1380 PASCBA.
2317 1333 2360 1376 l.

572 1473 770 1531 Pascha
799 1483 1066 1528 terrenum
1089 1468 1362 1524 celebrant
1385 1466 1576 1529 .ludaii,
1604 1466 1692 1533 qui
1714 1465 1926 1520 caeleste
1948 1464 2078 1519 Pas-

497 1549 596 1600 cha
629 1551 889 1613 negarunt
922 1558 934 1593 :
970 1555 1067 1595 nos
1098 1554 1226 1595 vero
1252 1539 1339 1613 qui
1366 1537 1579 1613 cmles_te
1606 1533 2081 1613 Paschacenlebra-

499 1630 654 1678 mus.
697 1603 973 1669 terrenum
1001 1603 1458 1678 exsuperavimus.
1499 1606 1566 1660 Et
1604 1606 1746 1676 quod
1776 1605 1849 1678 illi
1878 1603 2083 1678 _Pascha

501 1674 781 1754 perﬁciunt
799 1674 1529 1754 ,7sa_lutis_prirnogcnitorum
1551 1717 1566 1741 ,
1593 1674 1680 1754 qui
1705 1675 1843 1754 apud
1869 1674 2084 1754 Judmos

499 1745 672 1818 erant,
698 1745 1006 1834 symbolum
1034 1745 1164 1812 fuit,
1195 1745 1548 1834 quandocum
1577 1745 1951 1834 Egyptiornm
1973 1745 2082 1834 pri-

500 1819 783 1895 mogenitis
830 1821 1138 1895 Judteornm
1196 1819 1547 1895 primogenita
1597 1834 1701 1870 non
1772 1819 2079 1895 perierunt,

498 1887 619 1964 qua:
643 1910 735 1962 per
763 1893 1074 1964 sanguinem
1108 1887 1624 1964 paschalisvictima:
1648 1887 1940 1964 symbolice
1957 1901 2083 1964 _sct‘o

500 1956 620 2020 vata
645 1956 792 2020 "sunt
821 1981 834 2019 :
861 1956 1072 2036 Pascha
1106 1956 1233 2016 vero
1276 1974 1306 2013 a
1351 1959 1503 2013 nobis
1530 1956 1857 2036 celebratum
1894 1956 2082 2036 salutis

502 2036 871 2089 universorum
901 2031 1174 2086 hominum
1201 2045 1360 2086 causa
1386 2038 1467 2084 est
1485 2068 1500 2093 ,
1533 2027 1835 2095 incipiendo
1859 2041 1887 2078 a
1914 2027 2085 2093 primo

502 2105 717 2162 homine
737 2146 750 2168 ,
779 2106 866 2173 qui
899 2104 950 2157 in
981 2102 1229 2156 omnibus
1256 2111 1500 2154 servatur
1523 2107 1577 2152 et
1606 2099 1917 2173 vivilicatur.
1951 2095 2082 2149 Par-

504 2187 585 2230 tes
612 2167 1172 2243 autein'perfcctorum
1196 2214 1210 2237 ,
1241 2181 1304 2243 ct
1324 2181 1666 2243 temporanea
1697 2167 1782 2243 illa
1810 2207 1825 2231 ,
1859 2174 2082 2220 a-terno-

505 2261 622 2318 rum
655 2237 912 2313 imagines
951 2253 1004 2297 et
1038 2242 1177 2318 typi,
1231 2242 1376 2318 prius
1407 2237 1703 2318 excogitata
1737 2237 1986 2318 fuerant,
2031 2246 2088 2290 ut

505 2310 788 2368 veritatem
818 2329 959 2367 nunc
987 2310 1248 2366 orientem
1279 2310 1656 2365 adnmbrarcnt
1684 2327 1696 2361 :
1729 2310 1954 2363 veritate
1985 2323 2082 2360 au-

510 2395 617 2438 tem
650 2393 914 2452 prmscnte
937 2425 950 2448 ,
985 2393 1141 2452 typus
1173 2381 1398 2450 tempori
1428 2379 1582 2452 cedat
1611 2387 1854 2452 Oportet;
1903 2388 1958 2431 ut
1987 2376 2084 2452 ad-

507 2447 758 2508 veniente
789 2447 954 2522 rege,
1007 2447 1181 2522 nullus
1203 2492 1218 2516 ,
1269 2447 1392 2520 rege
1432 2451 1661 2522 _viveme
1693 2449 1880 2522 relicto
1904 2489 1917 2512 ,
1966 2447 2085 2514 ejus

506 2523 791 2594 imaginem
841 2517 1566 2594 adorare_dignatur._Hinc
1607 2534 1734 2594 vero
1775 2517 1944 2594 palam
2003 2525 2088 2571 cst

503 2588 761 2663 quantum
806 2601 962 2664 typus
1000 2588 1406 2664 cedat—veritati
1433 2629 1448 2653 ,
1489 2591 1628 2664 quod
1670 2599 1825 2659 typus
1868 2588 2084 2664 brevem

505 2658 739 2719 celebret
768 2658 928 2718 vitam
955 2663 1294 2718 .lndaicorum
1327 2658 1797 2730 primogenitornm
1825 2700 1840 2724 ,
1892 2658 2087 2730 veritas

507 2743 684 2788 autem
734 2745 1042 2804 perpetuam
1091 2727 1366 2787 hominum
1391 2727 1644 2804 omnium
1690 2730 1872 2784 vitam.
1896 2727 2088 2804 βαίνω

506 2805 650 2858 enim
681 2800 929 2875 magn—um
969 2813 1051 2873 est
1080 2811 1306 2875 mortem
1337 2801 1404 2856 ad
1433 2801 1591 2856 breve
1619 2809 1825 2875 tempus
1855 2800 2087 2875 cll‘ugere

506 2889 652 2937 eum,
685 2871 960 2944 qui'paulo
990 2871 1108 2944 post
1134 2873 1422 2944 moriturus
1451 2880 1553 2936 est,
1586 2871 1678 2944 sed
1705 2886 1950 2944 magnum
1979 2872 2086 2924 uti-

507 2959 614 3012 que
641 2941 725 3001 est
753 2941 1218 3000 mortetn'omnino
1242 2941 1494 3013 ell'ngcre;
1526 2941 1666 3013 quod
1694 2941 1848 2996 nobis
1874 2944 2086 3013 contin-

508 3010 583 3080 git
607 3056 622 3079 ,
667 3015 862 3086 quibus
903 3014 1104 3070 Pascha
1135 3010 1437 3086 immolains
1475 3021 1559 3086 est
1596 3011 1860 3086 Christus.
1911 3010 2086 3079 Ipsum

405 3075 418 3098 ‘
509 3075 629 3156 festi
660 3075 854 3141 n'omen
877 3099 1121 3156 magnam
1151 3082 1365 3156 pira-fert
1392 3083 1785 3156 excellentiam,
1817 3083 1862 3136 si
1891 3075 2086 3135 secun-

508 3154 635 3211 dum
663 3158 738 3211 rei
769 3153 1045 3211 veritatem
1069 3153 1380 3224 explicetur.
1410 3155 1613 3208 Pascha
1639 3153 1781 3208 enim
1807 3155 2087 3206 transitum

507 3226 773 3309 signiﬁcat
795 3267 810 3292 ,
841 3225 982 3309 quod
1011 3223 1355 3309 Helirzeorum
1386 3223 1576 3309 domos
1603 3225 2089 3309 pcrttzati-sie'r‘itex-

514 3293 829 3380 iet-minatur
859 3293 968 3360 ille,
998 3295 1090 3380 qui
1112 3295 1473 3380 primogenita
1494 3293 1859 3380 percutiehat.
1888 3293 2088 3380 Trans-

509 3367 617 3437 itus
637 3382 796 3437 porro
810 3365 1238 3437 exterminatoris
1254 3365 1390 3433 apud
1416 3379 1512 3418 nos
1534 3379 1691 3418 verus
1716 3374 1818 3437 est,
1843 3365 1964 3437 quia
1991 3379 2088 3418 nos

510 3432 737 3508 intactos
767 3439 1077 3508 pertransit,
1101 3435 1166 3491 ad
1194 3432 1353 3508 vitam
1398 3444 1652 3488 :cternam
1680 3449 1708 3487 a
1737 3432 1954 3508 Christo
1973 3450 2089 3508 sus-

509 3507 724 3562 citatos.
755 3504 842 3563 Sic
873 3516 1038 3561 totum
1063 3505 1280 3560 Pascha:
1300 3515 1666 3575 argumentum
1697 3504 1958 3572 speculari
1980 3507 2090 3575 Spi-

513 3575 775 3632 ritualiter
803 3585 1014 3646 oportet
1033 3617 1047 3637 .
1097 3585 1158 3646 et
1177 3572 1484 3646 apostolicis
1510 3575 1938 3646 enarrationibus
1966 3572 2086 3631 cre-

509 3645 660 3702 dere.
707 3643 905 3700 Fidelis
934 3660 1093 3714 porro
1128 3643 1396 3698 desiderat
1429 3651 1589 3714 tatam
1616 3643 1797 3712 ﬁgurae
1827 3646 2086 3701 rationem

513 3717 845 3785 intelligere,
893 3711 1161 3784 quomodo
1193 3725 1382 3785 nempe
1411 3727 1470 3766 se
1500 3711 1694 3785 habeat
1730 3729 1854 3784 erga
1887 3716 2083 3769 verita-

513 3799 642 3852 tem,
669 3782 851 3857 atque,
883 3782 938 3840 ut
963 3786 1032 3857 ita
1060 3785 1252 3851 dicam,
1285 3782 1574 3857 spiritualia
1601 3796 1694 3857 sua
1724 3782 1818 3852 per
1847 3785 1931 3839 illa
1959 3787 2085 3857 olim

510 3853 769 3926 corporea
793 3856 1087 3926 speculari;
1118 3865 1174 3910 ut
1203 3853 1388 3925 legalia
1416 3853 1592 3919 omnia
1619 3855 1685 3909 ab
1709 3870 1768 3910 se
1796 3856 2087 3910 secundum

511 3925 782 3983 Christum
810 3925 990 3982 mente
1023 3928 1410 3998 percipiantur,
1453 3931 1508 3998 et
1534 3925 1944 3998 perspiritualia
1971 3928 2085 3982 cla-

510 3998 623 4054 rius
645 3998 938 4066 corporalia
971 3995 1360 4067 intelligantur.
1391 4006 1447 4050 et
1475 3995 1756 4050 invisibilia
1791 3997 2088 4058 visibilihus

510 4069 660 4138 quasi
707 4067 916 4139 depicta
960 4081 1269 4138 appareant.
1317 4068 1477 4137 lgitur
1508 4067 1650 4120 Deus
1679 4067 1939 4139 decimam
1971 4067 2085 4138 pla-

509 4136 632 4209 gam
662 4136 926 4210 IEgjptiis
955 4136 1255 4210 indicturus
1270 4139 1299 4210 ν(
1323 4136 1657 4210 erat_autem
1687 4136 1773 4210 illa
1803 4153 1944 4193 mors
1973 4136 2086 4210 pri-

510 4207 896 4292 incgenitornm
924 4211 976 4278 ),
1015 4209 1188 4292 [Eltoysi‘
1227 4207 1628 4292 dixitnatllen'sis
1678 4208 1761 4262 hic
1791 4207 2089 4292 Δυοὸξεςιειςίι

509 4277 708 4334 initium
738 4277 982 4334 mensium
1012 4277 1208 4347 (sua.
1241 4279 1328 4334 12.
1360 4278 1395 4332 2
1418 4277 1459 4349 );
1494 4279 1694 4349 primus
1725 4287 1808 4332 est
1845 4279 1994 4334 Vobis
2033 4283 2084 4337 in

511 4350 784 4421 mensibus
807 4351 951 4404 anni.
981 4353 1057 4405 Ac
1077 4351 1328 4421 deinceps
1353 4348 1603 4420 prtecepit
1636 4351 1952 4404 sacrilicium
1989 4351 2090 4408 Pa-

510 4419 732 4491 schatis,
774 4428 829 4475 et
856 4421 1130 4490 sanguinis
1161 4419 1463 4476 unctionem
1495 4421 1547 4474 in
1573 4421 1789 4490 januis;
1831 4430 1990 4491 atque
2019 4439 2082 4479 ex

511 4490 611 4547 hac
639 4492 886 4547 unctione
916 4492 1385 4562 primogenitorum
1415 4491 1640 4562 salutem
1669 4490 1953 4562 pollicitus
1978 4504 2082 4549 est.

509 4562 645 4630 Quid
685 4563 783 4618 sibi
827 4562 936 4618 vult
966 4561 1130 4628 illud,
1178 4562 1221 4615 si
1264 4563 1442 4618 statim
1472 4561 1540 4614 ad
1569 4561 1809 4616 veritatis
1838 4565 2083 4630 specula-

511 4634 710 4703 tionem
742 4631 1021 4697 referatur,
1051 4633 1189 4703 quod
1214 4641 1422 4703 tempus
1452 4630 1581 4686 illud
1604 4633 1728 4703 anni
1755 4631 1961 4687 initium
1988 4633 2086 4690 de-

511 4702 885 4785 ﬁniaturoquo
908 4703 1100 4785 pascha
1125 4702 1282 4785 ﬁebat
1309 4702 1370 4785 ac
1401 4702 1872 4785 primogenitprnm
1898 4705 2084 4785 salus?

508 4773 642 4840 Quia
689 4773 844 4828 nobis
871 4775 1029 4827 etiam
1060 4774 1170 4828 veri
1211 4773 1482 4829 Paschatis
1511 4773 1826 4827 sacriﬁcium
1867 4782 1949 4828 est
1979 4776 2082 4829 ini-

509 4845 638 4924 tium
666 4843 786 4924 vitze
816 4853 1048 4924 aeternio.
1083 4844 1266 4924 Annus
1291 4844 1486 4924 quippe
1527 4853 1610 4924 est
1646 4845 1824 4897 srcculi
1856 4846 2077 4914 symbo-

508 4914 618 4982 lum
638 4952 652 4972 ,
681 4913 802 4980 quia
831 4913 1086 4966 circulum
1108 4912 1397 4982 decurrens
1423 4912 1478 4968 iu
1508 4915 1742 4980 seipsum
1769 4912 1983 4982 semper
2002 4932 2086 4971 re-

506 4981 772 5053 volvitur,
792 4990 856 5053 et
883 4982 934 5034 in
964 4982 1118 5053 nulle
1134 4981 1358 5048 quiescit
1387 4981 1510 5036 ﬁne.
1545 4985 1716 5051 Atque
1744 4981 1900 5053 pater
1922 4984 2082 5042 futuri

507 5051 686 5124 stcculi
717 5051 926 5124 oblatus
956 5060 1037 5104 est
1063 5049 1303 5105 Christus
1332 5067 1426 5122 pro
1457 5049 1690 5124 uobis—in
1721 5049 2038 5111 sacriﬁcium
2064 5097 2080 5124 ,

507 5137 571 5194 ac
598 5121 831 5194 priorem
863 5121 1037 5194 vitam
1053 5129 1288 5194 nostram
1317 5123 1467 5192 quasi
1495 5123 1694 5178 nullius
1726 5127 1983 5194 temporis
2008 5121 2084 5182 fa;

505 5189 688 5255 ciens,
733 5189 953 5244 alterius
990 5190 1112 5246 vita:
1140 5189 1453 5264 principium
1491 5194 1580 5249 dat
1616 5195 1767 5250 nobis
1802 5189 1898 5264 per
1937 5198 2082 5252 lava-

506 5275 660 5318 crum
682 5264 1118 5330 regenerationis,
1150 5266 1440 5320 secnndurn
1463 5266 1867 5320 similitudinem
1896 5270 2082 5324 mortis

505 5339 562 5386 et
603 5332 1013 5406 resurrectionis
1048 5347 1178 5388 sure.
1221 5333 1401 5406 itaque
1427 5338 1666 5406 quisquis
1703 5336 1907 5391 Pascha
1938 5341 2084 5394 novit

507 5412 723 5472 propter
750 5417 810 5458 se
838 5401 1186 5478 immolatum,
1221 5401 1329 5460 hoc
1347 5401 1592 5462 sibi'vita:
1618 5408 1933 5478 principium
1961 5425 2085 5478 sup-

506 5481 708 5542 ponat,
737 5486 770 5528 a
797 5487 904 5547 quo
931 5476 1231 5547 immolatus
1254 5492 1347 5546 pro
1379 5478 1494 5547 ipso
1523 5488 1606 5533 est
1619 5476 1890 5533 Christus.
1933 5476 2083 5536 Tunc

503 5553 682 5620 autem
712 5558 806 5612 pro
836 5544 952 5620 ipso
979 5544 1302 5620 immolatur,
1333 5544 1545 5618 quando
1569 5551 1790 5619 gratiam
1819 5552 2079 5620 agnoscit,

505 5623 561 5667 et
591 5615 747 5668 vitam
781 5630 886 5692 per.
905 5616 1044 5671 istud
1073 5615 1394 5692 sacriﬁcium
1432 5615 1636 5692 parta'tn
1669 5615 1935 5690 intelligit.
1988 5615 2081 5677 llis

502 5696 667 5752 porro
695 5685 918 5764 cognitis
943 5729 956 5752 ,
990 5703 1140 5764 nov-,1;
1173 5691 1296 5743 vita:
1326 5685 1531 5764 initium
1562 5693 1806 5760 accipere
1833 5685 2037 5764 Eatagat
2061 5733 2076 5758 ,

507 5766 680 5826 neque
722 5759 788 5811 ad
831 5767 1061 5814 veterem
1092 5759 1250 5814 vitam
1290 5761 1424 5816 ultra
1466 5759 1733 5833 recurrat,
1777 5765 1926 5834 cujus
1952 5759 2077 5821 linis

2192 1461 2427 1533 advenit.
2475 1460 2607 1533 Nam
2634 1503 2648 1526 ,
2703 1461 2804 1528 Qui
2845 1462 3034 1533 mortui
3075 1479 3251 1533 sumus
3294 1475 3548 1533 peccato,
3580 1467 3749 1532 inquit,

2187 1532 2438 1605 quomodo
2468 1532 2635 1585 adhuc
2676 1534 2892 1605 vivemus
2939 1532 2992 1585 in
3021 1532 3110 1605 illo
3159 1532 3183 1603 (_
3203 1532 3353 1588 Rom.
3384 1538 3439 1590 6.
3470 1538 3511 1591 2
3537 1539 3599 1605 )?
3627 1538 3750 1592 Prin-

2189 1602 2386 1672 Cipium
2434 1617 2577 1674 ergo
2645 1603 2768 1674 anni
2817 1602 2925 1674 tale
2967 1602 3272 1674 symbolum
3323 1602 3752 1663 habet.'Decima

2188 1684 2364 1728 autem
2414 1673 2502 1727 die
2556 1673 2754 1727 mensis
2806 1673 2958 1740 jubet
3004 1673 3248 1746 singulas
3292 1675 3491 1731 domos
3549 1679 3755 1746 singulos

2187 1759 2352 1814 agnos
2405 1759 2680 1815 sumere,_
2703 1753 2758 1797 et
2801 1751 2878 1797 tot
2916 1758 3036 1815 esse
3067 1744 3117 1798 in
3149 1744 3312 1799 domo
3336 1748 3427 1814 qui
3455 1744 3746 1815 comedam,

2190 1813 2246 1867 ut
2281 1824 2447 1888 totum
2494 1813 2800 1888 comedam,
2832 1823 2887 1888 et
2931 1814 3060 1868 nihil
3091 1817 3325 1888 supersit
3362 1813 3387 1868 7:
3433 1818 3670 1888 itemque
3711 1813 3753 1873 ut

2189 1899 2354 1956 agnus
2401 1885 2708 1956 immolatur
2747 1885 2952 1956 decima
3008 1885 3191 1954 quarta
3238 1886 3327 1941 die
3381 1886 3447 1941 ad
3484 1885 3753 1956 vesperam.

2190 1953 2352 2023 Igitur
2394 1955 2628 2023 quinque
2657 1955 2844 2008 diebus
2871 1955 3023 2009 simul
3078 1965 3162 2009 est
3212 1957 3425 2010 victima
3461 1953 3754 2014 immolanda

2187 2039 2306 2077 cum
2359 2025 2456 2082 iis.
2509 2025 2596 2094 qni
2627 2025 2886 2093 pcrillam
2920 2027 3162 2080 servandi
3195 2038 3357 2089 sunt;
3414 2029 3568 2082 ﬁnita
3609 2043 3753 2083 autem

2190 2095 2371 2167 quinta
2431 2095 2518 2150 die
2570 2094 2742 2150 hostia
2807 2095 3153 2156 immolatur.
3229 2112 3377 2151 mors
3456 2104 3753 2167 pertransit;

2193 2165 2281 2235 qui
2337 2181 2464 2218 vero
2530 2178 2794 2230 servatur,
2845 2176 3099 2235 perpetua
3146 2167 3264 2220 luce
3320 2165 3558 2228 fruitur.
3627 2186 3755 2226 nocui

2191 2234 2400 2306 lucente
2445 2236 2584 2306 luna,
2615 2246 2668 2289 et
2709 2237 2821 2290 Sole
2851 2234 3048 2290 lunam
3089 2237 3391 2306 excipiente
3450 2259 3465 2292 :
3515 2241 3614 2294 hoc
3641 2245 3755 2295 enim

2192 2305 2261 2358 ita
2311 2307 2367 2359 lit
2420 2307 2473 2360 in
2520 2305 2728 2359 decima
2754 2317 2940 2375 quarta
2989 2316 3041 2361 et
3097 2305 3253 2376 plena
3287 2309 3432 2366 luna.
3491 2310 3619 2364 Haec
3655 2327 3757 2365 vero

2189 2376 2422 2449 quinque
2441 2378 2692 2446 temporis
2707 2378 2873 2449 Spatia
2899 2385 3064 2449 totum
3088 2379 3270 2432 tnundi
3294 2387 3509 2449 tempus
3532 2382 3758 2436 denotant

2192 2445 2242 2498 in
2277 2447 2510 2521 quinque
2542 2445 2718 2521 partes
2747 2448 3089 2521 distributum
3114 2465 3132 2521 _:
3177 2449 3245 2521 ab
3275 2445 3444 2504 Adam
3478 2467 3666 2521 nempe
3694 2469 3762 2506 us.

2191 2529 2294 2584 que
2323 2519 2393 2573 ad
2416 2518 2557 2588 Noe.
2580 2533 2608 2570 a
2642 2517 2751 2573 Noe
2779 2533 2944 2588 usque
2969 2518 3034 2572 ad
3065 2518 3358 2582 Abraham,
3391 2521 3460 2574 ab
3482 2517 3762 2578 Ahra‘hamo

2193 2599 2361 2660 usque
2409 2585 2474 2642 ad
2511 2586 2777 2660 Moysen,
2811 2585 3068 2660 {Moyse
3103 2603 3299 2660 _usqne
3344 2590 3413 2644 ad
3476 2590 3760 2659 Christum,

2189 2658 2370 2729 quinta
2397 2671 2516 2724 pars
2537 2673 2570 2729 7a
2591 2657 2782 2712 Christi
2816 2657 3066 2714 adventu.
3089 2657 3478 2729 Quotempore
3503 2664 3665 2716 cuivis
3684 2657 3764 2717 lio-

2191 2727 2319 2799 mini
2336 2728 2604 2799 proposita
2632 2739 2747 2783 erat
2767 2730 2909 2783 salus
2942 2744 3036 2798 per
3052 2730 3266 2784 beatum
3289 2727 3419 2785 illud
3441 2734 3760 2799 sacriﬁcium;

2189 2797 2283 2850 sed
2315 2798 2548 2872 nandum
2578 2797 2969 2872 perﬁciebatur.
3003 2800 3057 2872 l_n
3078 2801 3269 2872 _quinto
3307 2814 3492 2856 autem
3532 2797 3761 2872 temporis

2191 2869 2364 2943 spatio
2399 2883 2584 2922 verum
2619 2870 2817 2943 Pascha
2859 2870 3269 2936 immolabatur,
3302 2882 3354 2943 et
3401 2876 3493 2941 qui
3529 2891 3619 2943 per
3637 2869 3763 2928 illud

2191 2938 2418 3012 salutem
2445 2941 3273 3012 consequebaturprimogenitus
3304 2938 3492 3007 homo,
3519 2938 3571 2998 i'n
3596 2961 3763 3012 perpe-

2193 2956 2418 2994 samtem
2445 2956 2870 3006 consequebatur
2893 2956 3273 3064 primogetntus
3304 2956 3492 3007 homo,
3519 2962 3571 2998 in
3596 2961 3763 3012 perpe-

2193 3015 2341 3082 tnatn
2371 3009 2543 3082 lucem
2573 3011 2751 3065 exibat
2797 3010 3026 3082 (Matth.
3103 3011 3157 3065 0.
3192 3013 3242 3067 l.
3274 3013 3422 3082 sqq).
3465 3015 3620 3081 Quod
3656 3032 3764 3070 vero

2192 3093 2298 3150 _non
2333 3080 2382 3132 in
2412 3081 2523 3148 ipsa
2556 3095 2798 3147 vespera,
2832 3081 2924 3136 sed
2955 3082 3019 3136 ad
3050 3080 3324 3150 vesperam
3345 3080 3564 3139 Pascha
3596 3088 3762 3139 inuno-

2192 3147 2413 3221 laretnr,
2444 3150 2773 3221 signiﬁcabat
2796 3165 2900 3206 non
2932 3153 2982 3206 in
3013 3153 3127 3221 ipso
3144 3147 3254 3206 ﬁne
3278 3156 3563 3220 praesentis
3583 3158 3760 3218 saeculi,

2191 3219 2294 3296 sed
2329 3219 2394 3274 ad
2444 3219 2602 3296 linem
2642 3236 2920 3296 passurum
2949 3219 3080 3296 esse
3115 3222 3410 3296 Christum.
3444 3225 3680 3296 Tempus
3703 3229 3762 3280 ita

2190 3288 2419 3367 divisum
2459 3288 2702 3367 exhibuit
2744 3292 2994 3362 parabola
3018 3333 3035 3359 ,
3065 3294 3276 3367 quanio
3316 3304 3500 3367 partes
3553 3288 3765 3367 quinque

2191 3358 2334 3416 diem
2361 3360 2664 3424 distribuit,
2691 3358 2986 3417 et'vocatos
3015 3358 3134 3417 esse
3174 3358 3397 3419 dicit—ad
3430 3358 3645 3421 vineam
3671 3358 3703 3429 ,’
3721 3368 3761 3420 id

2190 3441 2273 3486 est
2293 3473 2307 3495 ,
2343 3431 2652 3504 adjustitim
2677 3433 3040 3503 operationem
3064 3474 3079 3504 ε
3096 3433 3240 3504 alios
3260 3436 3402 3490 circa
3431 3438 3659 3504 primam
3686 3439 3762 3489 ho-

2192 3516 2305 3555 ram
2331 3544 2348 3568 ,
2379 3502 2512 3555 alios
2558 3504 2700 3557 circa
2719 3502 2724 3503 “
2743 3504 2953 3558 tertiam
2979 3545 2993 3566 ,
3034 3503 3169 3558 alios
3197 3505 3337 3558 circa
3367 3502 3582 3560 sextam
3603 3550 3617 3568 ,
3647 3508 3762 3561 alios

2190 3572 2329 3626 circa
2354 3587 2568 3634 nonam,
2590 3583 2888 3640 postremos
2913 3575 3051 3629 circa
3069 3575 3427 3632 undecimam.
3451 3577 3620 3631 Erant
3638 3580 3761 3632 enim

2193 3640 2275 3695 lue
2304 3643 2530 3698 diversae
2549 3648 2872 3706 vocationes,
2896 3655 2949 3698 et
2966 3643 3190 3699 diversa:
3208 3645 3625 3711 iustiﬁcationes
3644 3667 3656 3709 ;
3673 3650 3759 3700 alia

2194 3720 2434 3787 tempore
2464 3715 2708 3787 _Adami,
2757 3715 2858 3768 alia
2901 3723 3152 3787 tempore
3200 3716 3330 3779 Noe,
3383 3719 3490 3770 alia
3546 3729 3762 3787 tempore

2190 3781 2498 3857 A_bral_rami_,
2519 3787 2620 3839 alia
2643 3795 2878 3857 tempore
2896 3781 3124 3857 Moysis;
3149 3795 3413 3854 postrema
3428 3797 3486 3843 et
3505 3781 3764 3857 perlectis-

2189 3852 2320 3906 sima
2345 3853 2396 3926 in
2419 3855 2646 3910 adventu
2662 3854 2878 3920 Christi,
2895 3852 3110 3924 quando
3130 3852 3336 3912 merces
3358 3852 3587 3926 operum
3616 3859 3769 3914 reddio

2192 3933 2278 3977 tur
2301 3925 2470 3991 primo
2489 3926 2574 3992 iis,
2591 3928 2680 3996 qui
2709 3926 2959 3995 postremi
2981 3937 3134 3980 erant
3157 3925 3451 3982 secundum
3480 3930 3766 3984 Servatoris

2192 3997 2495 4079 parabolam
2525 4014 2542 4078 ξ
2570 3997 2692 4079 quia
2738 4011 2838 4051 nos
2867 3998 3033 4079 primi
3061 3998 3114 4051 in
3140 3998 3464 4079 baptismate
3492 4015 3769 4079 regenera-

2193 4067 2393 4121 tionem
2433 4067 2723 4136 accipimus
2747 4108 2762 4130 ,
2790 4067 2982 4136 quibus
3021 4067 3325 4123 immolatus
3359 4078 3445 4124 est
3488 4067 3732 4126 Christus
3753 4113 3767 4136 ,

2189 4152 2295 4208 quo
2336 4147 2575 4206 tempore
2605 4139 2928 4208 resurrexit.
2969 4147 3022 4191 et
3049 4138 3303 4206 Spiritum
3345 4148 3594 4194 sanctum
3627 4143 3770 4196 nobis

2190 4207 2255 4262 ad
2284 4208 2688 4264 renovationem
2717 4207 3023 4280 insufflavit.
3057 4208 3183 4264 Haec
3211 4210 3389 4280 itaque
3415 4221 3607 4279 quarta
3638 4213 3770 4266 decio

2189 4293 2273 4354 ma
2300 4288 2382 4333 est
2407 4281 2629 4348 mystice
2646 4279 3011 4354 considerata,
3038 4289 3092 4332 et
3119 4280 3224 4354 tale
3251 4279 3336 4334 est
3364 4281 3614 4336 sacriﬁcii
3646 4298 3771 4354 sym-

2189 4349 2367 4403 bolum
2390 4391 2405 4416 ,
2439 4359 2493 4402 et
2517 4365 2619 4403 nox
2644 4350 2728 4404 illa
2759 4348 2929 4404 lucida
2966 4359 3124 4419 atque
3151 4350 3266 4404 dies
3303 4366 3422 4419 quae
3451 4348 3770 4407 sacriﬁcium

2187 4419 2404 4488 excipit.
2435 4419 2585 4487 Quod
2609 4433 2786 4473 autem
2829 4421 3039 4475 victima
3088 4430 3194 4474 tota
3227 4421 3278 4472 in
3317 4421 3544 4490 singulis
3571 4425 3772 4477 milibus

2187 4489 2561 4560 comederetur
2579 4532 2594 4555 ,
2624 4505 2794 4560 neque
2822 4505 3012 4544 carnes
3041 4490 3182 4545 foras
3219 4489 3541 4546 emrrrentur
3563 4535 3578 4557 ,
3615 4495 3668 4547 id
3702 4496 3772 4550 si-

2185 4559 2400 4684 gniﬁcot
2430 4576 2587 4614 unam
2613 4559 2815 4614 tantum
2841 4575 2959 4615 esse
2987 4561 3202 4614 domum
3227 4562 3452 4616 salutem
3483 4563 3537 4616 in
3559 4564 3774 4618 Christo

2209 4631 2472 4684 labentem
2496 4672 2509 4684 .
2543 4646 2734 4684 nempe
2764 4631 3055 4684 Ecclesium
3079 4647 3176 4684 ner
3204 4640 3372 4684 totum
3400 4634 3593 4684 orbem
3619 4636 3771 4684 dill'u-

2209 4631 2472 4686 labentem
2496 4672 2509 4696 ,
2543 4646 2734 4702 nempe
2764 4631 3055 4686 Ecclesium
3078 4647 3176 4702 per
3204 4640 3372 4686 totum
3400 4634 3593 4688 orbein
3619 4636 3771 4688 ditl'u~

2187 4717 2300 4757 sam
2326 4742 2341 4765 ,
2371 4717 2490 4772 qua:
2519 4702 2646 4756 olim
2677 4701 2847 4757 aliena
2877 4717 2906 4756 a
2939 4703 3044 4756 Deo
3080 4701 3232 4766 erat,
3276 4717 3417 4756 nunc
3446 4715 3631 4758 autem
3664 4707 3771 4759 sola

2186 4772 2254 4828 ad
2302 4771 2468 4842 Deum
2515 4771 2727 4842 proprie
2766 4776 3028 4842 pertinet,
3057 4772 3178 4840 quia
3225 4773 3457 4842 suscepit
3496 4789 3597 4829 eos
3627 4778 3715 4842 qui
3745 4792 3772 4827 a

2187 4844 2414 4898 Domino
2432 4841 2558 4897 Jesu
2579 4841 2722 4896 missi
2747 4841 2918 4907 erant;
2943 4841 3393 4911 quemadmodum
3413 4845 3610 4897 domus
3635 4841 3775 4900 illius

2186 4913 2374 4968 Raliab
2399 4913 2526 4966 olim
2554 4912 2870 4978 meretricis,
2903 4929 3020 4983 qum
3043 4913 3455 4981 exploratoresa
3483 4914 3616 4969 .lcsu
3646 4920 3775 4970 mis-

2185 5000 2276 5040 sos
2305 4985 2533 5052 excepit,
2558 4983 2773 5038 Jericho
2803 4985 3094 5043 devastata.
3127 4994 3337 5037 servata
3365 4985 3476 5036 sola
3512 4984 3634 5038 fuit.
3671 4988 3773 5040 lla-

2185 5071 2289 5125 qne
2319 5055 2416 5109 etsi
2442 5055 2618 5122 plures
2644 5054 2752 5125 sint
2779 5053 3360 5125 llebrteorumdomus,
3385 5054 3543 5108 unius
3568 5065 3777 5111 tantum

2187 5124 2292 5180 vim
2312 5125 2526 5190 habent,
2552 5134 2674 5178 utet
2692 5124 2918 5178 diversa:
2944 5139 3038 5193 per
3063 5124 3222 5177 urbes
3239 5134 3292 5178 et
3313 5126 3456 5178 vicos
3489 5125 3772 5188 Eccle~iat,

2185 5212 2305 5267 qua:
2345 5197 2523 5267 plures
2553 5209 2776 5267 numero
2819 5204 2979 5267 sunt,
3024 5203 3130 5247 una
3165 5204 3290 5248 sunt
3328 5194 3588 5267 Ecclesia.
3626 5197 3774 5252 Unus

2186 5265 2423 5323 énim’in
2464 5265 2566 5319 illis
2609 5266 2856 5320 Christus
2894 5265 3087 5333 ubique
3117 5274 3233 5329 est,
3277 5265 3546 5333 perfectus
3576 5267 3695 5333 ipse
3725 5278 3776 5321 et

2187 5337 2464 5394 iudivisus.
2493 5335 2617 5390 Ideo
2645 5336 2872 5404 perfecta
2901 5345 3018 5390 erat
3056 5335 3106 5388 in
3135 5336 3356 5404 singulis
3381 5336 3589 5390 a-dibus
3621 5338 3777 5391 victi-

2185 5424 2270 5464 ma
2295 5448 2310 5474 ,
2342 5421 2440 5462 nec
2476 5407 2542 5460 ad
2579 5406 2819 5462 diversas
2851 5406 3204 5460 dividebatur.
3240 5405 3373 5459 Dicit
3397 5407 3540 5460 enim
3573 5405 3774 5462 Paulus

2187 5494 2285 5534 nos
2303 5491 2490 5533 omnes
2520 5493 2681 5532 unum
2707 5491 2829 5530 esse
2855 5481 2905 5530 in
2933 5477 3170 5537 Chrism,
3193 5476 3314 5544 quia
3347 5474 3493 5530 Unus
3521 5475 3775 5532 Dominus

2187 5559 2259 5604 cst
2285 5592 2300 5613 ,
2343 5559 2389 5602 et
2418 5564 2520 5601 una
2547 5549 2676 5616 fides
2709 5546 2937 5616 (Ephes.
2967 5547 3018 5600 4.
3047 5546 3137 5614 5).
3168 5545 3428 5600 Unioucm
3456 5561 3588 5616 ergo
3623 5548 3772 5602 illam

2185 5622 2415 5676 victimae
2452 5617 2825 5673 indivisibilem
2866 5617 2948 5671 lcx
2980 5616 3029 5669 in
3060 5616 3269 5671 Christo
3299 5618 3412 5671 fore
3458 5619 3774 5674 necessario

2188 5689 2556 5762 przeligurabat
2581 5730 2595 5755 ,
2629 5702 2834 5762 necnon
2867 5687 3116 5762 Ecclesia:
3149 5689 3424 5762 unitatem.
3451 5687 3515 5762 _ln
3552 5689 3773 5742 Christo

2187 5757 2366 5835 utique
2407 5769 2460 5816 ct
2491 5760 2544 5818 in
2587 5759 2851 5816 sacriﬁcio
2883 5757 3080 5812 Christi
3121 5757 3349 5814 salutem
3378 5757 3678 5820 habemus;
3715 5766 3773 5813 et
