4058 6208
411 341 517 398 725

406 457 584 515 omnia
608 498 625 526 ,
668 471 788 527 quae
829 465 955 513 ante
987 455 1271 512 adventuum
1311 456 1456 512 tuere
1479 498 1495 523 ,
1526 467 1576 512 et
1607 457 1673 512 ad
1703 459 1986 514 adventum

405 526 702 602 praeparata
727 526 889 602 {uisse
926 527 1172 582 novimus
1200 544 1214 602 ς
1247 536 1300 582 et
1327 527 1428 582 hoc
1447 543 1624 602 unum
1651 528 1720 602 ab
1747 530 1897 585 initio
1919 532 1986 586 ad

405 597 632 655 salutem
658 598 755 670 toti
782 597 1025 670 humane
1032 599 1214 670 generi
1247 598 1575 667 preposilum
1604 598 1767 670 fuisse
1790 640 1805 663 ,
1836 603 1985 669 quasi

404 679 528 725 ante
555 668 743 724 oculos
772 682 966 736 nempe
988 667 1259 727 Christum
1291 682 1387 736 pro
1411 670 1662 725 omnibus
1700 667 1985 726 immolari.

404 740 554 795 Hanc
583 752 745 809 porro
773 738 1001 792 salutem
1023 737 1400 809 iuniiEcclesire
1417 748 1722 809 competere
1746 741 1945 796 scimus
1967 783 1984 809 ,

404 807 786 881 neminemque
821 818 978 881 extra
1019 807 1314 881 Ecclesium
1359 817 1414 862 et
1456 807 1614 863 ﬁdem
1667 807 1986 867 catholicam

402 894 562 949 posse
601 877 924 934 vel'Christi
965 879 1049 932 vel
1097 877 1285 937 salutis
1324 893 1444 933 esse
1499 889 1821 934 consortem.
1863 881 1988 938 Haec

401 966 522 1003 eum
563 950 833 1012 sciamus,
861 963 966 1002 non
999 949 1050 1002 in
1085 949 1341 1017 legalibus
1362 987 1377 1012 ,
1407 949 1501 1002 sed
1530 949 1581 1003 in
1611 949 1827 1004 Christo
1867 953 1986 1006 uui-

401 1021 542 1076 versi
582 1018 731 1075 orbis
769 1019 993 1090 salutem
1045 1019 1229 1090 perﬁci
1269 1020 1553 1090 novimus,
1600 1034 1773 1090 neque
1823 1021 1985 1076 ullam

401 1088 1080 1162 spemimpiishajresibus
1107 1089 1456 1158 relinquimus
1473 1089 1614 1162 ,Ased
1641 1088 1797 1162 a‘spe
1828 1106 1986 1162 pror-

400 1175 494 1216 sus
518 1160 640 1216 illas
665 1159 1029 1226 excludimus,
1063 1167 1121 1212 ut
1156 1175 1274 1227 qua:
1313 1173 1412 1214 nec
1441 1159 1987 1218 minimam'habeant

399 1247 520 1285 eum
550 1230 765 1286 Christo
791 1231 1253 1294 communionem;
1277 1229 1372 1283 sed
1400 1230 1594 1284 frustra
1617 1245 1676 1284 se
1697 1231 1766 1285 de
1800 1233 1986 1287 Serva-

405 1301 535 1354 toris
560 1301 777 1355 nomine
798 1299 1058 1370 jactitent,
1081 1311 1133 1352 ut
1155 1299 1280 1370 illos
1305 1299 1570 1370 decipiant
1590 1311 1642 1354 et
1658 1301 1870 1368 laedant,
1893 1304 1984 1370 qui

401 1371 483 1424 vel
513 1371 711 1442 nomini
730 1370 812 1424 vel
833 1369 1026 1442 speciei
1056 1369 1231 1439 potius
1258 1369 1533 1442 aiteudere
1555 1380 1793 1439 possunt,
1824 1369 1982 1442 quam

400 1441 628 1513 veritati.
652 1440 820 1495 Nemo
841 1441 1000 1508 igitur
1027 1449 1208 1513 vetera
1227 1439 1491 1513 a_Christ_o
1509 1441 1796 1513 disiungat;
1825 1439 1983 1500 nemo

398 1511 698 1580 quempiam
738 1518 976 1564 veterum
1005 1509 1122 1565 sine
1149 1509 1364 1566 Christo
1391 1509 1616 1565 salutem
1643 1509 1765 1568 esse
1793 1528 1988 1570 conse-

399 1590 618 1650 quutum
647 1581 964 1650 suspicetur;
996 1595 1154 1635 nemo
1178 1580 1318 1647 illos,
1349 1582 1438 1651 qui
1467 1596 1608 1636 nunc
1632 1582 1760 1637 l'alsa
1787 1583 1983 1641 docent

397 1661 453 1705 et
494 1652 779 1707 veritatem
818 1653 1038 1716 vitiant,
1080 1666 1348 1720 vanasque
1391 1651 1752 1707 Ecclesiarum
1779 1652 1981 1712 formas

399 1729 588 1801 parant
615 1729 762 1776 extra
781 1721 1152 1801 .veritatemct
1175 1723 1374 1777 alienas
1397 1722 1689 1801 {Christe
1721 1722 1980 1779 Christia-

397 1791 494 1846 nos
508 1803 683 1866 vocet,
713 1792 795 1846 vel
825 1792 1255 1866 communionem
1282 1808 1406 1849 eum
1437 1793 1541 1848 illis
1568 1791 1778 1866 habeat;
1805 1809 1979 1866 neque

395 1867 538 1915 enim
569 1862 694 1917 licet
726 1862 1014 1933 :quoniam
1047 1877 1152 1917 non
1173 1861 1398 1933 effertur
1423 1878 1488 1918 ex
1516 1877 1665 1918 saera
1685 1863 1846 1919 domo
1869 1861 1978 1922 vic-

396 1934 545 2004 t_inia,
578 1932 1343 2004 nequeadcommunionem
1378 1934 1645 1989 extraneis
1687 1934 1974 2004 profertur.

393 2000 497 2056 Sed
526 2002 591 2074 ad
621 2000 826 2074 Demini
847 2002 1069 2074 gloriam
1089 2002 1483 2074 przeﬁguratum
1514 2000 1754 2058 videmus
1779 2019 1974 2074 agnum

392 2086 511 2127 esse
553 2073 802 2129 debuisse
845 2073 1178 2143 perfectum,
1237 2073 1570 2138 masculum,
1611 2073 1919 2131 anniculam
1956 2094 1974 2132 :

389 2143 704 2210 perfectum,
723 2145 845 2212 quia
878 2143 1122 2198 Christus
1153 2145 1298 2200 omni
1322 2159 1538 2214 prorsus
1557 2144 1751 2201 virtute
1772 2147 1970 2201 instrn-

386 2223 505 2286 ctus
523 2223 626 2282 est,
645 2221 700 2268 et
722 2214 867 2286 omni
893 2215 1054 2270 modo
1075 2215 1460 2282 immaculatus,
1485 2224 1644 2286 atque
1665 2230 1696 2269 a
1715 2217 1973 2286 principio

386 2282 452 2336 ad
477 2283 634 2339 ﬁnem
649 2285 790 2339 nulla
808 2301 1000 2354 expers
1019 2295 1105 2340 est
1122 2285 1346 2354 justitia,
1370 2296 1427 2340 ut
1453 2282 1574 2354 ipse
1591 2285 1663 2339 ait
1692 2282 1824 2342 {Sic
1836 2282 1970 2342 enim

386 2369 478 2429 nos
501 2354 640 2408 decet
669 2355 1103 2429 implereomneni
1114 2358 1366 2429 justitiam
1397 2354 1616 2429 (Matth.
1642 2357 1695 2412 5.
1726 2355 1852 2429 15).
1888 2358 1969 2414 ld-

382 2425 525 2496 circo
555 2425 746 2480 omnes
776 2425 1005 2480 victimae
1027 2425 1387 2496 oﬁerebantur
1408 2425 1663 2496 perfecta:
1692 2436 1746 2482 et
1774 2425 1966 2484 imma-

382 2494 608 2566 gulaue,
638 2498 761 2565 quia
795 2511 984 2550 omnes
1011 2497 1061 2551 in
1097 2494 1492 2566 ﬁguraChri—sti
1534 2497 1963 2554 immolabantur.

380 2561 698 2642 Sacerdotes
719 2581 930 2642 quoque
958 2561 1222 2642 perfecios
1251 2583 1373 2627 esse
1396 2579 1451 2623 et
1476 2582 1702 2642 corpore
1732 2567 1966 2642 integros

376 2635 534 2708 iussit
562 2637 700 2708 Deus
718 2635 751 2702 ,ί
765 2635 883 2706 quia
913 2635 1100 2693 omnes
1126 2638 1289 2708 ﬁgura
1316 2648 1468 2696 erant
1496 2635 1604 2703 veri
1633 2635 1960 2695 Sacerdotis.

379 2703 645 2778 Masculus
681 2703 798 2762 erat
838 2722 1005 2778 agnus
1029 2749 1042 2768 .
1074 2703 1193 2778 quia
1225 2709 1310 2762 hie
1349 2723 1510 2778 serus
1546 2708 1650 2761 dux
1689 2717 1772 2763 est
1803 2725 1818 2763 :
1849 2725 1962 2767 mas

379 2776 520 2847 enim
548 2781 826 2847 corporale
845 2776 1002 2831 habet
1033 2776 1312 2846 imperium
1354 2778 1406 2832 in
1433 2776 1710 2843 feminam.
1761 2779 1958 2837 Natura

375 2845 518 2930 enim
549 2858 604 2930 et
636 2845 861 2930 feritate
890 2845 1132 2930 Christus
1173 2850 1280 2930 dus
1308 2859 1391 2930 est
1423 2860 1476 2903 et
1503 2849 1636 2930 Re};
1663 2858 1850 2930 utpote
1870 2851 1958 2920 qui

375 2917 445 2971 sit
469 2917 698 2972 czelestis
721 2917 916 2984 homo,
946 2919 1098 2973 nobis
1140 2920 1458 2987 conjunctus
1487 2930 1542 2973 ut
1574 2917 1740 2986 frater
1761 2917 1954 2976 secun-

375 2987 502 3039 dum
524 2989 792 3059 carnalem
825 3001 1091 3047 naturam.
1127 2991 1393 3059 imperans
1417 2999 1594 3059 autem
1617 2999 1674 3043 ut
1703 2989 1957 3046 Dominus

373 3058 662 3128 secuMum
685 3061 1013 3138 spiritualem
1034 3058 1388 3138 divinitatem.
1416 3058 1645 3138 Ideoque
1667 3062 1778 3138 ipse
1793 3077 1956 3133 spon-

372 3141 466 3209 sus
493 3138 736 3209 est_unus
759 3170 774 3195 ,
814 3131 955 3209 quod
983 3145 1176 3209 sponsa
1208 3132 1272 3201 sit
1318 3140 1424 3209 tota
1473 3131 1698 3198 humana
1741 3131 1951 3208 natura.

371 3196 554 3281 Neque
579 3201 810 3281 Joannes
831 3196 1222 3281 prophetarum
1246 3196 1540 3281 'maxiuius‘
1568 3215 1796 3281 sponsae
1831 3203 1949 3281 est,

373 3280 432 3323 ιιι
473 3271 586 3339 ipse
623 3273 695 3330 ait
727 3271 794 3325 de
831 3271 1046 3326 Christo
1083 3281 1138 3326 et
1177 3272 1242 3325 de
1275 3272 1598 3339 semetipso;
1630 3271 1696 3324 de
1738 3271 1951 3328 Christo

370 3333 603 3408 quidem,
636 3341 735 3406 Qui
759 3341 903 3411 habet
926 3359 1186 3411 sponsam,
1214 3358 1432 3410 sponsus
1450 3333 1546 3404 est;
1573 3333 1640 3394 de
1662 3342 1950 3410 semetipso

369 3419 570 3475 autem,
599 3412 803 3478 Amicus
822 3429 937 3467 vero
956 3413 1149 3483 sponsi,
1171 3414 1254 3483 qui
1275 3422 1373 3466 stat
1393 3421 1440 3466 et
1457 3411 1598 3465 audit
1624 3428 1790 3467 vacem
1814 3414 1944 3483 ejus,

1606 3611 1670 3655 ιιι
1713 3612 2007 3661 SANCTUU

438 3737 659 3810 Legales
685 3736 864 3808 ﬁgura:
883 3737 1233 3810 rationabiles
1249 3744 1305 3792 et
1321 3735 1532 3810 veritati
1561 3746 1942 3810 consentanea:

367 3808 647 3880 apparent,
678 3819 737 3862 ut
761 3808 904 3880 quod
919 3823 1087 3880 agnus
1110 3810 1184 3880 rsit
1224 3809 1610 3880 immaculatus,
1637 3823 1796 3878 quam
1820 3809 1952 3866 Pas-

369 3877 485 3936 cha:
536 3877 807 3934 victimam
855 3879 940 3934 lex
960 3877 1299 3943 adhibebat;
1346 3877 1488 3948 quod
1543 3877 1614 3932 sit
1656 3877 1946 3945 masculus,

368 3951 507 4020 quod
535 3948 842 4014 anniculus;
867 3950 1007 4018 quod
1045 3950 1250 4004 decima
1278 3950 1480 4002 mensis
1503 3957 1712 4017 captus,
1745 3948 1951 4020 decima

369 4019 560 4089 quarta
580 4020 646 4074 ad
676 4033 953 4089 vesperam
978 4020 1300 4081 immoletur,
1325 4028 1487 4088 atque
1511 4027 1570 4072 nt
1596 4032 1717 4072 cum
1744 4019 1949 4075 Pascha

367 4088 760 4156 celebrabatur,
789 4088 841 4144 id
871 4090 1079 4143 initium
1119 4090 1382 4157 mensium
1425 4095 1781 4157 reputaretur.
1825 4089 1950 4146 Huic

366 4162 562 4230 quippe
587 4161 766 4216 omnia
793 4160 845 4214 in
871 4158 1086 4214 Christo
1124 4169 1180 4214 et
1234 4159 1284 4212 in
1315 4156 1510 4213 Christi
1544 4159 1790 4227 passione
1815 4175 1949 4215 con-

366 4229 530 4294 stant,
547 4243 602 4286 et
621 4246 744 4286 vera
768 4230 1171 4300 necessariaque
1186 4239 1312 4284 sunt
1329 4243 1346 4294 ;
1366 4229 1659 4300 secundum
1690 4245 1749 4283 se
1769 4241 1946 4300 autem

366 4303 602 4384 seorsiin.
618 4309 848 4385 sliimpta,
872 4299 1068 4384 nullam
1094 4299 1853 4385 possunt.iiabere‘raiionem.‘
1867 4299 1946 4355 illi

367 4385 497 4442 vero
516 4373 604 4442 qui
631 4367 900 4427 Christum
931 4367 1212 4442 ignorant,
1243 4369 1390 4442 nullo
1433 4367 1593 4423 modo
1620 4368 1734 4442 haec
1757 4369 1947 4442 defen-

365 4441 497 4497 dere
526 4439 750 4512 possint,
782 4439 1176 4512 neque'docere
1199 4454 1297 4494 cur
1323 4439 1410 4512 illa
1438 4440 1751 4508 praeceperit
1775 4440 1944 4497 Deus:

367 4510 542 4584 neque
568 4514 679 4568 ullo
722 4510 974 4584 explicari
1016 4511 1179 4566 modo
1225 4510 1413 4584 possit,
1449 4524 1546 4563 cur
1585 4511 1800 4584 victima
1850 4526 1947 4582 pro

365 4582 537 4655 salute
577 4581 1051 4655 primogenitorum
1083 4582 1443 4655 praecipiatur,
1470 4593 1568 4655 cur
1614 4581 1795 4655 unctio
1820 4581 1946 4655 san-

363 4653 539 4722 guinis
565 4651 616 4708 in
651 4651 883 4719 foribus;
925 4651 1083 4724 quam
1111 4653 1218 4707 vim
1247 4651 1441 4724 habeat
1465 4651 1532 4704 ad
1557 4651 1784 4706 salutem
1832 4654 1946 4722 pri-

366 4720 755 4792 inogenitornm
802 4720 1137 4778 victimarum
1180 4720 1461 4792 mactatio;
1501 4735 1598 4775 cur
1633 4720 1942 4792 necessaria

363 4793 428 4865 sit
459 4791 731 4865 sanguinis
758 4794 937 4865 unctio
963 4793 1030 4848 ad
1058 4794 1266 4865 signum
1292 4791 1595 4846 domorum.
1631 4791 1769 4846 Deus
1797 4794 1938 4865 enim

363 4862 753 4934 absque'signis
784 4862 1131 4919 ilebrzeorum
1158 4862 1349 4916 domos
1383 4870 1641 4934 noverat;
1661 4869 1722 4934 gt
1748 4863 1940 4934 mirum

361 4930 580 5004 sitiil’lud
611 4930 850 5004 {Videbo
865 4935 1159 5004 sanguinem
1179 4940 1226 5004 et
1253 4930 1818 5004 protegom_vos(_Exod.
1849 4933 1939 4988 12.

365 5002 475 5075 15).
503 5005 603 5072 Qui
633 5016 810 5060 autem
840 5001 976 5063 hac
999 5003 1067 5056 ad
1098 5002 1377 5075 veritatem
1420 5001 1702 5075 dediiserit
1728 5042 1760 5075 ,Α
1770 5018 1935 5075 quam

361 5071 694 5135 rationabilis
723 5075 832 5130 sint
863 5081 1136 5143 agnoscet,
1162 5081 1218 5126 ut
1245 5074 1298 5127 in
1328 5071 1670 5143 supradictis
1694 5072 1813 5128 aliis
1845 5087 1938 5128 os-

362 5147 649 5201 tendimus.
680 5144 812 5201 Cum
840 5140 983 5199 enim
1027 5144 1362 5198 immaculata
1397 5140 1604 5195 victima
1649 5157 1747 5212 pro
1785 5143 1938 5199 nobis

361 5217 578 5281 patitur,
609 5231 754 5271 mors
777 5231 807 5270 a
854 5216 1027 5284 primo
1069 5213 1289 5284 homine
1327 5212 1550 5284 inducta
1584 5214 1828 5275 solvitur,
1860 5224 1938 5284 iet

361 5280 750 5356 primogenitus
779 5280 940 5340 hoino
965 5326 980 5351 ,
1007 5286 1096 5356 qui
1126 5280 1634 5356 in_nobis_om_n_ibus
1661 5292 1764 5347 est,
1794 5283 1938 5356 salu-

359 5351 464 5411 tem
492 5351 714 5421 obtinet,
735 5351 1130 5412 resurrectione
1180 5353 1388 5408 Domini
1426 5351 1739 5406 viviﬁcatns.
1783 5353 1936 5409 Juste

358 5441 589 5496 namque
617 5429 748 5496 vita,
780 5443 900 5496 qu:e
935 5427 1094 5481 solvit
1136 5433 1508 5496 peccatumwet
1561 5432 1810 5496 mogtem,
1834 5426 1931 5496 _si-

355 5491 516 5567 gnnni
547 5491 780 5553 salutare
799 5491 862 5552 se
889 5491 1626 5567 participantibusefﬁciture
1646 5491 1713 5567 Et
1737 5492 1804 5547 ad
1831 5494 1932 5567 hoe

355 5563 649 5637 respiciens
680 5568 822 5622 Deus
842 5608 858 5632 ,
883 5563 1060 5621 serVat
1081 5563 1176 5620 eos
1203 5565 1292 5637 qui
1325 5564 1414 5619 illo
1439 5577 1552 5637 _per
1597 5563 1756 5618 ﬁdem
1785 5565 1930 5637 uncti

353 5635 497 5702 sunt,
523 5640 612 5709 qui
644 5655 748 5695 non
791 5639 894 5701 alio
938 5638 1096 5709 modo
1135 5635 1358 5709 possunt
1395 5635 1631 5709 eﬁugere
1675 5636 1928 5709 angelum

349 5703 556 5778 justum"
578 5710 862 5774 vindicem,
889 5708 991 5763 nisi
1021 5723 1114 5778 per
1135 5703 1453 5776 sanguinein
1476 5703 1688 5778 benigni
1721 5705 1928 5778 Domini

353 5772 454 5852 pro
479 5780 632 5836 nobis
655 5772 902 5837 eﬁ‘usum.
935 5772 1120 5837 Vidcn‘
1143 5772 1396 5851 quautam
1423 5778 1528 5832 vim
1572 5772 1731 5832 habet
1761 5775 1927 5848 ﬁgura

1693 339 1760 396 ΙΝ
1797 340 2056 398 Ρ.ιε‹;ιι.ι
2101 341 2140 399 Ι.
2186 343 2273 402 ΕΤ
2308 343 2372 402 ll.

3581 367 3686 428 726

2301 465 2488 554 gaudet
2515 478 2906 554 propter‘vecem
2928 473 3130 554 sponsi;
3141 473 3191 528 11
3193 493 3260 554 oe
3267 477 3430 554 igitur
3441 484 3683 554 gaudium

2101 549 2276 622 niequ
2308 537 2568 622 iittplelu-tii
2610 537 2736 622 esti
2756 540 2923 622 latnt.-
2954 537 3014 598 3.
3047 537 3420 622 _29_).__Néque
3441 537 3683 622 “apostoli

2097 609 2277 681 sponsi
2329 617 2454 661 sunt
2510 609 2802 674 Ecclesize;
2853 612 3058 668 etiamsi
3102 609 3509 675 similitudinem
3558 609 3680 681 eum

2095 671 2308 757 Christo
2381 682 2712 757 accendunt“
2737 671 2962 757 gratiam
3005 671 3683 757 “acceperiiitict'Chi-i-a-ii

2095 745 2652 843 ῐῗέἔέἐῖῐοεξεῖερξτίῑέί
2681 745 3136 843 διῖίῦὲυιη.εποοιί
3165 745 3291 840 5W!-
3321 745 3427 840 βόα
3451 745 3582 843 ιιιῖίᾷ
3599 745 3680 826 ἐῖῖί

2095 813 2278 904 beatus
2305 813 2542 904 Papius?
2571 813 3000 904 Despondifni‘m
3039 840 3126 879 vos
3163 828 3252 904 uiti
3291 813 3681 904 viro'virgitIEin

2093 894 2282 965 eastern
2312 888 2544 943 exhibere
2570 891 2769 965 Chrisio
2798 893 2890 965 (2.
2921 892 3038 948 Cor.
3076 896 3159 950 11.
3193 895 3229 949 2
3249 899 3287 965 ).
3326 899 3436 955 Dux
3465 888 3594 965 ngo
3626 888 3683 960 et

2092 953 2396 1037 dominator
2417 968 2583 1037 φιλ-οι
2611 971 2693 1014 est
2708 953 2975 1037 _Do_ininus
2993 1004 3008 1027 ,
3051 981 3157 1037 non
3184 953 3346 1024 modo

2090 1034 2205 1107 erat
2223 1028 2272 1107 in
2290 1028 2610 1107 hominibus,
2628 1032 2719 1085 sed
2739 1031 2897 1107 eti.i_m
2915 1035 3204 1090 secundum
3225 1028 3678 1107 praexsistentein

2091 1092 2444 1179 divinitatem,
2467 1101 2585 1179 quia
2598 1092 2796 1156 natura
2821 1103 2933 1158 Ile:
2964 1092 3246 1179 est_oinnis
3266 1092 3678 1179 (ει-(ξιιιᾶξῆδῆ

2091 1166 2230 1248 quod
2261 1184 2324 1222 ex
2351 1171 2523 1293 gratia
2551 1187 2772 1240 regnum
2816 1175 3080 1241 acceperit
3106 1216 3124 1241 ,
3152 1177 3246 1232 sed
3282 1180 3425 1247 quod
3453 1166 3587 1237 illud
3623 1166 3678 1240 in

2092 1247 2313 1292 veritate
2372 1239 2545 1293 iabcat
2604 1257 2698 1293 ner
2738 1247 3136 1293 celtemlimmm
3184 1263 3212 1293 τι
3263 1247 3438 1293 Patre-
3489 1253 3676 1293 Adin...

2092 1239 2313 1317 veritate
2354 1239 2545 1317 habeat
2604 1239 2698 1311 per
2738 1239 3137 1308 generationem
3184 1263 3212 1300 a
3260 1239 3438 1304 Patre.
3484 1239 3676 1310 Adhuc

2090 1311 2250 1393 etiam
2277 1311 2556 1393 anniculus
2575 1323 2700 1393 erat
2726 1328 2892 1382 agnus
2916 1333 2930 1369 :
2957 1317 3096 1393 quod
3111 1317 3456 1393 signiﬁcabat
3487 1321 3670 1378 Domi-

2089 1390 2232 1461 rium.
2261 1394 2458 1461 novum
2488 1381 2538 1461 in
2569 1381 2866 1461 terraAesse
2884 1425 2900 1449 ,
2931 1381 3020 1454 qui
3070 1381 3202 1461 nihil
3230 1391 3574 1461 antiquitatis
3621 1395 3673 1449 in

2091 1445 2398 1529 hominibus
2412 1450 2663 1529 haberet.
2695 1445 2899 1529 Siquis
2927 1445 3057 1525 ergo
3082 1445 3671 1529 simplicem'homihetn

2087 1515 2228 1600 dicat
2273 1521 2594 1600 Domi_n_um,
2634 1534 2690 1578 et
2731 1515 2810 1579 sie
2859 1515 3300 1600 natura:_no§tr:e
3345 1515 3675 1600 pomata—esse

2085 1587 2390 1669 Christum;
2421 1592 2507 1669 hic
2529 1587 2697 1669 agnus
2730 1610 2834 1648 non
2864 1605 2948 1669 est
2977 1597 3243 1664 perlectus
3270 1587 3442 1669 neque
3482 1587 3670 1658 imnia;

2085 1659 2323 1740 eulatus;
2378 1659 2808 1734 nullus'quippc
2862 1659 3038 1740 homo
3101 1677 3188 1740 est
3253 1659 3671 1740 immaculatus;

2086 1727 2174 1810 hic
2199 1746 2367 1812 agnus
2409 1749 2514 1812 non
2542 1727 2644 1789 est'
2675 1727 2988 1812 masculus:
3040 1739 3217 1812 nulius
3265 1741 3462 1812 quippe
3508 1727 3672 1798 homti

2088 1803 2368 1869 imperium
2426 1803 2584 1859 habet
2647 1807 2888 1860 naturale
2944 1815 2999 1860 et
3061 1803 3481 1867 universum-'in
3538 1827 3670 1870 con-

2081 1885 2308 1939 generes
2323 1874 2422 1947 sibi
2442 1873 2705 1947 homines.
2726 1881 2802 1931 Ac
2823 1881 2912 1947 qut
2941 1876 3220 1932 Dominum
3239 1879 3380 1935 inter
3393 1893 3670 1940 creaturas

2081 1952 2348 2007 numerat.
2371 1945 2606 2014 dicitque
2634 1945 2778 2020 illum
2808 1945 2903 2015 per
2924 1947 3146 2020 gratiam
3168 1950 3420 2020 deitatem
3443 1951 3666 2020 habere.

2081 2027 2187 2096 non
2219 2029 2420 2096 veram,
2453 2030 2627 2096 neque
2658 2015 3058 2096 hiemasculam
3093 2018 3250 2073 habet
3277 2015 3666 2096 vietiinamrpro

2079 2097 2139 2136 se
2160 2085 2503 2160 immolaiam.
2534 2085 2648 2142 Non
2678 2089 2821 2160 enim
2863 2088 3007 2142 novit
3031 2104 3152 2144 eum
3177 2130 3194 2156 ,
3221 2090 3310 2160 qui
3336 2099 3520 2148 natura
3549 2085 3661 2150 Rex

2077 2163 2180 2216 est,
2207 2155 2601 2228 sedadialium,
2637 2157 2726 2226 qui
2755 2172 2853 2228 nec
2879 2169 3062 2228 natura
3094 2175 3192 2214 nec
3223 2155 3348 2215 vere
3379 2177 3470 2216 rex
3493 2164 3582 2228 sit,
3605 2180 3665 2221 se

2076 2226 2364 2304 cotivertit.
2395 2227 2498 2304 Sed
2526 2239 2578 2304 et
2608 2228 2652 2283 si
2679 2226 2884 2304 quise:
2914 2227 3142 2282 humana
3171 2239 3432 2304 vetustate
3459 2226 3660 2304 aliquid

2077 2294 2129 2349 in
2148 2295 2414 2369 Christum
2436 2297 2660 2369 derivat,
2690 2294 2768 2351 vel
2797 2299 2966 2366 ipsum
2987 2300 3186 2365 peccati
3213 2314 3463 2369 capacem
3479 2294 3659 2360 dicere

2073 2367 2236 2421 audet
2260 2407 2274 2429 ,
2319 2367 2402 2422 vel
2445 2367 2577 2432 legis
2622 2369 2865 2438 servituti
2897 2369 3239 2438 subjectum,
3277 2367 3370 2424 aut
3407 2373 3565 2427 morti
3594 2391 3660 2429 ex

2074 2438 2393 2492 necessitate
2440 2438 2778 2507 subjectum;
2832 2437 2917 2492 hic
2967 2437 3276 2494 anniculam
3331 2456 3435 2496 non
3493 2443 3655 2498 habet

2072 2521 2266 2580 agnum
2290 2547 2308 2574 ,
2339 2523 2512 2580 neque
2561 2509 2852 2580 novitatem
2887 2508 3029 2580 illam
3076 2510 3280 2574 sensit,
3311 2525 3431 2580 qua:
3476 2523 3559 2567 est
3605 2530 3656 2570 ιιι

2069 2577 2313 2651 Christo:
2348 2577 2535 2651 Restat
2559 2587 2687 2634 utet
2714 2579 2835 2648 agni
2858 2588 2910 2632 et
2939 2577 3083 2651 ἤφιιί
3117 2577 3422 2651 symbolum
3455 2581 3655 2638 intelli-

2069 2659 2240 2715 gatur.
2277 2649 2373 2703 Est
2396 2649 2554 2718 igitur
2575 2664 2764 2718 agnus,
2793 2649 3084 2704 secundum
3113 2649 3320 2711 Isaiam,
3349 2663 3658 2707 mansuetu-

2068 2719 2210 2800 dinis
2234 2717 2430 2774 Chriin
2457 2717 2755 2800 symbolum
2785 2736 2800 2773 :
2831 2734 2950 2773 nam
2967 2719 3112 2800 Sicut
3127 2721 3230 2774 oris
3255 2721 3324 2772 ad
3353 2720 3655 2800 occisieuent

2066 2788 2246 2860 ductus
2275 2799 2367 2860 est,
2397 2798 2441 2860 et
2461 2788 2588 2842 sicut
2604 2806 2766 2860 agnus
2786 2805 2958 2843 coram
2980 2790 3213 2860 tondente
3235 2807 3289 2843 se
3303 2800 3471 2844 mutus
3492 2789 3648 2858 (Isai.

2065 2858 2155 2913 53.
2189 2859 2266 2926 7).
2300 2859 2499 2930 llmdns
2520 2858 2650 2914 vero
2672 2861 2963 2914 secundum
2993 2859 3183 2928 legem,
3209 2868 3293 2914 est
3319 2860 3528 2930 victima
3554 2878 3650 2930 pro

2133 2941 2285 2984 ceato
2309 2947 2322 2984 :
2349 2928 2588 2992 "tedam,
2622 2929 2812 2999 inquit,
2837 2930 3080 2997 excapris
3109 2946 3203 2998 pro
3231 2942 3434 2999 peccato
3463 2928 3648 2996 (Leuit.

2061 2942 2285 3053 peccato
2309 2947 2322 2984 :
2349 2942 2588 2992 Imaum,
2622 2942 2812 2999 inquit,
2837 2942 3080 2997 excapris
3109 2946 3203 2998 pro
3231 2942 3434 2999 peccato
3463 2942 3648 2996 (Leuit.

2102 3039 2115 3052 .
2149 3000 2232 3068 6).
2265 2999 2484 3053 Oblatus
2513 3014 2640 3067 ergo
2678 3011 2985 3053 mansuetus
3013 3010 3068 3052 ut
3095 3001 3210 3052 ovis
3233 3038 3248 3062 ,
3280 3001 3428 3068 quasi
3461 3000 3649 3057 haedus

2061 3084 2162 3139 pro
2189 3079 2408 3138 peccato
2453 3069 2754 3122 immolatus
2791 3078 2913 3133 est,
2941 3083 3009 3139 ac
3054 3083 3150 3139 per
3185 3071 3646 3125 mansuetudinem

2059 3138 2211 3194 suam
2237 3155 2358 3195 sese
2382 3139 2566 3193 obtulit
2597 3140 2663 3192 ad
2688 3139 2913 3193 salutem
2938 3138 3232 3208 hominum,
3263 3154 3420 3208 quam
3448 3154 3644 3194 conse-

2057 3211 2146 3281 qui
2169 3225 2444 3279 precemur
2467 3208 2732 3281 periidein
2755 3220 2806 3263 et
2835 3208 3174 3264 dilectionem
3195 3207 3320 3281 Jesu
3341 3208 3534 3281 Christi
3556 3210 3646 3281 qui

2059 3278 2246 3352 passus
2274 3289 2356 3352 est
2376 3295 2472 3352 pro
2491 3279 2663 3352 nobis,
2681 3293 2946 3352 perquem
2957 3288 3011 3352 et
3025 3293 3144 3332 cum
3171 3292 3278 3352 quo
3300 3278 3438 3333 Patri
3454 3279 3642 3348 gloria,

2056 3349 2266 3428 unaque
2304 3349 2522 3421 Spiritui
2548 3359 2734 3404 sancto
2775 3349 2826 3403 in
2853 3349 3046 3404 sa'cula
3073 3350 3409 3404 seculorum.
3449 3352 3642 3404 Amen.

3226 3530 3629 3546 ᾗ

2053 3613 2319 3659 νΑεαιιΑ.
2365 3611 2438 3655 ιι.

2059 3752 2182 3794 cum
2205 3737 2432 3794 veritate
2451 3734 2832 3791 considerata?
2866 3734 3048 3806 Itaque
3072 3735 3118 3791 si
3160 3735 3282 3807 quis
3317 3735 3533 3792 Judaeus
3565 3737 3642 3791 di-

2061 3824 2188 3865 cere
2213 3810 2446 3864 audeat:
2473 3807 2580 3862 Cur
2605 3807 2772 3862 Filius
2801 3820 2988 3877 passus
3031 3817 3116 3862 est
3157 3816 3215 3861 ut
3243 3807 3474 3862 mundus
3521 3823 3640 3863 ser-

2056 3891 2292 3944 varetur,
2314 3893 2377 3933 ac
2406 3879 2450 3932 si
2492 3893 2596 3931 non
2637 3878 2775 3930 alius
2799 3884 2946 3932 esset
2967 3877 3218 3932 servandi
3244 3877 3471 3932 modus?
3494 3877 3642 3932 dica-

2059 3957 2146 4003 tur
2171 3950 2220 4004 ei
2252 3965 2265 4000 :
2313 3948 2422 4002 Cur
2448 3946 2647 4001 Pascha
2683 3946 3010 4000 immolatum
3037 3954 3120 4000 est
3158 3945 3228 4000 ad
3253 3947 3480 4002 salutem
3529 3948 3636 4016 pri-

2055 4020 2445 4090 mogenitoritm
2458 4016 2785 4090 intueor-um,
2805 4030 2868 4070 ac
2895 4015 2946 4090 si
2966 4031 3071 4068 non
3100 4016 3209 4090 alio
3248 4017 3408 4090 modo
3431 4015 3634 4090 servari

2053 4085 2312 4157 possent?
2341 4089 2407 4142 Et
2435 4088 2528 4141 ille
2561 4087 2688 4154 quid
2719 4085 3041 4157 respondeat
3065 4101 3169 4139 non
3195 4085 3409 4157 habebit
3436 4086 3636 4157 (neque

2051 4154 2195 4213 enim
2224 4158 2365 4212 Deus
2391 4157 2656 4212 sacriﬁcio
2678 4170 2814 4224 opus
2840 4154 3040 4220 habuit,
3072 4169 3244 4224 neque
3267 4156 3422 4224 signo
3448 4154 3508 4209 ιιι
3533 4154 3633 4211 do-

2051 4243 2172 4284 mos
2197 4231 2602 4298 cognosceret);
2636 4226 2790 4298 nobis
2823 4239 3065 4298 verores
3097 4224 3209 4296 ipsa
3238 4226 3623 4298 patrocinatur,

2051 4307 2106 4353 et
2129 4294 2368 4353 sanciam
2401 4294 2560 4352 ﬁdem
2609 4294 2911 4350 testimonio
2943 4294 3155 4359 ﬁrmat,
3202 4294 3327 4351 cum
3381 4295 3634 4366 iniquitas

2052 4379 2235 4424 nostra
2265 4369 2318 4423 in
2337 4366 2534 4424 Christi
2559 4367 2762 4436 justitia
2786 4366 3034 4428 solvitur,
3061 4382 3187 4436 qu.e
3206 4366 3312 4421 alio
3332 4366 3492 4421 modo
3522 4381 3629 4422 non

2055 4439 2360 4495 solveretur
2405 4435 2664 4509 (tenebrae
2691 4450 2921 4509 namque
2944 4451 2974 4509 a
3025 4435 3141 4509 luce
3160 4435 3550 4509 dissipantur);
3575 4446 3632 4492 et

2048 4524 2170 4564 eum
2199 4524 2346 4564 mors
2375 4505 2556 4564 nostra
2587 4522 2682 4577 per
2709 4506 2905 4561 Christi
2929 4507 3090 4561 vitam
3115 4505 3350 4577 fugatur,
3378 4516 3436 4562 ut
3453 4505 3631 4577 alueo

2051 4580 2305 4634 tenebral'.
2335 4580 2496 4634 Sacra
2545 4576 2707 4647 igitur
2733 4585 2860 4647 erat,
2877 4577 2967 4647 illa
2994 4591 3208 4647 quoque
3237 4576 3473 4642 victima,
3500 4576 3626 4647 quia

2047 4665 2191 4706 verte
2225 4650 2454 4705 victima:
2493 4645 2649 4719 typus
2673 4656 2808 4702 erat.
2836 4645 2971 4719 ~ﬂare
3012 4645 3190 4719 autem
3218 4661 3377 4719 saera
3406 4645 3630 4719 omnino

2046 4729 2150 4786 est,
2179 4729 2364 4790 utpote
2393 4716 2682 4790 vera','qua:
2714 4731 2818 4790 per
2835 4717 3184 4786 ignorantiam
3216 4717 3502 4790 impiorum
3529 4716 3629 4771 lto-

2047 4787 2250 4844 minnm
2275 4791 2434 4844 morti
2455 4798 2511 4843 et
2539 4787 2654 4843 neci
2686 4787 2875 4842 tradita
2906 4796 3022 4851 est;
3046 4803 3110 4842 ex
3140 4789 3417 4843 voluntate
3443 4799 3623 4842 autent

2046 4860 2136 4916 Dei
2165 4861 2217 4914 in
2243 4875 2449 4915 sacram
2474 4859 2699 4914 hostiam
2726 4867 2944 4926 accepta
2969 4867 3082 4922 est;
3105 4869 3158 4912 et
3183 4872 3250 4912 ex
3282 4858 3423 4912 illius
3461 4857 3626 4926 placi-

2046 4938 2100 4982 to
2145 4930 2287 4985 Patri
2335 4931 2535 4986 oblatio
2584 4929 2720 4984 facta
2760 4938 2864 4984 est.
2919 4926 3162 4982 Tradidit
3199 4929 3368 4992 en'm,
3429 4929 3620 4996 inquit,

2046 4998 2206 5068 Pater
2227 5001 2418 5055 Filium
2443 5017 2542 5068 pro
2567 5001 2756 5062 nobis;
2787 5007 2842 5052 et
2873 4997 3068 5052 Obtulit
3113 4999 3436 5068 semetipsum
3476 4997 3615 5068 l'airi

2043 5067 2288 5125 Christus
2307 5084 2407 5139 pro
2421 5066 2678 5133 Ecclesia,
2709 5069 3011 5123 oblationem
3031 5080 3079 5123 et
3097 5068 3402 5139 sacriﬁcium
3419 5066 3473 5121 in
3493 5067 3623 5139 odo-

2041 5137 2435 5220 r‘emsuavitalis
2467 5141 2680 5220 (Ephes.
2706 5140 2760 5195 5.
2786 5139 2867 5210 2).
2899 5141 3071 5220 {itque
3108 5138 3213 5193 illis
3241 5138 3478 5220 quidem,
3522 5137 3619 5220 qui

2039 5211 2310 5266 Christum
2357 5227 2416 5266 se
2452 5205 2725 5267 occisuros
2754 5205 3074 5278 sperabant,
3119 5205 3474 5277 perniciosum
3519 5205 3620 5263 l‘uit

2040 5281 2324 5336 consilium
2349 5297 2364 5345 ;
2397 5282 2460 5335 iis
2485 5296 2633 5345 vero,
2660 5280 2750 5349 qui
2775 5277 3000 5333 salutem
3027 5294 3122 5346 per
3149 5287 3374 5334 mortem
3405 5277 3616 5334 Domini

2038 5362 2306 5421 quaerunt,
2333 5352 2580 5406 salutaris
2607 5348 2691 5406 est
2729 5348 2882 5421 ﬁdes.
2913 5349 3024 5403 llos
3070 5349 3202 5403 ultio
3226 5358 3282 5403 et
3304 5364 3456 5421 niors
3490 5363 3615 5418 per-

2041 5419 2250 5485 transit,
2278 5422 2405 5492 quia
2429 5437 2535 5475 non
2569 5421 2637 5492 ad
2688 5420 2977 5492 perniciem
3005 5433 3036 5472 a
3058 5429 3256 5492 _tnorte
3283 5419 3606 5492 detinentur,

2036 5489 2327 5548 secundum
2359 5491 2409 5545 id
2437 5532 2453 5556 ,
2499 5491 2639 5559 quod
2669 5505 2699 5542 a
2727 5489 3014 5545 Senatore
3037 5489 3236 5543 dictum
3264 5498 3348 5544 est
3375 5506 3390 5542 :
3421 5489 3619 5558 Siquis

2035 5578 2316 5616 sermonem
2331 5577 2495 5614 meum
2521 5561 2805 5624 seruaverit,
2832 5572 3042 5614 mortem
3063 5575 3163 5614 non
3189 5561 3369 5614 videbit
3385 5561 3436 5613 in
3456 5572 3615 5615 teter»

2036 5648 2158 5685 num
2191 5630 2370 5702 (Joau.
2399 5633 2452 5686 8.
2481 5631 2595 5701 51).
2627 5631 2730 5686 Per
2757 5633 3070 5702 sanguinein
3115 5631 3260 5684 enim
3307 5644 3411 5702 pro
3454 5633 3611 5685 nobis

2036 5699 2230 5770 l‘ummi,
2273 5703 2528 5772 Spiritum
2557 5699 2816 5756 'Sanctum
2855 5699 3148 5772 accipimus
3182 5717 3196 5752 :
3243 5699 3508 5770 siunidein
3559 5703 3612 5759 in

2033 5791 2195 5831 unum
2226 5782 2584 5830 convenerant
2622 5774 2838 5844 sanguis
2864 5781 2918 5829 et
2941 5772 3180 5844 spiritus,
3208 5780 3266 5827 ut
3291 5787 3385 5842 per
3409 5785 3608 5840 conge-
