3988 6206
434 290 539 344 727

439 418 621 461 ueram
644 398 801 455 nobis
821 398 1130 469 sanguinem
1150 412 1253 449 non
1281 411 1634 465 congenercm
1659 395 1811 469 nobis
1841 393 2013 469 Spit-if

437 483 548 527 tum
570 482 810 526 sanctum
835 462 1078 537 arcipere
1108 462 1427 536 possemus,
1459 482 1518 519 ac
1560 481 1655 536 per
1685 466 1827 520 illntu
1857 462 2014 537 morti

439 556 736 611 Ingressum
766 536 1093 611 claudamus.
1146 538 1348 611 Duplex
1386 548 1561 589 autem
1611 545 1707 611 e_st_
1744 536 1895 611 morti
1928 536 2013 587 itt-

474 604 685 666 réssus;
713 619 768 664 et
805 609 927 662 ideo
957 607 1150 675 duplex
1197 606 1424 661 efficitur
1467 606 1739 675 sanguinis
1762 604 2013 675 sigillum.

476 700 505 734 n
526 680 751 740 duobus,
786 679 974 747 inquit,
1007 674 1228 746 postibus
1256 687 1302 728 et
1324 677 1376 729 in
1395 674 1785 747 liminei(E:t:od.
1820 674 1904 727 12.
1934 674 2013 747 7).

441 753 606 806 Intrat
649 749 789 803 enim
845 741 940 817 per
991 741 1266 816 peccatum
1315 760 1491 809 mors,
1536 741 2017 817 utaitApustolus

440 821 616 893 (Itoni.
640 821 694 875 5.
730 814 1151 893 l2).'Pe_cca_tunt
1188 816 1501 893 vero,_aliud
1547 816 1601 869 in
1632 816 1805 893 nobis.
1827 814 1883 866 fit
1923 828 2018 893 per

442 884 896 959 passiottem.qum
923 887 1113 959 duplex
1143 897 1256 945 est;
1282 888 1380 959 alia
1408 901 1596 959 nempe
1621 885 1867 937 mollities
1896 884 2007 959 aui-

444 955 512 1013 ini
562 960 610 1014 in
642 959 990 1021 debilitatem,
1020 958 1119 1010 alia
1150 957 1391 1024 asperior
1415 956 1465 1008 iu
1506 956 1764 1009 feritatem
1809 955 2014 1021 vergit:

439 1031 579 1083 aliud
610 1045 702 1097 per
722 1029 1077 1086 ratiocinium.
1097 1041 1217 1079 cum
1245 1042 1347 1079 non
1370 1040 1497 1097 sana
1518 1040 1615 1079 nec
1637 1036 1775 1097 recta
1796 1025 2013 1091 cogitat.

443 1100 506 1154 Et
531 1094 841 1168 estquidem
868 1097 1200 1151 ratiocinium
1220 1100 1397 1164 ,quasi
1420 1096 1601 1156 limen,
1619 1094 1669 1148 id
1690 1104 1790 1153 est,
1823 1108 2014 1168 snper-

445 1163 720 1234 liminarc,
755 1182 912 1234 supra
970 1176 1253 1231 utrumque
1271 1163 1517 1233 postem;
1566 1179 1713 1234 natm
1732 1178 1880 1233 quasn
1910 1163 2015 1217 dux

444 1248 550 1307 est,
577 1248 628 1293 et
661 1233 847 1293 natura
890 1238 1149 1307 supcttiorr
1175 1236 1368 1307 passio;
1395 1245 1569 1307 autem
1614 1233 1802 1307 referri
1845 1242 2017 1299 potest

440 1308 504 1361 ad
533 1304 724 1377 postes
753 1349 767 1370 ,
813 1323 931 1376 qua:
964 1304 1251 1377 ratiocinio
1289 1305 1603 1377 subjicitur,
1643 1304 1781 1358 sicut
1836 1311 2016 1377 postes
2060 1352 2067 1367 ,

440 1372 937 1447 superlimiimrihus
974 1384 1099 1447 sunt
1136 1374 1389 1447 subjecti:
1448 1374 1705 1447 Quzeuam
1728 1381 1870 1447 _su_ut
1909 1372 2014 1426 illa:

443 1442 716 1517 plSSiOlleS
766 1464 883 1517 qua:
930 1445 995 1499 ad
1046 1445 1322 1517 mollitiem
1361 1444 1661 1517 deducunt?
1717 1442 1885 1517 Gula,
1939 1450 2014 1495 te-

444 1512 696 1573 inulentia
730 1559 745 1581 ,
784 1512 857 1571 'et
913 1514 1348 1584 concupiscentia
1416 1513 1752 1584 libidinosa,
1788 1512 2014 1577 Quinam

442 1597 566 1640 sunt
603 1587 779 1655 asperi
817 1585 1037 1655 affectus
1077 1582 1237 1637 animi
1269 1584 1292 1637 ?
1334 1584 1446 1645 Ira,
1490 1582 1793 1655 arrogantia
1827 1621 1841 1644 ,
1881 1596 2015 1651 quas

447 1666 503 1709 ιιι
569 1652 869 1710 eliminarct
920 1654 1117 1707 Paulus
1170 1655 1377 1707 dicebat
1419 1670 1431 1705 :
1492 1652 1609 1705 Non
1655 1654 1706 1705 in
1769 1667 2018 1704 comessa-

444 1727 659 1779 tionibus
708 1736 752 1777 et
802 1723 1141 1787 ebrietatibus,
1184 1741 1282 1775 non
1321 1723 1372 1775 in
1417 1722 1662 1775 cubilibus
1710 1733 1755 1775 et
1792 1721 2016 1781 impudi-

448 1797 597 1856 ritiis,
641 1811 741 1847 non
789 1796 840 1848 in
881 1794 1194 1847 contentione
1230 1801 1276 1845 et
1314 1794 1664 1853 annulatione;
1704 1792 1793 1845 sed
1845 1790 2016 1843 indui-

445 1865 568 1918 mini
634 1864 905 1917 Dominum
976 1872 1199 1916 nostrum
1260 1862 1436 1916 Jesttm
1490 1862 1747 1915 Christum
1814 1861 2008 1928 (Iiom.

450 1936 536 1989 13.
582 1936 666 1990 15.
712 1935 835 2000 14).
906 1934 1107 1988 Similis
1155 1942 1237 1988 est
1278 1947 1406 2002 ergo
1451 1933 1629 1985 unctio
1680 1931 2010 1994 indumento,

445 2004 658 2063 quando
721 2004 916 2058 Christi
984 2006 1215 2073 passioni
1295 2003 1608 2057 eont'ormati
1650 2043 1667 2068 ,
1733 2003 2013 2073 sanctitate

442 2072 1242 2153 Christi.amicimur,neque_in
1272 2074 1572 2153 voluptates
1602 2072 1865 2153 dissoluti,
1914 2088 2011 2124 ne-

443 2160 545 2211 que
576 2145 623 2196 in
655 2145 760 2199 iras
790 2143 1114 2212 exasperati.
1147 2143 1288 2196 Bona
1318 2143 1441 2196 item
1470 2153 1551 2212 est
1577 2143 1869 2196 ratiociniis
1908 2157 2010 2195 uu-

446 2216 551 2266 ctio
574 2223 627 2267 et
658 2215 840 2276 vestis,
871 2211 1125 2282 Sapientia
1163 2230 1265 2265 non
1297 2211 1547 2275 carnalis,
1577 2212 1670 2265 sed
1700 2227 1760 2266 ea
1788 2228 1905 2281 qua:
1930 2226 2015 2265 se-

445 2284 676 2337 cundum
706 2284 971 2338 Christum
1003 2294 1079 2337 est
1104 2300 1117 2343 ;
1152 2286 1223 2335 ita
1249 2292 1302 2335 ut
1323 2282 1462 2335 circa
1486 2282 1753 2336 carnalem
1776 2283 2010 2335 animum

447 2354 851 2418 ntortitieentur,
893 2369 955 2407 ac
981 2354 1024 2406 si
1054 2353 1161 2421 jam
1188 2353 1377 2404 mortui
1408 2353 1597 2414 simus,
1638 2367 1891 2405 ornentur
1916 2367 2012 2403 au-

448 2432 560 2475 tcm‘
602 2425 855 2493 spirituali
905 2433 1116 2477 ornatu.
1156 2422 1243 2476 Sic
1294 2422 1435 2493 enim
1482 2437 1651 2489 neque
1695 2437 1788 2488 per
1832 2422 2015 2475 brutos

444 2492 684 2553 allectus.
730 2510 900 2561 neque
937 2509 1028 2561 per
1074 2492 1583 2561 insnl~agratiocinia
1616 2504 1886 2559 peet'atum
1916 2505 2012 2544 nos

449 2563 687 2626 invadet,
724 2559 893 2632 neque
923 2559 1075 2617 nobis
1100 2577 1243 2616 mors
1272 2559 1651 2632 dominabitur.
1700 2560 2011 2632 Hujnsmodi

446 2647 576 2686 sane
603 2642 684 2685 cst
710 2630 972 2703 unctionis
998 2632 1331 2703 mysterium.
1381 2631 1503 2703 Post
1533 2633 1833 2703 unctionem
1865 2630 2015 2683 adest

447 2702 726 2766 comestio,
772 2720 891 2771 qua:
936 2701 1173 2757 divinum
1216 2716 1409 2769 corpus
1452 2702 1503 2754 in
1560 2702 1711 2754 nobis
1752 2701 1908 2764 locat,
1961 2710 2015 2755 et

449 2773 761 2828 eotutuiscet
787 2770 852 2827 ad
885 2774 1155 2827 unionem.
1180 2771 1466 2835 Comedent,
1500 2771 1688 2839 inquit,
1713 2787 1891 2824 carnes
1918 2770 2012 2822 hac

448 2851 752 2913 noctepssas
778 2841 883 2913 igni
904 2843 1094 2913 (Exod.
1129 2842 1211 2897 12.
1244 2842 1319 2909 8).
1348 2840 1480 2913 Nox.
1511 2855 1741 2913 put-scus
1763 2840 2013 2913 sa‘cttlum

448 2920 550 2964 est.
582 2909 704 2965 No.1:
731 2909 983 2981 pra’cessit
1030 2914 1205 2979 (Rom.
1239 2913 1322 2965 15.
1354 2910 1466 2978 12),
1511 2912 1585 2964 ait
1610 2910 1817 2965 Paulus.
1848 2911 2013 2977 Ignita

450 2983 690 3053 est_saeri
732 2984 972 3049 corporis
1005 2982 1375 3053 participatio;
1420 2982 1519 3053 hoc
1545 2992 1645 3045 ρει,
1675 2997 1770 3049 per
1794 2982 2013 3053 ignitum

449 3064 510 3121 ac
535 3049 745 3107 fervens
770 3049 1023 3108 studium;
1072 3049 1291 3119 Spiritu,
1318 3051 1514 3119 inquit,
1566 3049 1829 3121 ferventes
1854 3049 2012 3120 (Ibid.

455 3119 536 3193 l2.
557 3122 643 3191 11)
664 3138 677 3184 ;
702 3133 775 3185 et,
805 3123 981 3193 Ignem
1011 3125 1118 3177 veni
1147 3122 1412 3193 mittererin
1442 3119 1643 3193 terram,
1672 3135 1718 3174 et
1737 3119 2012 3192 quidrolo,

449 3190 889 3259 sijantaccensus
923 3204 992 3247 est
1034 3193 1182 3261 (Luc.
1217 3192 1300 3245 12.
1333 3190 1457 3260 b9)?
1488 3191 1553 3246 Ut
1577 3190 1755 3245 autem
1783 3194 1936 3259 ignis,
1969 3193 2012 3245 si

449 3261 516 3331 de
566 3265 893 3317 comestione
944 3265 1183 3317 carnium
1231 3261 1589 3331 intelligatur,
1643 3261 1857 3316 fervens
1898 3272 2013 3315 stn-

450 3329 594 3382 dittttt
627 3333 820 3385 indicat
853 3351 864 3385 :
899 3334 974 3386 sic
1001 3344 1056 3387 et
1080 3347 1264 3403 azyma
1294 3328 1709 3403 simplicitatem,
1752 3342 1806 3386 et
1835 3332 2015 3403 herba:

449 3415 643 3453 amara:
673 3417 938 3455 a'rtttnnas
965 3400 1367 3471 subsequentes:
1421 3400 1789 3471 NamAzynta,
1824 3402 2010 3467 inquit,

448 3484 562 3540 cum
600 3471 761 3523 herbis
795 3474 979 3524 amaris
1014 3469 1270 3526 comedent
1301 3469 1491 3537 (Exod.
1514 3470 1603 3526 12.
1631 3469 1707 3540 8).
1737 3472 2016 3539 Simplices

452 3538 558 3589 sitit
588 3555 783 3604 mores,
831 3557 928 3595 nec
969 3542 1149 3605 fucati,
1187 3542 1350 3592 veteri
1390 3556 1535 3593 more
1562 3556 1623 3593 ac
1651 3538 1878 3593 versutia
1904 3541 2012 3594 fer-

454 3608 613 3659 ntenti
647 3610 816 3662 instar
841 3612 1080 3677 deposita
1108 3656 1122 3673 ,
1167 3624 1410 3676 novoque
1449 3624 1510 3661 ac
1539 3610 1763 3678 simplici
1795 3620 2014 3678 accepto

452 3692 619 3734 more,
643 3694 746 3744 quo
777 3676 1109 3733 fermentatio
1137 3678 1245 3731 ﬂat.
1274 3677 1402 3729 Nam
1438 3680 1531 3741 ait,
1566 3676 1763 3732 Pascha
1793 3676 2015 3733 nostrum

450 3747 735 3801 immolatus
768 3759 838 3801 est
869 3749 1112 3804 Christus.
1153 3746 1329 3818 Itaque
1357 3746 1636 3816 epulamur,
1678 3766 1775 3801 non
1817 3750 1867 3801 in
1907 3753 2013 3819 [er-

455 3826 617 3889 mento
660 3819 829 3880 ueteri,
884 3836 1040 3887 neque
1071 3822 1122 3872 in
1154 3824 1393 3889 ferntento
1422 3818 1700 3889 malititeiet
1735 3822 1968 3889 nequitia:
1995 3835 2014 3872 :

452 3884 541 3960 sed
566 3887 616 3960 in
657 3890 847 3959 azymis
884 3884 1184 3943 sinceritatis
1210 3898 1253 3942 et
1279 3890 1500 3960 veritatis
1522 3889 1538 3956 (
1549 3890 1595 3941 1.
1621 3888 1736 3942 Cor.
1767 3884 1817 3943 5.
1853 3888 1904 3942 7.
1933 3890 2010 3960 8).

455 3956 674 4010 Arerhac
700 3956 824 4011 sunt
854 3961 1225 4014 tribulationes
1248 3975 1263 4022 ;
1311 3958 1415 4012 Sed
1440 3969 1488 4011 et
1508 3959 1562 4010 in
1584 3956 2012 4025 tribulationibus,

453 4026 640 4093 inquit,
688 4028 986 4098 giariamnr,
1029 4032 1237 4084 scientes
1285 4029 1403 4096 quia
1444 4028 1698 4081 tribulatio
1721 4031 2016 4097 patientiam

452 4108 707 4164 operatur,
757 4102 996 4167 patientia
1026 4117 1140 4154 vero
1173 4098 1537 4168 probationem,
1582 4100 1808 4165 probatio
1849 4110 2015 4155 autem

450 4182 612 4240 spem,
665 4185 777 4237 spes
820 4185 934 4223 vero
982 4187 1082 4223 non
1125 4169 1384 4239 confundit
1428 4167 1600 4238 (Itom.
1649 4170 1704 4223 5.
1735 4169 1880 4240 5-5).
1912 4168 2017 4223 Per

454 4235 643 4310 multas
674 4235 1032 4310 _tri_bulationes
1091 4235 1285 4310 oportet
1330 4235 1659 4310 nos'intrare
1704 4240 1757 4291 in
1807 4235 2016 4310 regnum

452 4305 607 4378 (Act.
628 4308 711 4361 14.
740 4307 851 4377 21).
876 4311 1054 4378 Itaque
1086 4305 1478 4363 tribulationem
1506 4309 1832 4362 admittimus
1861 4305 2014 4378 quasi

453 4376 691 4449 delicias,
727 4376 942 4449 pthptcr
968 4376 1116 4449 spem
1142 4389 1196 4432 et
1223 4393 1461 4449 regnum,
1514 4394 1632 4447 quae
1676 4395 1738 4432 ex
1780 4394 1841 4432 ea
1883 4376 2015 4447 pro.

454 4446 693 4518 veniunt.
748 4448 901 4503 Vetat
930 4446 1250 4518 praeceptum
1281 4446 1560 4501 comedi-re
1588 4449 1779 4503 crudas
1803 4446 2011 4505 earnes.

455 4514 569 4569 lloc
605 4532 730 4571 vero
771 4518 856 4584 iis,
887 4514 976 4588 qui
1006 4514 1353 4587 corporaliter
1377 4518 1601 4571 audiunt
1632 4527 1823 4586 praeter
1849 4521 2015 4573 ratio-

454 4600 576 4639 nem
616 4602 736 4643 esse
764 4589 1009 4659 Avidetur,
1057 4604 1176 4644 cum
1218 4588 1343 4643 illud
1373 4588 1647 4656 prohibeat
1673 4590 1843 4653 Deus,
1874 4591 2013 4659 quod

455 4670 723 4725 nunquam
755 4657 889 4713 forte
917 4658 1110 4714 factum
1142 4668 1258 4721 est;
1303 4673 1459 4712 nemo
1489 4659 1628 4711 enim
1652 4659 1867 4712 crudam
1894 4657 2014 4714 caro

455 4740 577 4779 nem
606 4729 837 4783 comedit
873 4748 886 4784 :
917 4730 1052 4799 apud
1092 4743 1191 4783 nos
1233 4738 1411 4799 autem
1460 4728 1509 4780 id
1555 4729 1742 4782 rationi
1787 4732 2015 4785 maxime

453 4808 750 4851 Consonum
779 4809 881 4863 est,
911 4798 978 4854 ne
1001 4800 1204 4853 scilicet
1230 4798 1582 4866 perfunctorie
1607 4799 1923 4853 accedamus
1949 4801 2013 4853 ad

457 4866 913 4937 participationem
974 4869 1140 4922 divini
1196 4869 1434 4935 corporis
1484 4888 1496 4921 :
1541 4883 1641 4921 non
1698 4870 2015 4937 participant

455 4937 597 4988 enim
638 4939 727 5005 qui
776 4938 1129 5007 perfunctorie
1173 4937 1300 4991 illud
1347 4944 1591 4995 trat-tant.
1636 4953 1732 4990 nec
1759 4953 1852 5006 per
1880 4939 2012 4992 bona

457 5019 615 5089 upura
659 5022 719 5089 se
756 5006 821 5089 ad
868 5010 1027 5089 talem
1086 5006 1640 5089 communicationch
1671 5008 2009 5089 concinnant.

459 5073 632 5149 fides,
660 5078 847 5148 inquit.
876 5079 982 5132 sine
1010 5079 1240 5149 operibus
1264 5086 1459 5149 mortua
1474 5085 1549 5149 est
1587 5074 1788 5149 (.lacob.
1816 5077 1869 5131 2.
1897 5077 2009 5149 20).

460 5144 683 5217 ideoque
711 5144 958 5217 segnibus
979 5144 1051 5203 ac'
1070 5146 1452 5217 negligentibus
1473 5146 1821 5217 immittuntur
1851 5144 2016 5217 tribu-

456 5211 685 5289 l‘atjio‘ues
709 5211 1029 5288 ad'ipsorum
1076 5211 1461 5289 utilitatem.ut
1492 5215 1565 5269 ait
1594 5215 1783 5289 Paulus
1809 5217 1827 5284 (
1854 5216 2009 5289 Ilebr.

462 5283 548 5337 12.
580 5286 684 5364 10),
721 5298 776 5340 ut
800 5283 1094 5364 sanctitatis
1120 5289 1236 5356 ejus
1264 5288 1543 5364 participes
1570 5286 1695 5364 sint.
1724 5285 2010 5364 St-gnitiem

458 5368 585 5428 vero
603 5356 741 5428 circa
765 5358 1053 5423 sl‘iritualia
1084 5374 1242 5428 opera
1270 5356 1406 5426 parit
1427 5371 1578 5428 amor
1597 5356 1879 5428 voluptatis
1896 5371 2014 5428 ear.

458 5425 612 5478 nalis.
645 5426 976 5497 Quapropter
999 5431 1103 5483 alio
1121 5425 1370 5497 symbolo
1399 5427 1448 5480 id
1475 5426 1777 5495 significans
1808 5427 2015 5495 legisla-

462 5504 563 5559 tor,
611 5495 854 5564 prohibet
895 5499 945 5550 in
990 5514 1125 5567 aqua
1159 5495 1376 5551 coetum
1417 5496 1697 5551 c0tuedere
1731 5516 1744 5551 :
1777 5512 1897 5550 nam
1945 5497 2011 5550 ad

457 5567 797 5620 comestionis
843 5567 1182 5635 voluptatem,
1229 5569 1305 5621 sic
1350 5577 1557 5620 coctum
1601 5576 1814 5635 paratur
1845 5588 1860 5620 ;
1891 5581 2012 5621 cum

459 5636 727 5704 voluptate
752 5644 929 5690 autem
955 5638 1187 5691 divinam
1216 5652 1392 5691 escam
1421 5637 1703 5692 comedere
1727 5654 1831 5692 non
1852 5639 1975 5692 licet
1998 5654 2011 5692 :

461 5722 566 5763 non
616 5705 758 5761 enim
789 5707 982 5761 carnali
1015 5707 1174 5762 modo
1209 5708 1463 5763 miscetur
1500 5708 1663 5763 virtus
1707 5709 2012 5777 spiritualis.

1903 277 2024 333 Sl‘l}
2037 275 2168 331 lilA.
3589 297 3669 353 τρε

2126 391 2203 467 Ne
2233 393 2391 467 igitur
2420 408 2615 467 coquas
2645 409 2847 467 sacram
2876 410 3116 458 carnem,
3150 398 3353 467 inquit,
3388 401 3531 456 illam
3569 422 3671 461 sua.

2123 464 2276 517 vihus
2301 464 2601 543 admiscens
2624 479 2638 527 ;
2658 466 2775 543 “sed
2811 468 2913 543 igni
2940 478 3090 519 cocta
3121 464 3323 543 tantum
3342 464 3668 543 romedatur,

2126 549 2248 587 cum
2302 535 2508 587 intento
2551 534 2726 587 studio
2765 550 2793 585 a
2832 537 3102 602 voluptate
3128 537 3325 592 alieno.
3356 544 3522 595 Amor
3540 534 3672 600 volui

2130 603 2290 670 ptatis
2332 613 2411 657 est
2453 619 2481 655 a
2528 604 2617 657 Dei
2668 620 2847 656 amore
2893 606 3117 664 alienus.
3171 618 3227 660 ιιι
3272 610 3346 661 ait
3375 611 3566 667 Paulus
3595 629 3674 672 τρι

2130 673 2354 745 Quorum
2400 674 2840 745 deusiventcruest
2887 673 3150 745 (Philipp.
3184 679 3238 732 5.
3273 679 3356 745 19)
3383 722 3397 740 ,
3448 681 3511 737 iis
3557 685 3673 741 Deus

2126 743 2239 809 ipse
2269 759 2373 796 non
2404 756 2484 795 8st
2526 744 2673 797 deus.
2723 742 2901 810 Neque
2947 746 3014 807 ii,
3064 742 3156 813 qui
3203 742 3583 805 Eucharistiam
3630 757 3670 809 in

2123 814 2263 894 lauta
2292 813 2538 894 convivia
2570 815 2927 893 transferunt,
2971 817 3174 894 accepti
3224 822 3528 894 suntuapud
3554 824 3674 894 Apo-

2124 883 2341 944 stolum,
2391 883 2517 937 dum
2565 884 2991 937 communionem
3019 885 3160 939 illam
3186 883 3670 949 sanctificantem'in

2124 954 2710 1025 occasionemgvertuut
2748 952 2888 1025 largi
2925 963 2976 1007 et
3022 953 3150 1025 lauti
3190 959 3294 1011 cibi
3336 968 3389 1011 et
3422 970 3569 1025 ιιοιιιε
3595 979 3671 1017 su-

2124 1022 2323 1075 mendi.
2369 1023 2570 1087 Quibus
2609 1022 2734 1074 dicit
2767 1022 2981 1085 Paulus,
3015 1023 3131 1077 Non
3163 1037 3232 1080 est
3260 1022 3575 1083 Dontiniram
3599 1050 3675 1086 (t2-

2124 1108 2239 1145 nam
2264 1094 2569 1170 manducare
2596 1108 2615 1145 :
2648 1088 2692 1145 U
2700 1092 3015 1170 nusquisque
3028 1095 3158 1147 enim
3179 1113 3328 1170 suam
3348 1115 3539 1152 canam
3563 1120 3673 1170 pm.

2122 1173 2277 1216 suam
2298 1166 2365 1214 ad
2396 1162 2825 1233 manducandum,
2846 1162 2923 1233 et
2942 1164 3076 1233 alius
3104 1166 3304 1233 quidem
3329 1172 3517 1232 esurit,
3563 1162 3674 1227 alius

2121 1241 2288 1285 autem
2316 1232 2481 1286 ebrius
2503 1240 2594 1284 est.
2626 1228 2889 1299 Numquid
2915 1232 3089 1299 domos
3116 1228 3218 1288 non
3244 1236 3435 1289 habetis
3464 1228 3530 1292 ad
3549 1258 3673 1295 man-

2124 1301 2482 1374 ducandum__e_t
2508 1298 2818 1374 bibendum?
2833 1298 3207 1374 aulEt-clcsiam
3236 1305 3331 1360 Dei
3356 1312 3670 1374 contemnitis,

2124 1381 2170 1424 et
2196 1371 2502 1439 confunditis
2528 1387 2630 1430 eos,
2666 1371 2752 1439 qui
2781 1387 2878 1423 non
2906 1370 3121 1426 habent?
3166 1373 3302 1439 Quid
3330 1377 3500 1429 dicam
3519 1383 3637 1432 vobis
3654 1370 3674 1435 ῥ

2123 1440 2339 1516 laudabo
2384 1441 2510 1495 vos?
2556 1441 2622 1493 In
2652 1444 2746 1516 hoc
2789 1441 3066 1516 noulaudo
3112 1445 3185 1509 (1.
3210 1443 3328 1516 Cor.
3359 1448 3448 1500 11.
3480 1448 3547 1503 20
3577 1452 3670 1516 25).

2126 1510 2257 1563 Dicit
2287 1520 2466 1565 autem
2487 1526 2551 1563 ex
2574 1510 2856 1579 negligenti
2878 1510 2970 1563 illo
2996 1512 3133 1565 circa
3155 1515 3330 1567 cibum
3363 1532 3569 1572 sacrum
3592 1510 3674 1575 usu

2124 1582 2444 1634 tettmtioncs
2470 1581 2575 1634 illis
2599 1583 2907 1647 contingere
2926 1620 2942 1643 ,
2982 1581 3099 1649 quia
3133 1600 3234 1636 non
3267 1598 3452 1640 sancte
3479 1590 3540 1640 ad
3567 1608 3673 1642 sau-

2124 1662 2264 1703 cnun
2305 1651 2584 1705 accedunt.
2619 1650 2762 1709 Ideo,
2800 1651 2986 1717 inquit,
3016 1652 3145 1703 inter
3172 1669 3258 1707 vos
3290 1666 3409 1707 sunt
3437 1660 3575 1711 multi
3606 1662 3674 1712 iu-

2123 1721 2259 1786 ﬁrmi
2287 1730 2330 1774 et
2357 1720 2645 1780 imbecilles,
2669 1732 2713 1772 et
2744 1718 2997 1772 dormiunt
3023 1720 3186 1774 multi.
3223 1725 3376 1789 Quod
3408 1728 3452 1779 si
3479 1742 3674 1782 nosmet-

2122 1790 2257 1862 ipsos
2293 1791 2660 1862 judicaremus,
2689 1805 2787 1842 non
2809 1790 2977 1862 utique
2992 1791 3340 1862 judicaremur
3372 1797 3453 1862 (l.
3471 1796 3579 1851 Cor.
3606 1802 3674 1853 11.

2122 1860 2189 1915 ΞΟ
2224 1860 2335 1931 51).
2369 1860 2656 1927 lmpietatis
2681 1862 2820 1913 enim
2851 1861 3055 1934 culpam
3079 1861 3351 1916 incurrunt
3378 1860 3435 1930 ii,
3465 1871 3549 1934 qui
3578 1886 3677 1923 cor-

2124 1946 2219 1998 pus
2246 1947 2397 1983 suum
2429 1945 2532 1983 non
2561 1939 2857 1999 prmparant
2883 1930 2947 1983 ad
2992 1930 3531 1991 communicationem
3572 1956 3676 1994 eor-

2125 2003 2266 2072 poris
2311 2002 2493 2069 ipsius,
2524 2000 2663 2066 quod
2697 2000 2848 2072 nobis
2872 2000 3037 2072 dedit.
3066 2011 3122 2072 ut
3148 2019 3268 2056 cum
3299 2006 3392 2058 illo
3426 2010 3596 2072 mixti,
3622 2010 3673 2063 ad

2123 2070 2375 2142 Spiritum
2406 2080 2645 2142 sanctum
2661 2070 3036 2142 recipiendum
3067 2070 3210 2141 digni
3234 2073 3541 2142 judicentur
3576 2070 3592 2130 ε.
3612 2082 3674 2133 si-

2121 2141 2332 2208 quidem
2377 2139 2496 2193 itleo
2539 2141 2629 2193 Dei
2660 2140 2893 2211 Verbum
2932 2155 2991 2194 se
3028 2141 3078 2193 in
3128 2139 3325 2211 corpus
3373 2147 3605 2211 immisit,
3632 2163 3676 2204 et

2121 2211 2473 2286 carofuctum
2505 2209 2897 2286 estsecundum
2917 2209 3273 2286 evangelicum
3303 2231 3489 2270 vocem
3519 2209 3672 2286 (Ιάιιρι,

2123 2280 2173 2333 1.
2206 2282 2293 2349 14)
2314 2323 2328 2345 ,
2354 2291 2411 2357 ιιι
2438 2282 2559 2357 quia
2589 2281 2727 2333 illius
2749 2290 2805 2357 ut
2827 2280 2984 2357 verbi
3018 2280 3298 2357 participes
3318 2300 3445 2339 esse
3477 2280 3574 2341 non
3600 2305 3679 2357 pn-

2123 2359 2374 2424 teramus,
2401 2352 2563 2424 ipsius
2597 2365 2758 2403 carne
2783 2349 2949 2424 induti
2980 2349 3261 2424 participes
3282 2369 3557 2419 essemus;
3584 2349 3675 2424 s'pi-

2122 2422 2297 2474 rituali
2329 2422 2476 2496 carui
2509 2421 3178 2496 nostramcopulautes,et
3198 2423 3462 2491 Spiritum
3490 2421 3674 2496 spiritui

2122 2500 2395 2566 ριιξιιιιιιιιι⁸
2420 2489 2579 2566 licet;
2629 2500 2690 2566 ut
2721 2489 2935 2566 Christu
2974 2490 3173 2566 simﬂes
3202 2489 3472 2566 essemus,
3505 2489 3672 2566 templa

2121 2559 2347 2626 Spiritus
2374 2559 2516 2631 facti,
2551 2568 2606 2612 ιιι
2625 2558 2697 2610 ait
2717 2560 2999 2626 Apestolus
3032 2578 3044 2612 :
3076 2560 3287 2631 Templa
3318 2563 3424 2617 Dei
3456 2558 3673 2627 estin-et

2125 2632 2335 2705 iterum,
2365 2627 2414 2682 Ν
2420 2631 2724 2705 e‘sritisquia
2754 2646 2966 2705 Corpora
2986 2641 3146 2683 vestra
3175 2627 3420 2705 templum
3443 2648 3551 2688 sunt
3572 2639 3675 2705 Spi-

2121 2701 2245 2753 ritus
2292 2701 2473 2765 sancti,
2518 2700 2603 2770 qui
2641 2700 2691 2751 in
2734 2700 2867 2770 nobis
2912 2709 3020 2765 est,
3069 2718 3215 2769 quem
3269 2703 3468 2758 habetis
3514 2724 3543 2758 a
3586 2700 3674 2761 Deo

2124 2772 2197 2835 (Ι.
2229 2770 2344 2823 Cor.
2372 2771 2422 2823 5.
2466 2769 2547 2823 lli.
2579 2781 2623 2822 et
2646 2769 2699 2822 ϐ.
2730 2769 2853 2839 19)?
2886 2772 2960 2822 Ac
2990 2786 3084 2837 per
3112 2774 3671 2830 comutixtioneutrum

2122 2841 2318 2911 Spiritu
2360 2853 2564 2911 sancto,
2614 2839 2909 2911 ad_corpus
2936 2839 3095 2911 etiam
3115 2840 3311 2895 Christi
3340 2847 3672 2911 pertinemus,

2124 2922 2180 2964 ut
2212 2910 2326 2965 btrc
2367 2909 2639 2963 foveamus
2688 2909 2740 2961 in
2761 2910 3227 2979 Jsanctificatione,
3272 2909 3565 2979 foveamtts,
3604 2909 3674 2969 in-

2122 2996 2303 3053 quam,
2357 2988 2411 3033 ιιι
2462 2979 2696 3034 membra
2748 2976 2965 3053 Christi.
3018 2978 3267 3053 Nescitis.
3312 2984 3408 3053 ait,
3454 2976 3676 3053 quoniam

2122 3048 2342 3125 membra
2388 3060 2584 3125 uestra,
2616 3048 2836 3125 membra
2883 3059 2998 3102 sunt
3045 3048 3274 3125 Christi?
3328 3048 3535 3125 Tolléus
3575 3074 3678 3125 ergo

2122 3122 2342 3175 membra
2400 3120 2624 3180 Christi,
2687 3119 2870 3189 faciant
2925 3122 3142 3173 mentbra
3186 3123 3505 3177 meretricis?
3558 3119 3679 3179 Abiit

2123 3193 2141 3261 (
2153 3192 2202 3245 1.
2227 3191 2343 3244 Cor.
2368 3190 2420 3244 6.
2445 3191 2556 3257 15).
2584 3189 2730 3261 Sacri
2760 3204 2887 3261 ergo
2915 3190 3019 3261 cibi
3044 3202 3350 3259 apparatum
3380 3194 3461 3247 sic
3496 3204 3547 3248 et
3573 3212 3677 3249 cum

2124 3259 2315 3315 talibus
2340 3260 2595 3330 symbolis
2617 3260 2698 3312 lex
2726 3259 3017 3330 ordinavit,
3047 3261 3114 3330 ad
3146 3263 3423 3316 utilitatem
3454 3276 3679 3320 nostram

2124 3328 3242 3404 prazviasligurasgtuncdispunens.Caput
3274 3342 3468 3397 autem,
3507 3336 3677 3404 inquit,

2122 3398 2235 3454 cum
2266 3398 2471 3473 pedibus
2495 3410 2539 3452 et
2569 3399 2815 3473 intestinis
2832 3398 3029 3473 (and.
3058 3398 3276 3473 1ξ2.’9);Δ
3304 3418 3403 3471 ρει·
3429 3398 3588 3473 οθρυί
3612 3398 3681 3459 in.

2122 3473 2308 3526 dit-aus
2339 3470 2542 3542 initium
2577 3470 2833 3542 adventus
2861 3470 2926 3523 ad
2956 3470 3228 3542 homines;
3264 3470 3349 3526 hic
3393 3470 3557 3542 porro
3581 3487 3682 3530 erat

2123 3542 2325 3613 primus
2357 3541 2619 3613 adventus
2651 3558 2663 3592 :
2700 3539 2859 3613 pedes
2888 3550 3060 3594 autem
3084 3539 3205 3594 linis
3225 3539 3477 3606 sunt;'et
3511 3547 3590 3599 hic
3611 3556 3682 3600 est

2122 3610 2388 3666 secundus
2432 3610 2709 3673 adventus,
2756 3610 2871 3664 sine
2912 3625 3018 3677 quo
3056 3626 3151 3663 nec
3184 3613 3340 3679 priori
3365 3615 3679 3668 credendum

2122 3692 2264 3736 esset
2293 3697 2308 3732 :
2340 3679 2425 3733 hic
2449 3681 2644 3748 quippc
2672 3694 2774 3731 non
2821 3679 3019 3741 omnia,
3058 3695 3175 3748 qua:
3224 3683 3539 3748 prophetica
3573 3696 3682 3738 sum

2121 3750 2411 3811 enuntiata,
2443 3751 2695 3818 implevit.
2722 3749 2919 3803 Idcirco
2943 3764 3047 3802 non
3080 3750 3303 3804 credunt
3326 3751 3523 3816 Judici,
3554 3756 3681 3819 quod

2121 3836 2205 3884 ea,
2237 3835 2354 3893 quae
2389 3820 2453 3872 ad
2491 3820 2781 3889 gloriosum
2808 3820 3088 3893 adventum
3122 3832 3384 3893 spectant,
3417 3827 3676 3893 completa

2124 3905 2228 3943 non
2259 3890 2399 3954 sint;
2450 3904 2620 3957 neque
2670 3899 2871 3958 putant,
2918 3890 3060 3943 illum
3101 3891 3189 3958 qui
3213 3893 3279 3943 ita
3307 3890 3679 3958 advenit,'e~se

2121 3960 2409 4033 Christum.
2436 3958 2557 4013 Idro
2582 3959 2697 4033 haec
2721 3959 3075 4033 complectens
3100 3961 3192 4025 ait,
3211 3960 3375 4031 Caput
3404 3981 3521 4016 cum
3548 3967 3681 4033 pedi-

2122 4032 2247 4095 bus;
2292 4029 2395 4083 hoc
2443 4037 2544 4089 est,
2592 4030 2841 4110 primum.
2868 4029 3149 4110 adventum
3182 4029 3311 4110 .cutn
3352 4029 3607 4110 secuudo,
3635 4044 3684 4087 ut

2122 4110 2177 4155 et
2202 4115 2391 4169 agnum
2429 4116 2550 4153 cum
2591 4099 2874 4167 ignominia
2921 4099 2989 4153 ad
3034 4100 3357 4154 occisionem
3404 4103 3682 4158 adductum

2122 4172 2389 4240 reciperes
2422 4169 2720 4233 Dominum,
2763 4178 2818 4223 et
2847 4169 3051 4240 Regem
3081 4185 3200 4223 cum
3226 4172 3392 4238 gloria
3422 4187 3681 4240 apparen-

2123 4238 2253 4295 tem_
2271 4239 2478 4294 videres
2510 4256 2523 4291 :
2552 4254 2670 4310 quae
2712 4240 2869 4310 ambo
2911 4238 3155 4309 praedixit
3198 4241 3355 4293 Isaias
3383 4238 3638 4310 propheta
3671 4262 3683 4296 :

2124 4326 2295 4377 neque
2345 4309 2768 4376 redemptionem
2823 4308 3170 4378 Jerusolytutc
3231 4308 3515 4378 exigeres;
3594 4315 3683 4365 sed

2122 4376 2295 4433 adhuc
2329 4390 2685 4444 etSpet-tares,
2717 4387 2771 4431 ιιι
2797 4379 2989 4449 dicitur
3017 4376 3045 4449 ξ
3072 4376 3239 4449 Veniet
3264 4376 3337 4432 ἀπ’
3355 4380 3485 4434 Sion
3511 4384 3598 4449 qui
3622 4382 3682 4434 li-

2120 4451 2284 4515 beret,
2313 4460 2357 4501 et
2382 4458 2566 4501 auertet
2604 4449 2781 4517 impios
2816 4465 2847 4500 a
2885 4447 3044 4500 Jacob
3092 4448 3109 4515 (
3138 4448 3262 4502 Isai.
3292 4449 3381 4504 59.
3410 4449 3499 4504 2|.
3524 4447 3683 4505 ‘Rom.

2123 4522 2209 4574 11.
2239 4521 2352 4587 26),
2381 4518 2495 4587 ipso
2520 4527 2764 4588 servante
2795 4517 3060 4571 residuum
3092 4518 3290 4587 populi,
3332 4520 3418 4588 qui
3448 4520 3517 4575 ad
3543 4523 3684 4575 illum

2121 4590 2509 4644 convertendus
2554 4597 2655 4642 est.
2690 4587 2742 4640 In
2773 4589 2942 4655 primo
2979 4598 3154 4640 autem
3195 4587 3425 4642 adventu
3471 4601 3686 4645 contra-

2122 4662 2258 4714 rium
2284 4659 2465 4711 videas
2494 4658 2811 4725 contigisse;
2844 4656 2970 4710 illud
3000 4672 3213 4726 nempe,
3255 4657 3455 4727 Reliqui
3480 4661 3685 4713 domum

2123 4746 2282 4782 meam
2305 4770 2320 4793 ,
2352 4728 2520 4781 dimisi
2555 4728 2894 4779 ha'reditatem
2916 4742 3116 4788 meam;
3162 4737 3213 4781 et
3240 4727 3367 4781 illud
3391 4768 3408 4794 ,
3453 4728 3685 4783 Tradidit

2120 4799 2301 4868 impios
2322 4814 2412 4868 pro
2433 4798 2689 4862 sepultura
2706 4799 2838 4868 ejus,
2864 4806 2911 4849 et
2931 4798 3104 4850 divites
3129 4813 3221 4868 pro
3241 4808 3398 4868 morte
3419 4798 3571 4868 (Isai.
3596 4802 3682 4854 57.

2121 4870 2195 4937 9).
2225 4866 2357 4922 Cum
2396 4868 2529 4937 dicit
2547 4881 2701 4937 ergo,
2725 4867 2886 4937 Caput
2911 4883 3024 4919 cum
3050 4866 3281 4937 pedibus,
3310 4866 3410 4922 hoc
3430 4866 3684 4936 'prmttuu-

2124 4935 2215 4993 tiat
2238 4937 2434 4993 Judscis
2467 4956 2479 4991 :
2516 4935 2805 5006 Inglorium
2844 4936 3048 5006 Domini
3075 4935 3358 4990 adventum
3385 4954 3411 4988 a
3440 4935 3684 5006 glorioso

2120 5025 2188 5062 ne
2216 5008 2493 5076 separetis,
2518 5005 2668 5060 utne
2691 5005 2947 5061 increduli
2973 5006 3039 5059 ab
3060 5006 3176 5071 ejus
3195 5005 3573 5076 communione.
3601 5023 3683 5059 se-

2122 5075 2394 5147 paremini.
2426 5076 2531 5132 Sed
2554 5077 2701 5130 etiam
2741 5092 2853 5129 cum
2880 5076 3157 5147 intestinis.
3189 5075 3378 5147 inquit.
3408 5077 3540 5142 Quid
3583 5077 3683 5147 hoc

2120 5144 2240 5203 ea?
2266 5147 2339 5199 Ne
2366 5146 2792 5200 scandalizemini
2820 5146 2885 5197 de
2924 5146 3033 5207 illo,
3076 5145 3217 5213 quod
3246 5147 3554 5214 apparebit,
3587 5144 3681 5198 sed

2120 5217 2422 5270 abscondita
2450 5217 2607 5270 etiam
2636 5215 2896 5284 dispicitc.
2939 5214 3015 5268 Ne
3048 5215 3313 5268 hominem
3341 5230 3458 5269 esse
3482 5255 3495 5279 ,
3541 5216 3684 5267 sicut

2121 5301 2215 5339 vos
2242 5289 2402 5350 estis,
2434 5288 2732 5339 existimate
2751 5326 2765 5346 ,
2797 5302 2859 5339 ex
2886 5301 2948 5338 eu
2971 5285 3109 5349 qu0t|
3135 5284 3220 5337 ille
3248 5286 3533 5339 secundum
3560 5299 3683 5337 cor-

2122 5372 2219 5437 pus
2244 5362 2313 5410 st
2343 5356 2534 5437 lt‘mto;
2580 5355 2673 5409 sed
2705 5356 2849 5408 illum
2874 5354 3218 5437 spiri'tttaliter
3243 5357 3580 5437 cognoscite,
3628 5364 3684 5411 et

2121 5425 2174 5480 in
2203 5428 2315 5495 ipso
2355 5425 2565 5480 Patrem
2594 5426 2942 5493 cognoscetis.
2994 5426 3171 5477 Donec
3199 5426 3340 5477 enim
3366 5425 3505 5491 quod
3534 5426 3681 5479 intus

2119 5505 2201 5550 est
2229 5510 2332 5549 non
2356 5496 2595 5563 respicis,
2620 5510 2791 5563 neque
2816 5497 3182 5547 intestinorum
3198 5508 3419 5547 consors
3438 5508 3518 5560 es,
3545 5512 3682 5548 non-

2120 5568 2244 5620 dum
2276 5565 2547 5619 Christum
2576 5565 2781 5626 vidisti,
2816 5564 3083 5617 hominem
3116 5564 3262 5616 illum
3304 5579 3423 5619 esse
3455 5577 3677 5633 putans,

2122 5653 2225 5692 non
2252 5636 2437 5689 Deum.
2471 5635 2602 5688 Dicit
2630 5644 2805 5689 autem
2832 5634 2939 5695 ille,
2976 5633 3073 5699 Qui
3118 5634 3239 5685 vidit
3278 5650 3389 5699 me,
3422 5636 3539 5687 vidit
3574 5634 3676 5685 I’a-

2123 5719 2245 5762 trem
2275 5705 2545 5778 (laniati.
2570 5704 2644 5777 9).
2670 5704 3116 5761 Considerandum
3144 5712 3318 5757 autem
3338 5714 3441 5772 est,
3463 5702 3583 5775 quid
3606 5705 3678 5757 sit
