4058 6208
482 258 586 315 Ὶίῗῖἓ

486 384 568 429 est
600 374 810 426 divinus
840 387 1028 442 agnus.
1058 372 1340 438 Etiamque
1366 369 1604 442 ejusdem
1637 367 1836 442 mensis
1863 366 2067 420 decima

486 454 670 514 quarta
693 437 888 512 passus
915 456 1016 502 est,
1051 453 1103 497 et
1139 437 1357 496 tradidit
1397 437 1642 514 spiritum
1669 437 1734 490 ad
1771 451 2068 504 vesperam.

493 508 566 567 Ᾱιι
615 508 910 570 secundum
959 513 1095 568 hanc
1137 514 1358 580 figurant
1408 508 1724 577 dispositum
1771 518 1881 560 erat
1909 547 1924 569 ,
1957 518 2010 580 ut
2043 525 2068 558 a

484 587 690 639 decima
721 586 807 638 die
830 599 996 652 agtnts
1019 584 1081 638 ad
1111 579 1432 636 sacrificium
1457 589 1822 652 assumeretur
1847 617 1860 635 .
1892 579 2073 652 etim-

487 657 777 710 molaretur
818 649 1024 708 decima
1057 663 1242 722 quarta
1283 653 1370 706 die
1412 650 1476 704 ad
1507 663 1826 722 vesperam;
1875 649 1996 722 quia
2037 664 2066 701 a

487 727 744 796 principio
774 725 1034 796 passionis
1059 716 1340 796 eoas-ilium
1363 716 1618 796 statutum
1645 720 1812 796 fuerat
1833 759 1848 784 ,
1879 718 1932 770 in
1963 716 2067 772 line

486 790 609 851 vero
640 790 750 866 ipsa
774 790 959 864 passio
981 793 1107 866 fuit.
1144 795 1348 866 Deinde
1379 792 1505 845 milii
1538 790 1818 844 considera
1867 803 2067 856 prirce-

486 879 629 936 ptum
661 864 767 921 ‘Dci
795 867 935 921 eirea
963 865 1084 936 agni
1130 864 1513 936 eomestioaem
1540 903 1555 926 ,
1575 877 1748 936 quam
1779 874 1978 936 novum
2013 870 2066 913 et

484 929 805 1006 stupendum
838 939 908 991 sit
950 954 961 988 :
997 929 1129 989 ‘Nou
1170 933 1422 988 eomedes
1467 929 1822 1006 agniLca_rnes
1851 929 2063 1006 crudas.

487 1000 616 1075 Quis
645 1010 786 1063 enim
840 1022 1055 1062 carnem
1087 1007 1305 1060 crudam
1337 1000 1622 1058 comedat?
1667 1001 1796 1068 Esto
1817 1041 1830 1062 ,
1863 1000 2064 1054 dictum

486 1082 588 1142 sit,
640 1093 741 1132 nun
772 1092 985 1142 assam,
1028 1091 1094 1131 ne
1119 1091 1296 1130 moras
1337 1076 1647 1128 traherent:
1682 1086 1802 1124 nam
1851 1080 2064 1138 tempus

487 1151 739 1214 urgebat;
789 1149 914 1218 quid
943 1157 1024 1201 est
1052 1157 1230 1200 autem
1257 1144 1383 1199 illud
1399 1161 1556 1218 ,tion
1583 1143 1841 1218 crudum,
1868 1142 1960 1194 sed
1991 1158 2069 1218 co-

481 1230 617 1273 ctum
657 1213 819 1288 igni?'
841 1218 1010 1273 Nemo
1038 1218 1178 1272 enim
1209 1226 1371 1288 velat
1397 1215 1446 1269 id
1490 1214 1629 1288 quod
1651 1213 2064 1288 Διιιιιιιψιτιιιι-Ιίι.

488 1293 588 1342 sud
611 1331 624 1352 ,
661 1283 713 1342 tit
737 1290 843 1342 dixi
866 1331 879 1352 ,
907 1305 1004 1359 per
1033 1290 1226 1357 ligttras
1249 1303 1334 1342 res
1362 1283 1916 1359 ipsafsignilicantur.
1939 1283 2068 1359 Cru-

485 1363 604 1415 da:n
639 1352 1093 1430 prol't-rtsa'nctatu
1120 1375 1301 1430 escam
1326 1352 1598 1430 qtiif‘tdeni
1618 1354 1848 1430 otiosam
1869 1352 2063 1430 habet;

487 1423 660 1484 assam
713 1431 1099 1496 vnlttptuosus,
1153 1430 1240 1495 qni
1291 1423 1358 1482 iu'
1393 1428 1516 1480 vitze
1563 1427 1789 1496 segnitie
1831 1423 2064 1496 Adil'lltlit.

486 1506 774 1558 Strenuum
817 1493 936 1555 ﬁdei
975 1516 1110 1569 opus
1140 1493 1222 1554 est
1248 1541 1262 1564 ,
1309 1499 1362 1552 in
1397 1493 1927 1569 Spirittt‘ardenti‘et
1955 1493 2065 1569 fer-

489 1574 628 1625 venti
682 1589 789 1625 tem
836 1564 1114 1642 perficere.
1148 1571 1316 1642 Caput
1345 1564 1466 1623 cum
1498 1567 1719 1638 pedibus
1749 1575 1822 1642 et
1849 1564 2062 1642 intesti-

487 1646 566 1695 nis
593 1635 875 1696 comedere
894 1643 1169 1711 jubenlur.
1204 1635 1280 1694 Ex
1305 1644 1478 1708 capite
1499 1635 2060 1711 VagttostteCltristutu,

485 1715 608 1780 quia
640 1722 764 1766 ante
791 1707 981 1766 Saecula
1025 1712 1165 1766 Deus
1190 1721 1302 1773 est,
1335 1707 1492 1779 caput
1525 1707 1878 1780 invisibiliset
1903 1707 2062 1780 spiri—

489 1777 645 1838 titalis
700 1783 995 1845 Ecclesim;
1028 1797 1092 1836 ex
1145 1781 1368 1850 pedibus
1404 1777 1575 1845 item,
1623 1777 1745 1848 quia
1800 1777 1976 1850 homo
2012 1777 2063 1850 in

488 1855 792 1908 novissimis
841 1853 1049 1906 saeculis
1095 1848 1156 1905 in
1182 1863 1377 1906 terram
1406 1850 1656 1913 advenit;
1685 1864 1750 1902 ex
1801 1848 2066 1901 intestinis

487 1940 732 1994 quoque,
784 1926 904 1991 quia
937 1923 1215 1977 occultam
1266 1923 1321 1994 in
1368 1937 1529 1994 carne
1579 1921 1828 1994 virtutem
1862 1918 2066 1971 habens

483 1989 644 2065 atque
690 1989 950 2064 justitiam
974 2035 987 2056 ,
1026 2009 1142 2047 non
1187 1993 1370 2065 solum
1412 1992 1481 2065 ab
1518 1989 1919 2065 exterioribus,
1947 2005 2064 2058 qua:

485 2059 654 2121 oculis
690 2059 1082 2135 percipiuntur,
1104 2064 1251 2135 utilis
1273 2073 1324 2116 ct
1340 2063 1595 2135 salutaris
1625 2070 1704 2114 est
1733 2059 2059 2135 participan-

486 2139 658 2197 tibus;
688 2131 781 2191 sed
812 2131 974 2191 etiam
1004 2134 1302 2190 secundum
1336 2134 1587 2188 interiora
1615 2143 1667 2186 et
1694 2132 1923 2185 occulta.
1957 2131 2062 2183 Co-

486 2208 771 2261 tneduntur
801 2217 978 2260 autem
1010 2221 1198 2260 carnes
1230 2216 1388 2259 noctu
1415 2248 1428 2267 ,
1458 2214 1512 2259 et
1550 2204 1613 2255 ad
1656 2203 1795 2256 diem
1825 2199 1952 2254 nihil
1981 2217 2064 2256 rc-

485 2279 758 2346 liuqnitnr.
791 2275 1244 2332 Commemoratio
1283 2277 1425 2329 enim
1451 2283 1535 2328 est
1574 2273 1770 2328 Christi
1802 2271 2065 2346 passionis

487 2352 536 2401 in
580 2343 827 2417 tempore
887 2349 1059 2400 noctis
1106 2347 1264 2412 hujus
1314 2346 1536 2411 tttundi,
1583 2354 1700 2414 post
1743 2343 2064 2417 qttant__die_s

484 2412 788 2485 splendebit
813 2428 867 2472 et
893 2419 998 2471 vita
1026 2417 1221 2472 Christi
1243 2416 1540 2486 apparebit.
1571 2412 1875 2486 Secundum
1908 2412 2060 2486 illud,

488 2483 608 2542 Nox
646 2489 895 2555 prter-eui!
918 2529 933 2551 ,
966 2486 1073 2541 dies
1106 2483 1724 2556 autemappropinquavit
1755 2483 1930 2554 (Rom.

486 2562 601 2629 1‘2).
629 2552 761 2614 Ossa
783 2559 899 2623 ejus
918 2573 1075 2612 nemo
1105 2552 1453 2629 comminuit:
1485 2552 1656 2624 neque
1682 2552 1824 2629 enim
1849 2552 2061 2629 carnifi-

485 2625 574 2684 ces
604 2646 758 2685 crura
789 2629 985 2682 Christi
1009 2628 1388 2697 confregerunt
1412 2669 1426 2690 ,
1459 2626 1745 2680 Contractis
1775 2625 2050 2697 ιειιιιριιεὶ-

485 2701 592 2753 ιιιιιι
618 2701 989 2754 crucilixorum
1020 2693 1232 2752 ossibus
1255 2740 1268 2761 ,
1314 2708 1369 2752 ut
1393 2697 1708 2751 testificatur
1733 2693 2058 2764 evangelista

483 2771 659 2840 (.Ioun.
694 2770 777 2824 19.
804 2770 919 2840 53).
945 2768 1135 2840 Herba:
1165 2783 1363 2822 amara:
1382 2809 1397 2831 ,
1424 2783 1545 2840 qua:
1570 2782 1689 2834 cum
1707 2780 1853 2840 agno
1879 2780 2062 2840 come-

481 2834 774 2902 debantur,
829 2834 1226 2893 tribulationum
1291 2834 1639 2892 acerbitatem
1704 2834 2055 2900 indicabant;

479 2927 665 2982 azyma
689 2909 1084 2982 simplicitatem
1113 2909 1578 2982 sinceritatemque
1597 2948 1610 2972 ,
1647 2917 1701 2960 ut
1721 2907 1794 2982 ait
1822 2906 2055 2982 Paulus;

483 2977 688 3047 id'est,
724 2977 828 3034 non
878 2981 1089 3035 misceri
1138 2994 1294 3048 posse
1340 2979 1415 3033 ait
1461 2994 1582 3032 cum
1614 2977 1782 3032 veteri
1829 2978 2059 3046 nequitia

482 3067 671 3106 novatn
723 3052 990 3105 virtutem.
1049 3051 1232 3104 Restat
1278 3059 1334 3104 ιιι
1383 3048 1620 3103 habitum
1666 3049 2057 3103 comedentinm

482 3125 684 3176 Pascha
708 3121 1055 3190 spirimditer
1075 3123 1328 3190 explores
1350 3133 1404 3174 et
1430 3120 1653 3174 imiteris
1679 3137 1692 3173 :
1718 3120 1770 3190 in
1793 3118 2054 3189 spirituali

483 3208 713 3262 namque
740 3189 1033 3261 corporalis
1070 3189 1280 3245 habitus
1309 3193 1685 3262 coutpcrietttr.
1713 3189 1828 3245 Non
1859 3198 1942 3244 est
1973 3203 2057 3243 res

483 3278 612 3317 vana
639 3305 654 3328 ,
687 3263 778 3316 sed
823 3277 956 3326 Opus
1001 3262 1234 3316 salutare
1279 3261 1490 3316 lumbos
1523 3271 1642 3315 tuos
1687 3262 2051 3330 przecingere,

479 3350 586 3389 non
610 3347 897 3402 corporeus
921 3333 1134 3399 cingulo
1155 3374 1168 3397 ,
1200 3331 1294 3387 sed
1324 3332 1518 3386 anima:
1549 3331 1760 3386 lumbos
1792 3347 2055 3400 prtepara.

480 3406 644 3458 tione.
673 3404 866 3459 Calcea
895 3404 1140 3458 similiter
1168 3403 1328 3471 pedes
1360 3404 1410 3456 iu
1442 3403 1831 3471 praeparatione
1874 3402 2051 3456 Evan-

479 3477 602 3543 gelii
627 3517 639 3536 ,
671 3473 1296 3544 secundtunApostolum
1324 3472 1536 3544 (Ep/tes.
1567 3473 1625 3544 6.7
1657 3472 1764 3540 l5).
1799 3471 2054 3544 Baculnnt

482 3563 531 3598 tn
562 3545 801 3599 inanibus
832 3543 986 3606 habe,
1024 3543 1126 3596 non
1155 3543 1531 3612 ligneum/scd
1563 3543 1717 3596 fidem
1747 3553 1796 3597 te
1827 3543 2053 3596 fulcien-

481 3629 606 3669 teut.
639 3616 802 3670 'l‘otus
833 3615 921 3667 ille
948 3613 1154 3667 habitus
1183 3625 1443 3668 vmtorutn
1474 3623 1609 3679 erat,
1638 3629 1823 3669 eurum
1851 3614 1999 3669 scilic
2019 3620 2054 3664 -t

2003 253 2265 308 Sl‘UllH.

3665 257 3760 313 756

2179 369 2266 436 qui
2301 367 2621 439 festinabant
2647 385 2707 423 ex
2734 369 2963 439 rEgypto
2989 371 3172 434 exire;
3203 377 3256 423 ιιι
3286 371 3476 425 melius
3505 371 3718 428 imitare
3743 417 3756 438 .

2177 437 2614 512 quasifeslinans
2634 440 2706 512 ad
2741 437 2938 512 exitum
2966 440 3032 494 de
3061 440 3261 494 mundo
3291 451 3343 494 et
3372 442 3439 495 de
3463 437 3760 512 corruptiuL

2179 509 2558 583 ιινηὲιιιίιίιιιιι
2591 509 2764 583 adsit,
2815 511 3061 583 nullaque
3101 513 3357 583 Segnities
3402 514 3453 566 in
3498 509 3760 583 spirituali

2176 580 2295 647 agni
2321 580 2668 652 contostiouc.
2705 581 2800 652 llic
2823 582 3018 648 optima
3046 591 3128 636 est
3153 582 3427 651 diligentia
3458 625 3474 648 ,
3504 580 3609 638 lion
3641 601 3762 652 quin

2178 651 2526 703 voracitatem
2573 651 2965 705 comedentium
2993 666 3189 707 carnes
3218 654 3520 720 exprimat;
3554 651 3762 710 seddi-

2178 720 2357 793 vinum
2389 736 2644 793 amorem
2685 723 3152 793 exhibeateortnn
3178 765 3193 787 ,
3227 725 3316 793 qui
3342 740 3408 778 ex
3450 725 3651 780 mundo
3677 729 3763 782 oad

2179 790 2341 863 Deum
2368 791 2650 863 festinant.
2688 791 2905 860 Septem
2933 792 3124 848 diebus
3165 790 3350 863 azyma
3394 794 3759 852 comedebat:-

2176 871 2296 924 tur;
2330 861 2378 913 id
2407 871 2490 914 est
2513 904 2526 922 ,
2559 877 2653 929 per
2684 871 2849 916 totam
2877 863 3039 916 vitam
3085 861 3368 918 sinceritas
3395 865 3589 920 valeat.
3625 867 3759 921 Nam

2175 947 2269 1008 per
2296 941 2502 1000 septem
2523 933 2646 1008 dies
2687 943 2857 986 totum
2892 943 3097 1008 tempus
3129 935 3534 1008 multiplicatur.
3582 937 3646 992 Et
3672 943 3761 1008 qui

2197 1013 2494 1056 ermentnnt
2521 1003 2680 1057 habet
2703 1005 3164 1059 exterminabitur.
3196 1005 3330 1059 Nam
3357 1008 3558 1060 veteris
3587 1003 3764 1063 hon'ii.

2175 1072 2256 1125 nis
2287 1073 2518 1142 nequitia
2547 1075 2845 1142 perniciosa
2881 1083 2995 1138 est,
3029 1091 3125 1128 nec
3154 1087 3329 1144 potest
3355 1093 3477 1130 cum
3503 1081 3626 1131 novi
3663 1079 3759 1131 ho-

2174 1144 2332 1196 minis
2373 1144 2578 1212 justitia
2629 1154 2683 1198 et
2729 1146 3015 1198 sanctitate
3061 1147 3422 1202 commisceri.
3478 1153 3555 1201 Ac
3605 1151 3760 1203 vides

2174 1212 2316 1287 iuste
2348 1215 2549 1268 illatam
2580 1229 2701 1269 esse
2741 1215 2884 1268 illam
2940 1224 3159 1285 propter
3211 1217 3525 1272 fermentum
3575 1222 3759 1287 pernio

2173 1285 2352 1340 ciem:
2386 1296 2607 1354 propter
2651 1301 2937 1340 contmune
2976 1295 3154 1339 autem
3195 1288 3345 1356 panis
3390 1285 3756 1355 fermentum,

2130 1388 2140 1399 ι
2176 1369 2281 1409 non
2313 1356 2597 1431 _videretur
2625 1356 2764 1431 Dens
2792 1357 2934 1431 jusle
2963 1357 3247 1431 indignari.
3276 1357 3484 1431 iustitia
3513 1375 3752 1431 namque

2175 1440 2279 1500 non
2312 1425 2363 1479 in
2397 1427 2534 1496 typis
2561 1426 3118 1500 deprcltcnditur,»sed
3145 1429 3195 1480 in
3222 1429 3296 1500 rei
3317 1431 3539 1483 veritate
3569 1425 3755 1500 splen-

2173 1494 2264 1570 det
2291 1506 2345 1549 et
2373 1494 2710 1570 agnoscitur:
2740 1497 2878 1551 sicut
2901 1509 2954 1570 et
2985 1498 3071 1550 illa
3105 1498 3285 1570 unctio
3305 1494 3755 1570 sattgttittis,'quze

2171 1566 2401 1639 videtur
2422 1567 2637 1635 indigna
2671 1569 2813 1630 Deo,
2847 1569 3083 1630 tollitur,
3115 1569 3327 1638 quando
3367 1566 3534 1639 figura
3560 1566 3758 1625 secun-

2171 1635 2299 1690 dum
2331 1637 2404 1691 rei
2431 1639 2711 1692 veritatem
2755 1647 3048 1708 spectatur.
3095 1635 3427 1693 hidecorunf
3454 1641 3598 1695 enim
3647 1642 3758 1696 Deo

2169 1717 2312 1779 esset
2336 1722 2497 1779 egere
2533 1710 2827 1778 sanguine.
2855 1708 2921 1762 ad
2959 1711 3363 1779 cognoscendas
3406 1710 3755 1766 Hebra‘oruut

2170 1777 2349 1850 :edes;
2381 1778 2487 1850 sed,
2503 1777 3068 1834 convenientissimum
3116 1781 3214 1847 ipsi
3241 1791 3359 1841 est,
3387 1781 3530 1850 quod
3564 1799 3658 1849 per
3699 1786 3757 1837 ti-

2171 1847 2294 1921 dem
2337 1849 2389 1902 in
2430 1849 2626 1903 Christi
2657 1850 2972 1919 sanguinem
3009 1847 3420 1921 cognoscanturf
3443 1852 3512 1904 ab
3557 1847 3674 1921 ipso
3703 1864 3755 1909 et

2171 1919 2399 1972 salutem
2422 1933 2841 1988 consequamur.
2888 1919 3097 1976 Annon
3126 1923 3286 1974 etiam
3329 1919 3589 1976 indecens
3609 1935 3756 1979 esset

2172 1987 2302 2060 illud
2331 1990 2474 2059 quod
2511 1987 2971 2046 circumcisionem
2997 2000 3209 2060 spectat
3237 1993 3553 2060 simpliciter
3592 1995 3754 2048 intel-

2171 2057 2367 2130 ligcre,
2403 2063 2550 2129 quasi
2590 2061 2734 2115 Deus
2775 2065 2917 2116 serio
2955 2057 3176 2127 jusserit
3224 2057 3379 2127 eum,
3411 2064 3496 2131 qni
3544 2063 3748 2118 Pascha

2169 2140 2507 2186 comestnrus
2535 2132 2642 2194 sit,
2667 2132 3024 2199 circumcidi,
3057 2133 3102 2186 si
3147 2147 3254 2186 non
3283 2143 3424 2186 esset
3468 2138 3754 2188 circumci-

2169 2215 2297 2266 sus,
2330 2211 2386 2256 et
2426 2203 2504 2256 sic
2541 2202 2609 2256 ad
2643 2203 3028 2257 eomestionem
3057 2204 3361 2259 accedere?
3403 2203 3461 2258 Si
3487 2219 3612 2258 vero
3638 2205 3753 2260 cir-

2168 2272 2513 2346 ctuucisionis
2534 2274 2786 2346 virtutem
2808 2274 3145 2346 Spiritualetn
3159 2274 3378 2346 noveris
3399 2317 3414 2341 ,
3437 2276 3754 2346 mysterium

2169 2343 2376 2414 videbis
2400 2384 2415 2409 ,
2457 2354 2511 2397 et
2544 2344 2706 2398 Deum
2737 2344 3080 2413 glorilicabis.
3101 2343 3462 2399 Circutneisio
3498 2343 3757 2414 genitalis

2172 2413 2397 2485 membri
2444 2424 2579 2468 erat.
2616 2415 2695 2467 Ab
2721 2425 2840 2468 ortu
2860 2455 2876 2480 ,
2908 2431 2940 2466 ο
2969 2413 3134 2468 homo
3155 2456 3170 2480 ,
3212 2413 3615 2485 operimentum
3660 2419 3756 2470 ha-

2168 2483 2359 2551 bnisti,
2385 2485 2522 2552 quod
2551 2486 2835 2553 oportebat
2863 2495 2913 2539 te
2950 2483 3268 2548 removere,
3297 2495 3354 2539 ut
3380 2498 3571 2555 operto
3602 2489 3757 2542 vulta

2169 2555 2447 2609 veritatem
2474 2555 2700 2620 videres,
2725 2571 2823 2626 nec
2848 2557 2947 2611 sub
2970 2566 3182 2609 terreno
3208 2559 3455 2624 corporis
3485 2568 3761 2626 tegumen-

2169 2635 2224 2678 to
2254 2626 2399 2680 illam
2446 2628 2764 2696 respiceres.
2789 2625 2919 2680 Cum
2951 2629 3094 2682 enim
3141 2626 3366 2680 nudatus
3394 2625 3555 2682 fueris
3579 2645 3610 2683 a
3637 2645 3763 2683 car-

2168 2711 2269 2751 ueo
2291 2693 2550 2765 corpore,
2581 2697 2646 2750 ad
2676 2693 2950 2750 Christum
2981 2708 3037 2750 nt
3065 2697 3282 2764 spiritus
3309 2699 3541 2763 accedis,
3569 2711 3626 2754 et
3654 2700 3765 2754 Do-

2167 2768 2316 2820 mino
2361 2767 2570 2821 lia-reus
2614 2781 2750 2820 unus
2789 2768 3008 2836 Spiritus
3047 2767 3277 2822 cfliccris
3330 2783 3422 2835 per
3460 2784 3674 2824 sacram
3705 2782 3767 2825 at

2164 2839 2450 2892 salutarem
2479 2838 2936 2908 participationem
2960 2880 2974 2902 ,
2998 2854 3157 2908 quam
3191 2839 3451 2892 indicabat
3482 2842 3748 2908 carnium

2163 2911 2443 2963 comestis.
2474 2907 2808 2962 Circumcide
2837 2920 2891 2962 et
2921 2907 3058 2964 exue
3095 2924 3292 2976 corpus
3323 2917 3436 2975 post
3463 2907 3756 2964 Christum

2164 2980 2460 3034 secundum
2503 2980 2758 3041 Paulum,
2806 2981 2894 3049 qui
2926 2981 3036 3032 ait:
3065 2980 3356 3034 ϐίνειιηιεὶεὶ
3387 2983 3503 3033 estis
3523 2981 3765 3034 circum-

2162 3051 2352 3105 cisione
2376 3067 2476 3104 non
2502 3067 2655 3103 manu
2682 3051 2835 3120 [actm
2860 3052 2911 3104 in
2931 3050 3300 3118 cxspoliatione
3315 3053 3542 3120 corporis
3559 3055 3765 3112 carnis,

2163 3124 2216 3175 in
2261 3121 2642 3194 circumcisione
2669 3118 2856 3194 Christi
2898 3120 3032 3194 (Col.
3077 3120 3134 3174 2.
3171 3121 3290 3194 ll):
3331 3118 3492 3189 atque
3537 3123 3610 3194 ita
3641 3123 3759 3177 cir-

2162 3193 2427 3248 cumcisus
2459 3193 2603 3246 omni
2651 3191 2917 3258 avaritia,
2961 3207 3115 3246 vana:
3157 3191 3338 3262 gloria:
3375 3201 3431 3244 et
3471 3192 3772 3262 voluptatis

2163 3279 2378 3327 amore,
2427 3262 2604 3316 divina
2650 3272 2702 3318 te
2747 3263 2972 3333 impleas
3011 3277 3170 3328 esca,
3215 3278 3334 3331 qua:
3361 3270 3418 3317 te
3445 3263 3515 3317 ad
3557 3265 3766 3318 εωιιιιιι

2162 3334 2356 3399 ducat,
2391 3344 2442 3388 te
2481 3333 2671 3388 liberet
2709 3349 2738 3386 a
2763 3334 2919 3387 malis
2945 3333 3368 3388 dontinatoribns
3389 3374 3406 3397 ,
3449 3343 3608 3388 eruat
3637 3349 3771 3404 gra-

2163 3405 2397 3459 vissimis
2427 3404 2696 3458 laboribus
2720 3445 2735 3470 ,
2771 3405 3168 3473 gloriosumque
3195 3404 3290 3458 tibi
3319 3418 3381 3457 ac
3425 3405 3650 3458 beatum
3696 3406 3770 3458 ad

2170 3476 2335 3530 Deum
2386 3475 2614 3530 reditqu
2661 3475 2940 3541 conciliet,
2996 3475 3047 3528 itt
3089 3473 3308 3529 Christo
3349 3473 3479 3530 .lesu
3530 3475 3774 3529 lloutiuo

2164 3557 2346 3601 nosne
2369 3586 2386 3612 ,
2415 3547 2500 3601 cui
2533 3547 2700 3618 gloria
2732 3545 2781 3599 iu
2811 3546 3006 3600 smcula
3036 3547 3380 3600 S'JSCIIlOI‘llm.
3416 3550 3612 3601 Amen.

484 3734 3772 3750 HﬁﬂﬂW—

1682 3812 1745 3856 IN
1793 3812 1950 3856 IDEM
1999 3813 2464 3858 ARGUMENTUM.
2515 3814 2598 3857 νι.

551 3944 604 3996 ι.
639 3941 818 3996 Sacra:
841 3942 1037 3997 Christi
1069 3943 1199 3997 lucis
1227 3942 1358 3996 radii
1385 3944 1496 4012 jam
1526 3941 1826 4012 Splendeat,
1859 3951 1910 3997 et
1940 3959 2067 4012 pura

483 4015 596 4082 puri
647 4013 876 4081 Spiritus
919 4013 1195 4067 luminaria
1238 4013 1518 4079 oriuntur,
1548 4014 1779 4066 molestis
1809 4022 1984 4067 autent
2016 4025 2071 4068 ct

484 4085 641 4151 regia:
664 4084 955 4138 divinitatis
972 4084 1154 4153 gloria:
1179 4082 1460 4138 thesauros
1481 4084 1744 4154 aperiunt.
1765 4082 1877 4137 Nox
1901 4085 2066 4139 multa

481 4165 536 4208 ιιι
563 4154 788 4208 obscura
822 4155 1068 4224 absorpta
1101 4163 1182 4208 est
1227 4164 1281 4208 et
1325 4153 1526 4223 ingrata
1573 4168 1720 4208 mors
1749 4153 2065 4221 olncurata;

483 4228 585 4276 vita
615 4225 876 4278 universis
905 4237 1086 4295 aperta
1109 4237 1212 4284 eSt.
1244 4233 1298 4278 et
1327 4225 1445 4279 luce
1471 4225 1689 4293 perenni
1711 4225 1888 4278 omnia
1915 4226 2066 4294 plena

485 4307 601 4347 sunt
633 4336 646 4356 ,
681 4305 839 4362 atque
870 4298 1102 4349 orientes
1133 4295 1419 4350 orientiqu
1452 4296 1755 4348 universum
1787 4296 2064 4350 obtinent:

483 4377 537 4418 et
566 4365 803 4435 iileante
832 4366 1106 4419 luciferum
1135 4365 1365 4432 genitus,
1398 4366 1734 4427 immortalis,
1765 4375 1817 4419 ct
1845 4381 2068 4435 magnus

485 4434 729 4504 splendet
767 4435 1012 4489 Christus
1055 4436 1316 4506 universis
1345 4436 1462 4504 plus
1489 4450 1646 4506 quam
1689 4437 1788 4488 sol.
1839 4434 2069 4506 ldedque

485 4507 638 4575 longa
670 4517 724 4560 et
749 4515 948 4560 aeterna
982 4507 1133 4560 nobis
1162 4505 1519 4561 credentibus
1541 4507 1591 4560 in
1634 4507 1748 4576 ipso
1777 4507 1892 4560 dies
1917 4506 2071 4563 adest

483 4577 728 4642 trandida,
752 4576 950 4631 Pascha
978 4579 1278 4647 mysticum,
1303 4576 1523 4644 figurate
1545 4577 1756 4645 quidem
1783 4589 1877 4646 per
1899 4578 2066 4647 legem

483 4647 847 4718 celebratum;
880 4647 1082 4702 Pascha
1103 4688 1133 4718 ,_
1162 4647 1403 4701 mirabile
1430 4647 1624 4701 divime
1655 4649 1864 4702 virtutis
1893 4657 1945 4702 et
1977 4664 2070 4718 po-

485 4717 690 4770 testatis
733 4733 899 4788 opus;
946 4733 1070 4772 vere
1113 4716 1302 4772 festum
1336 4728 1388 4770 et
1419 4719 1727 4773 memoriale
1773 4716 2067 4788 legitimum

484 4788 867 4857 sempiternum
896 4804 999 4845 :cx
1043 4788 1289 4859 passione
1333 4788 1752 4858 impassibilitas,
1799 4806 1861 4843 ex
1893 4801 2070 4844 morte

486 4860 878 4922 immortalitas,
911 4875 976 4914 ex
1007 4861 1280 4925 iuventute
1303 4861 1434 4923 vita,
1465 4876 1526 4913 ex
1558 4859 1710 4929 plaga
1745 4861 1971 4920 medela,
2001 4876 2066 4914 ex

484 4931 636 4999 lapsu
661 4932 879 4990 erectio.
908 4946 970 4984 ex
1001 4931 1259 4984 descensu
1290 4944 1564 5000 ascensus.
1595 4929 1684 4984 Sic
1711 4931 1852 4984 Deus
1879 4945 2068 5000 magna

481 5010 764 5069 operatur;
813 5001 891 5054 sic
932 5016 996 5055 ex
1044 4999 1458 5068 impossibilibus
1497 5000 1756 5067 stupenda
1799 4999 1985 5064 creat,
2017 5011 2070 5055 ut

481 5071 797 5126 ostendatur
846 5074 1015 5141 ipsum
1047 5070 1218 5141 solum
1251 5071 1514 5124 volentem
1546 5072 1722 5141 omnia
1749 5085 1930 5138 posse.
1967 5071 2070 5124 Has

486 5141 683 5209 tiguras
708 5143 798 5198 lex
828 5140 1108 5195 amtuntiet
1129 5180 1144 5205 ,
1179 5140 1434 5211 imagines
1461 5140 1701 5194 veritatis
1731 5141 1878 5210 prius
1903 5141 2040 5193 inter

485 5223 724 5277 pretetur
769 5213 1327 5283 angelusLmagutun
1369 5211 1544 5283 magni
1587 5211 1744 5280 Regis
1783 5211 2068 5283 adventum

487 5283 779 5343 praedicans
811 5281 943 5338 {ubi
989 5281 1274 5353 Egyptius
1325 5281 1792 5350 primogenitorum
1841 5282 2071 5353 populus

485 5360 725 5424 mortuus
761 5363 864 5417 est,
904 5363 959 5408 et
987 5351 1148 5424 Israel
1179 5355 1405 5424 mystico
1432 5353 1692 5424 sanguine
1720 5351 2064 5424 _servabatur.

484 5415 608 5472 Hice
634 5425 811 5476 omnia
841 5415 962 5478 sunt
1009 5415 1310 5478 futurorum
1340 5415 1566 5477 umbra':
1595 5420 1734 5492 apud
1766 5436 1863 5475 nos
1889 5434 2067 5478 autem

485 5499 609 5541 sunt
654 5492 940 5614 imaginum
985 5494 1204 5558 formae,
1251 5504 1302 5548 et
1355 5505 1599 5563 typorum
1643 5493 2066 5614 complementa,

485 5566 644 5614 atuue
672 5579 758 5614 ttnt
801 5579 871 5614 ne
898 5564 1018 5614 loco
1043 5575 1228 5614 exacta
1258 5574 1314 5614 et
1342 5564 1494 5614 ﬁrma
1523 5564 1736 5614 veritas.
1788 5563 1878 5614 llic
1902 5579 2066 5614 annus

484 5566 644 5625 atque
672 5563 871 5616 umbra:
898 5564 1018 5617 loco
1043 5575 1228 5618 exacta
1258 5574 1314 5618 et
1342 5564 1494 5617 ﬁtnta
1523 5564 1736 5618 veritas.
1764 5563 1878 5618 Illic
1902 5579 2070 5633 agnus

484 5644 514 5677 υ
543 5645 704 5703 grege
722 5672 736 5695 ,
772 5634 856 5687 hic
883 5648 1050 5702 agnus
1075 5633 1144 5687 de
1182 5634 1328 5688 caelis
1353 5652 1364 5686 :
1394 5635 1498 5688 illic
1525 5634 1798 5703 sanguinis
1822 5634 2030 5702 signum
2049 5673 2067 5700 ,

485 5701 624 5766 quod
655 5703 706 5760 iu
735 5718 792 5758 re
821 5701 1012 5758 minori
1045 5713 1210 5758 totum
1239 5718 1514 5760 conservet
1540 5745 1554 5772 ,
1589 5701 1674 5760 hic
1701 5704 1940 5771 verb-un,
1972 5721 2066 5776 pu-

2176 3942 2353 3997 culum
2385 3942 2596 4011 plenum
2626 3940 2806 3995 divino
2833 3943 3091 4010 sanguine
3117 3953 3170 3996 et
3195 3941 3386 4012 spiritu
3415 3959 3428 3995 :
3452 3941 3563 3995 illic
3593 3957 3784 4012 agnus

2176 4029 2241 4068 ex
2269 4027 2450 4082 grege,
2501 4012 2585 4065 hic
2634 4013 2745 4080 ipse
2793 4022 2976 4082 pastor
3006 4028 3100 4080 pro
3127 4027 3287 4082 agno.
3321 4011 3451 4065 Nam
3483 4011 3785 4066 Sicut’oris

2181 4085 2248 4136 ad
2276 4081 2573 4154 occisionem
2599 4083 2778 4136 ductus
2806 4093 2880 4136 est
2908 4081 3061 4154 (Ιεαί.
3090 4083 3181 4138 53.
3214 4081 3291 4152 7).
3319 4083 3609 4154 Quomodo
3640 4101 3790 4153 ergo

2176 4153 2728 4225 salutemunivcrsant
2756 4152 2926 4222 opera
2941 4153 3292 4225 pollicentur?
3323 4152 3390 4225 Et
3415 4153 3548 4225 sola:
3581 4152 3795 4225 ﬁgura:

2175 4234 2300 4278 sunt
2342 4224 2624 4278 salutares.
2667 4223 2885 4278 Festum
2925 4224 3200 4279 celebrent
3227 4224 3343 4277 εωιὶ
3371 4223 3686 4290 αιτιοιευιιι,
3735 4236 3802 4281 ut

2176 4294 2645 4362 divinusSpiritus
2673 4295 2900 4358 clamat,
2929 4295 3152 4363 gloriam
3187 4295 3275 4349 Dei
3320 4304 3610 4350 narrantes
3649 4314 3799 4352 :ce-

2178 4366 2380 4420 lebrent
2396 4379 2606 4436 quoque
2626 4366 2798 4436 angeli
2821 4375 2875 4420 ct
2891 4365 3198 4435 archangeli
3219 4366 3497 4430 cmlorum,
3520 4369 3800 4423 celebret

2175 4437 2349 4492 omnis
2393 4435 2626 4489 cmlestis
2679 4438 2935 4505 populus.
2983 4453 3253 4491 summum
3302 4438 3804 4507 Ducemrsuperni

2175 4507 2441 4576 exercitus
2489 4507 2676 4559 videns
2722 4508 3030 4576 episc0punt
3075 4507 3423 4576 corporaliter
3462 4506 3806 4563 advenien-

2177 4587 2280 4631 tem
2307 4594 2320 4630 :
2343 4575 2538 4631 festum
2567 4577 2840 4631 celebrent
2865 4579 3137 4631 stellarum
3163 4575 3335 4642 chori,
3368 4592 3494 4630 eum
3525 4581 3632 4647 qui
3662 4592 3810 4633 ante

2173 4648 2452 4702 luciferum
2482 4649 2652 4701 oritur
2683 4647 2979 4703 indicantes
3003 4667 3014 4701 :
3039 4648 3272 4702 celebret
3295 4663 3390 4701 aer
3417 4649 3715 4704 immense
3747 4653 3809 4705 in

2177 4717 2494 4789 profundum
2540 4726 2600 4789 et
2638 4717 2804 4789 latum
2833 4729 3085 4773 extensus
3112 4735 3124 4770 :
3148 4717 3385 4772 celebret
3424 4718 3808 4789 salsuginosa

2176 4787 2338 4843 maris
2365 4803 2524 4856 aqua,
2573 4788 2766 4841 divinis
2798 4790 3032 4857 vestigiis
3059 4803 3121 4842 ac
3147 4789 3422 4857 gressibus
3463 4787 3768 4845 honorata
3793 4811 3805 4843 :

2174 4860 2405 4914 celebret
2429 4868 2594 4923 terra,
2618 4858 2797 4912 divino
2811 4859 2992 4913 abluta
3014 4858 3271 4928 sanguine
3291 4876 3303 4912 :
3325 4857 3567 4913 celebret
3597 4866 3817 4916 omnis

2176 4929 2405 4984 humana
2450 4930 2661 4993 anima,
2695 4930 2746 4982 itt
2787 4944 2980 4983 novam
3019 4929 3422 4999 generationem
3457 4943 3554 4996 per
3588 4947 3814 4987 resur-

2176 5001 2464 5055 rectionem
2489 5009 2802 5053 restaurata.
2830 4999 2942 5054 l‘loc
2960 4999 3182 5064 Pascha,
3204 5000 3506 5054 communis
3525 5006 3817 5059 onlniuut

2175 5071 2458 5140 celebritas
2501 5085 2570 5124 ex
2616 5079 2835 5140 paterna
2867 5071 3139 5124 voluntate
3181 5072 3231 5123 in
3273 5070 3478 5124 mundo
3526 5084 3816 5138 peracta.

2177 5140 2360 5194 miSsio
2388 5138 2586 5194 Christi
2604 5138 2629 5205 ,⁷
2646 5139 2859 5194 divinus
2883 5142 3062 5196 oriens
3087 5141 3231 5195 circa
3275 5149 3474 5212 terram
3491 5180 3514 5205 ,
3546 5147 3815 5212 angelo—

2178 5227 2293 5264 rum
2330 5221 2383 5263 «ξι
2407 5211 2850 5280 archangelorum
2878 5213 3202 5280 sempiterna
3232 5211 3578 5277 solemnitas,
3627 5211 3822 5270 tutius

2178 5280 2358 5335 tnundi
2392 5281 2707 5336 immortalis
2734 5281 2860 5348 vita,
2891 5282 3081 5337 mortis
3107 5283 3374 5346 interitus,
3407 5280 3533 5336 fons
3564 5286 3818 5340 saluta-

2177 5354 2271 5417 ris,
2301 5351 2574 5406 hominum
2608 5351 2926 5420 incorrupte
2951 5351 3155 5407 delicim
3179 5353 3446 5415 ctelestes,
3476 5368 3653 5408 Sacra
3699 5358 3815 5410 ini-

2177 5423 2360 5494 tiatio,
2403 5440 2520 5492 qua:
2558 5431 2736 5494 vetera
2776 5435 2830 5476 et
2870 5439 3005 5477 nova
3050 5424 3433 5494 interpretatur
3473 5431 3814 5494 mysteria.

2176 5509 2294 5564 quae
2324 5493 2374 5568 in
2392 5503 2546 5568 terra
2573 5493 2742 5568 oculis
2768 5495 3034 5559 videntur,
3061 5496 3111 5548 itt
3133 5493 3279 5548 melis
3304 5508 3437 5568 vero,
3456 5493 3814 5568 intelligun-

2178 5563 2263 5618 tur
2291 5563 2483 5639 abiis,
2528 5565 2613 5639 qui
2648 5563 2761 5618 lucc
2792 5579 2926 5618 nova
2944 5579 3078 5639 cum
3106 5579 3258 5639 sacra
3281 5563 3477 5639 notitia
3490 5563 3814 5639 fus-(Sepe-

2178 5645 2300 5688 runt
2332 5653 2344 5688 :
2379 5634 2428 5687 id
2469 5634 2610 5702 quod
2655 5650 2754 5688 nos
2795 5635 2989 5702 paucis
3033 5633 3436 5701 explicavimus.
3489 5635 3666 5692 Talis
3721 5633 3817 5694 1st

2181 5705 2396 5760 Pascha?
2441 5704 2651 5776 publica
2699 5705 3033 5761 Solemnitas.
3084 5705 3148 5761 Ut
3186 5720 3313 5759 vero
3358 5702 3657 5774 sigillalim
3713 5726 3815 5764 vos
