4058 6208
514 294 621 351 739

517 407 647 477 [mle
674 404 901 477 namque
933 407 1088 477 primi
1122 406 1344 463 fallacia:
1366 406 1565 477 ﬂuctus
1585 445 1600 469 ,
1624 406 1772 461 vituli
1805 414 1855 459 et
1882 410 2088 475 pisces,

512 475 643 533 fune
662 486 717 532 et
735 475 880 539 aves,
901 475 954 532 ei
970 477 1160 531 similia
1177 480 1355 533 omnia
1376 476 1623 533 animalia
1648 480 1789 532 inter
1806 476 1935 531 deos
1954 478 2093 531 rela-

513 560 565 601 ta
591 556 645 602 et
671 549 837 602 culta.
866 548 999 602 Cum
1046 558 1221 603 autem
1257 549 1325 603 de
1353 548 1487 603 cmlo
1516 547 1709 602 vindex
1751 550 1826 602 ira
1857 548 2088 603 revelata

511 619 705 683 fiterit,
728 628 784 673 et
811 616 960 672 furor
990 634 1211 687 magnus
1254 634 1416 689 super
1450 633 1663 674 omnem
1690 629 1891 689 terram
1933 618 2093 673 fuerit

510 704 802 759 expansos,
834 698 959 742 tunc
988 689 1213 759 primum
1232 688 1913 759 superstitiosusidolorum
1936 704 2090 744 error

510 757 730 814 insanus
750 758 1049 826 dejicietur.
1070 757 1134 811 In
1157 758 1408 829 euntibus,
1424 758 1717 829 inquit.diis
1727 758 2090 828 ﬂgyptiorunt

511 831 696 901 faciam
731 829 1003 901 vindictam
1023 845 1041 882 :
1068 844 1160 900 ego
1203 828 1450 883 Dominus
1499 832 1518 901 (
1545 829 1717 883 Exod.
1749 830 1834 884 12.
1866 828 1933 901 12
1958 830 1997 901 ).
2034 829 2087 882 In

511 900 871 972 primogenita
903 908 1081 972 autem
1111 901 1288 953 onmia
1316 900 1535 972 smvitur
1566 939 1582 966 ,
1615 901 1737 969 quia
1785 900 2085 972 antiquiora

510 970 753 1042 tempora
778 971 877 1025 sibi
910 970 1262 1042 vindicantes,
1281 971 1691 1042 vetustissimam
1704 970 1942 1025 omnium
1968 984 2087 1023 ser-

510 1041 732 1097 vitutem
770 1041 926 1096 idolis
975 1041 1317 1110 prmstabant.
1364 1041 1669 1096 Tenebrosa
1717 1049 1773 1096 et
1824 1050 2084 1094 nocturna

512 1114 660 1181 plaga
682 1121 830 1168 erat:
853 1127 974 1166 nam
999 1113 1301 1176 tenebrosa,
1323 1112 1511 1176 tristia,
1532 1112 1758 1182 ingrata,
1775 1111 2085 1180 caliginosa,

509 1184 821 1247 inhumana,
847 1192 1003 1252 atque
1034 1184 1438 1237 tenebrosortun
1462 1197 1682 1251 operum
1705 1191 1759 1235 et
1784 1183 2085 1236 dannonum

512 1264 669 1309 erant
691 1254 916 1325 judicia.
952 1252 1117 1325 Dabo,
1151 1253 1338 1321 inquit,
1369 1253 1602 1325 prodigia
1618 1254 1671 1306 in
1695 1253 1819 1306 creto
1847 1263 2085 1318 sursum,

505 1334 555 1378 et
584 1323 728 1395 signa
754 1325 809 1377 in
839 1334 972 1395 tetra
1001 1323 1235 1395 deorsum
1258 1365 1271 1378 .
1319 1324 1692 1395 sanguinemct
1720 1325 1895 1395 ignem
1913 1332 1959 1375 ct
1998 1339 2084 1375 ra-

509 1392 683 1463 perent
711 1395 855 1466 fumi.
888 1394 953 1448 Et
983 1392 1061 1448 sol
1086 1403 1402 1466 convertatur
1416 1392 1479 1466 in
1507 1392 1772 1466 tenebras,
1797 1403 1841 1446 et
1881 1394 2003 1447 luna
2030 1395 2084 1447 in

507 1463 807 1536 sanguinem
838 1506 861 1536 ,_
885 1475 1152 1536 antequam
1175 1464 1363 1536 Δυτξηίαι
1409 1464 1517 1536 dies
1560 1463 1769 1536 Domini
1795 1479 2010 1536 magnus
2035 1475 2083 1517 et

505 1533 804 1606 manifestus
841 1534 861 1607 (
885 1535 1001 1589 Joel
1042 1533 1099 1589 2.
1129 1533 1218 1607 '5_0.
1247 1535 1306 1589 5|
1335 1535 1375 1602 ).
1406 1533 1794 1607 Curnvobis‘htec
1821 1533 1928 1607 dies
1970 1533 2082 1607 Do-

508 1608 634 1661 mini
649 1603 680 1662 .9
709 1607 774 1660 Et
795 1603 901 1660 haec
930 1617 1002 1659 est
1038 1603 1273 1670 tenebrae,
1310 1616 1358 1658 et
1379 1621 1480 1658 non
1504 1604 1612 1659 luat.
1647 1604 2083 1671 Quemadmodum

504 1678 638 1731 enim
657 1679 700 1732 si
721 1678 903 1748 fugerit
924 1677 1057 1748 uirga
1082 1677 1212 1746 facie
1243 1672 1419 1739 leonis,
1448 1685 1494 1728 et
1527 1677 1797 1748 occurrerit
1823 1676 1921 1744 ipsi
1962 1692 2081 1748 rur-

501 1765 611 1812 sus,
641 1758 687 1802 et
708 1746 951 1801 introierit
982 1747 1187 1798 domnm
1207 1788 1219 1805 ,
1245 1755 1291 1799 et
1314 1761 1467 1798 manu
1492 1762 1585 1800 sua
1618 1747 1825 1800 innixus
1851 1746 2003 1816 fuerit
2028 1746 2080 1799 in

504 1820 767 1888 parietem,
791 1827 835 1871 et
862 1816 1184 1870 momorderit
1205 1832 1314 1888 eum
1340 1817 1542 1888 coluber
1573 1832 1592 1870 :
1612 1819 1694 1888 bsic
1719 1817 1816 1888 erit
1838 1814 1944 1869 dies
1966 1814 2049 1888 ADo
2065 1848 2078 1857 -

506 1885 632 1958 ἦνιὶηί
658 1892 873 1943 tenebra:
894 1927 909 1952 ,
963 1897 1009 1941 et
1035 1903 1134 1939 non
1161 1887 1252 1939 erit
1280 1886 1369 1939 tua:
1395 1886 1446 1938 in
1473 1886 1740 1958 eolAmos
1787 1887 1840 1942 5.
1870 1885 2077 1958 18-20).

503 1957 733 2030 Sanguis
757 1974 886 2030 vero
918 1959 967 2011 in
1010 1958 1216 2024 signum
1248 1957 1498 2025 signaculi
1525 1955 1719 2030 Christi
1754 1997 1770 2020 ,
1801 1973 1975 2010 meum
1998 1955 2080 2030 est

500 2027 836 2100 mysterium.
867 2028 1085 2100 Signum
1116 2037 1427 2100 autemAnon
1450 2034 1576 2083 tunc
1602 2027 1798 2100 veritas
1824 2036 1957 2100 erat,
1981 2027 2073 2082 sed

507 2096 701 2156 fulturae
747 2101 987 2154 veritatis
1024 2099 1251 2168 signum.
1280 2097 1551 2167 Quotquot
1585 2098 1729 2152 enim
1769 2096 1967 2168 habent
1997 2100 2076 2152 si-

501 2187 664 2239 gnum
692 2172 963 2240 sanguinis
993 2167 1356 2240 iu‘animahus
1381 2208 1395 2228 .
1445 2178 1498 2240 ut
1529 2183 1559 2221 a
1590 2167 1705 2236 lege
1741 2168 1792 2221 in
1830 2167 2077 2240 domibus

501 2237 735 2311 imprimi
782 2237 838 2296 et
882 2242 1002 2309 ungi
1042 2237 1251 2311 jussum
1295 2247 1446 2311 erat,
1478 2238 1574 2311 hos
1618 2252 1806 2311 onmes
1853 2238 2076 2294 exitiosa

501 2257 735 2311 tmprtnn
782 2255 838 2296 et
882 2255 1002 2309 ungi
1031 2255 1251 2362 Iussum
1295 2255 1446 2299 erat.
1478 2255 1574 2319 nos
1618 2255 1806 2292 omnes
1853 2255 2074 2294 exutosa

501 2315 654 2382 plaga
685 2312 998 2381 pnetcribit.
1066 2327 1098 2362 n
1128 2309 1306 2380 quibus
1326 2350 1338 2367 ,
1374 2310 1544 2382 inquit
1572 2348 1587 2371 ,
1618 2308 1845 2382 domibus
1866 2311 2074 2379 sangui-

500 2378 616 2436 nem
641 2378 835 2446 videbo,
861 2395 1024 2451 tegunt
1046 2378 1151 2444 vos,
1180 2389 1229 2451 et
1265 2395 1365 2451 non
1395 2380 1487 2432 erit
1514 2379 1742 2451 in_vobis
1787 2378 1940 2451 p_laga
1962 2378 2079 2450 quia

497 2469 586 2507 vos
613 2463 815 2519 atterat,
844 2448 960 2506 cuin
994 2450 1270 2521 percutiant
1298 2450 1351 2503 in
1380 2459 1512 2521 terra
1529 2448 2073 2521 JEgypti(Exod.12.

499 2524 609 2596 15).
634 2523 859 2594 Sanguis
886 2519 1015 2593 ergo
1042 2531 1098 2575 ut
1123 2521 1329 2596 signum
1352 2519 1417 2596 ad
1443 2521 1737 2596 custodiam
1774 2519 1787 2576 ξ
1822 2521 1873 2574 in
1905 2520 2077 2596 domi-

496 2590 596 2650 bus
624 2590 803 2650 autem
830 2636 844 2657 ,
878 2602 934 2648 ut
954 2590 1022 2647 'in
1049 2590 1347 2645 animabus.
1386 2592 1576 2645 Anima
1620 2591 1761 2644 enim
1787 2608 1851 2645 ex
1891 2591 2076 2647 divino

505 2668 705 2736 Spiritu
736 2674 790 2720 et
817 2680 881 2719 ex
915 2663 1021 2718 ﬁde
1061 2677 1271 2736 sacrum
1323 2661 1382 2736 fit
1411 2661 1793 2736 habitaculum.
1843 2663 1955 2716 lloc
1994 2673 2072 2715 te-

500 2730 704 2806 guntur
728 2737 760 2790 ii
792 2776 808 2802 ,
841 2736 927 2801 qui
955 2734 1199 2789 credunt.
1233 2730 1435 2786 Pascha
1467 2748 1563 2801 per
1589 2733 1894 2786 universum
1923 2747 2076 2787 mun-

498 2810 625 2861 dutn
658 2808 763 2861 tale
787 2806 1096 2877 mysterium
1123 2812 1224 2859 est.

563 2880 616 2933 5.
648 2877 783 2933 Audi
822 2873 994 2931 tamen
1026 2889 1123 2928 nos
1156 2888 1255 2944 pro
1282 2873 1418 2927 virili
1449 2883 1631 2928 nostra
1660 2882 1808 2943 parte
1833 2873 2069 2930 divinam

492 2949 840 3004 iuitiationcm
863 2946 1129 3015 sigillatim
1148 2946 1494 3015 explicantes.
1520 2944 1626 2998 Res
1642 2945 1783 2998 enim
1805 2947 2073 3014 quomodo

492 3034 620 3075 vere
641 3034 699 3074 se
729 3018 955 3081 habeat,
988 3019 1126 3070 Deus
1150 3016 1379 3071 Verbum
1408 3016 1585 3087 novit,
1614 3015 1703 3083 qui
1734 3015 1787 3070 in
1816 3030 1877 3070 se
1897 3026 1951 3071 et
1979 3033 2073 3087 per

493 3106 553 3145 se
580 3104 789 3144 sacrum
817 3087 1018 3143 Pascha
1044 3087 1349 3142 adornavit:
1381 3086 1532 3140 nobis
1553 3100 1680 3140 vero
1698 3094 1879 3155 utpote
1901 3087 2070 3143 homi-

489 3161 648 3216 nibus
675 3160 824 3215 veuia
869 3158 1043 3213 danda
1065 3197 1079 3217 ,
1118 3160 1162 3212 si
1206 3172 1308 3213 non
1339 3159 1515 3211 onmia
1544 3170 1910 3227 assequamur,
1938 3169 1993 3213 et
2025 3160 2070 3215 si

490 3232 747 3286 labamur.
781 3230 1027 3284 Dicamus
1058 3238 1232 3283 tamen
1253 3268 1268 3291 ,
1299 3228 1472 3296 priora
1512 3238 1860 3282 resumentes.
1889 3227 2071 3284 Primo

487 3302 702 3364 dicitur,
730 3300 926 3355 Mensis
966 3298 1056 3353 ille
1085 3305 1167 3352 est
1191 3300 1394 3352 initium
1426 3298 1709 3352 mensium.
1738 3297 1845 3352 Cur
1871 3302 2071 3356 mensis

488 3372 710 3428 Pascha:
741 3373 943 3441 primus
967 3370 1051 3441 est
1079 3369 1338 3422 ιιηξημίηιη
1362 3368 1526 3423 anni?
1555 3369 1794 3423 Arcanos
1822 3368 2071 3424 Hebraeo-

488 3460 607 3496 rum
638 3440 815 3496 sermo
839 3450 954 3502 est,
986 3440 1088 3493 hoc
1112 3454 1232 3494 esse
1263 3451 1471 3508 tempus
1498 3453 1604 3508 quo
1634 3448 1930 3507 temporum
1963 3441 2069 3496 Do-

490 3514 665 3567 minus
690 3523 745 3566 et
784 3511 1008 3565 Creator
1038 3511 1175 3564 Deus
1218 3511 1524 3564 universum
1567 3510 1803 3562 creavit:
1831 3519 1885 3564 et
1929 3510 2070 3565 hunc.

486 3596 608 3637 esse
637 3583 864 3651 primum
894 3580 1179 3636 creationis
1217 3579 1401 3634 ﬂorem
1421 3618 1437 3644 ,
1466 3579 1668 3651 mundi
1715 3579 2065 3651 pulchritudi-

490 3667 610 3705 nem
627 3649 649 3714 ,⁷
683 3651 896 3719 quando
924 3651 1420 3720 fulgentemtotam
1463 3649 1745 3717 imaginem
1794 3650 1847 3703 in
1892 3661 2070 3707 mente

484 3718 713 3777 Creator
738 3718 1243 3775 concinne'moveri
1288 3718 1452 3781 vidit,
1485 3727 1540 3773 et
1581 3719 1757 3772 ornari
1798 3731 1948 3774 recto
1976 3722 2068 3775 illo

485 3793 739 3846 ra-lorum
764 3790 975 3856 ordine,
1009 3798 1382 3856 tempestatum
1410 3788 1550 3843 bono
1578 3787 1786 3854 ordine,
1817 3789 1948 3843 solis
1977 3807 2058 3845 rc-

484 3873 573 3916 cto
600 3877 793 3924 cursu,
826 3860 958 3915 lucis
995 3859 1227 3914 nondum
1265 3860 1557 3914 imminntte
1582 3860 1824 3921 orienle,
1866 3868 1922 3914 et
1957 3860 2066 3926 jam

485 3941 728 3987 ornatam
775 3933 1038 3986 fructuum
1069 3940 1187 3985 ortu
1210 3970 1225 3994 ,
1277 3931 1577 3999 plantarum
1622 3929 2026 3985 fructiﬁcatione
2048 3971 2065 3996 ,

484 4005 737 4060 arborum
784 4003 1003 4057 ﬂoribus
1050 4000 1481 4061 recurrentibus,
1514 4015 1732 4068 gregum
1766 4001 2017 4068 partubus
2050 4020 2065 4056 :

484 4074 698 4143 quando
724 4072 880 4128 ﬂoret
906 4072 1277 4142 germinatquc
1305 4073 1551 4143 universa
1580 4078 1740 4143 terra,
1771 4079 1828 4125 et
1863 4069 2066 4126 ﬂoren-

486 4139 568 4200 tes
592 4144 811 4199 arbores
840 4139 1076 4206 fructus,
1116 4139 1250 4210 quos
1297 4141 1630 4210 parturiunt,
1669 4139 1779 4211 jam
1819 4142 2068 4211 paritura:

484 4224 611 4270 sunt
640 4233 652 4269 :
685 4213 898 4284 quando
921 4213 1044 4283 juga
1062 4226 1134 4284 ex
1165 4221 1343 4284 aratro
1371 4212 1534 4267 solvit
1558 4210 1811 4284 agricola,
1837 4221 1893 4267 et
1921 4213 2069 4284 quie-

483 4296 591 4341 tem
613 4280 905 4340 dat'currui
924 4280 1297 4352 mugientium,
1323 4297 1387 4337 ac
1415 4280 1694 4352 postquam
1719 4280 1928 4337 divinos
1951 4282 2067 4337 fru-

483 4365 605 4410 ctus
633 4356 684 4408 in
717 4364 854 4408 terra
881 4351 1040 4423 jecit,’
1065 4355 1306 4423 ctclcstes
1332 4352 1530 4421 excipit
1554 4351 1730 4423 fontes
1753 4359 1807 4407 et
1834 4353 2064 4409 imbres:

480 4426 696 4494 quando
737 4422 916 4491 pastor
962 4424 1043 4476 lac
1087 4422 1512 4494 caudidumjam
1565 4422 1765 4489 mulget
1794 4438 1823 4494 :7
1855 4425 2068 4490 quando

485 4492 603 4566 apis
629 4496 812 4550 dulces
841 4494 991 4566 favos
1019 4502 1074 4548 et
1119 4508 1298 4547 ceram
1331 4492 1579 4566 eﬂ‘ormat
1606 4509 1620 4545 :
1652 4493 1864 4561 quando
1908 4505 2066 4566 nauta

482 4562 638 4622 laetus
668 4580 815 4620 mare
856 4564 1215 4634 jam‘teutare
1240 4562 1433 4628 audet,
1478 4572 1534 4618 et
1574 4578 1759 4618 amore
1787 4566 1917 4618 lucri
1965 4564 2063 4619 ﬂu-

479 4648 663 4691 ctuum
706 4636 938 4706 pericula
982 4635 1235 4706 audacter
1279 4634 1432 4706 adit:
1484 4634 1735 4704 illamque
1785 4635 1895 4703 jam
1948 4637 2067 4690 uui-

480 4704 756 4762 versoruin
784 4705 1207 4776 consonantiam,
1237 4714 1291 4759 ct
1316 4704 1511 4776 bonum
1533 4719 1781 4776 omnium
1801 4706 2065 4776 ordinem,

480 4788 660 4846 atque,
678 4784 738 4831 ut
757 4778 826 4830 ita
854 4776 1028 4830 dicam
1047 4815 1064 4840 ,
1097 4774 1535 4846 beneplacitumL
1564 4775 1879 4845 principium
1908 4774 2064 4843 esse,

481 4844 691 4904 dulcem
732 4862 925 4915 nempe
955 4846 1097 4900 veris
1122 4845 1466 4914 voluptatem.
1495 4844 1611 4915 Ego
1636 4844 1763 4901 vero
1793 4847 1877 4901 his
1913 4847 2068 4904 dictis

480 4934 589 4974 non
619 4918 833 4973 diilicile
860 4914 1203 4982 crediderim,
1229 4914 1323 4985 sed
1349 4914 1563 4983 opinor,
1594 4917 1700 4971 imo
1727 4932 1854 4972 vero
1881 4918 2064 4985 credo,

402 4998 409 5001 ‘
480 5005 579 5059 per
605 4987 823 5043 Pascha:
846 4987 1173 5056 Spiritualem
1200 4984 1592 5059 solemnitatem
1624 4987 1962 5059 principium,
1985 4984 2069 5043 ca-

481 5055 575 5127 put
599 5074 662 5113 ac
687 5059 838 5130 quasi
863 5055 1053 5111 ducem
1084 5055 1260 5130 omnis
1288 5056 1543 5122 temporis
1570 5056 1813 5130 inteltigi,
1841 5067 1896 5112 et
1927 5058 2068 5114 hunc

477 5125 599 5186 esse
630 5125 849 5185 Pascha:
875 5142 1137 5191 mensem,
1165 5125 1218 5180 in
1248 5140 1355 5195 quo
1382 5140 1631 5195 magnum
1660 5125 1787 5181 illud
1813 5142 2066 5182 consum-

479 5210 657 5254 matur
699 5208 756 5255 et
792 5198 1094 5254 celebratur
1128 5198 1589 5269 mysterinmgunt
1633 5196 1769 5269 sicut
1816 5197 2069 5269 Dominus

479 5271 718 5324 omnium
750 5268 1161 5337 intelligibilium
1188 5267 1256 5322 et
1292 5267 1632 5321 invisibilium
1679 5268 2064 5337 primogenita:

481 5349 566 5394 est
592 5340 661 5393 ab
686 5340 870 5403 initio;
902 5342 981 5394 sic
1008 5349 1065 5393 et
1092 5338 1176 5392 hic
1203 5339 1403 5392 mensis
1425 5379 1441 5403 ,
1472 5339 1560 5408 qui
1591 5352 1741 5392 sacra
1774 5337 2067 5392 honoratur

481 5409 816 5476 initiatione,
864 5410 1068 5477 primus
1111 5409 1337 5464 essetin
1379 5424 1555 5473 anno,
1600 5417 1655 5462 et
1681 5410 1860 5463 onmis
1885 5408 2065 5462 sreculi

480 5479 823 5551 principium.
851 5482 1039 5551 Annus
1066 5489 1244 5551 autem
1273 5478 1359 5532 hic
1384 5488 1486 5545 est,
1514 5494 1671 5551 quem
1699 5478 1877 5532 divina
1917 5478 2066 5551 Scri-

482 5547 635 5618 plura
663 5550 861 5605 clamat
886 5566 902 5602 :
939 5547 1228 5604 Prwdicare
1250 5566 1437 5602 annum
1468 5547 1671 5603 Domini
1707 5547 2068 5618 acceptabilem

481 5619 633 5690 (Luc.
661 5621 716 5675 ιι.
744 5622 855 5691 19).
884 5622 1065 5691 Agnus
1092 5630 1180 5691 est,
1201 5621 1410 5691 victima
1442 5635 1612 5674 sacra.
1645 5618 1760 5687 Ipse
1782 5620 1927 5691 enim
1945 5661 1961 5684 ,
1987 5618 2067 5675 in-

392 5732 402 5744 .
480 5688 618 5763 quit,
649 5691 792 5748 Sicut
808 5688 912 5745 ovis
937 5688 1005 5743 ad
1030 5690 1328 5763 occisionem
1356 5689 1536 5744 ductus
1556 5699 1646 5763 ρει,
1674 5700 1723 5763 e_t
1747 5688 1874 5763 sicut
1901 5706 2066 5762 agnus

480 5759 652 5819 coram
683 5765 917 5818 tondente
952 5776 1004 5813 se
1050 5771 1217 5812 mutus
1260 5762 1413 5831 (Act.
1441 5764 1493 5816 8.
1524 5759 1638 5832 52).
1686 5759 1751 5815 Ει
1778 5759 2011 5815 Joannes
2048 5777 2063 5816 :

1973 289 2236 350 suum.
3669 309 3748 367 ita

2210 410 2538 483 {{ccemgnus
2568 408 2694 477 Dei,
2733 413 2821 480 qui
2855 413 2985 467 tollit
3012 425 3278 483 peccatum
3313 419 3488 472 mumﬁ
3519 418 3678 483 (latin.
3710 430 3744 477 1.

2200 476 2324 563 29)..
2347 476 2647 563 Perfectum
2683 476 2869 563 autem
2904 476 3098 563 quierit
3132 501 3327 563 agnum
3364 500 3417 542 et
3441 476 3750 563 anniculam,

2201 549 2494 628 perfectum
2517 562 2573 606 ut
2599 553 2650 606 itt
2683 563 2822 628 terra
2856 549 3097 628 habetur.
3133 549 3319 628 A'tinus
3347 563 3599 628 temporis
3624 549 3745 622 mea:

2201 633 2378 701 suram
2407 621 2629 701 interra
2657 623 2756 701 sibi
2785 625 2981 690 sumit,
3010 641 3186 701 annus
3226 626 3279 681 in
3308 643 3375 701 se
3394 621 3686 698 revolvitur,
3708 621 3751 693 et

2202 691 2287 744 illa
2340 690 2674 748 revolutione
2730 693 3165 751 immensurabile
3218 698 3470 753 saccuhnn
3522 690 3749 762 imitatur.

2198 762 2645 845 :Stnniturautem
2662 763 2867 845 decima
2894 767 3114 845 mensis.
3143 767 3309 845 idque
3322 769 3606 845 admodum
3629 790 3750 845 sym-

2201 829 2373 914 bolice
2401 848 2416 886 :
2448 832 2531 886 lex
2559 834 2702 914 enim
2749 833 2922 914 distat_
2955 836 3037 914 ab_
3069 829 3367 907 evangelio.
3400 840 3555 914 Legis
3584 829 3751 914 quippe

2198 903 2522 975 prajcipuum
2550 902 2744 973 dogma
2769 913 2853 959 est
2890 905 3173 974 decalogus
3199 902 3360 975 {post
3390 902 3573 965 decem
3601 902 3751 973 auiam

2199 970 2330 1048 legis
2375 970 2648 1043 prmcepta'
2681 982 2807 1030 tunc
2846 991 3013 1048 agnus
3042 970 3298 1048 mysticus
3341 980 3411 1034 de
3451 983 3584 1035 ca-lo
3614 970 3749 1041 venit.

2199 1040 2455 1127 _Sc_rvatlpr
2478 1040 2654 1127 antem
2691 1061 2791 1127 per
2818 1040 3460 1127 quosdant_'_interitiedios
3491 1051 3636 1127 dies.
3663 1070 3752 1127 quo

2199 1059 2455 1165 cerva?”
2478 1059 2654 1098 autem
2695 1061 2791 1115 per
2818 1059 3075 1113 quosnam
3113 1059 3460 1105 tntermedtos
3491 1059 3636 1116 dies.
3663 1070 3752 1127 quo

2196 1112 2368 1166 subnu
2393 1123 2494 1167 teat
2526 1115 2801 1190 Scriptura
2829 1119 3216 1190 tempuswillud
3265 1134 3430 1188 usque
3462 1122 3528 1174 ad
3577 1138 3753 1190 passio-

2195 1196 2339 1245 nem,
2368 1185 2582 1255 quando
2608 1185 3025 1255 comprehcnsus
3044 1189 3296 1242 Servatur
3324 1185 3374 1243 in
3401 1191 3562 1244 domo
3578 1185 3748 1250 summi

2195 1255 2459 1324 pontificis
2485 1254 2743 1310 detentus
2759 1265 2859 1311 est.
2887 1257 2988 1324 Qui
3030 1268 3206 1313 autem
3250 1262 3538 1315 assumitur
3577 1265 3753 1321 vicinus

2195 1323 2261 1398 ad
2307 1325 2695 1398 comedendum
2743 1323 2973 1397 agnum,
3017 1344 3117 1398 ego
3161 1346 3298 1383 sum.
3343 1331 3386 1384 Α
3434 1341 3484 1385 te
3521 1335 3689 1398 enim,
3724 1355 3752 1386 o

2194 1390 2379 1461 Israel,
2402 1411 2569 1471 agnus
2598 1413 2702 1471 non
2728 1390 2914 1471 captus
2939 1390 3333 1471 est.'[_)einceps
3357 1415 3482 1454 vero
3510 1390 3751 1471 agnus’ad

2192 1478 2472 1533 veSperam
2506 1467 2828 1522 immolatur.
2864 1467 2993 1522 Nam
3032 1469 3098 1522 ad
3137 1467 3464 1524 occidentem
3492 1467 3658 1529 solem
3679 1493 3752 1530 sa-

2191 1547 2285 1607 cer
2311 1551 2480 1607 agnus
2495 1538 2784 1607 iugulatur.
2811 1538 3044 1592 Mactant
3067 1549 3242 1593 autem
3271 1539 3417 1594 illum
3440 1545 3617 1597 omnis
3637 1549 3754 1601 mul-

2194 1603 2368 1677 titudo
2414 1603 2697 1677 synagoga:
2754 1608 2984 1662 ﬁliorum
3031 1609 3210 1664 Israel.
3264 1610 3577 1667 lucredulus
3628 1617 3751 1670 enim

2192 1674 2357 1753 lsrael
2382 1674 2526 1753 _reus
2554 1674 2746 1753 Tactus
2790 1689 2874 1753 est
2917 1678 3080 1753 hujus
3092 1683 3403 1753 venerandi
3450 1686 3752 1753 sanguinis:

2190 1746 2484 1821 namidem
2525 1749 2750 1821 populus
2774 1749 2901 1821 olim
2934 1746 3159 1821 occidit,
3195 1751 3439 1821 idemque
3475 1746 3618 1807 nunc
3661 1772 3755 1811 non

2189 1817 2378 1888 credit.
2409 1815 2534 1871 Ideo
2569 1815 2780 1888 divinus
2809 1818 3042 1888 Spiritus
3068 1829 3252 1874 contra
3285 1815 3429 1888 ipsos
3456 1825 3755 1881 testiﬁcatur

2188 1896 2243 1964 nt
2279 1886 2477 1964 clamat
2508 1904 2521 1942 :
2580 1887 2770 1964 lienus
2793 1886 2971 1943 vestrm
2998 1891 3161 1964 plena:
3194 1886 3317 1945 sunt
3337 1895 3590 1963 sanguine
3615 1895 3751 1964 (1ηωὶ.

2273 1958 2394 2035 l_5)._
2417 1957 2642 2027 Sanguis
2671 1969 2854 2035 autem
2886 1957 3045 2030 supra
3085 1960 3244 2016 limen
3273 1972 3384 2021 est.
3428 1957 3586 2034 quasi
3611 1957 3752 2035 supra

2188 2027 2519 2105 Ecclesiam;
2551 2038 2797 2105 etsupen
2822 2027 2969 2105 duos
2987 2040 3167 2105 postes
3188 2072 3202 2094 ,
3235 2043 3293 2086 ut
3317 2027 3483 2105 super
3510 2035 3645 2090 duos
3671 2027 3754 2105 po-

2189 2098 2360 2176 pnlos.
2390 2098 2503 2176 Non
2534 2100 2830 2176 enimsatis
2855 2098 3309 2176 habet__Ser\rator,
3338 2098 3601 2176 o‘lsrael,
3624 2098 3754 2176 quod

2185 2167 2340 2240 adnte
2370 2170 2596 2240 primum
2629 2172 2825 2226 missus
2850 2172 2958 2226 sit:
2993 2170 3114 2225 Non
3138 2176 3278 2227 enim
3307 2175 3489 2229 missus
3514 2167 3654 2239 sum,
3680 2179 3751 2230 iu-

2185 2238 2330 2312 qttit,
2358 2238 2428 2312 ad
2465 2256 2550 2295 vos
2568 2282 2582 2302 ,
2612 2241 2702 2295 sed
2725 2244 2791 2295 ad
2819 2258 2932 2297 oves
2964 2258 3077 2309 qua:
3099 2243 3352 2312 perierunt
3384 2245 3571 2299 domus
3603 2238 3751 2302 Israel

2186 2308 2397 2381 (Matth.
2425 2312 2512 2382 15.
2533 2312 2646 2382 24).
2676 2313 2788 2382 Ego
2808 2328 2932 2368 vero
2955 2308 3012 2366 ut
3031 2308 3250 2368 catellus
3269 2315 3334 2368 ad
3356 2315 3588 2369 alienam
3612 2334 3750 2372 men-

2184 2380 2299 2433 Sam
2339 2380 2659 2456 assidebam,
2689 2380 2810 2437 cum
2842 2382 3077 2456 nondum
3108 2398 3292 2456 panem
3321 2386 3606 2441 comedere
3640 2403 3751 2456 pos.

2183 2465 2296 2503 sem
2318 2490 2334 2516 ,
2363 2451 2456 2506 sed
2497 2452 2751 2528 cadentes
2790 2455 2953 2528 micas
2982 2451 3244 2523 parasitus
3267 2455 3593 2528 colligerem.
3627 2451 3752 2525 Quia

2183 2535 2314 2596 vero
2345 2531 2397 2575 ttt
2436 2537 2629 2596 manna
2666 2522 2734 2578 de
2768 2526 2903 2596 catlo
2945 2522 3052 2579 nun
3082 2522 3417 2596 cognovisti:
3461 2528 3516 2581 in
3559 2522 3753 2596 mepa-

2184 2592 2264 2643 nis
2299 2608 2391 2659 per
2431 2592 2585 2647 tidem
2616 2595 2902 2650 translatus
2937 2605 3052 2656 est,
3092 2592 3318 2649 etcauis
3355 2597 3471 2651 loco
3511 2598 3645 2650 [ilius
3666 2592 3745 2651 et;

2184 2660 2371 2728 fectus,
2401 2679 2589 2719 carnes
2632 2665 2874 2720 comedo.
2915 2663 3122 2720 Occidit
3160 2666 3300 2721 enim
3345 2668 3433 2721 lux
3472 2667 3649 2721 mundi
3695 2669 3747 2720 in

2182 2746 2375 2801 magno
2398 2748 2623 2804 corpore
2640 2734 2859 2789 Christi.
2883 2736 3122 2804 Accipite,
3146 2738 3405 2801 comedite,
3431 2738 3526 2790 hoc
3549 2747 3619 2791 est
3641 2753 3751 2790 cor-

2183 2809 2278 2879 pus
2303 2820 2465 2856 meum
2493 2803 2700 2879 (Matth.
2843 2805 2958 2879 26).
2985 2803 3174 2879 Carnes
3197 2818 3360 2879 coctos
3379 2809 3499 2875 igni.
3530 2806 3743 2879 igneum

2180 2873 2331 2947 enim
2361 2884 2445 2929 est
2479 2873 2788 2931 rationabile
2814 2873 3007 2947 corpus
3029 2877 3249 2932 Christi.
3288 2873 3456 2947 Ignem
3493 2873 3602 2931 veni
3630 2878 3745 2947 tuit-

2183 2952 2285 3018 (δῖε
2403 2954 2616 3018 terram,
2657 2946 2853 3018 etquid
2890 2945 3001 3000 uolo
3036 2948 3081 3001 si
3096 2949 3211 3018 jam
3245 2945 3475 3002 accensus
3508 2948 3570 3000 sit
3596 2946 3749 3015 (Luc.

2184 3012 2273 3067 12.
2302 3014 2557 3085 49)ἳΝοη
2587 3012 2803 3072 crudam
2829 3032 3044 3072 carnem
3064 3012 3183 3084 ;'ut
3210 3019 3427 3072 verbum
3453 3019 3519 3072 sit
3560 3012 3746 3086 opera-

2182 3086 2329 3158 tione
2350 3086 2520 3158 facile,
2549 3086 2694 3152 utile,
2722 3089 3047 3156 acceptabile
3069 3107 3083 3141 :
3107 3103 3214 3143 non
3235 3104 3369 3158 aqua
3391 3099 3662 3150 assatum;
3690 3103 3756 3144 ne

2181 3154 2486 3227 humidum.
2517 3172 2743 3226 aqueum
2774 3154 2865 3213 vel'
2883 3158 3173 3213 resolutum
3206 3154 3299 3213 sit:
3335 3159 3499 3227 Caput
3528 3176 3641 3212 cum
3671 3176 3753 3227 pe-

2179 3226 2325 3298 dibus
2351 3236 2398 3280 et
2420 3226 2684 3283 intestinis.
2716 3228 3035 3298 Principium
3064 3240 3119 3285 et
3146 3226 3417 3291 medium,
3440 3230 3598 3298 quasi
3627 3226 3755 3282 invi-

2179 3296 2332 3370 sibile
2356 3297 2672 3370 consilium;
2705 3299 2865 3370 pedes
2891 3296 2947 3354 ut
2972 3298 3153 3354 homo.
3186 3298 3356 3370 Caput
3382 3296 3506 3370 cum
3538 3300 3757 3368 pedibus

2178 3376 2233 3421 et
2262 3367 2526 3421 intestinis
2556 3384 2569 3423 ε
2605 3367 2916 3438 principium
2952 3380 3005 3424 et
3032 3367 3348 3424 medium'ct
3373 3369 3496 3424 ﬁnis
3533 3367 3549 3424 ἑ
3581 3372 3752 3424 omnia

2177 3438 2438 3510 continet,
2468 3440 2785 3510 constringit
2801 3448 2855 3496 et
2876 3442 3203 3510 conglutiuat
3226 3441 3277 3495 in
3305 3440 3486 3509 seipse
3510 3440 3761 3495 insolubi-

2177 3505 2318 3562 libus
2345 3508 2588 3575 vinculis,
2618 3505 2746 3565 verc
2770 3508 2937 3564 iactus
2964 3505 3227 3565 mediator
3256 3511 3346 3564 Dei
3374 3505 3431 3566 et
3455 3511 3755 3567 hominum.

2176 3576 2348 3650 Caput
2376 3593 2495 3650 cum
2528 3578 2746 3650 pedibus
2772 3590 2827 3636 et
2857 3581 3139 3635 intestinis.
3168 3581 3461 3635 Altitudine
3484 3622 3502 3644 ,
3539 3582 3754 3650 proruu-

2175 3645 2363 3721 ditata,
2391 3645 2684 3721 latitudine,
2713 3666 2837 3721 quae,
2855 3659 2980 3705 sunt
3002 3661 3155 3705 terra:
3184 3651 3409 3706 radices.
3438 3645 3619 3721 Caput
3647 3667 3758 3706 cum

2177 3717 2401 3786 pedibus
2423 3727 2478 3772 et
2503 3717 2790 3777 intestinis.
2821 3720 2929 3776 Lex
2950 3762 2964 3783 ,
2994 3721 3211 3776 verbum
3233 3762 3249 3787 ,
3281 3732 3339 3774 ut
3362 3731 3417 3775 ct
3447 3717 3754 3776 consilium.

2180 3788 2345 3862 Quam
2363 3790 2576 3857 speciosi
2599 3791 2747 3860 pedes
2767 3791 3364 3862 eaangelizantiumﬁbona
3385 3790 3549 3862 (Isai.
3575 3792 3666 3846 52.
3683 3791 3753 3857 7;!

2179 3858 2251 3911 0s
2279 3868 2447 3911 autem
2480 3876 2581 3914 non
2600 3858 2950 3916 comminuet'is
2976 3878 3038 3916 ex
3074 3878 3133 3915 co
3166 3860 3369 3932 (Exod.
3395 3858 3506 3916 12.
3541 3862 3670 3932 46);
3711 3871 3762 3915 ut

2175 3938 2526 3997 cognoscatur
2552 3932 2873 3986 resurrectio
2896 3946 3015 3986 cum
3042 3946 3285 3999 corpore.
3317 3931 3447 3985 Nam
3481 3932 3658 3997 Mitte,
3689 3933 3763 3985 in«

2175 4000 2325 4073 quit,
2355 3999 2539 4070 digitos
2572 4002 2768 4073 tuosiin
2796 4002 2990 4068 ﬁxurus
3015 4002 3271 4055 clavorum
3298 3999 3499 4073 (Joan.
3532 4003 3626 4057 2ο.
3654 4002 3762 4073 2η,

2177 4077 2234 4142 t_tt
2253 4072 2391 4142 scias
2411 4110 2424 4131 ,
2469 4073 2601 4134 Quia
2627 4072 2835 4134 spiritus
2861 4089 3061 4126 carnem
3087 4082 3134 4126 et
3159 4089 3275 4127 ossa
3300 4071 3402 4126 non
3426 4073 3586 4127 habet
3612 4071 3747 4142 (Luc

2174 4139 2264 4212 9.4.
2294 4139 2405 4212 59).
2431 4142 2644 4212 _Azyma
2669 4155 2789 4196 cum
2819 4141 2997 4197 herbis
3021 4143 3217 4196 amaris
3239 4144 3536 4197 comedite.
3572 4139 3765 4212 Antara

2175 4209 2319 4263 enim
2350 4209 2443 4283 tibi
2463 4252 2478 4274 ,
2501 4209 2556 4265 et
2576 4227 2877 4283 amararum
2898 4227 3119 4283 operum
3147 4221 3271 4266 sunt
3301 4215 3587 4283 mysteria.
3611 4211 3771 4266 Terra

2176 4290 2337 4334 ucstra
2362 4280 2576 4352 deserta,
2598 4282 2820 4336 civitates
2840 4280 3014 4337 vest'rte
3038 4299 3289 4337 succensae
3311 4280 3436 4352 igni,
3467 4294 3668 4336 terram
3694 4299 3773 4335 ee-

2175 4360 2332 4404 stram
2348 4351 2500 4405 alieni
2516 4368 2683 4405 coram
2700 4353 2835 4406 vobis
2854 4354 3140 4418 comedunt,
3156 4364 3200 4406 et
3213 4351 3408 4407 deserta
3426 4363 3505 4407 est
3527 4355 3772 4406 subversa

2175 4422 2438 4493 a_poputis
2465 4424 2734 4476 extraneis.
2768 4424 3044 4477 (Jomedetis
3074 4421 3272 4475 Pascha
3297 4440 3412 4475 cum
3437 4424 3775 4493 festinatione

2180 4488 2330 4564 (Isai.
2366 4492 2416 4546 1.
2446 4493 2524 4564 7).
2560 4493 2779 4564 Vigilcm
2822 4495 3018 4562 quippe
3044 4503 3099 4547 et
3131 4488 3691 4563 excitatum'oportet
3716 4496 3779 4546 ξ.-

2176 4561 2284 4615 Iunt
2315 4577 2435 4618 esse
2453 4561 2582 4631 ,qui
2607 4561 2674 4617 ad
2700 4561 2902 4617 tantum
2932 4564 3056 4617 illud
3088 4578 3281 4631 corpus
3308 4575 3388 4617 est
3414 4561 3773 4619 acéc5surus.

2175 4631 2358 4685 Lumbi
2373 4633 2519 4687 vestri
2535 4634 2773 4687 succincti
2791 4634 2909 4688 sint.
2930 4634 3153 4687 Cessent
3169 4633 3426 4699 genitales
3441 4645 3503 4688 et
3519 4635 3776 4689 dissoluti

2176 4703 2354 4757 carnis
2379 4704 2578 4766 (luxus.
2603 4715 2655 4758 et
2686 4703 2916 4758 sordidae
2940 4705 3264 4772 voluptates.
3293 4702 3671 4759 Calceamentis
3698 4720 3780 4757 ve-

2174 4774 2352 4828 strain
2378 4773 2586 4842 pedibus
2611 4790 2631 4828 :
2661 4783 2719 4830 ut
2747 4773 2874 4829 reeti
2901 4789 3115 4844 gressus
3139 4775 3267 4841 sint,
3289 4782 3345 4827 et
3367 4772 3546 4828 fulcra
3576 4777 3735 4827 tirma
3766 4797 3778 4831 ς

2177 4859 2299 4899 nam
2322 4844 2561 4899 veritatis
2584 4854 2708 4899 sunt
2735 4844 2958 4898 radiees.
2982 4844 3351 4899 Calceamenta
3378 4853 3571 4898 vestra
3603 4845 3659 4898 in
3690 4859 3782 4912 pe-

2176 4915 2331 4969 dibus
2360 4916 2550 4986 vestris
2578 4932 2592 4969 :
2621 4931 2739 4982 quze
2769 4914 2974 4986 Moyses
3000 4915 3212 4984 quidem
3236 4914 3412 4977 solvit,
3437 4912 3617 4968 Jcsus
3651 4927 3779 4967 vere

2178 4985 2375 5053 ligavit.
2406 4985 2558 5052 Nam,
2588 4986 2758 5051 Solve,
2790 4984 2991 5053 inquit,
3021 4987 3410 5039 calceantentum
3440 4986 3646 5051 pedum
3669 4993 3776 5036 tuo-

2176 5072 2289 5108 rum
2327 5053 2532 5123 (Exod.
2581 5056 2632 5110 5.
2677 5057 2779 5125 5),
2828 5066 2886 5109 ut
2931 5057 3098 5124 legero
3146 5057 3606 5125 pertransituraut
3654 5069 3780 5125 βεδε

2175 5125 2565 5180 ostenderetur.
2607 5123 2763 5196 Cujus
2788 5141 2886 5179 non
2909 5123 3021 5178 sunt
3057 5123 3548 5196 dignusrcorrigiam
3572 5123 3780 5196 calcen-

2175 5206 2454 5248 ntentorum
2480 5194 2952 5267 solvere(Luc.b5.
2988 5196 3100 5265 16),
3142 5203 3205 5267 ut
3248 5194 3489 5267 Verbum
3532 5194 3786 5267 undique

2176 5267 2519 5320 constrictum
2559 5280 2680 5320 esse
2705 5263 3096 5320 ostenderetur.
3130 5263 3306 5317 Bacch
3339 5265 3493 5317 vestri
3524 5266 3585 5317 in
3615 5268 3786 5317 maui-

2173 5336 2265 5389 bus
2286 5337 2460 5389 uestris
2486 5352 2505 5391 .'
2530 5336 2723 5390 divina:
2747 5336 2956 5389 virtutis
2981 5336 3130 5404 signa
3150 5375 3165 5396 ,
3197 5334 3537 5388 rationabilis
3566 5334 3785 5388 [unitu-

2174 5407 2313 5460 dinis
2334 5406 2523 5461 fulcra.
2558 5406 2712 5477 Virga
2744 5422 2839 5476 per
2860 5406 3127 5477 Moyseni,
3156 5405 3427 5477 virgaper
3452 5406 3780 5477 Aarouem,

2174 5477 2321 5547 virga
2352 5492 2514 5532 nucea
2537 5518 2550 5542 ,
2584 5475 2727 5547 virga
2748 5475 2869 5547 qum
2898 5475 3152 5547 profunda
3173 5476 3354 5547 utaris
3381 5475 3589 5547 dividit
3612 5517 3631 5540 ,
3664 5492 3786 5544 qua:

2174 5544 2397 5601 fontium
2444 5544 2789 5603 acerbitatem
2838 5545 3047 5601 dulcem
3095 5544 3357 5610 reddidit,
3401 5544 3563 5614 virga
3618 5559 3784 5616 supra

2174 5632 2332 5688 quant
2361 5628 2565 5687 septem
2594 5617 2814 5688 spiritus
2836 5618 3003 5671 sancti
3026 5616 3118 5671 Dei
3144 5618 3528 5688 requieverunt
3552 5634 3571 5672 :
3602 5616 3785 5688 διήντὶ-

2177 5686 2257 5741 tus
2281 5686 2539 5758 sapientia
2565 5687 2943 5758 etintellectus,
2973 5688 3181 5757 spiritus
3200 5687 3397 5758 consilii
3407 5695 3470 5758 _et
3499 5686 3785 5758 fortitudi-

2178 5759 2288 5827 nis,
2329 5751 2536 5829 spiritus
2571 5752 2764 5813 timoris
2805 5756 2903 5811 Dci
2942 5751 3162 5829 iaiplebit
3190 5757 3333 5810 illum
3369 5751 3537 5825 (Ιεαὶ.
3578 5758 3677 5812 Il.
3705 5751 3786 5818 Ξ).
