4058 6208
559 317 657 370 ’713

624 432 674 484 5.
707 428 817 481 lloc
844 436 956 480 erat
988 424 1206 485 Pascha,
1227 440 1331 493 quo
1356 423 1681 478 desideravit
1719 422 1875 477 Je-ns
1902 422 2005 489 pati
2034 436 2126 489 pro

556 501 733 555 nobis.
764 498 862 550 l’er
892 496 1190 563 passiquem
1219 511 1246 546 a
1282 497 1525 561 passioc
1556 494 1797 546 liberavit
1822 533 1836 553 ,
1872 504 1924 546 et
1956 500 2127 563 morte

555 578 779 626 mortem
811 560 974 631 vicit,
1006 580 1065 617 ac
1093 575 1187 633 per
1231 560 1492 617 visibilem
1548 578 1723 615 eseam
1772 560 2125 633 immortalem

556 644 716 694 vitam
743 652 891 689 suam
914 630 1131 701 largitus
1153 642 1251 688 est.
1280 634 1388 687 [loc
1417 635 1751 687 estsalutare
1772 632 1897 686 Jeso
1914 630 2128 685 deside—

558 714 693 765 rium
718 749 731 770 ,
764 707 851 760 hic
876 721 1026 757 amor
1052 707 1269 759 omnino
1295 704 1614 771 spiritualis,
1648 716 1701 755 ιιι
1734 703 1979 755 ostendat
2008 702 2130 771 lign-

556 796 644 835 ras
690 779 837 847 quasi
881 776 1073 843 ﬁguras
1103 815 1115 835 ,
1158 783 1211 847 et
1255 770 1463 847 sacrum
1508 789 1699 839 corpus
1739 773 1827 826 det
1855 770 2130 847 discipulis

558 854 667 906 suis
697 841 721 901 τ’
740 841 978 914 Accipite,
1012 845 1254 897 comedite
1278 860 1295 896 :
1324 845 1415 896 hoc
1438 856 1509 895 est
1536 860 1718 911 corpus
1748 859 1931 895 meum.
1980 841 2129 894 Accio

563 924 682 989 pile,
720 919 865 972 bibite
889 932 905 989 ς
930 916 1017 989 γΙιὶσ
1048 926 1118 989 est
1140 916 1506 989 sanguismeus
1535 916 1585 989 in
1618 930 1756 989 _nov0
1799 920 2090 966 trstamento

559 984 646 1061 qni
678 1007 766 1061 pro
794 986 969 1061 multis
987 984 1301 1061 “emundant:
1344 986 1394 1036 in
1438 985 1776 1037 remissionem
1815 991 2131 1061 peccat-orum

562 1051 788 1114 (Matth.
816 1057 911 1111 26.
940 1054 1009 1109 26
1029 1056 1135 1108 -28
1159 1058 1199 1121 ).
1250 1055 1373 1109 Ideo
1420 1070 1525 1109 non
1561 1064 1759 1106 tantum
1809 1051 2093 1107 comedere
2117 1091 2130 1113 ,

562 1123 815 1199 quantum
847 1128 949 1197 pati
973 1126 1276 1199 desiderat,
1305 1133 1361 1177 ιιι
1390 1140 1492 1199 nos
1519 1141 1563 1199 _a
1614 1125 1859 1199 passione
1907 1136 2001 1191 per
2044 1135 2135 1174 co—

565 1193 880 1257 mestiunem
917 1198 1201 1263 promerita
1228 1196 1408 1248 liberet
1438 1212 1451 1255 ;
1483 1195 1703 1263 ideoque
1726 1193 1924 1262 lignum
1949 1201 2132 1263 contra

565 1274 762 1341 "limi"!
794 1261 1086 1341 Ρ¹³η1ίιῖῖιν
1115 1273 1167 1319 et
1191 1265 1341 1341 illam
1359 1266 1487 1319 olim
1530 1261 1721 1341 malam
1761 1261 1973 1316 manum
2021 1261 2135 1341 aitiv

564 1331 725 1406 ans,
758 1331 921 1392 tutam
950 1337 1108 1406 vitam
1154 1350 1283 1406 vere
1330 1335 1379 1387 in
1418 1350 1475 1389 se
1516 1335 1835 1406 pendentem
1880 1331 2133 1386 ostendit.

565 1404 645 1468 Tu
694 1409 904 1480 quidem
933 1449 947 1471 ,
978 1421 1012 1480 o_
1037 1405 1219 1480 Israel,
1252 1406 1608 1480 nonpotuis‘ti
1630 1404 1950 1480 manducare
1981 1419 2008 1480 :_
2040 1414 2137 1453 nos

565 1499 693 1535 vero
712 1471 838 1535 'cum
862 1477 1164 1546 cognitione
1191 1476 1453 1530 insolubili
1483 1475 1835 1546 spiritualiter_
1855 1471 2139 1546 manduca-

566 1554 759 1612 vimus,
792 1558 846 1603 ct
878 1542 995 1617 post
1019 1542 1522 1617 cibumisumptum’
1555 1560 1659 1598 non
1705 1544 1983 1617 morimur.
2024 1542 2139 1617 lioc

568 1624 699 1678 mihi
727 1612 921 1687 lignum
955 1627 1038 1671 est
1066 1618 1117 1687 in
1138 1616 1374 1687 salutem
1396 1626 1669 1687 Διιιιςιιυιιιιιιι
1692 1633 1719 1687 ;ν
1750 1615 1849 1667 hoc
1895 1612 2102 1665 nutrior
2121 1652 2137 1675 ,

571 1697 669 1747 hoc
698 1684 983 1751 convivor;
1009 1684 1105 1741 sub
1136 1686 1293 1753 hujus
1320 1685 1587 1739 radicibus
1612 1686 1820 1739 radices
1843 1697 2011 1752 pono,
2058 1696 2139 1734 ra-

570 1779 689 1819 mos
713 1760 975 1821 extendo;
1004 1772 1032 1810 a
1074 1755 1261 1824 spiritu
1291 1764 1465 1809 autem
1498 1771 1593 1808 ceu
1622 1772 1651 1809 a
1692 1763 1850 1809 vento
1877 1768 1996 1805 cum
2035 1768 2142 1824 vo-

570 1836 774 1901 lnptate
834 1828 1069 1901 excolor.
1106 1823 1229 1879 ’Sub
1279 1825 1451 1901 hujus
1496 1826 1681 1879 umbra
1741 1823 2137 1901 tabernaculum

576 1842 774 1901 luptate
834 1842 1069 1883 exrotor.
1118 1842 1229 1879 aut)
1279 1842 1438 1949 hujus
1496 1842 1681 1879 umbra
1741 1842 2137 1878 tabernaculum

576 1904 747 1975 posui,
781 1910 829 1954 et
856 1900 1077 1975 multum
1107 1906 1314 1975 :estum_
1373 1896 1577 1975 evitaps
1601 1895 2011 1975 ,“rorenplenum
2044 1891 2140 1972 ha-

575 1962 673 2027 beo
700 1969 1097 2025 diversorium:
1140 1980 1258 2019 eum
1305 1968 1459 2030 lmjns
1511 1966 1728 2018 [lui-ibus
1777 1966 1980 2026 ﬂoreo,
2026 1962 2143 2028 ejus

575 2042 831 2098 ΐνιιριιιηις
858 2054 1065 2091 summe
1090 2036 1349 2099 delector,
1382 2034 1582 2089 fructus
1603 2050 1727 2088 vero
1743 2035 1811 2088 ab
1837 2034 1988 2087 initio
2012 2032 2143 2085 Inibi

575 2120 872 2169 reservatus
897 2108 1147 2169 ducerpo.
1181 2105 1289 2158 lloc
1314 2104 1441 2159 milii
1473 2106 1725 2159 CSuricnli
1768 2105 2026 2158 delicatus
2064 2103 2144 2155 ci-

575 2188 675 2240 bus
705 2192 803 2241 cst,
835 2178 1031 2232 sitienti
1061 2172 1197 2236 fons,
1230 2176 1371 2227 nudo
1401 2185 1795 2244 tegumentum,
1828 2175 1979 2242 cujus
2020 2172 2143 2244 folia

576 2256 797 2323 Spiritus
827 2246 1427 2323 vitm‘suntzNun‘nltra
1463 2243 1602 2300 mihi
1654 2245 1801 2323 folia
1824 2245 1974 2298 licus.
2022 2243 2146 2297 11ωο

578 2316 705 2381 mihi
737 2325 900 2376 Deum
929 2317 1133 2371 timenti
1162 2318 1322 2369 tutela
1352 2326 1467 2377 est,
1502 2317 1705 2370 nutanti
1731 2316 1955 2369 fulcrum
1977 2354 1991 2376 ,
2023 2330 2145 2367 cer-

579 2395 708 2450 tattti
738 2391 997 2451 braviutu,
1028 2388 1213 2440 victori
1246 2397 1505 2456 tropa'um
1534 2407 1547 2440 τ
1582 2390 1693 2440 huic
1722 2386 1849 2439 tuihi
1890 2393 2033 2438 arcta
2064 2400 2146 2439 se-

581 2466 706 2520 tnita
733 2505 748 2529 ,
780 2472 999 2529 angusta
1051 2460 1169 2520 via;
1221 2455 1344 2511 ba'c
1383 2460 1522 2511 scala
1563 2457 1779 2521 Jacobi,
1836 2455 2145 2529 angelorum

582 2526 833 2591 ascensus
854 2526 911 2585 et
937 2530 1225 2583 descensus
1244 2567 1259 2590 ,
1290 2529 1340 2581 in
1369 2529 1520 2597 cujus
1555 2528 1783 2581 culmine
1821 2535 1925 2580 stat
1968 2526 2147 2578 Domi-

582 2622 700 2662 nus.
738 2604 861 2658 lla'c
889 2600 1099 2654 arbura
1150 2608 1287 2651 terra
1334 2614 1500 2667 usque
1545 2598 1609 2651 ad
1654 2598 1842 2650 cadum
1881 2597 2143 2667 assurgit,

584 2674 893 2733 immortalis
922 2674 1094 2738 planta
1121 2709 1135 2733 ,
1166 2684 1282 2737 qmt‘
1313 2666 1459 2721 ﬁrma
1492 2670 1710 2735 erigitur
1742 2669 1790 2721 in
1825 2668 1998 2738 medio
2035 2666 2148 2720 catli

580 2759 631 2801 et
663 2758 839 2802 terrm,
872 2736 1092 2795 fulcrum
1116 2736 1367 2805 universi,
1402 2739 1791 2792 firmamentum
1814 2736 1979 2800 orbis,
2006 2751 2152 2789 com-

586 2818 761 2887 plesio
788 2813 968 2887 mundi
989 2809 1313 2887 _,__t_uortalen_t
1346 2810 1544 2887 variant
1588 2808 1935 2887 substantiam
1977 2810 2151 2887 conti-

587 2877 750 2948 itens,
792 2881 1144 2938 invisibilibus
1172 2880 1387 2947 spiritus
1414 2877 1576 2932 clavis
1618 2880 1848 2940 conlixa,
1879 2886 1936 2929 ut
1964 2879 2041 2931 rei
2069 2877 2151 2930 di-

586 2962 720 3012 vinzn
750 2965 1181 3023 caugrueustmu
1233 2952 1365 3002 ultra
1425 2950 1677 3023 solvatur,
1715 2964 1955 3023 summos
1994 2949 2154 3001 cmlos

583 3020 916 3094 contingens,
942 3021 1162 3094 pedibus
1190 3036 1312 3094 vero
1336 3020 1794 3094 terratn_lirmans,
1829 3021 2155 3094 multumque

587 3090 957 3155 intermedium
988 3092 1123 3145 aeris
1154 3092 1394 3160 spiritum
1424 3090 1656 3157 undique
1680 3091 1952 3143 immensis
1982 3091 2153 3142 mani-

589 3173 686 3225 bus
712 3167 1092 3235 complecteus.
1138 3162 1306 3235 Tutus
1333 3171 1446 3213 erat
1482 3162 1674 3228 ubique
1701 3161 1752 3212 in
1782 3160 2047 3235 omnibus,
2104 3168 2158 3214 et

592 3257 686 3309 per
708 3254 765 3293 se
793 3229 961 3289 solum
988 3239 1171 3309 contra
1200 3230 1373 3309 aerias
1398 3240 1683 3298 potestates
1710 3229 1881 3309 nudus
1910 3245 2158 3309 congres-

590 3301 682 3364 sus
724 3318 803 3363 est
834 3322 849 3359 :
879 3314 932 3358 et
958 3303 1023 3356 ad
1056 3303 1216 3355 breve
1246 3302 1457 3369 quidem
1483 3310 1686 3367 tempus
1713 3302 1905 3353 clamat
1935 3310 1991 3353 ut
2016 3301 2154 3354 calix

593 3388 846 3441 transeat,
878 3372 1195 3429 utostendat
1216 3386 1272 3424 se
1304 3386 1426 3425 vere
1467 3371 1734 3424 hominem
1763 3386 1911 3435 esse;
1954 3386 2158 3424 memor

594 3461 769 3505 autem
800 3462 901 3516 qua
932 3445 999 3498 de
1047 3457 1203 3516 causa
1234 3441 1428 3494 missus
1450 3452 1612 3505 esset,
1644 3449 1702 3493 ut
1744 3441 1987 3516 impleret
2015 3456 2159 3516 αξςο-

595 3510 831 3575 nomiatn
854 3516 918 3569 ad
948 3530 1103 3584 quam
1134 3512 1329 3584 missus
1373 3521 1505 3575 erat,
1542 3526 1751 3584 rursum
1780 3513 2009 3565 clamat:
2040 3510 2158 3564 Non

594 3607 705 3643 mea
734 3582 983 3649 voluntas,
1012 3584 1097 3636 scd
1120 3594 1203 3635 tua
1232 3582 1355 3649 ﬁat;
1384 3584 1589 3651 spiritus
1619 3582 1749 3633 enim
1778 3590 2039 3651 promptus
2067 3591 2157 3641 est,

595 3677 714 3713 raro
740 3665 903 3710 autem
930 3656 1151 3722 inﬁrma.
1186 3651 1377 3720 Utpote
1406 3654 1492 3719 qui
1516 3667 1611 3721 pro
1632 3654 1802 3705 anima
1834 3652 1885 3704 itt
1916 3653 2163 3706 certami-

600 3747 666 3783 ne
691 3735 929 3783 curreret
957 3723 1020 3777 ad
1052 3723 1348 3780 victoriam,
1381 3724 1551 3790 primo
1574 3736 1783 3774 sacrum
1814 3733 1967 3789 caput
1996 3723 2163 3790 spinis

596 3806 904 3863 coronatur,
937 3804 1097 3848 totam
1142 3802 1375 3863 veterem
1428 3800 1584 3847 terrm
1630 3791 2056 3845 maledictionem
2092 3791 2160 3846 de

602 3868 777 3924 medio
807 3862 1017 3929 tollens,
1048 3862 1187 3933 quod
1218 3878 1309 3931 per
1348 3873 1620 3932 peccatum
1650 3862 1861 3933 ubique
1889 3863 2160 3933 spinosum

599 3949 736 4001 erat,
771 3952 864 4008 per
911 3931 1119 4008 sacrum
1151 3943 1307 4002 caput
1351 3931 1508 4008 suum
1557 3932 1727 4008 leuius
1774 3931 2039 4008 reddens;
2074 3932 2161 3985 ubi

601 4002 786 4064 autem
800 4007 1048 4061 acerbum
1070 4015 1121 4058 et
1142 4015 1352 4056 acutum
1382 4002 1449 4058 fel
1479 4002 1723 4056 draconis
1750 4004 1930 4064 ebibit,
1955 4005 2167 4055 univer-

601 4098 690 4135 sos
721 4078 871 4134 nobis
898 4075 1192 4129 dulcedinis
1220 4073 1391 4127 fontes
1424 4089 1515 4141 per
1540 4088 1597 4126 sc
1623 4074 1794 4141 ipsum
1841 4083 2165 4142 attempera-

603 4153 696 4205 vit.
726 4149 854 4204 Cum
897 4147 1037 4201 enim
1080 4144 1316 4199 mulieris
1346 4158 1478 4211 opus
1507 4144 1715 4197 solvere
1744 4143 1920 4205 vellet,
1949 4153 2003 4196 et
2047 4160 2162 4196 eant

602 4238 719 4290 qua:
760 4235 822 4273 ex
854 4220 1017 4270 latere
1041 4216 1267 4290 primum
1298 4225 1410 4266 orta
1432 4222 1485 4266 et
1502 4212 1785 4290 _ntorti_fe_ra
1832 4223 1965 4275 erat,
1992 4214 2164 4266 conti-

606 4284 754 4353 nere,
784 4303 991 4342 sacrum
1026 4300 1178 4338 sunto
1212 4286 1346 4337 latus
1368 4284 1559 4348 aperiri
1594 4284 1779 4353 voluit,
1814 4299 1876 4336 ex
1914 4300 2018 4351 quo
2046 4300 2169 4337 san-

602 4364 720 4433 guis
742 4352 907 4433 sacer
932 4364 1165 4433 etaqua
1176 4354 1413 4433 manavit
1438 4394 1452 4418 ,
1502 4352 1730 4433 perfecta
1760 4363 1812 4407 et
1841 4368 1990 4407 sacra
2019 4355 2167 4433 signa

605 4424 907 4501 nuptiarum
930 4426 1365 4501 spiritualiumet
1402 4424 1762 4501 mysticarum,
1808 4426 2170 4501 necnon-adq.

606 4492 799 4572 plionis
843 4508 895 4552 et
923 4492 1357 4572 regenerationis.
1399 4492 1520 4572 Ipse
1550 4497 1791 4572 {nutritas
1821 4494 2091 4572 baptiaabit
2118 4497 2170 4572 in

605 4565 802 4639 Spiritu
827 4578 999 4622 sancto
1019 4576 1063 4619 et
1091 4566 1214 4639 igni.
1236 4568 1381 4634 Aqua
1398 4575 1461 4639 _ut
1478 4566 1524 4616 in
1554 4565 1774 4639 Spiritu,
1798 4567 2012 4633 sanguis
2043 4566 2168 4639 utin

605 4634 745 4712 igne.
778 4640 925 4693 Tunc
955 4652 1073 4691 cum
1097 4637 1196 4712 illo
1217 4635 1574 4712 extenduntur
1608 4635 1712 4688 duo
1750 4634 2005 4696 latrones,
2033 4636 2168 4689 duo-

605 4704 721 4768 rum
763 4712 811 4764 in
865 4724 921 4763 se
952 4708 1266 4775 populorum
1297 4707 1442 4775 signa
1475 4705 1741 4759 ferentes:
1777 4721 1999 4772 quorttnt
2033 4720 2172 4760 unus

605 4792 856 4843 mutatus,
874 4778 1070 4848 probus
1089 4778 1341 4848 el'ticitur,
1362 4786 1423 4848 et
1438 4776 1825 4848 confessionem
1853 4777 2066 4848 emittit,
2088 4784 2171 4829 at-

602 4868 706 4923 quc
732 4867 854 4920 erga
877 4845 1164 4923 Dominum
1190 4849 1272 4915 pie
1292 4847 1520 4900 aflicitnr
1543 4864 1555 4903 :
1581 4845 1713 4923 alter
1738 4861 1865 4923 vero
1890 4845 2036 4923 dura:
2058 4862 2173 4899 cer-

606 4917 734 4977 vicis
756 4917 874 4974 cum
908 4920 1394 4980 sit,commovetur,
1423 4925 1476 4969 et
1512 4932 1634 4985 erga
1664 4917 1941 4969 Dominum
1972 4919 2170 4985 impro-

606 4999 704 5056 bus
729 5002 831 5056 est,
864 5004 1035 5058 neque
1058 4990 1193 5056 pius,
1218 4996 1377 5055 atque
1400 4988 1451 5058 in
1476 4988 1757 5058 praeteritis
1781 4988 2011 5053 peccatis
2048 5002 2171 5055 per-

604 5072 833 5118 severat.
870 5056 1027 5112 Certe
1055 5060 1173 5110 dum
1207 5069 1330 5109 sunt
1355 5057 1514 5108 animi
1550 5056 1917 5124 cogitationes,
1948 5073 2171 5126 quarum

603 5137 768 5188 altera
808 5146 836 5185 a
875 5129 1107 5199 peccatis
1135 5129 1461 5180 convertitur
1490 5136 1543 5180 et
1564 5130 1627 5179 ad
1661 5127 1937 5199 Dominum
1983 5129 2169 5195 tendit,

604 5206 830 5269 ideotjue
859 5197 953 5270 per
980 5199 1345 5269 puenitcntiam
1370 5198 1654 5270 clementia
1678 5207 1732 5270 ct
1758 5197 1963 5251 honore
1987 5198 2173 5267 digna-

606 5285 725 5337 tur;
751 5268 921 5328 altera
951 5268 1079 5325 vero
1111 5268 1506 5332 inexcusabilis,
1547 5269 1666 5338 quia
1701 5269 2043 5323 immutabilis
2068 5279 2170 5335 est,

604 5354 655 5397 et
686 5358 852 5411 usque
877 5345 928 5395 in
963 5345 1121 5395 tinem
1144 5342 1299 5393 latro.
1350 5338 1416 5394 Ut
1444 5354 1571 5392 vero
1614 5341 1771 5391 linem
1816 5338 1991 5411 habuit
2019 5355 2173 5393 mun-

606 5410 803 5466 danum
838 5412 969 5465 illud
1005 5423 1300 5469 certamen.
1333 5421 1387 5463 et
1413 5411 1642 5477 nudique
1674 5411 1760 5463 ille
1790 5410 1971 5463 retulit
2001 5411 2167 5463 vieto-

607 5486 764 5548 riatu,
798 5498 968 5551 neque
993 5484 1163 5535 elatus
1181 5492 1233 5533 ut
1253 5481 1409 5539 Dens,
1437 5496 1607 5548 neque
1634 5480 1805 5532 victus
1838 5492 1893 5532 ut
1917 5481 2095 5545 homo,
2123 5483 2172 5534 ιιι

609 5556 805 5607 ﬁnibus
848 5550 1212 5606 universorum
1250 5551 1442 5604 mansit
1473 5550 1761 5603 nubentum
1796 5552 2031 5605 victorite
2063 5561 2173 5604 tro-

609 5639 816 5694 parum,
859 5623 985 5694 dum
1039 5624 1151 5691 ipse
1192 5623 1242 5674 itt
1290 5623 1470 5694 seipse
1509 5622 1577 5675 de
1622 5620 1773 5675 hoste
1809 5635 1947 5694 eum
1979 5636 2171 5691 pompa

605 5692 1081 5762 triumphat.Tuuc
1103 5694 1168 5744 de
1197 5692 1461 5760 patientia:
1482 5695 1872 5757 perseverantia
1902 5693 2173 5761 obstupuit

602 5768 882 5819 universus
913 5765 1090 5817 orbis:
1116 5773 1240 5816 tunc
1265 5764 1377 5815 etcli
1409 5764 1656 5816 commoti
1681 5774 1824 5830 sunt,
1850 5764 2174 5835 principatus

2061 306 2325 362 SPURIA.
3668 314 3745 372 ut

2237 422 2478 474 cgclestes
2525 422 2743 481 turbati,
2796 422 2968 475 throni
3025 434 3146 477 item
3198 435 3249 477 ct
3279 425 3417 491 leges
3454 425 3566 479 dum
3607 435 3757 484 \‘ldcttt

2236 505 2501 562 summum
2527 493 2699 559 magni
2716 494 2988 562 exercitus
3008 494 3201 547 Ducem
3225 508 3552 562 suspensum.
3597 498 3759 554 Parum

2235 561 2402 635 abfuit
2431 562 2558 630 quin
2607 560 2777 614 stella:
2825 561 2892 615 de
2930 564 3062 615 ctrlo
3104 560 3377 624 caderent.
3402 580 3515 619 eum
3552 569 3631 635 qui
3661 583 3763 625 ante

2237 630 2510 683 luciferum
2540 641 2686 685 ortus
2712 643 2826 683 erat
2863 644 3139 686 extensum
3170 645 3463 688 cernentes.
3498 630 3765 692 Exstinctos

2235 700 2563 775 aliquantum
2598 702 2853 775 temporis
2873 712 2954 755 est
2974 703 3124 775 solis_
3134 704 3289 769 ignis,
3332 704 3510 759 videns
3548 723 3765 775 magnum

2240 770 2425 823 mtnuli
2460 773 2633 824 lumen
2668 773 3032 824 obscuratum.
3085 773 3232 826 Tune
3263 784 3424 841 petrae
3449 770 3759 833 scissze'sunt.

2240 841 2450 893 lsraelis
2481 843 2745 921 ingratum
2769 844 3001 894 animum
3033 844 3397 921 exclamantes
3430 844 3572 898 :Nou
3603 850 3773 903 novisti

2238 920 2442 1031 petram
2476 912 2831 978 spiritualem,
2858 927 2922 965 ex
2954 928 3053 978 qua
3088 913 3259 966 bibisti
3310 914 3434 966 dum
3474 921 3766 984 sequereris.

2268 982 2432 1031 ’elum
2461 981 2640 1031 templi
2680 982 2903 1031 scissum
2931 993 3037 1031 est-
3055 998 3171 1031 cum
3203 983 3417 1031 Christo
3459 988 3659 1031 “aliens,
3703 990 3766 1031 ἰη.

2268 982 2432 1037 ῖρΙιιιη
2461 981 2640 1050 templi
2680 982 2903 1034 scissum
2931 993 3171 1045 cst,rutn
3203 983 3417 1037 Christo
3459 981 3663 1052 patiens,
3703 990 3772 1041 in-

2239 1052 2526 1119 dicansqne
2594 1066 2773 1104 verum
2818 1068 3081 1105 summum
3131 1053 3460 1108 sacerdotem
3520 1058 3771 1112 czelestent.

2241 1121 2431 1174 Parnm
2459 1120 2627 1174 abfuit
2670 1121 2801 1192 quin
2825 1132 2964 1173 tottts
2992 1124 3220 1175 mumlus
3248 1123 3651 1179 confunderetur
3672 1170 3685 1192 ,
3725 1145 3777 1182 ac

2240 1192 2501 1264 passionis
2521 1192 2711 1245 timore
2734 1190 3117 1264 dissolveretur
3141 1210 3153 1253 ;
3183 1194 3284 1246 nisi
3302 1194 3536 1264 divinum
3556 1190 3778 1264 Spiritum

2243 1262 2570 1315 insufﬂasset
2596 1276 2818 1328 magnus
2867 1261 3044 1325 Jesus,
3076 1263 3259 1317 dicens
3300 1280 3312 1315 :
3347 1262 3518 1324 Pater,
3546 1261 3606 1317 ὕπ’
3627 1284 3781 1321 manus

2242 1340 2351 1407 tuas
2378 1332 2669 1407 commendo
2698 1331 2932 1407 spiritum
2954 1349 3116 1385 meum
3140 1331 3289 1403 (Luc.
3312 1332 3403 1387 25.
3438 1333 3778 1407 46).Commo-

2244 1402 2309 1454 tis
2338 1403 2479 1455 enim
2513 1402 2775 1455 universis
2820 1412 2874 1454 et
2914 1413 3070 1455 terra:
3102 1402 3246 1455 motu
3276 1402 3603 1468 nutantibus,
3638 1419 3783 1461 tuetu-

2244 1471 2727 1539 quetrementilnts,
2751 1472 3079 1527 ascendente
3098 1473 3276 1526 divino
3302 1473 3522 1541 Spiritu.
3538 1477 3781 1532 viviﬁcan-

2245 1548 2309 1595 tis
2331 1550 2385 1595 et
2409 1542 2774 1594 confirmantis
2819 1557 2987 1606 more,
3014 1558 3196 1596 rursus
3236 1545 3381 1597 stetit
3435 1545 3697 1600 universus
3719 1566 3788 1602 or-

2248 1612 2524 1685 bis,quasi
2548 1611 2754 1685 scilicet
2793 1612 2881 1664 illa
2926 1612 3102 1685 divina
3132 1615 3378 1685 extensio
3406 1624 3461 1667 et
3489 1616 3652 1671 cruris
3677 1633 3787 1685 Stip-

2246 1683 2456 1750 plicium
2489 1697 2582 1749 per
2609 1682 2784 1735 omnia
2815 1692 3031 1753 extensa
3076 1682 3314 1737 fuissent.
3346 1682 3389 1737 Ο
3418 1686 3528 1738 sola
3570 1686 3617 1738 in
3658 1682 3791 1753 solis,

2246 1762 2297 1805 et
2326 1753 2567 1807 universa
2591 1754 2639 1804 in
2665 1754 2956 1807 universis!
2984 1752 3237 1820 Spiritum
3262 1764 3406 1806 tuum
3435 1758 3545 1808 ρεηΙί
3571 1752 3787 1819 habeant,

2246 1824 2473 1896 animam
2508 1822 2821 1896 paradisus;
2854 1839 2974 1877 nam
3005 1826 3098 1887 ait,
3131 1824 3297 1896 Hodie
3327 1834 3501 1896 tecum
3530 1843 3617 1879 ero
3646 1828 3691 1879 in
3718 1845 3792 1896 pa-

2249 1894 2461 1957 radiso;
2504 1894 2810 1961 sanguinem
2842 1910 2986 1955 vero,
3031 1904 3188 1947 terra.
3222 1894 3438 1947 DLvisns
3473 1905 3553 1949 cst
3586 1894 3795 1953 indivisi-

2249 1964 2386 2025 bilis,
2439 1972 2492 2034 ut
2540 1965 2713 2015 omnia
2759 1973 3118 2027 servarentur,
3149 1975 3204 2017 ut
3244 1979 3310 2018 ne
3354 1964 3567 2019 iniimus
3607 1968 3796 2034 quidem

2250 2034 2397 2087 locus
2426 2033 2606 2086 divino
2635 2035 2862 2086 adventu
2892 2050 3089 2102 expers
3132 2044 3291 2089 esset.
3334 2035 3582 2088 Formam
3611 2033 3793 2105 quidem

2248 2104 2365 2170 ejus
2393 2119 2495 2157 non
2524 2105 2749 2157 vidimus
2772 2145 2787 2169 ,
2816 2104 2907 2158 sed
2939 2120 3124 2159 vocem
3156 2105 3270 2173 ejus
3299 2104 3798 2163 audivimusﬁSnlvit

2250 2174 2425 2243 itaque
2456 2184 2574 2241 post
2603 2176 2763 2227 vitam
2799 2176 2983 2228 mortis
3015 2176 3241 2238 vincula,
3283 2186 3549 2244 potestate
3580 2194 3691 2231 usus
3726 2198 3797 2234 re-

2250 2245 2355 2312 gia,
2389 2254 2445 2298 ut
2474 2260 2592 2296 cum
2628 2245 2777 2302 dixit.
2814 2244 3025 2309 Lazaro,
3056 2247 3165 2298 veni
3202 2246 3340 2313 {oms
3370 2246 3551 2314 (Joan.
3580 2249 3659 2301 11.
3686 2252 3795 2313 43);

2250 2326 2321 2376 et,
2356 2314 2557 2378 Puella,
2588 2332 2735 2381 surge
2757 2313 2943 2386 (Marc.
2973 2317 3025 2369 5.
3058 2318 3179 2385 H);
3215 2327 3269 2368 ιιι
3299 2318 3417 2383 ejus
3445 2314 3798 2382 petestatisim-

2253 2388 2457 2456 perium
2490 2384 2827 2439 indicaretur.
2857 2384 3084 2453 Ideoque
3110 2401 3168 2439 se
3200 2394 3363 2438 tuttttn
3400 2390 3556 2441 morti
3584 2388 3732 2449 dedit,
3755 2402 3805 2444 ut

2253 2472 2497 2509 voracem
2531 2456 2719 2517 feram,
2749 2466 2801 2510 et
2825 2456 3137 2526 inexplebile
3162 2457 3433 2509 vinculum
3466 2460 3513 2510 iu
3541 2474 3597 2513 se
3623 2459 3802 2514 interli-

2252 2537 2479 2581 reretur.
2516 2528 2567 2580 lu
2598 2542 2821 2593 corpore
2852 2527 3177 2595 impeccahili
3220 2527 3418 2593 ubique
3447 2529 3588 2583 cibos
3622 2546 3805 2596 qurere-

2254 2599 2342 2651 bat
2371 2598 2469 2649 sibi
2509 2598 2781 2664 proprios;
2816 2612 2939 2649 num
2985 2596 3053 2650 ibi
3097 2597 3338 2664 voluptas
3376 2609 3535 2661 esset,
3570 2616 3683 2653 num
3714 2602 3803 2663 ira,

2255 2684 2377 2721 unm
2400 2667 2774 2740 inobedientta,
2800 2683 2920 2740 nutu
2941 2669 3150 2720 tandem
3173 2678 3323 2721 vetus
3346 2680 3630 2735 peccatum,
3650 2671 3805 2740 prima

2256 2737 2441 2791 mortis
2463 2753 2603 2791 csra.
2638 2738 2892 2792 Stimnlus
2920 2740 3059 2791 enim
3090 2740 3287 2804 peccati
3319 2754 3465 2792 mors
3490 2752 3565 2791 est
3593 2737 3666 2803 (ιζ
3694 2742 3800 2795 Cor.

2258 2809 2340 2862 15.
2376 2807 2488 2875 56).
2528 2807 2660 2861 Cum
2688 2818 2863 2862 autem
2913 2808 3038 2861 nihil
3085 2812 3227 2861 ineo
3259 2825 3399 2862 mors
3440 2812 3680 2877 reperiret
3705 2828 3804 2878 quo

2257 2880 2510 2942 aleretur,
2542 2879 2591 2931 in
2625 2882 2851 2947 seipsam
2876 2880 3145 2937 conclusa.
3176 2888 3230 2931 ct
3262 2881 3359 2931 cibi
3392 2881 3597 2943 penuria
3624 2880 3806 2943 soluta,

2260 2951 2370 3017 ipsa
2403 2948 2499 3001 sibi
2533 2964 2674 3001 mors
2696 2951 2808 3011 fuit,
2836 2958 2891 3001 ut
2918 2964 3045 3001 vero
3077 2950 3224 3002 tnttlti
3249 2965 3310 3001 ex
3339 2950 3496 3017 justis
3524 2961 3665 3003 erant
3689 2967 3811 3004 mm-

2260 3022 2447 3073 tiautes
2471 3030 2518 3071 ct
2545 3019 2919 3087 prophetantes
2944 3022 2993 3073 in
3017 3020 3405 3073 rcsorrectiooe
3434 3020 3813 3089 primogenitum

2259 3107 2320 3145 ex
2357 3091 2597 3142 mortuis.
2645 3090 2733 3143 Ille
2764 3105 2888 3143 vero
2924 3105 3018 3159 per
3048 3090 3274 3143 triduum
3306 3091 3407 3141 sub
3439 3100 3573 3143 terra
3620 3095 3811 3152 mansit,

2262 3174 2312 3213 ιιι
2344 3173 2508 3213 torum
2537 3159 2823 3213 humanum
2858 3174 3046 3230 genus,
3076 3170 3127 3212 et
3152 3161 3288 3229 quod
3318 3170 3447 3213 ante
3475 3161 3637 3229 legem
3664 3162 3814 3214 fuerat

2262 3248 2354 3299 per
2385 3232 2728 3298 semetipsum
2758 3240 3011 3284 servaret.
3039 3230 3285 3283 Fortasse
3314 3246 3444 3283 vero
3464 3242 3521 3284 ut
3542 3242 3697 3283 totum
3718 3236 3815 3283 au-

2262 3304 2362 3355 tnal
2393 3303 2689 3360 suscitaret,
2715 3302 2965 3363 animam,
2991 3301 3231 3366 Spiritum
3257 3312 3309 3353 et
3332 3317 3573 3365 Carnem,
3603 3303 3714 3356 ideo
3738 3318 3817 3370 per

2264 3372 2491 3424 triduum
2520 3383 2775 3424 moratur.
2798 3373 3118 3425 Suscitatum
3149 3371 3292 3423 illum
3326 3372 3504 3437 primo
3531 3373 3697 3425 vident
3717 3389 3814 3423 tnu-

2263 3442 2438 3496 lieres.
2486 3441 2551 3496 Ut
2576 3442 2716 3494 enim
2751 3444 2974 3510 primum
3016 3452 3289 3509 peccatum
3328 3443 3527 3496 mulier
3554 3444 3605 3496 in
3646 3442 3817 3495 mundo

2263 3513 2495 3573 admisit.
2546 3512 2622 3565 sic
2665 3521 2719 3566 et
2750 3512 2939 3565 mulier
2983 3511 3150 3580 prima
3183 3513 3381 3564 tnundo
3428 3514 3587 3565 vitam
3620 3515 3813 3565 nuntiat.

2268 3584 2604 3637 Ideosacram
2630 3598 2811 3636 vocem
2830 3582 3050 3634 audiunt
3072 3582 3336 3645 mulieres,
3363 3583 3520 3635 Aucte
3537 3582 3813 3652 (Matt/:38.

2265 3654 2343 3722 9),
2377 3666 2431 3706 ut
2472 3655 2615 3721 prior
2641 3654 2790 3705 dolor
2833 3668 2926 3721 per
2954 3652 3198 3721 gaudium
3245 3655 3661 3708 resurrectionis
3698 3653 3819 3705 tolle-

2269 3735 2416 3777 retur
2442 3740 2454 3784 ;
2507 3733 2559 3776 ct
2589 3732 2643 3775 nt
2669 3723 2735 3774 ab
2764 3722 3050 3776 incredulis
3070 3723 3184 3790 ejus
3214 3739 3240 3772 a
3272 3726 3507 3778 mortuis
3537 3724 3817 3778 I‘CStil'l'CC‘itl

2267 3810 2385 3847 cum
2417 3810 2639 3861 corptre
2670 3793 2999 3848 crederetur.
3030 3791 3096 3847 Ut
3126 3802 3285 3845 lotam
3317 3794 3423 3847 sibi
3462 3797 3724 3863 imaginem
3751 3796 3815 3843 in-

2268 3864 2471 3921 dueral.
2497 3873 2551 3916 et
2573 3873 2804 3917 veterem
2831 3863 3096 3916 hominem
3120 3878 3275 3932 quem
3301 3864 3575 3929 induerat,
3602 3863 3822 3917 transfor-

2270 3936 2431 3988 mavit
2459 3936 2507 3986 in
2531 3934 2796 3987 caalestem
2828 3935 3091 3986 hominem
3126 3951 3139 3987 :
3173 3945 3297 3986 tunc
3325 3950 3454 3987 cum
3485 3952 3551 3990 eo
3582 3938 3660 3989 illa
3682 3937 3825 4000 imago

2269 4010 2344 4058 sic
2381 4016 2726 4071 attemperata
2760 4004 2998 4057 ascendit
3042 4004 3091 4055 in
3132 4003 3338 4057 ca-lnm.
3380 4004 3641 4059 Videntes
3678 4014 3825 4058 autem

2273 4080 2490 4128 virtutes
2537 4090 2783 4142 maguum
2842 4075 2971 4128 illud
3026 4074 3376 4143 mysterium,
3439 4075 3702 4130 hominem
3744 4090 3827 4125 una

2272 4146 2647 4200 ascendentem
2695 4160 2815 4197 ctttn
2865 4146 2991 4208 Deo,
3028 4143 3189 4214 jussze
3216 4159 3337 4197 cum
3380 4148 3583 4214 gaudio
3620 4146 3830 4214 superuis

2272 4215 2593 4271 exercitibus
2623 4217 2986 4286 clamaverunt
3024 4231 3036 4263 :
3074 4213 3302 4266 Attoltite
3340 4213 3541 4282 portas,
3586 4213 3830 4286 principes.

2273 4297 2480 4347 vestras,
2526 4294 2574 4337 et
2608 4285 2891 4346 elevumini,
2925 4295 3083 4352 porta:
3109 4286 3393 4350 (εισι-παίεις,
3430 4298 3479 4339 et
3502 4285 3719 4339 introibit
3745 4285 3835 4339 Rex

2273 4357 2449 4426 gloriw
2481 4353 2651 4426 (Psnl.
2681 4356 2770 4408 25.
2806 4354 2982 4423 7-10).
3019 4356 3125 4408 Illae
3167 4370 3293 4408 vero
3318 4372 3521 4410 novitm
3552 4355 3834 4426 miraculum

2276 4425 2539 4488 videntes,
2573 4425 2838 4478 hominem
2869 4440 2988 4477 cum
3025 4426 3132 4479 Deo
3167 4426 3437 4492 junctum,
3492 4427 3723 4481 vicissim
3750 4425 3838 4478 cla-

2277 4506 2424 4550 mant
2448 4506 2499 4549 et
2528 4497 2705 4550 dicunt
2737 4514 2750 4549 :
2788 4496 2912 4561 Quis
2934 4505 3003 4548 est
3025 4500 3118 4549 iste
3136 4512 3226 4549 rex
3250 4497 3474 4565 gloriw?
3496 4498 3627 4549 Alite
3654 4511 3835 4549 rursum

2279 4568 2617 4635 interrogata:
2660 4567 3019 4633 respondent:
3053 4565 3297 4619 Dominus
3340 4570 3611 4629 virtutum,
3649 4567 3747 4635 ipse
3781 4573 3838 4613 est

2279 4638 2388 4691 Rea:
2412 4637 2606 4707 gloriw,
2632 4636 2797 4704 fortis.
2830 4635 3060 4689 robustus
3083 4646 3127 4688 rt
3158 4649 3333 4704 parens
3359 4638 3411 4688 in
3447 4639 3651 4702 prwlto.
3682 4637 3721 4689 0
3750 4650 3843 4703 my-

2277 4712 2464 4762 sticam
2521 4707 2847 4776 largitatem!
2895 4722 2926 4757 ο
2964 4708 3291 4774 spiritualetn
3342 4707 3776 4760 solemnitatem!
3816 4719 3841 4754 ο

2281 4778 2479 4831 l'aseha
2526 4776 2786 4840 divinum,
2835 4791 2864 4828 a
2912 4777 3048 4830 czelo
3091 4777 3423 4830 descendi-ns
3463 4779 3515 4828 in
3552 4787 3762 4839 tetram,
3799 4785 3843 4825 et

2282 4865 2489 4902 t‘ttt'sttttt
2522 4863 2549 4900 a
2584 4857 2723 4901 terra
2753 4847 3049 4900 ascendens
3081 4848 3131 4899 in
3178 4848 3364 4899 ett-lum
3389 4848 3404 4898 !
3434 4865 3469 4898 υ
3520 4864 3715 4900 ttoVuIn
3748 4846 3845 4896 tnti-

2281 4934 2554 4973 vcrsorum
2584 4920 2772 4971 festum
2801 4918 2813 4970 !
2844 4932 2876 4971 0
2904 4918 3082 4970 muttdi
3115 4919 3487 4971 celebritatem
3514 4920 3532 4971 !
3563 4934 3596 4969 ο
3643 4916 3843 4968 universi

2278 4991 2548 5059 gaudium,
2607 4990 2795 5051 honor,
2847 5002 2986 5049 esca,
3039 4988 3282 5050 delicto,
3333 4989 3542 5055 quibus
3592 4988 3845 5040 tenebras:

2282 5076 2425 5114 mors
2470 5059 2727 5112 disSulnta
2775 5068 2877 5122 est,
2924 5059 3026 5111 vita
3071 5072 3248 5111 autem
3298 5060 3348 5109 in
3397 5073 3601 5111 omnes
3647 5068 3844 5110 extensa

2283 5132 2395 5195 fuit,
2430 5142 2478 5184 et
2509 5139 2705 5199 πβρι-ιιι)
2748 5138 2873 5199 sunt
2900 5139 3066 5197 portre
3105 5128 3378 5199 cst-lorum,
3426 5139 3485 5181 et
3530 5129 3671 5181 Deus
3713 5127 3847 5199 boum

2281 5196 2556 5271 apparuit,
2578 5210 2632 5253 et
2662 5198 2822 5252 homo
2867 5196 3006 5253 licus
3044 5198 3299 5271 ascendit,
3329 5213 3428 5266 per
3458 5214 3623 5266 quem
3661 5196 3844 5271 contra-

2281 5266 2378 5326 cta:
2409 5282 2531 5324 sunt
2561 5271 2746 5325 inferni
2779 5278 2964 5339 portae,
2987 5279 3041 5322 et
3066 5270 3404 5321 adamantina
3437 5271 3678 5321 claustra
3705 5266 3847 5319 soluta

2282 5350 2423 5397 sunt.
2450 5345 2620 5409 Atque
2652 5344 2884 5393 infernus
2909 5339 3122 5408 quidem
3153 5342 3374 5406 populus
3408 5339 3656 5393 surrexit
3676 5352 3703 5389 a
3729 5350 3839 5387 tnur~

2285 5414 2417 5471 tuis,
2462 5413 2783 5464 annuntians
2821 5411 3068 5480 supernis
3111 5409 3541 5480 plenitudntibus
3574 5425 3692 5480 ziex
3735 5418 3845 5480 terra

2285 5484 2520 5537 redditus
2550 5492 2629 5536 est
2672 5476 2902 5534 chorus?
2939 5480 2983 5534 0
3028 5476 3226 5534 PaSclta
3269 5478 3559 5545 divinum,
3602 5479 3764 5533 Deum
3790 5476 3847 5551 de

2283 5555 2430 5607 ca-lis
2462 5568 2563 5605 non
2595 5560 2817 5619 anguste
2848 5561 3109 5620 agentem,
3152 5565 3291 5602 nunc.
3336 5551 3703 5615 spiritualitcr
3726 5546 3845 5599 nobis

2283 5626 2632 5693 conjuttgens,
2670 5622 2821 5689 cujus
2849 5619 3007 5687 opera
3042 5637 3263 5690 magnus
3294 5621 3379 5672 ille
3417 5625 3729 5693 nuptiarum
3759 5619 3847 5668 tlta-

2287 5696 2455 5748 lamus
2497 5691 2747 5760 impletus
2791 5704 2892 5749 est.
2923 5707 3215 5760 omnesque
3264 5694 3553 5757 sponsales
3594 5691 3752 5741 stolas
3775 5703 3842 5748 st?-

2290 5776 2451 5829 stant,
2501 5764 2780 5833 nullusque
2829 5763 3037 5831 t‘jiCillll'
3088 5762 3228 5833 quod
3284 5777 3383 5814 non
3445 5762 3639 5817 habeat
3688 5760 3840 5811 stolam
