4058 6208
326 274 434 328 753

293 387 476 447 hodie,
509 390 566 438 ut
595 379 908 437 exhibentur
947 374 1224 430 Dnminica
1267 370 1424 447 vox!
1456 372 1656 447 ludaeis
1706 372 1877 428 minas

295 444 570 514 tuteutans
594 456 762 508 Amos
785 451 882 513 ait,
923 449 1224 519 passionem
1251 444 1432 519 dilecti
1463 445 1554 498 Dei
1577 445 1878 519 Servatur-is

292 513 663 596 nlrjicicns,‘et
688 537 878 596 eorum
909 513 1240 596 iniquitatem
1268 516 1368 596 ipsi
1394 530 1671 596 opperiens
1704 533 1718 569 :
1756 513 1881 569 «Oc.

300 585 445 656 cidet
485 585 574 650 sol
594 593 646 648 in
679 591 921 654 meridie,
971 585 1026 644 ei.
1060 585 1435 643 obseurabitnr
1464 587 1513 639 in
1540 585 1629 640 die
1654 585 1874 641 lumen:

294 679 349 725 et
373 673 688 724 convertam
722 662 1096 718 solemnitates
1124 672 1311 714 eorum
1341 657 1392 711 in
1422 657 1647 721 luctum,
1682 665 1734 709 et
1762 673 1879 709 om-

298 740 386 795 nia
422 737 631 794 cantica
676 749 863 790 eormn
898 733 949 785 in
980 733 1252 801 planctum
1286 745 1300 780 a
1330 735 1385 781 et
1420 727 1680 780 adducam
1721 741 1883 801 super

293 824 513 865 utunem
543 806 808 868 lumbum,
851 797 1089 867 saccum,
1111 810 1172 871 ,ει
1205 814 1367 867 super
1395 805 1746 871 omne_c_aput
1769 797 1881 871 cal-_

297 881 483 935 vitlem
519 894 534 930 :
565 886 620 932 et
644 865 840 948 ponam
883 890 1002 948 cum
1034 865 1090 925 nt
1111 865 1666 948 :lttctum'ttnigeuiti,‘
1694 865 1882 948 etmqui

304 967 428 1004 cum
472 950 589 1018 ipso
641 937 787 1018 sunt,
823 952 880 998 ut
907 944 1048 1018 diem
1093 940 1296 1018 doloris
1325 937 1502 1018 (Amos
1532 941 1584 993 8.
1616 937 1821 1018 9.10).
1857 954 1876 1018 ι

299 1021 430 1076 Nam
454 1008 604 1089 signa
635 1016 837 1089 posuit,
862 1012 1002 1089 quod
1035 1012 1117 1066 sol
1140 1008 1418 1089 occideret
1461 1009 1514 1062 in
1557 1008 1800 1089 meridie,
1831 1015 1885 1062 et

299 1080 710 1145 («inversionem
742 1080 1142 1140 soletiinitatum
1168 1082 1219 1134 in
1249 1080 1538 1150 planctum,
1565 1087 1620 1132 et
1649 1087 1887 1150 cantico-

300 1179 419 1220 rutn
453 1163 508 1215 in
536 1161 778 1213 luctum:
809 1166 864 1208 et
905 1157 1019 1208 haec
1057 1148 1263 1215 omnia,
1301 1150 1494 1219 inquit,
1545 1150 1685 1204 Deus
1726 1148 1885 1203 faciet

305 1241 524 1303 propter
549 1229 800 1284 dilectunt
826 1241 1004 1303 suum.
1037 1223 1204 1303 :l‘alis,
1253 1222 1444 1303 inquit,
1480 1222 1655 1274 luctus
1679 1222 1799 1281 erit,
1833 1227 1888 1300 et

303 1292 426 1357 talis
446 1316 510 1356 ac
539 1309 642 1354 tam
672 1295 974 1351 necessaria
1003 1294 1164 1358 ultio,
1197 1292 1739 1362 qualemdcongruere
1769 1292 1885 1362 exi-

300 1372 534 1428 stimabit
564 1368 808 1438 dignitati
830 1365 1010 1420 dilecti
1027 1359 1350 1438 contumelia
1368 1359 1706 1438 affecti.\iide
1730 1360 1888 1430 igitur

300 1457 478 1498 annOn
501 1457 566 1496 ex
600 1432 851 1509 passione
872 1432 1528 1509 Servatoriscalamitates
1563 1440 1886 1509 sequantur;

298 1528 480 1568 annon
501 1500 870 1565 solémnitates
885 1521 1070 1561 eorum
1103 1506 1155 1559 in
1180 1505 1376 1557 luctum
1406 1516 1574 1557 versae
1591 1500 1803 1562 fuerint.
1833 1515 1890 1556 et

306 1583 517 1640 cantica
539 1596 724 1635 eorum
745 1579 797 1632 in
813 1579 1104 1647 planctum;
1123 1589 1304 1647 annon
1323 1572 1404 1647 sol
1425 1572 1684 1647 occiderit
1700 1571 1752 1626 in
1777 1587 1889 1647 me:

301 1652 615 1720 ridie.Quod
631 1651 674 1706 si
693 1640 956 1720 conspicis
973 1659 1220 1720 maguum
1244 1643 1372 1720 illud
1393 1643 1733 1720 miraculum,
1747 1640 1890 1720 _quod

302 1727 356 1781 in
375 1712 712 1780 soleinnitate
736 1712 951 1774 Pascha:
967 1712 1250 1772 crucifixus
1273 1713 1431 1767 fuerit
1445 1712 1711 1776 Christus,
1746 1713 1892 1766 ideo-

299 1811 407 1866 que
430 1795 567 1866 ultio
577 1791 943 1866 solemnitates
963 1784 1290 1866 converterit
1313 1783 1611 1866 in_luctum_,
1636 1783 1892 1866 Romanis

301 1854 706 1924 iitvadetttibus.
735 1857 1316 1930 Judaeisqueomnibus
1358 1854 1714 1930 fugientibus;
1747 1861 1801 1907 et
1840 1854 1892 1930 in

301 1949 640 1991 communem
681 1933 928 2002 laqueum
956 1925 1206 1984 inciderit
1237 1925 1554 2002 Ierusalem
1581 1925 1788 2002 ,_idque
1811 1925 1891 2002 _in

304 2007 435 2076 ipsis
457 1995 906 2076 soletttttitatfibus,
935 2007 1208 2076 utAnarrat
1235 1996 1485 2076 historia,
1513 1995 1735 2076 Judaeis,
1777 1995 1892 2076 glu-

301 2065 414 2141 dlo,
444 2076 566 2147 igne
593 2085 648 2147 et
677 2073 843 2147 inutili
872 2065 1075 2147 gemitu
1096 2065 1432 2147 absumptis;
1454 2067 1524 2120 ita
1555 2076 1612 2120 ut
1634 2074 1712 2120 tot
1737 2065 1896 2147 malis

301 2134 922 2219 ipsos'opprimentilm's
959 2143 1103 2196 clare
1131 2134 1341 2219 eveniat
1378 2136 1468 2190 illa
1511 2136 1790 2219 conversio
1814 2134 1891 2193 fe-

299 2208 505 2273 s'tornm
525 2208 759 2285 ipsorum
782 2215 834 2269 in
856 2214 1077 2285 luctum,
1099 2219 1152 2285 et
1172 2208 1579 2285 canticorumin
1602 2208 1892 2285 plauctutn;

303 2277 642 2344 manifestum
674 2292 776 2359 est,
807 2283 948 2359 qu_o_d
985 2282 1069 2336 his
1091 2281 1163 2359 _ob
1191 2279 1375 2359 oculos
1401 2279 1612 2359 positis,
1639 2277 1894 2359 soloeci-

302 2360 445 2414 derit
487 2359 540 2412 in
585 2347 838 2411 meridie."
874 2355 988 2408 Hoc
1015 2351 1342 2423 quippejant
1383 2347 1531 2423 dicta
1570 2347 1894 2423 significant.

306 2429 544 2484 Duorum
579 2440 708 2496 ergo
735 2418 1189 2499 atinorum_spatip
1216 2418 1416 2499 bellum
1434 2418 1652 2499 Judaeos
1672 2419 1894 2499 absum-

341 2503 429 2564 sit,
457 2507 512 2554 et
535 2488 702 2567 usque
723 2495 790 2550 ad
819 2488 1119 2567 hancudiem
1144 2491 1344 2567 Judaea:
1361 2488 1545 2567 luctus
1569 2489 1894 2567 extenditur:

356 2558 564 2625 bienim
582 2558 664 2622 est
681 2565 978 2636 templum?
1001 2563 1088 2619 ubi
1110 2558 1510 2636 sacerdotium?
1519 2559 1620 2636 ubi
1638 2558 1898 2636 regnum?

308 2641 394 2694 ubi
427 2641 661 2711 impetus
690 2629 901 2711 illorum
927 2637 950 2689 ?
979 2636 1067 2691 ubi
1097 2635 1286 2711 civitas
1315 2629 1716 2711 legjs‘lpmnia
1746 2629 1898 2711 abie-

273 2709 280 2717 ’
305 2719 454 2780 runt,
476 2699 654 2765 omnia
675 2708 937 2782 exstiucta
960 2715 1105 2782 sunt_,
1125 2703 1304 2782 omnia
1325 2718 1361 2782 _a
1387 2701 1745 2782 fundamentis
1773 2699 1901 2782 sub-

308 2775 593 2837 lata'sunt
638 2778 967 2834 :occidente
1013 2778 1128 2831 sole
1157 2816 1172 2841 ,
1222 2775 1275 2828 in
1325 2775 1525 2831 luetutn
1579 2775 1720 2825 versi
1751 2778 1896 2839 sunt.

306 2852 441 2921 Quia
486 2865 622 2923 ergo
655 2851 755 2923 ista
801 2863 1114 2919 magnorum
1167 2849 1715 2923 mySIeriornmcausa
1761 2841 1898 2922 facta

305 2918 453 2990 sunt,
484 2918 626 2992 quod
649 2918 1280 2992 Salvat_orpassus_esset
1300 2918 1467 2992 uideo
1497 2925 1549 2968 et
1574 2927 1672 2967 nos
1699 2918 1750 2967 in
1781 2918 1899 2965 sin-

302 2987 448 3064 gulis
473 2987 690 3064 P'aschae
708 2990 888 3064 _festis,
913 2987 1150 3060 mysterii
1177 2987 1614 3064 significationem
1637 2997 1902 3064 renovare

306 3059 602 3128 conantes,
628 3061 841 3117 definita
873 3059 1112 3130 tempora
1153 3059 1453 3130 colligimus
1483 3063 1743 3125 quantum
1773 3067 1900 3130 pos-

305 3149 496 3191 sumus
518 3174 534 3199 ,
560 3126 618 3188 et
653 3132 915 3187 decimam
956 3126 1200 3202 quartam
1230 3126 1559 3202 assumimus
1587 3140 1693 3202 uon
1725 3126 1901 3202 Solum

307 3208 380 3262 ob
425 3193 558 3260 alias
601 3218 790 3258 causas
833 3193 1001 3257 dictas
1031 3211 1084 3256 et
1127 3201 1196 3255 ob
1236 3200 1370 3255 alias
1414 3213 1519 3251 non
1569 3196 1771 3260 dictas;
1804 3193 1904 3248 sed

307 3280 468 3334 etiam
495 3274 638 3346 quod
661 3274 742 3328 sol
770 3272 1025 3346 occiderit
1045 3272 1097 3346 in
1121 3263 1447 3346 meridie,_ut
1470 3275 1902 3346 appareretatton

310 3366 378 3404 ex
406 3335 530 3417 arte
547 3344 755 3417 Graeca,
787 3343 880 3398 sed
911 3360 976 3398 ex
1007 3342 1209 3396 ultione
1240 3342 1488 3417 tenebras
1507 3335 1823 3417 proficisci,
1845 3344 1903 3390 ut

309 3435 454 3488 sai-pe
481 3415 734 3488 diximus,
767 3421 1249 3488 nonconcurrente
1271 3411 1527 3488 luna,sed
1553 3411 1623 3460 ita
1649 3411 1898 3488 oriente,

311 3499 369 3544 ut
389 3482 520 3542 solis
543 3485 723 3542 cursui
753 3500 816 3538 ex
858 3483 1120 3537 diaimetro
1149 3482 1394 3550 opposita
1416 3488 1581 3543 esset,
1612 3485 1668 3531 et
1697 3482 1777 3550 sic
1800 3516 1815 3538 ,
1847 3485 1908 3550 ut

311 3557 669 3631 quisdixerit,
699 3563 873 3631 mota,
906 3561 964 3607 ut
991 3547 1404 3631 quartadecima
1433 3558 1618 3616 esset,
1648 3547 1897 3604 miraculi

311 3622 457 3705 tiqu
487 3627 756 3705 acciderat
777 3625 987 3705 signum
1002 3622 1268 3705 _umnibus
1298 3629 1582 3705 ceteram-tn,

382 3702 437 3758 5.
479 3688 972 3771 Assumimus'item
1000 3695 1356 3771 Parasceven,
1389 3691 1681 3771 sabbatum
1708 3697 1764 3743 et
1793 3688 1906 3771 Do:

312 3771 567 3828 miuicam
598 3770 669 3824 ob
711 3781 871 3837 supra
909 3764 1081 3837 dictas
1107 3767 1298 3837 causas
1322 3803 1337 3828 ,
1370 3772 1424 3819 et
1453 3770 1620 3816 totam
1663 3762 1906 3837 mysterii

314 3844 579 3898 rationem
624 3840 676 3893 in
720 3831 984 3893 concursu
1032 3833 1376 3890 definitorum
1411 3843 1714 3902 temporum
1763 3831 1907 3884 cele-

319 3915 556 3973 brantes,
583 3908 891 3965 aludaeorum
931 3906 1212 3971 insaniam,
1244 3914 1443 3960 etcum
1476 3903 1606 3973 ipsis
1634 3916 1739 3955 non
1771 3917 1905 3955 eon-

317 3982 662 4036 sentientium
688 3979 1061 4034 haereticorum
1089 3977 1324 4030 furorem
1347 3977 1674 4044 respuimus,
1708 3981 1904 4026 totum-

319 4067 427 4122 que
467 4052 834 4122 characterem
883 4048 1291 4122 restaurationis
1351 4045 1680 4122 universiin
1753 4058 1906 4122 sacra

324 4114 549 4176 Pascha:
588 4118 944 4189 celebratione
977 4117 1483 4189 proferimus.__Cum
1521 4114 1663 4171 enim
1690 4114 1790 4168 sub
1819 4114 1904 4189 his

320 4191 570 4248 omnibus
605 4184 902 4260 temporum
950 4184 1247 4260 rationibus
1286 4185 1531 4260 Christus
1562 4199 1752 4256 passus
1797 4187 1904 4250 sit,

321 4275 546 4319 necesse
571 4271 654 4316 est
678 4258 730 4316 et
777 4276 875 4316 nos
905 4259 984 4315 sic
1011 4258 1216 4314 Pascha
1265 4258 1572 4326 persolvere
1598 4296 1616 4322 ,
1643 4265 1903 4325 quantum

321 4347 608 4404 possumus
633 4349 646 4386 :
669 4330 810 4404 quod
833 4332 1004 4404 siAqua
1027 4345 1100 4404 _ett
1123 4330 1228 4404 illis
1255 4329 1490 4404 deficiat,
1515 4342 1634 4404 cum
1667 4327 1906 4404 periculo

317 4397 582 4459 claudicat
602 4397 842 4457 imitatio.
869 4397 1130 4468 Quoniam
1155 4399 1313 4470 igitur
1340 4399 1514 4470 dehis
1537 4397 1667 4470 satis
1687 4397 1904 4470 audisti,

317 4490 502 4545 operae
532 4473 759 4545 pretium
787 4467 952 4526 fuerit
986 4484 1127 4545 nunc
1146 4467 1348 4545 dicere,
1371 4484 1474 4545 cur
1491 4467 1710 4545 Pascha:
1730 4468 1910 4545 decla-

318 4539 464 4600 raitio
492 4539 632 4599 nunc
659 4543 739 4598 sic
769 4545 892 4605 fiat.
924 4552 982 4597 ut
1018 4543 1070 4597 in
1100 4540 1322 4596 exordio
1352 4540 1620 4610 pollicitus
1645 4554 1783 4592 sum.
1817 4539 1909 4592 Di-

322 4617 525 4681 ximus,
555 4614 742 4677 frater,
775 4623 1025 4683 oportere
1051 4612 1103 4666 in
1130 4612 1380 4681 passione
1403 4651 1419 4678 ,
1448 4619 1503 4666 et
1529 4610 1907 4683 aequinoctium

318 4682 913 4749 vernum,etdecimam
939 4692 1180 4752 quartam
1209 4683 1387 4736 lunam
1408 4723 1424 4748 ,
1452 4697 1560 4735 non
1589 4691 1713 4735 ante
1740 4682 1909 4750 aequi-

317 4760 560 4814 noctium
603 4767 658 4810 et
703 4751 993 4810 Sabbatum
1039 4763 1094 4809 et
1137 4755 1464 4807 Dominicam
1512 4767 1807 4806 assumere.
1851 4751 1908 4806 Si

316 4844 454 4898 ergo
490 4827 782 4898 aliquando
810 4826 1096 4898 contigerit
1133 4824 1685 4898 deeitnatn__quartam
1727 4822 1908 4898 lunam

317 4893 450 4955 ante
476 4893 856 4968 aequinoctium
889 4893 1148 4961 incidere,
1177 4895 1320 4948 illam
1345 4893 1636 4968 rejicimus,
1667 4902 1720 4946 ct
1745 4894 1904 4946 aliam

317 4965 767 5040 qua:rimbs,quae
791 4966 954 5040 debet
978 4977 1099 5040 post
1119 4965 1496 5040 aequinoctium
1521 4979 1678 5040 esse;
1711 4975 1764 5018 et
1786 4973 1913 5040 tunc

319 5035 586 5110 contingit
615 5035 854 5092 mensem
882 5035 1198 5110 injectitium
1230 5051 1370 5110 esse,
1391 5035 1562 5090 donec
1588 5037 1787 5110 oriatur
1816 5035 1912 5089 de-

317 5111 463 5165 cima
495 5107 681 5178 quarta
714 5116 834 5177 post
860 5107 1256 5178 aequinoctium.
1288 5107 1440 5161 Nunc
1464 5116 1639 5162 autem
1663 5147 1677 5170 ,
1711 5107 1908 5178 frater,

324 5183 382 5236 in
413 5177 663 5250 praesenti
694 5177 954 5234 l’ascltate
995 5189 1189 5250 quarta
1222 5179 1428 5232 decima
1471 5178 1655 5250 incidit
1700 5177 1912 5234 duobus

319 5248 537 5306 circiter
556 5250 746 5305 diebus
767 5259 890 5305 ante
913 5249 1310 5316 aequinoctium,
1335 5263 1433 5303 nec
1451 5248 1689 5302 adhiberi
1715 5257 1908 5317 potest.

322 5322 451 5378 Ideo
472 5322 761 5392 quaerimus
783 5329 840 5374 ut
868 5321 1070 5375 lunaris
1097 5319 1296 5374 mensis
1329 5319 1565 5392 finiatur,
1600 5329 1656 5392 ut
1683 5335 1915 5387 sequen-

322 5405 434 5448 tem
446 5390 971 5464 quartamdecimam
991 5405 1346 5464 assumamus,
1367 5400 1420 5444 et
1441 5390 1492 5444 in
1519 5391 1602 5464 illa
1617 5390 1915 5464 servatoris

322 5461 567 5521 mensem
624 5462 984 5517 celebremus.
1021 5461 1200 5516 Mense
1247 5461 1403 5531 igitur
1449 5462 1789 5526 embolismo,
1820 5476 1913 5516 seu

323 5535 608 5605 injectilio,
629 5548 764 5603 Opus
787 5533 1066 5605 habeuuts.
1087 5534 1293 5605 litenim
1319 5541 1373 5605 ut
1395 5531 1640 5605 vidimus,
1665 5532 1709 5585 si
1731 5543 1916 5605 quarta

323 5601 533 5660 decima
561 5601 684 5658 luna
713 5615 839 5658 ante
863 5603 1238 5673 aequinoctium
1268 5602 1486 5666 incidat,
1522 5616 1620 5656 nos
1650 5616 1754 5655 non
1783 5601 1869 5656 illa
1897 5643 1912 5668 ,

326 5677 423 5730 sed
468 5683 726 5747 sequente
765 5684 887 5747 post
934 5673 1316 5747 aequinoctium
1366 5673 1794 5747 opnsbabere:
1838 5673 1916 5727 sic

326 5743 613 5803 rursutn'si
641 5743 826 5818 quarta
857 5746 1062 5802 decima
1091 5744 1213 5798 luna
1241 5760 1363 5798 cum
1389 5743 1660 5799 Dominica
1686 5757 1912 5798 concur-

1648 259 1711 314 1N
1753 258 1898 316 PASf

2007 268 2022 314 ι
2067 259 2174 316 VII.
3480 263 3580 318 ῗῗοί

1989 383 2095 439 rat,
2122 371 2261 428 hanc
2292 387 2396 429 non
2423 373 2758 429 celebramus
2787 371 3116 428 Dominicam
3145 377 3575 433 resurrettioms.

1987 446 2098 517 sed
2117 453 2428 517 sequentem
2447 444 2794 517 _Dominicam
2835 445 3158 517 assumimus
3183 485 3198 510 ,
3227 448 3354 515 quia
3387 461 3574 517 quarta

1985 514 2191 569 decima
2228 515 2490 583 passionis
2533 523 2617 570 est
2648 534 2661 568 :
2695 515 2745 570 in
2777 514 2879 570 hac
2921 515 3065 569 enim
3097 514 3285 585 passus
3315 514 3578 571 est'CIu-i-

1990 597 2127 650 ctus,
2157 587 2447 640 l'arasceve
2469 596 2856 648 concurrente;
2886 594 2941 640 et
2962 586 3100 640 sicut
3120 586 3449 641 Paraseeven
3473 605 3581 644 non

1989 666 2046 728 ut
2075 657 2216 709 diem
2252 656 2663 728 resurrectiOnis
2689 656 3052 726 agnoscimus,
3097 657 3175 711 sic
3204 672 3306 712 nec
3331 669 3577 728 quartam

1989 725 2250 780 decimam
2281 741 2402 780 cum
2437 725 2527 780 illa
2549 725 2975 782 concurrentem.
3001 728 3129 794 Quae
3159 743 3288 783 vero
3312 725 3584 784 Dominica

1990 812 2088 867 pro
2117 798 2510 869 resurrectione
2537 801 2839 869 assignatur
2860 839 2874 862 ,
2905 814 3033 868 pura
3067 798 3136 869 sit
3160 807 3372 868 oportet
3401 815 3431 852 a
3461 815 3585 869 pas-

1991 869 2162 922 sione.
2195 868 2250 922 Si
2276 883 2404 938 ergo
2447 868 2498 922 in
2556 868 2932 923 illa'incidcrit
2984 868 3246 938 passionis
3289 868 3585 937 numerus,

1989 939 2078 1008 qui
2108 948 2192 993 est
2229 949 2430 1008 quartae
2459 939 2681 994 decimae
2713 942 2871 1005 lunae,
2904 939 3002 994 hac
3019 939 3183 1010 missa
3211 941 3316 1003 die,
3351 955 3586 1010 sequen-

1993 1018 2099 1063 tem
2132 1019 2189 1063 ut
2221 1010 2467 1078 passione
2493 1025 2676 1078 puram
2704 1009 3112 1080 sequimur.Cur
3137 1012 3278 1063 enim
3309 1013 3358 1064 in
3389 1026 3588 1081 pr0po~

1992 1081 2096 1134 sito
2137 1081 2290 1134 nobis
2319 1082 2389 1135 sit
2419 1081 2699 1134 Dominum
2731 1081 2923 1134 imitari
2958 1081 3009 1134 in
3044 1081 3290 1150 passione
3319 1091 3372 1136 et
3408 1098 3589 1136 resur-

1993 1151 2253 1216 rectione,
2279 1151 2628 1216 Dominicam,
2647 1167 2805 1221 quam
2827 1152 3203 1205 resnrreetioni
3227 1153 3583 1222 assignamus,

1993 1235 2020 1292 a
2039 1223 2286 1292 passione
2298 1236 2504 1292 puram,
2525 1231 2574 1275 ut
2597 1223 2848 1276 Dominus
2863 1222 3007 1286 fecit,
3028 1222 3396 1290 observamus,
3412 1223 3461 1276 in
3475 1223 3589 1278 dic—

1994 1291 2093 1347 bus
2118 1307 2235 1362 quae
2259 1291 2399 1345 illam
2429 1293 2731 1361 praecedunt
2753 1293 3052 1362 passionem
3080 1294 3430 1362 assignantes.
3454 1295 3587 1362 Quia

1995 1377 2124 1417 vero
2143 1363 2242 1416 hoc
2269 1362 2540 1433 intelligis,
2552 1363 2661 1432 jam
2675 1363 2830 1418 dictis
2846 1363 3084 1418 attende.
3100 1363 3262 1416 Biduo
3277 1375 3401 1418 ante
3422 1367 3589 1433 aequi-

1995 1433 2253 1495 noctium,
2283 1435 2481 1498 utdixi,
2507 1433 2920 1488 acciditdecima
2949 1442 3136 1503 quarta
3165 1437 3286 1488 luna
3319 1451 3331 1487 :
3362 1451 3583 1490 necesse

1995 1514 2270 1559 autemest
2290 1503 2426 1559 hanc
2447 1505 2793 1566 dimittcrc,et
2809 1515 3266 1574 sequentem,qua:
3289 1515 3406 1574 post
3423 1509 3590 1574 mutti-

1996 1575 2230 1628 noctium
2259 1575 2473 1640 accidit,
2505 1589 2802 1629 assumere.
2850 1575 3042 1630 Verum
3072 1575 3186 1628 haec
3226 1592 3436 1630 rursum
3467 1594 3586 1645 quat:

1997 1648 2273 1700 Concurrit
2309 1660 2429 1699 cum
2481 1645 2735 1716 vigesima
2775 1654 2930 1702 sexta
2974 1646 3061 1701 die
3105 1648 3306 1699 tttettsis
3352 1648 3587 1716 septimi,

1995 1717 2267 1787 concurrit
2331 1717 2491 1770 etiam
2551 1731 2674 1787 cum
2739 1716 3031 1787 Dominiea.
3088 1718 3220 1782 Quia
3273 1732 3404 1787 ergo
3463 1733 3582 1771 rur-

1997 1801 2090 1840 sus
2146 1785 2351 1841 decima
2401 1795 2588 1855 quarta
2639 1786 2760 1839 luna
2801 1800 2923 1840 eum
2957 1786 3234 1841 Dominit-a
3269 1785 3580 1856 concurrit,

1998 1858 2406 1912 resurrectionis
2432 1856 2623 1911 festum
2648 1857 2698 1908 in
2724 1866 3035 1925 sequentem
3061 1858 3387 1912 Dominicam
3408 1869 3586 1912 trans-

2001 1925 2224 1982 ferimus
2247 1968 2261 1989 ,
2308 1943 2425 1997 quae
2454 1942 2484 1981 a
2519 1928 2778 1994 passionis
2820 1943 3044 1983 numero
3073 1929 3234 1982 libera
3263 1941 3342 1982 est
3369 1969 3386 1994 ,
3429 1946 3475 1983 e.
3508 1931 3588 1984 sic

1999 1999 2274 2070 vigesimae
2300 2007 2466 2070 sextae
2493 1998 2706 2068 septimi
2737 2001 2940 2070 mensis
2964 1998 3352 2054 hebdomadam
3380 2001 3588 2055 adden-

2001 2068 2114 2141 t_es,A
2134 2069 2312 2122 octavi
2358 2071 2562 2125 mensis
2606 2068 2840 2141 secunda
2870 2071 3321 2141 resurrectionem
3352 2073 3584 2141 agitans.

2002 2137 2071 2192 Et
2102 2137 2215 2193 haec
2241 2153 2398 2194 causa
2427 2148 2510 2195 est
2538 2140 2763 2208 hujusce
2790 2139 3187 2195 declarationis.
3221 2141 3372 2208 Quod
3387 2137 3444 2196 'si
3475 2144 3592 2210 quis

2000 2209 2366 2264 contradicere
2393 2211 2518 2265 velit
2539 2211 2682 2265 circa
2703 2211 3010 2280 vigesimam
3038 2220 3244 2267 sextam
3271 2214 3412 2266 diem
3437 2209 3593 2281 hujus

2002 2281 2223 2344 mensis,
2251 2290 2304 2334 et
2334 2281 2514 2336 dicere
2535 2323 2551 2348 ,
2584 2296 2723 2336 nunc
2753 2282 3084 2336 Dominicam
3110 2298 3232 2337 eum
3273 2294 3461 2350 quarta
3489 2285 3586 2338 de-

2001 2351 2139 2424 cima
2166 2351 2379 2424 mensis
2413 2353 2614 2406 lunaris
2633 2366 2958 2408 concurrere
2980 2393 2996 2421 ,
3030 2352 3074 2407 is
3106 2355 3366 2420 mittatur,
3392 2355 3438 2408 si
3467 2354 3590 2424 qni-

2001 2420 2124 2476 dem
2146 2422 2293 2489 velit,
2316 2421 2382 2476 ad
2403 2436 2466 2492 ea
2488 2437 2607 2492 quae
2633 2432 2820 2477 contra
2845 2424 2999 2477 allata
3026 2432 3184 2487 sunt;
3208 2434 3262 2477 et
3280 2420 3589 2482 Graecorum

2002 2492 2273 2563 Sapientes
2309 2493 2378 2563 ad
2407 2491 2513 2548 hoc
2541 2502 2705 2548 testes
2733 2493 2993 2561 accipiat,
3036 2494 3176 2562 quod
3219 2504 3380 2548 totam
3409 2495 3595 2550 Domi-

2003 2562 2179 2617 nieam
2223 2573 2278 2618 et
2306 2562 2446 2635 hanc
2475 2572 2530 2617 et
2577 2573 2892 2635 sequentem
2919 2574 3129 2619 noctem
3163 2565 3273 2619 fere
3315 2580 3483 2635 usque
3523 2567 3591 2620 ad

2008 2641 2322 2704 sequentem
2354 2633 2496 2689 diem
2529 2644 2718 2704 quarta
2745 2634 2951 2704 decima
2995 2636 3115 2689 luna
3143 2633 3583 2704 comprehendat.

2005 2705 2082 2773 Ac
2105 2717 2261 2758 nemo
2285 2703 2447 2770 dicat,
2468 2703 2757 2773 numquam
2785 2703 2886 2759 hoc
2910 2706 3013 2759 ritu
3039 2705 3240 2761 Pascha
3267 2707 3594 2762 celebratum

2005 2772 2191 2829 fuisse.
2227 2775 2458 2843 Hujusce
2485 2775 2560 2829 rei
2591 2772 2788 2829 multos
2818 2775 3074 2830 habemus
3115 2785 3279 2831 testes
3311 2787 3364 2832 et
3396 2794 3596 2832 metuo—

2007 2858 2112 2898 res.
2142 2844 2339 2917 Deinde
2360 2859 2574 2914 ea,qnae
2603 2861 2891 2916 numquam
2915 2862 3037 2902 vera
3059 2856 3204 2912 sunt,
3221 2864 3506 2917 numquam
3523 2865 3589 2904 ex

2006 2916 2236 2987 scientia
2262 2917 2650 2981 conciliantur;
2693 2918 2788 2972 sed
2818 2930 3033 2987 semper
3072 2920 3329 2987 qua-ritur
3357 2916 3594 2974 scientiae

2012 2986 2173 3058 ratio,
2193 2995 2247 3040 et
2270 2999 2413 3056 saepe
2439 2999 2527 3040 res
2554 2987 2661 3040 cito
2687 2986 2901 3058 accidit,
2927 3001 3072 3058 saepe
3094 2986 3277 3055 citius,
3303 2997 3358 3042 et
3385 3005 3596 3043 sursum

2007 3056 2244 3128 tardius;
2296 3064 2368 3128 et_
2391 3070 2549 3128 nemo
2593 3057 2794 3126 peritus
2835 3056 3249 3127 inaequalitatem
3295 3069 3596 3128 temporum

2006 3126 2252 3201 attendit,
2280 3126 2373 3182 sed
2402 3127 2669 3201 rationum
2695 3126 3278 3201 eoueentu’m.Quoties
3296 3126 3450 3201 putas
3467 3145 3596 3201 prae~

2011 3196 2181 3252 teritis
2205 3197 2532 3268 temporibus
2548 3197 2748 3271 dictum
2766 3196 2953 3271 fuisse,
2968 3200 3060 3254 sed
3085 3196 3376 3271 numquam
3391 3196 3597 3256 factum

2005 3279 2086 3321 est
2113 3309 2127 3331 ,
2159 3277 2211 3322 et
2245 3274 2421 3322 tamen
2457 3282 2545 3321 ars
2570 3268 2814 3324 obtinet?
2857 3268 2994 3335 Quid
3041 3268 3594 3328 antem'discriminis

2006 3339 2126 3413 est?
2143 3337 2274 3413 Nam
2293 3339 2380 3408 qui
2403 3349 2587 3393 contra
2616 3349 2780 3413 stant,
2814 3337 3050 3413 fatentur
3065 3356 3210 3413 saepe
3233 3343 3518 3410 accidisse,
3541 3355 3600 3397 ut

2007 3409 2262 3482 vigesima
2303 3423 2441 3465 nona
2472 3409 2684 3482 mensis,
2713 3412 2924 3482 septimi
2959 3409 3162 3468 Pascha
3205 3409 3590 3470 celebraretur.

2013 3478 2239 3554 _Dcmutn
2267 3484 2444 3554 agitur
2489 3480 2556 3536 de
2601 3478 2896 3554 tribus'aut
2937 3492 3167 3554 quatuor
3191 3484 3416 3548 diebus,
3459 3500 3594 3554 quas

2010 3549 2135 3606 huic
2163 3549 2461 3625 disciplinae
2487 3549 3072 3625 concedererenuimt.
3105 3553 3260 3611 Unde
3284 3569 3415 3625 ergo
3443 3549 3594 3610 inex-

2010 3631 2255 3694 speetata
2275 3623 2421 3678 venit
2450 3622 2565 3677 haec
2589 3622 2896 3679 dubitatio?
2921 3622 3026 3679 Sed
3061 3628 3323 3679 mirantur
3348 3622 3488 3694 (ptod
3523 3626 3602 3680 sic

2010 3691 2346 3765 i_t_taequnli_fer
2372 3701 2642 3765 quantum
2681 3694 2747 3748 ad
2777 3703 2988 3765 tempus
3031 3695 3235 3750 Pascha
3277 3691 3599 3751 celebretur.

2015 3762 2214 3817 Verum
2258 3762 2386 3818 illud
2407 3762 2603 3833 peritis
2630 3765 2824 3819 mirum
2868 3762 2974 3820 non
3012 3774 3115 3821 est.
3165 3765 3328 3821 Vides
3353 3809 3369 3832 ,
3398 3767 3600 3832 frater,

2011 3835 2252 3956 poeticos
2271 3843 2362 3887 aut
2385 3835 2614 3904 tragicos
2635 3847 2875 3900 ornatus,
2898 3837 3166 3906 quomodo
3189 3837 3264 3891 illi
3288 3838 3393 3891 sint
3413 3839 3602 3900 exiles,

2054 3906 2065 3956 i
2088 3903 2360 3956 exiliores.
2387 3905 2478 3956 alii
2501 3919 2630 3956 vero
2651 3905 2886 3956 latiores.
2918 3907 3027 3956 llos
3047 3922 3178 3956 vero
3206 3909 3435 3956 inmeriti
3459 3923 3602 3956 m-nr.

2054 3906 2065 3956 i
2088 3903 2360 3977 exiliores,
2387 3903 2485 3958 alii
2501 3919 2630 3977 vero
2651 3905 2901 3977 latiores.
2917 3903 3027 3960 llos
3047 3922 3178 3977 vero
3206 3909 3435 3977 imperiti
3459 3923 3605 3977 pror.

2011 3987 2105 4028 sus
2149 3973 2446 4040 mirantur,
2481 3974 2637 4045 ut‘ita
2678 3975 2993 4043 simpliciter
3039 3973 3368 4045 dispositos;
3412 3973 3604 4033 artifex

2015 4058 2142 4116 vero
2171 4045 2260 4113 qui
2293 4053 2523 4116 metrum
2549 4041 2841 4099 harmoniae
2869 4045 3056 4110 novit,
3084 4041 3215 4101 artis
3247 4041 3457 4116 planam
3497 4052 3610 4104 scit

2013 4115 2296 4187 rationem,
2330 4115 2430 4169 etsi
2460 4114 2720 4187 linearum
2750 4127 3074 4187 conspectus
3113 4114 3390 4187 inaequalis
3418 4119 3608 4174 videa-

2015 4193 2119 4240 tur.
2170 4185 2321 4240 Nunc
2345 4193 2495 4240 certe
2521 4225 2536 4250 ,
2569 4183 2736 4240 frater
2758 4227 2774 4253 ,
2804 4183 2920 4240 dies
2949 4183 3360 4248 resurrectionis
3405 4200 3487 4244 est
3515 4205 3604 4244 se-

2021 4255 2195 4329 cunda
2225 4255 2670 4329 mensisuoctavi;
2703 4270 2846 4329 anno
2876 4267 3058 4312 autem
3083 4259 3368 4329 sequenti,
3396 4259 3606 4316 decima

2021 4328 2248 4400 septima
2280 4327 2481 4400 mensis
2506 4326 2720 4400 septimi
2739 4367 2756 4395 ,
2784 4338 2839 4382 et
2868 4344 3078 4382 rursum
3107 4326 3431 4400 insequenti
3463 4347 3601 4385 nona

2015 4399 2228 4468 septimi
2255 4398 2454 4473 mensis
2480 4398 2580 4451 erit
2607 4437 2621 4461 ,
2653 4413 2714 4452 ac
2741 4414 2924 4473 rursus
2957 4403 3116 4473 tertio
3144 4398 3320 4473 anno,
3350 4403 3603 4473 vigesima

2015 4467 2155 4542 uena
2173 4467 2371 4542 mensis
2391 4467 2506 4542 dies
2517 4469 2926 4542 resurrectionis
2947 4471 3325 4541 QSeigllabllllrl
3343 4467 3608 4542 ncinoque

2017 4539 2117 4594 hac
2143 4540 2194 4592 in
2223 4554 2281 4595 re
2311 4539 2541 4605 laeditur,
2572 4554 2732 4594 nemo
2756 4541 2903 4595 dolet
2930 4557 2945 4606 ;
2979 4539 3077 4596 sed
3099 4557 3293 4598 onmcs
3320 4545 3452 4598 artis
3477 4539 3604 4596 har-

2016 4612 2254 4664 moniam
2298 4619 2587 4678 quaerunt,
2620 4621 2675 4665 et
2721 4611 2789 4666 de
2831 4612 2910 4666 rei
2960 4613 3180 4666 scicntia
3231 4615 3499 4667 laetantur.
3548 4614 3606 4668 id

2015 4683 2159 4736 enim
2189 4680 2361 4753 solum
2383 4689 2673 4750 spectatur,
2705 4692 2763 4736 ut
2787 4681 2993 4737 decima
3020 4693 3208 4753 quarta
3241 4683 3363 4738 luna
3391 4684 3478 4738 illa
3501 4701 3605 4740 non

2015 4761 2140 4807 ante
2168 4752 2545 4821 aequinoctium
2577 4767 2797 4806 vernum
2825 4753 2924 4816 sit,
2947 4764 3001 4807 et
3026 4752 3084 4808 ut
3117 4755 3388 4808 liominica
3417 4757 3482 4808 ad
3513 4771 3602 4810 re-

2016 4825 2407 4894 surrectionem
2452 4822 2717 4892 assignata
2759 4839 2788 4877 a
2815 4824 3021 4878 decima
3059 4835 3246 4894 quarta
3289 4827 3407 4878 luna
3441 4825 3606 4880 libera

2017 4893 2105 4947 sit.
2132 4894 2245 4960 Qua
2271 4893 2338 4948 de
2356 4907 2514 4966 causa
2535 4894 2857 4966 quaestiones
2877 4904 3110 4962 movent,
3135 4898 3219 4964 qui
3244 4896 3430 4951 calculi
3459 4898 3617 4966 periti

2019 4979 2124 5018 non
2151 4972 2292 5016 sunt.
2329 4965 2550 5036 Oportet
2577 4965 2721 5019 enim
2749 4966 3010 5021 decimam
3037 4978 3279 5036 quartam
3313 4969 3364 5020 in
3397 4965 3607 5021 hebdo-

2019 5036 2174 5088 mada
2204 5043 2329 5089 ante
2354 5035 2628 5089 delinitam
2662 5035 3108 5092 resurrectionem
3137 5040 3464 5099 routtingere.
3501 5038 3606 5090 Sed

2019 5107 2063 5162 si
2093 5105 2388 5177 quidemrin
2417 5106 2765 5161 hebdomadae
2791 5109 2967 5177 spatio
2991 5108 3268 5176 acciderit,
3297 5117 3423 5163 tunc
3444 5108 3611 5162 facilis

2020 5185 2102 5232 est
2129 5176 2400 5241 inventio;
2428 5177 2472 5230 si
2501 5192 2627 5231 vero
2657 5178 2707 5230 in
2743 5176 3071 5233 Dominicam
3095 5179 3312 5243 incidat,
3339 5182 3425 5232 hic
3454 5195 3612 5232 aecu-

2023 5259 2138 5302 rate
2167 5247 2554 5318 providendum
2586 5258 2690 5303 est.
2735 5247 2865 5302 Nam
2894 5249 2988 5318 qtti
3027 5265 3140 5304 rem
3173 5263 3278 5303 non
3313 5250 3609 5318 inquirunt,

2021 5320 2290 5391 interdum
2305 5332 2411 5372 non
2427 5317 2690 5391 decimam
2707 5317 2969 5391 quartam,
2985 5319 3080 5375 sed
3099 5319 3360 5376 detimam
3375 5317 3612 5391 quintam

2022 5389 2222 5444 erroris
2251 5403 2467 5443 causam
2494 5387 2740 5460 faciunt;
2762 5390 2906 5460 quod
2932 5392 3091 5446 etiam
3120 5393 3170 5445 in
3203 5387 3452 5460 praesenti
3475 5407 3611 5446 con-

2025 5462 2159 5530 ttgit.
2191 5460 2454 5532 Debemus
2491 5473 2629 5532 ergo
2654 5459 2706 5513 in
2734 5459 2818 5515 his
2853 5470 3034 5527 stare,
3065 5472 3118 5516 et
3163 5459 3454 5532 agnoscere
3499 5479 3612 5518 rem

2024 5529 2163 5584 nunc
2183 5531 2443 5584 concinne
2471 5529 2782 5603 dispositam
2811 5546 2952 5587 esse.
2980 5533 3102 5587 llaec
3115 5529 3347 5588 sciamus
3365 5543 3578 5603 oportet
3598 5550 3610 5563 °

2023 5611 2078 5655 et
2123 5614 2249 5654 ante
2301 5609 2610 5670 sequentem
2660 5601 3049 5656 hebdomadam
3081 5604 3180 5660 hac
3209 5606 3277 5659 de
3320 5601 3612 5659 recertam

2024 5672 2246 5741 quisque
2271 5669 2869 5744 habeatopinionem,et
2891 5675 3062 5728 sciant
3091 5675 3227 5730 hanc
3249 5677 3470 5744 primum
3491 5693 3612 5730 esse

2033 5759 2098 5798 cx
2137 5752 2343 5812 septem
2393 5743 2839 5812 liebdotttadibus,
2889 5746 3064 5818 inqua
3100 5743 3307 5818 Oportet
3350 5747 3609 5816 jejunarc.
