4058 6208
251 4116 256 4119 ,
295 4108 332 4119 ,ι’

366 173 473 230 751)

367 302 508 341 mam
540 281 994 354 longanimitatem
1036 281 1605 354 segnisievadastneu
1635 289 1687 334 te
1729 295 1946 354 semper

364 351 724 425 voluptatibus
739 353 921 408 dedas.
947 353 1022 408 Ne
1037 351 1207 417 dicas,
1229 353 1443 425 interim
1459 351 1613 425 fruar
1636 351 1944 425 cupiditate,

370 423 583 482 interim
627 434 744 478 utar
777 425 1056 493 jnventute
1091 441 1105 476 :
1136 425 1312 478 veniet
1352 423 1580 477 subinde
1622 423 1948 493 poenitentia:

365 508 608 566 tempus;
639 509 758 549 cras
780 491 1148 566 pmnitentiam
1173 509 1357 566 agam;
1392 491 1690 566 senectutis
1709 502 1949 566 tempore

367 562 532 620 vitain
560 562 898 634 componam.
922 565 1082 618 Vana:
1103 562 1227 618 sunt
1254 563 1554 630 lmjusmodi
1577 562 1948 634 cogitationes;

369 637 508 691 [uada
559 635 644 689 illa
679 632 766 689 tua
807 635 1118 705 cupiditatis
1157 635 1379 689 consilia
1415 649 1428 685 :
1460 635 1600 686 malo
1645 632 1948 705 consiliario

369 707 536 762 uteris
561 706 852 774 voluptate.
880 703 1070 770 ’Dicis,
1101 705 1278 759 llodie
1324 715 1600 774 peccatum
1652 703 1948 774 admittam,

369 792 490 838 cras
507 772 872 845 penitentiam
891 790 1064 844 agam.
1083 778 1163 830 Att
1187 775 1436 845 dominus
1452 789 1518 845 es
1544 773 1651 828 diei
1672 772 1952 845 crastinm?

372 849 494 916 quis
509 842 618 900 'tibl
645 846 750 900 diei
781 842 1029 900 crastina)
1057 844 1324 916 sponsor?
1353 845 1408 899 Si
1432 843 1716 911 diligenter
1743 842 1952 908 audias,

373 915 549 987 neque
567 926 710 970 totus
741 916 1032 970 hodiernus
1056 916 1171 987 dies
1206 915 1294 969 est'
1317 923 1436 969 tuus
1472 931 1483 965 :
1515 915 1634 982 ejus
1667 929 1787 987 pars
1819 929 1956 982 prte-

373 980 518 1042 teriit
543 1028 557 1052 ,
591 1003 710 1056 pars
738 996 987 1056 superest
1021 1003 1045 1056 :_
1068 980 1154 1039 illa
1176 987 1418 1056 jaminon
1439 997 1524 1039 tua
1549 980 1648 1048 est,
1669 980 1800 1038 ’haae
1820 980 1968 1056 non-~

373 1059 501 1112 dum
536 1054 646 1112 tua.
676 1059 768 1111 Ais
803 1054 816 1110 ἑ
846 1055 1015 1109 Fruar
1036 1054 1193 1110 hodie
1223 1054 1516 1124 voluptate,
1549 1070 1667 1108 cras
1688 1055 1956 1124 pmniteu-

376 1130 504 1182 tiam
549 1144 724 1197 agam.
760 1127 912 1194 Quod
965 1126 1128 1181 habes
1157 1127 1450 1195 voluptati,
1500 1125 1640 1194 quod
1672 1141 1776 1197 non
1810 1135 1955 1177 tuum

373 1208 481 1263 est,
513 1196 842 1268 ρωιιίιοιιιίειε
862 1197 1125 1266 deputas?
1154 1197 1270 1251 Meo
1301 1198 1476 1266 potius
1505 1196 1732 1250 consilio
1759 1204 1910 1268 utere
1938 1210 1952 1246 :

339 1306 348 1313 .
380 1266 694 1323 hodiernam
724 1267 865 1322 diem
897 1268 1223 1336 pmnitentice
1243 1307 1260 1333 ,
1315 1276 1532 1336 peccato
1560 1281 1626 1336 ne
1670 1266 1958 1319 crastinam

377 1339 594 1408 quidem
621 1337 838 1406 depttta.
863 1334 985 1391 Ideo
1017 1337 1235 1405 pulchre
1276 1334 1453 1390 divina
1472 1334 1756 1408 Scriptura
1783 1336 1962 1408 divcrf

379 1405 456 1463 sis
481 1424 587 1464 non
619 1405 790 1462 modis
833 1425 861 1460 a
895 1420 1112 1475 peccato
1140 1419 1354 1462 revocat
1398 1430 1410 1460 :
1460 1405 1645 1470 Hodie,
1697 1407 1884 1475 inquit,
1917 1405 1963 1459 si

379 1495 549 1550 vocem
577 1480 686 1550 ejus
731 1478 1016 1550 audieritis,
1055 1479 1218 1550 nolite
1257 1479 1524 1550 obdurare
1575 1478 1732 1550 corda
1777 1487 1960 1550 vestra,

379 1548 508 1603 sicut
523 1550 575 1602 in
598 1547 1008 1620 vexacerbatione
1041 1548 1212 1620 (I’sal.
1245 1549 1332 1604 9i.
1367 1549 1469 1620 8),;
1501 1556 1576 1614 ct,
1607 1547 1963 1620 Adhortantini

380 1620 706 1688 vosmetipsos
732 1616 1061 1691 donechodié
1083 1620 1375 1691 norninutur
1395 1617 1652 1691 (llebr._5.
1685 1619 1796 1691 l5).
1829 1616 1961 1691 Nam

383 1693 486 1745 hoc
513 1687 725 1758 queque
751 1689 888 1742 mala
917 1703 1061 1758 saepe
1085 1687 1332 1744 diabolus
1360 1687 1474 1743 arte
1503 1688 1649 1743 facit.
1679 1687 1814 1743 Cum
1844 1689 1962 1741 atii-

387 1775 532 1827 mum
565 1758 710 1813 videt
736 1759 788 1812 in
817 1768 1153 1827 peccatorum
1181 1773 1398 1813 sensum
1425 1760 1627 1824 venire,
1655 1774 1717 1813 ac
1756 1758 1960 1826 suppli-

379 1830 454 1886 cii
481 1825 642 1884 llnem
683 1825 939 1899 cogitare,
970 1829 1104 1884 tales
1127 1829 1360 1883 immittit
1382 1831 1732 1899 cogitationes
1753 1825 1968 1883 :Junior

388 1914 549 1962 sum.
592 1900 696 1953 erit
741 1899 1070 1969 paenitentiae
1101 1910 1340 1968 tempus,
1389 1900 1598 1952 interim
1647 1899 1806 1954 hodie
1848 1910 1966 1952 utar

387 1969 774 2039 praesentibus,
827 1970 1043 2023 interim
1092 1969 1232 2023 hanc
1278 1969 1531 2024 obtinebo
1580 1969 1760 2035 litem,
1819 1970 1966 2022 illmn

387 2041 550 2095 talem
578 2040 824 2103 ulciscar,
847 2039 957 2110 hac
981 2040 1272 2110 cupiditate
1285 2039 1451 2107 fruar,
1468 2055 1531 2094 ac
1557 2039 1768 2095 demum
1794 2040 1970 2108 patui-

393 2111 617 2164 tentiam
642 2125 818 2178 agam.
845 2109 1000 2164 Venit
1027 2108 1220 2165 iterum
1244 2108 1360 2165 dies
1421 2112 1672 2172 crastina,
1727 2110 1974 2164 easdem-

387 2195 494 2250 que
542 2181 632 2250 tibi
670 2179 910 2234 immittit
951 2180 1322 2250 cogitationes,
1376 2179 1581 2250 iisdem
1613 2188 1665 2235 te
1706 2179 1974 2248 intercipit

389 2249 676 2304 diabolicis
748 2249 1077 2305 ratiociniis:
1110 2250 1346 2304 futurum
1397 2249 1670 2319 ostendit,
1737 2264 1974 2319 prmscns

391 2319 661 2373 subtrahit
690 2333 706 2373 :
759 2328 921 2388 atque
951 2321 1020 2374 ita
1050 2321 1308 2388 quotidie,
1339 2321 1392 2374 in
1423 2319 1675 2388 p‘rtesenti
1723 2330 1774 2375 te
1820 2320 1974 2374 volu-

393 2390 624 2460 ptatibus
642 2389 911 2455 detinens,
940 2391 990 2444 in
1012 2391 1247 2445 crastino
1278 2392 1603 2460 poenitentim
1625 2405 1774 2460 spem
1799 2401 1979 2446 osten-

391 2459 731 2530 dcnstvitam
754 2469 894 2512 tuam
920 2461 1246 2528 quotidianis
1276 2459 1329 2514 in
1363 2461 1590 2530 peccatis
1620 2459 1904 2516 censumit.

465 2528 516 2583 Ξ.
551 2528 631 2583 Tu
663 2544 790 2584 vero
832 2539 1014 2583 contra
1045 2528 1372 2600 voluptatem
1402 2533 1569 2585 milita
1601 2545 1614 2584 :
1643 2533 1764 2586 audi
1801 2532 1982 2586 Domi-

395 2616 523 2654 tium
551 2601 870 2654 clamantem
901 2618 912 2652 :
940 2600 1062 2654 Esto
1093 2599 1242 2654 hodie
1269 2604 1532 2656 benevolus
1553 2599 1844 2655 adversario
1870 2613 1976 2665 tuo,

398 2671 641 2738 qtunndiu
667 2686 718 2723 es
747 2671 922 2742 invia
965 2687 1079 2723 cum
1126 2671 1430 2742 eo(.ilutth.
1477 2671 1531 2727 5.
1576 2671 1646 2742 25
1666 2676 1706 2741 ).
1753 2669 1981 2741 Expedit

396 2755 528 2794 sane
555 2751 664 2793 ttnn
692 2741 959 2812 omnibus,
988 2750 1095 2794 tum
1128 2741 1192 2794 iis
1216 2741 1304 2810 Qui
1336 2742 1560 2812 negotiis
1583 2741 1746 2796 dediti
1776 2753 1900 2796 sunt
1927 2753 1984 2798 ut

396 2824 466 2864 ne
491 2810 874 2864 contentiosius
908 2811 1028 2864 lites
1063 2820 1367 2866 exerceant.
1402 2810 1626 2866 Praestat
1645 2813 1908 2880 siquidem
1932 2824 1983 2870 te

401 2881 453 2932 in
487 2879 662 2934 litibus
691 2881 948 2934 incertum
975 2882 1173 2935 exitum
1201 2883 1372 2935 amico
1402 2881 1600 2937 ftedere
1627 2879 1980 2951 praevertere,

396 2963 554 3020 quam
581 2965 677 3020 spe
703 2951 881 3005 nixum
913 2951 1150 3006 victorite
1175 2953 1379 3007 incerto
1407 2954 1540 3006 mari
1569 2953 1857 3008 conlidere.
1885 2953 1985 3010 Le-

397 3021 481 3090 gis
506 3021 837 3091 syngraphas
868 3029 982 3075 tuas
1002 3063 1016 3087 ,
1049 3023 1276 3076 faustum
1317 3036 1506 3089 Speras
1533 3023 1734 3079 exitum
1766 3043 1779 3078 :
1815 3024 1986 3080 advo-

395 3100 547 3146 catus
573 3091 721 3162 lucro
746 3106 960 3145 manum
994 3093 1271 3162 porrigens
1300 3093 1571 3148 victoriam
1601 3094 1894 3162 promittit,
1929 3106 1988 3150 ιιι

399 3161 702 3233 mercedem
732 3161 1289 3231 reportet.’lnterdum
1317 3165 1476 3218 etiam
1513 3164 1677 3233 judex
1704 3161 1988 3233 corruptus

405 3231 608 3285 exitum
639 3245 814 3286 causa:
847 3233 1144 3304 pollicetur.
1177 3235 1379 3288 Incerta
1410 3231 1747 3304 spe—niteris.
1781 3231 1910 3289 Nam
1942 3237 1988 3291 si

400 3309 459 3373 iu
484 3301 1100 3373 antevertenspjudieem
1121 3304 1424 3368 corrupisti,
1443 3301 1740 3373 alienisque
1757 3307 1990 3360 muneri-

403 3369 503 3456 bus
548 3369 1365 3456 apertgg'wani;m
1413 3376 1573 3454 velim
1629 3369 1989 3456 auri-marium

402 3441 1112 3544 :uttWts‘Mteditari,
1131 3441 1789 3544 saipetﬁ’utn‘tranqqillo
1811 3463 1989 3501 rernnt

429 3525 491 3544 no
527 3527 540 3544 ι
578 3533 628 3544 ...ι
661 3531 816 3544 ..η-η...
859 3523 1119 3544 ....--:_--..:
1153 3527 1469 3544 Δ..,.,.,.........ι
1499 3530 1551 3544 ι...
1588 3519 1620 3536 ‘-
1660 3534 1669 3544 .
1696 3517 1966 3544 ...ηέηη-..Α

403 3516 817 3591 ξςιπῑῇῖήὸυτδιι
858 3516 1121 3591 naviganti
1151 3516 1631 3591 suaset'_uutut}t4vd_‘.
1660 3517 1990 3591 'letttitteres.

402 3581 787 3654 Nunquamne
826 3581 1007 3644 vidisti
1050 3606 1196 3644 mare
1233 3590 1283 3640 in
1333 3588 1507 3640 littore
1536 3589 1905 3654 tranqu..itm.,
1939 3587 1999 3642 in

404 3594 484 3634 Νι
596 3603 787 3644 uamne
826 3594 1000 3644 vidisti
1050 3606 1196 3644 mare
1233 3594 1283 3640 in
1333 3594 1507 3640 littore
1536 3594 1905 3654 tranq'u..itm.,
1939 3594 1993 3642 in

404 3594 802 3790 alldzﬁpctibus
829 3661 1058 3726 agitari?
1083 3660 1224 3722 Quot
1255 3656 1541 3725 tranquillo
1567 3656 1698 3710 mari
1738 3659 1993 3725 navigan-

408 3727 524 3790 198.
647 3727 756 3780 alto
796 3727 982 3790 pelago
1015 3726 1260 3780 ﬂuctibus
1295 3727 1688 3790 repentinisque
1719 3734 1993 3790 tempesta-

408 3726 616 3797 15’:an
647 3727 756 3780 alto
783 3727 994 3797 pelago
1015 3726 1260 3797 ﬂuctibus
1295 3727 1688 3797 repentinisque
1719 3734 2002 3797 tempesta-

412 3785 826 3867 ‘ibus.’itxcepti',
866 3785 1197 3867 naufragium
1237 3785 1518 3852 fecei'uut?
1561 3785 2001 3867 Talisiest-Itujus

415 3867 619 3936 1³9ζῦιῆ
647 3866 786 3920 linis.
818 3866 1088 3921 Interdum
1115 3867 1265 3921 initia
1294 3883 1444 3935 spem
1477 3882 1584 3934 prie
1609 3881 1668 3920 se
1697 3866 1895 3929 ferunt,
1936 3869 2001 3921 li-

413 3941 503 4060 ?S
530 3952 657 3992 vero
681 3939 1004 3992 contrarium
1028 3938 1230 4006 profert
1250 3947 1524 3992 eventum.
1559 3936 1599 3989 E
1627 3952 1682 3992 re
1708 3939 1865 4004 igitur
1885 3939 1999 3993 fue-

413 4037 420 4044 ο
451 4009 491 4060 it
511 4047 527 4060 .
555 4017 610 4060 ttt
629 4007 768 4060 dixi.
801 4010 1132 4060 pecuniarias
1158 4008 1275 4060 lites
1299 4009 1472 4060 amice
1495 4022 1831 4060 componere.
1867 4019 1922 4060 ut
1952 4009 1999 4060 in

409 4007 491 4062 l‘it
511 4047 527 4071 ,
555 4017 610 4060 ttt
629 4007 768 4072 dixi,
801 4010 1132 4078 pecuniarias
1158 4008 1275 4062 lites
1299 4009 1472 4062 amice
1495 4022 1831 4078 componere,
1867 4019 1922 4062 ut
1952 4009 2004 4063 in

419 4078 620 4148 negotii
650 4079 756 4134 line
779 4079 1006 4132 amicum
1040 4080 1131 4132 tibi
1155 4078 1424 4132 devincias
1451 4094 1466 4131 :
1497 4077 1798 4132 criminales
1825 4093 2002 4133 autem

421 4163 528 4202 non
555 4148 715 4203 modo
759 4164 863 4202 non
893 4165 1217 4217 componere
1240 4190 1254 4212 ,
1310 4149 1405 4203 sed
1437 4150 1596 4203 etiam
1647 4165 1713 4204 ne
1743 4150 2005 4204 intentare

421 4218 638 4288 quidem
687 4219 844 4274 liccat
875 4235 888 4271 :
921 4220 1016 4273 sed
1044 4220 1094 4272 in
1127 4219 1208 4272 his
1249 4221 1406 4273 etiam
1455 4220 1643 4273 melius
1677 4229 1758 4273 est
1794 4221 1960 4272 venite
1986 4260 2000 4283 ,

422 4305 583 4356 quam
613 4288 705 4343 ira:
728 4290 900 4343 locum
928 4290 1075 4343 dare.
1098 4289 1295 4343 Verum
1315 4291 1399 4342 hic
1423 4307 1526 4342 non
1555 4289 1760 4343 videtur
1787 4290 1913 4343 milii
1935 4289 2002 4344 de

426 4375 485 4413 re
513 4359 817 4428 pecuniaria
848 4359 1016 4413 solum
1047 4360 1152 4429 agi.
1188 4357 1334 4424 Esto,
1377 4361 1575 4429 inquit,
1602 4359 1862 4412 benevolus
1908 4359 2004 4411 ud-

425 4431 644 4484 versario
669 4439 753 4482 tuo
779 4429 898 4494 cito,
922 4431 1041 4482 dum
1069 4447 1120 4483 cs
1141 4431 1191 4483 in
1213 4431 1294 4483 via
1318 4446 1432 4483 cum
1452 4447 1528 4484 eo.
1553 4431 1662 4484 Hoc
1679 4430 2009 4483 additamen-

429 4509 539 4553 tum
572 4502 771 4568 prtebet
814 4500 943 4570 tnihi
987 4505 1320 4554 occasionem
1366 4502 1538 4570 majus
1565 4500 1829 4570 quidpiam
1864 4501 2008 4569 cogi-

427 4570 593 4623 tandi.
624 4570 756 4624 Nam
786 4571 828 4623 si
868 4569 936 4624 de
967 4571 1283 4639 pecuniariis
1323 4569 1498 4625 litibus
1538 4569 1707 4625 selum
1736 4579 2000 4639 ageretur,

427 4645 512 4710 vel
537 4640 603 4694 de
627 4641 992 4696 criminalibus
1041 4642 1573 4710 insensibilibusque;
1625 4655 1720 4694 cur
1749 4641 2003 4707 adderet,

433 4709 566 4762 Dum
583 4728 635 4764 es
655 4711 709 4764 in
731 4712 811 4763 via
835 4728 950 4763 cum
977 4728 1035 4765 ea
1058 4712 1083 4764 ἰ)
1103 4711 1220 4781 quis
1249 4709 1586 4765 adversarius
1608 4726 1734 4781 cum
1760 4712 2008 4764 adversa-

429 4783 511 4835 rio
541 4781 640 4836 iter
667 4783 950 4852 instituat?
977 4783 1094 4852 quis
1123 4780 1190 4836 'se
1214 4784 1415 4836 socium
1446 4780 1649 4836 itineris
1683 4781 1887 4836 dederit
1915 4782 1962 4833 ci
1989 4822 2005 4847 ,

425 4851 525 4922 qui
565 4867 687 4906 cum
737 4851 916 4907 aninto
946 4867 1051 4908 non
1099 4853 1405 4907 consentit?
1450 4868 1555 4907 non
1609 4853 1758 4906 timet
1789 4852 2008 4908 tabellas

428 4921 530 4994 sibi
579 4922 730 4994 furto
755 4923 986 4994 auferri,
1019 4932 1182 4978 teStes
1232 4924 1537 4994 corrumpi,
1589 4923 1804 4994 insidias
1846 4924 1895 4976 in
1927 4925 2007 4976 via

429 4991 530 5045 sibi
561 4992 773 5060 parari?
803 4993 1044 5047 Invenire
1083 5008 1212 5062 ergo
1238 4991 1492 5047 debemus
1522 4992 1881 5047 adversarium
1915 4994 2002 5058 qui

437 5075 528 5114 nos
557 5076 770 5131 semper
791 5064 1098 5125 comitetur,
1131 5065 1282 5132 cujus
1303 5064 1610 5116 societatem
1633 5104 1648 5128 ,
1680 5066 1778 5116 etsi
1819 5069 2005 5114 admo-

428 5131 556 5205 dum
580 5147 864 5205 caveamus
883 5174 898 5198 ,
939 5133 1182 5205 cﬂ'ugcre
1202 5131 1310 5186 non
1344 5133 1644 5205 possimus,
1667 5144 1721 5205 et
1750 5133 1890 5185 hunc
1914 5148 2006 5205 eo:

428 5201 602 5268 gitare
647 5201 1070 5266 adversarium;
1100 5204 1311 5272 quicum
1355 5219 1453 5256 nos
1504 5202 1762 5257 beueVole
1811 5202 2007 5255 versari

435 5274 734 5344 conveniat.
757 5275 886 5342 Quis
911 5289 1039 5344 ergo
1080 5286 1162 5328 cst
1198 5290 1357 5329 verus
1401 5274 1489 5328 ille
1531 5273 1911 5327 adversarius?
1950 5272 2006 5328 Si

433 5341 717 5412 diligenter
744 5341 951 5412 quan-as
970 5341 995 5408 ,'
1014 5359 1208 5414 corpus
1233 5346 1423 5399 anima:
1442 5362 1470 5414 7:
1516 5344 1601 5398 hic
1631 5353 1712 5398 est
1760 5343 2004 5396 adversa-

433 5415 545 5468 rius
573 5415 690 5483 ejus
718 5415 807 5483 qui
840 5414 891 5466 in
920 5423 970 5485 te
996 5426 1077 5470 est
1099 5413 1122 5481 ,ί
1139 5416 1376 5485 spiritus.
1407 5413 1483 5469 Ne
1508 5430 1634 5468 vero
1655 5423 1808 5484 putes
1836 5426 2008 5468 meum

432 5498 553 5538 esse
574 5498 899 5547 sermonem,
923 5484 1115 5541 Paulus
1134 5484 1413 5540 conlirmet
1434 5485 1484 5537 id
1506 5484 1644 5553 quod
1667 5486 1862 5536 dictum
1890 5495 1968 5539 est
1991 5502 2004 5536 :

431 5559 564 5611 Caro
588 5555 894 5622 concupiscit
919 5556 1156 5612 adversus
1183 5557 1434 5623 spiritum,
1463 5565 1508 5606 ct
1537 5553 1742 5622 spiritus
1770 5554 2002 5608 adversus

431 5641 635 5684 carnem
663 5641 685 5682 ε
731 5625 841 5685 ιατ
859 5635 1026 5682 autem
1045 5629 1138 5684 sibi
1165 5627 1373 5682 invicem
1399 5626 1728 5680 adversantur
1755 5623 1908 5696 (fiat.
1955 5626 2005 5682 5.

1850 162 2116 224 SPURIA.

3547 164 3651 225 760

2061 283 2082 334 t
2099 280 2172 348 7).
2201 279 2305 334 Nec
2327 278 2736 333 Manicbarorum
2757 275 2948 333 induco
2967 276 3286 349 doctrinam,
3305 293 3477 349 neque
3493 279 3656 334 alium

2060 347 2304 419 Corporis
2362 361 2661 404 creatorem
2708 358 2885 403 statuo
2927 367 2940 402 :
2998 347 3095 402 scd
3148 364 3275 403 caro
3329 347 3655 416 concupiscit

2057 421 2318 474 adversos
2337 420 2605 482 soiritum,
2626 421 2898 489 voluptate
2918 428 3076 474 utens
3099 421 3401 489 consiliario
3425 437 3440 485 ;
3469 433 3520 474 et
3539 436 3649 487 spi-

2058 493 2192 545 ritus
2213 491 2472 545 adversus
2497 506 2736 552 carnem,
2757 488 2866 559 ’spe
2907 492 3067 543 nisus
3095 488 3413 543 futurorum.
3449 491 3657 544 Adver-

2057 571 2244 616 santur
2299 562 2524 615 invicem
2567 561 2999 629 concupiscentia
3029 560 3250 624 mundi,
3298 569 3354 614 et
3399 562 3660 628 concupi-

2058 632 2264 685 scentia
2309 630 2457 700 regni
2501 631 2774 686 caelorum.
2822 629 2916 684 llic
2960 640 3046 686 est
3097 630 3478 697 adversarius,
3527 632 3660 700 qui,

2060 703 2217 756 velim
2247 703 2431 764 nolim,
2461 716 2544 755 me
2572 701 2859 756 comitatur
2888 718 2900 753 :
2934 702 3018 753 via
3047 701 3245 770 quippe
3269 710 3352 755 est
3376 700 3491 755 ha:c
3517 703 3648 756 vita.

2060 773 2253 826 Anima
2283 773 2569 842 imaginem
2597 786 2748 826 suam
2782 771 2976 824 imitari
2998 771 3196 836 studet,
3219 786 3348 842 caro
3372 772 3424 824 in
3467 773 3656 840 pulve-

2062 858 2173 895 rem
2215 841 2423 896 delluit.
2456 842 2582 896 [hec
2617 853 2798 895 autem
2848 843 2946 895 sibi
3002 842 3227 896 invicem
3277 841 3652 897 adversantur.

2063 911 2197 967 lluic
2214 913 2522 967 adversario
2541 922 2630 966 tuo
2646 921 2764 966 esto
2779 911 3087 966 benevolus.
3110 912 3498 978 Quandonam?
3521 911 3662 966 Dum

2061 999 2112 1056 es
2141 983 2194 1036 in
2215 984 2293 1056 via
2312 999 2502 1056 cum_eo
2524 981 2736 1056 (Matth.
2765 983 2820 1037 5.
2851 983 2969 1056 ‘25),
3000 983 3124 1056 dum
3155 983 3207 1036 in
3241 982 3340 1056 hac
3366 983 3473 1056 vita
3489 983 3658 1053 degis.

2062 1048 2194 1107 Nam
2219 1054 2262 1108 si
2281 1055 2385 1108 vita
2410 1048 2570 1108 linem
2587 1053 2799 1117 habeat,
2824 1048 3026 1106 nttllum
3058 1053 3194 1106 ultra
3215 1054 3305 1106 tibi
3336 1048 3662 1122 pwniten'tizc

2064 1131 2293 1193 tempus,
2322 1123 2570 1189 Quoniam
2597 1139 2698 1178 non
2726 1134 2800 1178 est
2827 1123 2879 1194 in
2907 1134 3066 1194 morte
3084 1123 3169 1194 qui
3197 1125 3472 1194 memorsit
3491 1125 3586 1189 tui,
3610 1125 3663 1177 in

2063 1192 2274 1265 inferno
2297 1203 2465 1248 autem
2492 1194 2604 1264 quis
2657 1193 2977 1262 conﬁtebitur
2997 1192 3085 1265 tibi
3108 1192 3278 1265 (Psal.
3309 1194 3361 1265 ti.
3385 1192 3486 1263 6)?
3528 1194 3663 1248 Huic

2065 1279 2194 1334 ergo
2214 1263 2521 1334 adversario
2543 1272 2658 1320 esto
2679 1265 2994 1320 benevolus.
3017 1263 3133 1318 Non
3149 1263 3300 1327 dixit,
3317 1264 3657 1329 Gratilieaus,

2069 1333 2184 1397 sed,
2202 1333 2500 1389 Benevolus.
2518 1334 2593 1388 Ne
2610 1350 2774 1390 suave
2791 1335 2916 1404 quid
2935 1335 3093 1388 facias
3110 1334 3414 1388 adversario
3429 1343 3542 1400 tuo,
3557 1336 3658 1390 sed

2069 1413 2128 1476 ut
2163 1405 2452 1476 benevolus
2475 1420 2506 1460 a
2535 1406 2893 1476 voluptatibus
2935 1405 3001 1476 ad
3044 1404 3407 1476 paenitentiam
3434 1421 3650 1460 revoca.

2066 1475 2184 1530 Non
2217 1485 2268 1532 te
2310 1475 2463 1544 jubet
2492 1485 2550 1529 ut
2591 1475 3054 1530 salsamentarium
3085 1475 3263 1530 omnia
3305 1475 3371 1528 ad
3413 1477 3666 1543 corporis

2071 1547 2398 1615 voluptatem
2446 1545 2655 1610 facere;
2701 1545 2797 1600 sed
2823 1555 2880 1600 ut
2906 1546 3170 1601 medicum
3215 1560 3393 1614 agere.
3425 1545 3666 1600 Medicus

2070 1618 2214 1672 enim
2262 1632 2408 1686 szepe
2433 1632 2675 1670 amarutn
2715 1617 2936 1679 miscet,
2985 1626 3163 1681 secat,
3216 1617 3354 1679 urit,
3399 1625 3455 1670 et
3502 1617 3666 1669 illata:

2075 1685 2660 1742 molesuae’mcrcedem
2683 1685 2895 1756 accipit.
2920 1686 3066 1740 Licet
3083 1687 3225 1741 enim
3245 1687 3423 1756 aliquo
3443 1701 3667 1740 sensum

2072 1757 2258 1814 dolore
2285 1758 2559 1827 alfecerit,
2591 1758 2779 1827 mgroti
2811 1767 2990 1811 tamen
3033 1757 3261 1811 salutem
3293 1758 3543 1827 iuscopo
3569 1757 3671 1810 ha-

2076 1828 2209 1898 buit.
2242 1826 2327 1898 Ne
2355 1827 2486 1896 forte
2515 1826 2681 1898 tradat
2707 1837 2754 1880 te
2781 1827 3096 1881 adversarius
3129 1827 3299 1897 judici
3340 1826 3571 1898 (Matth.
3612 1828 3666 1882 5.

2073 1897 2166 1967 25)
2189 1939 2203 1961 ,
2232 1897 2408 1952 futuro
2436 1913 2630 1966 nempe
2655 1897 2828 1953 Judici
2864 1915 2876 1952 :
2910 1897 3236 1952 Adversarius
3267 1913 3288 1950 :
3330 1899 3417 1957 cui
3448 1898 3494 1951 si
3527 1913 3672 1951 nunc

2072 1968 2406 2038 gratificeris,
2438 1978 2562 2022 tunc
2580 1969 2748 2023 Judex
2777 1977 2828 2022 te
2853 1967 3140 2023 traditurus
3168 1978 3256 2022 est
3279 1968 3550 2032 ministro,
3582 1969 3666 2022 ul-

2077 2039 2302 2093 trieibus
2330 2039 2550 2108 scilicet
2579 2038 2934 2108 potestatibus
2959 2058 2972 2094 :
3001 2048 3054 2094 et
3082 2039 3133 2092 in
3180 2054 3460 2092 carcerem
3506 2041 3666 2105 conji.

2081 2109 2279 2173 cieris,
2326 2107 2378 2162 in
2414 2107 2662 2164 tenebras
2705 2110 3041 2176 exteriores,
3088 2109 3266 2163 locum
3316 2109 3670 2164 horrendum.

2081 2177 2134 2232 Ν
2137 2195 2203 2233 an
2227 2179 2384 2232 exibis
2410 2180 2547 2244 inde,
2571 2179 2729 2233 donec
2754 2179 2939 2233 reddas
2968 2179 3289 2234 novissimum
3317 2179 3672 2248 quadrantem.

2081 2249 2137 2304 Si
2165 2260 2288 2305 ante
2316 2259 2541 2305 mortem
2588 2250 2827 2305 debitum
2857 2251 3121 2315 solveris,
3173 2250 3405 2304 solutum
3453 2251 3676 2302 omnino

2081 2329 2164 2375 est
2197 2338 2210 2374 :
2241 2321 2285 2374 si
2312 2320 2522 2374 debitor
2565 2321 2834 2384 moriaris,
2869 2320 3027 2374 etiam
3056 2321 3329 2374 residuum
3357 2320 3440 2374 vel
3467 2320 3675 2374 minimi

2085 2390 2250 2446 debiti
2277 2405 2306 2443 a
2341 2399 2396 2461 te
2421 2391 2682 2461 exigetur.
2707 2390 2843 2458 Quid
2875 2399 2958 2446 est
2989 2390 3143 2453 illud,
3173 2389 3515 2444 Nouissimam
3544 2407 3673 2460 qua-

2083 2461 2339 2514 drantem?
2369 2460 2620 2526 Quoniam
2661 2462 2900 2531 cogitatio
2949 2461 3167 2514 hominis
3211 2461 3526 2531 conﬁtebitur
3550 2462 3674 2531 tibi,

2085 2541 2132 2585 et
2158 2533 2386 2602 reliquiae
2407 2528 2873 2602 cogitationis'tl‘iem
2899 2535 3083 2602 festum
3105 2540 3252 2602 agent
3277 2531 3365 2584 tibi
3383 2530 3553 2599 (Psal.
3578 2528 3672 2585 75.

2087 2600 2197 2672 ll).
2230 2601 2355 2656 llaec
2382 2617 2502 2673 cum
2526 2603 2726 2673 sciatis,
2761 2600 2990 2668 fratrias,
3027 2600 3340 2673 "comparate
3368 2602 3672 2668 voluptates

2085 2687 2207 2726 cum
2256 2673 2432 2726 futuro
2471 2671 2652 2740 judicii
2684 2671 2805 2738 die,
2838 2682 2894 2727 et
2937 2672 3142 2728 Judicis
3162 2671 3466 2727 sententia:
3511 2680 3676 2739 atque

2089 2751 2215 2796 tunc
2245 2743 2424 2797 scietis
2447 2759 2604 2811 quam
2633 2757 2813 2796 amara
2862 2744 2932 2798 sit
2965 2745 3224 2811 voluptas,
3254 2757 3372 2796 cum
3412 2741 3673 2795 noveritis

2088 2823 2301 2881 quantm
2327 2812 2696 2867 amaritudinis
2723 2814 2792 2867 sit
2817 2814 3174 2868 conciliatrix.
3197 2813 3462 2877 Voltisne,
3495 2820 3555 2864 ut
3601 2826 3674 2865 ex

2089 2885 2295 2938 duobus
2335 2883 2658 2953 cvangelicis
2684 2884 2948 2938 conviviis
2977 2883 3109 2954 quid
3139 2882 3512 2954 admonitionis
3552 2897 3676 2933 tnu-

2090 2963 2326 3016 tuemur,
2377 2950 2496 3023 quis
2526 2969 2719 3024 nempe
2771 2955 2842 3008 sit
2865 2950 3302 3025 voluptuosorum
3348 2950 3468 3025 linis
3491 2991 3508 3025 ,
3535 2955 3681 3025 _quis

2092 3040 2220 3078 vero
2247 3021 2618 3094 pmniientium
2655 3021 2904 3079 'lructus?
2943 3021 3022 3080 Ne
3054 3040 3182 3079 vero
3209 3023 3419 3094 mireris
3459 3024 3503 3077 si
3531 3021 3682 3094 Scri-

2092 3093 2706 3166 ptura’volnptuosorum
2729 3095 2973 3166 convivia
2991 3111 3136 3166 saepe
3164 3093 3430 3166 describat
3457 3093 3681 3166 :_omuia

2091 3163 2288 3236 quippe
2333 3164 2607 3229 describit,
2639 3165 2764 3236 quid
2794 3181 3007 3230 caveas,
3035 3163 3163 3236 quid
3191 3164 3435 3236 imiteris.
3471 3163 3684 3218 Deseri-

2093 3235 2171 3307 bit
2190 3235 2555 3307 voluptuosos,
2586 3235 2921 3307 ut’pcrpetua
2944 3238 3064 3292 illos
3091 3235 3306 3290 infamia
3328 3243 3496 3307 notet,
3521 3243 3686 3304 utque

2095 3306 2216 3361 illos
2240 3304 2434 3360 imitari
2457 3304 2688 3362 caveas}
2713 3304 2970 3362 describit
3000 3307 3303 3376 religiosos,
3329 3313 3388 3358 ut
3412 3304 3477 3358 ad
3498 3319 3685 3359 exem-

2096 3376 2243 3452 plum
2274 3376 2596 3446 prenitentitc
2621 3393 2873 3452 accurras
2892 3418 2908 3444 ,
2958 3375 3125 3452 utque
3147 3377 3526 3452 voluptuosum
3547 3375 3680 3452 reli-

2093 3445 2245 3516 gioso
2277 3445 2648 3516 comparans,
2700 3448 2848 3502 illum
2894 3445 3193 3512 averseris,
3248 3445 3390 3501 h'unc
3437 3445 3685 3500 imiteris.

2095 3519 2279 3587 Sitque
2305 3521 2408 3571 hoc
2431 3517 2808 3573 documentum
2833 3518 3202 3587 prudentibus,
3228 3527 3374 3571 utne
3404 3525 3684 3585 spectacu~

2104 3587 2168 3642 lis
2191 3588 2410 3658 publicis
2433 3591 2618 3642 oculos
2655 3598 2908 3658 pascant,
2939 3604 3074 3644 neve
3113 3587 3269 3643 facile
3296 3589 3364 3641 ad
3393 3587 3688 3658 hippodro-

2107 3655 2241 3711 muin
2269 3668 2485 3712 currant
2505 3698 2521 3724 ,
2552 3658 2633 3714 vel
2656 3655 2821 3714 noctu
2857 3658 3133 3730 spectandi
3184 3659 3360 3712 locum
3388 3657 3443 3710 in
3474 3655 3686 3730 theatro

2105 3737 2360 3798 occupent
2384 3746 2400 3782 :
2430 3730 2643 3800 vesania
2672 3730 2868 3800 quippe
2887 3728 2974 3785 est
3004 3730 3234 3798 turpium
3257 3728 3683 3800 spectaculorum

2106 3797 2448 3865 expectatio.
2494 3799 2646 3853 Diem
2690 3797 2838 3854 enim
2893 3797 3235 3856 antevertunt
3270 3815 3336 3853 ex
3383 3797 3686 3851 vehementi

2108 3867 2395 3934 desiderio,
2424 3878 2582 3924 noctu
2606 3873 2944 3926 tenebrarum
2968 3871 3143 3926 locum
3170 3876 3458 3938 occupant,
3487 3877 3546 3921 ut
3573 3877 3688 3921 tur-

2110 3938 2261 4008 pibus
2289 3939 2609 4008 spectaculis
2636 3941 2820 3995 oculos
2845 3942 3117 3996 oblectent
3135 3981 3150 4002 ,
3179 3955 3240 3994 ac
3271 3939 3502 3994 ferarum
3539 3953 3691 3990 cum-

2109 4022 2213 4079 que
2254 4009 2376 4064 l'eris
2408 4013 2830 4066 concertantium
2861 4027 3060 4081 pugnas
3088 4011 3303 4066 videant
3333 4030 3345 4064 :
3392 4010 3690 4077 sedentque

2110 4093 2250 4148 sznpe
2295 4090 2618 4148 spectatores
2644 4121 2662 4147 ,
2703 4081 3134 4136 benevolentiam
3167 4081 3420 4150 majorem
3457 4095 3584 4147 erga
3615 4083 3692 4132 le-

2111 4166 2228 4222 l‘ilS._
2245 4166 2390 4222 quam
2419 4166 2544 4220 erga
2571 4168 2900 4222 eongeneres
2927 4153 3267 4206 exhibentes.
3292 4151 3409 4204 Non
3450 4151 3683 4202 misere—

2113 4219 2187 4272 ris
2216 4218 2654 4275 infclicem'illum
2677 4218 2700 4285 ζ
2721 4224 2810 4292 qui
2841 4231 2898 4276 ut
2925 4233 3164 4278 ventrem
3195 4222 3432 4289 impleat,
3463 4222 3515 4272 in
3546 4222 3693 4292 fera-

2112 4303 2230 4363 rum
2282 4297 2516 4363 ventrem
2563 4289 2753 4360 sponte
2795 4295 2906 4346 abit
2949 4310 2964 4348 :
3022 4303 3184 4363 utque
3249 4293 3384 4360 gula:
3439 4289 3688 4363 morbum

2111 4358 2337 4426 expleat,
2373 4358 2603 4416 libenter
2623 4363 2721 4415 sibi
2755 4364 2806 4416 in
2841 4373 3028 4417 ventre
3061 4358 3351 4417 bestiarum
3378 4362 3687 4429 sepulcrum

2113 4437 2280 4499 parat.
2315 4431 2408 4484 ille
2443 4433 2886 4500 intemperanteut
2919 4434 3078 4488 habet
3103 4445 3341 4487 ventrem
3367 4472 3381 4493 ,
3415 4442 3465 4484 tu
3509 4445 3574 4482 ne
3606 4429 3689 4481 iit-

2115 4509 2488 4567 temperantem
2520 4505 2733 4556 oculum
2763 4503 3003 4563 ,liabeas.
3038 4505 3188 4557 Alius
3215 4504 3404 4555 mitnus
3447 4501 3687 4570 ingtedi-

2117 4579 2220 4633 tur,
2246 4570 2322 4643 ad_
2341 4571 2716 4640 turpitudinem
2755 4575 2992 4629 tnembra
3016 4588 3376 4643 componens,
3409 4572 3539 4625 risui
3569 4586 3693 4643 sese

2114 4640 2358 4695 mercede
2405 4643 2616 4714 locans,
2648 4659 2805 4713 quem
2839 4644 3003 4714 pudet
3044 4640 3154 4698 nisi
3176 4643 3384 4712 publice
3430 4641 3644 4714 vapulet
3672 4681 3688 4702 .

2117 4719 2487 4784 portarumque
2512 4711 2724 4782 fragore
2763 4711 2928 4784 genas
2956 4711 3239 4784 praeparat,
3265 4713 3521 4784 novacula
3551 4711 3693 4784 pilus

2114 4782 2387 4854 detondet,
2414 4795 2470 4837 ut
2488 4799 2552 4837 tte
2582 4785 2718 4852 pilus
2742 4782 2965 4854 quidem
2978 4782 3316 4839 contumeliis
3341 4782 3498 4835 obsit.
3536 4783 3691 4834 Alius

2116 4853 2358 4908 muliebri
2403 4855 2683 4909 saltatio-te
2732 4853 3036 4921 emollitus,
3070 4856 3263 4923 illaque
3313 4853 3526 4906 imitans
3571 4867 3692 4920 qua:

2115 4924 2284 4977 virmn
2309 4938 2414 4996 non
2463 4925 2684 4992 dcunt,
2727 4926 3021 4996 dolensque
3047 4925 3186 4994 quod
3231 4939 3348 4996 non
3378 4923 3574 4996 femina
3621 4923 3692 4975 sit

2114 5005 2268 5047 natus
2288 5031 2305 5059 ,
2335 4995 2631 5049 simulatatn
2657 5007 2856 5050 naturte
2883 4993 3224 5051 mutationem
3247 4994 3432 5048 ambit.
3459 4993 3690 5060 Ihecqne

2114 5063 2290 5117 omnia
2323 5065 2524 5118 ventris
2550 5075 2600 5121 et
2624 5077 2858 5134 quzcstus
2887 5083 3044 5121 causa
3075 5065 3220 5131 facit,
3257 5080 3342 5119 res
3369 5062 3690 5118 {tedissiinas

2115 5148 2440 5206 persequens
2471 5153 2484 5188 :
2514 5136 2580 5191 de
2615 5138 2805 5206 quibus
2839 5139 2951 5190 haec
2981 5137 3127 5192 Pauli
3172 5137 3338 5190 verba
3364 5135 3545 5206 dicere
3585 5149 3691 5206 par

2114 5213 2195 5277 est
2224 5221 2237 5256 :
2270 5205 2494 5277 Quorum
2538 5204 2655 5261 deus
2681 5216 2849 5260 venter
2873 5216 2979 5273 est,
3026 5217 3071 5262 et
3094 5207 3259 5277 gloria
3304 5207 3358 5258 in
3393 5204 3692 5273 confusione

2115 5275 2338 5348 ipsorum
2367 5275 2621 5348 (Philipp.
2644 5278 2698 5348 5.
2727 5279 2834 5345 19).
2864 5277 2942 5331 Ad
2982 5275 3190 5332 Inec'ue
3218 5277 3552 5332 concurratis
3576 5315 3592 5339 ,
3625 5290 3692 5328 ne

2119 5347 2328 5417 veloces
2360 5348 2520 5413 pedes
2550 5348 2614 5402 ad
2659 5347 2962 5417 lmjusmodi
2993 5363 3206 5417 gressus
3250 5347 3468 5401 vertatis
3488 5386 3533 5417 ,_
3553 5360 3698 5399 neve

2117 5416 2166 5469 in
2199 5417 2438 5471 convivia
2470 5428 2641 5488 vestra
2671 5415 2839 5472 faidas
2866 5415 3164 5488 voluptates
3203 5415 3694 5488 iuducatis._luter-

2114 5488 2240 5541 dum
2270 5488 2401 5542 dicis
2435 5505 2446 5540 :
2478 5487 2763 5544 Theatrum
2804 5485 3043 5555 aversor,
3076 5503 3406 5558 nequaquam
3457 5485 3523 5542 ad
3566 5501 3694 5554 gra-

2115 5559 2216 5608 dus
2245 5558 2475 5612 ascendo
2504 5576 2518 5624 ;
2563 5560 2859 5613 convivium
2907 5569 2987 5614 est
3033 5561 3334 5626 la'titizequc
3363 5568 3588 5625 tempus.
3624 5561 3691 5608 At

2116 5626 2222 5682 illic
2251 5630 2417 5698 turpia
2445 5631 2772 5686 theatrorum
2803 5630 3104 5701 spectacula
3127 5629 3410 5685 cxhibetis.
3433 5626 3568 5696 Quid
3597 5627 3688 5680 tibi
