4074 6374
321 399 334 404 -
349 399 372 405 Ο
429 374 500 382 *κ
535 381 730 393 --αςῄ
757 392 762 395 ,
793 388 854 396 ..γλ
874 390 1016 398 .-δν
1041 389 1151 398 ...ο
1253 390 1289 397 ψ-
1307 389 1470 397 ...σι’-..-
1486 388 1971 397 ——M_.—-
1988 385 2462 395 .m.-.~.-.
2483 387 2810 396 --..—~A-“_‘r-—.
2824 387 2912 395 ---νο
3012 385 3066 395 ...-
3100 387 3243 397 ι’-αρ-.-
3261 391 3316 395 --ν-
3332 389 3367 397 ..-

465 405 826 423 "—_—~——_..___
929 419 1040 425 __,_
1159 419 1177 425 η
1205 418 1225 423 _
1293 419 1312 422 ρ
1331 418 1434 424 ...ον-
1457 418 1532 424 «σ-,ς
1625 417 1994 426 ww-
2009 415 2162 421 _—-——-
2183 415 2250 420 ,ἡ
2272 416 2298 420 -.
2321 416 2448 422 .—-..——-
2467 416 2614 424 ---"—.'-'—
2649 417 2668 422 -ι
2751 417 2799 422 ο-ι
2818 415 3072 424 -....o-_-—_-.
3129 418 3232 424 μή*

1563 558 2187 742 agrariam

1582 822 1690 883 AD
1731 820 2123 882 HOMILIAS

727 983 878 1098 8.
954 983 1057 1097 J
1064 980 1581 1098 OANN
1586 977 1753 1093 IS
1810 973 3075 1097 CHRYSOSTOMI

1471 1179 1591 1263 IN
1652 1177 2239 1261 JOANNEM.

1262 1353 1832 1386 δ--ο-ς

1836 1345 2509 1390 οῧ--η--ς

315 1472 407 1532 Ad
447 1470 750 1532 homilias
792 1471 863 1550 in
908 1470 1329 1550 Evangelium
1363 1470 1633 1530 Joannis
1664 1468 1920 1531 tandem
1950 1468 2361 1550 devenimus,
2390 1469 2500 1529 ubi
2526 1486 2763 1530 novum
2798 1487 3065 1547 prorsus
3095 1474 3519 1539 concionandi

238 1551 454 1623 ritum,
484 1552 814 1611 insolitam
832 1549 1366 1629 deprehendimus
1397 1550 1749 1610 disserendi
1786 1551 2124 1610 rationem.
2154 1549 2401 1629 Stylum
2421 1566 2587 1629 sane
2614 1550 2907 1629 eumdem
2930 1552 3277 1624 cernimus,
3300 1554 3524 1617 dietio-

238 1649 386 1691 nem
414 1649 684 1708 prorsus
725 1627 1034 1701 similem;
1074 1630 1495 1706 eumdemque
1526 1629 1740 1689 statim
1773 1627 2462 1709 agnoscimusdicendi
2494 1628 2801 1709 artiﬁcem
2840 1627 3371 1709 Chrysostomum
3404 1653 3419 1692 :
3456 1637 3521 1695 in

237 1707 463 1771 ordine
492 1717 709 1771 autem
738 1714 800 1770 et
822 1709 1183 1789 argumenti
1217 1709 1469 1769 ratione
1499 1725 1734 1789 magna
1765 1707 2123 1789 sesegot'fert
2139 1707 2513 1789 diversitas.
2542 1707 2614 1767 In
2652 1709 2894 1769 caeteris
2926 1707 3208 1787 namque
3238 1712 3304 1771 in
3339 1712 3525 1774 Scri—

238 1797 495 1866 pturam
526 1805 777 1870 sacram
805 1786 1294 1870 Commentariis
1320 1833 1337 1859 ,
1369 1788 1781 1870 maximeque
1818 1786 2211 1870 in_Homiliis
2246 1788 2312 1847 in
2333 1786 2725 1870 Matthaeum,
2746 1786 3524 1870 postquam’singulorum

238 1865 545 1930 versuum
575 1869 828 1929 literam
858 1868 1254 1946 explanavit,
1296 1867 1635 1947 occasione
1667 1885 1749 1926 ex
1783 1867 2256 1947 seriesumpta,
2290 1866 2368 1927 ad
2396 1865 3200 1947 m_orum_i_nformationem
3224 1865 3519 1947 spectan-

236 1947 326 2008 tia
356 1948 556 2008 multa
587 1948 912 2007 interserit
936 1945 1178 2029 {atque
1200 1948 1265 2007 in
1282 1947 1431 2029 ﬁne
1449 1946 1780 2007 concionis
1804 1946 2248 2029 longissimam
2272 1945 2582 2029 moralem
2604 1945 3118 2029 adhortationem
3134 1945 3372 2029 adjicit,
3393 1968 3521 2029 qua

236 2032 300 2086 et
334 2044 671 2104 procerum
700 2031 761 2086 et
793 2027 1201 2105 pepularium
1236 2026 1388 2087 vitia
1419 2027 1802 2097 insectatur,
1835 2024 2031 2105 atque
2058 2025 2136 2087 ad
2176 2026 2472 2085 virtutem
2489 2024 2863 2105 adeundam
2894 2026 3189 2087 stimulos
3214 2024 3431 2089 addit:
3450 2031 3525 2092 In

235 2103 413 2166 hisce
439 2111 651 2186 autem
682 2107 745 2165 in
768 2103 1084 2167 Joannem
1110 2106 1405 2186 Homiliis
1425 2106 1553 2167 alio
1572 2104 1998 2186 concionandi
2020 2122 2254 2186 genere
2276 2103 2580 2186 procedit.
2605 2105 2849 2186 Passim
2875 2123 3155 2186 namque
3182 2114 3527 2186 postquam

235 2185 531 2262 singulos
564 2204 788 2246 versus
815 2186 1066 2259 attulit,
1100 2185 1376 2261 illosque
1409 2185 1688 2246 maxime
1715 2202 1879 2262 quos
1911 2183 2256 2245 Catholicis
2290 2183 2572 2255 haeretici
2598 2183 2862 2261 quidam
2888 2185 3170 2262 objicere
3185 2183 3522 2261 solebant,

236 2263 565 2324 auditores
597 2282 748 2325 suos
782 2265 1090 2326 adversus
1124 2265 1382 2323 illorum
1413 2269 1795 2343 argumenta
1825 2268 1887 2323 et
1915 2263 2313 2343 sophismata
2344 2263 2555 2322 munit
2586 2264 2981 2341 roboratque
3007 2284 3024 2335 ;
3056 2269 3252 2343 atque
3278 2272 3350 2326 ut
3380 2272 3528 2328 sta—

236 2344 354 2422 tim
380 2343 899 2420 deprehenditur,
935 2345 1010 2404 iis
1038 2344 1148 2422 qui
1177 2349 1400 2406 contra
1425 2344 1639 2404 hostes
1671 2343 2039 2422 hujusmodi
2071 2358 2493 2422 saepemanus
2504 2344 2953 2422 conserebant,
2973 2359 3155 2405 arma
3176 2344 3521 2407 ministrat.

238 2421 357 2503 Hic
386 2441 617 2500 scopus
645 2424 921 2503 oratoris
950 2420 1337 2503 praecipuus,
1363 2440 1439 2483 eo
1469 2440 1698 2503 nervos
1729 2420 1950 2503 omnes
1978 2421 2325 2503 contendit,
2354 2426 2425 2503 ut
2454 2420 2889 2503 Christianum
2920 2422 3211 2497 militem,
3231 2424 3341 2502 qui
3367 2442 3522 2503 pas—

238 2502 361 2562 sim
390 2508 611 2562 contra
645 2500 978 2569 haereticos
1005 2500 1392 2573 decertabat,
1424 2502 1499 2562 ad
1528 2502 1788 2561 illorum
1820 2501 2193 2579 depellenda
2230 2501 2355 2561 tela
2386 2500 2697 2561 instituat.

318 2581 470 2641 Hzec
498 2599 692 2658 porro
729 2599 857 2641 non
885 2582 951 2641 in
982 2583 1282 2642 omnibus
1317 2581 1593 2640 homiliis
1620 2578 1996 2651 occurrunt,
2034 2580 2141 2641 sed
2172 2581 2237 2639 in
2272 2580 2347 2640 iis
2380 2585 2628 2639 tantum
2660 2578 2768 2639 ubi
2806 2596 2883 2641 ea
2921 2578 3196 2642 Joannis
3227 2580 3368 2642 loca
3395 2601 3519 2645 εχ·-

239 2660 590 2738 plicantur,
621 2678 765 2737 quae
802 2662 902 2721 vel
943 2661 1021 2722 ad
1062 2661 1493 2738 aequalitatem
1523 2660 2397 2740 consubstantialitatemque
2435 2660 2642 2740 Patrius
2669 2665 2732 2740 et
2765 2658 2911 2720 Filii
2942 2660 3340 2740 probandam
3372 2666 3524 2740 apta

240 2746 417 2809 sunt,
449 2740 547 2799 vel
576 2758 721 2817 qua;
748 2742 829 2800 ab
859 2740 1168 2801 haereticis
1201 2740 1279 2801 ad
1310 2740 1485 2800 illam
1513 2739 2020 2818 impugnandam
2050 2739 2559 2818 usurpabantur.
2596 2738 2708 2799 Ubi
2749 2755 2898 2799 vero
2929 2738 3006 2799 de
3039 2739 3370 2801 divinitate
3410 2738 3527 2802 de-

241 2836 370 2896 que
407 2820 1078 2880 consubstantialitate
1119 2820 1265 2879 Filii
1308 2837 1435 2879 non
1481 2817 1730 2897 agitur,
1771 2818 2018 2879 literam
2054 2818 2161 2877 ille
2192 2818 2414 2895 paucis
2444 2817 2822 2895 plerumque
2849 2819 3178 2895 explanat.
3208 2819 3523 2881 Moralem

242 2914 503 2974 quoque
524 2898 925 2975 disciplinam
969 2900 1135 2958 inter
1164 2896 1676 2959 concionandum
1702 2898 1915 2959 rarius
1942 2897 2229 2976 attingit,
2263 2897 2770 2976 concionemque
2814 2896 3190 2976 brevissima
3222 2898 3527 2962 adhorta-

242 2976 417 3057 tione
456 2974 703 3039 morali"
718 2978 986 3047 claudit;
1026 2979 1111 3037 ita
1136 2982 1203 3036 ut
1235 2979 1331 3038 ha;
1361 2978 1426 3037 in
1451 2978 1766 3039 Joannem
1792 2974 2163 3050 conciones,
2188 2974 2447 3036 dimidia
2476 2976 2608 3037 fere
2630 2974 2745 3035 sui.
2764 2981 2943 3052 parte
2974 2975 3254 3039 minores
3279 2984 3351 3039 ut
3380 2979 3524 3057 plu-

242 3056 479 3115 rimum
505 3057 632 3116 sint
662 3057 957 3118 Homiliis
986 3058 1047 3117 in
1081 3057 1474 3117 Matthaaum.

321 3135 485 3228 Iliae
507 3136 823 3228 certejam
854 3137 1069 3228 multa:
1089 3136 1897 3228 exgirguntquzestiones:
1923 3135 2195 3228 quinam
2216 3152 2444 3228 nempe
2467 3133 2918 3228 sint‘hmr‘etici,
2947 3135 3057 3228 qui
3084 3134 3523 3216 Chrysostomi

243 3214 567 3276 auditores
601 3215 740 3275 telis
778 3235 859 3276 ex
888 3217 1154 3276 Joannis
1185 3213 1538 3294 Evangelio
1561 3215 1914 3293 desumptis
1944 3213 2334 3291 impetebant
2362 3234 2378 3284 ;
2406 3231 2522 3273 cur
2550 3214 2693 3273 illos
2715 3213 3373 3294 Chrysostomus'non
3407 3235 3524 3277 no-

244 3295 443 3373 minet
474 3314 488 3352 :
520 3312 601 3355 ex
628 3311 759 3370 qua
790 3294 1031 3357 familia
1056 3295 1179 3355 orti
1210 3295 1274 3354 hi
1309 3293 1586 3356 haeretici
1626 3300 1883 3368 essent;
1921 3294 2155 3371 quibus
2192 3294 2470 3373 maxime
2507 3296 2907 3373 argumentis
2940 3293 3331 3373 objectiones
3358 3296 3525 3357 luci—

241 3372 542 3452 fugarum
578 3374 997 3436 confutandas
1039 3392 1180 3434 esse
1218 3375 1461 3435 doceat.
1504 3374 1653 3435 Haac
1687 3391 1882 3452 porro
1920 3374 2141 3435 omnia
2187 3371 2550 3450 expendere
2586 3371 2718 3432 non
2754 3371 3035 3452 pigebit,
3066 3378 3410 3452 postquam
3448 3376 3525 3439 de

243 3470 515 3513 numero
540 3454 964 3513 Homiliarum
995 3454 1060 3513 in
1086 3454 1429 3525 Joannem,
1457 3452 1532 3513 de
1559 3455 1717 3514 urbe
1745 3453 1811 3514 in
1838 3470 1966 3532 qua
1992 3453 2124 3514 haec
2148 3452 2568 3513 concionatus
2597 3456 2717 3526 est,
2739 3452 2815 3513 de
2843 3452 3171 3515 concionis
3204 3454 3390 3527 hora,
3418 3455 3526 3517 de-

240 3548 371 3608 que
394 3532 535 3592 aliis
566 3532 893 3593 nonnullis
924 3533 1217 3611 quaedam
1251 3533 1767 3610 praemiserimus.

241 3654 353 3729 §I.
409 3654 465 3712 1.
504 3654 595 3713 De
631 3671 888 3713 numero
928 3654 1350 3715 [familiarum
1394 3655 1460 3715 in
1496 3655 1821 3736 Joannem.
1859 3653 1920 3712 2.
1966 3654 2113 3736 Quq
2132 3654 2202 3713 in
2244 3652 2405 3736 urbe,
2436 3652 2614 3736 hasce
2655 3652 2944 3714 homilias
2987 3652 3274 3715 habuerit
3316 3655 3526 3736 Chry-

1126 3742 1452 3800 sostomus,
1484 3733 1924 3800 Antiochiwnc,
1956 3751 2037 3793 an
2064 3733 2632 3811 Constantinopoli.

324 3834 386 3894 1.
416 3832 711 3895 Ηοωίιὶω
731 3833 796 3893 in
822 3834 1136 3896 Joannem
1156 3833 1323 3911 apud
1356 3833 1666 3894 Savilium
1696 3835 2019 3913 octoginta
2046 3840 2189 3894 octo
2213 3833 2526 3901 feruntur,
2552 3832 2721 3911 apud
2748 3833 3087 3893 Morellum
3119 3844 3333 3895 autem
3356 3842 3528 3896 octo-

241 3915 423 3991 ginta
456 3918 712 3994 Aseptem
738 3918 983 3973 tantum
1009 3958 1024 3985 ,
1057 3914 1575 3994 quandoquidem
1607 3913 1911 3994 Morellus
1943 3913 2223 3994 primam
2246 3913 2826 3994 prominii__tan_tum
2877 3914 3020 3994 loco
3067 3914 3284 3991 ponit,
3312 3933 3524 3994 neque

242 3994 423 4052 illam
454 3991 798 4053 Homiliam
826 4009 1095 4069 primam
1132 3992 1467 4062 inscribit,
1498 3993 1650 4070 quia
1683 3992 1974 4053 videlicet
2005 3992 2164 4052 nihil
2191 3992 2265 4051 de
2287 3992 2637 4070 Evangelio
2665 3992 2933 4053 Joannis
2967 3992 3031 4053 in
3061 3993 3182 4054 hac
3210 3991 3523 4055 concione

241 4072 881 4151 explicatur,iestque
912 4075 1160 4151 tantum
1198 4072 1386 4149 quasi
1424 4070 1798 4151 praeludium
1826 4071 1905 4132 ad
1946 4072 2440 4151 explicationem
2473 4071 2755 4150 ejusdem
2785 4072 3145 4151 Evangelii.
3178 4072 3420 4134 Verum
3452 4080 3524 4136 ut

245 4156 318 4209 ut
342 4169 442 4210 res
472 4156 608 4217 est,
644 4150 763 4208 hoc
789 4150 1165 4226 prommium
1194 4168 1321 4209 non
1353 4150 1562 4211 minus
1594 4150 1818 4212 concio
1850 4156 1909 4211 et
1943 4150 2204 4212 homilia
2232 4157 2327 4210 est
2352 4195 2366 4217 ,
2401 4169 2595 4227 quam
2618 4156 2863 4212 caetera:
2890 4150 3233 4227 sequentes
3264 4155 3522 4215 concio-

248 4230 561 4309 nes.Nam
582 4229 683 4309 hic
712 4230 1016 4306 populum
1053 4230 1429 4307 alloquitur,
1458 4231 1536 4291 ad
1558 4231 1857 4291 virtutem
1881 4230 2198 4299 hortatur,
2227 4230 2453 4309 arvitiis
2480 4236 2676 4300 arcet,
2707 4230 3057 4309 omniaque
3078 4231 3519 4294 concionantis

245 4308 470 4385 implet
498 4308 726 4369 ofﬁcia.
751 4309 1181 4381 Quamobrem
1206 4309 1353 4383 jure
1388 4310 1563 4369 illam
1586 4309 1857 4371 Savilius
1895 4309 2218 4387 inscripsit
2242 4308 2586 4368 Homiliam
2618 4309 2892 4386 primam
2927 4329 2942 4369 :
2986 4328 3178 4387 quem
3215 4312 3400 4388 sequi
3432 4315 3522 4373 vi-

244 4406 391 4447 sum
423 4394 538 4447 est.
570 4388 810 4467 Verum
838 4388 992 4465 quia
1021 4388 1269 4467 Morelli
1299 4388 1505 4448 Editio
1526 4433 1542 4461 ,
1575 4407 1718 4466 quae
1744 4404 1781 4449 a
1808 4388 2022 4448 multis
2056 4389 2243 4448 annis
2279 4388 2891 4467 omniumrmanibus
2928 4390 3179 4462 teritur,
3220 4395 3292 4449 ut
3317 4391 3521 4467 pluri-

244 4485 426 4525 mum
466 4482 505 4526 a
544 4466 962 4543 scriptoribus
996 4466 1263 4527 affertur
1297 4468 1362 4527 in
1405 4467 1681 4528 medium
1704 4512 1719 4539 ,
1753 4468 1926 4543 iique
1958 4468 2311 4527 secundum
2339 4466 2787 4528 Morelliauam
2821 4468 3181 4529 Editionem
3213 4466 3516 4532 homilias

249 4551 631 4626 numerant;
666 4563 935 4623 eamque
959 4591 974 4617 ,
1008 4546 1283 4623 exempli
1312 4565 1532 4620 causa,
1566 4547 1934 4626 vigesimum
1965 4564 2199 4608 nonam
2240 4546 2620 4619 inscribunt,
2653 4564 2798 4623 quae
2826 4546 3179 4608 secundum
3206 4548 3516 4612 Savilium

242 4632 304 4684 et
334 4624 927 4719 secundumveram
959 4626 1347 4719 numerandi.
1372 4624 1686 4719 rationem
1724 4626 2046 4717 trigesima
2084 4630 2212 4701 est,
2246 4626 2309 4719 in
2344 4642 2602 4719 summa
2646 4626 3255 4719 paginautrumque
3283 4646 3519 4690 nume-

244 4723 388 4763 rum
418 4705 513 4764 sic
540 4704 872 4764 attulimus
905 4723 919 4761 :
950 4704 1235 4765 Honiilia
1261 4705 1575 4783 trigesima
1603 4706 1687 4767 al.
1714 4704 2006 4783 vigesima
2030 4724 2218 4773 nona,
2253 4710 2315 4766 et
2341 4706 2429 4765 ita
2456 4723 2716 4783 quoque
2747 4704 2811 4764 in
2837 4706 3004 4767 aliis.

320 4785 510 4866 Hanc
538 4800 730 4866 porro
757 4783 1135 4866 numerandi
1166 4785 1535 4866 varietatem
1565 4803 1691 4845 non
1725 4803 1865 4866 esse
1891 4791 2211 4866 recentem
2244 4785 2469 4846 suadet
2498 4784 2835 4866 Facundus
2868 4784 3373 4860 Hermianensis,
3400 4790 3514 4866 qui

238 4863 411 4922 libro
443 4864 518 4931 3,
556 4879 613 4921 c.
649 4862 716 4931 3,
747 4880 806 4940 p.
838 4860 952 4921 illi
974 4908 989 4933 ,
1023 4864 1490 4941 sexagesimam
1520 4869 1766 4925 sextam
1806 4864 1955 4924 dicit
1984 4882 2123 4925 eam
2150 4882 2294 4941 quae
2330 4882 2476 4925 vere
2502 4864 2904 4942 sexagesima
2928 4866 3199 4942 septima
3235 4871 3351 4927 est.
3385 4860 3518 4929 Ve-

240 4960 386 5025 rum
418 4942 622 5025 altera
652 4942 841 5025 etiam
874 4942 1250 5025 numerandi
1281 4943 1448 5025 ratio
1475 4989 1489 5016 ,
1521 4960 1665 5022 quae
1698 4960 1847 5025 vera
1866 4944 2097 5025 utique
2128 4950 2245 5014 est,
2282 4942 2452 5021 apud
2491 4943 2651 5005 alios
2702 4944 2766 5002 in
2806 4960 2930 5025 usu
2974 4944 3173 5025 fuisse
3204 4962 3517 5025 compro—

242 5023 459 5102 batur.
504 5019 903 5099 Ephraamius
932 5019 1582 5102 enimAntiochenu's
1649 5019 2037 5102 undecimam
2102 5019 2400 5085 numerat
2456 5039 2598 5083 eam
2644 5038 2790 5099 qum
2830 5023 2963 5102 jam
3005 5019 3511 5088 undecima-est.

239 5100 975 5239 glauciquetnumerandi
1018 5100 1331 5163 rationem
1382 5106 1745 5181 sequuntur
1784 5101 2044 5164 Codices
2095 5101 2298 5164 Graeci
2342 5102 2758 5179 manuscripti
2785 5146 2805 5175 ,
2835 5100 3007 5181 quos
3050 5102 3362 5167 hactenus
3405 5107 3515 5165 vi—

283 5195 395 5239 ere
453 5196 578 5238 icui
616 5223 631 5239 .

283 5195 395 5240 ere
426 5179 631 5239 licuit.

320 5259 384 5317 2.
420 5258 641 5319 Altera
677 5259 1300 5338 exsurgitquaagtio,
1348 5270 1431 5322 an
1470 5259 1762 5323 videlicet
1802 5259 2154 5323 Antiochia;
2185 5306 2201 5331 ,
2250 5275 2332 5321 an
2377 5258 2932 5338 ConstantinOpoli
2977 5261 3168 5323 hasce
3208 5260 3506 5327 homilias

243 5338 744 5420 Chrysostomus
776 5334 1095 5420 habuerit.
1122 5334 1276 5420 ηετᾶ
1302 5340 1546 5420 inurbe
1570 5346 1660 5401 tot
1679 5340 2020 5403 cenciones
2048 5341 2279 5420 habita;
2304 5339 2454 5410 sint,
2478 5339 2542 5420 in
2570 5340 2723 5417 ipsis
2744 5334 3160 5402 concienibus
3185 5354 3509 5420 nusquam

241 5412 725 5496 deprehendere
747 5419 1110 5499 potuimus.
1143 5412 1300 5499 Nam
1332 5419 1382 5481 si
1415 5430 1545 5499 qua
1575 5426 1789 5481 essent
1825 5421 1992 5482 unde
2019 5419 2453 5497 conjecturam
2482 5412 2714 5480 duc-ere
2743 5428 3078 5499 possemus
3104 5465 3120 5490 ,
3161 5430 3243 5481 ex
3276 5412 3513 5499 μέτρου

242 5491 372 5580 tuis
406 5508 638 5580 nempe
671 5491 1141 5580 velitationibus
1161 5491 1472 5561 adversus
1499 5510 1607 5562 eos
1634 5501 1746 5580 qui
1774 5511 1992 5577 parem
2019 5491 2301 5578 paternas
2324 5491 2782 5576 potestatemin
2805 5491 2968 5559 Filio
2993 5508 3143 5580 esse
3158 5491 3506 5580 negabant,

241 5574 355 5658 qui
388 5574 1123 5658 consubstantialitatem
1152 5574 1977 5658 oppugnabant,'atlversus
2010 5574 2350 5639 Anommos
2383 5596 2636 5655 nempe,
2666 5592 2829 5658 quos
2864 5580 3103 5657 ubique
3130 5574 3505 5653 insectatur,

246 5648 308 5714 id
350 5653 619 5733 perinde
649 5648 1214 5737 Constantinopoli
1231 5648 1259 5726 ,’
1294 5648 1489 5737 atque
1531 5648 1882 5737 AntiOchiaa
1911 5661 2313 5720 observatur.
2356 5658 2428 5718 In
2472 5648 2749 5736 utraque
2790 5659 2958 5718 enim
2994 5648 3250 5723 civitate
3284 5648 3503 5725 contra

254 5730 594 5795 Anomceos
624 5735 1000 5796 nominatim
1033 5730 1445 5801 contionatus
1474 5744 1568 5800 est
1614 5730 2107 5816 Chrysostbmus
2139 5782 2156 5809 ,
2203 5738 2267 5799 in
2310 5743 2590 5816 utraque
2632 5730 2864 5817 magno
2905 5746 3177 5799 numero
3217 5739 3507 5804 Anomml

581 5826 854 5893 PATROL.
893 5828 1009 5897 Gn.
1057 5836 1215 5901 LIX.

3141 5838 3172 5899 1
