4074 6374
460 301 520 354 “
842 320 855 339 π
904 326 925 343 .
1926 291 2313 350 PREFATIO.
3681 301 3749 355 te

464 417 553 477 illi
591 432 667 477 ea
712 413 1009 475 libertate
1050 418 1110 474 et
1146 412 1499 491 petulantia
1540 412 1673 485 uti,
1718 426 1850 489 qua
1894 411 2140 490 pridem
2184 413 2306 472 sub
2342 410 2759 483 Constantio,
2794 417 2856 472 et
2907 418 3128 491 postea
3164 413 3285 473 sub
3326 413 3594 477 Valente
3641 416 3744 475 usi

461 499 738 557 fuerant.

542 577 764 636 Amico
813 573 961 633 licet
986 573 1203 632 animo
1233 570 1731 650 Chrysostomus
1756 572 2099 650 Anomaaos
2146 569 2533 640 confutaret,
2566 570 2707 650 illos
2737 574 2949 632 tamen
2982 571 3220 633 acriter
3253 571 3693 635 insectabatur
3724 593 3741 632 :

459 662 521 716 et
562 653 821 732 quidem
852 652 999 731 jure
1028 670 1106 713 ac
1134 649 1387 710 merito.
1423 651 1734 732 Dicebant
1757 649 1930 710 enim
1964 649 2055 709 illi
2086 668 2154 711 se
2186 667 2443 732 omnem
2470 649 2804 709 scientiam
2831 650 3177 732 accepisse,
3205 651 3507 728 quodque
3539 654 3742 731 magis

461 729 736 806 mireris,
776 729 868 792 se
891 733 977 793 ita
1005 732 1208 791 Deum
1247 747 1461 801 nosse,
1490 738 1561 789 ut
1590 747 1658 789 se
1693 730 1828 807 ipse
1858 734 2148 790 noverat.
2182 729 2341 790 Cum
2366 745 2562 806 porro
2589 747 2656 789 se
2688 733 2862 790 tanta
2894 730 3240 791 instructos
3285 732 3552 793 scientia
3590 729 3744 792 ridi-

458 815 603 875 cule
652 816 974 891 putarent,
1010 810 1168 869 nihil
1204 810 1439 869 mirum
1490 810 1544 869 si
1573 809 2147 891 Dei‘substantiam
2198 808 2510 891 audacter
2551 815 3033 891 scrutarentur,
3070 815 3291 891 totque
3344 811 3515 891 circa
3561 812 3743 873 illam

461 886 853 971 quaestiones
903 894 1267 971 moverent,
1296 894 1491 971 atque
1539 887 1748 971 obviis
1787 888 2156 965 quibusque
2185 886 2538 971 catholicis
2580 888 2774 971 etiam
2804 887 2867 946 in
2911 888 3455 971 forodobjicerent.
3482 890 3738 971 Siquis

461 966 655 1050 porro
701 972 870 1049 ipsos
919 968 995 1028 de
1026 973 1203 1029 tanta
1244 969 1512 1029 audacia
1543 966 1980 1050 redargueret,
2008 969 2413 1050 reponebant
2439 967 2540 1050 illi
2569 1011 2584 1037 ,
2615 968 3008 1050 Anignoras
3040 968 3114 1035 id
3140 968 3310 1050 quod
3336 969 3533 1050 colis?
3562 966 3633 1030 Τζ
3669 972 3697 1030 1
3720 1014 3739 1043 ,

458 1046 904 1112 ἑοιτέιὲξΗωο
925 1066 1077 1108 vero
1106 1054 1414 1125 perpetuo
1439 1052 1502 1109 et
1522 1047 1600 1108 ad
1626 1063 1818 1107 aures
1848 1047 2135 1105 omnium
2163 1046 2590 1107 decantabant
2615 1066 2631 1105 :
2658 1048 2893 1105 Filium
2923 1064 3052 1107 non
3091 1046 3233 1108 esse
3258 1049 3428 1108 Patri
3465 1052 3743 1111 consub-

459 1132 850 1199 stantialem,
884 1147 1023 1189 esse
1059 1146 1196 1187 rem
1230 1128 1484 1188 factam.
1519 1143 1646 1186 non
1674 1126 1913 1187 habere
1944 1144 2162 1203 parem
2193 1127 2360 1186 Patri
2389 1125 2715 1204 judicandi
2748 1132 3151 1204 potestatem,
3185 1144 3317 1186 non
3348 1144 3537 1205 posse
3566 1130 3740 1190 Patri

457 1212 773 1289 aequalem
808 1225 973 1279 esse,
1005 1209 1117 1285 qui
1146 1209 1395 1289 Patrem
1424 1212 1817 1289 precaretur.
1852 1204 2186 1289 Addebam
2218 1206 2410 1266 etiam
2426 1204 2676 1289 Filium
2707 1223 3008 1289 non__esse
3040 1206 3208 1267 Patri
3234 1204 3422 1289 ὅμοιρν,
3451 1208 3737 1289 similem,

457 1284 734 1368 indeque
762 1292 1001 1356 ἀνόμοιοι,
1028 1284 1353 1368 ’Anommi,
1390 1286 1579 1362 quasi
1606 1284 2058 1368 _dicas__diss_im_

2126 1304 2214 1351 es,
2259 1285 2561 1368 appellati
2608 1291 2779 1345 sunt.
2826 1285 2956 1345 Hos
2993 1293 3303 1368 perpetuo
3346 1286 3410 1345 in
3458 1287 3735 1368 homiliis

458 1377 587 1430 tam
615 1364 1030 1430 Antiochenis
1061 1382 1259 1443 quam
1288 1365 2011 1441 ConstantinOpolitanis
2043 1365 2398 1425 insectatur
2433 1364 2951 1442 Chrysostomus,
2983 1366 3174 1427 etiam
3221 1366 3287 1424 in
3316 1367 3736 1428 concionibus

460 1450 581 1509 illis
613 1466 889 1526 quarum
921 1451 1373 1526 argumentum
1401 1445 1562 1504 nihil
1588 1444 1781 1505 affine
1816 1443 2148 1505 videbatur
2177 1444 2416 1504 habere
2445 1461 2591 1504 cum
2609 1446 3068 1526 Anomoaorum
3101 1444 3532 1526 hdte_resi.7Cum
3562 1448 3737 1508 enim

459 1529 522 1588 hi
556 1523 832 1589 haeretici
877 1523 1140 1586 omnino
1193 1524 1442 1585 dicaces
1493 1530 1554 1584 et
1597 1540 1924 1602 pugnaces
1969 1528 2206 1593 essent,
2238 1539 2314 1583 ac
2358 1530 2668 1600 perpetuo
2710 1541 2855 1583 cum
2899 1523 3242 1584 Catholicis
3289 1525 3732 1599 velitarentur,

460 1609 703 1668 nullam
729 1608 1224 1686 Chrysostomus
1255 1603 2023 1686 occasionemomittebat
2050 1612 2511 1686 tamprocaces
2540 1602 2828 1686 homines
2861 1603 3253 1686 confutandi.

537 1688 778 1748 Verum
818 1681 963 1750 licet
999 1683 1240 1761 passim
1276 1683 1614 1764 et_ubique
1659 1683 1723 1741 in
1764 1681 2201 1760 Chrysostomi
2240 1682 2652 1741 homiliarum
2700 1682 3484 1764 de_cursu_Anom(eorum
3533 1701 3736 1764 argu—

457 1773 671 1827 menta
702 1765 1075 1825 adferantur
1113 1768 1175 1822 et
1207 1762 1659 1823 confutentur:
1691 1778 2014 1839 nusquam
2043 1766 2287 1822 tantam
2327 1761 2809 1841 armamentarii
2844 1761 3278 1841 lucifugarum
3322 1762 3580 1823 illorum
3612 1761 3734 1825 co-

457 1846 628 1921 piam
662 1842 1234 1923 deprehendimus,
1277 1845 1587 1923 quantam
1618 1841 1681 1899 in
1726 1840 1822 1923 his
1855 1841 1921 1900 in
1951 1841 2218 1901 Joannis
2250 1840 2671 1919 Evangelium
2716 1840 3009 1923 Homiliis
3033 1840 3395 1923 ;’quon_iarn
3428 1844 3745 1923 videlicet

458 1920 547 1984 illi
575 1944 655 1985 ex
690 1920 809 1985 hoc
840 1923 1119 1984 maxime
1152 1921 1525 1999 Evangelio,
1560 1920 1911 1980 secundum
1952 1937 2136 1981 suam
2174 1926 2453 1981 mentem
2478 1966 2494 1991 ,
2524 1924 2588 1981 et
2633 1920 3042 1998 omnigenam
3065 1964 3080 1992 ,
3129 1926 3199 1980 ut
3244 1921 3365 1998 ipsi
3410 1921 3729 1995 dicebant,

457 2004 789 2065 scientiam
833 2002 1175 2080 explicato,
1213 2004 1596 2077 argumenta
1644 2000 2279 2080 suamutuabantur.
2331 2000 2487 2073 Quae
2512 2017 2736 2080 eorum
2766 2005 3179 2077 argumenta,
3213 2002 3442 2080 saltem
3494 2004 3734 2080 praeci—

456 2100 585 2160 pua
619 2078 938 2161 quaedam,
967 2099 1112 2141 cum
1157 2080 1689 2161 responsionibus
1716 2078 2155 2161 Chrysostomi
2189 2097 2314 2138 non
2347 2079 2587 2161 pigebit
2612 2078 2888 2151 referre,
2916 2083 3258 2161 postquam
3288 2079 3363 2140 de
3395 2078 3565 2141 illius
3605 2082 3733 2143 ha:-

456 2157 673 2223 reseos
706 2166 875 2231 ortu,
902 2164 965 2220 et
993 2177 1337 2238 progressu
1370 2159 1448 2219 ad
1479 2159 1600 2218 hoc
1632 2176 1860 2235 usque,
1889 2175 2021 2235 quo
2047 2157 2125 2217 de
2160 2176 2331 2219 nunc
2356 2160 2591 2237 agitur,
2616 2163 2863 2238 tempus
2892 2159 3268 2235 compendio
3296 2161 3729 2222 retulerimus.

455 2242 521 2302 Id
558 2241 730 2320 quod
774 2237 1010 2301 lectori
1046 2256 1175 2299 non
1203 2239 1670 2320 displiciturum
1704 2253 2079 2314 speramus;
2109 2253 2259 2297 nam
2304 2256 2483 2320 quos
2513 2243 2642 2320 tam
2671 2237 3039 2320 frequenter
3070 2238 3356 2299 videmus
3393 2256 3430 2300 a
3456 2239 3733 2320 Chryso-

455 2316 663 2381 stomo
685 2320 1023 2399 exagitari,
1046 2321 1127 2381 ab
1157 2322 1303 2378 ortu
1329 2319 1612 2399 etggestis
1642 2334 2066 2399 cognoscere,
2084 2333 2273 2399 nemo
2304 2317 2548 2399 inutile_
2550 2316 2685 2399 fore
2714 2316 2969 2399 dixerit.

533 2401 591 2459 2.
645 2396 839 2460 Arius
878 2399 1049 2459 circa
1101 2415 1343 2459 annum
1390 2397 1507 2456 320
1554 2396 2016 2476 exsecrandam
2049 2396 2343 2476 haeresim
2390 2397 2455 2455 in
2503 2396 3008 2476 EcclesiamiDei
3054 2396 3334 2467 invexit,
3378 2397 3731 2476 discipulos

456 2483 690 2541 multos
721 2478 968 2550 habuit,
993 2478 1345 2553 turbasque
1378 2477 1750 2536 innumeras
1781 2474 1971 2546 dedit,
2003 2474 2186 2553 queis
2214 2492 2435 2536 omnes
2470 2493 2631 2553 pene
2661 2476 2835 2535 orbis
2865 2475 3163 2537 Ecclesia:
3185 2474 3724 2554 exagitatzesunt.

456 2561 589 2620 Arii
630 2563 844 2620 autem
880 2562 942 2616 et
985 2558 1377 2616 Arianorum
1424 2554 1747 2632 praecipua
1796 2556 2007 2632 capita
2039 2560 2100 2614 et
2136 2556 2329 2615 verba
2361 2555 2495 2616 haec
2553 2558 2775 2616 erant:
2818 2554 3022 2614 Deum
3062 2571 3191 2613 non
3240 2554 3437 2616 fuisse
3477 2558 3729 2634 semper

457 2641 744 2709 Patrem;
776 2636 1007 2696 Filium
1040 2653 1169 2695 non
1201 2652 1454 2712 semper
1491 2634 1721 2704 fuisse,
1752 2634 1858 2693 sed
1893 2634 2096 2714 fuisse
2126 2639 2376 2712 tempus
2415 2653 2561 2694 cum
2593 2651 2723 2693 non
2750 2640 2958 2704 esset;
2993 2651 3122 2693 non
3153 2634 3351 2694 fuisse
3376 2643 3727 2714 antequam

456 2724 852 2786 nasceretur,
885 2716 950 2774 in
982 2721 1269 2791 tempore
1299 2714 1535 2774 factum
1575 2732 1718 2774 esse
1742 2718 1804 2772 et
1835 2731 1917 2773 ex
1945 2713 2148 2773 nihilo
2175 2734 2190 2783 ;
2226 2730 2353 2772 non
2384 2714 2719 2791 proprium
2752 2731 2893 2773 esse
2924 2719 3170 2773 naturae
3198 2714 3441 2787 Patris;
3475 2713 3728 2775 creatu-

456 2816 593 2858 ram
621 2815 763 2858 esse
794 2794 1136 2872 perfectam
1162 2836 1178 2864 ,
1226 2794 1336 2854 sed
1380 2810 1509 2852 non
1539 2796 1611 2853 ut
1636 2793 1830 2854 aliam
1860 2811 1936 2854 ex
1973 2793 2284 2853 creaturis
2311 2813 2326 2865 ;
2363 2810 2492 2852 non
2528 2810 2669 2853 esse
2707 2810 2930 2852 verum
2960 2793 3165 2853 Deum
3191 2836 3207 2863 ,
3248 2793 3357 2853 sed
3389 2795 3731 2872 participa-

457 2878 629 2937 tione
658 2877 897 2946 Deum;
946 2890 1077 2933 non
1115 2890 1257 2933 esse
1287 2879 1623 2943 aeternum,
1656 2872 1764 2933 sed
1792 2879 1941 2932 ante
1970 2876 2259 2949 tempora
2289 2877 2350 2931 et
2381 2873 2614 2933 sacula
2645 2876 2929 2933 creatum
2960 2893 2975 2943 ;
3022 2872 3256 2930 Filium
3288 2889 3420 2931 non
3451 2874 3728 2951 perfecte

457 2973 646 3017 nosse
678 2973 796 3015 nec
826 2952 1102 3031 perfecte
1131 2952 1345 3013 videre
1392 2953 1663 3012 Patrem.
1692 2953 1779 3010 Eo
1815 2952 2007 3012 etiam
2033 2952 2375 3031 impietatis
2404 2951 2855 3031 procedebant,
2882 2956 2956 3031 ut
2978 2951 3293 3031 dicerent,
3327 2952 3563 3012 Filium
3597 2971 3728 3014 non

457 3054 596 3095 esse
630 3030 894 3095 unicum
943 3037 1006 3092 et
1036 3050 1258 3092 verum
1286 3031 1735 3112 VerbumLSed
1770 3031 1908 3091 solo
1935 3030 2194 3091 nomine
2224 3030 2541 3112 Verbum,
2570 3030 2709 3090 solo
2756 3030 3017 3112 nomine
3052 3030 3447 3112 Sapientiam
3469 3078 3484 3104 ,
3518 3035 3728 3112 gratia

453 3114 688 3175 Filium
714 3158 730 3182 ,
762 3112 1017 3172 initium
1051 3117 1538 3177 creaturarum;
1570 3111 1853 3170 Verbum
1902 3116 2136 3171 natura
2187 3111 2493 3170 mutabile
2541 3128 2681 3169 esse
2708 3153 2723 3179 ,
2752 3110 3085 3186 multaque
3135 3127 3277 3170 esse
3319 3110 3554 3173 Verba.
3592 3112 3729 3173 lmo

454 3192 704 3254 dicebat
733 3194 871 3268 ipse
910 3192 1101 3270 Arius
1146 3190 1320 3270 aliud
1351 3208 1493 3250 esse
1514 3189 1800 3270 Verbum
1829 3190 1998 3270 quod
2032 3190 2095 3270 in
2128 3190 2261 3250 Deo
2292 3198 2409 3263 est,
2437 3198 2499 3250 et
2523 3188 2697 3270 aliud
2721 3188 2798 3270 de
2834 3206 2965 3266 quo
2994 3190 3081 3248 ait
3101 3190 3409 3270 Joannes,
3436 3190 3522 3250 In
3537 3192 3716 3270 prin-

462 3272 624 3350 (ἰρὶο
664 3280 797 3331 erat
842 3269 1122 3331 Verbum.
1149 3270 1230 3350 In
1261 3269 1382 3350 hac
1410 3270 1581 3329 enim
1631 3269 1828 3350 impia
1856 3268 2146 3330 doctrina
2174 3286 2304 3328 non
2333 3286 2557 3350 omnes
2614 3268 2734 3328 sibi
2770 3270 3189 3350 constabant,
3233 3268 3559 3350 sodalius
3596 3272 3727 3333 alia

452 3348 835 3429 plerumque
877 3349 1204 3429 contraria
1240 3348 1611 3421 dictitabat,
1648 3348 1778 3407 imo
1802 3393 1819 3421 ,
1851 3353 1923 3409 ut
1969 3364 2154 3410 error
2202 3350 2306 3409 vix
2342 3348 2699 3409 consistere
2729 3352 2980 3425 potest,
3016 3348 3208 3408 iidem
3253 3348 3375 3426 ipsi
3424 3367 3550 3410 non
3602 3351 3726 3411 sibi

462 3428 707 3507 semper
741 3428 1245 3490 consentiebant.

534 3505 842 3568 Dicebant
870 3508 1060 3567 etiam
1094 3508 1259 3566 inter
1287 3524 1396 3567 eos
1427 3507 1636 3578 multi,
1658 3506 1890 3565 Filium
1923 3524 2053 3566 non
2077 3524 2213 3567 esse
2236 3507 2402 3567 Patri
2431 3506 2726 3566 similem.
2755 3505 2937 3567 Circa
2963 3505 3130 3566 hanc
3162 3524 3310 3566 vero
3341 3508 3724 3568 sententiam

466 3589 844 3650 Arianorum
886 3587 1051 3648 facta
1098 3590 1249 3646 sunt
1300 3587 1594 3647 divortia.
1635 3586 1757 3645 Alii
1785 3586 1955 3645 enim
1981 3602 2235 3645 omnem
2276 3587 2540 3645 omnino
2571 3584 3053 3645 similitudinem
3097 3586 3561 3660 excludebant;
3611 3588 3722 3648 alii

456 3667 935 3726 similitudinem
963 3668 1154 3727 etiam
1189 3667 1251 3726 in
1285 3666 1643 3726 substantia
1672 3664 2120 3735 admittebant;
2158 3665 2222 3723 hi
2253 3682 2407 3725 vero
2438 3664 2826 3742 peculiarem
2870 3665 3057 3741 quasi
3099 3671 3335 3725 sectam
3375 3668 3725 3728 constitue-

455 3753 630 3821 runt,
662 3747 775 3824 qui
804 3753 1043 3813 ὁμοοὺσιον
1069 3746 1200 3805 sive
1237 3744 1821 3806 consubstantialem
1849 3744 2063 3824 Filiun

2114 3762 2250 3824 esse
2280 3748 2623 3824 negabant,
2658 3744 2768 3803 sed
2801 3748 3114 3824 ῥμσιοᾳὺσισν,
3146 3745 3401 3806 similem
3435 3745 3723 3806 substan-

457 3826 566 3892 tia.
597 3822 1037 3896 admittebant,
1071 3844 1347 3903 cumque
1373 3842 1411 3886 a
1441 3824 1733 3902 perfectis
1766 3823 2021 3884 Arianis
2050 3823 2116 3882 in
2153 3823 2372 3903 aliquo
2394 3823 2757 3903 deficerent,
2792 3822 3169 3885 Semiariani
3205 3830 3353 3884 sunt
3385 3825 3716 3902 appellati.

455 3906 533 3963 Hi
580 3922 773 3981 porro
801 3906 994 3965 etiam
1023 3909 1173 3964 sunt
1215 3902 1381 3965 inter
1420 3924 1487 3963 se
1517 3904 1725 3963 divisi.
1770 3903 1894 3962 Alii
1940 3919 2218 3979 namque
2249 3902 2565 3973 dicebant,
2598 3902 2831 3962 Filium
2869 3903 3231 3964 substantia
3277 3903 3550 3964 similem
3579 3923 3721 3966 esse

454 3985 652 4074 Patri,
676 3984 1090 4043 similitudine
1124 3982 1988 4074 imperfectaeualisnposset
2016 3981 2599 4074 e‘sse‘creaturze‘ad
2620 3981 3009 4074 creatorem,
3039 3982 3333 4074 imaginis
3366 3982 3442 4074 ad
3470 3988 3529 4062 ty
3543 4002 3715 4074 puﬁm:

456 4065 808 4141 Imaginem
841 4080 1068 4140 nempe
1115 4068 1173 4123 et
1211 4059 1690 4122 similitudinem
1736 4062 1913 4121 illam
1958 4066 2143 4121 extra
2166 4060 2370 4120 Deum
2393 4105 2408 4132 ,
2441 4078 2476 4120 a
2502 4062 2635 4121 Deo
2682 4059 2911 4141 factam
2957 4078 3097 4121 esse
3131 4059 3468 4135 dicebant,
3499 4059 3564 4121 et
3602 4064 3717 4123 Dei

456 4139 831 4203 substantiae
858 4143 1129 4202 similem
1159 4159 1323 4213 esse,
1364 4146 1684 4219 quatenus
1718 4145 1925 4218 potest
1960 4158 2059 4200 res
2087 4145 2273 4201 extra
2301 4141 2501 4199 Deum
2533 4143 2773 4219 creata,
2805 4139 3126 4199 Creatoris
3171 4142 3546 4201 substantiae
3575 4160 3717 4203 esse

457 4222 706 4281 similis.
735 4221 815 4281 Hi
855 4239 1009 4282 vero
1052 4222 1310 4281 nomine
1354 4227 1603 4281 tantum
1636 4226 1823 4281 tenus
1861 4221 1944 4279 ab
1974 4220 2227 4279 Arianis
2266 4220 2559 4297 perfectis
2585 4218 2982 4280 differebant.
3024 4220 3161 4278 Non
3197 4222 3367 4279 enim
3418 4226 3721 4297 poterant

464 4301 681 4364 Ariani
712 4318 950 4378 negare
981 4301 1089 4379 qui
1120 4300 1539 4378 Evangelium
1568 4299 2022 4379 admittebant,
2054 4299 2341 4379 aliquam
2380 4298 2859 4379 similitudinem
2889 4298 3320 4379 imperfectam
3352 4317 3493 4379 esse
3530 4318 3718 4377 posse

460 4384 625 4441 inter
653 4388 984 4461 creaturas
1024 4384 1085 4441 et
1110 4379 1475 4442 Creatorem
1507 4399 1521 4438 :
1561 4378 2081 4457 quandoquidem
2124 4379 2189 4437 in
2222 4378 2574 4457 Evangelio
2606 4378 2903 4449 habetur,
2938 4380 3020 4438 Ut
3061 4378 3202 4439 sitis
3246 4378 3475 4439 similes
3501 4379 3715 4441 Patris

459 4461 670 4527 vestri,
699 4465 818 4522 etc.

538 4541 628 4599 Ex
655 4539 1067 4600 Semiarianis
1088 4555 1240 4598 vero
1261 4538 1395 4608 alii,
1417 4554 1695 4614 quorum
1716 4537 2176 4615 antesignanus
2198 4544 2335 4597 erat
2355 4536 2629 4597 Basilius
2656 4537 3061 4615 Ancyranus,
3081 4545 3134 4589 τὸ
3156 4542 3466 4606 ὁμοιοοῦσιον,
3487 4555 3717 4614 nempe

460 4618 941 4680 similitudinem
976 4618 1385 4689 substantiae,
1414 4617 1605 4696 longe
1637 4617 1764 4676 alio
1807 4614 1995 4696 modo
2025 4616 2637 4693 interpretabantur.
2665 4614 3109 4675 Omnimodam
3140 4614 3377 4692 quippe
3412 4617 3717 4696 similitu—

459 4701 673 4759 dinem
698 4698 1070 4758 substantiaa
1097 4699 1162 4756 in
1191 4699 1373 4758 Patre
1394 4694 1588 4774 atque
1612 4696 1775 4757 Filio
1797 4695 2214 4756 admittebant
2242 4716 2256 4753 :
2286 4706 2340 4748 τὸ
2362 4701 2603 4758 όμοσὺσιον
2622 4711 2800 4765 vero,
2825 4695 2960 4753 sive
2986 4712 3184 4774 consu
3196 4694 3714 4756 bstantialitatem

461 4779 661 4839 Patris
695 4783 757 4836 et
786 4776 928 4836 Filii
958 4776 1367 4855 rejiciebant;
1399 4781 1462 4835 et
1486 4775 1741 4852 quidem
1778 4775 1995 4855 multis
2025 4775 2102 4835 de
2127 4775 2339 4855 causis
2382 4791 2545 4855 quas
2572 4778 2864 4855 recenset
2903 4779 2964 4832 et
2994 4773 3282 4833 confutat
3323 4775 3715 4855 Athanasius

463 4860 624 4919 libro
655 4856 731 4915 de
762 4853 1053 4934 Synodis',
1080 4876 1141 4933 p.
1167 4854 1286 4915 76h
1310 4902 1325 4929 ,
1354 4860 1417 4915 et
1451 4855 1518 4913 in
1549 4854 1770 4915 eodem
1800 4854 1988 4924 libro,
2017 4873 2079 4932 p.
2111 4854 2252 4924 757,
2283 4854 2396 4925 ait,
2425 4853 2566 4934 ideo
2595 4854 2772 4934 illam
2804 4870 3046 4934 vocem,
3078 4858 3342 4934 ὁκοοὺσιεν,
3373 4855 3455 4913 ab
3491 4853 3590 4914 his
3639 4853 3717 4913 de

462 4938 698 5014 quibus
728 4932 1057 5012 loquimur
1083 4932 1495 5014 Semiarianis
1539 4934 1740 5013 rejici,
1772 4934 1926 5011 quia
1973 4935 2039 4993 in
2076 4934 2348 4994 concilio
2380 4932 2960 5014 Antiocheno_,__ubi
2992 4933 3229 4993 Paulus
3257 4932 3714 5014 Samosatenus

461 5011 799 5078 damnatus
820 5011 1334 5092 fuit,proscripta
1358 5013 1564 5075 fuerat
1591 5011 1755 5086 {etsi
1788 5030 1916 5073 non
1948 5030 2025 5073 eo
2067 5030 2260 5072 sensu
2286 5028 2416 5089 quo
2446 5018 2666 5092 postea
2695 5011 2759 5070 in
2788 5011 3042 5092 Nicaena
3071 5011 3316 5092 synodo
3350 5015 3412 5071 et
3434 5011 3717 5074 admissa

463 5102 523 5157 et
550 5090 1076 5173 promulgata,_et
1114 5096 1178 5154 in
1206 5090 1347 5155 fidei
1372 5094 1772 5154 confessione
1792 5094 2000 5168 posita
2030 5093 2166 5173 fuit.
2200 5092 2356 5173 Nam
2386 5090 2559 5173 quod
2585 5090 2657 5173 in
2688 5091 3086 5173 Antiochena
3110 5090 3363 5173 synodo
3386 5101 3445 5173 γὸ
3471 5096 3717 5157 amotam

462 5169 592 5235 non
633 5169 927 5235 absolute
959 5173 1328 5234 damnatum
1357 5174 1568 5244 fuerit,
1600 5173 1804 5248 liquet
1841 5190 1924 5232 ex
1957 5172 2167 5232 verbis
2211 5170 2497 5249 Dionysii
2528 5170 2945 5230 Alexandrini
2972 5212 2988 5237 ,
3014 5171 3126 5248 qui
3156 5169 3567 5249 Antiocheam
3595 5187 3717 5245 sy—

460 5256 628 5316 nodo
660 5251 1037 5316 interfuerat
1074 5259 1137 5313 et
1165 5247 2050 5330 subscripserat.Accusatus
2082 5250 2251 5311 enim
2279 5247 2447 5326 apud
2481 5250 2860 5330 Dionysium
2908 5247 3264 5330 Romanum
3306 5247 3671 5330 Pontiﬁcem
3694 5291 3711 5314 .

460 5334 632 5412 quod
662 5351 817 5395 voce
844 5339 1083 5398 ὁμσοὺσιον
1110 5350 1236 5393 non
1268 5327 1556 5393 uteretur
1599 5333 1665 5390 in
1718 5331 2140 5412 concionibus
2170 5330 2328 5412 suis,
2374 5329 2704 5406 respondit
2746 5329 2853 5412 ille
2886 5346 2955 5412 se
3002 5327 3366 5412 hujusmodi
3396 5344 3619 5412 vocem
3654 5330 3717 5387 et

460 5406 813 5484 admittere,
856 5420 918 5475 et
958 5418 1029 5473 ut
1070 5413 1333 5472 omnino
1364 5412 1744 5473 catholicam
1778 5411 2036 5473 habere.
2072 5411 2167 5469 Ab
2196 5409 2305 5470 illa
2332 5413 2547 5469 autem
2572 5414 2726 5468 tunc
2775 5406 3175 5477 abstinebat,
3220 5407 3376 5484 quia
3414 5406 3536 5467 sibi
3568 5424 3715 5466 cum

458 5492 835 5554 Sabellianis
867 5511 970 5554 res
1003 5498 1162 5554 erat.
1195 5492 1343 5552 Haec
1370 5508 1521 5551 vero
1542 5490 1831 5568 pluribus
1870 5489 2184 5567 descripta
2209 5489 2406 5549 habes
2437 5488 2505 5568 in
2534 5487 2865 5568 Athanasii
2915 5486 3077 5568 libro
3102 5486 3177 5546 de
3217 5486 3533 5568 sententia
3567 5485 3716 5568 Dio-

457 5574 623 5652 nysii
658 5593 673 5632 :
723 5573 833 5632 ubi
866 5573 972 5634 ille
1007 5573 1145 5649 ipsa
1174 5570 1464 5652 Dionysii
1494 5565 1690 5652 verba
1720 5568 1935 5652 refert,
1968 5565 2291 5652 exscripta
2319 5585 2403 5627 ex
2444 5567 2728 5652 ejusdem
2757 5565 3048 5652 epistola.
3070 5570 3372 5652 Attamen
3405 5565 3471 5652 _hi
3506 5565 3716 5624 mitio-

458 5644 557 5713 res
584 5651 961 5714 Semiariani
1000 5644 1052 5706 τὲ
1078 5658 1326 5729 6’10“)de
1345 5644 1741 5729 rejiciebant,
1774 5649 2009 5729 illique;
2047 5666 2067 5707 i

2104 5644 2267 5729 ocisé
2295 5644 2581 5712 ὁμσισοὺὲιον
2613 5663 2686 5706 su
2696 5647 2812 5729 bsti
2822 5646 3113 5729 tueba_nt_._
3129 5644 3374 5729 Yerum
3401 5646 3484 5729 irr
3499 5660 3583 5729 ea
3600 5661 3713 5729 eit-

458 5730 751 5809 plicanda
781 5749 935 5792 voce
980 5731 1067 5793 ita
1099 5722 1548 5809 procedebant,
1577 5735 1649 5788 ut
1699 5744 1737 5789 a
1794 5722 1945 5809 vera
1977 5727 2452 5809 Catholicorum
2502 5724 2822 5809 sententia
2867 5723 3024 5809 nihil
3056 5723 3407 5809 differrent,
3443 5723 3593 5782 licet
3624 5722 3713 5809 in

458 5800 667 5874 verbis
699 5812 851 5893 ipsis
887 5800 1266 5891 pugnarent.
1299 5809 1472 5871 Inter
1511 5808 1936 5872 substantiam
1968 5809 2135 5867 enim
2175 5806 2375 5873 Patris
2414 5811 2477 5872 et
2504 5804 2649 5866 Filii
2677 5800 3021 5880 perfectam
3051 5802 3533 5866 similitudinem
3582 5806 3712 5864 sta-
