4074 6374
297 485 351 541 η
1716 472 2102 532 PREFATIO.
3485 480 3552 537 li-

295 601 544 660 tuebant
571 643 588 671 ,
621 615 685 660 e.
711 597 946 659 Filium
989 596 1161 658 Patri
1193 594 1506 675 aequalem
1546 593 2038 675 profitebantur,
2079 593 2228 675 licet
2254 610 2448 675 porro
2492 592 2646 654 illud
2673 597 2960 675 ὁμοφοὺσιον
2987 595 3378 674 impietatem
3423 617 3556 675 pra:

298 697 353 739 se
385 677 546 739 ferat
575 723 590 737 .
624 694 772 738 nam
799 679 852 739 si
884 677 1108 738 similis
1141 671 1500 736 substantia
1544 671 1717 734 Patri
1749 674 1830 733 sit
1852 671 2079 744 Filius,
2115 674 2166 734 si
2208 671 2358 734 vere
2387 674 2580 745 Deus,
2613 680 2686 734 ut
2719 674 2813 733 illi
2866 671 3358 743 conﬁtebantur.
3387 671 3555 740 alte-

294 759 414 818 rius
444 763 506 818 et
531 756 802 819 diversa:
828 757 1204 818 substantiae
1231 753 1423 814 fuerit
1455 774 1468 812 :
1506 753 1670 834 idem
1694 753 1866 834 enim
1898 752 2107 834 ipsum
2135 770 2487 834 numquam
2524 752 2730 814 simile
2756 754 2874 814 sibi
2906 753 3028 816 dici
3056 756 3278 834 possit.
3310 755 3372 816 Si
3405 775 3556 818 vero

293 837 547 898 diversae.
582 839 956 899 substantiae
987 838 1115 896 sint
1153 836 1339 914 Pater
1367 838 1431 894 et
1465 833 1690 914 Filius,
1723 832 1774 892 si
1799 832 2210 914 Patg_l_)eus,
2244 831 2531 914 et_Filius
2561 851 2823 914 quoque
2847 834 3018 914 Deus
3045 831 3074 908 ;’
3108 853 3261 914 ergo
3299 836 3426 914 duo
3469 835 3552 896 dii

293 924 504 986 erunt;
537 935 686 977 nam
733 915 1097 977 substantia
1126 913 1241 974 Dei
1263 915 1435 973 Deus
1469 913 1606 990 ipse
1647 917 1764 972 est.
1792 910 1894 971 Sic
1924 911 2124 972 Filius
2165 911 2334 972 Patri
2366 910 2729 973 substantia
2760 913 3021 987 similis,
3059 910 3378 976 erit‘Deu's
3422 916 3556 975 Deo

293 995 507 1056 Similis
540 1015 556 1065 ;
595 1013 748 1073 ergo
787 994 916 1055 duo
956 995 1066 1054 dii.
1104 994 1346 1053 Verum
1391 991 1561 1054 hanc
1609 991 2138 1068 consequentiam
2180 1009 2310 1051 non
2349 992 2771 1073 admittebant
2816 993 2915 1066 hi,
2955 993 3032 1054 de
3061 993 3298 1071 quibus
3345 995 3555 1072 loqui-

289 1091 446 1146 mur,
476 1070 879 1142 Semiariani,
910 1075 1060 1136 licet
1088 1090 1164 1134 ea
1193 1077 1414 1150 aperte
1439 1090 1521 1132 ex
1549 1088 1707 1133 voce
1732 1076 2022 1150 ὁμωφὺσιον
2048 1073 2229 1148 sequi
2260 1070 2578 1132 videatur.
2607 1072 2687 1131 lli
2722 1078 2893 1132 certe
2918 1074 3033 1133 etsi
3066 1070 3144 1134 ad
3175 1070 3554 1135 catholicam

293 1154 662 1214 sententiam
692 1154 1090 1225 accederent,
1121 1149 1286 1212 male
1336 1155 1550 1211 tamen
1599 1151 1768 1211 hanc
1798 1149 2185 1230 inducebant
2210 1168 2465 1220 vocem,
2499 1156 2561 1211 et
2587 1151 2886 1228 culpandi
2930 1153 3122 1214 etiam
3151 1159 3338 1213 erant
3380 1153 3554 1230 quod

292 1249 500 1293 vocem
531 1241 772 1299 eux-suav
801 1233 866 1292 in
908 1250 1092 1294 sacra
1124 1231 1378 1312 Niczena
1427 1229 2207 1312 synodo_inductam_non
2238 1230 2666 1312 admitterent.
2705 1232 2999 1312 Attamen
3043 1248 3363 1312 magnum,
3397 1229 3554 1292 illud

291 1312 582 1392 Ecclesiae
605 1313 819 1392 lumen
851 1312 1241 1392 Athanasius
1275 1310 1392 1369 hos
1430 1308 1560 1369 non
1592 1308 1728 1392 vult
1757 1309 1943 1392 quasi
1971 1309 2673 1392 adversariosbaberi.
2705 1310 2899 1372 Libro
2929 1308 3208 1392 namque
3238 1310 3314 1372 de
3339 1311 3556 1392 Syno-

290 1391 398 1457 dis,
435 1411 496 1468 p.
528 1390 670 1459 755,
703 1393 788 1479 i_ta
819 1392 1011 1479 habet
1028 1411 1052 1479 _:
1114 1390 1298 1479 Viro's
1343 1397 1558 1479 autem
1578 1389 1688 1479 qui
1718 1387 1847 1479 alia
1872 1387 2115 1479 quidem
2151 1387 2370 1479 omnia
2397 1388 2626 1479 Nica’a’
2654 1387 3270 1479 _scripta_re_c_ipiunt,
3311 1387 3552 1479 {ie'solo

290 1466 482 1530 autem
515 1470 1068 1533 eonsubstantialis
1097 1467 1396 1548 vocabulo
1437 1466 1779 1548 ambigunt,
1811 1466 1939 1548 non
1965 1475 2042 1526 ut
2077 1467 2363 1548 inimicos
2393 1468 2666 1546 spectari
2689 1466 2812 1547 par
2843 1476 2951 1529 est.
2984 1469 3048 1530 N
3051 1466 3196 1548 eque
3226 1471 3386 1531 enim
3416 1473 3556 1533 vel—

289 1560 351 1608 ut
381 1551 807 1610 Ariomanitas
837 1558 944 1609 aut
977 1549 1239 1609 Patrum
1289 1547 1679 1608 adversarios
1727 1546 2000 1627 homines
2053 1547 2451 1626 aggredimur
2476 1593 2489 1614 ,
2521 1548 2629 1607 sed
2684 1546 3071 1627 disputamus
3093 1546 3295 1610 veluti
3323 1551 3556 1627 fratres

291 1649 416 1688 cum
459 1629 769 1709 fratribus
797 1677 810 1697 ,
843 1631 953 1708 qui
992 1629 1195 1688 eadem
1240 1645 1364 1709 qua
1393 1645 1518 1709 nos
1553 1634 1702 1709 sunt
1735 1625 2078 1709 sententia,
2126 1625 2260 1688 solo
2283 1628 2554 1709 nomine
2597 1628 2668 1688 in
2693 1625 3200 1709 controversiam
3255 1625 3552 1690 adducto.

287 1709 434 1770 Cum
459 1705 629 1769 enim
655 1705 1070 1788 conﬁteantur
1104 1726 1183 1767 ea:
1208 1705 1561 1788 substantia
1608 1705 1848 1788 Patris,
1883 1713 1938 1764 et
1968 1724 2208 1788 nonem
2236 1707 2363 1767 alia
2393 1706 2757 1788 substantia
2771 1727 2890 1767 esse
2935 1709 3197 1775 Filium,
3227 1726 3339 1768 nec
3371 1727 3556 1769 crea—

290 1797 484 1867 turam
510 1789 604 1850 vel
629 1784 944 1867 api/icium
973 1787 1152 1848 illum
1179 1805 1322 1853 esse,
1363 1784 1465 1845 sed
1494 1785 1830 1867 genuinam
1856 1785 2320 1867 naturalemque
2340 1787 2601 1867 prolem,
2618 1796 2673 1847 et
2696 1786 2770 1847 ab
2791 1795 3018 1847 aeterno
3044 1806 3173 1847 una
3199 1806 3335 1847 cum
3362 1789 3554 1848 Patre

295 1866 554 1927 Verbum
603 1863 681 1927 εί
701 1863 1086 1946 Sapientiam
1132 1867 1460 1946 ea'sistere.
1490 1882 1621 1946 non
1649 1864 1832 1946 longe
1869 1863 2098 1946 absunt
2110 1885 2166 1946 7a
2203 1863 2562 1946 recipienda
2591 1867 3158 1946 consubstanﬁtialis
3180 1885 3347 1946 voce.
3381 1867 3556 1927 Talis

285 1947 660 2008 estBasilius
687 1943 967 2026 Ancyra,
1000 1946 1110 2025 qui
1135 1945 1208 2005 de
1238 1945 1352 2024 ﬁde
1381 1944 1657 2026 scripsi_t_.
1687 1943 1852 2026 Nam
1875 1945 1932 2004 si
1958 1944 2180 2026 similis
2208 1943 2453 2026 tantum
2484 1945 2734 2026 dicatur
2760 1945 3099 2006 secundum
3125 1945 3550 2026 substantiam,

287 2025 348 2085 id
371 2045 501 2086 non
528 2027 690 2087 idem
710 2022 975 2104 prorsus
1002 2022 1317 2104 signiﬁcat
1354 2032 1554 2105 atque
1572 2022 1756 2105 illud.
1789 2042 1872 2084 ex
1902 2025 2284 2098 substantia,
2313 2043 2432 2103 quo
2462 2025 2642 2086 verba
2664 2027 2884 2105 magis,
2911 2034 2982 2085 ut
3010 2027 3137 2105 ipsi
3170 2025 3406 2096 dixere,
3431 2026 3557 2085 Pa-

288 2108 398 2166 tris
426 2102 789 2184 germanum
826 2102 1077 2166 Filium
1098 2102 1300 2183 ipsum
1329 2121 1454 2163 esse
1500 2102 1942 2184 signiﬁcatur,
1987 2107 2106 2163 etc.
2137 2105 2234 2163 Ex
2284 2102 2382 2165 his
2416 2106 2589 2166 vides
2638 2102 3233 2166 hos’Semiarianos
3288 2105 3552 2166 vocibus

285 2181 531 2245 tantum
557 2202 596 2247 a
627 2185 973 2246 Catholicis
998 2181 1402 2253 dissensisse,
1427 2201 1497 2243 re
1525 2181 1740 2242 autem
1769 2181 2056 2261 ejusdem
2090 2185 2422 2246 sententiae
2443 2185 2664 2248 fuisse.
2685 2185 2861 2247 Unde
2890 2185 3139 2246 videtur
3159 2185 3551 2246 Athanasius

285 2281 544 2341 sperare
571 2265 715 2325 illos
753 2264 1005 2324 tandem
1027 2263 1106 2324 ad
1137 2262 1514 2324 catholicam
1541 2280 1669 2322 non
1697 2263 1887 2323 modo
1914 2262 2249 2335 sentiendi,
2285 2265 2392 2324 sed
2424 2265 2618 2325 etiam
2646 2265 2950 2342 loquendi
2980 2266 3294 2325 rationem
3323 2277 3553 2325 acces-

285 2361 468 2404 suros
493 2363 659 2415 esse,
689 2362 832 2404 cum
861 2345 971 2415 ait,
1007 2345 1180 2421 ipsos
1202 2360 1329 2402 non
1358 2342 1548 2419 longe
1577 2342 2238 2419 abessearecipienda
2259 2342 2842 2405 Consubstantialis
2870 2345 3140 2404 voce.Et
3170 2362 3317 2405 vere
3345 2344 3459 2415 illi,
3482 2350 3554 2404 ut

283 2423 538 2499 quidem
577 2423 847 2493 videtur,
881 2428 1104 2500 postea
1150 2421 1808 2500 Catholicisadjuncti
1841 2425 2035 2482 sunt:
2082 2439 2212 2482 non
2247 2422 2356 2483 diu
2397 2425 2567 2484 enim
2607 2423 2911 2500 loquendi
2940 2423 3248 2484 formulas
3299 2425 3381 2484 ab
3427 2423 3553 2483 illis

283 2498 630 2580 usurpatas
664 2498 953 2564 videmus
1000 2503 1065 2562 in
1111 2501 1389 2561 medium
1426 2498 1665 2562 alferri.
1696 2501 1774 2562 Ut
1793 2518 1961 2580 vero
2009 2501 2075 2560 hi
2119 2501 2498 2563 Semiariaui
2529 2521 2599 2563 re
2641 2498 2780 2580 ipsa
2827 2520 2971 2563 cum
3016 2502 3360 2563 Catholicis
3393 2520 3555 2563 con—

284 2579 668 2652 sentiebant,
703 2584 788 2644 ita
814 2600 1077 2660 quoque
1107 2583 1214 2642 alii
1256 2580 1663 2648 Semiariani,
1693 2579 1804 2659 qui
1835 2580 2067 2640 Filium
2095 2598 2231 2641 rem
2265 2581 2491 2643 factam
2523 2579 2812 2644 essenec
2837 2586 3225 2643 comternum
3256 2583 3424 2642 Patri
3451 2582 3556 2640 di-

279 2663 535 2740 cebant,
567 2662 686 2722 etsi
725 2663 906 2722 illum
936 2669 1248 2728 ὸμοιοοὺσιον,
1280 2660 1340 2720 id
1370 2665 1490 2731 est,
1515 2662 1726 2740 Patris
1759 2661 2119 2721 substantia
2163 2661 2433 2722 similem
2468 2661 2752 2722 dicerent
2781 2707 2796 2732 ,
2826 2662 2926 2723 vel
2965 2679 3221 2740 parum,
3249 2661 3347 2721 vel
3391 2661 3549 2720 nihil

279 2739 661 2802 differebant
689 2744 770 2802 ab
800 2742 1056 2801 Arianis
1081 2747 1143 2803 et
1175 2742 1258 2800 ab
1291 2740 1365 2798 iis
1414 2739 1525 2816 qui
1560 2744 1800 2809 ἀνόμοιον,
1835 2740 1896 2799 id
1924 2744 2043 2813 est,
2074 2740 2448 2801 dissimilem
2482 2741 2653 2802 Patri
2674 2741 2907 2801 Filium
2933 2739 3345 2812 asserebant;
3375 2759 3553 2818 qua-

281 2825 546 2897 propter
592 2821 654 2880 hi
684 2821 875 2882 etiam
906 2820 1284 2900 Semiariani
1323 2837 1460 2900 non
1507 2819 1730 2900 diuiab
1760 2819 2018 2900 Arianis
2045 2826 2107 2880 et
2135 2821 2217 2882 ab
2247 2821 2572 2882 Anomaeis
2604 2821 2918 2900 segregati
2960 2821 3273 2882 mansisse
3322 2821 3552 2900 viden-

279 2904 406 2969 tur,
440 2908 505 2959 et
536 2900 627 2961 sic
649 2900 904 2960 demum
935 2899 1064 2961 fere
1092 2917 1339 2968 omnes,
1374 2898 1755 2977 utiquidem
1778 2899 2102 2973 existimo,
2135 2902 2589 2960 Anomceorum
2618 2898 2879 2960 nomine
2908 2906 3056 2961 sunt
3083 2899 3411 2977 appellati.

359 2980 651 3040 Ληοωωί
686 2997 838 3040 vero
874 2979 964 3039 illi
991 2979 1213 3040 eodem
1243 2976 1489 3040 suborti
1522 2984 1805 3058 tempore
1838 2979 2091 3058 Aetium
2125 2984 2454 3040 auctorem
2484 2980 2787 3041 habuisse
2814 2976 3548 3058 perhibentur,Aetium,

279 3057 806 3134 inquam,‘illum,
838 3060 947 3136 qui
983 3059 1324 3136 impietatis
1359 3074 1554 3119 causa
1583 3057 1796 3117 atheus
1827 3057 2008 3197 (ἄθεοὲ
2032 3060 2520 3138 cognominatus
2568 3066 2685 3120 est.
2717 3057 2855 3121 Jam
2888 3076 3081 3137 porro
3120 3059 3210 3119 illi
3258 3063 3548 3136 tempore

279 3138 615 3197 Athanasii
652 3141 874 3197 turbas
903 3139 1059 3197 dare
1106 3145 1475 3197 emnerunt.
1503 3137 1928 3197 dicebantque
2016 3138 2195 3197 ilium
2227 3139 2393 3197 Patri
2431 3139 2692 3197 omnino
2735 3139 3128 3197 dissimilem.
3170 3156 3313 3197 ante
3346 3138 3548 3197 hiero-

279 3138 615 3199 Athanasii
652 3141 874 3200 turbas
903 3139 1059 3200 darc
1106 3145 1437 3216 cmperunt
1459 3183 1475 3210 ,
1503 3137 1928 3217 dicebantque
1962 3137 2195 3198 Filium
2227 3139 2393 3198 Patri
2431 3139 2692 3217 omnino
2735 3139 3128 3214 dissimilem,
3170 3156 3313 3217 qua:
3346 3138 3556 3199 hiero-

279 3217 390 3285 sis,
420 3235 568 3278 cum
597 3218 729 3278 Arii
762 3224 824 3279 et
853 3219 1241 3280 Arianorum
1271 3217 1601 3279 erroribus
1630 3216 1892 3277 omnino
1936 3219 2398 3279 consentiebat.
2426 3216 2582 3278 Cum
2613 3219 2782 3278 enim
2809 3219 3041 3279 Filium
3070 3216 3207 3278 rem
3232 3217 3462 3278 factam
3492 3223 3552 3278 et

277 3301 564 3357 ereatam
592 3299 813 3359 Ariani
847 3298 1153 3366 dicerent,
1185 3297 1334 3358 hinc
1376 3314 1532 3358 sane
1558 3297 1951 3374 sequebatur
1983 3301 2229 3358 tantam
2263 3317 2406 3358 esse
2438 3299 2688 3359 Patrem
2720 3298 2887 3358 inter
2907 3305 2970 3359 et
2995 3298 3228 3358 Filium
3259 3298 3554 3358 dissimi—

279 3375 640 3448 litudinem,
673 3385 919 3454 quanta
964 3384 1062 3438 est
1087 3377 1455 3438 Creatorem
1497 3376 1664 3436 inter
1691 3380 1752 3435 et
1785 3395 1920 3436 rem
1961 3385 2264 3437 creatam.
2289 3377 2448 3438 Cum
2484 3395 2678 3455 porro
2709 3378 2877 3438 inter
2905 3383 3260 3441 creatorem
3306 3383 3369 3439 et
3416 3396 3552 3438 rem

275 3463 562 3542 creatam
618 3457 933 3542 immensa
975 3457 1059 3517 sit
1091 3455 1600 3542 dissimilitudo;
1619 3462 1788 3542 certe
1841 3457 2130 3542 eamdem
2175 3475 2323 3542 ess_e_
2364 3458 2533 3518 inter
2570 3458 2822 3542 Patrem
2868 3463 2931 3518 et
2958 3458 3190 3542 Filium
3222 3458 3554 3542 sequeba-

277 3541 407 3594 tur.
439 3533 665 3602 Ᾰνὸμοιον
697 3537 916 3612 itaque
958 3554 1075 3597 seu
1119 3535 1492 3596 dissimilem
1531 3533 1855 3595 Christum
1897 3535 2228 3607 dicebant,
2263 3536 2541 3614 hincque
2585 3537 2677 3597 illi
2721 3537 3008 3596 Anomoei
3043 3539 3191 3596 sunt
3222 3533 3549 3613 appellati.

275 3614 472 3675 Initio
501 3620 717 3676 autem
760 3616 1294 3682 intenAnommos
1323 3620 1386 3676 et
1413 3614 1688 3676 Arianos
1718 3615 2150 3677 dissensiones
2183 3617 2463 3676 subortze
2491 3623 2682 3688 sunt;
2729 3633 2860 3676 non
2891 3633 3113 3676 omnes
3147 3617 3327 3692 paria
3370 3615 3554 3675 dice-

275 3693 458 3763 bant,
489 3700 552 3754 et
594 3695 967 3771 aliquando,
997 3695 1145 3756 licet
1173 3713 1241 3755 re
1270 3695 1409 3771 ipsa
1447 3694 1629 3774 paria
1669 3695 2014 3774 sentirent,
2047 3695 2256 3756 verbis
2290 3701 2503 3755 tamen
2532 3695 3084 3774 digladiahantur;
3119 3695 3239 3754 sub
3267 3694 3402 3755 haec
3438 3710 3554 3754 au-

273 3779 403 3832 tem
456 3774 748 3834 Anommi
800 3775 1038 3836 sensim
1086 3774 1419 3835 invaluere
1463 3779 1526 3835 et
1570 3773 1901 3834 Orientem
1946 3793 2108 3850 pene
2153 3779 2355 3834 totum
2403 3773 2822 3852 occuparunt.
2872 3773 3054 3834 Certe
3094 3790 3224 3851 quo
3267 3778 3554 3852 tempore

271 3852 778 3932 Chrysostomus
817 3855 1184 3914 concionari
1222 3853 1428 3930 erepit,
1467 3870 1696 3932 nempe
1724 3869 1902 3932 anno
1924 3852 2283 3932 386,7plena
2313 3854 2635 3915 Anommis
2667 3853 3005 3914 Antiochia
3037 3861 3213 3914 erat:
3261 3869 3556 3932 quapro—

273 3931 421 4026 pter
447 3949 528 3994 eo
564 3933 709 4026 ipse
733 3949 907 3994 anno
934 3934 1244 4026 Homilias
1271 3934 1413 3993 illas
1443 3931 1516 3993 de
1555 3931 2198 4026 Incomprehensibili,
2215 3932 2429 4026 erepit,
2451 3933 2754 4026 ipsosque
2777 3933 3030 4026 egregie
3059 3931 3412 4024 confutavit
3443 3934 3553 4025 illo

273 4019 338 4071 et
385 4013 812 4090 sequentibus
869 4013 1095 4084 annis;
1143 4030 1275 4075 una
1324 4029 1607 4090 namque
1654 4012 1820 4073 serie
1849 4012 2181 4074 duodecim
2213 4012 2508 4074 homilias
2536 4013 2823 4074 dedimus
2855 4014 3056 4073 Tomo
3087 4013 3327 4091 primo,
3367 4014 3552 4091 queis

270 4094 744 4172 Anomoeorum
773 4096 1154 4172 argumenta
1184 4092 1441 4170 depellit
1473 4091 1993 4172 Chrysostomus.
2125 4171 2129 4172 ν
2179 4107 2181 4111 ·

353 4171 418 4230 3.
438 4172 676 4250 Praeter
689 4170 903 4233 autem
923 4173 1231 4233 Arianam
1251 4176 1449 4232 totam
1478 4170 1770 4250 haeresim
1800 4187 1995 4248 quam
2016 4171 2136 4250 ipsi
2160 4172 2712 4249 amplectebantur
2737 4176 2799 4233 et
2821 4173 3190 4240 tuebantur,
3212 4170 3339 4232 alia
3359 4171 3551 4231 etiam

268 4249 660 4312 addiderant
676 4252 970 4313 amentiae
985 4252 1348 4329 plena,qute
1361 4249 1600 4328 passim
1616 4249 1742 4311 illis
1761 4249 2112 4328 exprobrat
2127 4255 2386 4329 sanctus
2403 4251 2645 4312 doctor.
2662 4252 2969 4311 Dicebant
2985 4251 3201 4328 itaque
3221 4251 3308 4310 illi
3321 4251 3554 4328 ,utjam

269 4331 658 4391 monuimus
690 4349 759 4392 se
789 4327 1044 4391 omnem
1091 4327 1424 4391 scientiam
1446 4330 1777 4406 accepisse
1817 4327 1931 4390 :se
1960 4330 2162 4390 Deum
2197 4327 2459 4408 perinde
2489 4348 2712 4400 nosse,
2744 4335 2939 4407 atque
2967 4349 3034 4390 se
3071 4327 3206 4407 ipse
3244 4327 3546 4397 noverat;

267 4427 411 4485 qua
453 4411 715 4472 insania
757 4427 902 4488 quas
942 4409 1150 4489 major
1178 4427 1320 4470 esse
1370 4409 1654 4489 poterat!
1686 4409 1814 4468 Nec
1846 4409 2035 4468 modo
2068 4409 2131 4470 in
2159 4410 2560 4470 orationibus
2612 4411 2774 4482 illis,
2807 4426 2970 4486 quas
3005 4408 3335 4489 speciatim
3380 4427 3551 4467 con-

267 4494 377 4550 tra
411 4490 756 4550 Anomaeos
803 4488 1057 4562 habuit,
1086 4490 1231 4550 illos
1264 4489 1550 4567 exagitat
1576 4488 2104 4567 Chrysostomus;
2147 4489 2253 4549 sed
2283 4489 2474 4549 etiam
2511 4492 2752 4567 passim
2783 4490 2847 4548 in
2879 4489 3022 4549 aliis
3055 4488 3337 4548 homiliis
3368 4490 3556 4548 Ano—

267 4586 479 4629 mreos
515 4587 683 4645 saape
732 4570 796 4630 in
841 4570 1116 4631 medium
1152 4569 1409 4629 adducit
1461 4574 1522 4628 et
1573 4567 1899 4639 confutat,
1952 4572 2015 4628 et
2066 4568 2323 4647 quidem
2370 4569 2752 4645 aliquando,
2789 4573 2855 4628 ut
2883 4570 2956 4628 Τ.
2993 4567 3054 4637 3,
3085 4568 3206 4628 col.
3239 4567 3339 4647 31,
3377 4585 3554 4646 pree—

268 4659 527 4708 sentes.
564 4649 725 4709 Nam
773 4665 998 4709 eorum
1040 4649 1335 4726 plerique
1378 4647 1800 4708 concionibus
1837 4647 1974 4726 ejus
2029 4646 2427 4720 intererant,
2453 4654 2522 4708 ut
2546 4647 2678 4726 jam
2707 4647 3005 4708 diximus.
3034 4648 3163 4708 Nec
3191 4646 3378 4706 modo
3424 4650 3554 4706 An-

266 4727 537 4788 tiochia:
562 4773 578 4798 ,
613 4728 723 4788 sed
743 4729 935 4789 etiam
960 4727 1515 4806 ConstantinOpoli
1549 4727 2062 4807 multos‘reperit
2089 4729 2429 4805 Anomceos
2457 4773 2473 4800 ,
2501 4745 2663 4804 quos
2690 4731 2882 4788 etiam
2924 4727 3163 4805 passim
3207 4744 3552 4807 aggressus

264 4811 396 4865 est.
427 4807 508 4865 Hi
533 4807 707 4866 enim
738 4807 1066 4868 catholicas
1096 4807 1263 4884 plebi
1298 4806 1562 4868 admixti
1591 4805 1878 4884 quotidie
1907 4806 2336 4867 velitabantur
2368 4825 2513 4867 cum
2543 4807 2746 4868 obviis
2779 4807 3170 4884 quibusque.
3203 4805 3351 4868 Haec
3395 4825 3555 4885 prae-

264 4886 472 4962 ripua
508 4903 667 4946 cura
691 4885 806 4947 fuit
834 4885 1291 4965 Chrysostomo
1327 4905 1472 4947 cum
1505 4886 1859 4947 Antiochiae
1882 4930 1898 4957 ,
1928 4890 2065 4946 tum
2096 4886 2674 4963 Constantinopoli.
2708 4886 2824 4946 Sed
2853 4887 3007 4962 quia
3034 4887 3098 4946 in
3131 4885 3252 4947 hac
3289 4893 3554 4963 postre-

265 4982 383 5026 ma
413 4966 676 5026 civitate
700 5010 716 5037 ,
751 4967 860 5026 ubi
892 4967 1231 5044 episcopus
1263 4966 1808 5033 concionabatur,
1842 4965 2238 5044 gravissimis
2267 4965 2408 5026 aliis
2441 4966 2611 5027 curis
2645 4967 3046 5044 negotiisque
3072 4965 3385 5026 distentus
3408 4965 3547 5032 fuit.

264 5044 611 5122 impetitus
649 5061 686 5106 a
733 5045 948 5105 multis
973 5090 989 5116 ,
1017 5062 1093 5106 ac
1136 5045 1228 5106 his
1270 5046 1333 5105 in
1367 5045 1668 5106 exsilium
1697 5049 1917 5116 actus,
1957 5061 2087 5105 non
2123 5045 2329 5122 potuit
2371 5049 2612 5105 tantam
2661 5044 2804 5106 istic
2843 5051 3152 5123 quantam
3202 5045 3554 5107 Antiochiae

263 5124 742 5200 propulsandis
777 5124 1099 5185 Anommis
1123 5125 1426 5185 adhibere
1457 5141 1702 5184 curam.
1733 5123 1864 5185 Etsi
1895 5141 2085 5190 vero,
2121 5125 2208 5183 uti
2235 5123 2365 5202 jam
2402 5124 2682 5183 diximus
2706 5169 2722 5195 ,
2744 5125 2984 5202 passim
3012 5125 3076 5184 in
3105 5123 3385 5184 homiliis
3417 5127 3551 5185 suis

260 5208 507 5263 contra
540 5204 882 5264 Anomceos
911 5209 1084 5282 agat,
1117 5203 1263 5264 licet
1291 5221 1400 5264 eos
1427 5220 1579 5282 raro
1611 5219 1730 5264 suo
1755 5203 2013 5282 nomine
2040 5203 2380 5264 Anommos
2412 5203 2722 5282 appellet:
2757 5220 3114 5282 numquam
3143 5204 3402 5263 illorum
3434 5222 3552 5263 ar—

260 5287 588 5359 gumenta
637 5282 723 5343 ita
751 5281 1082 5360 speciatim
1120 5282 1306 5343 all'ert
1347 5299 1422 5343 ac
1453 5281 1725 5351 refellit,
1775 5287 1848 5342 ut
1887 5281 1991 5342 hic
2035 5282 2098 5341 in
2141 5282 2437 5343 Homiliis
2465 5281 2553 5342 in
2600 5281 2955 5342 Joannem.’
2979 5284 3407 5357 Quamobrem
3451 5283 3552 5342 hic

259 5363 514 5500 szgtem
569 5363 891 5440 praecipua
958 5380 1294 5424 recensere
1365 5361 1618 5423 animus
1669 5365 1767 5422 est
1811 5380 1826 5419 :
1878 5360 2134 5440 longius
2195 5362 2368 5423 enim
2415 5380 2764 5424 excurrere
2805 5367 3171 5440 oporteret,
3218 5361 3271 5423 si
3332 5362 3551 5424 omnia

259 5457 302 5500 ει
362 5459 688 5500 erremus.

256 5457 688 5502 auerremus.

259 5549 292 5620 ξ
350 5545 472 5606 ιν.
523 5544 801 5606 Αηονηωὶ
846 5561 924 5604 ea:
956 5543 1214 5604 Arianis
1254 5542 1416 5610 orti;
1463 5559 1578 5602 cur
1629 5560 1706 5601 ea:
1751 5540 2103 5618 Evangelia
2146 5541 2419 5602 Joannis
2455 5549 2820 5620 argumenta
2847 5549 3233 5602 mutuantur.
3285 5540 3555 5603 Illorum

1099 5629 1463 5702 argumenta
1484 5640 1562 5682 ea:
1589 5621 1701 5682 illo
1731 5620 1868 5699 ipso
1909 5621 2252 5699 Evangelia
2296 5622 2730 5701 confutantur.

353 5728 461 5787 Ex
491 5727 751 5788 Arianis
782 5726 904 5786 orti
936 5723 1248 5794 Anommi,
1275 5723 1397 5785 hac
1424 5728 1574 5784 nota
1603 5727 1666 5783 et
1705 5731 1948 5784 tessera
1975 5724 2058 5802 ab
2087 5723 2213 5784 illis
2244 5722 2550 5802 distingui
2589 5723 2970 5784 videbantur
2990 5767 3006 5794 ,
3050 5724 3224 5800 quod
3271 5724 3556 5788 dicerent

261 5823 346 5867 se
380 5805 820 5866 omnimodam
860 5804 1192 5866 scientiam
1223 5803 1485 5880 adeptos
1517 5817 1698 5874 esse:
1727 5819 1798 5862 se
1828 5801 2095 5880 perinde
2131 5803 2338 5864 Deum
2366 5801 2559 5863 nosse
2588 5805 2661 5862 ut
2687 5803 2858 5863 Deus
2890 5803 3064 5880 ipsos
3096 5811 3364 5866 noverat
3389 5849 3405 5872 .
3452 5814 3556 5866 at-

263 5903 418 5960 que
445 5886 638 5950 etiam
660 5929 676 5954 ,
712 5891 785 5945 ut
810 5886 982 5944 Deus
1006 5901 1073 5944 se
1104 5884 1318 5961 ipsum
1354 5888 1661 5944 noverat:
1693 5882 1866 5960 quod
1893 5881 2196 5944 insanum
2249 5882 2442 5942 simul
2468 5889 2532 5943 et
2556 5881 2825 5958 impium
2865 5887 3025 5943 erat.
3061 5883 3198 5946 Hac
3247 5903 3314 5945 5e
3357 5886 3550 5946 fultos

267 5965 560 6028 scientia
591 5970 920 6044 putantes,
949 5962 1311 6026 Catholicos
1343 5964 1582 6042 ubique
1611 5961 2007 6025 confidenter
2031 5962 2594 6042 aggrediebantur.
2626 5961 2946 6038 Quoniam
2986 5979 3141 6026 vero
3166 5983 3248 6028 ex
3279 5965 3558 6044 Evange-
