4074 6374
281 372 344 428 Π
1717 363 1890 421 ΡΒΔΕΙ

1954 364 2100 423 ιτιο.
3484 375 3563 436 ,16

289 489 570 547 Ioannes
604 500 665 542 se
705 479 1039 559 indignum
1079 478 1173 540 ait
1221 478 1330 559 qui
1366 478 1563 540 solvat
1596 478 1930 558 corrigiam
1963 478 2377 539 calceamenti.
2417 479 2669 543 Inimici
2695 490 2898 543 autem
2920 482 3208 546 veritatis
3231 483 3298 546 in
3327 493 3565 546 tantam

289 569 718 646 prorumpunt
748 561 1090 646 insaniam.
1123 567 1194 646 ut
1232 559 1447 646 dicunt
1474 577 1536 618 se
1571 577 1749 619 nosse
1774 560 1947 621 illum
1995 567 2064 618 ut
2104 559 2305 637 ipsese
2343 559 2544 620 novit.
2595 560 2734 636 Qua
2780 562 3041 624 amentia
3069 563 3222 644 quid
3250 564 3569 626 deterius?

291 637 425 724 quia,
442 637 814 724 arrogantia
833 637 988 724 quid
1012 638 1363 724 furiosius?

372 723 484 782 Ha
518 716 714 798 igitur
747 716 1137 795 qubtidiana
1172 717 1768 798 Avelitationesiqua
1802 716 2044 798 passim
2080 717 2457 798 oriebantur
2496 717 3074 798 interipopulares,
3108 726 3334 783 contra
3375 723 3568 783 Ano-

292 819 490 862 mceos
514 796 796 859 maxime
821 800 1007 857 erant
1033 840 1047 865 ,
1073 796 1184 872 qui
1217 803 1279 854 et
1303 812 1574 855 numero
1594 797 1784 875 longe
1809 797 2026 874 plures
2049 841 2064 868 ,
2089 802 2151 856 et
2180 797 2258 856 ad
2286 796 2418 857 hac
2436 797 2732 860 adeunda
2758 801 3111 860 certamina
3139 802 3421 862 acriores
3452 801 3567 861 in—

292 880 683 958 surgebant,
717 895 790 958 ac
811 894 954 952 qua
979 875 1269 958 Christus
1307 881 1378 934 ut
1396 876 1939 958 homohumilius
1968 876 2358 952 loquebatur
2381 875 2782 958 detorquere;
2799 878 3132 958 solebant,
3179 885 3252 940 ut
3294 879 3431 957 ejus
3475 880 3569 939 di-
3618 947 3622 950 ,

293 955 626 1019 vinitatem
661 957 1059 1025 minuerent,
1094 961 1155 1014 et
1181 955 1362 1013 illum
1396 956 1580 1014 Patre
1604 956 1796 1033 longe
1828 956 2142 1015 minorem
2171 973 2313 1016 esse
2343 957 2717 1032 probarent.
2750 956 2851 1016 Sic
2878 957 3113 1017 Homil.
3147 958 3247 1030 30,
3271 955 3392 1018 col.
3425 959 3566 1030 1'72,

294 1041 469 1100 hunc
515 1037 728 1118 locum
756 1055 771 1092 :
816 1035 942 1118 Qui
976 1034 1048 1094 de
1088 1034 1231 1094 certo
1279 1034 1484 1118 venit,
1517 1052 1702 1118 super
1725 1053 1927 1118 omnes
1958 1043 2068 1094 est.
2096 1033 2189 1118 Et
2220 1033 2388 1114 quod
2419 1034 2577 1095 cidit
2611 1042 2666 1094 et
2695 1035 2969 1118 audivit,
3003 1036 3118 1118 hoc
3153 1039 3570 1118 testiﬁcatur;

293 1129 349 1179 et
383 1115 804 1176 testimonium
841 1114 972 1193 ejus
1014 1131 1183 1171 nemo
1211 1113 1491 1194 accipit_;_
1523 1113 1728 1194 hunc,
1777 1114 2073 1194 inquam,
2102 1113 2336 1194 locum
2374 1116 2885 1194 contorquebant
2912 1115 3230 1194 lucifuga,
3270 1113 3342 1176 ut
3386 1117 3570 1177 illum

296 1200 486 1258 Patre
517 1195 831 1275 minorem
858 1191 999 1252 esse
1034 1191 1676 1275 arguerent._Verum
1712 1191 1848 1275 hac
1866 1199 1932 1275 et
1972 1192 2208 1275 similia
2243 1193 2435 1275 dicta,
2470 1191 2678 1270 inquit
2712 1191 3234 1275 Chrysostomus,
3276 1195 3568 1256 Christus

296 1283 370 1350 ut
394 1275 587 1334 homo
616 1270 879 1350 profert,
911 1270 1131 1350 qualia
1162 1275 1314 1350 sunt
1340 1272 1539 1350 etiam
1565 1271 1984 1350 istactsicut
2028 1270 2244 1338 audio,
2264 1270 2526 1350 judico;
2571 1277 2655 1350 et,
2689 1270 3080 1350 Qua'audivi
3113 1294 3151 1333 a
3194 1273 3568 1350 Patre‘meo.

310 1348 565 1427 loquor;
595 1346 680 1419 et,
712 1346 860 1422 Qua:
887 1346 1154 1408 vidimus
1177 1347 1492 1426 loquimur
1521 1347 1732 1425 (Joan.
1761 1348 1821 1408 5.
1846 1349 2033 1427 30.ίεε
2059 1349 2237 1411 8.26.
2265 1346 2326 1410 ct
2350 1350 2407 1409 3.
2434 1349 2555 1427 11).
2588 1346 2742 1411 Nam
2775 1347 3094 1427 Christum
3129 1356 3193 1408 ut
3225 1347 3550 1427 hominem

309 1442 482 1504 sape
517 1424 852 1504 loquutum
886 1441 1026 1486 esse
1075 1424 1506 1486 certissimum
1533 1424 1661 1498 est;
1719 1426 2077 1499 sapissime
2120 1429 2309 1488 etiam
2365 1435 2435 1489 ut
2470 1424 2671 1489 Deum
2707 1435 2766 1488 et
2793 1425 2954 1488 Patri
2989 1427 3296 1504 aqualem
3354 1425 3551 1488 multa

310 1503 557 1583 dixisse
608 1503 744 1565 non
792 1505 1323 1583 minus__certum;
1390 1513 1457 1565 ut
1489 1522 1632 1565 cum
1665 1504 1844 1574 dicit,
1895 1505 2025 1583 Ego
2061 1515 2115 1565 et
2141 1507 2334 1566 Pater
2361 1525 2555 1566 unum
2583 1524 2827 1574 sumus,
2870 1513 2955 1576 et,
2987 1503 3123 1580 Ego
3155 1506 3224 1565 in
3248 1503 3456 1576 Patre,
3493 1514 3554 1565 et

307 1580 510 1641 Pater
550 1583 618 1643 in
668 1601 798 1648 me:
853 1592 937 1654 et,
1003 1579 1078 1658 Ut
1121 1600 1326 1642 omnes
1368 1583 1675 1643 honorent
1721 1579 1977 1657 Filium;
2024 1585 2187 1658 sicut
2234 1585 2548 1645 honorant
2598 1586 2887 1650 Patrem;
2947 1579 3237 1654 et,’Sicut
3260 1586 3431 1642 novit
3459 1601 3552 1642 me

308 1661 531 1733 Pater,
567 1671 620 1722 et
658 1679 765 1739 ego
795 1679 982 1720 nosco
1012 1657 1299 1729 Patrem;
1354 1669 1437 1734 et,
1474 1661 1597 1736 Qui
1625 1660 1794 1721 videt
1827 1681 1940 1736 me,
1972 1663 2142 1723 videt
2176 1673 2234 1722 et
2256 1663 2546 1729 Patrem;
2587 1672 2670 1736 et,
2704 1664 2776 1723 Si
2803 1661 3247 1739 cognovissetis
3279 1678 3395 1729 me,
3428 1661 3552 1721 Pa-

310 1751 472 1819 trem
502 1738 704 1819 meum’
725 1742 937 1818 utique
961 1739 1406 1819 cognovissetis
1438 1742 1650 1819 (Joan.
1678 1742 1778 1801 10.
1802 1742 1900 1802 30.
1958 1752 2014 1802 et
2047 1743 2139 1802 10.
2170 1743 2269 1803 38.
2329 1750 2383 1800 et
2416 1740 2511 1802 th.
2533 1744 2590 1802 9.
2645 1751 2703 1801 et
2735 1740 2936 1819 1L7).
2984 1738 3158 1801 Alibi
3189 1755 3449 1819 quoque
3481 1757 3551 1801 se

308 1825 372 1878 et
403 1818 569 1878 Patri
603 1819 913 1896 aqualem
948 1823 1009 1876 et
1034 1818 1239 1896 Deum,
1268 1818 1550 1896 exhibet.

389 1897 546 1957 lnde
583 1892 734 1955 vero
760 1900 899 1953 erat
925 1893 1097 1972 quod
1125 1892 1326 1972 Judai
1351 1893 1537 1972 illum
1567 1898 1936 1972 arguerent,
1971 1894 2036 1954 in
2067 1895 2246 1955 illum
2278 1894 2711 1972 insurgerent,
2737 1895 2866 1955 imo
2901 1896 3081 1956 illum
3112 1897 3404 1958 occidere
3438 1899 3572 1959 vel-

306 1978 445 2036 lent
473 1996 489 2033 :
522 1973 671 2055 No_n
687 1972 910 2055 solum
929 1971 1078 2055 quia
1102 1968 1421 2055 saigbatum
1445 1968 1740 2055 soluc‘oat,
1765 1972 1877 2055 sed
1919 1979 1977 2032 et
2002 1974 2155 2052 quia
2184 1973 2434 2055 Patrem
2454 1968 2917 2055 suumdicebat
2945 1976 3162 2042 Deum,
3195 1976 3486 2055 aqualem
3511 1996 3573 2036 se

307 2057 552 2195 ﬁiciens
595 2052 749 2110 Deo.
787 2051 805 2130 (
836 2049 982 2140 νῆα.
1013 2049 1232 2108 homil.
1263 2049 1363 2141 38,
1394 2051 1517 2109 col.
1551 2049 1717 2129 215.)
1764 2051 1882 2112 Hic
1918 2049 2086 2143 ,νεῖ-ο
2132 2052 2608 2143 respondebant
2644 2052 2946 2123 harctiei,
2979 2071 3109 2114 non
3148 2049 3470 2116 Christum
3505 2075 3575 2148 se

367 2151 448 2194 co
499 2130 813 2195 aqualem
870 2129 1135 2193 fecnsse:
1169 2129 1279 2188 sed
1333 2127 1396 2187 id
1453 2128 1706 2190 Judaos
1756 2135 2114 2195 susmcatos
2170 2131 2388 2191 fuisse.
2437 2131 2672 2191 Contra
2710 2149 2863 2193 vero
2909 2133 3404 2195 Chrvsostomus
3438 2180 3454 2195 .
3513 2155 3575 2195 in

367 2151 448 2194 eo
499 2127 813 2214 aqualem
870 2129 1135 2214 fecisse:
1169 2127 1396 2214 sedid
1453 2127 1706 2214 Judaos
1756 2131 2119 2214 suspic‘atos
2170 2127 2388 2214 fuisse.
2437 2131 2679 2214 Contra
2710 2149 2863 2193 vero
2909 2133 3404 2214 Chrysostomus
3438 2180 3454 2207 ,
3513 2137 3578 2195 in

313 2217 514 2290 caput
541 2207 986 2290 haereticorum
1011 2207 1136 2268 tela
1169 2212 1589 2290 con_torquet,
1621 2207 1929 2290 ipsosque
1963 2211 2053 2271 ita
2086 2210 2348 2290 depellit
2381 2255 2396 2281 ,
2447 2217 2517 2270 ut
2547 2210 2790 2271 nullam
2819 2207 3321 2290 subterfugiendi
3353 2230 3579 2275 ansam

313 2287 666 2368 relinquat.
700 2289 796 2348 Ita
824 2304 976 2349 vero
1007 2287 1240 2365 arguit.
1276 2287 1676 2370 Fatebautur
1704 2289 1990 2370 Anomai
2021 2287 2274 2370 Judaos
2304 2290 2633 2370 potavisse
2661 2290 2982 2350 Christum
3013 2311 3080 2353 se
3106 2287 3242 2370 Deo
3269 2293 3582 2370 aqualem

317 2366 530 2432 facere
563 2389 579 2429 :
620 2385 829 2450 neque
871 2371 1428 2450 negarepoteraut
1459 2366 1782 2450 Chrisium
1818 2369 2021 2430 multa
2053 2366 2470 2446 dixisse’qua
2508 2369 2695 2450 hanc
2711 2371 2974 2432 omnino
3018 2366 3395 2433 inducerent
3427 2372 3580 2450 opi-

318 2453 622 2520 nionem;
654 2446 829 2507 verbi
856 2446 1085 2526 gratiau
1109 2445 1292 2526 illud,
1342 2445 1404 2526 Ε
1411 2464 1488 2524 go
1529 2453 1587 2504 et
1642 2448 1836 2507 Pater
1859 2467 2052 2508 unum
2093 2445 2449 2519 sumusfet,
2492 2448 2638 2526 Ego
2674 2449 2743 2509 in
2779 2450 2989 2517 Patre.
3039 2458 3096 2510 et
3120 2451 3311 2510 Pater
3337 2451 3405 2511 in
3441 2445 3532 2510 me
3561 2471 3582 2517 .-

317 2537 405 2602 et,
451 2528 578 2605 Qui
638 2526 804 2587 videt
848 2523 969 2605 me,
1023 2523 1189 2584 videt
1243 2532 1298 2584 et
1327 2523 1626 2586 Patrem:
1669 2526 2001 2604 multaque
2055 2529 2328 2599 similia,
2383 2545 2528 2605 qua
2564 2523 2774 2605 supra
2818 2529 3174 2591 attulimus.
3223 2529 3337 2589 His
3386 2529 3581 2604 etiam

317 2604 801 2688 quamplurima
831 2604 973 2665 addi
1006 2608 1291 2688 possent,
1337 2606 1574 2688 quibus
1618 2609 1682 2665 et
1720 2605 1923 2688 iludai
1974 2611 2037 2668 et
2064 2604 2459 2688 quicumque
2489 2607 2623 2688 alii,
2660 2604 2775 2684 qui
2823 2608 3146 2669 Christum
3185 2607 3578 2688 audiebant,

321 2685 693 2749 necessario
733 2689 1032 2767 putarent
1060 2685 1376 2767 ipsum_se
1427 2689 1496 2767 et_
1538 2685 1674 2767 Deo
1719 2686 1890 2746 Patri
1935 2687 2273 2767 aqualem,
2323 2693 2386 2746 et
2407 2704 2555 2746 vere
2584 2687 2788 2747 Deum
2815 2688 3142 2767 exhibere.
3175 2687 3237 2748 Si
3267 2704 3420 2767 ergo
3448 2703 3580 2746 non

320 2767 493 2828 Patri
547 2764 810 2842 aqualis
830 2808 861 2844 ,ί
883 2781 1012 2822 non
1067 2781 1219 2824 vere
1245 2763 1436 2844 iDeus
1471 2763 1690 2824 fuisset
1725 2782 1848 2824 :an
1878 2763 2132 2842 poterat
2160 2765 2285 2831 ille,
2323 2783 2516 2842 quem
2559 2767 2681 2844 ipsi
2735 2767 3023 2827 Anomai
3057 2766 3256 2844 pium,
3290 2763 3584 2827 sanctum

323 2856 386 2906 et
433 2841 682 2925 justum
712 2843 1205 2925 profitebantur,
1236 2841 1488 2925 Judaos
1518 2844 1584 2903 in
1618 2845 1732 2904 tali
1771 2841 2076 2925 Opinione
2111 2841 2505 2920 relinquere,
2534 2841 2704 2922 quod
2734 2845 3027 2906 videlicet
3059 2841 3194 2925 ille,
3223 2863 3292 2906 se
3327 2849 3390 2906 et
3450 2845 3582 2905 Deo

325 2922 497 2988 Patri
550 2924 887 3002 aqualem,
915 2927 978 2982 et
1011 2923 1214 2982 Deum
1241 2922 1523 2983 diceret?
1571 2926 1805 2983 Annon
1860 2924 2004 2986 illos
2038 2942 2076 2985 a
2122 2925 2233 2984 tali
2263 2925 2566 3002 opinione
2594 2925 2994 2994 removisset,
3026 2923 3456 3002 dixissetque,
3513 2943 3583 2984 se

328 3023 446 3064 nec
481 3003 651 3064 Patri
682 3001 1021 3081 aqualem,
1053 3019 1171 3061 nec
1203 3019 1354 3062 vere
1382 3003 1585 3062 Deum
1613 3020 1754 3063 esse
1785 3005 1813 3061 ?
1837 3004 1979 3064 Non
2031 3008 2285 3081 poterat
2309 3001 2520 3074 certe,
2553 3004 2678 3064 nisi
2725 3003 3170 3065 fraudulentus
3201 3008 3262 3063 et
3289 3001 3587 3081 deceptor

325 3089 523 3154 esset,
579 3081 749 3160 quod
783 3080 960 3141 nefas
1003 3081 1198 3149 dictu,
1226 3097 1263 3140 a
1296 3082 1405 3141 tali
1435 3082 1867 3143 declaratione
1917 3083 2263 3144 abstinere.
2298 3083 2411 3143 llle
2474 3100 2625 3143 vero
2671 3088 2896 3144 contra
2944 3083 3009 3142 in
3057 3082 3279 3143 iisdem
3334 3080 3591 3160 semper

329 3165 592 3233 insistit,
629 3168 691 3221 et
751 3177 936 3221 suam
981 3177 1127 3219 cum
1173 3161 1357 3220 Patre
1397 3162 1834 3238 aqualitatem
1869 3163 2051 3223 novis
2097 3162 2277 3223 dictis
2315 3163 2671 3223 confirmat.

410 3229 653 3304 Verum
684 3247 897 3320 tamen
925 3244 1022 3320 est
1078 3238 1406 3299 Christum
1437 3229 1618 3301 dictis
1645 3241 1798 3310 illis,
1860 3259 2006 3319 qua
2029 3242 2232 3320 ipsius
2263 3241 2686 3312 divinitatem,
2717 3229 3148 3320 aqualitatem
3182 3258 3325 3301 cum
3376 3240 3584 3311 Patre,

329 3329 396 3386 et
451 3319 1184 3383 consubstantialitatem
1245 3320 1559 3396 probant,
1617 3320 1887 3381 humilia
1944 3319 2146 3381 multa
2199 3321 2586 3392 admiscere,
2650 3319 2800 3380 tum
2835 3320 2991 3398 quia
3045 3325 3117 3379 ut
3171 3320 3363 3380 homo
3418 3334 3586 3395 sape

332 3403 774 3480 loquebatur,
815 3403 878 3458 et
921 3398 1298 3480 mortalibus
1358 3399 1656 3480 omnibus
1711 3418 1853 3460 sese
1906 3401 2240 3480 modestia,
2285 3400 2791 3480 humilitatisque
2837 3399 3174 3480 exemplar
3207 3399 3584 3480 exhibebat;

333 3477 469 3543 tum
501 3483 694 3542 etiam
722 3478 781 3537 id
807 3477 979 3555 quod
1015 3478 1227 3536 innuit
1258 3496 1426 3558 sape
1480 3478 1998 3558 Chrysostomus,
2029 3484 2102 3539 ut
2127 3479 2378 3540 Judaos
2409 3484 2740 3556 protervos
2774 3479 3090 3549 homines,
3125 3478 3245 3540 sibi
3278 3477 3586 3558 infensos.

332 3563 447 3640 qui
477 3559 882 3640 occasionem
928 3558 1272 3640 captabant
1305 3557 1506 3640 illum
1559 3556 1956 3640 accusandi,
2012 3564 2078 3620 et
2113 3559 2281 3618 hanc
2329 3559 2407 3618 de
2439 3558 2768 3640 divinitate
2815 3563 2876 3619 et
2921 3556 3591 3640 qonsubstantialitate

334 3635 573 3703 Christi
607 3639 964 3697 doctrinam
997 3654 1128 3696 non
1168 3635 1482 3708 ferebant,
1529 3637 1769 3698 sensim
1801 3638 2158 3710 reduceret,
2189 3642 2384 3715 atque
2436 3638 2514 3698 ad
2553 3639 2879 3698 meliorem
2934 3635 3185 3712 frugem
3230 3639 3587 3697 revocaret.

337 3723 560 3798 Neque
592 3726 801 3798 tamen
855 3716 1106 3798 uspiam
1133 3715 1416 3792 aliquam
1447 3735 1526 3776 ex
1569 3717 1693 3777 illis
1746 3719 2076 3778 sententiis
2108 3735 2252 3798 qua
2282 3717 2596 3798 ejusﬁcum
2630 3719 2827 3798 Patre
2855 3715 3284 3798 aqualitatem
3312 3717 3374 3782 et
3424 3729 3593 3774 con-

338 3795 944 3862 substantialitatem
973 3795 1498 3857 demonstrabant
1536 3799 1939 3869 retractavit,
1976 3797 2200 3874 quales
2231 3797 2557 3868 suutilla;
2615 3797 2760 3874 Ego
2813 3801 2870 3854 et
2912 3795 3102 3874 Pater
3127 3810 3596 3874 unum_sumus:

342 3885 428 3952 et,
457 3879 605 3955 Ego
658 3876 728 3935 in
755 3875 966 3943 Patre,
1001 3883 1057 3934 et
1074 3874 1266 3955 Pater
1299 3876 1367 3936 in
1418 3894 1508 3934 me
1553 3885 1678 3943 est;
1706 3881 1789 3947 et,
1811 3878 1889 3937 Ut
1915 3872 2119 3936 omnes
2148 3875 2454 3936 honorent
2481 3872 2723 3955 Filium
2749 3875 2941 3955 sicut_
2961 3872 3274 3955 honorant
3307 3872 3597 3955 Patrem;

343 3966 444 4028 et,
485 3952 669 4019 Sicut
710 3955 889 4014 novit
927 3973 1017 4014 me
1069 3954 1297 4022 Pater,
1323 3963 1378 4014 et
1422 3972 1530 4032 ego
1602 3974 1792 4015 nosco
1828 3956 2077 4016 Patrem
2106 3976 2121 4021 :
2150 3960 2235 4028 et,
2276 3955 2405 4030 Qui
2453 3954 2620 4016 videt
2663 3973 2789 4022 me,
2833 3953 3001 4014 videt
3063 3959 3120 4012 et
3174 3952 3467 4032 Patrem;
3509 3954 3595 4032 et,

344 4040 418 4100 Si
453 4033 901 4116 cognouissetis
952 4052 1081 4116 me,
1115 4033 1366 4116 Patrem
1393 4029 1614 4116 meum
1657 4035 1871 4114 utique
1928 4029 2421 4114 cognovissetis;
2472 4035 2603 4116 imo
2653 4034 2772 4116 etsi
2815 4033 3084 4116 humilia
3114 4029 3434 4116 interdum
3473 4030 3600 4088 mi—

346 4109 552 4185 sceat:
599 4114 732 4176 alia
779 4112 1118 4174 identidem
1146 4112 1436 4192 adjungit
1464 4132 1608 4191 qua
1635 4109 1785 4176 vere
1835 4109 2036 4176 Deum
2065 4133 2205 4176 esse
2233 4120 2297 4175 et
2323 4115 2492 4177 Patri
2537 4112 3147 4176 consubstantialem
3197 4109 3597 4192 confirment.

345 4196 782 4272 Quamobrem
828 4193 1030 4252 multa
1077 4190 1374 4253 cautione
1405 4190 1566 4270 opus
1602 4197 1722 4265 est,
1753 4213 1835 4255 ne
1886 4195 2031 4272 quis
2059 4195 2123 4254 in
2156 4193 2540 4256 offendicula
2591 4195 2902 4265 incurrat,
2940 4209 3100 4254 neve
3130 4194 3291 4272 ruat
3320 4190 3384 4248 in
3431 4205 3603 4272 pra-

348 4267 591 4354 cipitia.
621 4273 780 4354 Nam
809 4273 1114 4354 utrinque
1161 4267 1509 4354 pracipitia
1550 4275 1769 4354 sensui
1816 4267 1956 4354 suo,
1982 4273 2471 4354 confidentibus,
2527 4292 2646 4334 nec
2687 4274 2986 4354 Ecclesia
3030 4270 3146 4335 Dei
3189 4267 3600 4354 hareqlibusu

349 4345 542 4432 οὗ]ίεί
596 4352 895 4432 probavit
938 4345 1230 4432 euentus.
1260 4345 1573 4413 Sabellius
1616 4353 1786 4413 enim
1811 4353 2044 4414 Christi
2073 4353 2240 4415 dicta
2265 4345 2617 4424 attendens,
2646 4353 2827 4430 queis
2866 4372 2934 4415 se
2984 4355 3153 4414 Patri
3199 4345 3606 4428 aqualem-et

352 4429 968 4513 consubstantialem
998 4429 1342 4501 indicabat,
1392 4448 1474 4490 ex
1533 4433 1698 4513 male
1745 4433 2067 4494 intellecta
2117 4429 2790 4513 consubstantialitate
2842 4433 3327 4513 distinctionem.
3373 4451 3607 4513 perso—

355 4530 591 4574 narum
642 4511 923 4582 sustulit,
954 4517 1146 4587 atque
1177 4528 1374 4570 unum
1404 4510 1824 4589 eumdemque
1853 4530 1993 4573 esse
2020 4513 2292 4583 Patrem,
2329 4518 2390 4572 et
2411 4512 2642 4572 Filium
2670 4517 2732 4572 et
2758 4511 3061 4588 Spiritum
3090 4510 3614 4584 sanctum—dixit;

354 4594 550 4654 Arius
569 4595 782 4651 autem
813 4608 892 4649 ex
914 4589 1261 4649 humilibus
1282 4590 1515 4651 Christi
1543 4589 1748 4663 dictis,
1781 4592 1847 4651 in
1874 4593 2262 4652 contrariam
2289 4589 2548 4652 deﬂexit
2573 4590 2960 4668 impietatem
2991 4608 3135 4651 cum
3157 4590 3350 4651 aliam
3373 4591 3604 4662 Patris,

355 4673 556 4734 aliam
586 4670 730 4730 Filii
762 4669 1188 4748 substantiam
1229 4669 1412 4741 dixit,
1447 4669 1757 4748 hancque'
1791 4671 2104 4731 minorem
2125 4671 2258 4732 illa.
2291 4671 2392 4731 Sic
2419 4688 2671 4748 semper
2695 4670 2773 4730 iis
2811 4671 2924 4748 qui
2967 4669 3265 4731 Ecclesia
3293 4685 3611 4732 ancoram

359 4769 492 4812 non
520 4753 765 4822 tenent,
795 4747 1207 4826 naufragium
1261 4748 1612 4809 timendum
1645 4747 1772 4810 est.

438 4831 606 4890 Hac'
636 4828 790 4889 satis
846 4832 1036 4888 sunto
1077 4847 1091 4885 :
1126 4827 1178 4887 si
1211 4828 1380 4888 enim
1411 4829 1627 4889 omnia
1656 4833 1963 4890 annotata
1988 4829 2131 4890 loca
2174 4846 2318 4906 qua
2347 4828 2526 4906 impii
2561 4829 2653 4888 illi
2682 4827 2968 4888 Anomai
2994 4845 3074 4888 ex
3101 4826 3368 4888 Joannis
3398 4828 3611 4887 Evan-

359 4912 530 4990 gelio
582 4907 662 4990 and
697 4923 881 4990 suam
909 4907 1204 4967 haresim
1234 4906 1534 4990 tuendam
1561 4911 2011 4990 excerpebant
2038 4907 2457 4990 adferremus,
2491 4909 2746 4987 longius
2778 4908 3420 4990 excurreret_oratio_._
3442 4906 3506 4967 Si
3533 4923 3609 4990 ea

359 4983 527 5068 qua
556 4985 744 5048 affert
768 4985 1282 5068 _Chrysosto_mus
1333 4986 1411 5068 ad
1464 4983 1829 5065 hujusmodi
1855 4987 2258 5068 depellenda
2290 4988 2434 5068 tela
2485 4983 2967 5068 recenseremus
3003 5031 3018 5058 ,
3049 4986 3294 5068 _nullus
3361 4983 3612 5068 dicendi

361 5064 512 5129 finis
543 5070 734 5127 esset.
768 5064 977 5126 Unum
1007 5069 1105 5125 est
1132 5065 1197 5124 in
1220 5083 1350 5142 quo
1380 5064 1650 5126 fortaSse
1680 5085 1807 5126 non
1843 5066 2079 5128 frustra
2109 5067 2450 5127 desudaret
2498 5066 2835 5139 industria,
2872 5067 2948 5130 in-
2966 5065 3314 5126 referendis
3343 5064 3610 5134 scilicet,

365 5145 733 5211 asserendis
781 5148 976 5220 atque
1016 5144 1413 5204 illustrandis
1449 5145 1526 5204 iis
1556 5145 1739 5218 locis,
1769 5164 1912 5223 qua
1946 5145 2024 5206 ad
2045 5146 2436 5207 divinitatem
2469 5145 2726 5217 Christi,
2766 5145 3196 5222 aequalitatem
3223 5162 3367 5223 cum
3399 5144 3612 5223 Patre.

366 5223 1103 5304 consubstantialitatem
1133 5223 1544 5304 asserendam
1595 5241 1671 5285 ac
1716 5222 2277 5286 demonstrandam
2308 5225 2536 5285 idonea
2587 5225 2652 5285 in
2710 5225 3068 5304 Evangelia
3099 5222 3365 5285 Joannis
3391 5222 3615 5304 depre-

369 5304 764 5366 henduntur.
797 5302 960 5383 Illud
987 5320 1165 5383 vero
1211 5303 1701 5383 Chrysostomus
1729 5322 1858 5363 non
1891 5304 2298 5383 indiligenter
2325 5311 2725 5381 exsequutus
2754 5311 2850 5366 est
2877 5301 2942 5364 in
2971 5304 3092 5364 hoc
3115 5301 3612 5370 commentario;

369 5385 479 5447 sed
508 5383 573 5444 id
608 5383 800 5460 longe
827 5381 1081 5459 plenius
1120 5386 1182 5442 et
1219 5381 1547 5443 ardentius
1575 5383 1863 5460 prastitit
1888 5383 1952 5442 in
1972 5381 2301 5444 duodecim
2329 5384 2454 5443 illis
2487 5383 2778 5444 Homiliis
2806 5387 3031 5444 contra
3055 5386 3420 5451 Anomaos,
3449 5397 3613 5458 quas

371 5466 436 5524 in
485 5463 699 5542 primo
731 5461 945 5542 Tomo
966 5460 1165 5521 editas
1196 5461 1418 5523 habes‘.
1449 5461 1562 5522 Ubi
1596 5463 1749 5540 ipsis
1781 5464 2103 5523 Anomais
2135 5464 2512 5541 plerumque
2545 5464 3057 5542 prasentibuset
3084 5460 3517 5542 audientibus,
3546 5465 3616 5519 ut

375 5539 512 5621 ipse
543 5541 656 5611 ait,
684 5541 810 5599 imo
840 5545 913 5599 ut
933 5541 998 5600 in
1030 5556 1293 5621 arenam
1327 5545 1554 5602 contra
1574 5539 1643 5601 se
1667 5542 2077 5603 descenderet
2102 5539 2532 5614 hortantibus,
2548 5539 2633 5602 fut
2653 5542 2866 5603 videas
2889 5541 3010 5621 col.
3034 5539 3153 5599 ωδ
3174 5544 3237 5600 et
3255 5557 3420 5617 seq.,
3444 5539 3611 5603 hanc

375 5617 482 5683 iile
506 5636 792 5698 pugnam
820 5617 1122 5700 agress'us
1142 5624 1260 5692 est,
1279 5621 1388 5700 ubi
1407 5638 1536 5680 non
1553 5621 1760 5682 solum
1778 5621 1915 5700 ejus
1944 5622 2310 5698 eloquentia
2331 5621 2560 5695 elucet,
2589 5621 2698 5682 sed
2725 5621 2917 5683 etiam
2944 5619 3038 5700 vis
3064 5625 3614 5700 argumentorum.

379 5703 468 5763 lbi
497 5701 605 5781 ille
641 5704 771 5781 tam
797 5699 1019 5781 validis
1048 5699 1578 5781 responsionibus
1611 5701 1736 5781 tela
1772 5699 1828 5781 et
1869 5700 2259 5781 objectiones
2293 5700 2740 5762 hareticorum
2784 5699 3065 5781 depellit,
3109 5703 3181 5759 ut
3223 5715 3446 5778 parem
3505 5699 3616 5781 vix

380 5777 819 5860 deprehendas
868 5777 1196 5860 athletam,
1225 5784 1289 5840 et
1322 5779 1470 5858 jure
1504 5780 1761 5842 fatearis
1783 5780 1937 5841 istas
1950 5777 2259 5845 adversus
2293 5782 2632 5844 Anomaos
2655 5777 2979 5843 orationes
3017 5777 3186 5842 inter
3210 5777 3607 5860 prastantis-

385 5857 547 5923 sima
594 5857 1033 5939 Chrysostomi
1084 5874 1281 5938 opera
1309 5857 1823 5926 annumerandas
1869 5878 2032 5925 esse.
