4074 6374
308 406 401 462 25
1090 408 1150 463 S.
1195 404 1483 463 JOANNIS
1523 402 2018 463 CIIRYSOSTOMI
2057 404 2383 463 ARCIIIEP.
2434 404 2984 463 CONSTANTINOP.
3316 458 3319 465 λ
3694 409 3767 464 26

313 521 479 595 μηδὲν
499 522 694 588 αὐτοὺς
715 524 824 576 τῶν
854 522 1153 593 γινομένων
1177 522 1575 594 παραδραμεῖν.
1600 524 1709 576 Καὶ
1731 522 1987 593 μουσικὸς

308 610 362 663 6‘6
386 612 439 663 εἴ
468 629 548 675 τις
576 611 885 682 θαυμαστὸς
907 612 1284 681 ἐπιδημήσειε,
1304 611 1465 664 πάλιν
1486 611 1686 681 ὁμοίως
1709 612 1757 663 οί
1786 611 1938 664 αὐτοὶ
1961 622 1986 651 ι

308 699 372 770 δὴ
401 693 546 753 οὗτοι
577 700 844 772 πληροῦσι
876 700 936 753 τὸ
970 700 1221 771 θέατρον,
1253 700 1349 753 καὶ
1379 701 1555 754 πάντα
1577 700 1803 768 ἀφέντες
1829 699 1900 753 τά
1923 702 1982 752 ἐν

309 789 514 858 χερσὶν,
546 791 818 859 ἀναγκαῖα
846 788 1105 851 πολλάκις
1135 788 1264 841 ὅντα
1284 790 1380 841 καὶ
1411 789 1828 855 κατεπείγοντα,
1852 790 1982 841 ἀνα·

310 878 502 941 ϐάντες
527 878 809 948 κάθηνται,
841 876 979 948 μετὰ
1018 876 1218 946 πολλῆς
1244 878 1343 947 τῆς
1382 877 1614 949 σπουδῆς
1636 877 1664 918 ῖι
1692 876 1800 930 τῶν
1832 875 1985 948 ᾠδῶν

312 964 405 1017 καὶ
440 966 548 1017 τῶν
588 965 914 1036 κρουμάτων
944 964 1252 1028 ἀκούοντες.
1288 965 1381 1018 καὶ
1412 966 1510 1036 τὴν
1540 965 1864 1036 ἀμφοτέρων
1887 964 1985 1035 βα-

313 1050 618 1115 σανίζοντες
654 1053 992 1122 συμφωνίαν.
1021 1053 1129 1104 Καὶ
1166 1051 1338 1106 ταῦτα
1372 1052 1469 1122 μὲν
1503 1053 1553 1105 οί
1587 1051 1792 1105 πολλοί.
1835 1053 1897 1105 Οἱ
1927 1051 1984 1104 δέ

311 1140 614 1209 ῥητορικῶν
657 1140 908 1210 ἔμπειροι
952 1139 1145 1208 λόγων,
1183 1140 1276 1192 καὶ
1309 1140 1465 1193 αὐτοὶ
1518 1139 1681 1192 πάλιν
1728 1139 1822 1192 ἐπὶ
1875 1139 1983 1192 τῶν

311 1227 578 1295 σοφιστῶν
621 1226 681 1279 τὸ
715 1228 846 1280 αὐτὸ
888 1227 1045 1281 τοῦτο
1084 1228 1601 1297 πράττουσιν.Ἔστι
1636 1227 1744 1298 γὰρ
1772 1228 1867 1279 καὶ
1901 1225 1982 1298 [2]

307 1316 518 1377 τούτοις
559 1316 780 1389 θέατρα,
813 1320 908 1370 καὶ
945 1318 1229 1388 ἀκροαταὶ,
1263 1317 1354 1369 καὶ
1391 1316 1637 1387 κρότοιο,
1664 1317 1758 1369 καὶ
1790 1315 1980 1385 ψόφος,

309 1404 402 1456 καὶ
445 1396 675 1473 βάσανος
723 1400 834 1458 τῶν
876 1404 1183 1474 λεγομένων
1230 1404 1452 1474 ἐσχάτη.
1486 1404 1546 1456 Εἰ
1578 1404 1633 1456 δὲ
1679 1404 1983 1473 ῥητορικῶν

309 1493 618 1566 αὐλητικῶν
650 1512 707 1546 τε
740 1494 834 1548 καὶ
870 1494 1176 1565 ἀθλητικῶν
1214 1493 1443 1564 ἀνδρῶν,
1478 1493 1587 1546 τῶν
1635 1492 1733 1562 μὲν
1770 1491 1978 1558 θεαταὶ,

308 1581 417 1634 τῶν
464 1581 520 1634 δὲ
565 1581 701 1651 ὁμοῦ
753 1581 1027 1654 θεωρηταὶ
1072 1583 1165 1635 καὶ
1216 1580 1482 1651 ἀκροαταὶ
1538 1581 1675 1649 μετά
1717 1578 1982 1647 τοσαύτης

311 1668 573 1737 κάθηνται
598 1668 698 1738 τῆς
728 1668 1033 1738 προθυμίας
1053 1684 1065 1698 ·
1103 1668 1276 1738 πόσην
1302 1670 1432 1737 ἡμῖν
1461 1667 1553 1718 καὶ
1579 1665 1856 1737 σπουδὴνά
1888 1666 1983 1719 καὶ

313 1757 617 1828 προθυμίαν
666 1758 732 1812 ἂν
777 1758 922 1827 εἴητε
971 1757 1166 1810 δίκαιοι
1207 1760 1528 1826 παρασχεῖν,
1559 1758 1658 1808 οὐκ
1689 1754 1981 1826 αὐλητικοῦ

310 1863 474 1909 τινος,
508 1846 626 1899 οὐδὲ
674 1845 987 1915 σοφιστικοῦ
1033 1844 1128 1898 νῦν
1176 1847 1254 1907 εἰς
1303 1844 1489 1912 ἀγῶνα
1530 1842 1826 1907 καθιέντος,
1869 1842 1980 1897 ἀλλ’

312 1934 501 2005 ἀνδρὸς
543 1933 650 1987 ἀπὸ
697 1932 805 1985 τῶν
853 1931 1098 2004 οὐρανῶν
1145 1931 1537 2001 φθεγγομένου,
1569 1930 1706 1983 καὶε
1755 1929 1983 2001 βροντῆς

311 2020 698 2092 λαμπροτέραν
731 2020 981 2089 ἀφιέντος
1024 2020 1243 2089 φωνήν;
1276 2020 1461 2071 Πᾶσαν
1492 2018 1600 2087 γὰρ
1643 2018 1739 2087 τὴν
1793 2020 1985 2071 οἰκου-

316 2109 485 2178 μένην
527 2109 749 2178 ἐπέσχε,
782 2108 876 2160 καὶ
926 2105 1213 2171 κατέλαϐε,
1241 2106 1333 2158 καὶ
1375 2105 1636 2174 ἐνέπλησε
1668 2107 1733 2175 τῇ
1769 2104 1886 2176 βοῇ,
1922 2106 1982 2157 οὐ

311 2194 393 2265 τῷ
434 2194 579 2264 μέγα
629 2196 981 2264 ἀνακραγεῖν,
1015 2192 1151 2245 ἀλλά
1175 2192 1252 2263 τῷ
1294 2192 1432 2263 μετά
1459 2191 1558 2261 τῆς
1588 2191 1737 2254 θείας
1767 2192 1985 2262 χάριτος

314 2282 532 2352 κινῆσαι
580 2282 678 2353 τὴν
725 2281 985 2350 γλῶτταν.
1022 2280 1128 2333 Καὶ
1158 2281 1219 2333 τὸ
1246 2281 1310 2350 δὴ
1335 2280 1666 2350 θαυμαστὸν,
1712 2280 1792 2332 ὅτι
1842 2279 1985 2333 οὓτω

319 2371 525 2442 μεγάλη
557 2366 749 2441 οὖσαὴ
783 2370 901 2440 βοὴ,
927 2370 1025 2422 οὐκ
1065 2368 1180 2422 ἐστι
1232 2368 1463 2438 τραχεῖά
1502 2385 1605 2430 τις,
1630 2367 1749 2420 οὐδέ
1793 2366 1982 2438 ἀηδὴς,

316 2458 453 2512 ἀλλά
475 2459 656 2529 πάσης
686 2458 952 2528 μουσικῆς
982 2458 1249 2529 ἁρμονίας
1273 2457 1436 2526 ἡδίων
1483 2457 1575 2509 καὶ
1614 2455 1983 2526 ποθεινοτέρα,

315 2549 410 2600 καὶ⁹
442 2548 623 2614 θέλξαι
650 2546 984 2617 ἐπισταμένη
1017 2546 1177 2599 πλέον
1200 2562 1214 2576 ο
1245 2547 1337 2598 καὶ
1373 2545 1507 2617 πρὸς
1539 2542 1746 2607 τούτοις
1785 2543 1986 2597 ἀπασιν

316 2638 589 2707 άγιωτάτη
637 2638 732 2689 καὶ
778 2634 1185 2705 φρικωδεστάτη
1220 2634 1261 2695 τ,
1297 2635 1391 2686 καὶ
1435 2632 1705 2686 τοσούτων
1743 2633 1987 2703 γέμουσα

315 2727 658 2797 ἀπορρήτων,
685 2725 779 2776 καὶ
803 2723 1042 2777 τοσαῦτα
1071 2723 1372 2792 κομίζουσα
1399 2721 1599 2790 ἀγαθὰ,
1627 2721 1662 2774 ἀ
1691 2722 1815 2783 τοὺς
1850 2721 1985 2791 μετά

313 2813 594 2884 ἀκριϐείας
629 2814 721 2865 καὶ
750 2811 1055 2882 προθυμίας
1090 2810 1351 2873 λαϐόντας
1386 2811 1480 2863 καὶ
1508 2809 1984 2879 διαφυλάττοντας,

313 2903 412 2955 οὐκ
437 2901 515 2954 ένι
535 2900 717 2953 λοιπὸν
741 2898 1061 2967 ἀνθρώπους
1088 2894 1246 2964 εἷναι,
1272 2900 1392 2951 οὐδέ
1426 2899 1516 2951 ἐπὶ
1539 2899 1635 2966 τῆς
1659 2898 1765 2967 γῆς
1784 2897 1984 2967 μένειν,

313 2989 428 3042 ἀλλ’
453 2988 710 3057 ἀνωτέρω
742 2987 959 3040 πάντων
994 2987 1213 3041 ἑστάναι
1242 2986 1348 3038 τῶν
1382 2985 1669 3054 βιωτικῶν,
1707 2987 1799 3037 καὶ
1852 2986 1988 3055 πρὸς

314 3080 410 3150 τὴν
458 3076 753 3148 ἀγγελικὴν
808 3075 1326 3146 μεθαρμοσαμένους
1372 3073 1556 3143 λῆξιν,
1606 3073 1854 3144 καθάπερ
1896 3073 1987 3125 τὸν

313 3165 559 3236 οὐρανὸν,
595 3164 735 3218 οὕτω
760 3164 857 3234 τὴν
889 3165 991 3234 γῆν
1021 3165 1208 3215 οἰκεῖν.
1230 3163 1286 3214 Ὀ
1322 3162 1430 3232 γὰρ
1460 3162 1561 3232 τῆς
1596 3162 1824 3233 βροντῆς
1851 3164 1983 3225 υἱὸς,

315 3256 344 3306 6
368 3252 649 3321 ἀγαπητὸς
680 3250 774 3306 τοῦ
810 3249 1067 3323 Χριστοῦ,
1099 3252 1126 3303 6
1163 3249 1350 3313 στῦλος
1379 3249 1487 3303 τῶν
1520 3249 1663 3302 κατά
1688 3250 1787 3318 τὴν
1810 3251 1988 3301 οἰκου-

320 3343 486 3412 μένην
514 3338 870 3411 Ἐκκλησιῶν,
899 3340 927 3392 6
962 3339 1059 3402 τὰς
1089 3337 1236 3400 κλεῖς
1270 3337 1406 3406 έχων
1443 3336 1536 3390 τοῦ
1582 3337 1831 3407 οὐρανοῦ,
1868 3339 1896 3389 6
1930 3337 1989 3390 τὸ

317 3429 574 3498 ποτήριον
594 3425 688 3479 τοῦ
710 3425 945 3498 Χριστοῦ
971 3424 1130 3489 πιὼν,
1152 3425 1246 3477 καὶ
1270 3425 1328 3476 :6
1351 3423 1627 3494 βάπτισμα
1653 3423 1986 3494 βαπτισθεὶς,

317 3518 347 3569 6
378 3515 723 3577 κατακλιθεὶς
758 3515 851 3568 ἐπὶ
893 3513 954 3566 τὸ
991 3512 1185 3583 στῆθος
1217 3511 1278 3564 τὸ
1308 3512 1633 3565 Δεσποτικὸν
1666 3512 1804 3584 μετά
1846 3514 1989 3585 παρ-

211 3628 217 3632 -
321 3602 514 3675 ρησίας
563 3601 785 3671 πολλῆς,
814 3593 967 3663 οὗτος
1011 3603 1142 3670 ἡμῖν
1190 3599 1493 3672 εἰσέρχεται
1539 3600 1663 3653 νῦν’
1696 3601 1756 3653 οὐ
1808 3598 1991 3671 δρᾶμα

320 3690 761 3760 ὑποκρινόμενος,
786 3688 907 3742 οὐδὲ
946 3687 1274 3758 προσωπείῳ
1319 3688 1576 3759 κρύπτων
1618 3687 1715 3760 τὴν
1749 3690 1989 3759 κεφαλὴν

320 3781 336 3845 (
360 3779 420 3830 οὐ
448 3777 555 3846 γάρ
584 3777 804 3829 τοιαῦτα
839 3777 952 3846 ἐρεῖ
976 3780 1011 3839 ),
1044 3775 1164 3828 οὐδέ
1200 3775 1285 3828 ἐπ’
1314 3777 1631 3846 ὀκρίϐαντος
1659 3775 1987 3841 ἀναϐαίνων,

280 3850 283 3853 ’
319 3866 438 3919 οὐδέ
466 3867 770 3935 ὀρχήστραν
799 3864 875 3933 τῷ
903 3863 1022 3916 ποδὶ
1051 3863 1423 3934 κατακρούων,
1456 3865 1576 3918 οὐδὲ
1618 3866 1806 3935 ἐσθῆτι
1837 3884 1992 3918 κεκο-

322 3954 599 4024 σμημένος
626 3955 801 4022 χρυσῇ
824 3969 835 3980 ·
863 3952 975 4003 ἀλλ’
1005 3952 1310 4021 εἰσέρχεται
1335 3952 1524 4023 στολὴν
1549 3952 1686 4022 ἔχων
1710 3954 1990 4023 ἀμήχανον

322 4042 551 4111 ἔχουσαν
577 4040 788 4102 κάλλος.
820 4039 921 4091 Τὸν
956 4039 1063 4108 γάρ
1095 4039 1330 4107 Χριστὸν
1355 4041 1696 4111 ἐνδεδυμένος
1727 4044 1857 4111 ἡμῖν
1885 4060 1989 4111 φα-

322 4132 514 4191 νεῖται,
554 4129 680 4189 τοὺς
710 4127 876 4188 πόδας
908 4127 1293 4199 ὑποδεδεμένος
1336 4130 1461 4190 τοὺς
1505 4129 1739 4199 ὡραίους
1769 4133 1826 4183 ἐν
1852 4132 1990 4184 6:0:-

326 4216 497 4286 μασίᾳ
516 4213 610 4267 τοῦ
642 4214 972 4282 Εὐαγγελίου
1018 4213 1119 4282 τῆς
1160 4217 1402 4286 εἰρήνης,
1434 4216 1531 4286 τὴν
1564 4216 1738 4287 ζώνην
1770 4219 1830 4269 οὐ
1864 4219 1992 4288 περὶ

322 4304 385 4356 τὸ
413 4303 605 4374 στῆθος
635 4303 792 4372 ἔχων,
820 4300 954 4354 ἀλλά
981 4304 1110 4372 περὶ
1128 4302 1226 4373 τὴν
1243 4302 1411 4371 ὀσφύν
1433 4321 1445 4334 ·
1474 4304 1573 4357 οὐκ
1597 4304 1703 4357 ἀπὸ
1723 4304 1991 4375 δέρματος

325 4390 590 4461 φοινικοῦ,
617 4391 737 4443 οὐδέ
763 4390 966 4445 ἀνωθεν
989 4390 1321 4462 ήλειμμένην
1349 4391 1532 4463 χρυσῷ
1549 4393 1615 4456 τ’,
1634 4393 1747 4447 ἀλλ’
1772 4395 1877 4447 ἀπὸ
1894 4396 1991 4467 τῆς

325 4478 582 4549 ἀληθείας
624 4478 1002 4549 ἐξυφασμένην
1053 4478 1148 4532 καὶ
1190 4480 1556 4551 συγκειμένην
1603 4483 1789 4552 αὐτῆς.
1823 4476 1992 4545 Οὗτος

323 4571 458 4638 ἡμῖν
486 4567 735 4637 φανεῖται
760 4566 873 4631 νῦν,
903 4568 1001 4636 οὐχ
1030 4566 1316 4637 ὑπόκρισιν
1350 4567 1487 4638 έχων
1510 4585 1525 4600 ο
1559 4570 1678 4623 οὐδὲ
1712 4571 1819 4643 γὰρ
1861 4571 1993 4624 ὐπό-

328 4674 508 4729 κρισις
536 4656 666 4730 παρ’
689 4655 857 4725 αὐτῷ.
891 4656 1012 4708 οὐδέ
1039 4655 1261 4726 πλάσμα
1291 4656 1383 4709 καὶ
1415 4657 1611 4726 μῦθος·
1644 4658 1780 4712 ἀλλά
1813 4662 1991 4730 γυμνῇ

326 4749 393 4816 τῇ
421 4742 629 4815 κεφαλῇ
657 4744 867 4814 γυμνὴν
891 4743 1218 4812 ἀπαγγέλλει
1251 4744 1349 4815 τὴν
1374 4745 1631 4816 ἀλήθειαν
1651 4764 1663 4776 ·
1692 4747 1788 4817 οὐχ
1812 4747 1995 4817 ἕτερος

331 4834 432 4904 μὲν
466 4831 561 4898 ὢν,
600 4830 763 4902 ἕτερα
792 4831 848 4883 66
882 4832 1008 4902 περὶ
1036 4832 1200 4885 αὐτοῦ
1222 4833 1347 4897 τοὺς
1375 4834 1673 4898 ἀκούοντας
1697 4834 1898 4890 πείθων
1919 4836 1996 4907 τῷ

332 4924 590 4993 σχήματι,
615 4920 693 4991 τῷ
727 4920 1022 4991 βλέμματι,
1054 4924 1121 4993 τῇ
1169 4926 1355 4994 φωνῇ·
1405 4925 1504 4977 οὐκ
1533 4925 1780 4995 ὀργάνων
1800 4928 1824 4965 ε
1858 4928 1994 4996 πρὸς

328 5012 428 5081 τὴν
457 5008 791 5077 ἀπαγγελίαν
821 5008 1088 5079 δεόμενος,
1120 5004 1229 5063 οἷον
1256 5011 1486 5083 κιθάρας
1514 5013 1545 5083 ἦ
1579 5012 1766 5084 λύρας,
1797 5015 1830 5085 ’ή
1856 5031 1995 5079 τινος

328 5097 437 5149 τῶν
458 5096 711 5150 τοιούτων
736 5096 923 5167 ἐτέρου
943 5113 956 5127 ·
986 5095 1123 5150 ἀλλά
1148 5098 1324 5151 πάντα
1351 5102 1415 5169 τῇ
1442 5098 1654 5170 γλώττῃ
1683 5101 1993 5171 ἐργάζεται,

335 5186 532 5249 παντὸς
570 5185 667 5258 μὲν
712 5184 1048 5256 κιθαριστοῦ,
1088 5185 1267 5257 πάσης
1311 5185 1368 5238 δὲ
1418 5188 1685 5258 μουσικῆς
1723 5188 1854 5259 ἡδίω
1902 5192 1996 5244 κα)⁵

334 5274 752 5345 χρησιμωτέραν
788 5274 968 5345 φωνὴν
999 5275 1364 5343 ἀφιείς.Ἒστι
1398 5275 1453 5327 66
1483 5276 1630 5347 αὐτῷ
1669 5279 1996 5350 προσκήνιον

338 5364 457 5433 μὲν,
485 5366 513 5417 6
539 5365 764 5435 οὐρανὸς
794 5364 937 5428 ἀπας
958 5380 970 5392 ’
1017 5364 1242 5435 θέατρον
1270 5364 1347 5429 δὲ,
1381 5366 1414 5435 ή
1446 5367 1736 5437 οἰκουμένη
1758 5385 1772 5398 °
1808 5368 1997 5425 θεαταὶ

400 5500 426 5527 ⁸
446 5498 658 5567 διέβην.
685 5508 737 5567 ει
758 5514 1026 5567 mss._pene
1051 5514 1239 5551 omnes.
1271 5500 1444 5551 Morel.
1470 5505 1644 5567 ὁμοίως
1664 5505 1817 5555 αὐτοί.
1843 5506 1997 5559 Paulo

335 5568 445 5623 post
464 5563 688 5623 πολλάκις
708 5564 852 5610 deest
880 5563 932 5612 ἰὴ
957 5576 1072 5613 ιιιιο.

398 5621 425 5659 δ
442 5624 554 5672 Cod.
590 5622 681 5670 706
704 5625 834 5672 addit
853 5627 950 5673 καί.

400 5684 425 5748 °_
444 5683 646 5743 Quidam
672 5699 783 5732 mss.
804 5688 987 5748 κρότος.

400 5744 428 5784 ἀ
450 5747 531 5794 Sic
551 5760 651 5794 mss
693 5753 745 5794 et
765 5744 875 5795 ἓν).
905 5749 1023 5795 Mor.
1049 5750 1129 5796 καὶ
1156 5750 1367 5807 σπουδήν
1398 5762 1493 5800 0m.

403 5820 426 5874 ξε
451 5808 561 5856 Mss.
580 5809 1115 5874 ‘plurimi906ﬁ0yévou
1146 5813 1225 5859 καὶ
1250 5812 1474 5874 βοῶντος,
1516 5815 1613 5864 καί.
1658 5815 1845 5867 Ibidem
1872 5831 1999 5868 unus

334 5866 487 5933 halch
516 5866 601 5933 καί
620 5875 773 5931 φωνῆς
793 5866 1133 5933 λαμπροτέραν.

406 5929 708 6003 5-5139336“.
733 5941 785 5979 et
807 5929 979 6003 0111069
1002 5929 1131 6003 96:39,
1146 5942 1266 6003 ἤιξε.
1289 5935 1408 5983 Mor.
1433 5940 1820 6000 πρεπωδεστάτη.

401 5991 449 6059 [³
476 5992 815 6059 Sic‘Sav.,_qu_i
839 5991 1035 6059 cqnjicil
1060 5993 1302 6059 είλημένῃν
1325 5991 1503 6059 χρυσῷ.

407 6056 430 6093 ε
456 6055 654 6113 Quidam
679 6051 764 6103 οὐκ
787 6054 1000 6115 ὀργάνου,
1024 6056 1106 6103 ιᾳίι
1130 6051 1216 6102 οὐκ
1242 6051 1441 6121 ὸργὶἱὲνῳ.
1464 6051 1469 6060 ’

2095 520 2150 574 δὲ
2175 522 2268 575 καὶ
2299 524 2585 595 ἀκροαταὶ,
2612 524 2808 588 πάντες
2837 523 3077 593 ἄγγελοι,
3102 523 3197 577 καὶ
3220 522 3315 577 ἀνθ
3326 521 3519 592 ρώπων
3542 523 3767 596 ὅσοιπερ

2094 608 2314 677 ἄγγελοι
2344 612 2703 681 τυγχάνουσιν
2735 613 2906 675 ὅντες,
2929 612 2962 683 ἢ
2989 614 3086 666 κα)⁵
3104 611 3354 680 γενέσθαι
3383 611 3763 682 ἐπιθυμοῦσιν.

2097 691 2255 750 Οὗτοι
2283 696 2389 769 γὰρ
2427 700 2576 767 μόνοι
2605 697 2681 770 [5]
2718 698 2921 769 ταύτης
2942 699 3183 771 ἀκριϐῶς
3208 698 3507 752 ἐπακοῦσαι
3529 698 3765 752 δύναιντ’

2094 784 2161 837 ἂν
2197 786 2296 855 τῆς
2327 784 2611 856 ἁρμονίας,
2646 787 2739 839 καὶ
2780 787 2871 839 ἐπὶ
2897 788 2925 825 ιι
2951 787 3059 839 τῶν
3096 787 3270 859 ἔργων
3303 788 3472 858 αὐτὴν
3500 785 3770 851 ἐπιδείξα-

2096 874 2240 935 σθαι,
2293 874 2387 927 καὶ
2432 874 2705 946 ἀκροατὰς
2742 871 2915 941 εἶναι,
2960 874 3105 938 οἴους
3140 871 3277 929 εἶναι
3324 878 3450 948 χρή.
3494 876 3579 939 Ὠς
3618 875 3672 928 οἵ
3700 893 3766 945 γε

2092 961 2240 1016 ἄλλοι
2281 962 2481 1025 πάντες
2505 1004 2518 1028 ,
2555 963 2807 1034 καθάπερ
2850 962 2920 1016 τά
2967 962 3156 1016 παιδία
3188 963 3255 1016 τὰ
3286 965 3475 1036 μικρὰ,
3511 964 3768 1018 ἀκούουσι

2096 1049 2216 1120 μὲν,
2247 1051 2347 1102 οὐκ
2370 1050 2515 1104 ίσασι
2536 1050 2590 1103 δὲ
2615 1050 2756 1121 άπερ
2780 1050 3087 1113 ἀκούουσιν,
3113 1052 3249 1105 ἀλλά
3272 1052 3401 1123 περὶ
3424 1051 3767 1123 πλακοῦντας

2093 1114 2382 1206 ἐπτόηνται
2427 1137 2522 1189 καὶ
2568 1114 2859 1207 ἀθύρματα
2904 1136 3158 1191 παιδικά”
3212 1114 3359 1191 οὕτω
3387 1138 3451 1209 δὴ
3488 1114 3768 1191 καὶόῦτοι

2091 1223 2375 1291 γελῶντες,
2424 1224 2756 1296 τρυφῶντες,
2802 1227 2896 1279 καὶ
2930 1226 3163 1295 πλούτῳ,
3198 1227 3291 1279 καὶ
3337 1225 3641 1298 δυναστείᾳ,
3673 1227 3770 1280 καὶ

2091 1314 2157 1382 τῇ
2217 1313 2413 1383 γαστρὶ
2459 1311 2680 1377 ζῶντες,
2707 1314 2960 1367 ἀκούουσι
3021 1314 3117 1383 μὲν
3176 1313 3285 1367 ἐσθ’
3311 1315 3399 1367 ὅτε
3451 1313 3561 1368 τῶν
3617 1316 3765 1385 είρη-

2095 1400 2292 1469 μένων,
2331 1400 2471 1470 μέγα
2501 1400 2558 1453 δὲ
2586 1401 2737 1453 οὐδὲν
2765 1402 2884 1454 οὐδέ
2916 1401 3117 1473 ὑψηλὸν
3147 1402 3237 1454 ἐπὶ
3293 1402 3400 1455 τῶν
3457 1401 3631 1473 ἔργων
3682 1405 3771 1455 ἑν-

2090 1488 2436 1552 δείκνυνται,
2483 1488 2561 1560 τῷ
2614 1489 2866 1556 καθάπαξ
2920 1493 2985 1560 τῇ
3036 1489 3279 1561 πλινθείᾳ
3330 1490 3425 1544 καὶ
3478 1490 3555 1562 τῷ
3612 1491 3769 1563 πηλῷ

2093 1577 2400 1649 προσηλοῦν
2436 1579 2681 1642 ἑαυτούς.
2713 1579 2900 1650 Τούτῳ
2931 1580 3009 1650 τῷ
3040 1581 3321 1650 ἀποστόλῳ
3350 1582 3405 1633 αί
3441 1580 3647 1633 ἀνωθεν
3676 1582 3769 1635 δυ-

2092 1666 2281 1734 νάμεις
2310 1668 2741 1737 παρεστήκασιν,
2778 1668 3213 1738 ἐκπληττόμεναι
3258 1667 3319 1720 τὸ
3365 1668 3558 1731 κάλλος
3600 1668 3767 1722 αὐτοῦ

2091 1752 2191 1821 τῆς
2222 1752 2399 1823 ψυχῆς
2434 1754 2527 1805 καὶ
2551 1754 2648 1824 τὴν
2691 1753 2925 1820 σύνεσιν,
2954 1755 3049 1809 καὶ
3089 1756 3191 1827 τὴν
3221 1755 3372 1827 ὥραν
3406 1755 3507 1825 τῆς
3539 1755 3764 1825 ἀρετῆς,

2092 1841 2159 1893 δι’
2180 1836 2247 1913 ἧς
2278 1844 2373 1894 καὶ
2417 1842 2578 1895 αὐτὸν
2623 1844 2672 1881 [ι’
2705 1844 3050 1897 ἐπεσπάσατο
3083 1845 3173 1898 τὸν
3217 1844 3451 1915 Χριστὸν
3475 1885 3489 1909 ,
3539 1843 3633 1897 καὶ
3670 1842 3767 1914 τὴν

2092 1931 2466 2000 πνευματικὴν
2512 1928 2700 1999 εἴληφε
2751 1930 2929 2001 χάριν.
2973 1931 3239 2001 Καθάπερ
3283 1931 3391 2001 γάρ
3432 1947 3552 1983 τινα
3599 1929 3767 2002 λύραν

2092 2019 2429 2089 εὐάρμοστον
2459 2020 2552 2072 καὶ
2571 2019 2946 2091 λιθοκόλλητον
2969 2021 3203 2091 χρυσοῦς
3225 2020 3454 2091 ἔχουσαν
3475 2019 3764 2088 φθόγγους,

2091 2104 2234 2158 οὕτω
2273 2107 2371 2177 τὴν
2403 2105 2566 2160 αὐτοῦ
2601 2109 3028 2178 παρασκευάσας
3070 2108 3268 2179 ψυχὴν,
3300 2108 3466 2160 ἔδωκε
3496 2107 3563 2161 δι’
3596 2106 3767 2177 αὐτῆς

2095 2194 2239 2264 μέγα
2270 2211 2322 2246 τι
2350 2195 2443 2247 καὶ
2469 2195 2671 2265 ὑψηλὸν
2698 2196 2961 2266 ὲνηχῆσαι
2998 2195 3075 2266 τῷ
3110 2195 3408 2265 Πνεύματι.

2164 2280 2229 2350 β’.
2258 2282 2345 2345 Ὡς
2375 2278 2468 2335 οὖν
2492 2284 2674 2336 οὐκέτι
2698 2283 2790 2337 τοῦ
2816 2284 3029 2346 ἁλιέως,
3054 2283 3173 2337 οὐδέ
3198 2284 3290 2336 τοῦ
3316 2282 3431 2335 υἱοῦ
3458 2280 3765 2346 Ζεϐεδαίου,

2092 2367 2226 2422 ἀλλά
2254 2369 2345 2422 τοῦ
2369 2369 2437 2422 τά
2466 2369 2603 2440 βάθη
2628 2369 2720 2423 τοῦ
2748 2370 2881 2423 Θεοῦ
2904 2370 3125 2434 εἰδότος,
3152 2369 3244 2423 τοῦ
3267 2368 3405 2424 Πνεύ
3415 2386 3581 2440 ματος
3600 2368 3764 2436 λέγω,

2092 2455 2293 2527 ταύτην
2326 2458 2763 2528 ἀνακρουομένου
2798 2459 2896 2529 τὴν
2927 2458 3115 2530 λύραν,
3144 2457 3315 2520 οὕτως
3340 2458 3645 2527 ἀκούωμεν.
3668 2458 3768 2511 Οὐ-

2091 2545 2180 2597 δὲν
2211 2547 2318 2616 γάρ
2352 2545 2694 2617 ἀνθρώπινον
2720 2549 2850 2616 ἡμῖν
2892 2548 3027 2616 ἐρεῖ,
3061 2546 3176 2597 ἀλλ’
3210 2545 3318 2598 ἀπὸ
3360 2544 3467 2597 τῶν
3512 2544 3767 2597 ἀϐύσσων

2092 2634 2199 2687 τῶν
2230 2634 2635 2703 πνευματικῶν,
2668 2636 2812 2704 ἅπερ
2863 2635 2929 2688 ἂν
2980 2634 3132 2708 εἴπῃ,
3168 2633 3274 2687 ἀπὸ
3303 2633 3409 2686 τῶν
3435 2634 3767 2704 ἀπορρήτων

2092 2723 2336 2787 ἐκείνων,
2368 2722 2404 2776 ἀ
2436 2722 2569 2793 μηδέ
2592 2723 2809 2791 ἄγγελοι
2841 2724 2969 2793 πρὶν
2995 2724 3028 2795 ἢ
3050 2723 3301 2792 γενέσθαι
3324 2724 3339 2762 ί
3367 2722 3608 2793 ᾔδεισανο
3628 2720 3765 2775 Μεθ’

2092 2811 2249 2881 ἡμῶν
2286 2812 2394 2883 γάρ
2425 2812 2488 2881 δὴ
2525 2813 2617 2864 καὶ
2647 2804 2792 2864 οὗτοι
2818 2812 2905 2864 διά
2942 2812 3039 2882 τῆς
3065 2812 3311 2865 Ἰωάννου
3346 2811 3547 2881 φωνῆς,
3581 2810 3674 2862 καὶ
3697 2809 3767 2863 δι’

2092 2900 2249 2970 ἡμῶν
2283 2899 2483 2969 ἔμαθον
2512 2894 2652 2968 άπερ
2688 2899 2949 2968 ἔγνωμεν.
2989 2886 3097 2951 Καὶ
3125 2900 3281 2953 τοῦτο
3314 2898 3577 2970 ἐδήλωσεν
3623 2898 3763 2952 ἀπό-

2095 2988 2277 3051 στολος
2316 2988 2518 3057 ἕτερος,
2546 2986 2713 3039 εἰπών
2739 3005 2752 3018 ·
2786 2989 2906 3041 Ἵνα
2936 2987 3235 3057 γνωρισθῇ
3259 2987 3373 3041 νῦν
3401 2986 3527 3052 ταῖς
3555 2986 3769 3056 ἀρχαῖς

2093 3077 2189 3131 καὶ
2223 3075 2353 3142 ταῖς
2382 3075 2691 3142 ἐξουσίαις
2721 3075 2816 3128 διὰ
2846 3074 3326 3144 τῆςῈκκλησίας
3354 3076 3391 3143 ἡ
3418 3076 3769 3128 πολυποίκι-

2091 3168 2202 3231 λος
2234 3164 2419 3233 σοφία
2448 3164 2553 3217 τοῦ
2584 3162 2750 3217 Θεοῦ.
2785 3163 2847 3216 Εἰ
2875 3164 3052 3216 τοίνυν
3077 3164 3170 3215 καὶ
3198 3164 3361 3233 ἀρχαὶ
3391 3164 3483 3216 καὶ
3528 3162 3767 3228 ἐξουσίαι

2095 3254 2187 3305 καὶ
2231 3253 2299 3305 τὰ
2338 3251 2618 3322 Χερουϐὶμ
2662 3253 2756 3304 καὶ
2803 3251 2871 3304 τά
2914 3253 3164 3323 Σεραφὶμ
3194 3252 3279 3304 διὰ
3312 3251 3413 3321 τῆς
3444 3251 3767 3321 Ἐκκλησίας

2094 3339 2292 3411 ἔμαθον
2323 3340 2515 3401 ταῦτα,
2544 3339 2762 3409 εὔδηλον
2792 3340 2871 3394 ὅτι
2906 3341 2999 3393 καὶ
3031 3333 3191 3393 αὗται
3242 3339 3380 3410 μετὰ
3421 3340 3621 3411 πολλῆς
3666 3339 3768 3408 τῆς

2097 3428 2454 3498 σφοδρότητος
2482 3428 2609 3498 περὶ
2630 3426 2832 3498 ταύτην
2862 3428 3195 3481 ἐσπούδασαν
3224 3428 3324 3500 τὴν
3346 3427 3628 3496 ἀκρόασιν.
3655 3426 3766 3479 Καὶ

2092 3516 2202 3585 γὰρ
2234 3515 2329 3568 καὶ
2377 3513 2550 3584 τούτῳ
2595 3513 2936 3584 τετιμήμεθα
2980 3514 3041 3567 οὐ
3094 3514 3322 3585 μικρῶς,
3361 3515 3438 3585 τῷ
3467 3513 3584 3585 μεθ’
3611 3514 3767 3583 ἡμῶν

2095 3603 2219 3664 τοὺς
2238 3601 2500 3669 ἀγγέλους
2530 3601 2716 3670 μαθεῖν
2739 3602 2879 3671 ειπερ
2899 3601 3125 3669 ἠγνόουν
3145 3618 3160 3633 ⁶
3186 3602 3244 3653 τὸ
3264 3601 3319 3653 δὲ
3347 3599 3438 3653 καὶ
3450 3599 3518 3653 δι’
3540 3601 3700 3670 ἡμῶν
3717 3612 3730 3649 ι
3750 3640 3764 3662 ,

2095 3688 2246 3741 ούπω
2277 3689 2413 3751 τέως
2445 3687 2606 3759 φημί.
2638 3688 2842 3759 Πολλὴν
2865 3685 2957 3743 οὖν
2996 3688 3326 3760 παρέχωμεν
3359 3689 3453 3741 καὶ
3479 3690 3643 3758 ἡμεῖς
3667 3688 3767 3759 τὴν

2098 3778 2253 3848 σιγὴν
2284 3777 2419 3847 μετά
2438 3777 2537 3846 τῆς
2560 3776 2875 3847 εὐκοσμίας,
2909 3777 2983 3849 μὴ
3008 3779 3245 3847 σήμερον
3269 3776 3447 3847 μόνον,
3471 3777 3604 3846 μηδέ
3625 3778 3768 3831 κατά

2096 3868 2193 3937 τὴν
2223 3866 2433 3938 ἡμέραν
2473 3867 2529 3917 ἐν
2629 3866 2917 3937 ἀκούομεν,
2964 3865 3100 3919 ἀλλά
3128 3865 3215 3918 διά
3246 3865 3445 3929 παντὸς
3472 3864 3565 3918 τοῦ
3607 3864 3722 3933 βίου
3745 3882 3761 3896 ·

2098 3954 2283 4024 ἐπειδὴ
2316 3954 2410 4007 καὶ
2442 3954 2527 4007 διὰ
2572 3955 2769 4017 παντὸς
2808 3953 3024 4007 ἀκούειν
3052 3950 3215 4008 αὐτοῦ
3250 3952 3431 4007 καλόν.
3466 3953 3530 4005 Et
3561 3955 3669 4023 γὰρ
3697 3953 3769 4007 τὰ

2100 4045 2157 4096 ἐν
2189 4027 2479 4113 βασιλείοις
2514 4041 2773 4111 γινόμενα
2811 4040 3081 4111 ποθοῦμεν
3110 4041 3335 4093 εἰδέναι⁹
3367 4036 3498 4099 οἷον,
3526 4036 3579 4094 τί
3619 4035 3765 4107 εἷπε,

2098 4131 2149 4183 τί
2176 4131 2461 4200 πεποίηκε,
2490 4130 2540 4182 τί
2570 4130 2879 4198 βουλεύεται
2910 4129 3037 4197 περὶ
3066 4128 3172 4180 τῶν
3199 4127 3515 4199 ἀρχομένων
3542 4137 3571 4180 ο
3609 4128 3766 4199 βασι-

2098 4218 2287 4281 λεύων,
2318 4218 2490 4271 καίτοι
2516 4236 2577 4287 γε
2608 4218 2863 4277 πολλάκις
2885 4217 3032 4269 οὐδὲν
3059 4216 3195 4287 πρὸς
3224 4217 3370 4285 ἡμᾶς
3382 4216 3525 4284 ,ὄντα
3547 4233 3559 4246 ·
3587 4215 3767 4287 πολλῷ

2105 4306 2300 4378 μᾶλλον
2330 4306 2433 4360 ἀπε
2444 4323 2473 4376 ρ
2501 4308 2528 4358 ό
2556 4306 2684 4368 Θεὸς
2706 4302 2824 4357 εἷπε
2857 4305 3099 4358 ποθεινὸν
3131 4305 3385 4366 ἀκοῦσαι,
3413 4306 3507 4358 καὶ
3531 4305 3766 4376 μάλιστα

2099 4398 2225 4450 ὅταν
2274 4397 2402 4465 ήμῖν
2455 4394 2667 4448 ἅπαντα
2719 4393 2947 4466 διαφέρῃ
2966 4394 3013 4445 ιι.
3055 4392 3237 4445 Ταῦτα
3275 4392 3330 4444 δέ
3366 4392 3578 4446 ἅπαντα
3628 4392 3769 4464 μετά

2102 4483 2384 4556 ἀκριϐείας
2414 4485 2542 4556 ἡμῖν
2568 4478 2720 4545 οὗτος
2749 4485 2883 4553 ἐρεῖ,
2910 4482 3060 4551 φίλος
3090 4481 3254 4536 αὐτοῦ
3281 4481 3373 4535 τοῦ
3396 4482 3767 4552 βασιλεύοντος

2101 4573 2174 4626 ὢν
2198 4592 2210 4603 θ
2253 4573 2452 4644 μᾶλλον
2481 4574 2536 4625 δὲ
2565 4574 2656 4627 καὶ
2690 4573 2850 4625 αὐτὸν
2884 4572 3021 4643 ἔχων
3052 4574 3108 4625 ἐν
3137 4570 3313 4641 ἑαυτῷ
3355 4571 3638 4634 λαλοῦντα,
3672 4574 3769 4626 καὶ

2103 4663 2227 4733 παρ’
2256 4660 2416 4714 αὐτοῦ
2449 4662 2627 4713 πάντα
2653 4660 2883 4725 ἀκούων,
2916 4660 2951 4713 ἀ
2979 4658 3130 4729 παρά
3158 4658 3250 4712 τοῦ
3282 4659 3492 4731 Πατρός
3524 4662 3732 4725 ἐκεῖνος
3750 4676 3764 4690 ·

2115 4749 2126 4766 ”
2142 4747 2296 4817 Υμὰς
2318 4748 2426 4818 γάρ
2442 4749 2649 4815 εὶγςηκα
2668 4748 2905 4817 φίλους,
2929 4748 3111 4816 φησὶν,
3134 4746 3219 4799 ὅτι
3238 4745 3450 4809 πάντα,
3470 4745 3509 4799 ἅ
3530 4746 3771 4814 ἤκουσα

2103 4836 2262 4905 παρὰ
2302 4836 2408 4889 τοῦ
2450 4836 2677 4903 Πατρός
2707 4854 2844 4903 μου,
2870 4835 3162 4905 ἐγνώρισα
3189 4834 3564 4905 ὐμῐν.Ὤσπερ
3591 4829 3683 4887 οὖν
3720 4836 3775 4888 ετ

2104 4942 2225 4978 τινα
2243 4923 2447 4978 ἄνωθεν
2470 4926 2532 4975 ἐκ
2551 4925 2647 4991 τῆς
2680 4924 2920 4993 κορυφῆς
2955 4922 3048 4975 τοῦ
3075 4921 3300 4993 οὐρανοῦ
3432 4921 3770 4991 διακύψαντα

2105 5013 2299 5083 ἀθρόον
2328 5012 2560 5082 εἴδομεν,
2593 5012 2685 5064 καὶ
2713 5010 3175 5080 ἐπαγγελλόμενον
3202 5010 3271 5061 τά
3305 5012 3420 5061 ἐκεῖ
3452 5010 3589 5080 μετὰ
3612 5012 3773 5081 ἀκρι-

2106 5101 2254 5164 ϐείας
2288 5102 2451 5169 ἐρεῖν,
2489 5100 2682 5161 πάντες
2721 5098 2785 5151 ἂν
2810 5098 3216 5169 ἐπεδράμομεν·
3248 5095 3387 5148 οὕτω
3416 5097 3510 5149 καὶ
3535 5097 3629 5150 νῦν
3656 5098 3772 5151 δια·

2104 5188 2348 5257 τεθῶμεν
2374 5184 2414 5239 ι.
2435 5185 2671 5239 Ἐκεῖθεν
2720 5187 2828 5257 γάρ
2870 5188 2999 5257 ἡμῖν
3023 5187 3051 5237 ό
3086 5184 3221 5255 ἀνὴρ
3246 5178 3397 5247 οὗτος
3442 5184 3767 5253 διαλέγεται.

2106 5276 2180 5328 Οὐ
2227 5276 2333 5344 γάρ
2382 5274 2525 5327 ἐστιν
2560 5276 2624 5326 ἐκ
2651 5274 2742 5326 τοῦ
2790 5274 2992 5343 κόσμου
3036 5272 3243 5336 τούτου,
3285 5272 3467 5335 καθώς
3511 5289 3642 5342 φησι
3676 5276 3772 5328 καὶ

2107 5363 2265 5425 αὐτὸς
2311 5363 2338 5413 6
2394 5362 2659 5433 Χριστός·
2702 5361 2882 5431 Ὑμεῖς
2928 5363 3037 5414 οὐκ
3088 5359 3228 5413 ἐστὲ
3272 5359 3340 5412 ἐκ
3377 5361 3481 5413 τοῦ
3535 5363 3772 5431 κόσμου

2168 5449 2197 5487 ιι
2219 5447 2317 5498 Alii
2357 5449 2467 5496 ἀπό.
2494 5449 2680 5497 Ibidem
2717 5454 2827 5509 post
2850 5448 3161 5501 ἐπιδείξασθαι
3184 5446 3307 5505 haec,
3329 5448 3413 5509 καὶ
3435 5447 3670 5509 ἀκροατὰς
3708 5449 3773 5495 εἷ-

2106 5529 2199 5570 ναι,
2227 5511 2353 5564 οἴους
2375 5510 2490 5558 εἶναι
2522 5513 2631 5573 χρή,
2664 5508 2844 5573 desum
2883 5513 2932 5555 in
2976 5512 3083 5573 δᾶν.
3112 5513 3191 5573 _et_
3226 5510 3275 5555 in
3301 5508 3605 5573 _quibUSdam
3632 5521 3801 5573 _mss.'

2110 5568 2261 5622 Paulo
2286 5581 2388 5633 post
2404 5568 2757 5633 imss'."plurimi
2778 5571 2835 5618 τὰ
2864 5571 3006 5631 μικρὰ
3024 5570 3127 5631 περὶ
3144 5568 3456 5628 πλακοῦντας,
3480 5569 3671 5620 omissis
3699 5574 3774 5619 in-

2109 5632 2377 5694 terpositis.
2401 5632 2553 5680 Paulo
2573 5642 2682 5693 post
2699 5634 2891 5693 quidam
2920 5632 3159 5694 ἐπτόηται,
3180 5644 3279 5694 pou
3301 5635 3445 5681 male.

2167 5691 2219 5732 Η·
2243 5695 2325 5743 Sic
2346 5695 2539 5756 quidam
2567 5691 2680 5756 iqss.
2705 5691 2897 5741 melius.
2925 5694 3048 5741 Edili
3077 5691 3233 5747 αὐτός.

2174 5756 2191 5795 ί
2223 5757 2343 5805 Mor.
2366 5754 2516 5818 πρὶνῆ
2541 5754 2711 5818 τοῦτον
2721 5757 2955 5818 γενέσθαι.
3010 5814 3028 5818 __
3110 5792 3113 5795 .

2177 5818 2192 5869 5
2221 5814 2423 5877 Quidam
2453 5818 2510 5864 δι’
2530 5819 2669 5879 ἡμᾶς.
2698 5816 2950 5879 Ιγὺὶόηροδιγ
2977 5814 3117 5879 οὔπωΔ
3136 5814 3253 5879 τέως
3285 5814 3401 5877 φημί
3428 5814 3554 5879 Mor.
3586 5822 3633 5863 el
3659 5820 3773 5879 qui-

2106 5882 2214 5929 dam
2234 5876 2317 5929 élii
2337 5879 2521 5929 addunt
2540 5878 2678 5925 τίνων
2701 5878 2731 5934 ἢ
2754 5876 2902 5928 ποίων
2928 5878 3074 5925 ὄντων
3096 5876 3251 5937 ἡμῶν,
3276 5876 3387 5937 Quae
3409 5878 3587 5927 desunt
3613 5876 3773 5929 iuba-

2108 5944 2193 5991 :il.
2214 5949 2266 5990 et
2286 5941 2334 5990 iu
2354 5939 2547 5989 caeteris
2566 5952 2681 5987 mss.

2169 6006 2194 6043 Ιι
2223 6004 2356 6052 Ιίιυε
2376 6004 2561 6049 ἅπαντα
2580 5999 2690 6058 ἡμῖν
2710 5999 2936 6061 διαφέρειν
2958 5998 3191 6060 μάθωμεν.

2178 6065 2192 6105 ι
2224 6064 2303 6115 Sic
2331 6066 2441 6113 διν.
2463 6067 2515 6110 et
2538 6073 2649 6109 mss.
2679 6060 2803 6112 Mor;
2828 6063 3074 6110 διαθῶμεν.
