4074 6374
295 293 368 348 ,5
1542 290 1607 346 IN
1643 290 1958 354 .IOANNEM
1996 299 2224 363 HOMlL.
2265 308 2307 365 ฮน.
3506 320 3578 375 26

294 408 463 471 riant,
493 419 679 461 omnes
704 413 1011 473 accurrunt,
1033 414 1091 460 ut
1113 394 1231 475 ejus
1254 419 1478 476 pugnas,
1507 414 1700 471 artem,
1723 406 1888 462 robur

296 510 543 569 spectare
565 498 800 569 possint;
821 496 1050 567 hincque
1079 498 1256 553 videas
1283 497 1687 553 innumerorum
1713 498 1886 554 homi-

297 607 427 646 num
477 590 775 655 theatrum,
821 589 912 659 qui
960 589 1011 643 in
1054 604 1114 644 ea
1147 604 1207 643 re
1247 598 1303 645 et
1343 590 1536 644 mentis
1564 599 1619 645 et
1646 592 1889 661 corporis

297 686 476 740 oculis
503 686 600 739 toti
630 684 974 747 incumbunt,
1004 693 1061 736 ut
1087 682 1216 737 nihil
1242 682 1308 736 ad
1334 684 1692 752 spectaculum
1720 684 1886 754 perti-

298 793 433 832 nens
462 793 523 833 se
566 776 838 847 praeterire
865 775 1055 845 possit.
1084 775 1218 831 Tum
1246 776 1290 829 si
1316 776 1436 844 quis
1466 776 1693 830 eximius
1725 777 1888 830 musi-

295 884 395 923 cus
411 868 794 929 adventaverit,
818 867 869 921 hi
892 883 1079 922 omnes
1095 867 1340 923 similiter
1356 867 1621 921 theatrum
1644 869 1885 938 implent,

299 963 586 1031 missisque
610 962 856 1015 omnibus
896 977 1015 1030 qua:
1044 976 1153 1031 prce
1183 960 1430 1015 manibus
1455 959 1673 1025 habent,
1696 962 1796 1015 etsi
1823 977 1886 1015 ea

294 1070 443 1124 srepe
482 1053 781 1109 necessaria
808 1054 918 1108 sint
946 1064 994 1109 et
1028 1053 1270 1123 urgentia
1293 1092 1309 1119 ,
1351 1067 1649 1107 conscenso
1679 1052 1887 1107 theatro

293 1147 505 1212 sedent,
528 1145 871 1215 studioseque
889 1156 1105 1199 cantum
1125 1155 1178 1199 et
1198 1145 1679 1199 instrumentorum
1693 1160 1884 1199 sonum

294 1240 660 1308 excipientes,
691 1238 759 1293 de
785 1248 1134 1308 utrorumque
1176 1247 1443 1293 concentu
1469 1238 1763 1307 diSputant.
1809 1238 1885 1294 lta

294 1332 513 1402 quidem
540 1331 720 1387 multi.
746 1331 846 1398 Qui
876 1338 1053 1386 autem
1081 1331 1135 1384 in
1159 1329 1439 1385 rhetoricis
1459 1332 1612 1400 periti
1633 1339 1777 1393 sunt,
1807 1330 1888 1385 id-

294 1423 468 1491 ipsum
510 1438 636 1493 erga
675 1422 943 1492 sophistas
973 1420 1047 1495 (a)
1082 1430 1355 1489 praestant.
1387 1420 1520 1475 Nam
1561 1421 1701 1491 apud
1754 1422 1886 1476 istos

292 1529 510 1584 quoque
536 1516 743 1569 theatra
773 1522 898 1567 sunt
919 1522 973 1566 et
995 1512 1287 1578 auditores,
1318 1512 1558 1580 plausus,
1589 1513 1881 1582 strepitus,

292 1619 347 1664 et
387 1608 654 1663 dictorum
684 1622 913 1662 examen
937 1606 1279 1676 exquisitum.
1314 1605 1465 1675 Quod
1497 1606 1541 1661 si
1564 1605 1837 1660 rhetorum
1865 1647 1881 1673 ,

295 1701 571 1756 tibicinum
598 1699 1028 1768 athletarumque
1058 1712 1152 1753 seu
1182 1709 1532 1766 spectatores,
1555 1712 1649 1753 seu
1676 1697 1885 1751 audito-

292 1807 383 1847 res
410 1790 571 1845 simul
598 1799 654 1844 et
678 1798 1024 1858 Spectatores,
1042 1804 1162 1843 cum
1182 1799 1328 1841 tanta
1348 1789 1534 1843 sedent
1552 1788 1879 1843 attentione:

290 1889 547 1951 quantum
578 1879 760 1946 studii,
791 1888 1047 1950 quantum
1067 1879 1357 1949 diligentia:
1382 1893 1479 1933 vos
1505 1879 1761 1934 adhibere
1785 1894 1883 1950 par

290 1983 376 2029 est
402 2015 416 2038 ,
450 1988 574 2028 cum
607 1972 717 2042 jam
744 1986 848 2027 non
880 1972 1075 2027 tibicen
1100 2009 1119 2037 ,
1147 1987 1256 2026 non
1281 1970 1517 2039 sophista
1543 2010 1559 2037 ,
1588 1970 1682 2025 sed
1713 1971 1793 2025 vir
1815 1970 1885 2026 de

292 2065 425 2118 caelo
452 2064 655 2118 tonitru
678 2062 960 2118 clariorem
991 2062 1243 2118 emittens
1278 2077 1467 2115 vocem
1494 2061 1510 2092 ยน
1532 2102 1546 2125 ,
1573 2060 1641 2116 ad
1672 2070 1882 2129 specta-

291 2156 469 2210 culum
497 2169 593 2209 vos
612 2154 835 2210 evocet?
864 2152 1057 2207 Totum
1084 2152 1282 2224 quippe
1308 2153 1491 2207 urbem
1522 2152 1624 2207 hoc
1649 2153 1884 2207 clamore

292 2247 591 2316 occupavit,
611 2243 1040 2315 comprehendit;
1063 2245 1320 2314 implevit,
1350 2260 1460 2299 non
1487 2244 1741 2299 clamoris
1771 2259 1884 2298 ma-

290 2340 589 2409 gnitudine,
610 2338 704 2393 sed
734 2338 911 2408 lingua
929 2354 997 2392 ex
1022 2337 1216 2393 divina:
1239 2338 1426 2409 gratiae
1444 2346 1589 2392 motu
1607 2339 1880 2406 loquente.

292 2431 551 2498 Quodque
577 2430 771 2484 mirum
802 2437 923 2496 est,
962 2438 1141 2484 tantus
1173 2429 1264 2484 ille
1305 2429 1507 2485 clamor
1529 2469 1545 2494 ,
1592 2444 1697 2485 non
1726 2444 1883 2500 asper

292 2533 390 2588 est,
424 2538 532 2577 non
563 2522 828 2588 insuavis,
861 2521 955 2577 sed
986 2522 1130 2576 omni
1163 2521 1367 2578 musica
1393 2522 1670 2577 harmonia
1691 2523 1884 2593 jucuna

292 2616 410 2670 dior
463 2624 519 2670 et
563 2613 970 2669 desiderabilior
1038 2613 1398 2684 captandiquc
1455 2615 1716 2682 majorem
1774 2616 1881 2670 vim

296 2708 532 2763 habens:
555 2716 810 2777 praeterea
839 2708 1208 2762 sanctissimus
1236 2715 1356 2772 est,
1380 2714 1435 2761 et
1457 2707 1745 2761 admodum
1778 2718 1885 2763 tre-

294 2801 523 2857 mendus
544 2842 561 2868 ,
589 2810 668 2856 tot
693 2800 906 2856 arcanis
935 2801 1126 2870 plenus
1147 2842 1162 2866 ,
1196 2809 1275 2855 tot
1302 2801 1439 2855 bona
1464 2800 1752 2857 conferens
1778 2843 1792 2867 ,
1826 2811 1884 2857 ut

295 2894 378 2963 qui
406 2893 694 2964 diligenter
721 2893 870 2947 illum
895 2894 1172 2962 excipiunt
1195 2902 1357 2962 atque
1379 2902 1705 2948 conservant
1728 2935 1744 2960 ,
1775 2910 1881 2949 non

294 2986 395 3056 jam
425 2986 671 3041 homines
696 2988 821 3051 sint,
845 3001 951 3040 non
967 2987 1078 3055 jam
1106 2989 1157 3041 in
1187 2996 1329 3042 terra
1356 2997 1639 3051 maneant;
1670 2987 1767 3043 sed
1794 3005 1885 3044 su-

296 3093 384 3147 pra
411 3078 690 3133 smeularia
714 3078 897 3131 omnia
920 3088 976 3131 et
1001 3093 1122 3131 cum
1144 3078 1350 3145 angelis
1372 3089 1570 3133 sortem
1603 3078 1880 3146 habentes,

296 3179 490 3223 terram
523 3169 675 3239 quasi
703 3169 892 3224 caelum
927 3169 1182 3224 incolant.
1210 3168 1423 3225 Etenim
1462 3169 1552 3224 ille
1578 3171 1793 3225 tonitrui
1823 3171 1884 3224 li-

293 3260 393 3318 lius
417 3259 613 3345 (Marc.
642 3262 696 3314 3.
730 3261 841 3333 l7),
861 3259 1074 3315 Christo
1094 3259 1351 3327 dilectus,
1376 3263 1625 3317 columna
1643 3262 1883 3317 omnium

294 3372 410 3426 quae
440 3357 493 3410 in
523 3356 654 3410 orbe
682 3362 809 3409 sunt
833 3352 1216 3418 Ecclesiarum,
1242 3353 1337 3423 qui
1359 3353 1476 3409 caeli
1497 3353 1676 3411 claves
1696 3353 1879 3423 habet,

293 3450 378 3518 qui
398 3449 471 3503 de
497 3448 665 3503 calice
693 3446 886 3502 Christi
918 3447 1082 3513 bibit,
1111 3455 1169 3502 et
1196 3446 1313 3515 ejus
1347 3445 1612 3517 baptismo
1641 3446 1880 3517 baptiza-

296 3551 378 3595 tus
402 3550 523 3607 est,
556 3540 647 3609 qui
677 3553 1018 3610 cummagna
1042 3536 1233 3596 tiducia
1265 3553 1425 3611 supra
1458 3549 1644 3609 pectus
1671 3539 1880 3598 Domini

295 3633 561 3697 recubuit,
592 3632 679 3686 hic
710 3631 817 3701 jam
844 3647 941 3686 nos
960 3632 1228 3699 convenit;
1252 3648 1356 3687 non
1387 3633 1617 3688 fabulam
1642 3645 1878 3701 acturus,

298 3740 400 3778 non
432 3734 751 3794 personatus
779 3724 987 3780 accedit
1014 3723 1214 3798 (neque
1240 3726 1384 3780 enim
1417 3728 1540 3781 talia
1569 3727 1883 3797 loquuturus

294 3818 423 3889 est),
455 3833 563 3871 non
602 3816 656 3872 in
682 3828 990 3887 suggestum
1020 3819 1281 3885 ascendit,
1305 3835 1411 3874 non
1438 3820 1768 3876 orchestram
1792 3838 1883 3892 pe-

294 3910 361 3965 de
386 3909 636 3979 percutit,
660 3924 767 3963 non
791 3925 951 3965 aurea
980 3910 1194 3965 indutus
1221 3920 1303 3967 est
1329 3924 1497 3979 veste;
1526 3914 1621 3968 sed
1649 3915 1882 3986 ingredi-

296 4013 381 4055 tur
394 4015 518 4056 cum
542 4001 828 4071 singularis
843 4001 1256 4071 pulchritudinis
1275 4005 1491 4059 amictu.
1508 4006 1721 4062 Christo
1738 4009 1880 4062 enim

296 4090 512 4146 indutus
542 4091 870 4160 conspicitur
891 4089 1043 4164 (Gal.
1089 4093 1141 4149 5.
1168 4092 1285 4163 27),
1316 4094 1479 4163 pedes
1506 4100 1758 4165 speciosos
1775 4099 1884 4153 cal-

296 4196 480 4240 eeatos
508 4185 711 4240 habens
739 4185 792 4240 in
816 4187 1208 4257 prteparatione
1238 4190 1499 4259 evangelii
1531 4192 1675 4261 pacis
1704 4192 1880 4262 (Rom.

299 4277 384 4333 to.
415 4276 507 4348 15)
537 4293 553 4341 อพ
584 4292 720 4332 zona
748 4292 856 4332 non
884 4287 1071 4348 pectus
1094 4319 1109 4343 ,
1140 4278 1234 4334 sed
1285 4279 1494 4337 lumbos
1523 4283 1878 4352 praecinctus,

300 4382 404 4421 non
431 4383 498 4422 ex
518 4383 785 4439 purpurea
816 4369 955 4439 pelle
980 4410 995 4434 ,
1032 4384 1206 4439 neque
1232 4386 1463 4441 superne
1491 4389 1623 4427 auro
1652 4386 1838 4430 ornata
1862 4416 1879 4441 ,

298 4458 393 4513 sed
424 4459 539 4527 ipsa
573 4460 799 4513 veritate
827 4468 1077 4515 contexta
1105 4470 1160 4516 et
1187 4462 1523 4517 concinnata.
1556 4463 1701 4519 Talis
1741 4481 1884 4521 nunc

299 4552 455 4607 nobis
492 4550 715 4607 offertur
737 4553 854 4607 sine
882 4553 1024 4609 larva
1054 4573 1069 4609 :
1100 4555 1241 4609 nulla
1271 4555 1415 4610 enim
1446 4556 1585 4625 apud
1615 4557 1786 4627 ipsum
1810 4560 1883 4614 si-

298 4646 545 4711 mulatio,
574 4646 715 4700 nulla
745 4646 889 4702 ๏ฌctio
910 4647 993 4702 vel
1020 4646 1215 4712 fabula;
1246 4647 1339 4703 sed
1371 4647 1519 4704 nudo
1540 4651 1715 4718 capite
1737 4693 1753 4718 ,
1786 4668 1884 4707 nu-

299 4739 420 4794 dam
453 4738 669 4794 nuntiat
707 4739 1006 4794 veritatem.
1037 4739 1220 4811 Neque
1249 4756 1371 4796 cum
1412 4744 1586 4811 reipsa
1612 4742 1750 4798 alius
1776 4743 1880 4807 sit,

300 4832 401 4886 alia
432 4846 498 4886 ex
531 4829 739 4895 habitu,
766 4832 956 4899 oculis,
986 4846 1118 4887 voce
1146 4832 1480 4888 auditoribus
1502 4834 1766 4901 suadebit;
1786 4850 1886 4891 nec

298 4922 675 4979 instrumentis
697 4921 764 4977 ad
811 4923 926 4977 haec
948 4923 1241 4978 nuntianda
1270 4939 1407 4994 opus
1435 4925 1629 4991 habet,
1659 4941 1767 4982 non
1804 4927 1883 4981 ci-

302 5018 454 5071 thara
481 5057 498 5083 ,
528 5030 638 5069 non
665 5015 784 5085 lyra
808 5056 826 5082 ,
855 5031 960 5071 non
986 5015 1094 5073 alio
1138 5022 1326 5087 quovis
1353 5018 1758 5087 hujuscemodi;
1787 5021 1882 5075 sed

302 5108 483 5163 omnia
523 5122 621 5177 per
666 5107 899 5177 linguam
938 5116 1190 5177 operatur
1212 5149 1226 5171 ,
1256 5121 1313 5165 et
1335 5111 1524 5179 quavis
1566 5112 1771 5167 cithara
1801 5113 1884 5168 vel

301 5202 507 5255 inusica
554 5198 858 5255 suaviorem
901 5199 1273 5272 utilioremque
1313 5217 1497 5258 vocem
1524 5205 1760 5260 .emittit.
1788 5206 1887 5260 Est

302 5338 432 5392 nam
456 5325 802 5376 Commentarii
828 5333 1038 5392 partem,
1060 5329 1193 5375 inter
1213 5326 1457 5392 homilias,
1482 5334 1532 5376 et
1552 5328 1749 5392 quidem
1766 5330 1881 5392 jure

302 5389 501 5451 merito,
520 5394 862 5451 recensentes,
888 5389 1017 5436 tituli
1041 5391 1196 5451 instar
1216 5389 1398 5438 habent
1417 5405 1429 5438 :
1454 5389 1582 5451 แฝนฮผฮนฮปฮถ
1599 5391 1683 5450 ฮฑโอพ
1706 5389 1881 5441 ฮแฝนฯฮธฮน.

305 5460 443 5507 vero,
466 5449 517 5496 in
536 5446 1010 5507 superscriotionem
1036 5450 1182 5498 etl'ert
1208 5464 1219 5497 :
1241 5446 1510 5502 noooiutov'.

367 5513 443 5575 (a)
464 5513 710 5581 Sophista
731 5513 1023 5581 dicebantur
1047 5514 1294 5581 rhetores,
1321 5524 1500 5565 artium
1528 5520 1746 5581 magistri
1765 5558 1777 5581 ,
1801 5536 1881 5570 sa-

305 5575 762 5644 pientes,docto_res
784 5588 798 5634 ;
825 5576 1223 5644 tllaautemipsa
1236 5591 1330 5644 vox
1352 5575 1683 5644 aliquando'in
1703 5575 1879 5633 malam

304 5643 495 5745 saeme
515 5638 777 5745 gemitur,
792 5649 882 5699 pro
898 5637 959 5687 iis
973 5637 1060 5700 qui
1076 5637 1320 5690 simulatis
1336 5637 1607 5690 ratiociniis
1624 5646 1878 5696 veritatem

422 5712 512 5745 mu
612 5734 626 5745 .
1022 5727 1028 5732 -

358 5705 626 5760 :mrquent.
1021 5727 1028 5760 อพ

368 5763 383 5791 ฮน
414 5758 550 5811 Unus
572 5761 743 5819 habet.
766 5775 882 5814 voce
905 5758 1165 5812 clariorem
1184 5761 1401 5815 amittens
1420 5776 1602 5815 vocent.

1998 413 2073 469 illi
2097 422 2455 488 proscenium,
2484 426 2671 482 ezelum
2700 436 2864 484 totum
2888 446 2903 496 ;
2933 430 3221 501 theatrum,
3252 431 3433 499 orbis;
3455 449 3581 504 spe-

1993 515 2227 566 etatores
2251 524 2305 566 et
2333 515 2606 573 auditores
2628 558 2644 586 ,
2674 535 2860 576 omnes
2880 523 3076 593 angeli,
3099 534 3153 579 et
3177 539 3238 579 ex
3270 524 3578 580 hominibus

1992 608 2250 670 quotquot
2289 607 2461 675 angeli
2488 618 2645 677 sunt,
2673 620 2766 667 aut
2801 613 2911 668 fieri
2952 614 3189 684 cupiunt.
3223 615 3287 670 Hi
3344 631 3577 681 namque

1993 692 2089 744 soli
2121 705 2344 763 possunt
2390 697 2527 755 hanc
2555 701 2888 760 harmoniam
2919 717 3168 762 accurate
3194 707 3411 764 auribus
3448 723 3578 778 per-

1992 782 2193 851 cipere,
2222 796 2276 841 et
2296 790 2548 858 operibus
2575 793 2851 863 exhibere,
2881 808 3042 867 atque
3070 799 3363 865 auditores,
3390 801 3579 870 quales

1991 887 2205 967 oportet
2224 920 2239 945 ,
2267 894 2390 936 esse
2419 883 2458 937 แฝท.
2490 886 2593 940 Alii
2637 902 2764 943 vero
2791 904 2980 944 omnes
2999 933 3014 956 ,
3058 906 3156 946 ceu
3178 893 3433 959 infantes,
3458 893 3576 967 [au-

1991 966 2145 1021 diunt
2165 970 2402 1039 quidem,
2426 990 2523 1030 nec
2556 985 2730 1032 tamen
2758 980 2934 1035 audita
2963 983 3288 1054 intelligunt,
3310 984 3430 1059 sed]
3462 966 3580 1055 pla-

1991 1061 2163 1115 centis
2192 1064 2595 1137 puerilibusqne
2624 1071 2760 1125 ludis
2784 1074 2970 1128 intenti
2996 1084 3121 1129 sunt
3150 1094 3162 1128 :
3189 1078 3259 1131 ita
3291 1078 3343 1131 hi
3365 1093 3581 1149 quoque

1991 1150 2141 1213 risui,
2172 1151 2380 1209 deliciis
2400 1198 2414 1218 ,
2446 1159 2635 1227 opibus
2656 1202 2671 1225 ,
2702 1165 2957 1231 potentia:
2984 1164 3171 1230 dediti,
3197 1171 3473 1239 ventrique
3504 1171 3583 1224 vi-

1989 1252 2196 1307 ventes,
2222 1244 2360 1299 dicta
2384 1248 2598 1316 quidem
2626 1252 2891 1306 interdum
2920 1256 3161 1323 audiunt;
3182 1258 3276 1313 sed
3303 1260 3434 1315 nihil
3461 1276 3578 1314 tua-

1988 1344 2148 1400 gnum
2175 1338 2258 1389 vel
2288 1338 2517 1394 sublime
2541 1342 2797 1411 operibus
2833 1345 3089 1401 exhibent
3108 1390 3121 1408 .
3151 1350 3293 1419 quod
3320 1366 3380 1405 se
3408 1353 3578 1408 semel

1989 1424 2394 1498 lateritiuoperi
2437 1443 2491 1487 et
2518 1434 2629 1488 luto
2660 1436 2982 1493 dediderint.
3012 1440 3150 1496 Huic
3193 1444 3437 1512 apostolo
3480 1446 3578 1499 ad-

1988 1526 2131 1572 stant
2157 1535 2403 1589 supernae
2429 1528 2675 1596 virtutes,
2707 1531 2848 1586 illius
2877 1534 3068 1588 animae
3100 1537 3573 1607 pulchritudinem,
3608 1590 3613 1595 .

1989 1611 2321 1678 prudentiam
2352 1618 2669 1690 virtutisque
2695 1624 2928 1693 speciem
2956 1628 3213 1683 mirantes
3236 1669 3251 1695 ,
3294 1645 3388 1700 per
3418 1647 3577 1701 quam

1988 1704 2161 1774 ipsum
2191 1705 2461 1765 Christum
2492 1716 2743 1782 attraxit,
2784 1727 2839 1772 et
2863 1720 3197 1788 spiritualem
3225 1726 3431 1795 accepit
3461 1742 3581 1797 gra-

1990 1797 2136 1851 tiam.
2172 1797 2382 1854 Etenim
2416 1818 2513 1857 ceu
2548 1805 2714 1877 lyram
2741 1811 3025 1879 quamdam
3056 1814 3352 1881 speciosam
3384 1817 3581 1887 lapillis

1987 1888 2273 1959 aureisque
2321 1893 2513 1948 ๏ฌdibus
2542 1909 2783 1953 ornatam
2809 1942 2824 1967 ,
2858 1902 2936 1957 sic
2980 1905 3213 1959 animam
3254 1922 3581 1977 componens

1988 1991 2138 2069 suam
2164 2019 2178 2044 ,
2222 1980 2274 2035 id
2301 1982 2479 2038 e๏ฌ'ecit
2511 1994 2567 2042 ut
2608 2004 2857 2059 magnum
2902 2001 2957 2047 et
2994 1994 3265 2050 excelsum
3309 1998 3581 2069 quidpiam

1988 2068 2191 2149 Spiritu
2217 2085 2451 2131 sonaret.
2678 2140 2681 2145 ฮฝ

2058 2162 2111 2216 2.
2140 2163 2359 2221 Joannis
2387 2170 2687 2227 sublimitas.
2721 2174 2987 2240 Quomodo
3029 2180 3340 2250 evangelium
3374 2183 3483 2253 ejus
3517 2184 3583 2239 sit

1987 2259 2317 2316 audiendum.
2345 2292 2417 2304 โ
2446 2265 2629 2337 Itaque
2661 2286 2764 2324 non
2810 2280 2868 2324 ut
2898 2273 3206 2339 piseatoris,
3247 2290 3345 2331 nec
3389 2287 3446 2331 ut
3485 2278 3580 2334 lilii

1989 2349 2254 2416 Zebetltei.
2280 2356 2373 2411 sed
2397 2359 2584 2428 utejns
2599 2363 2687 2431 qui
2711 2365 2968 2431 profunda
2999 2366 3090 2420 Dei
3120 2368 3287 2437 novit,
3315 2369 3573 2439 Spiritum

1986 2442 2109 2498 dico
2134 2446 2269 2500 hanc
2298 2448 2471 2519 lyram
2494 2452 2813 2522 pulsantem,
2847 2458 2924 2511 sic
2945 2459 3243 2515 audiamus.
3268 2461 3408 2516 Nihil
3437 2464 3579 2519 enim

1989 2534 2281 2591 humanum
2311 2542 2475 2607 dicet,
2508 2544 2600 2598 sed
2629 2547 2882 2617 quidquid
2916 2550 3162 2621 loquetur
3188 2571 3251 2608 ex
3281 2556 3578 2626 spirituali-

1988 2626 2088 2681 bus
2112 2628 2321 2699 abyssis
2348 2632 2592 2689 haustum
2626 2647 2728 2703 est,
2763 2656 2827 2693 ex
2856 2644 3064 2696 arcanis
3086 2644 3212 2708 illis,
3243 2663 3359 2713 qua:
3388 2665 3454 2703 ne
3481 2665 3580 2705 an-

1988 2719 2091 2788 geli
2114 2722 2351 2789 quidem,
2380 2737 2663 2797 anthuam
2691 2730 2777 2784 illa
2811 2732 3021 2799 ๏ฌerent,
3052 2746 3330 2792 noverant.
3361 2739 3493 2795 Nam
3524 2750 3581 2797 et

1991 2811 2092 2883 ipsi
2123 2814 2400 2871 nobiscmn
2428 2835 2521 2888 per
2547 2821 2767 2877 Joannis
2798 2840 3015 2893 vocem,
3038 2837 3093 2883 et
3123 2845 3216 2900 per
3240 2848 3337 2887 nos
3372 2834 3578 2891 didice-

1989 2916 2114 2960 runt
2140 2923 2202 2962 ea
2228 2925 2347 2979 qua:
2378 2927 2476 2967 nus
2504 2915 2770 2970 novimus.
2806 2918 2869 2971 Et
2898 2918 2998 2973 hoc
3019 2937 3231 2992 quoque
3260 2925 3580 2996 signi๏ฌcavit

1988 2998 2127 3051 alius
2148 3001 2423 3068 apostolus
2456 3003 2536 3056 his
2577 3006 2753 3061 verbis
2777 3026 2790 3061 :
2818 3006 2886 3062 Ut
2919 3011 3197 3065 innotescat
3224 3031 3359 3068 nunc
3387 3018 3579 3087 princi-

1990 3090 2190 3155 patibus
2221 3102 2266 3144 et
2297 3095 2625 3161 potestatibus
2674 3115 2763 3167 per
2806 3098 3089 3155 Ecclesiam
3128 3104 3454 3175 multiformis
3498 3127 3582 3163 sa-

1989 3180 2179 3249 pientia
2200 3181 2298 3237 Dei
2335 3184 2547 3256 (Ep/tes.
2579 3189 2631 3242 โ5.
2662 3190 2772 3259 lO).
2804 3193 2859 3245 Si
2887 3208 3015 3263 ergo
3040 3196 3365 3265 principatus
3391 3240 3403 3259 .
3431 3211 3582 3269 pote-

1988 3283 2171 3339 states,
2196 3276 2485 3333 Cheruhim
2514 3291 2567 3335 et
2596 3282 2874 3353 Seraphim
2909 3289 3023 3343 lucc
3052 3304 3145 3357 per
3170 3289 3464 3346 Ecclesiam
3491 3293 3579 3348 di-

1988 3363 2229 3421 dicerunt
2254 3409 2267 3432 ,
2300 3371 2473 3439 palam
2504 3383 2586 3426 est
2626 3374 2744 3429 illus
2774 3393 2960 3447 magna
2991 3395 3108 3433 cum
3137 3383 3431 3438 attentione
3466 3384 3581 3441 hare

1987 3457 2291 3521 edidicisse.
2320 3462 2478 3524 Certe
2528 3484 2630 3526 non
2669 3485 2833 3543 parvo
2878 3472 3001 3527 hinc
3024 3474 3235 3536 honore
3276 3478 3575 3555 ef๏ฌcimur,

1988 3557 2130 3625 quod
2173 3561 2346 3629 angeli
2378 3578 2438 3616 ea
2466 3565 2743 3621 nobiscum
2793 3569 3031 3636 audiant,
3063 3589 3184 3643 qua:
3211 3575 3523 3645 ignorabant
3559 3597 3573 3635 :

1986 3650 2126 3719 quod
2155 3659 2331 3705 autem
2358 3654 2515 3709 etiam
2548 3671 2643 3725 per
2668 3674 2782 3724 nos,
2822 3662 3054 3716 nondum
3085 3664 3256 3719 dicam
3285 3669 3576 3737 quomodo.

1987 3739 2208 3796 Multum
2253 3759 2381 3813 ergo
2421 3746 2770 3803 adhibeamus
2799 3766 2918 3805 cum
2960 3754 3221 3811 modesua
3262 3758 3535 3815 silentium
3560 3803 3576 3827 ,

1987 3848 2092 3889 non
2119 3834 2277 3892 hodie
2305 3846 2530 3904 tantum,
2560 3853 2647 3896 aut
2678 3860 2743 3898 eo
2764 3845 3042 3904 dumtaxat
3069 3868 3176 3920 quo
3205 3854 3449 3912 audimus
3467 3857 3577 3924 die,

1988 3928 2079 3982 sed
2109 3943 2206 3998 per
2235 3938 2400 3985 totam
2433 3934 2621 3998 vitam;
2645 3936 2766 4005 quia
2797 3938 2945 3993 ilium
2975 3943 3120 3996 omni
3152 3953 3391 4016 tempore
3419 3949 3577 4004 audi-

1987 4036 2048 4076 re
2079 4021 2407 4080 fructuosum
2436 4034 2537 4081 est.
2567 4027 2696 4083 Nam
2727 4030 2771 4085 si
2799 4047 2861 4085 ea
2890 4049 3010 4103 qua:
3033 4036 3082 4089 in
3112 4039 3251 4107 regia
3278 4050 3534 4109 geruntur
3558 4084 3574 4108 ,

1986 4116 2128 4171 scire
2151 4120 2417 4186 optamus;
2450 4136 2643 4190 nempe
2672 4123 2797 4190 quid
2827 4123 3121 4195 Imperator
3148 4128 3323 4196 faciat,
3353 4131 3478 4201 quid
3504 4132 3576 4191 de

1987 4206 2215 4262 subditis
2240 4210 2517 4275 consulat,
2548 4213 2755 4266 etiamsi
2786 4230 2928 4284 saepe
2968 4215 3019 4269 id
3062 4218 3191 4272 nihil
3215 4221 3281 4274 ad
3321 4237 3419 4276 nos
3446 4224 3574 4278 atti-

1988 4309 2112 4352 neat
2144 4315 2158 4354 :
2190 4302 2359 4356 multo
2387 4303 2553 4372 magis
2590 4318 2709 4373 quae
2741 4304 2879 4360 Deus
2908 4307 3043 4361 dixit
3067 4310 3251 4364 audire
3280 4314 3573 4382 optandum

1987 4401 2112 4446 est:
2144 4406 2264 4446 cum
2307 4393 2537 4448 maxime
2585 4395 2674 4449 illa
2716 4398 2893 4450 omnia
2921 4399 2987 4451 ad
3029 4416 3125 4454 nos
3156 4413 3417 4471 spectent.
3450 4404 3580 4463 Ha-e

1990 4498 2151 4552 porro
2175 4494 2362 4539 cuncta
2394 4497 2643 4542 accurate
2668 4488 2758 4544 ille
2789 4490 2940 4544 nobis
2969 4495 3271 4562 enarrabit,
3317 4498 3458 4567 quod
3491 4517 3577 4555 re-

1987 4574 2069 4644 gis
2093 4576 2298 4630 amicus
2337 4576 2426 4641 sit,
2457 4578 2563 4631 imo
2589 4579 2733 4649 quod
2762 4595 2940 4650 regem
2972 4582 3023 4635 in
3056 4598 3113 4637 se
3141 4585 3448 4655 loquentem
3477 4588 3576 4644 ha-

1988 4670 2112 4725 beat
2139 4669 2425 4739 omniaque
2445 4670 2513 4725 ab
2534 4671 2623 4725 illo
2643 4672 2841 4735 audiat,
2875 4690 2992 4743 qua:
3014 4676 3144 4730 illea
3165 4678 3321 4733 Patre
3342 4682 3532 4750 accipit
3558 4701 3575 4737 :

1990 4777 2110 4814 nam
2152 4761 2264 4827 ait,
2322 4759 2423 4815 Vos
2448 4762 2557 4817 dixi
2582 4765 2771 4816 amicos
2794 4806 2808 4827 ,
2857 4767 2975 4835 quia
3014 4770 3184 4822 omnia
3209 4787 3321 4843 qua
3350 4774 3520 4826 audivi
3545 4790 3578 4826 ฮฑ

1990 4850 2147 4905 Patre
2173 4868 2304 4919 meo,
2338 4863 2460 4907 nota
2485 4855 2732 4926 fecivobis
2764 4854 2940 4927 (Joan.
2972 4860 3061 4915 15.
3086 4862 3194 4933 15).
3219 4864 3576 4930 Quemadmo-

1989 4942 2115 4997 dum
2144 4942 2303 5013 igitur
2326 4984 2339 5008 ,
2382 4945 2427 4999 si
2456 4961 2614 5015 quem
2639 4961 2669 5001 e
2696 4963 2907 5002 summo
2936 4950 3067 5004 caelo
3096 4968 3323 5022 pronum
3352 4972 3577 5028 repente

1987 5034 2311 5098 videremus,
2340 5036 2426 5105 qui
2452 5036 2785 5104 promitteret
2806 5053 2866 5093 se
2895 5040 3049 5095 nobis
3074 5043 3304 5100 caelestia
3328 5060 3577 5105 accurate

1989 5124 2273 5191 dicturum,
2301 5140 2488 5181 omnes
2518 5143 2921 5185 accurreremus
2947 5147 2961 5184 ฮต
2994 5132 3063 5188 ita
3091 5151 3232 5192 nunc
3251 5153 3462 5209 quoque
3489 5140 3574 5194 af-

1987 5214 2114 5270 fecti
2143 5217 2332 5271 simus.
2362 5219 2438 5275 Ex
2468 5219 2600 5273 calo
2630 5236 2861 5290 namque
2889 5224 2970 5278 vir
2994 5224 3084 5279 ille
3110 5242 3208 5281 nos
3238 5229 3525 5300 alloquitur
3556 5249 3572 5287 :

1988 5321 2096 5361 non
2120 5308 2262 5362 enim
2289 5317 2456 5363 estex
2489 5308 2590 5365 hoc
2617 5312 2836 5380 mundo,
2862 5324 2917 5368 ut
2941 5315 3102 5371 etiam
3131 5318 3259 5373 dicit
3285 5320 3396 5389 ipse
3416 5321 3573 5378 Chri-

1987 5408 2102 5455 stus
2132 5416 2146 5454 :
2188 5401 2289 5454 Vos
2314 5401 2377 5455 de
2403 5402 2496 5456 hoc
2524 5405 2712 5458 mundo
2752 5424 2853 5461 non
2877 5410 2993 5463 estis
3024 5408 3203 5482 (Joan.
3233 5412 3320 5469 15.
3351 5413 3441 5483 19)
3469 5433 3485 5481 ;
3514 5426 3573 5473 et

1989 5491 2320 5548 Paracletum
2350 5498 2403 5548 in
2451 5508 2511 5550 se
2554 5495 2857 5567 loquentem
2889 5499 3086 5569 habet,
3116 5503 3312 5576 ubique
3337 5521 3573 5577 praesen.

2055 5648 2237 5717 โ,ฮฒฮตฮตฮฝ
2255 5648 2712 5717 ,ฮฑฮนฯฯฯ,ฮฑฮนฮนฮน4แผฑฮนฮฟฮฝฮตฮต.
2737 5652 2903 5711 estates
2923 5660 3107 5717 oportet
3124 5692 3139 5717 ,
3163 5669 3294 5717 esse,
3318 5658 3499 5710 desunt
3522 5663 3573 5713 in

1987 5707 2149 5779 s_avil_.,
2172 5717 2223 5758 et
2253 5712 2302 5760 in
2326 5707 2618 5779 quibusdam
2808 5722 2921 5779 Qua;
2952 5707 3102 5779 'paulo
3125 5707 3575 5775 'ini'eri'us'ttuโcuu;

1986 5770 2290 5833 clauduntur,
2315 5770 2658 5824 desiderantur
2680 5776 2730 5827 in
2748 5770 2854 5827 Mss.
2877 5770 3119 5842 plurimis.
