4074 6374
246 322 331 381 ,97
1620 319 1687 374 IN
1727 318 1932 377 ιοΑΝδ

2033 316 2041 372 ι
2082 318 2310 376 nomn.
2356 321 2399 377 ι.
3645 314 3717 372 2³

262 439 481 494 τούτου
497 455 515 472 ·
545 437 749 494 καὶτὸν
770 438 1121 510 Παράκλητον
1146 437 1258 509 ἔχει
1286 437 1655 508 φθεγγόμενον
1685 439 1743 491 ὲν
1764 436 1941 507 ἐαυτῷ

266 529 357 581 τὸν
389 528 667 598 πανταχοῦ
717 528 981 599 παρόντα,
1012 528 1102 580 τὸν
1153 527 1326 591 οὕτως
1372 526 1617 598 ἀκριϐῶς
1653 526 1828 581 εἰδότα
1872 527 1942 580 τὰ

264 613 358 666 τοῦ
383 611 544 676 Θεοῦ,
569 613 645 677 ὡς
673 613 742 667 τά
764 614 963 685 ἑαυτῆς
990 608 1131 668 οἶδεν
1159 616 1193 685 ἡ
1220 613 1329 667 τῶν
1351 612 1655 685 ἀνθρώπων
1680 613 1824 688 ψυχή
1843 631 1857 645 ·
1880 612 1941 665 τὸ

265 701 491 771 Πνεῦμα
519 701 619 772 τῆς
648 701 977 774 ἁγιωσύνης,
1003 703 1063 755 τὸ
1090 703 1317 772 Πνεῦμα
1346 701 1407 754 τὸ
1435 701 1609 765 εὐθὲς,
1642 701 1704 754 τὸ
1734 703 1943 771 ἡγεμο-

262 788 432 853 νικὸν,
480 790 543 843 τὸ
592 790 963 861 χειραγωγοῦν
1005 792 1085 854 είς
1127 792 1254 855 τοὺς
1295 791 1592 863 οὐρανοὺς,
1642 791 1705 845 τὸ
1755 790 1945 844 ποιοῦν

261 876 577 948 ὀφθαλμοὺς
603 877 843 948 ἑτέρους,
872 877 934 930 τὸ
959 877 1373 948 παρασκευάζον
1401 877 1470 931 τά
1498 876 1760 948 μέλλοντα
1780 876 1855 941 ὡς
1875 876 1945 931 τά

238 965 512 1038 ,παρόντα
537 968 690 1038 όρᾷν,
720 966 784 1019 τὸ
828 965 925 1019 καὶ
953 965 1094 1036 μετά
1120 965 1321 1036 σαρκὸς
1362 966 1431 1018 τά
1454 967 1513 1019 ὲν
1540 968 1654 1029 τοῖς
1693 966 1944 1035 οὐρανοῖς

262 1055 622 1110 κατοπτεύειν
666 1053 926 1127 παρέχον.
968 1054 1176 1125 Πολλὴν
1234 1054 1417 1108 τοίνυν
1468 1054 1796 1125 παρέχωμεν
1843 1052 1942 1124 τὴν

256 1142 496 1213 ἡσυχίαν
530 1142 617 1197 διά
645 1143 847 1206 παντὸς
892 1142 1040 1213 αύτῷ
1087 1142 1181 1195 τοῦ
1217 1141 1332 1212 βίου
1353 1159 1367 1174 ·
1399 1141 1589 1214 μηδεὶς
1612 1141 1809 1212 νωθὴς,
1838 1158 1943 1211 μη-

257 1225 370 1291 δεὶς
400 1228 659 1302 ὑπνηλὸς,
695 1229 883 1302 μηδεὶς
922 1229 1176 1302 ῥυπώδης
1204 1228 1436 1284 ἐνταῦθα
1471 1228 1658 1283 εἰσιὼν
1692 1228 1900 1299 μενέτω
1923 1246 1936 1259 ·

259 1316 401 1370 ἀλλά
420 1319 851 1389 μεταστήσωμεν
878 1319 1106 1381 ἑαυτοὺς
1135 1318 1269 1391 πρὸς
1294 1317 1387 1371 τὸν
1408 1317 1636 1389 οὐρανόν
1656 1333 1669 1347 ·
1694 1319 1811 1371 ἐκεῖ
1832 1316 1941 1387 γὰρ

259 1404 435 1458 ταῦτα
470 1405 767 1475 φθέγγεται
815 1409 928 1471 τοῖς
960 1408 1075 1459 ἐκεῖ
1103 1405 1557 1476 πολιτευομένοις.
1591 1405 1709 1458 Κᾶν
1739 1405 1940 1476 μείνω-

262 1509 367 1561 μεν
411 1494 507 1547 ἐπὶ
557 1497 657 1564 τῆς
702 1495 824 1565 γῆς,
856 1495 1007 1548 οὐδὲν
1061 1494 1422 1567 κερδανοῦμεν
1476 1492 1725 1547 ὲντεῦθεν
1773 1494 1935 1564 μέγα.

259 1581 429 1634 οὐδὲν
460 1581 569 1653 γάρ
610 1581 749 1653 πρὸς
785 1584 910 1647 τοὺς
950 1582 1012 1636 οὐ
1046 1581 1400 1654 βουλομένους
1427 1580 1808 1652 ἀπαλλαγῆναι
1845 1580 1938 1634 τοῦ

258 1670 553 1742 χοιρώδους
582 1672 700 1742 βίου
737 1672 808 1726 τά
851 1673 1118 1735 Ἰωάννου,
1146 1672 1336 1742 ὥσπερ
1367 1668 1460 1727 οῦν
1485 1670 1606 1726 οὐδὲ
1631 1670 1766 1743 πρὸς
1796 1672 1941 1725 ἐκεῖ·

256 1774 349 1811 νον
404 1758 474 1811 τά
522 1757 860 1813 ὲνταῦθα.Ἦ
910 1759 1007 1829 μὲν
1052 1754 1146 1812 οὖν
1193 1758 1388 1830 βροντὴ
1424 1756 1794 1828 καταπλήττει
1839 1756 1940 1819 τὰς

256 1844 539 1916 ἡμετέρας
570 1844 771 1917 ψυχὰς,
798 1845 1010 1917 ἀσημον
1044 1846 1240 1916 ἔχουσα
1263 1846 1361 1918 τὴν
1390 1846 1532 1916 ἡχὴν
1553 1860 1567 1875 ·
1598 1846 1632 1917 ἡ
1661 1845 1718 1897 δὲ
1745 1844 1936 1897 τούτου

255 1935 413 2005 φωνὴ
445 1933 667 2007 θορυϐεῖ
698 1934 800 2006 μὲν
835 1935 1027 1990 οὐδένα
1053 1936 1162 1988 τῶν
1189 1935 1418 2001 πιστῶν,
1452 1933 1591 1989 ἀλλά
1631 1935 1726 1987 καὶ
1755 1933 1937 2003 ἀνίησι

256 2019 493 2093 θορύϐου
542 2025 640 2077 καὶ
686 2023 963 2096 ταραχῆς·
1021 2023 1389 2094 καταπλήττει
1429 2022 1485 2075 δὲ
1525 2022 1786 2094 δαίμονας
1837 2026 1935 2094 μό-

254 2126 385 2173 νους
415 2122 515 2167 καὶ
543 2115 667 2173 τοὺς
695 2112 920 2175 ἐκείνοις
940 2110 1306 2175 δουλεύοντας.
1330 2110 1426 2163 Ἴν’
1451 2106 1542 2164 οὖν
1566 2111 1764 2181 ῐδωμεν
1790 2110 1937 2174 ὅπως

254 2197 456 2259 αὐτοὺς
489 2196 861 2271 καταπλήττῃ,
908 2199 1107 2270 πολλὴν
1154 2199 1479 2272 παρέχωμεν
1511 2198 1612 2269 τὴν
1654 2199 1814 2269 σιγὴν
1846 2199 1939 2252 καὶ

252 2284 354 2355 τὴν
384 2284 585 2350 ἔξωθεν
609 2287 706 2340 καὶ
729 2288 829 2357 τὴν
858 2289 1000 2342 κατά
1024 2288 1279 2341 διάνοιαν·
1308 2288 1403 2341 καῖ
1439 2287 1645 2357 ταύτην
1683 2287 1929 2357 μάλιστα.

253 2377 321 2430 Τί
347 2377 458 2448 γὰρ
488 2377 678 2446 δφελος
716 2378 809 2431 τοῦ
852 2379 1118 2449 στόματος
1161 2378 1513 2450 ἠρεμοῦντος,
1551 2378 1680 2430 ὅταν
1724 2379 1757 2448 ἡ
1790 2376 1937 2448 ψυχὴ

253 2463 556 2537 θορυϐῆται
586 2465 681 2520 καὶ
721 2465 919 2537 πολλὴν
938 2465 1034 2537 ἔχῃ
1065 2467 1163 2537 τὴν
1197 2465 1400 2537 ζάλην;
1440 2467 1684 2539 Ἐκείνην
1710 2464 1820 2534 ἐγὼ
1842 2465 1937 2537 ξη-

250 2554 332 2607 τῶ
365 2555 464 2627 τὴν
492 2556 743 2627 ἡσυχίαν,
769 2557 869 2628 τὴν
901 2558 1009 2610 ἀπὸ
1037 2556 1293 2623 διανοίας,
1320 2556 1421 2628 τὴν
1442 2556 1550 2610 ἀπὸ
1568 2556 1764 2627 ψυχῆς·
1797 2558 1937 2610 ἐπει-

247 2643 314 2713 δὴ
359 2644 457 2696 καί
497 2648 598 2715 τῆς
639 2645 807 2716 ἀκοῆς
840 2644 1056 2716 ἐκείνης
1095 2645 1309 2715 δέομαι.
1357 2644 1608 2715 Μηδεμία
1635 2644 1816 2699 τοίνυν
1851 2646 1937 2698 ὲν-

248 2730 482 2801 οχλείτω
501 2732 800 2803 χρημάτων
820 2733 1101 2803 ἐπιθυμία,
1132 2734 1264 2804 μηδὲ
1284 2733 1442 2804 δόξης
1471 2733 1631 2804 ἔρως,
1660 2732 1734 2803 μὴ
1761 2731 1933 2804 θυμοῦ

250 2819 534 2890 τυραννὶς,
574 2820 647 2891 μὴ
676 2820 784 2873 τῶν
808 2819 983 2874 ἀλλων
1019 2820 1205 2873 παθῶν
1234 2823 1264 2873 ό
1294 2821 1479 2884 λοιπὸς
1507 2820 1679 2890 δχλος.
1716 2821 1791 2873 Οὐ
1825 2819 1935 2890 γὰρ

252 2905 370 2960 ἐστι
407 2908 485 2978 μὴ
512 2906 877 2978 καθαρθεῖσαν
908 2910 1008 2979 τὴν
1038 2909 1209 2979 ἀκοὴν
1240 2909 1367 2962 ίδεῖν
1404 2909 1511 2962 τῶν
1538 2907 1848 2979 λεγομένων
1876 2908 1951 2961 τὸ»

249 2992 409 3061 ὕψος,
435 2995 513 3058 ὼς
549 2995 677 3048 ἰδεῖν
706 2996 810 3067 χρὴ
828 3008 877 3059 ι,
915 2996 1035 3050 οὐδὲ
1057 2997 1262 3067 γνῶναι
1290 2996 1365 3060 ὡς
1391 2996 1475 3050 δεῖ
1492 2997 1599 3050 τῶν
1622 2996 1935 3068 μυστηρίων

252 3082 463 3136 τούτων
497 3084 558 3137 τὸ
588 3084 814 3156 φρικτὸν
850 3086 941 3139 καὶ
980 3086 1310 3158 ἀπόρῥητον,
1349 3086 1444 3139 καὶ
1470 3086 1570 3156 τὴν
1603 3084 1768 3156 ἀλλην
1793 3084 1936 3139 ἀπα-

252 3188 353 3224 σαν
378 3172 585 3244 ἀρετὴν
615 3173 713 3244 τὴν
741 3174 800 3228 ὲν
826 3176 940 3238 τοῖς
968 3174 1132 3236 θείοις
1165 3174 1372 3238 τούτοις
1398 3176 1686 3245 χρησμοῖς.
1724 3175 1785 3227 El
1823 3174 1933 3246 7&9

253 3260 414 3330 μέλος
442 3261 733 3330 αὐλητικὸν
758 3262 852 3316 καὶ
871 3261 1199 3337 κιθαρῳδίαν
1218 3263 1317 3316 οὐκ
1338 3264 1403 3316 ἄν
1430 3281 1513 3327 τις
1541 3263 1702 3333 μάθοι
1730 3263 1930 3329 καλῶς.

249 3348 329 3420 μὴ
363 3349 542 3420 πάντη
578 3350 853 3414 συντείνας
868 3348 959 3403 τὸν
989 3351 1133 3415 νοῦν,
1154 3349 1271 3415 πῶς
1292 3352 1570 3422 μυστικῶν
1590 3352 1782 3421 φωνῶν
1803 3353 1934 3406 καθ-

248 3437 455 3508 ήμενος
478 3438 753 3510 ἀκροατὴς
772 3438 1072 3494 ἐπακοῦσαι
1100 3441 1387 3512 δυνήσεται
1414 3440 1733 3513 ῥᾳθυμούσῃ
1753 3440 1930 3513 ψυχῆς

316 3529 389 3593 γ’.
408 3526 513 3579 Διά
538 3525 697 3579 τοῦτο
717 3527 811 3580 καὶ
830 3525 1065 3599 Χριστὸς
1092 3529 1348 3600 παρῄνει,
1363 3528 1559 3599 λέγων·
1583 3528 1679 3597 Μὴ
1700 3528 1846 3582 δῶτε
1860 3529 1935 3583 τὰ

246 3611 387 3681 ἅγια
420 3611 551 3679 τοῖς
569 3614 732 3677 κυσί,
756 3615 916 3684 μηδὲ
927 3616 1147 3684 ρίψητε
1172 3615 1316 3682 τοὺς
1336 3617 1697 3687 μαργαρίτας
1715 3616 1934 3685 ἐμπροο

245 3703 398 3753 σθεν
416 3699 540 3755 τῶν
562 3702 799 3770 χοίρων.
825 3703 1184 3774 Μαργαρίτας
1208 3704 1264 3758 δὲ
1284 3703 1455 3758 ταῦτα
1474 3704 1543 3758 τὰ
1571 3706 1792 3780 ῥήματα
1811 3704 1933 3758 ἑκά-

244 3788 391 3851 λεσε,
426 3788 605 3842 καίτοι
643 3788 824 3862 πολλῷ
851 3790 1147 3862 τιμιώτερα
1179 3792 1380 3847 τούτων
1416 3792 1564 3859 ὄντα,
1590 3794 1775 3867 ἐπειδὴ
1804 3795 1931 3848 ταύ-

243 3895 343 3947 της
367 3877 475 3947 τῆς
507 3877 639 3949 ῦλης
664 3880 765 3932 οὐκ
792 3878 936 3933 ἔστιν
958 3880 1088 3950 ἡμῖν
1113 3881 1274 3953 ἑτέρα
1296 3883 1619 3953 τιμιωτέρα.
1650 3884 1750 3938 Διά
1775 3884 1933 3938 τοῦτο

246 3969 339 4020 καὶ
360 3969 466 4036 τῆν
495 3967 690 4039 ἡδονὴν
718 3969 900 4023 αὐτῶν
935 3971 1109 4040 μέλιτι
1140 3971 1400 4036 πολλάκις
1427 3972 1794 4043 παραϐάλλειν
1816 3976 1932 4028 εἴω-

246 4052 360 4119 θεν,
386 4055 493 4108 οὐκ
520 4055 705 4126 ἐπειδὴ
725 4056 975 4110 τοσοῦτον
1004 4058 1172 4128 αὐτῆς
1200 4058 1260 4111 τὸ
1289 4058 1485 4130 μέτρον
1511 4060 1689 4130 μόνον,
1712 4060 1826 4115 ἀλλ’
1848 4062 1930 4116 ὅτι

243 4140 443 4194 τούτου
476 4141 627 4194 οὐδέν
662 4145 809 4197 ἐστιν
836 4144 1019 4217 ἕτερον
1048 4146 1196 4216 ἡδιον
1222 4147 1351 4218 παρ’
1379 4150 1535 4219 ἡμῖν.
1574 4150 1726 4204 Ἐπεὶ
1753 4152 1834 4204 ὅτι
1864 4169 1929 4221 γε

245 4231 340 4283 καὶ
360 4230 530 4283 λίθων
553 4230 714 4301 φύσιν
734 4234 951 4303 τιμίων,
980 4234 1072 4287 καὶ
1092 4235 1291 4299 παντὸς
1317 4235 1531 4307 μέλιτος
1549 4238 1762 4310 ἡδονὴν,
1788 4241 1931 4295 κατὰ

245 4323 458 4394 πολλὴν
489 4324 614 4394 νικᾷ
651 4322 750 4394 τήν
783 4323 1104 4397 ὑπερϐολὴν,
1136 4326 1365 4381 ἄκουσον
1393 4327 1487 4381 τοῦ
1519 4329 1805 4401 Προφήτου
1837 4331 1927 4385 λέ-

246 4429 440 4480 γοντος
478 4413 608 4483 περὶ
641 4412 840 4479 αὐτῶν,
866 4414 962 4467 καὶ
991 4414 1089 4487 τὴν
1118 4415 1423 4488 ὑπερϐολὴν
1452 4418 1653 4491 ταύτην
1691 4419 1929 4474 δεικνύν-

244 4515 356 4563 τος·
401 4499 766 4568 Ἑπιθυμητὰ
791 4500 920 4573 γάρ,
956 4503 1139 4572 φησὶν,
1163 4505 1317 4574 ὑπὲρ
1336 4506 1594 4575 χρυσίον
1625 4508 1722 4561 καὶ
1753 4510 1929 4565 λίθον

245 4588 447 4656 τίμιον
468 4587 628 4641 πολὺ
651 4588 698 4653 ι’,
720 4589 820 4643 καί
839 4592 1172 4660 γλυκύτερα
1197 4593 1350 4662 ὑπὲρ
1373 4592 1513 4660 μέλι
1540 4595 1639 4649 καὶ
1695 4598 1923 4666 κηρίον·

244 4672 383 4728 ἀλλά
417 4677 533 4737 τοῖς
576 4675 894 4744 ὑγιαίνουσι·
926 4677 1007 4731 διὸ
1035 4681 1303 4750 ἐπήγαγε,
1340 4683 1449 4736 Καὶ
1484 4683 1592 4752 γὰρ
1634 4689 1667 4739 ό
1707 4686 1927 4755 δοῦλός

243 4778 362 4816 σου
383 4760 696 4831 φυλάσσει
714 4763 885 4818 αὐτά.
903 4766 1012 4819 Καὶ
1034 4765 1113 4839 [5]
1129 4767 1361 4839 ἀλλαχοῦ
1394 4770 1576 4838 πάλιν,
1602 4772 1769 4827 είπὼν
1788 4776 1928 4828 αὐτά

244 4850 475 4918 γλυκέα,
510 4851 841 4923 προσέθηκε,
863 4852 946 4919 Τῷ
964 4854 1217 4927 λάρυγγι
1240 4874 1380 4926 μου.
1420 4859 1512 4926 Ὡς
1537 4860 1763 4929 γλυκέα
1795 4864 1923 4935 γὰρ,

245 4939 407 5009 φησι,
450 4938 534 5005 τῷ
556 4939 812 5010 λάρυττί
844 4958 964 5011 μου
995 4943 1068 4998 τὰ
1091 4944 1264 5015 λόγιά
1292 4960 1429 5002 σου.
1479 4948 1590 5001 Καὶ
1626 4949 1724 5022 τὴν
1757 4951 1926 5022 ὑπερ-

245 5028 412 5101 ϐολὴν
445 5029 606 5083 πάλιν
625 5030 883 5101 διατηρεῖ,
905 5032 1095 5101 λέγων·
1130 5032 1300 5102 Ὑπὲρ
1316 5037 1457 5104 μέλι
1483 5037 1584 5093 καί
1610 5041 1823 5109 κηρίον
1846 5041 1925 5107 τῷ

245 5120 505 5187 στόματί
528 5136 668 5187 μου·
702 5120 889 5192 ἐπειδὴ
933 5122 1137 5194 σφόδρα
1181 5125 1410 5193 ὑγίαινε.
1445 5129 1537 5201 Μὴ
1575 5130 1756 5184 τοίνυν
1790 5133 1923 5203 μηδὲ

244 5208 415 5276 ἡμεῖς
440 5206 724 5271 νοσοῦντες
753 5210 1186 5282 προσερχώμεθα
1213 5212 1443 5280 τούτοις·
1486 5216 1622 5272 ἀλλά
1653 5217 1920 5291 θεραπεύ-

247 5310 445 5358 σαντες
466 5294 565 5366 τὴν
590 5295 787 5368 ψυχήν,
813 5296 953 5351 οῦτω
974 5298 1259 5371 δεχώμεθα
1283 5302 1382 5373 τὴν
1407 5304 1667 5361 ἐπίασιν.
1691 5306 1789 5361 Διά
1812 5309 1921 5381 7&9

244 5382 407 5436 τοῦτο
437 5382 676 5437 τοσαῦτα
706 5384 1003 5455 προειπὼν,
1027 5386 1239 5441 οὐδέπω
1268 5390 1485 5460 καθῆκα
1508 5394 1587 5457 είς
1612 5393 1711 5458 τάς
1734 5397 1920 5466 ῥήσεις

245 5470 471 5535 ταύτας,
508 5471 596 5524 ῖνα
633 5471 861 5538 ἕκαστος
891 5474 1066 5528 πάντα
1092 5476 1425 5549 ἀποθέμενος
1455 5481 1764 5553 ἀρῥωστίας
1796 5486 1920 5557 τρό-

247 5580 369 5652 πον,
400 5563 593 5652 ῶσπερ
627 5568 708 5652 είς
738 5566 900 5619 αὐτὸν
933 5566 1117 5622 εἰσιὼν
1161 5569 1253 5623 τὸν
1288 5571 1538 5643 οὐρανὸν,
1573 5573 1744 5640 οὕτως
1775 5578 1919 5652 εἰσίῃ

249 5650 486 5722 καθαρὸς
523 5652 616 5705 καὶ
645 5651 841 5723 θυμοῦ,
878 5655 970 5707 καὶ
998 5656 1299 5727 φροντίδος,
1341 5657 1433 5712 καὶ
1469 5659 1709 5729 ἀγωνίας
1738 5650 1919 5733 βιωτιζ

202 5766 205 5767 ν
248 5740 372 5811 κῆς,
415 5741 510 5794 καὶ
554 5740 665 5795 τῶν
708 5741 885 5798 ἀλλων
925 5754 947 5782 ο
990 5744 1405 5818 ἀπηλλαγμένος
1451 5749 1657 5806 παθῶν.
1705 5753 1778 5807 Οὐ
1808 5756 1917 5827 γὰρ

308 5864 334 5889 ⁸
358 5861 453 5913 Alii
471 5866 538 5919 ὡς
554 5865 663 5923 χρή.

305 5923 467 5995 ξφα.
622 5925 887 5995 ευω-Βὶὺι.
909 5935 960 5980 et
972 5930 1102 5995 Sam,
1126 5931 1289 5984 πολύν.

312 5990 337 6021 ⁶
366 5989 462 6039 Δίιί
484 5988 643 6038 ἄλλων
657 5989 899 6040 ἁπάντων.

2047 434 2196 490 ἔστιν
2238 437 2441 508 ἑτέρως
2488 436 2743 509 κερδᾶναί
2774 452 2826 491 τι
2864 435 3008 507 μέγα
3045 434 3315 501 ἐντεῦθεν,
3350 435 3425 507 μή
3455 434 3718 507 πρότερον

2046 522 2219 588 οὕτως
2243 524 2664 597 ἀνακαθάραντα
2690 525 2790 597 τὴν
2817 523 3015 595 ψυχήν.
3043 524 3162 578 Καὶ·
3189 524 3263 595 μή
3292 541 3381 594 μοι
3406 523 3609 592 λεγέτω
3636 539 3720 584 τις

2046 612 2129 664 ὅτι
2166 612 2367 682 βραχὺς
2396 615 2424 665 ὁ
2451 612 2642 684 καιρὸς
2665 615 2694 667 ὁ
2720 612 2922 683 μεταξὺ
2946 614 3044 683 τῆς
3070 610 3340 675 συνάξεως
3368 610 3468 681 τῆς
3499 610 3721 681 μελλού-

2045 717 2164 771 σης.
2202 701 2419 766 Ἔξεστι
2449 701 2556 773 γὰρ
2577 702 2698 771 οὐχ)¹
2726 703 2783 755 ἐν
2810 700 2969 754 πέντε
2999 700 3158 771 μόνον
3180 700 3437 772 ἡμέραις,
3465 698 3601 754 ἀλλά
3626 698 3720 752 καὶ

2041 788 2100 841 ὲν
2138 789 2238 859 μιᾷ
2274 789 2414 859 ῥοπῇ
2451 788 2780 859 μεταθέσθαι
2810 789 2901 842 τὸν
2933 788 3047 857 βίον
3074 787 3309 842 ᾶπαντα.
3341 787 3407 841 Τί
3435 787 3562 859 γὰρ,
3597 786 3717 840 εἰπέ

2045 893 2156 946 μοι,
2208 874 2403 947 λῃστοῦ
2443 877 2538 929 καλ⁵
2585 876 2912 946 ἀνδροφόνου
2963 879 3179 947 χεῖρον;
3213 875 3335 946 οὐχὶ
3385 875 3448 929 τὸ
3493 876 3719 946 ἔσχατον

2040 962 2197 1016 τοῦτο
2228 965 2327 1034 τῆς
2357 963 2554 1028 κακίας
2586 961 2723 1029 εἶδός
2762 966 2939 1024 ἑστινε
2981 963 3118 1017 Ἀλλ’
3152 964 3301 1035 ὅμως
3344 963 3426 1027 είς
3462 963 3522 1016 τὸ
3550 964 3718 1033 ἄκρον

2038 1050 2139 1121 τῆς
2185 1053 2385 1122 ἀρετῆς
2425 1052 2629 1117 εὐθέως
2666 1052 2889 1121 ἔφθασε,
2927 1053 3019 1106 καὶ
3049 1054 3128 1117 είς
3158 1052 3319 1105 αὐτὸν
3347 1050 3592 1123 ἐχώρησε
3624 1051 3718 1105 τὸν

2041 1142 2392 1209 παράδεισον·
2430 1142 2528 1212 οὐχ
2566 1141 2787 1212 ἡμερῶν
2821 1140 3052 1211 δεηθεὶς,
3092 1140 3190 1210 οὐχ
3215 1139 3443 1211 ἡμίσους
3478 1139 3715 1210 ἡμέρας,

2039 1230 2176 1283 ἀλλά
2211 1231 2469 1303 βραχείας
2511 1233 2704 1304 ῥοπῆς.
2746 1232 2908 1284 Ὥστε
2934 1231 3140 1296 ἔξεστιν
3175 1230 3329 1300 ἄφνω
3364 1229 3715 1301 μεταθέσθαι,

2040 1320 2132 1372 καὶ
2154 1320 2407 1387 γενέσθαι
2436 1319 2665 1392 χρύσεον
2695 1320 2814 1374 ἀντὶ
2843 1318 3089 1389 πηλίνου.
3133 1317 3351 1389 Ἐπειδὴ
3380 1318 3489 1388 γὰρ
3521 1316 3581 1371 οὐ
3616 1316 3719 1385 φύ-

2040 1421 2122 1458 σει
2167 1404 2194 1444 ἀ
2237 1407 2306 1459 τά
2345 1407 2445 1478 τῆς
2485 1408 2687 1479 ἀρετῆς
2718 1409 2812 1461 καὶ
2839 1408 2938 1477 τῆς
2974 1407 3175 1470 κακίας
3216 1405 3384 1468 ἐστὶν,
3425 1404 3644 1470 εὔκολος
3677 1408 3713 1474 ἡ

2042 1493 2352 1562 μετάθεσις,
2394 1496 2573 1566 πάσης
2600 1497 2845 1566 ἀνάγκης
2879 1493 3294 1566 ἀπηλλαγμένη.
3340 1492 3476 1547 Ἐὰν
3504 1492 3717 1561 θέλητε

2037 1581 2135 1633 καὶ
2165 1583 2568 1651 είσακούσητέ
2603 1602 2744 1654 μου,
2781 1583 2935 1654 φησὶ,
2986 1583 3058 1637 τὰ
3102 1581 3292 1652 ἀγαθά
3321 1580 3432 1650 τῆς
3462 1579 3574 1651 Ῠῆς
3602 1581 3716 1650 φά·

2036 1674 2235 1739 γεσθε.
2281 1670 2442 1744 Ὁρᾷς
2475 1673 2556 1725 ὃτι
2590 1672 2895 1743 βουλήσεως
2935 1672 3015 1726 δεῖ
3050 1672 3256 1743 μόνηςς
3291 1670 3614 1742 βουλήσεως,
3650 1670 3713 1723 οὐ

2036 1759 2137 1829 τῆς
2171 1759 2355 1831 κοινῆς
2394 1760 2553 1831 μόνον
2599 1760 2823 1832 ταύτης,
2864 1760 2965 1831 τῆς
3006 1760 3115 1813 τῶν
3160 1758 3389 1824 πολλῶν,
3435 1758 3571 1813 ἀλλά
3612 1758 3714 1827 τῆς

2039 1848 2506 1919 ὲσπουδασμένης.
2546 1848 2700 1902 Ἐπιε)⁵
2726 1848 2970 1912 ἅπαντας
3003 1843 3121 1901 οἶδα
3150 1851 3229 1912 εἰς
3253 1847 3343 1907 τὸν
3370 1847 3596 1919 οὐρανὸν
3626 1845 3715 1915 θέέ

2036 1933 2225 1998 λοντας
2260 1936 2566 2005 ἀναπτῆναι
2598 1935 2715 1999 νῦν,
2747 1936 2882 1990 ἀλλά
2914 1935 3001 1989 διὰ
3036 1935 3144 1989 τῶν
3174 1935 3349 2008 ἔργων
3379 1936 3459 1990 δεῖ
3487 1935 3586 2008 τὴν
3625 1935 3713 1987 θέ-

2036 2022 2192 2094 λησιν
2222 2023 2610 2089 ἐπιδείξασθαι.
2648 2025 2759 2077 Καὶ
2795 2024 2904 2097 γάρ
2940 2027 2967 2078 ὁ
2997 2023 3233 2094 ἔμπορος
3271 2022 3413 2077 θέλει
3443 2022 3710 2086 πλουτεῖν,

2036 2112 2151 2166 ἀλλ’
2180 2112 2239 2165 οὐ
2276 2111 2437 2182 μέχρι
2478 2112 2576 2182 τῆς
2606 2112 2843 2176 διανοίας
2881 2112 2941 2166 τὸ
2975 2112 3147 2165 θέλειν
3185 2112 3420 2183 ἵστησιν,
3450 2110 3588 2165 ἀλλά
3620 2113 3714 2166 καὶ

2038 2200 2219 2267 πλοῖον
2248 2199 2713 2265 κατασκευάζεται
2736 2212 2783 2264 ο,
2810 2201 2905 2256 καὶ
2929 2201 3150 2267 συνάγει
3174 2200 3395 2264 ναύτας,
3423 2202 3516 2254 καὶ
3539 2217 3716 2270 παρα-

2036 2288 2193 2341 καλεῖ
2222 2288 2583 2359 κυϐερνήτην⁹
2619 2289 2712 2342 καὶ
2744 2291 2855 2352 τοῖς
2893 2287 3073 2352 ἄλλοις
3108 2289 3279 2343 ἅπασι
3312 2287 3713 2353 κατασκευάζει

2032 2375 2093 2427 τὸ
2139 2375 2342 2439 πλοῖον,
2385 2376 2479 2429 καὶ
2517 2376 2737 2447 χρυσίον
2777 2374 3096 2441 δανείζεται,
3132 2377 3226 2429 καὶ
3275 2378 3418 2448 περᾷ
3452 2375 3709 2445 πέλαγος,

2036 2464 2129 2518 καὶ
2155 2467 2233 2528 εἰς
2264 2463 2424 2534 ξένην
2449 2463 2633 2517 ἄπεισι
2668 2463 2793 2534 γῆν,
2830 2465 2924 2517 καὶ
2964 2463 3241 2527 κινδύνους
3275 2463 3538 2534 ὑπομένει
3585 2464 3714 2517 πολ-

2035 2551 2182 2615 λοὺς,
2213 2552 2306 2605 καὶ
2352 2552 2419 2604 τά
2448 2551 2583 2605 ἄλλα
2614 2553 2791 2605 πάντα
2832 2553 2975 2623 ειπερ
3004 2552 3181 2605 ἴσασιν
3227 2554 3275 2605 οί
3315 2552 3414 2624 τὴν
3441 2552 3711 2607 θάλατταν

2037 2640 2309 2704 πλέοντες.
2337 2640 2494 2693 Οῦτω
2517 2642 2611 2695 καὶ
2637 2642 2786 2712 ἡμᾶς
2806 2641 2887 2693 δεῖ
2914 2640 3011 2712 τὴν
3037 2641 3288 2712 βούλησιν
3316 2641 3707 2707 ἐπιδείξασθαι.

2034 2727 2274 2798 Πλέομεν
2301 2728 2409 2799 7&9
2436 2729 2529 2783 καὶ
2566 2730 2726 2799 ἡμεῖς
2755 2728 2942 2787 πλοῦν.
2980 2731 3040 2782 ού
3071 2730 3162 2783 τὸν
3191 2729 3299 2783 ἀπὸ
3330 2730 3431 2801 γῆς
3468 2732 3549 2793 είς
3583 2730 3708 2802 γῆν,

2030 2814 2167 2870 ἀλλά
2195 2816 2286 2868 τὸν
2310 2815 2418 2869 ἀπὸ
2439 2817 2544 2886 γῆς
2575 2818 2655 2879 εἰς
2672 2816 2918 2886 οὐρανόν.
2955 2817 3470 2889 Κατασκευάσωμεν
3494 2814 3587 2872 οὖν
3618 2819 3711 2873 τὸν

2030 2902 2291 2973 λογισμὸν
2318 2903 2408 2957 τὸν
2438 2904 2708 2975 ἡμέτερον
2740 2896 2874 2975 πρὸς
2906 2905 3235 2977 κυϐέρνησιν
3267 2906 3568 2976 ἐπιτήδειον
3611 2908 3709 2979 τὴν

2030 2990 2144 3044 ἀνω
2176 2992 2470 3062 φέρουσαν,
2500 2992 2593 3046 καὶ
2621 2992 2824 3056 ναύτας
2854 2993 3005 3062 αύτῷ
3039 2993 3369 3065 πειθηνίους,
3399 2995 3495 3049 καὶ
3527 2995 3709 3049 πλοῖον

2034 3080 2273 3150 στερεὸν,
2305 3079 2446 3133 ὥστε
2480 3082 2616 3151 μήτε
2645 3082 2963 3152 περιστάσει
2996 3084 3093 3136 καὶ
3119 3082 3326 3155 ἀθυμίᾳ
3355 3082 3709 3153 βαπτίζεσθαι

2033 3168 2280 3238 βιωτικῇ,
2311 3170 2447 3239 μήτε
2476 3166 2791 3232 ἀλαζονείας
2815 3169 3139 3241 ἐπαίρεσθαι
3166 3171 3457 3242 πνεύματι,
3481 3172 3595 3226 ἀλλ’
3618 3172 3711 3225 εῦ-

2030 3254 2201 3319 ζωνον
2225 3254 2363 3309 εἶναι
2385 3257 2478 3309 καὶ
2506 3256 2727 3326 κοῦφον.
2762 3258 2859 3313 "Av
2886 3258 3028 3312 οῦτω
3056 3259 3155 3329 μὲν
3175 3259 3234 3313 τὸ
3261 3260 3462 3326 πλοῖον,
3487 3260 3628 3317 οὕτω
3648 3264 3707 3317 δὲ

2028 3346 2120 3397 τὸν
2154 3347 2495 3417 κυϐερνήτην
2542 3346 2640 3399 κοιλ⁸
2685 3348 2812 3411 τοὺς
2838 3347 3039 3412 ναύτας
3077 3351 3606 3421 παρασκευάσωμεν,
3646 3351 3708 3417 ἐξ

2029 3432 2228 3503 ούρίων
2261 3432 2629 3504 πλευσόμεθα,
2661 3436 2755 3487 καὶ
2796 3433 2889 3488 τὸν
2937 3435 3064 3489 Υίὸν
3096 3435 3191 3490 τοῦ
3234 3437 3367 3491 Θεοῦ
3402 3439 3494 3492 τὸν
3530 3439 3702 3511 ἀληθῆ

2028 3519 2373 3592 κυϐερνήτην
2402 3520 2822 3593 ὲπισπασόμεθα
2856 3523 2991 3594 πρὸς
3021 3523 3263 3588 ἑαυτούς·
3301 3525 3361 3589 ὃς
3381 3523 3486 3580 οὐκ⁹
3504 3527 3707 3598 ἀφήσει

2031 3607 2394 3679 βαπτισθῆναι
2438 3608 2499 3662 τὸ
2531 3610 2736 3677 σκάφος
2761 3611 2911 3680 ἡμῖν,
2954 3610 3089 3665 ἀλλά
3118 3612 3221 3665 κᾶν
3258 3614 3438 3684 μυρίοι
3465 3615 3707 3669 πνεύσω-

2031 3713 2115 3750 σιν
2149 3696 2168 3735 ί
2201 3699 2411 3768 ἀνεμοι,
2442 3698 2536 3751 καὶ
2561 3699 2669 3760 τοῖς
2696 3698 2917 3769 ἀνέμοις
2940 3700 3269 3772 ἐπιτιμήσει,
3300 3703 3392 3756 καὶ
3420 3706 3485 3774 τῇ
3513 3704 3708 3761 θαλάτο

2027 3805 2117 3857 τῃ,
2147 3787 2240 3840 καὶ
2267 3788 2389 3840 ἀντί¹
2419 3786 2581 3842 σάλου
2612 3786 2810 3859 πολλήν
2841 3788 3134 3859 ἐργάσεται
3158 3789 3255 3861 τήν
3284 3791 3543 3864 γαλήνην.

2096 3876 2158 3929 δ’.
2189 3874 2264 3947 [6]
2285 3875 2808 3940 Κατασκευάσαντες
2827 3876 3006 3930 τοίνυν
3030 3878 3253 3943 ἑαυτοὺς
3279 3878 3468 3945 οὕτως,
3486 3884 3552 3954 τῇ
3579 3884 3702 3937 ἑπι-

2026 3962 2162 4035 ούσῃ
2195 3964 2571 4035 παραγένεσθε
2604 3967 2670 4036 τῇ
2721 3964 3007 4037 ἐκκλησίᾳ,
3055 3965 3109 4019 εί
3141 3984 3205 4035 γε
3240 3970 3705 4037 περισπούδαστον

2030 4050 2158 4121 ύμῖν
2177 4068 2227 4103 τι
2257 4049 2367 4104 τῶν
2392 4051 2679 4124 χρησίμων
2704 4050 2934 4105 ἀκοῦσαι
2966 4054 3059 4106 καὶ
3090 4053 3448 4109 έναποθέσθαι
3472 4066 3497 4105 8
3526 4058 3592 4113 τά
3615 4059 3704 4113 λει-

2029 4138 2234 4210 γόμενα
2253 4141 2319 4211 τῇ
2341 4139 2509 4211 ψυχῇ.
2528 4139 2731 4211 Μηδεὶς
2756 4141 2872 4204 ὁδὸς
2895 4139 3054 4204 ἔστω,
3085 4142 3270 4213 μηδεὶς
3293 4144 3485 4217 πέτρα,
3513 4147 3706 4219 μηδεὶς

2029 4228 2278 4282 ἀκανθῶν
2323 4230 2766 4301 πεπληρωμένος.
2806 4231 3128 4302 Ποιήσωμεν
3162 4234 3388 4298 ἑαυτοὺς
3423 4236 3699 4308 νεὼματα·

2027 4316 2169 4371 οὕτω
2195 4317 2304 4391 γάρ
2336 4318 2430 4371 καὶ
2458 4318 2616 4389 ἡμεῖς
2646 4318 2783 4389 μετά
2803 4319 3110 4390 προθυμίας
3127 4320 3197 4373 τὰ
3221 4322 3508 4395 σπέρματα
3537 4343 3705 4383 κατα-

2029 4405 2320 4477 ϐαλοῦμεν,
2356 4405 2451 4458 ἐὰν
2479 4406 2676 4477 ῖδωμεν
2715 4407 2813 4477 τὴν
2854 4406 2958 4477 γῆν
2997 4408 3262 4478 καθαράν·
3292 4411 3389 4464 ὲάν
3417 4411 3473 4465 δὲ
3504 4413 3699 4487 λιθώδη

2025 4494 2120 4547 καὶ
2145 4497 2423 4565 τραχεῖαν,
2461 4494 2739 4563 σύγγνωτε
2771 4496 2844 4566 μὴ
2879 4495 3223 4566 βουλομένοις
3249 4498 3369 4572 εικῆ
3400 4502 3698 4558 πονεῖσθαι·

2027 4582 2075 4633 εί
2118 4581 2228 4653 γὰρ
2263 4581 2324 4635 τὸ
2356 4582 2601 4654 σπείρειν
2626 4582 2873 4652 ἀφέντες,
2910 4583 3187 4657 ἀρξόμεθα
3216 4586 3318 4649 τάς
3344 4588 3584 4654 ἀκάνθας
3616 4592 3702 4646 ὲκ·

2025 4669 2265 4729 κόπτειν,
2293 4669 2455 4722 πάλιν
2483 4670 2717 4741 ἐσχάτης
2745 4672 2929 4735 ἀνοίας
2961 4672 3250 4743 σπέρματα
3274 4676 3600 4732 καταϐαλεῖν
3621 4680 3702 4743 είς

2026 4758 2358 4830 ἀνέργαστον
2379 4758 2502 4828 γῆν.
2531 4759 2634 4813 Τὸν
2663 4759 2865 4830 ταύτης
2886 4760 3221 4817 ἀπολαύοντα
3243 4764 3341 4834 τῆς
3362 4767 3696 4838 ἀκροάσεως,

2024 4845 2086 4897 οὐ
2124 4844 2206 4897 δεῖ
2241 4845 2340 4916 τῆς
2370 4846 2690 4915 δαιμονικῆς
2717 4846 2959 4916 μετέχειν
2995 4849 3294 4921 τραπέζης.
3325 4851 3421 4915 Τίς
3453 4853 3563 4923 γὰρ
3584 4871 3699 4908 κοι-

2024 4930 2192 4985 νωνία
2218 4932 2530 5003 δικαιοσύνῃ
2560 4934 2652 4986 καὶ
2677 4933 2910 5005 ἀνομίας
2953 4935 3231 5007 Ἕστηκας
3267 4939 3481 4994 ἀκούων
3520 4942 3697 4997 Ἰωάνα

2024 5037 2137 5084 νου,
2174 5020 2274 5073 καὶ
2323 5019 2390 5072 δι’
2418 5021 2625 5074 ἐκείνου
2666 5020 2735 5074 τὰ
2776 5021 2870 5075 τοῦ
2907 5022 3223 5095 Πνεύματος
3265 5028 3567 5098 μανθάνων,
3601 5032 3698 5085 καὶ

2026 5106 2167 5178 μετὰ
2219 5106 2392 5161 ταῦτα
2446 5108 2660 5180 ἀπέρχῃ
2718 5109 2931 5181 πορνῶν
2983 5112 3349 5185 ἀκουσόμενος
3400 5118 3694 5185 γυναικῶν,

2022 5191 2223 5262 αἰσχρά
2275 5191 2679 5262 φθεγγομένων,
2731 5195 3060 5266 αἰσχρότερα
3104 5197 3561 5270 ύποκρινομένων,
3601 5202 3696 5256 καὶ

2024 5277 2281 5347 μαλακῶν
2334 5278 2712 5349 ῥαπιζομένων
2768 5297 2829 5333 τε
2877 5282 2970 5335 καὶ
3020 5283 3354 5354 ῥαπιζόντων
3401 5284 3692 5357 ἀλλήλους

2022 5365 2146 5429 Πῶς
2182 5366 2387 5439 δυνήσῃ
2432 5365 2613 5429 καλῶς
2649 5367 3012 5438 καθαρθῆναι,
3048 5370 3524 5443 έγκαλινδούμενος
3566 5375 3693 5449 βορο

2019 5453 2164 5525 ϐόρῳ
2187 5454 2458 5525 τοσούτῳ;
2492 5455 2556 5508 Τί
2588 5455 2696 5524 γὰρ
2723 5456 2804 5510 δεῖ
2826 5458 2965 5511 κατὰ
2988 5458 3149 5527 μέρος
3170 5460 3350 5512 πᾶσαν
3372 5462 3694 5534 καταλέγειν

2016 5544 2116 5615 τὴν
2154 5543 2540 5615 ἀσχημοσύνην
2580 5545 2678 5616 τὴν
2716 5546 2940 5613 αὐτόθι;
2974 5547 3157 5600 Πάντα
3189 5547 3297 5622 γάρ
3338 5550 3455 5604 ἐκεῖ
3496 5553 3689 5622 γέλως,

2081 5631 2105 5708 fl
2132 5632 2246 5681 Mss.
2274 5633 2373 5681 duo
2395 5636 2449 5680 et
2485 5633 2594 5681 cod.
2616 5632 2710 5683 706
2730 5634 2784 5682 ού
2806 5634 2998 5697 φυσικά.
3025 5633 3161 5684 Idem
3198 5638 3346 5700 paulo
3366 5648 3478 5702 post
3500 5642 3581 5690 ἐὰν
3599 5643 3691 5708 γάρ

2015 5694 2195 5753 θέλητε.
2817 5694 2826 5697 “
3199 5694 3214 5700 ’
3366 5694 3381 5702 ’

2085 5768 2107 5796 ο
2147 5758 2243 5805 Alii
2263 5758 2623 5813 κατασκευάζει.
3506 5806 3509 5807 ,

2032 5850 2035 5855 .
2082 5815 2104 5855 ί
2131 5818 2333 5855 ΠιιίΛςιηὶ
2352 5820 2572 5855 minuent-
3542 5820 3545 5821 ν

2032 5850 2035 5855 Ι
2082 5820 2108 5921 ἱ
2131 5820 2751 5952 ἓὲῗιξττοξέξΐαῗνῗῐλευιο-
2770 5887 2884 5952 ροσε,
2920 5895 3052 5933 unus
3070 5885 3226 5952 codex
3248 5888 3333 5949 qui
3355 5887 3568 5952 scriptus
3612 5896 3692 5939 est

2016 5954 2142 5993 anno
2156 5942 2293 6000 1072,
2332 5948 2389 5990 οι
2417 5944 2464 5990 in
2490 5949 2604 5994 uola
2624 5942 2832 6007 quadam
2853 5943 3030 6009 fertur,
3058 5942 3336 6007 ποιήσωὼν
3359 5942 3553 6008 έαυτοὺς
3572 5953 3693 6000 νεώ-

2019 6019 2160 6067 ματα.
2190 6004 2321 6056 Edm
2342 6004 2524 6061 δωτοῖς
3197 6061 3202 6067 .
3280 6060 3285 6067 .
3349 6061 3354 6067 .
