4074 6374
382 355 452 413 εο
1166 352 1226 409 S.
1267 349 1557 408 JOANNlS
1587 349 2077 408 CHRYSOSTOMI
2119 348 2440 408 ARCHIEP.
2481 349 3027 408 CONSTANTINOP.
3767 353 3842 410 '50

381 480 560 521 παντα
591 461 843 536 αἰσχύνη,
872 462 1051 518 πάντα
1074 461 1294 527 δνειδος,
1336 462 1431 516 καὶ
1459 460 1716 532 λοιδορίαι
1750 461 1844 514 καὶ
1874 460 2063 532 σκώμ-

384 567 553 626 ματα·
598 552 774 606 πάντα
819 550 1069 613 ἔκλυσις,
1101 550 1277 604 πάντα
1304 548 1472 620 λύμη.
1516 549 1649 602 Ἰδοὺ
1685 548 1937 620 προλέγω
1969 551 2064 602 καὶ

383 640 748 714 παραγγέλλω
784 640 949 693 πᾶσιν
979 639 1130 710 ὑμῖν·
1169 638 1356 708 μηδεὶς
1387 636 1495 690 τῶν
1524 637 1728 708 ταύτης
1765 635 2065 690 ἀπολαυόν-

382 747 492 784 των
513 730 611 800 τῆς
640 727 940 800 τραπέζης,
973 725 1244 796 φθειρέτω
1270 724 1368 796 τὴν
1407 724 1602 778 ἑαυτοῦ
1631 723 1810 794 ψυχὴν
1837 727 1950 787 τοῖς
1977 724 2065 796 δη-

385 814 662 886 λητηρίοις
698 811 925 874 ἐκείνοις
964 811 1221 880 θεάμασι.
1258 809 1456 879 Πομπὴ
1486 809 1664 862 πάντα
1699 809 1816 862 ἐστὶ
1849 808 1917 861 τά
1949 811 2066 862 ἐκεῖ

383 897 652 967 λεγόμενα
688 896 784 949 καὶ
817 893 1162 966 πραττόμενα
1195 894 1477 962 σατανική.
1503 894 1646 946 Ἰστε
1679 892 1735 946 δὲ
1771 893 1820 945 οί
1853 910 2067 964 μεμυη-

387 981 560 1052 μένοι,
614 979 771 1043 ποίας
817 980 950 1048 ήμῖν
1000 976 1187 1029 ἔθεσθε
1233 974 1526 1044 συνθήκας·
1561 973 1762 1044 μᾶλλον
1807 974 1863 1026 δέ
1903 976 2065 1041 ποίας

384 1064 572 1118 ιθεσθε
616 1064 695 1133 τῷ
733 1061 977 1136 Χριστῷ,
1026 1062 1116 1114 ὅτε
1160 1060 1302 1130 ὑμᾶς
1355 1059 1516 1122 αὐτὸς
1560 1057 1963 1129 ἐμυσταγώγει·
2009 1060 2064 1114 τί

385 1149 523 1218 πρὸς
561 1147 722 1202 αὐτὸν
761 1147 972 1209 εἴπατε,
1005 1145 1058 1198 τί
1091 1145 1343 1216 περὶτῆς
1367 1143 1595 1214 πομπῆς
1633 1144 1731 1215 τῆς
1770 1148 2066 1216 σατανικῆς

386 1231 537 1303 αὐτῷ
585 1229 911 1300 διελέχθητε,
950 1227 1068 1290 πῶς
1100 1226 1237 1296 μετά
1265 1225 1358 1280 τοῦ
1393 1228 1598 1280 σατανᾶ
1627 1227 1722 1280 καὶ
1751 1225 1858 1279 τῶν
1896 1228 2063 1296 ἀγγέ-

384 1314 492 1368 λων
523 1311 708 1374 αὐτοῦ,
741 1313 837 1366 καὶ
868 1309 1040 1381 ταύτῃ
1075 1310 1197 1362 τότε
1226 1309 1614 1374 ἀπετάττεσθε,
1657 1312 1751 1364 καὶ
1785 1312 2063 1381 ὑπισχνεῖ-

385 1397 503 1461 σθε,
531 1396 662 1468 μηδὲ
691 1394 1036 1467 παρακύψειν
1057 1395 1206 1458 ἐκεῖ;
1233 1393 1360 1455 Δέος
1380 1389 1472 1447 οὖν
1498 1396 1559 1447 οὐ
1593 1395 1806 1464 μικρὸν,
1839 1395 1912 1466 μὴ
1938 1397 2065 1467 περὶ

382 1481 483 1544 τὰς
525 1477 779 1540 τοιαύτας
826 1476 1147 1546 ὑποσχέσεις
1191 1474 1459 1546 ἀγνώμων
1498 1493 1581 1540 τις
1629 1477 1939 1546 γενόμενος,
1971 1478 2066 1528 ἀν·

385 1563 531 1630 ἀξιον
567 1559 757 1614 ἐαυτὸν
813 1559 1128 1630 καταστήσῃ
1149 1574 1167 1595 ·
1195 1556 1304 1610 τῶν
1339 1559 1652 1630 μυστηρίων
1690 1559 1915 1613 τούτων.
1952 1561 2064 1632 Οὐχ

383 1647 515 1718 ὁρᾷς
540 1642 658 1707 πῶς
687 1644 744 1695 ὲν
769 1645 886 1705 ταῖς
927 1641 1232 1712 βασιλικαῖς
1260 1641 1470 1705 αὐλαῖς,
1497 1644 1595 1712 οὐχ
1616 1644 1663 1696 οἰ
1693 1659 2065 1714 προσκεκρου-

383 1728 563 1791 κότες,
603 1725 717 1781 ἀλλ’
749 1725 797 1777 οί
844 1723 1198 1795 τετιμημένοι
1252 1723 1539 1777 καλοῦνται
1600 1722 1916 1795 μεθέξοντες
1962 1727 2061 1796 τῆς

383 1811 608 1883 γνώμης
636 1811 874 1882 ἐκείνης,
900 1810 994 1862 καὶ
1023 1811 1103 1872 εἰς
1130 1808 1257 1870 τοὺς
1289 1808 1476 1874 φίλους
1497 1808 1780 1862 τάττονται
1809 1810 1937 1872 τούς
1968 1809 2065 1879 βα-

387 1894 662 1960 σιλικούς;
698 1892 1046 1964 Πρεσϐευτὴς
1078 1895 1209 1964 ἡμῖν
1235 1888 1399 1964 ἦλθεν
1427 1892 1486 1956 ἐξ
1511 1891 1763 1963 ούρανοῦ.
1794 1895 1925 1964 παρ’
1963 1895 2063 1947 αὐ-

448 2001 474 2031 ⁸
500 1999 664 2062 Aliqui
688 2004 1006 2056 καταστῆσαι.
1031 1996 1156 2046 Infra
1167 2003 1252 2056 τῆς
1271 1998 1461 2062 γνώαης
1483 1998 1675 2056 ἐκείνης.
1700 1999 1855 2048 Recte
1873 1999 2068 2061 conjicit

386 2060 610 2112 Savilius‘
651 2063 926 2123 legendum
955 2065 1040 2123 τῆς
1077 2062 1266 2123 γνώμης
1309 2060 1510 2120 ἐκείνου,
1546 2072 1731 2123 nempe
1776 2062 1938 2123 regis;
1967 2060 2066 2110 ised

383 2126 548 2174 omnia
572 2121 878 2184 exemplaria
913 2121 1093 2180 ἐκείνης
1117 2121 1317 2171 habent.

2170 458 2266 513 τοῦ
2310 459 2581 531 πεμφθεὶς
2606 461 2701 515 τοῦ
2734 460 2892 522 Θεοῦ,
2919 462 3049 534 περί
3079 479 3240 516 τινων
3269 463 3585 533 ἀναγκαίων
3606 466 3846 535 διαλεξό-

2174 564 2354 618 μενος·
2387 545 2506 604 είτα
2535 550 2692 620 ὑμεῖς
2737 550 2966 620 ἀφέντες
3012 549 3243 604 ἀκοῦσαι
3280 553 3332 606 τί
3375 553 3623 623 βούλεται
3659 557 3755 611 καὶ
3789 560 3846 614 τί

2169 636 2626 705 διαπρεσϐεύεται
2663 637 2798 710 πρὸς
2825 640 2997 709 ήμᾶς,
3026 637 3266 708 κάθησθε
3311 640 3493 711 μίμων
3533 642 3844 709 ἀκούοντες.

2170 723 2280 777 Καὶ
2311 726 2492 778 πόσων
2520 726 2619 778 οὐκ
2647 725 2773 792 ἀξια
2801 727 2971 780 ταῦτα
2999 727 3300 798 κεραυνῶν,
3335 729 3518 784 πόσων
3549 732 3846 802 σκηπτῶν;

2173 812 2385 883 ’Ὠσπερ
2411 813 2520 884 γὰρ
2543 813 2820 885 τραπέζης
2843 814 2904 867 οὐ
2930 815 3036 886 χρὴ
3067 815 3314 886 μετέχειν
3338 815 3650 888 δαιμονίων·
3676 819 3848 884 οὕτως

2170 899 2291 953 οὐδὲ
2315 901 2630 972 ἀκροάσεως
2656 901 2964 972 δαιμονίων.
2990 902 3108 956 οὐδέ
3137 903 3276 973 μετὰ
3298 907 3547 977 ρυπαρᾶς
3569 907 3668 978 τῆς
3687 907 3849 978 ἐσθῆ-

2169 1005 2262 1051 τος
2287 991 2368 1052 εἰς
2394 987 2494 1060 τήν
2513 989 2774 1060 λαμπρὰν
2802 990 3082 1062 τράπεζαν
3111 993 3514 1062 παραγενέσθαι
3541 994 3642 1065 τήν
3668 995 3851 1049 τοσού-

2169 1093 2278 1129 των
2311 1076 2586 1148 γέμουσαν
2615 1077 2856 1145 ἀγαθῶν,
2890 1077 2956 1148 ἢν
2998 1077 3160 1141 αὐτὸς
3190 1080 3600 1150 παρεσκεύασεν
3633 1083 3662 1135 0
3691 1082 3844 1146 Θεὸς.

2171 1163 2421 1235 Τοσαύτη
2455 1164 2562 1236 γὰρ
2585 1165 2756 1234 αὐτῆς
2776 1165 2809 1234 ἠ
2833 1162 3081 1235 δύναμις,
3109 1164 3184 1229 ὡς
3209 1167 3303 1220 καὶ
3335 1167 3472 1238 πρὸς
3500 1167 3592 1220 τὸν
3618 1168 3847 1239 οὐρανὸν

2172 1249 2336 1303 αὐτὸν
2370 1251 2565 1322 ἀθρόον
2593 1253 2742 1322 ἡμᾶς
2771 1252 2993 1322 ἐπᾶραι,
3033 1252 3191 1322 μόνον
3232 1253 3329 1308 ἐὰν
3366 1254 3603 1326 σώφρονι
3636 1256 3849 1328 διανοίᾳ

2173 1339 2548 1410 προσέχωμεν.
2590 1339 2665 1392 Οὐ
2713 1338 2824 1408 γάρ
2851 1339 2966 1393 ἐστι
2996 1339 3089 1393 τὸν
3124 1343 3362 1413 συνεχῶς
3392 1346 3503 1408 τοῖς
3537 1344 3702 1408 θείοις
3747 1346 3849 1397 ἐπε

2172 1425 2430 1496 ᾳδόμενον
2459 1425 2636 1493 λόγοις
2661 1425 2689 1465 δ
2723 1427 2815 1478 ἐπὶ
2853 1426 2952 1496 τῆς
2991 1427 3268 1498 παρούσης
3311 1431 3490 1500 μεῖναι
3525 1430 3848 1500 ταπεινότη-

2169 1528 2281 1576 τος·
2328 1511 2464 1566 ἀλλά
2502 1512 2714 1584 ἀνάγκη
2759 1513 3104 1586 πτερωθῆναι
3128 1516 3349 1581 εὐθέως,
3387 1516 3644 1589 καὶπρὸς
3683 1518 3848 1572 αὐτὸν

2170 1599 2476 1670 ἀναπτῆναι
2501 1600 2592 1653 τὸν
2612 1599 2725 1654 ἀνω
2751 1600 2834 1672 [7]
2856 1601 3047 1672 χῶρον,
3083 1604 3175 1656 καὶ
3201 1607 3312 1668 τοῖς
3335 1605 3582 1676 ἀπείροις
3605 1607 3848 1676 ἐντυχεῖν

2169 1687 2279 1740 τῶν
2305 1686 2525 1756 ἀγαθῶν
2549 1688 2865 1761 θησαυροῖς·
2902 1683 2978 1744 ὧν
3003 1690 3210 1758 γένοιτο
3249 1693 3458 1756 πάντας
3488 1694 3635 1763 ήμᾶς
3661 1694 3850 1746 ἐπιτυ-

2169 1777 2305 1843 χεῖν,
2337 1774 2519 1846 χάριτι
2559 1776 2650 1828 καί.
2681 1776 3059 1849 φιλανθρωπίᾳ
3099 1777 3192 1832 τοῦ
3227 1779 3434 1850 Κυρίου
3473 1780 3630 1852 ήμῶν
3670 1779 3846 1852 Ἰησοῦ

2171 1861 2432 1934 Χριστοῦ,
2459 1861 2526 1914 δι’
2567 1857 2628 1918 οὗ
2676 1864 2770 1918 καὶ
2805 1865 2922 1936 μεθ’
2969 1857 3031 1919 οὐ
3067 1866 3145 1938 τῷ
3175 1867 3350 1939 Πατρὶ
3396 1869 3429 1938 ή
3462 1868 3587 1934 δόξα
3623 1869 3740 1939 ἅμα
3768 1868 3848 1939 τῷ

2175 1949 2426 2020 παναγίῳ
2458 1951 2756 2022 Πνεύματι,
2779 1951 2875 2005 νῦν
2897 1953 2990 2007 καὶ
3010 1953 3118 2017 ἀεὶ,
3143 1954 3237 2007 καὶ
3262 1957 3340 2018 εἰς
3364 1956 3490 2020 τοὺς
3509 1955 3711 2020 αἰῶνας
3735 1955 3848 2010 τῶν

2174 2035 2406 2090 αἰώνων.
2452 2037 2645 2110 Ἀμήν.

2237 2124 2265 2160 ιι
2288 2125 2495 2183 Quidam
2518 2127 2710 2187 λογίοις,
2733 2140 2830 2176 non
2858 2128 3004 2177 male.

1946 2329 2186 2382 OMIAIA
2221 2329 2299 2385 B'.

892 2418 987 2471 Ἐν
1011 2416 1171 2488 ἀρχῇ
1209 2414 1288 2488 ἦν
1315 2420 1348 2472 ό
1373 2419 1585 2488 Λόγος.

457 2532 527 2581 α’.
560 2526 623 2578 Εἰ
661 2525 756 2595 μὲν
794 2524 1044 2594 Ἰωάννης
1073 2525 1202 2594 ἡμῖν
1225 2523 1414 2594 ἔμελλε
1438 2524 1831 2590 διαλέξεσθαιι,
1886 2529 1978 2580 καὶ
2004 2531 2071 2585 τὰ
2103 2556 2114 2566 ι

388 2605 554 2662 αὐτοῦ
572 2605 707 2678 πρὸς
725 2605 870 2676 ἡμᾶς
897 2606 1059 2677 ἐρεῖν,
1077 2605 1369 2672 ἀναγκαῖον
1389 2600 1455 2675 ῆν
1478 2605 1572 2658 καὶ
1602 2606 1756 2675 γένος
1787 2607 1951 2660 αὐτοῦ
1979 2610 2071 2662 καὶ

389 2685 624 2757 πατρίδα
668 2687 841 2738 εἰπεῖν
882 2683 977 2737 καὶ
1011 2683 1342 2754 ἀνατροφήν.
1399 2685 1618 2754 Ἐπειδὴ
1655 2684 1711 2737 δὲ
1750 2687 1848 2755 οὐχ
1893 2681 2067 2750 οὗτος,

387 2766 506 2819 ἀλλ’
533 2769 561 2818 ὁ
589 2763 721 2827 Θεὸς
753 2763 820 2817 δι’
842 2761 1005 2816 αὐτοῦ
1029 2763 1166 2833 πρὸς
1193 2761 1291 2833 τὴν
1312 2762 1420 2814 τῶν
1444 2763 1745 2834 ἀνθρώπων
1777 2764 2071 2833 φθέγγεται

392 2845 575 2915 φύσιν,
619 2843 870 2914 περιττὸν
921 2837 1058 2895 εἷναί
1105 2858 1195 2912 μοι
1237 2842 1386 2895 δοκεῖ
1431 2844 1525 2895 καὶ
1571 2843 1845 2913 παρέλκον
1897 2844 2071 2897 ταῦτα

391 2927 703 2995 ἀναζητεῖν·
743 2923 941 2994 μᾶλλον
967 2922 1024 2974 δέ
1057 2921 1175 2974 οὐδέ
1198 2920 1339 2974 οὕτω
1371 2922 1640 2992 περιττὸν,
1671 2922 1805 2975 ἁλλά
1828 2924 1920 2976 καὶ
1939 2924 2068 2992 σφό-

389 3008 492 3078 δρα
519 3007 836 3072 ἀναγκαῖον.
863 3003 1032 3056 Ὅταν
1054 3003 1170 3078 ,γὰρ
1195 3000 1370 3073 μάθῃς
1409 3003 1491 3065 τίς
1525 2998 1614 3076 ἦν,
1642 3004 1735 3056 καὶ
1765 3003 1947 3069 πόθεν,
1977 3004 2071 3056 καί

389 3077 572 3148 τίνων,
595 3085 691 3138 καὶ
725 3083 990 3144 ποταπὸς,
1021 3077 1141 3135 εἶτα
1167 3081 1406 3154 ἀκούσῃς
1431 3082 1595 3135 αὑτοῦ
1626 3083 1727 3153 τῆς
1755 3084 1939 3155 φωνῆς
1977 3085 2071 3136 καὶ

390 3167 490 3236 τῆς
525 3164 840 3234 φιλοσοφίας
868 3163 1105 3230 ἀπάσης·
1143 3161 1264 3214 τότε
1294 3163 1416 3234 εἴσῃ
1444 3161 1646 3226 καλῶς,
1678 3164 1761 3215 ὅτι
1802 3163 1903 3216 οὐκ
1933 3163 2073 3216 ὲκείο

391 3263 487 3301 νου
519 3243 692 3298 ταῦτα
720 3238 812 3314 ἦν,
845 3241 981 3295 ἀλλά
1014 3241 1114 3311 τῆς
1146 3239 1295 3303 θείας
1329 3239 1633 3310 δυνάμεως,
1675 3241 1774 3310 τῆς
1820 3242 2073 3313 κινούσης

394 3324 561 3379 αὐτοῦ
590 3324 690 3394 τὴν
713 3322 911 3392 ψυχήν.
955 3319 1120 3381 Ποίας
1145 3314 1237 3372 οὖν
1262 3314 1330 3390 ῆν
1359 3319 1640 3390 πατρίδος;
1679 3320 1940 3390 Πατρίδος
1973 3322 2072 3391 μὲν

392 3404 649 3475 οὐδεμιᾶς
672 3403 722 3468 ιι,
767 3403 960 3470 κώμης
993 3398 1047 3450 δὲ
1077 3397 1324 3461 εὐτελοῦς
1362 3399 1456 3451 καὶ
1492 3397 1675 3468 χώρας
1712 3399 2070 3475 φαυλοτέρας,

393 3417 649 3475 οὐδεμιᾶς
675 3417 722 3468 υ,
767 3417 960 3470 κώμης
993 3417 1047 3450 οε
1077 3417 1324 3461 ευτελους
1362 3417 1456 3451 και
1492 3417 1675 3468 χωρας
1712 3417 2070 3531 φαυλοτεὲας,

393 3486 492 3539 καὶ
523 3483 673 3541 οὐδὲν
698 3480 969 3552 φερούσης
996 3476 1217 3546 ἀγαθόν.
1256 3476 1366 3548 Τὴν
1397 3477 1504 3550 γὰρ
1539 3477 1827 3532 Γαλιλαίαν
1850 3478 1937 3532 δια
1978 3479 2074 3532 άλ-

393 3565 546 3619 λουσι
599 3562 696 3632 μὲν
742 3561 792 3613 οί
833 3559 1202 3630 γραμματεῖς.
1258 3555 1529 3626 λέγοντες·
1585 3557 1924 3627 Ἐρώτησον
1974 3558 2071 3612 καί

395 3644 506 3705 ιδε,
535 3641 624 3695 ὅτι
650 3641 720 3694 ἐκ
753 3638 862 3706 τῆς
894 3637 1219 3702 Γαλιλαίας
1252 3638 1364 3690 οὐκ
1398 3636 1705 3707 ἐγήγερται
1737 3637 2070 3708 προφήτης.

395 3721 682 3779 Διαϐάλλει
738 3718 796 3771 δὲ
842 3717 937 3770 καὶ
979 3719 1008 3770 ὁ
1051 3713 1266 3786 άληθῶς
1315 3716 1672 3788 Ἰσραηλίτης,
1719 3715 1913 3784 λέγων·
1973 3717 2075 3768 Ἐκ

395 3800 654 3870 Ναζαρὲτ
704 3794 956 3852 δύναταί
1011 3811 1065 3848 τι
1120 3795 1349 3863 ἀγαθὸν
1389 3791 1583 3859 sirm;
1618 3794 1728 3848 Καὶ
1755 3795 1958 3865 ταύτης
1999 3793 2076 3847 ὣν

394 3884 494 3954 τῆς
521 3882 646 3952 γῆς,
685 3877 805 3932 οὐδέ
842 3876 1114 3947 ἐπισήμου
1153 3878 1352 3954 χωρίου
1385 3876 1530 3937 τινὸς
1561 3871 1650 3954 ἦν.
1695 3874 1833 3928 Ἀλλ’
1858 3873 1978 3954 οὐδὲ
2011 3875 2076 3954 ἐκ

395 3950 766 4033 προσηγορίας
823 3955 1102 4026 γνωρίμου
1142 3950 1296 4018 οὗτος
1344 3953 1554 4007 ἐκεῖθεν
1597 3951 1665 4025 ἦν
1689 3964 1738 4021 ε,
1775 3953 1984 4033 πατρὸς
2019 3952 2076 4006 δὲ

396 4032 594 4102 ἁλιέως
617 4036 865 4106 πένητος·
900 4033 1042 4086 οὕτω
1072 4033 1324 4102 πένητος,
1351 4033 1426 4096 ὼς
1465 4033 1561 4087 καὶ
1597 4034 1722 4096 τοὺς
1751 4032 1946 4096 παῖδας
1983 4032 2077 4086 ἐπὶ

396 4121 498 4190 τὴν
529 4117 700 4188 αὐτὴν
735 4113 998 4187 ἐργασίαν
1028 4112 1276 4181 ἀγαγεῖν.
1315 4113 1461 4165 Ἴστε
1494 4110 1549 4164 δέ
1585 4110 1844 4177 ἅπαντες,
1879 4111 1960 4164 ὅτι
1985 4113 2077 4164 οὐ·

395 4199 508 4263 δε-ις
542 4195 888 4268 χειροτέχνης
912 4191 1198 4264 αἱρήσεται
1235 4190 1326 4245 τὸν
1351 4190 1462 4245 υίδν
1491 4191 1714 4261 ποιῆσαι
1748 4190 1850 4262 τῆς
1881 4190 2076 4261 τέχνης

397 4279 497 4344 τῆς
521 4275 714 4330 ἑαυτοῦ
738 4274 1094 4346 κληρονόμον,
1109 4272 1246 4344 πλὴν
1275 4273 1321 4325 εί
1343 4273 1418 4344 μὴ
1445 4273 1648 4343 σφόδρα
1668 4271 2074 4341 καταναγκάζοι

397 4358 578 4411 πενία·
614 4355 708 4408 καὶ
742 4355 1006 4426 μάλιστα,
1035 4353 1161 4404 ὅταν
1183 4351 1402 4423 εὐτελὴς
1444 4353 1477 4422 ή
1506 4351 1667 4422 τέχνη
1770 4352 1989 4406 ’Δλιέων
2017 4352 2074 4406 δὲ

397 4437 550 4492 οὐδὲν
581 4435 924 4505 πενέστερον,
939 4431 1059 4485 οὐδὲ
1084 4430 1364 4484 εὐτελέστε
1375 4448 1486 4502 ρον.
1501 4431 1612 4484 ἀλλ’
1632 4432 1752 4484 οὐδὲ
1773 4431 2074 4502 ἀμαθέστε·

400 4518 494 4590 ρόι
521 4534 571 4570 τι
609 4516 804 4584 γένοιτ’
834 4513 898 4567 ἀν
918 4529 933 4544 ·
965 4513 1105 4583 πλὴν
1148 4511 1283 4565 ἀλλά
1329 4514 1422 4565 καὶ
1460 4514 1518 4565 ἐν
1547 4513 1732 4573 αὐτοῖς
1761 4513 1970 4577 τούτοις
2023 4513 2073 4566 οί

402 4589 506 4673 μὲν
555 4595 793 4673 μείζους,
845 4594 895 4646 οἰ
945 4591 1305 4673 δέῗὲλάττους
1343 4589 1502 4673 εἰσίν.
1671 4591 1728 4644 δὲ
1780 4590 2073 4673 ἀπόστολος

397 4669 532 4750 ἡμῖν
591 4670 747 4738 οὗτος
794 4672 1073 4727 κάνταῦθα
1119 4672 1218 4750 τὴν
1266 4670 1478 4724 ἐλάσσω
1527 4669 1678 4750 τάξιν
1709 4673 1962 4742 ἐπεῖχεν·
2011 4669 2072 4723 οὐ

398 4749 509 4829 γὰρ
555 4756 664 4809 ἀπὸ
710 4755 809 4824 τῆς
842 4752 1119 4821 θαλάσσης
1166 4749 1446 4820 ἐθήρευεν,
1489 4749 1603 4801 ἀλλ’
1651 4751 1709 4802 ἐν
1755 4751 1928 4822 μικρᾷ
1967 4766 2072 4802 τινι

396 4841 568 4913 λίμνῃ
609 4832 866 4906 διέτριϐε,
917 4833 1020 4913 καί
1060 4829 1450 4913 περὶῇταύτην
1492 4829 1650 4913 αὐτον
1696 4831 2074 4913 -στρεφόμενον

401 4907 671 4992 μέτά-τοῦ
705 4913 911 4985 πατρὸς
943 4912 1036 4966 καὶ
1073 4908 1330 4964 Ἰακώϐου
1361 4909 1453 4962 τοῦ
1493 4908 1722 4978 ἀδελφοῦ
1761 4908 1947 4966 αὐτοῦ.
1977 4907 2070 4961 καὶ

397 4988 734 5072 διερρωγότα
757 4995 1087 5072 Αράπτοντας
1110 4990 1138 5030 δ
1172 4992 1363 5072 δίκτυα
1405 4989 1464 5072 (ὃν
1493 4992 1584 5043 καί
1624 4988 1783 5072 αὐτέζ
1782 4989 1881 5072 τῆς

399 5067 498 5152 της
521 5067 716 5140 πενίας
752 5067 866 5147 ἦν),
893 5071 1064 5136 οὕτως
1097 5070 1351 5125 ἐκάλεσεν
1389 5073 1418 5125 ὁ
1456 5069 1708 5142 Χριστός.
1739 5067 2071 5152 Παιδείαςδέ

399 5150 587 5215 ἕνεκεν
613 5159 712 5230 τῆς
741 5155 960 5223 ἔξωθεν,
987 5153 1104 5208 ἐστι
1143 5153 1240 5224 μὲν
1273 5153 1366 5206 καὶ
1411 5152 1476 5204 ἐκ
1503 5152 1708 5204 τούτων
1743 5150 1953 5222 μαθεῖν,
1987 5150 2069 5203 δτι

399 5241 508 5294 οὐδ’
539 5237 718 5292 ὁτιοῦν
753 5235 903 5307 αὐτῷ
945 5235 1132 5307 μετῆν.
1160 5233 1369 5295 ’Ἄλλως
1395 5231 1451 5284 δέ
1483 5233 1575 5284 καὶ
1611 5233 1639 5284 0
1682 5231 1894 5294 Λουκᾶς
1923 5245 2068 5301 μαρ-

399 5323 556 5392 τυρεῖ
582 5331 608 5359 ⁸
641 5317 891 5390 γράφων,
916 5315 1000 5369 ὃτι
1028 5313 1090 5366 οὐ
1125 5311 1284 5383 μόνον
1306 5310 1540 5382 ἰδιώτης,
1571 5309 1707 5364 ἀλλά
1739 5311 1834 5363 καί⁵
1855 5308 2072 5379 ἀγράμ-

462 5451 481 5476 ⁸
506 5451 590 5501 Sic
611 5451 724 5501 διν.
751 5455 805 5500 ει
826 5449 929 5499 alii.
955 5447 1079 5499 Hor.
1103 5445 1419 5506 διαλέγεσθαι.
1445 5441 1585 5494 L‘nm
1606 5443 1829 5498 διαλέξει-ι.
1855 5439 2000 5492 Alius
2017 5447 2070 5490 et

402 5513 510 5565 cod.
536 5513 628 5562 706
650 5513 962 5574 διαλέξασθαι.
1223 5567 1259 5574 __
1371 5567 1417 5574 __
1507 5569 1528 5574 _
1647 5563 1660 5574 ,
1684 5567 1694 5574 _
1738 5570 1748 5574 Α

467 5575 499 5615 h
520 5574 667 5624 Nom
687 5563 916 5630 Savilius,
944 5575 1056 5634 post
1093 5567 1316 5631 πατρίδος
1336 5567 1569 5634 ούδεμιᾶς-
1589 5563 2067 5634 ειιὶρίηιεψεεηᾴιιω

405 5640 496 5696 τῶν
516 5636 777 5698 ἐπισήμων.
792 5628 987 5698 AMelids
1025 5628 1281 5698 legerem!
1317 5628 1501 5698 πόλεως
1523 5629 1604 5688 μὲν
1627 5628 1863 5698 οὐδεμιᾶς,
1878 5689 1888 5698 _
1902 5628 2068 5696 κώμης

402 5689 473 5753 δέ.
498 5710 560 5749 ex
584 5689 718 5748 nulla
757 5693 966 5754 civitate,
996 5689 1102 5744 sed—
1119 5702 1183 5743 ex
1225 5689 1346 5741 vico.
1382 5690 1565 5740 Verum
1605 5690 1774 5739 nullus
1802 5689 1957 5738 codex
1995 5689 2068 5738 sic

435 5761 567 5810 abet.

401 5761 627 5872 Μὲεέξιν.
659 5819 795 5876 οὗτος
815 5817 888 5877 ἦν.
914 5817 1035 5867 Mor.
1057 5815 1194 5877 οὗτος
1224 5814 1398 5877 ἐκεῖθεν
1421 5812 1496 5877 ἦν.
1529 5813 1669 5877 Alius
1694 5811 1837 5877 οὗτος
1873 5811 2065 5873 ἐκεῖθεν,

402 5887 583 5935 omisso
601 5883 676 5942 ἧν.
704 5874 845 5931 υιιίιέ
858 5879 1032 5942 θίίορά.
1056 5875 1150 5942 Ἰω
1168 5877 1208 5924 ει
1231 5877 1296 5938 μὴ
1323 5875 1460 5932 οὗτος
1479 5875 1671 5928 ἐκεῖθεν·
1690 5874 1883 5939 πατρὸς.

465 5946 496 5983 σι
522 5938 658 5993 Urnis
679 5949 734 5992 et.
761 5942 870 5990 ωα.
898 5940 990 5989 706
1012 5938 1265 5993 δάν-ποντα.

467 6010 494 6040 ⁸
524 6003 687 6057 MonU'.
711 5997 971 6065 μαρτυρεῖν.
1000 5997 1133 6053 Epit.

2175 2439 2344 2492 ματος
2375 2420 2443 2496 ῆν
2465 2441 2478 2454 ·
2519 2425 2762 2491 εἰκότως.
2803 2426 2861 2478 '0
2910 2426 3020 2497 γὰρ
3063 2425 3202 2480 οὕτω
3239 2426 3437 2498 πένης,
3464 2427 3556 2480 καί
3591 2429 3730 2500 μήτε
3765 2429 3848 2494 εἰς

2173 2502 2376 2573 ἀγορὰς
2410 2503 2714 2574 ἐμϐάλλων,
2753 2507 2888 2578 μήτε
2915 2507 3246 2573 ἀξιοπίστοις
3277 2507 3619 2578 ἐντυγχάνων
3654 2508 3847 2580 ἀνδρά-

2174 2597 2279 2643 σιν.
2306 2582 2442 2637 ἀλλὰ
2467 2587 2532 2655 τῇ
2552 2584 2706 2657 ἀλείᾳ
2727 2586 3166 2658 προσηλωμένος,
3189 2588 3368 2639 εἴποτε
3388 2586 3445 2640 δέ
3471 2604 3574 2638 τινι
3599 2589 3691 2640 καὶ
3714 2605 3846 2641 συν-

2173 2663 2408 2730 εγένετο,
2440 2667 2701 2737 καπήλοις
2733 2666 2928 2736 ἰχθύων
2960 2669 3055 2721 καὶ
3093 2667 3376 2738 μαγείροις
3399 2665 3624 2737 ὁμιλῶν,
3658 2668 3710 2720 τί
3732 2667 3846 2721 τῶν

2173 2742 2376 2813 θηρίων
2408 2747 2502 2797 καὶ
2531 2745 2738 2814 ἀλόγων
2766 2745 2986 2816 ἔμελλεν
3022 2745 3100 2818 [8]
3124 2745 3344 2816 ἄμεινον
3365 2746 3664 2800 διακεῖσθαι
3685 2763 3700 2811 ;
3723 2745 3848 2810 πῶς

2171 2821 2225 2873 δὲ
2243 2824 2362 2893 οὐχί
2385 2824 2565 2878 αὐτῶν
2586 2825 2991 2896 μιμεῖσθαιτῶν
3011 2825 3208 2896 ἰχθύων
3227 2826 3324 2898 τὴν
3361 2826 3602 2895 ἀφωνίαν
3623 2842 3640 2891 ;
3677 2821 3847 2890 Οὗτος

2171 2900 2234 2970 δὴ
2269 2899 2361 2956 οὖν
2397 2906 2425 2957 0
2453 2904 2658 2969 ἁλιεὺς,
2679 2907 2707 2958 0
2734 2907 2864 2976 περί
2897 2905 3088 2976 λίμνας
3121 2905 3484 2976 στρεφόμενος
3516 2905 3609 2958 καί⁵
3651 2905 3846 2959 δίκτυα

2174 2982 2268 3034 καὶ
2312 2982 2496 3054 ἰχθῦς,
2547 2985 2576 3036 0
2627 2985 2734 3038 ἀπὸ
2772 2983 3044 3055 Βηθσαῖδά
3091 2984 3190 3054 τῆς
3223 2983 3531 3048 Γαλιλαίας,
3563 2986 3591 3038 ό
3634 2985 3845 3056 πατρὸς

2174 3061 2366 3124 ἁλιέως
2403 3063 2659 3134 πένητος,
2698 3064 2791 3118 καὶ
2831 3064 3058 3134 πένητος
3102 3063 3291 3117 πενίαν
3335 3061 3353 3100 τ
3388 3063 3484 3132 τὴν
3527 3063 3787 3134 ἐσχάτην,
3814 3064 3845 3116 0

2177 3139 2390 3212 ἰδιώτης
2426 3142 2688 3196 ἰδιωτείαν
2714 3142 2809 3195 καὶ
2834 3142 3036 3212 ταύτην
3065 3142 3163 3213 τὴν
3195 3141 3450 3213 ἐσχάτην,
3482 3143 3510 3194 0
3536 3141 3845 3213 γράμματα

2177 3220 2315 3290 μήτε
2341 3221 2605 3293 πρότερον
2637 3221 2843 3292 μαθὼν,
2871 3225 3006 3293 μήτε
3034 3221 3258 3294 ὕστερον
3301 3221 3439 3292 μετά
3483 3221 3543 3274 τὸ
3576 3221 3843 3291 συγγενέ-

2175 3299 2403 3370 σθαιτῴ
2432 3302 2671 3372 Χριστῷ,
2705 3303 2902 3373 ἴδωμεν
2944 3302 2996 3354 τί
3026 3301 3340 3370 φθέγγεται,
3373 3299 3467 3354 καὶ
3512 3301 3642 3372 περὶ
3680 3303 3846 3356 τίνων

2173 3382 2306 3451 ήμῖν
2341 3379 2665 3448 διαλέγεται.
2693 3377 2840 3452 Ἆρα
2872 3380 3130 3452 περὶτῶν
3163 3383 3221 3434 ὲν
3250 3383 3468 3452 ἀγροῖς;
3505 3380 3635 3451 περὶ
3655 3381 3764 3434 τῶν
3787 3385 3846 3436 ἐν

2177 3462 2481 3530 ποταμοῖς;
2533 3463 2664 3532 περὶ
2705 3460 3047 3532 συμϐολαίων
3083 3459 3312 3530 ίχθύωνς
3345 3458 3518 3514 ταῦτα
3558 3460 3667 3530 γάρ
3714 3462 3846 3524 ἴσως

2176 3539 2330 3610 παρά
2380 3537 2574 3602 ἁλιέως
2619 3538 2946 3592 ἀκούσεσθαι
2977 3539 3249 3611 προσδοκᾷ
3281 3555 3382 3600 τις.
3419 3538 3579 3594 Ἀλλά
3619 3541 3694 3610 μὴ
3732 3540 3844 3594 δεί-

2177 3634 2309 3688 σητε
2329 3633 2344 3648 ·
2375 3617 2581 3670 τούτων
2613 3618 2711 3687 μὲν
2733 3617 2842 3689 γὰρ
2869 3617 3020 3671 οὐδὲν
3045 3617 3419 3688 ἀκουσόμεθα·
3456 3617 3524 3672 τὰ
3556 3617 3611 3671 δὲ
3647 3620 3704 3671 έν
3731 3623 3846 3684 τοῖς

2176 3699 2443 3769 οὐρανοῖς,
2461 3699 2556 3751 καί⁵
2583 3697 2620 3751 ἃ.
2653 3699 2844 3768 μηδεὶς
2874 3699 3098 3769 μηδέπω
3119 3698 3288 3769 έμαθε
3317 3699 3422 3770 πρὸ
3443 3699 3655 3754 τούτου.
3685 3700 3846 3755 Οὕτω

2175 3775 2286 3847 γὰρ
2330 3777 2462 3847 ἡμῖν
2501 3777 2679 3848 ὑψηλὰ
2725 3776 2990 3847 δόγματα,
3028 3778 3122 3831 καὶ
3160 3777 3435 3832 πολιτείαν
3467 3779 3715 3850 ἀρίστην,
3747 3782 3846 3835 καὶ

2176 3855 2491 3926 φιλοσοφίαν
2524 3857 2647 3927 ἣκει
2667 3856 2929 3926 κομίζων,
2959 3857 3034 3921 ὡς
3061 3855 3205 3921 εἰκὸς
3226 3857 3317 3910 τὸν
3345 3859 3440 3910 ἀπ’
3467 3858 3648 3911 αὐτῶν
3673 3858 3844 3928 φθεγ-

2175 3934 2404 4005 γόμενον
2435 3935 2542 3988 τῶν
2577 3933 2670 3987 τοῦ
2708 3933 3021 4004 Πνεύματος
3060 3935 3348 4008 θησαυρῶν
3379 3933 3488 4007 [ὡς
3534 3937 3630 3990 ἀπ’
3661 3937 3843 3991 αὐτῶν

2174 4015 2298 4086 ἄρτι
2336 4015 2773 4086 παραγενόμενος
2805 4015 2912 4069 τῶν
2943 4013 3184 4084 οὐρανῶν
3209 4029 3222 4043 ·
3264 4015 3462 4085 μᾶλλον
3485 4015 3541 4068 δὲ
3565 4016 3685 4070 οὐδὲ
3713 4019 3842 4080 τούς

2176 4097 2294 4149 ἐκεῖ
2334 4100 2538 4174 πάντας
2569 4097 2714 4161 εἰκὸς
2749 4093 2816 4168 ἧν
2842 4098 3061 4160 εἰδέναι,
3093 4097 3228 4168 ὅπερ
3274 4099 3367 4152 καὶ
3410 4098 3581 4170 ἔφθην
3615 4097 3837 4174 εἰπών].

2175 4175 2360 4229 Ταῦτα
2381 4173 2474 4230 οὖν
2500 4177 2713 4242 ἁλιέως,
2740 4177 2859 4230 εἰπέ
2894 4195 2983 4248 μοι
3006 4193 3020 4244 ;
3047 4178 3274 4249 ῥήτορος
3297 4177 3353 4229 δέ
3374 4177 3541 4245 ὅλως;
3580 4173 3836 4250 σοφιστοῦ

2173 4254 2229 4307 δὲ
2257 4255 2290 4326 ἢ
2328 4255 2644 4326 φιλοσόφου;
2688 4256 2886 4319 παντὸς
2907 4266 2933 4304 ε
2970 4256 3028 4308 δὲ
3061 4257 3154 4310 τοῦ
3182 4257 3279 4328 τὴν
3314 4257 3512 4321 ἔξωθεν
3545 4259 3841 4312 πεπαιδευ-

2178 4334 2339 4403 μένου
2389 4335 2613 4404 σοφίαν;
2657 4335 2935 4406 οὐδαμῶς.
2988 4337 3064 4388 Οὐ
3100 4337 3210 4405 γὰρ
3260 4335 3605 4407 ἀνθρωπίνης
3648 4337 3840 4402 ἀπλῶς

2172 4412 2354 4483 ψυχῆς
2383 4415 2511 4486 περί
2536 4415 2637 4484 τῆς
2661 4414 2938 4485 ἀκηράτου
2968 4413 3060 4468 καὶ
3086 4414 3360 4485 μακαρίας
3389 4415 3605 4486 ἐκείνης
3625 4415 3841 4484 φύσεως

2172 4495 2400 4548 τοιαῦτα
2433 4493 2760 4563 φιλοσοφεῖν,
2801 4493 3069 4564 περὶτῶν
3120 4493 3236 4560 μετ’
3279 4496 3493 4564 ἐκείνην
3534 4493 3840 4563 δυνάμεων,

2175 4574 2303 4644 περὶ
2326 4572 2624 4636 ἀθανασίας
2650 4571 2744 4625 καὶ
2775 4569 2923 4640 ζωῆς
2954 4571 3206 4644 ἀπείρου,
3243 4573 3370 4644 περὶ
3399 4573 3613 4642 φύσεως
3651 4575 3842 4644 σωμά-

2172 4669 2279 4705 των
2309 4651 2517 4723 θνητῶν
2551 4668 2610 4704 τε
2645 4653 2742 4704 καὶ
2784 4650 3068 4706 ἀθανάτων
3117 4649 3342 4722 ὕστερον
3377 4653 3676 4723 ἐσομένων,
3709 4656 3840 4726 περὶ

2174 4731 2487 4796 κολάσεως,
2527 4730 2657 4800 περί
2704 4727 2799 4782 τοῦ
2833 4729 3114 4800 μέλλοντος
3143 4730 3526 4802 δικαστηρίου,
3566 4730 3695 4801 περὶ
3726 4733 3838 4786 τῶν

2175 4811 2445 4882 ἐσομένων
2491 4811 2520 4850 h
2544 4809 2802 4873 εὐθυνῶν,
2845 4809 2954 4863 τῶν
2983 4811 3039 4864 ἐν
3071 4811 3306 4882 ῥήμασι,
3340 4809 3450 4864 τῶν
3491 4811 3550 4862 ἐν
3581 4808 3838 4880 πράξεσι,

2173 4889 2282 4942 τῶν
2329 4891 2388 4942 ἐν
2438 4887 2714 4958 λογισμοῖς
2755 4889 2849 4941 καὶ
2894 4887 3134 4960 διανοίᾳ·
3169 4889 3263 4942 καὶ
3302 4887 3355 4941 τί
3387 4888 3486 4958 μὲν
3530 4886 3838 4959 ἄνθρωπος·

2173 4969 2370 5021 εἰδέναι
2391 4969 2433 5033 ἱ,
2465 4967 2518 5020 τί
2545 4967 2601 5020 δέ
2624 4967 2852 5038 κόσμος·
2880 4967 2974 5020 καὶ
2997 4969 3048 5019 τί
3081 4967 3178 5038 μὲν
3206 4969 3235 5019 0
3259 4966 3428 5029 δντως
3451 4965 3755 5036 ἄνθρωπος,
3783 4967 3839 5020 τί

2171 5047 2229 5100 δέ
2258 5047 2287 5099 0
2317 5045 2489 5099 δοκῶν
2515 5047 2613 5115 μὲν
2639 5042 2800 5108 εἶναι,
2822 5045 2923 5098 οὐκ
2948 5043 3024 5098 ὢν
3043 5045 3103 5100 δέ
3125 5061 3139 5076 ·
3171 5045 3224 5098 τί
3253 5045 3440 5110 κακία,
3466 5045 3560 5098 καὶ
3586 5045 3838 5116 τίάρετή.

2245 5126 2309 5197 β’.
2334 5127 2554 5181 Τούτων
2574 5125 2684 5196 γὰρ
2704 5125 2823 5180 ἔνια
2841 5125 3110 5194 ἐζήτησαν
3127 5125 3224 5195 μὲν
3236 5125 3287 5177 οί
3313 5125 3441 5196 περὶ
3458 5124 3720 5178 Πλάτωνα
3741 5125 3840 5178 καὶ

2173 5207 2502 5280 Πυθαγόραν
2521 5225 2535 5238 ·
2564 5207 2674 5262 τῶν
2718 5207 2828 5279 γὰρ
2855 5206 3030 5260 ἀλλων
3056 5205 3178 5259 οὐδὲ
3217 5205 3403 5268 ἁπλῶς
3437 5206 3838 5276 μνημονευτέον

2172 5289 2302 5358 ἡμῖν
2324 5286 2656 5357 φιλοσόφων·
2677 5288 2823 5340 οὕτω
2839 5286 3227 5353 καταγέλαστοι
3249 5284 3497 5338 ἐντεῦθεν
3520 5286 3637 5355 μεθ’
3667 5286 3841 5355 ὑπερ-

2175 5367 2337 5438 ϐολῆς
2358 5366 2643 5436 γεγόνασιν
2673 5368 2930 5429 ἅπαντες.
2950 5367 3012 5418 Οί
3037 5364 3093 5417 δὲ
3118 5363 3224 5416 τῶν
3242 5364 3413 5418 ἄλλων
3435 5360 3838 5435 θαυμασθέντες

2175 5445 2336 5499 πλέον
2365 5445 2496 5517 παρ’
2527 5446 2728 5509 αὐτοῖς.
2753 5446 2846 5498 καὶ
2867 5441 3241 5503 πιστευθέντες
3263 5440 3402 5496 εἶναι
3429 5446 3714 5514 κορυφαῖοι
3734 5442 3838 5512 τῆς

2171 5524 2480 5596 ἐπιστήμης
2531 5523 2779 5592 ἐκείνης,
2822 5518 2965 5578 οὗτοι
3014 5521 3248 5592 μάλιστα
3297 5520 3403 5574 τῶν
3447 5521 3622 5575 ἄλλων
3663 5520 3836 5573 εἰσίν·

2237 5680 2258 5720 ί
2285 5681 2396 5732 Mss.
2415 5693 2512 5730 non
2533 5679 2877 5744 μυοίίάλιέως,
2901 5679 3042 5744 πένης
3060 5680 3258 5744 πένητας
3287 5679 3449 5744 πενίαν

2239 5747 2264 5808 β
2290 5744 2486 5808 “dum
2509 5739 2772 5808 ιὸεοηάμω
2792 5743 3066 5808 ευβρίωμπ
3094 5740 3322 5808 Savium.
3347 5741 3440 5808 βοά
3456 5739 3839 5808 momine

2172 5806 2335 5856 habet.
2367 5805 2489 5855 Infra
2511 5801 2620 5867 πῴι
2644 5806 2740 5850 τῶν
2763 5803 2862 5867 μετ’
2880 5801 2890 5803 ἡ
2906 5801 3083 5858 ἐκείνην
3101 5801 3356 5867 δυνάμεων.
3380 5803 3628 5867 [utet-pres
3651 5801 3836 5864 légiSse

2173 5871 2367 5919 Videtur
2390 5868 2490 5923 μετ’
2522 5863 2719 5921 ἐκείνης,
2738 5863 2827 5913 sed
2847 5875 3022 5923 omnes
3047 5876 3160 5911 mss.
3187 5863 3286 5923 μετ’
3307 5863 3486 5918 ἐκείνην
3507 5863 3706 5913 habent.

2232 5925 2263 5966 Ιι
2281 5927 2363 5979 Sic
2386 5922 2496 5976 ειν.
2517 5927 2731 5986 etmulti
2759 5937 2873 5974 mss.
2911 5922 3083 5975 Morel.
3114 5922 3460 5986 πραττομένων.

2242 5989 2260 6031 ί
2288 5989 2409 6040 Mor.
2430 5995 2484 6039 et
2508 5985 2703 6050 quidam
2723 5999 2834 6038 mss.
2861 5986 3048 6034 εἰδέναι.
3072 5984 3184 6037 εει.
3209 5991 3263 6035 el.
3277 5985 3362 6036 alii
3385 5984 3548 6034 εἰπεῖν.
3591 6040 3595 6045 Α
