4074 6374
215 478 296 535 29
1253 447 1256 452 ’
1371 467 1434 525 lN
1471 465 1783 524 'JO.\NNE‘.ll
1823 461 2052 520 llOMlL.
2097 461 2156 518 n.
2201 463 2272 518 al.
2307 462 2346 519 L
3445 470 3520 527 ευ

225 597 380 652 tiusis
411 594 512 650 illis
555 590 876 663 spectaculis
906 555 1231 656 corrumpat.
1261 579 1368 639 'llla
1411 586 1606 654 quippe
1635 583 1815 638 omnia

223 691 364 743 dicta
396 696 449 741 et
495 685 666 749 facta,
715 697 905 753 pompa
953 681 1188 734 satanica
1239 684 1382 731 sunt.
1427 676 1586 732 Scitis
1637 686 1816 729 autem

221 787 487 852 quotquot
513 776 701 832 initiati
725 775 854 830 estis
874 817 891 840 ,
922 788 1042 843 qua:
1063 781 1217 841 pacta
1247 768 1524 824 nobiscum
1551 765 1812 830 inieritis;

223 969 437 1022 initiat:
481 963 606 1035 quid
650 963 726 1017 illi
769 958 1043 1024 dixeritis;
1072 971 1191 1028 qure
1236 956 1305 1010 de
1349 953 1585 1022 satanica
1622 965 1814 1020 pompa

219 1077 345 1116 cum
395 1058 486 1112 illo
531 1057 690 1112 verba
718 1052 1046 1115 habueritis;
1078 1045 1348 1118 quomodo
1401 1056 1456 1099 et
1506 1051 1709 1097 satana:
1762 1048 1816 1093 et

219 1151 431 1221 angelis
459 1149 573 1217 ejus
600 1145 757 1202 simul
784 1139 1286 1198 abrenuntiaveritis
1304 1179 1321 1204 ,
1349 1134 1814 1206 promiseritisque

219 1259 318 1296 vos
367 1242 434 1296 ad
483 1241 570 1294 illa
615 1254 720 1293 non
759 1236 1061 1292 deflexuros
1107 1233 1271 1288 esse?
1319 1228 1636 1285 T-imendum
1685 1239 1815 1294 ergo

219 1335 512 1389 admodum
562 1348 629 1388 ne
659 1333 780 1402 quis
825 1329 909 1384 his
936 1327 1148 1383 violatis
1195 1322 1660 1396 promissionibus,
1693 1333 1814 1374 sese

220 1425 308 1477 his
337 1424 614 1494 indignum
648 1421 914 1492 mysteriis
953 1417 1213 1472 effecerit.
1247 1417 1440 1500 Arinen
1489 1411 1639 1465 vides
1684 1423 1816 1479 quo-

221 1516 387 1570 modo
432 1517 487 1568 in
519 1515 679 1584 regiis
721 1511 944 1575 aedibus,
977 1523 1080 1563 non
1112 1507 1148 1562 ii
1178 1507 1269 1578 qui
1301 1499 1352 1559 in
1383 1503 1562 1570 aliquo
1586 1499 1816 1556 offende-

220 1616 349 1661 runt
370 1649 386 1671 ,
413 1606 508 1660 sed
534 1607 622 1675 qui
655 1605 708 1658 in
739 1603 943 1656 honore
970 1600 1258 1661 habentur,
1282 1593 1499 1651 consilii
1526 1591 1815 1662 participes

219 1699 588 1761 advocentur,
640 1706 694 1751 et
751 1695 890 1749 inter
937 1693 1137 1746 amicos
1184 1690 1329 1759 regis
1383 1681 1814 1741 constituantur?

215 1792 454 1862 Legatus
500 1791 654 1844 nobis
683 1789 750 1843 de
789 1786 920 1842 caelo
970 1786 1147 1846 venit,
1175 1781 1243 1836 ab
1287 1781 1402 1850 ipso
1441 1779 1553 1832 Deo
1596 1775 1808 1837 missus,

215 1885 290 1939 de
331 1882 650 1938 necessariis
679 1896 778 1935 nos
806 1879 973 1933 rebus
998 1873 1392 1944 alioquuturus.
1439 1870 1510 1924 At
1555 1881 1651 1922 vos
1679 1865 1812 1920 nihil

217 1985 478 2030 curantes
502 1974 690 2029 audire
729 1972 853 2043 quid
875 1969 1024 2034 velit,
1058 1966 1253 2038 quidve
1296 1963 1566 2034 loquatur,
1610 1957 1811 2014 sedetis

1916 579 2112 635 mimos
2139 579 2438 634 audientes.
2469 577 2534 632 Et
2562 587 2690 648 quot
2717 580 3037 652 quantisque
3064 580 3372 640 fulminibus
3398 585 3516 642 haec

1920 673 2078 743 digna
2120 686 2225 726 non
2270 671 2503 726 fuerint?
2555 669 2622 726 Ut
2667 671 2810 726 enim
2860 687 2966 726 non
3016 673 3142 728 licet
3193 676 3514 746 participare

1921 777 2119 817 mensa:
2146 761 2528 818 daamoniorum
2549 803 2566 828 ,
2597 762 2675 816 sic
2702 777 2801 817 nec
2832 763 2921 818 illa
2964 763 3292 821 daemoniaca
3321 767 3510 824 audire

224 875 334 926 imo
373 886 494 941 qua:
533 885 653 924 cum
693 866 936 926 Christo.
975 863 1190 934 quando
1213 861 1302 916 ille
1334 861 1450 930 ipse
1492 866 1576 914 est
1601 857 1688 927 qui
1720 871 1816 910 vos
1838 898 1875 933 ,ε
1919 855 2000 909 fas
2022 864 2124 922 est,
2157 869 2331 924 neque
2352 853 2565 909 sordida
2593 864 2743 910 veste
2763 854 2830 910 ad
2857 855 3056 911 lautam
3095 857 3236 912 illam
3268 873 3511 915 mensam

1919 956 2000 1002 tot
2046 947 2202 1003 bonis
2245 947 2497 1002 refertam
2544 947 2837 1012 accedere,
2883 964 3044 1019 quam
3092 952 3367 1019 apparavit
3397 952 3513 1021 ipse

1920 1043 2082 1096 Deus.
2129 1041 2300 1097 Tanta
2329 1042 2472 1096 enim
2512 1041 2628 1110 ejus
2670 1041 2752 1095 vis
2792 1049 2908 1104 est,
2957 1049 3016 1096 ut
3050 1053 3272 1112 repente
3317 1057 3416 1097 nos
3443 1043 3512 1098 ad

1922 1135 2116 1190 czelum
2155 1136 2326 1204 ipsum
2356 1135 2564 1204 rapiat:
2595 1134 2641 1189 si
2672 1143 2848 1188 tamen
2876 1133 3019 1204 vigili
3047 1139 3227 1188 mente
3260 1135 3508 1190 attenda-

1920 1244 2058 1284 mus.
2103 1229 2286 1299 Neque
2310 1229 2452 1284 enim
2485 1228 2574 1298 qui
2598 1227 2796 1282 divinis
2824 1227 3162 1282 sermonibus
3197 1226 3510 1298 frequenter

1918 1324 2189 1378 institutus
2216 1330 2325 1387 est,
2346 1323 2400 1376 in
2427 1321 2528 1375 hoc
2551 1321 2640 1375 vili
2664 1329 2802 1374 statu
2826 1329 3004 1374 manet
3031 1337 3045 1373 :
3071 1319 3166 1374 sed
3197 1320 3501 1374 necessario

1918 1417 2094 1470 statim
2117 1415 2314 1480 evolat,
2341 1422 2396 1470 et
2424 1413 2706 1468 sublimem
2729 1413 2876 1468 illum
2902 1414 3032 1483 petit
3052 1413 3248 1479 locum,
3278 1413 3506 1468 immen-

1917 1507 2098 1576 sisque
2143 1506 2343 1575 potitur
2390 1505 2691 1559 thesauris:
2739 1519 2873 1573 quos
2925 1505 3124 1558 utinam
3177 1519 3272 1558 nos
3316 1519 3508 1560 omnes

1916 1613 2326 1667 consequamur,
2380 1599 2550 1668 gratia
2605 1605 2659 1652 et
2707 1597 3033 1667 benignitate
3087 1596 3292 1652 Domini
3337 1597 3506 1652 nostri

1916 1689 2317 1757 Jesu.Christi,
2351 1705 2446 1758 per
2485 1705 2642 1758 quem
2689 1697 2742 1743 et
2783 1703 2905 1742 cum
2954 1703 3060 1758 quo
3111 1688 3250 1742 Patri
3301 1689 3502 1759 gloria,

1915 1797 2127 1851 unaque
2155 1790 2339 1836 sancto
2365 1778 2606 1850 Spiritui,
2635 1794 2778 1835 nunc
2804 1790 2859 1834 et
2882 1793 3115 1848 semper,
3141 1791 3193 1833 et
3222 1779 3274 1832 in
3305 1779 3500 1833 saecula

1915 1874 2253 1930 smculorum.
2279 1874 2472 1926 Amen.

1640 2168 1987 2230 HOMILIA
2034 2167 2113 2228 II.

433 2359 564 2414 Car.
588 2359 639 2412 1.
671 2371 725 2409 v.
757 2355 808 2409 1.
839 2351 903 2406 1η
939 2349 1187 2422 principio
1216 2353 1323 2399 erat
1348 2339 1589 2396 Verbum.

291 2455 343 2508 1.
374 2452 430 2509 Si
473 2451 707 2505 Joannes
735 2462 834 2501 nos
860 2445 1227 2513 alloquuturus
1255 2444 1431 2500 esset,
1475 2439 1531 2488 et
1558 2445 1653 2486 sua
1678 2443 1806 2484 nar—

213 2555 459 2612 raturus,
485 2558 515 2597 e
542 2557 602 2596 re
632 2538 790 2603 foret,
814 2536 928 2607 ejus
949 2547 1118 2606 genus
1139 2572 1153 2596 ,
1188 2529 1412 2600 patriam
1444 2532 1498 2579 et
1527 2521 1806 2579 educatio-

216 2653 343 2692 nem
374 2647 677 2690 recensere.
711 2630 843 2698 Quia
881 2643 1008 2682 vero
1052 2639 1158 2678 non
1206 2622 1349 2692 ipse,
1402 2617 1496 2673 sed
1526 2631 1622 2685 per
1659 2613 1806 2667 illum

207 2729 361 2782 Deus
391 2725 679 2779 humanam
709 2719 994 2790 alloquitur
1023 2723 1290 2780 natu-ram,
1323 2707 1648 2781 superﬂuum
1677 2703 1808 2758 mihi

128 2797 132 2800 ⁵
218 2820 432 2875 videtur
462 2816 578 2871 hanc
613 2815 943 2884 disquirere;
980 2810 1087 2864 imo
1124 2821 1254 2862 vero
1281 2805 1333 2860 id
1356 2819 1461 2858 non
1490 2813 1808 2870 supervaca-

218 2929 382 2968 neum
411 2911 590 2973 fuerit,
623 2906 718 2962 sed
745 2905 899 2961 valde
922 2901 1303 2957 necessarium.
1336 2895 1467 2951 Cum
1507 2893 1647 2948 enim
1676 2889 1813 2944 didi-

217 3005 361 3060 ceris
390 3003 514 3074 quis
533 3044 548 3068 ,
595 2997 737 3054 unde
755 3039 772 3064 ,
801 3012 830 3050 a
871 2994 1063 3065 quibus
1091 3001 1242 3045 ortus
1263 3031 1276 3054 ,
1309 2986 1482 3059 qualis
1507 2983 1590 3038 vir
1619 2981 1808 3044 fuerit,

221 3096 523 3164 deindeque
570 3091 800 3145 audieris
840 3087 955 3156 ejus
980 3099 1163 3140 vocem
1191 3078 1686 3153 philos0phiamque
1725 3081 1810 3126 to-

223 3200 329 3242 tam
353 3229 367 3251 ,
397 3163 524 3241 tune
557 3184 718 3253 probe
749 3182 884 3236 scies
912 3180 1027 3233 haec
1065 3176 1224 3230 verba
1252 3189 1357 3226 non
1395 3170 1510 3240 ejus
1548 3181 1688 3229 esse,
1717 3163 1812 3218 sed

219 3282 419 3335 divinae
473 3277 714 3338 virtutis,
761 3274 876 3342 ejus
919 3271 1148 3326 animam
1193 3265 1474 3320 moventis.
1529 3261 1642 3327 Qua
1685 3271 1814 3328 ergo

223 3373 319 3425 fuit
340 3368 552 3440 patria?
572 3367 719 3440 Nulla
739 3363 948 3433 quidem
969 3361 1132 3432 patria
1159 3357 1236 3426 (α)
1252 3376 1268 3423 ;
1286 3353 1382 3410 sed
1394 3353 1593 3408 exvico
1615 3349 1816 3423 prodiit

219 3474 278 3518 et
307 3462 528 3533 regione
569 3459 774 3527 ahjecta
797 3499 810 3520 ,
843 3470 963 3522 qua:
1007 3451 1137 3506 nihil
1165 3448 1390 3518 alicujus
1417 3444 1573 3516 pretii
1623 3442 1807 3496 ferret.

217 3559 502 3613 Galilmam
536 3554 676 3607 enim
705 3558 1051 3606 contemnunt
1077 3543 1265 3599 scriba:
1292 3557 1413 3596 cum
1444 3541 1590 3593 aiunt
1614 3557 1626 3590 :
1647 3535 1816 3590 Inter-

219 3667 348 3720 roga
405 3658 454 3701 et
501 3645 632 3710 vide,
685 3641 820 3714 quod
864 3656 926 3694 ea:
973 3639 1186 3693 Galilwa
1226 3651 1327 3690 non
1369 3633 1529 3701 surgit
1572 3628 1816 3698 prop/tela

221 3739 435 3809 (Joan.
468 3739 522 3792 7.
553 3737 622 3792 59.
647 3735 690 3808 ).
743 3734 902 3789 Nihili
954 3731 1079 3785 facit
1127 3744 1242 3784 eam
1286 3727 1376 3780 ille
1431 3737 1640 3794 quoque
1692 3735 1816 3774 vere

225 3833 471 3888 Israelita
516 3830 703 3884 dicens
731 3846 743 3880 :
777 3825 860 3880 Ea:
891 3823 1113 3877 Nazaret
1142 3829 1300 3891 potest
1329 3815 1521 3887 aliquid
1551 3813 1666 3868 boui
1710 3827 1816 3866 esse

224 3929 425 3996 (Joau.
460 3927 512 3980 1.
543 3924 612 3979 46
635 3922 688 3993 )?
716 3920 902 3990 Neque
929 3919 1086 3988 igitur
1111 3931 1174 3971 ex
1209 3912 1399 3982 insigni
1429 3909 1674 3981 quopiatn
1699 3907 1816 3976 ejus

224 4017 467 4089 regionis
493 4016 611 4069 loco
635 4021 770 4068 erat.
800 4009 904 4066 Sed
936 4023 1109 4078 neque
1149 4020 1340 4060 nomen
1367 4004 1482 4073 ejus
1511 4001 1579 4055 ibi
1611 4008 1812 4064 notum,

225 4123 382 4182 patre
428 4111 691 4180 piscatore
733 4118 967 4175 paupere
999 4119 1013 4154 :
1045 4098 1172 4170 quin
1214 4100 1282 4152 ita
1314 4111 1544 4167 paupere
1589 4103 1640 4148 ut
1680 4092 1818 4146 filios

225 4207 418 4261 eadem
449 4204 501 4258 in
531 4213 647 4257 arte
672 4208 967 4256 exerceret.
995 4196 1152 4252 Scitis
1189 4210 1349 4265 porro
1377 4206 1584 4257 omnes,
1616 4191 1817 4244 nullum

226 4297 493 4351 artificem
512 4308 706 4363 cupere
730 4291 897 4345 ﬁlium
927 4304 1037 4343 sua:
1061 4287 1188 4341 artis
1215 4285 1464 4340 heredem
1493 4284 1815 4363 relinquere,

229 4391 335 4444 nisi
365 4402 576 4442 summa
605 4393 914 4454 paupertate
940 4390 1216 4444 coactum;
1250 4377 1479 4431 maxime
1505 4392 1630 4429 vero
1661 4375 1702 4427 si
1730 4361 1819 4427 ars

225 4481 298 4535 sit
341 4479 486 4532 vilis.
538 4473 895 4530 Piscatoribus
954 4488 1083 4528 vero
1141 4471 1267 4524 nihil
1316 4469 1636 4540 pauperius,
1687 4465 1818 4521 nihil

225 4571 528 4640 ahjectius;
559 4569 667 4622 imo
688 4566 818 4620 nihil
846 4564 1112 4620 indoctius
1138 4583 1150 4618 :
1174 4572 1406 4618 attamen
1438 4563 1574 4616 inter
1595 4577 1708 4627 eos,
1730 4560 1821 4614 alii

229 4663 492 4732 majores,
525 4659 612 4713 alii
644 4659 877 4712 minores
905 4665 1049 4711 sunt.
1082 4650 1368 4724 Apostolus
1391 4669 1519 4708 vero
1549 4655 1688 4707 inter
1718 4654 1821 4706 mi~

223 4769 396 4809 nores
421 4749 866 4821 computabatur:
887 4762 1055 4818 neque
1083 4747 1222 4801 enim
1252 4747 1304 4800 in
1337 4746 1466 4800 mari
1497 4745 1818 4814 piscabatur,

228 4847 329 4903 sed
365 4848 418 4900 in
451 4843 661 4900 modico
703 4853 890 4913 stagno
926 4841 1143 4910 :ibique
1173 4850 1472 4894 versantem
1503 4853 1624 4892 cum
1673 4848 1820 4908 patre

225 4949 286 4994 et
315 4937 522 4993 Jacobo
569 4935 763 5001 fratre,
800 4933 1111 5004 quibuscum
1153 4933 1286 4985 retia
1332 4929 1603 4985 reﬁciebat
1633 4929 1653 5002 (
1681 4930 1821 4998 quod

231 5041 352 5086 erat
382 5036 640 5084 extrema:
684 5024 1009 5096 paupertatis
1055 5022 1302 5077 indicium
1322 5021 1364 5093 ),
1395 5021 1638 5077 Christus
1666 5037 1823 5075 voca—

232 5123 332 5176 vit.
386 5120 524 5174 llinc
567 5118 877 5188 intelligitur
923 5132 1080 5187 quam
1125 5131 1319 5185 expers
1369 5114 1528 5169 fuerit
1583 5123 1824 5170 externae

233 5212 557 5280 disciplinas.
615 5209 858 5279 Alioquin
904 5224 1034 5263 vero
1072 5207 1242 5261 Lucas
1294 5206 1608 5261 testificatur
1649 5208 1822 5276 ipsum

235 5319 344 5356 non
401 5301 564 5354 modo
617 5301 832 5354 idiotam
869 5341 884 5363 ,
937 5299 1031 5355 sed
1091 5300 1252 5353 etiam
1304 5300 1609 5354 illiteralum
1661 5302 1824 5356 fuisse

243 5395 396 5454 (Act.
431 5395 485 5447 4.
519 5393 587 5448 15
611 5393 669 5465 );
717 5402 770 5446 et
804 5392 925 5460 jure
963 5391 1195 5461 quidem.
1228 5391 1357 5445 Nam
1393 5393 1479 5462 qui
1522 5395 1591 5446 ita
1624 5408 1825 5462 pauper

240 5496 388 5550 erat,
435 5493 496 5539 ut
537 5501 711 5555 neque
757 5484 930 5538 fotum
977 5485 1178 5548 adiret,
1225 5499 1397 5554 neque
1436 5499 1554 5538 cum
1586 5483 1824 5540 honestis

242 5578 447 5633 civibus
466 5587 796 5643 versaretur,
827 5575 922 5630 sed
951 5591 1073 5631 cum
1099 5576 1227 5631 solis
1253 5577 1474 5645 piscium
1499 5579 1824 5644 cauponibus

307 5715 380 5776 (ιι)
405 5720 549 5762 Juxta
568 5713 774 5776 Boisium
791 5719 852 5776 ~et
871 5711 1033 5773 savil.,
1049 5721 1155 5776 post
1169 5725 1335 5763 vocem
1354 5715 1528 5776 patria,
1555 5714 1827 5764 subiutelli-

248 5773 456 5841 gendum
483 5783 560 5824 est
577 5813 596 5841 Α,
621 5773 800 5836 insigni
828 5788 845 5823 :
877 5789 1023 5841 nemo
1049 5773 1192 5841 enim
1233 5781 1340 5841 sine
1355 5773 1522 5841 patria
1541 5786 1633 5826 est.
1660 5776 1828 5827 Melius

382 5821 464 5886 te}
472 5821 558 5887 liis
577 5821 957 5906 instauraretur,
963 5821 1016 5886 si
1029 5821 1540 5906 voci—patriocum
1545 5821 1726 5906 tiu:

248 5900 452 6010 me;
474 5908 594 5950 tunc
623 5903 751 5951 enim
771 5900 1043 5964 legeretur,
1065 5915 1129 5952 ea:
1151 5902 1284 5954 nulla
1306 5901 1497 5965 quidem
1523 5901 1725 5966 cit't'late,
1739 5906 1826 5956 sed

395 5973 453 6010 ὐ.

395 5973 453 6010 ῗυ.

564 6054 834 6114 ΡΑτιιοι..
883 6055 999 6116 Gn.
1053 6057 1205 6117 LIX.

1915 2343 1970 2388 et
1992 2335 2180 2404 coquis
2199 2374 2213 2399 ,
2245 2348 2349 2403 qua
2381 2333 2433 2387 in
2463 2348 2522 2387 re
2541 2331 2675 2388 feris
2699 2340 2754 2386 et
2783 2331 2948 2386 brutis
2973 2333 3212 2403 praeferri
3238 2336 3508 2402 potuerit?

1914 2427 2180 2498 quomodo
2209 2442 2314 2481 non
2344 2427 2565 2496 piscium
2598 2425 2761 2478 instar
2785 2433 2964 2478 mutus
2989 2425 3182 2480 fuerit?
3210 2425 3307 2480 llic
3325 2435 3502 2481 tamen

1917 2520 2166 2589 piscator,
2191 2519 2278 2588 qui
2310 2519 2451 2574 circa
2479 2527 2684 2588 stagna,
2711 2516 2842 2571 retia
2873 2525 2926 2570 et
2954 2516 3127 2587 pisces
3152 2519 3465 2574 versabatur
3485 2563 3503 2588 ,

1915 2627 1980 2664 ex
2005 2610 2287 2665 Bethsaida
2329 2609 2583 2675 Galilaiae,
2621 2619 2770 2679 patre
2810 2607 3072 2678 piscatore
3105 2625 3373 2680 paupere,
3404 2627 3504 2667 ex-

1917 2710 2084 2756 trema
2126 2699 2303 2771 inopia
2350 2701 2660 2766 laborante,
2710 2701 2797 2771 qui
2843 2699 2987 2755 rudis
3031 2711 3148 2755 erat
3198 2711 3254 2757 et
3295 2717 3505 2761 summe

1917 2794 2211 2863 imperitus,
2243 2794 2333 2864 qui
2358 2795 2538 2849 literas
2563 2809 2662 2849 nec
2687 2804 2831 2861 ante,
2864 2809 2962 2849 nec
2984 2805 3263 2866 postquam
3285 2797 3504 2854 Christo

1918 2885 2089 2950 hmsit,
2137 2883 2374 2950 edidicit,
2412 2883 2686 2938 videamus
2727 2884 2854 2953 quid
2896 2887 3164 2954 loquatur,
3211 2897 3266 2942 et
3311 2889 3505 2958 quibus

1916 2977 1984 3032 de
2013 2976 2173 3032 rebus
2199 2977 2477 3032 edisserat.
2503 2975 2638 3031 Num
2667 2974 2737 3030 de
2763 2977 2926 3047 agris,
2963 2977 3032 3032 de
3071 2979 3407 3046 fluminibus,
3435 2979 3507 3036 de

1918 3068 2142 3136 piscium
2167 3066 2527 3121 commercio?
2557 3065 2678 3120 talia
2707 3067 2849 3120 enim
2875 3068 3114 3122 fortassis
3143 3084 3209 3123 ex
3240 3071 3506 3140 piscatore

1917 3158 2101 3212 audire
2157 3158 2275 3226 quis
2328 3166 2620 3226 exspectet.
2673 3157 2869 3212 Verum
2929 3175 2997 3213 ne
3046 3161 3324 3226 timeatis;
3367 3163 3498 3218 nihil

1918 3249 2113 3319 quippe
2144 3249 2444 3318 hujusmodi
2468 3248 2780 3315 audiemus;
2813 3249 2906 3305 sed
2923 3251 3162 3308 caelestia
3193 3261 3418 3322 tantum,
3452 3265 3508 3311 et

1917 3356 2038 3410 quae
2087 3355 2243 3396 nemo
2297 3341 2552 3396 hactenus
2601 3343 2838 3398 edidicit.
2888 3343 3018 3398 Tam
3068 3346 3314 3401 sublimia
3361 3349 3506 3404 enim

1919 3431 2185 3501 dogmata,
2215 3441 2320 3486 tam
2352 3433 2664 3502 praeclarum
2693 3435 2816 3489 vita:
2840 3435 3156 3501 institutum,
3203 3446 3508 3508 tantamque

1920 3522 2306 3593 philosophiam
2356 3525 2510 3579 nobis
2553 3524 2758 3588 afferet,
2809 3535 3062 3595 quantam
3107 3543 3203 3597 par
3247 3538 3330 3583 est
3356 3546 3500 3596 etim,

1919 3615 2006 3684 qui
2033 3630 2099 3670 ex
2125 3615 2389 3669 thesauris
2409 3614 2641 3685 Spiritus
2669 3616 2875 3682 hausit;
2905 3617 2979 3689 (α)
3010 3618 3313 3689 [tamquam
3346 3622 3508 3676 modo

1919 3720 1984 3758 ex
2017 3706 2150 3759 caelo
2176 3705 2546 3770 descenderit;
2578 3707 2687 3760 imo
2725 3722 2898 3777 neque
2943 3722 3132 3763 omnes
3158 3711 3247 3780 qui
3287 3711 3339 3764 in
3375 3714 3508 3766 ca-lo

1919 3805 2072 3850 erant
2097 3796 2212 3852 hzec
2238 3798 2456 3851 seivisse
2483 3797 2772 3852 verisimile
2801 3807 2917 3864 est,
2947 3808 3004 3853 ut
3019 3801 3128 3868 jam
3158 3802 3325 3874 dixi.]
3357 3804 3506 3856 lla-e-

1916 3889 2069 3954 eine,
2098 3903 2282 3958 quaeso
2301 3929 2316 3952 ,
2346 3889 2628 3958 piscatoris
2671 3891 2867 3944 erant?
2895 3905 2962 3944 an
2993 3891 3269 3948 rhetoris?
3311 3906 3376 3948 an
3409 3909 3503 3948 so-

1921 3981 2114 4050 phista:
2158 3979 2243 4035 vel
2289 3980 2631 4052 philosophi?
2685 3997 2754 4036 an
2800 3981 3096 4054 cujuspiam
3147 3995 3373 4042 externa
3417 3987 3506 4042 illa

1922 4072 2110 4126 imbuti
2149 4072 2449 4141 sapientia?
2490 4072 2852 4143 Nequaquam.
2879 4073 3060 4145 Neque
3085 4077 3229 4132 enim
3261 4079 3508 4134 humanm

1920 4165 2115 4218 mentis
2140 4178 2361 4233 prorsus
2380 4173 2461 4218 est
2489 4163 2558 4219 de
2588 4165 2874 4219 immortali
2916 4165 3003 4219 illa
3039 4176 3093 4220 et
3136 4167 3288 4223 beata
3320 4179 3504 4223 natura

1922 4255 1994 4310 ita
2043 4255 2440 4325 philosophari,
2490 4271 2664 4326 neque
2709 4256 2778 4311 de
2824 4259 3177 4326 potestatibus
3226 4275 3344 4330 quae
3389 4269 3510 4328 post

1924 4349 2064 4402 illam
2099 4357 2257 4414 sunt,
2287 4349 2370 4404 vel
2400 4349 2468 4403 de
2500 4349 2900 4404 immortalitate
2940 4360 2993 4404 et
3031 4351 3136 4404 vita
3167 4361 3388 4416 aiterna,
3421 4354 3504 4407 vel

1923 4442 1991 4496 de
2036 4443 2346 4512 corporibus
2398 4442 2708 4498 mortalibus
2733 4485 2746 4509 ,
2799 4459 2920 4513 quze
2963 4443 3277 4498 immortalia
3318 4454 3501 4514 postea

1925 4533 2102 4589 futura
2149 4543 2302 4597 sunt,
2352 4534 2420 4590 de
2462 4535 2748 4605 supplicio,
2791 4535 2857 4590 de
2909 4533 3086 4589 futuro
3137 4535 3404 4601 tribunali,
3439 4537 3508 4593 de

1925 4625 2217 4680 rationibus
2266 4626 2539 4696 exigendis
2584 4642 2829 4696 operum,
2885 4626 3194 4695 verborum,
3231 4628 3512 4698 cogitatio-

1925 4734 2086 4783 num;
2117 4721 2254 4774 scire
2284 4719 2406 4788 quid
2449 4719 2520 4772 sit
2561 4718 2742 4783 homo,
2774 4719 2900 4788 quid
2933 4719 3195 4784 mundus;
3227 4721 3350 4790 quid
3384 4736 3509 4775 vere

1925 4808 2086 4862 homo
2115 4809 2217 4874 sit,
2250 4808 2376 4878 quid
2423 4808 2548 4862 illud
2577 4809 2719 4879 quod
2749 4810 2957 4864 videtur
2984 4823 3103 4866 esse
3122 4853 3136 4878 ,
3180 4827 3302 4866 cum
3328 4819 3506 4868 tamen

1925 4916 2032 4955 non
2059 4901 2160 4965 sit;
2185 4900 2310 4968 quid
2341 4901 2592 4972 nequitia,
2621 4901 2748 4972 quid
2780 4903 2970 4958 virtus.

1992 4995 2048 5047 2.
2085 4992 2386 5063 Philosophi
2411 4995 2602 5047 externi
2625 5010 2739 5048 cum
2759 4995 2961 5049 Joanne
2995 4997 3306 5066 comparati,
3335 5013 3503 5068 quan.

1927 5087 2022 5140 tuli
2048 5087 2146 5140 sint
2176 5084 2622 5155 pretii.—llorum
2648 5087 2890 5156 quaedam
2922 5087 3074 5143 Plato
3099 5099 3152 5144 et
3179 5089 3504 5160 Pythagoras

1919 5179 2100 5232 'rimati
2145 5188 2269 5232 sunt
2298 5197 2311 5232 :
2336 5181 2514 5233 caeteri
2543 5195 2770 5250 namque
2809 5181 3110 5251 philosophi
3154 5197 3258 5236 non
3299 5198 3504 5238 memo-

1928 5271 2112 5336 randi;
2145 5271 2217 5326 ita
2263 5287 2456 5342 nempe
2496 5272 2700 5327 ridiculi
2753 5289 2939 5329 omnes
2978 5273 3211 5329 fuerunt.
3241 5275 3338 5340 Qui
3379 5289 3507 5330 vero

1927 5364 2062 5433 apud
2093 5365 2214 5418 illos
2239 5365 2533 5419 admirandi
2576 5376 2629 5421 et
2672 5366 2964 5438 disciplinae
3007 5368 3274 5439 principes
3306 5368 3507 5424 haben-

1930 5470 2034 5521 tur,
2065 5458 2120 5513 hi
2149 5459 2377 5512 maxime
2405 5468 2530 5513 sunt
2559 5479 2571 5514 :
2600 5461 2687 5530 qui
2720 5461 2788 5516 de
2813 5461 3083 5532 republica
3116 5474 3170 5518 et
3199 5463 3268 5518 de
3301 5462 3506 5532 legibus

1926 5551 2168 5621 qnazdam
2198 5552 2492 5621 scripsere,
2522 5563 2576 5608 et
2607 5563 2781 5609 tamen
2827 5555 2879 5608 in
2924 5554 3172 5609 omnibus
3202 5557 3318 5625 plus
3345 5572 3506 5627 quam

1992 5724 2064 5788 (ra)
2097 5733 2208 5783 Quae
2231 5727 2421 5777 uncinis
2445 5726 2751 5788 clauduntur,
2777 5727 2983 5778 deerant
3005 5730 3054 5778 in
3090 5727 3232 5778 savil.
3261 5737 3314 5780 et
3336 5737 3502 5782 Morel.

1927 5787 2018 5858 Sed
2040 5800 2105 5858 ex_
2129 5801 2224 5858 uno
2247 5788 2422 5838 Codice
2437 5787 2847 5858 desumptasunt_,_
2867 5797 2917 5838 et
2945 5790 3067 5840 lecta
3095 5789 3328 5841 fueranta
3357 5797 3505 5842 Fran-

1930 5851 2057 5896 cisco
2079 5851 2298 5899 Aretino.
2323 5851 2461 5916 Quod
2473 5851 2639 5916 autem
2661 5853 2776 5900 dicit.
2797 5852 3178 5916 Chrysostomus.
3200 5867 3258 5903 ea
3277 5868 3386 5916 quze
3404 5868 3510 5904 nar-

1932 5917 2004 5982 rat
2026 5917 2234 5982 Joannes
2255 5913 2556 5982 evangelista
2579 5951 2590 5971 ,
2614 5928 2721 5982 _non
2755 5915 2981 5982 omnibus
3020 5917 3213 5978 angelis
3244 5913 3358 5965 nota
3390 5928 3504 5966 ante

1931 5973 2100 6032 fuisse,
2119 5973 2221 6031 jam
2237 5972 2432 6024 dixerat
2446 5988 2591 6034 supra
2611 5976 2658 6022 iu
2684 5978 2931 6026 I’rocemio.

3124 6061 3167 6120 2
