4074 6374
485 488 546 548 31
1168 476 1227 532 S.
1265 470 1541 531 JOANNIS
1576 463 2046 525 CHRYSOSTOMI
2087 459 2402 519 ARCHIEP.
2444 455 2979 513 CONSTANTINOP.
3692 447 3763 511 32

490 598 637 669 pueri
675 593 881 651 ridiculi
929 590 1093 667 habiti
1135 596 1263 644 sunt
1291 608 1304 642 :
1334 584 1476 656 quod
1527 582 1779 639 mulieres
1822 576 2072 669 omnibus

487 668 801 747 communes
831 684 1089 748 fecerint,
1119 680 1279 734 vitam
1308 679 1481 748 ipsam
1532 688 1748 744 pessum
1788 668 2070 733 dederim,

489 793 544 837 et
573 782 831 836 honorem
856 773 1106 832 connubii
1134 769 1472 839 deturparint
1498 809 1513 833 ,
1542 767 1751 835 aliaque
1776 760 2075 832 hujusmodi

433 870 447 937 Τ
487 872 713 929 ridicule
743 868 1057 929 statuerint;
1089 875 1142 919 et
1183 864 1235 918 in
1282 862 1364 916 his
1403 868 1570 916 totum
1598 859 1718 912 vita:
1748 865 1959 925 tempus
1986 853 2072 906 in-

433 946 442 1027 t
489 960 837 1032 sumpserint.
869 958 941 1011 De
969 956 1145 1010 anima
1185 968 1313 1008 vero
1352 950 1651 1006 doctrinam
1696 944 1935 1000 omnium
1962 952 2077 997 tur-

435 1034 440 1050 ’
488 1054 763 1124 pissimam
790 1056 1113 1111 statuerunt,
1139 1045 1268 1101 dum
1290 1045 1497 1098 animas
1523 1040 1820 1102 hominum,
1841 1050 2072 1098 muscas.

490 1146 694 1199 culices
716 1185 730 1205 ,
764 1142 979 1196 frutices
1008 1137 1144 1203 fieri,
1171 1137 1442 1205 Deumque
1481 1134 1651 1203 ipsum
1690 1131 1920 1184 animam
1959 1142 2080 1181 esse

491 1237 732 1291 dicerent
755 1250 771 1299 ;
798 1241 853 1286 et
880 1232 981 1285 alia
1007 1228 1251 1300 quaedam
1279 1225 1584 1297 turpissima
1614 1228 1937 1278 assererem.
1966 1217 2079 1273 Nec

493 1343 556 1382 en
577 1326 756 1380 solum
784 1323 852 1378 de
870 1336 1028 1376 causa
1059 1318 1304 1389 culpandi
1330 1334 1345 1373 :
1369 1315 1464 1371 sed
1484 1323 1539 1370 et
1562 1328 1785 1384 magnus
1826 1321 1909 1366 est
1951 1309 2080 1380 ipsis

493 1418 777 1474 verborum
811 1415 1080 1483 Euripus.
1104 1408 1564 1478 Quemadmodum
1593 1407 1737 1461 enim
1780 1404 1833 1459 in
1884 1403 2081 1471 Euripo

496 1509 601 1564 huc
630 1509 755 1564 illuc
776 1505 980 1575 jactati,
1006 1504 1083 1558 sic
1110 1516 1396 1572 numquam
1419 1500 1471 1554 in
1504 1497 1691 1553 iisdem
1714 1495 2077 1565 perstiterunt,

468 1596 680 1670 'utpote
706 1598 795 1668 qui
818 1612 881 1652 ex
912 1597 1110 1650 incerta
1132 1603 1186 1648 et
1207 1592 1347 1646 ﬂuxa
1371 1597 1551 1645 mente
1579 1591 1941 1658 loquerentur.
1978 1584 2081 1639 Ve-

494 1705 614 1743 rum
646 1703 751 1741 non
779 1688 848 1741 ita
872 1685 1105 1756 piscator
1136 1684 1240 1747 hic,
1263 1682 1352 1752 qui
1380 1680 1556 1735 omnia
1582 1689 1729 1735 certa
1753 1677 2077 1757 pronuntiat,

492 1792 551 1834 et
577 1780 728 1850 quasi
759 1779 811 1833 in
852 1786 998 1847 petra
1027 1786 1193 1837 stans,
1226 1789 1512 1844 numquam
1541 1772 1747 1827 titubat.
1775 1769 1906 1824 Cum
1937 1769 2080 1823 enim

498 1876 552 1927 in
581 1874 692 1942 ipsa
719 1870 875 1941 adyta
906 1869 1081 1923 induci
1104 1868 1350 1937 dignatus
1373 1867 1464 1930 sil,
1487 1874 1541 1920 et
1571 1866 1742 1934 ipsum
1768 1863 1959 1918 habeat
1981 1864 2083 1915 Do-

486 1966 700 2018 minum
729 1964 783 2016 in
823 1977 881 2016 se
908 1962 1233 2031 loquentem,
1266 1958 1394 2012 nihil
1423 1957 1710 2010 humanum
1740 1970 1927 2025 passus
1964 1962 2080 2018 est;

497 2065 552 2109 at
595 2056 670 2109 illi
716 2053 856 2108 haud
882 2067 1037 2108 secus
1076 2067 1233 2120 quam
1266 2051 1299 2105 ii
1328 2050 1415 2119 qui
1448 2064 1515 2102 ne
1548 2062 1643 2118 per
1667 2047 1933 2100 somnium
1960 2045 2081 2115 qui-

486 2147 621 2200 dem
668 2146 718 2200 in
759 2144 960 2214 regiam
990 2141 1207 2195 admissi
1248 2150 1407 2204 sunt,
1433 2138 1526 2193 sed
1556 2138 1607 2192 iu
1654 2136 1770 2191 foro
1798 2152 1919 2191 cum
1964 2137 2086 2190 aliis

500 2237 806 2309 permixtim
865 2234 1168 2289 hominibus
1220 2227 1700 2295 versantur,dum
1745 2244 1813 2283 ex
1870 2227 2085 2297 propria

498 2340 677 2386 mente
720 2330 788 2384 de
829 2328 1180 2383 invisibilibus
1209 2325 1605 2394 conjectarent,
1639 2324 1693 2378 in
1722 2337 1962 2377 summos
1990 2337 2083 2377 er-

500 2437 651 2477 rores
676 2422 999 2482 inciderunt,
1025 2420 1092 2474 de
1122 2418 1474 2474 ineﬂ‘abilibus
1496 2417 1763 2472 disserere
1787 2416 2020 2486 aggressi
2044 2416 2083 2482 ¹,

503 2524 560 2569 et
587 2514 738 2584 quasi
759 2513 886 2567 crcei
908 2512 991 2567 vel
1017 2511 1152 2566 ebrii
1180 2512 1232 2565 in
1254 2512 1369 2580 ipso
1396 2524 1579 2564 errore
1605 2518 1794 2563 contra
1820 2522 1879 2562 se
1903 2516 2088 2561 mutuo

501 2606 874 2674 impegerunt:
908 2617 1007 2656 nec
1034 2611 1218 2655 mutuo
1243 2609 1446 2654 tantttm
1472 2599 1560 2653 alii
1588 2607 1772 2653 contra
1796 2598 1929 2653 alios
1952 2638 1968 2663 ,
1992 2596 2087 2653 sed

501 2697 662 2754 etiam
691 2709 871 2751 secum
903 2693 971 2750 de
998 2692 1184 2751 iisdem
1216 2692 1376 2751 rebus
1401 2706 1612 2761 semper
1638 2700 1892 2761 pugnant.
1926 2690 2086 2759 Atqui

506 2791 594 2845 hic
623 2790 905 2845 illiteratus
928 2831 943 2855 ,
976 2789 1122 2843 rudis
1147 2829 1161 2853 ,
1190 2803 1258 2843 ex
1292 2786 1603 2847 Bethsaida,
1630 2780 1873 2837 Zebedrei
1906 2780 2046 2835 lilins
2070 2798 2085 2847 ;

504 2880 606 2935 etsi
634 2879 807 2936 Graeci
836 2879 1114 2933 nominum
1144 2877 1485 2947 asperitatem
1520 2860 1805 2930 admodum
1836 2874 2084 2937 rideant,

505 2973 672 3027 nihilo
699 2980 873 3027 tamen
901 2972 1130 3037 minore,
1161 2971 1269 3024 imo
1293 2969 1494 3039 majore
1519 2968 1707 3023 fiducia
1724 2968 1834 3038 jam
1857 2967 2043 3035 [equar
2070 2982 2084 3019 :

504 3072 708 3134 quanto
729 3066 871 3119 enim
901 3063 1070 3132 magis
1093 3061 1317 3115 barbara
1342 3060 1470 3129 ipsis
1493 3059 1700 3114 videtur
1728 3059 1871 3113 natio
1902 3058 2012 3121 illa,
2036 3066 2093 3113 et

503 3171 536 3209 a
566 3154 755 3211 Graeco
785 3153 1027 3209 instituto
1070 3152 1240 3207 aliena
1266 3193 1281 3217 ,
1310 3160 1457 3205 tanto
1505 3151 1863 3221 splendidiora
1909 3160 2091 3205 nostra

508 3247 851 3303 videbuntur.
881 3244 1013 3301 Cum
1060 3246 1202 3299 enim
1244 3244 1501 3299 barbarus
1548 3253 1603 3299 et
1645 3244 1889 3298 indoctus
1916 3258 1978 3299 ea
2009 3243 2091 3297 lo-

508 3350 722 3409 qualur,
762 3353 879 3409 quae
906 3337 1083 3391 nullus
1107 3336 1382 3390 hominum
1424 3350 1678 3405 umquam
1708 3343 1965 3399 noverat;
1995 3348 2094 3389 nec

510 3434 757 3503 loquatur
785 3430 967 3496 modo,
996 3430 1089 3485 sed
1120 3431 1279 3485 etiam
1320 3428 1542 3484 suadeat
1593 3429 1753 3499 (quod
1782 3430 1825 3483 si
1856 3428 1981 3483 illud
2008 3443 2094 3483 so-

511 3524 617 3577 lnm
640 3530 803 3589 esset,
836 3536 1084 3591 magnum
1113 3520 1253 3575 foret
1282 3520 1593 3574 miraculum
1616 3537 1629 3585 ;
1654 3534 1794 3574 nunc
1816 3535 1942 3575 vero
1970 3535 2097 3588 prte-

510 3625 595 3671 ter
623 3615 742 3680 hoc,
775 3615 935 3670 etiam
962 3613 1103 3668 aliud
1133 3614 1304 3683 majus
1332 3613 1705 3682 suppeditetur
1726 3623 2093 3684 argumentum

513 3707 655 3778 quod
690 3723 759 3764 ea
800 3723 920 3778 qum
947 3705 1197 3761 dicuntur
1226 3705 1482 3761 divinitus
1510 3706 1764 3775 inspirata
1805 3708 1941 3773 sint,
1974 3707 2096 3777 quia

515 3816 709 3870 nempe
735 3800 1066 3855 auditoribus
1098 3799 1348 3853 omnibus
1386 3814 1601 3869 semper
1621 3799 1915 3855 doctrinam
1946 3816 2097 3855 suam

518 3893 953 3964 persuaserint);
982 3894 1102 3962 quis
1130 3893 1509 3948 immanentetn
1542 3894 1593 3947 in
1622 3908 1688 3949 eo
1717 3894 1964 3949 virtutem
1993 3911 2099 3949 non

520 3984 836 4039 mirabitur?
881 3983 1014 4038 lllud
1056 3985 1233 4048 enim,
1265 3992 1323 4037 ut
1347 3983 1457 4052 jam
1501 3983 1646 4049 dixi,
1676 3986 1909 4040 maximo
1949 3987 2101 4056 signo

519 4086 623 4139 est,
648 4075 819 4145 ipsum
847 4089 951 4129 non
973 4089 1037 4129 ex
1062 4070 1243 4144 Seipso
1269 4074 1566 4128 doctrinam
1591 4084 1645 4130 et
1667 4075 1812 4145 leges
1838 4076 2098 4146 proferre.

524 4168 619 4221 llic
646 4167 825 4236 itaque
867 4166 1123 4220 barbarus
1152 4164 1429 4234 evangelio
1464 4179 1563 4219 suo
1607 4166 1913 4221 universum
1951 4182 2101 4221 com-

521 4255 801 4326 prehendit
848 4262 1073 4319 orbem,
1120 4269 1349 4323 corpore
1400 4262 1579 4309 autem
1650 4255 1880 4309 mediam
1934 4256 2105 4311 tenuit

522 4350 703 4404 Asiam
724 4389 740 4411 ,
768 4347 856 4401 ubi
884 4348 1009 4401 olim
1037 4346 1549 4416 philosophabantur
1577 4362 1763 4403 omnes
1792 4348 1992 4404 Grmcre
2020 4350 2105 4403 di-

524 4439 764 4508 sciplinae
792 4438 1070 4503 homines;
1100 4437 1329 4508 hincque
1361 4438 1693 4495 dtemonibus
1730 4448 1812 4495 est
1856 4440 2108 4495 formida-

525 4529 650 4583 bilis
675 4531 720 4595 ²,
743 4529 887 4598 quod
918 4529 969 4582 in
1000 4529 1231 4584 hostium
1261 4530 1438 4585 medio
1464 4529 1681 4601 fulgeat,
1710 4531 1922 4587 illorum
1969 4532 2105 4588 cali-

526 4621 700 4689 ginem
727 4621 1044 4690 exstinguat,
1064 4621 1472 4692 daemonumque
1494 4638 1669 4678 arcem
1692 4623 1868 4678 diruat
1895 4642 1908 4678 :
1933 4626 2106 4679 anima

526 4722 707 4765 autem
736 4712 788 4765 in
815 4726 935 4765 eum
966 4714 1188 4768 secessit
1211 4712 1407 4780 locum,
1438 4715 1524 4783 qui
1554 4716 1676 4769 talia
1702 4718 1940 4786 aperanti
1963 4734 2111 4772 com-

528 4809 756 4868 peteret.
778 4801 857 4855 Ac
899 4800 1205 4857 Griecorum
1247 4804 1460 4872 quidem
1506 4805 1786 4875 Opiniones
1836 4807 2110 4863 exstinctae

528 4891 825 4960 deletmque
864 4902 987 4946 sunt
1013 4909 1028 4958 ;
1060 4882 1220 4963 hujus
1246 4910 1373 4949 vero
1401 4910 1489 4950 res
1512 4895 1752 4966 quotidie
1781 4898 2109 4968 splendidio-

532 4999 617 5038 res
643 4984 892 5039 evadunt.
922 4984 1004 5039 Ex
1045 5001 1152 5055 quo
1180 4986 1325 5041 enim
1361 4986 1447 5041 hic
1489 4996 1545 5042 et
1591 4986 1783 5057 reliqui
1818 4989 2113 5059 piscatores

529 5074 785 5140 fuerunt,
844 5075 1157 5146 Pythagora:
1206 5077 1548 5149 Platonisque
1613 5078 1945 5150 disciplinae,
1995 5097 2114 5151 qua:

530 5165 681 5236 prius
702 5165 945 5221 obtinere
968 5167 1305 5235 videbantur,
1346 5170 1559 5225 silentio
1585 5170 1762 5225 missa:
1788 5181 1932 5238 sunt,
1959 5186 2023 5227 ac
2048 5188 2114 5228 ne

531 5259 749 5314 nomine
779 5258 994 5328 quidem
1022 5259 1142 5315 illos
1164 5269 1360 5315 norunt
1389 5261 1647 5331 plerique.
1670 5263 1830 5333 Atqui
1858 5263 2006 5318 Plato
2035 5274 2116 5334 ty-

538 5366 737 5405 rannos
764 5350 895 5404 adiit
922 5351 1143 5417 accitus,
1174 5360 1234 5406 ut
1259 5352 1425 5419 aiunt,
1451 5354 1653 5409 amicos
1686 5355 1869 5413 habuit
1897 5358 2112 5423 multos,

532 5451 690 5513 alque
716 5443 768 5497 in
790 5442 1020 5498 Siciliam
1046 5444 1309 5515 navigavit
1335 5462 1350 5500 :
1372 5446 1701 5519 Pythagoras
1722 5464 1848 5505 vero
1870 5466 2114 5521 magnam

571 5636 617 5708 ,ί
650 5636 860 5710 Itaque
1217 5639 1710 5710 disserereaggressi,
1736 5645 1900 5705 posuit
1922 5646 1970 5693 in
1994 5650 2113 5693 Mar-

532 5698 650 5808 fine
672 5698 1034 5771 S.avi_lius.,'lie'et
1054 5702 1105 5750 in
1122 5701 1305 5773 aliquot
1457 5698 1751 5767 habeantur;
1759 5720 1962 5769 quorum
1988 5721 2115 5757 unus

553 5765 657 5821 eg'tt
680 5760 1009 5821 mutabilibus,
1039 5777 1143 5821 pro,
1167 5763 1504 5821 men'abxhbus.

997 5800 1009 5823 ,
1039 5777 1143 5825 pro,
1167 5763 1504 5828 iﬁeﬂ'abilibus.

537 5843 997 5956 myxgalﬁinrque
1020 5847 1314 5900 dwmom'bus
1335 5854 1406 5900 est
1426 5848 1765 5914 formidabilis,
1799 5852 1851 5901 in
1868 5851 2030 5916 Savil.,
2062 5860 2116 5903 et

2181 573 2367 630 adiens
2378 572 2661 638 Graeciam,
2675 572 2970 643 praestigias
2987 564 3190 625 induxit
3209 568 3512 625 innumeras
3525 571 3620 641 (a);
3639 586 3761 627 nam

2180 663 2325 735 quod
2368 678 2491 717 cum
2538 660 2709 716 bobus
2757 660 3185 731 loqueretur(id
3234 661 3377 714 enim
3408 660 3476 715 de
3516 658 3607 718 illo
3637 677 3761 716 nar-

2181 758 2409 827 ratur),
2458 770 2564 809 non
2620 755 2722 810 nisi
2780 754 2985 825 magica
3048 762 3166 808 arte
3224 754 3467 823 praaStari
3532 765 3761 824 poterat.

2182 848 2427 917 Hincque
2448 846 2680 901 maxime
2709 846 2883 916 palam
2909 853 3013 912 est,
3044 844 3186 915 quod
3214 845 3261 900 is
3289 846 3377 915 qui
3408 847 3563 901 bruta
3588 848 3665 902 sic
3683 849 3766 902 al-

2183 939 2524 1010 loquebatur,
2553 938 2684 993 nihil
2710 937 2952 992 utilitatis
2978 931 3282 991 hominibus
3311 946 3587 1005 prmstaret
3611 979 3626 1001 ,
3659 938 3766 991 imo

2183 1031 2314 1101 ipsis
2358 1030 2582 1085 multum
2624 1037 2861 1086 noceret.
2900 1029 3060 1085 Certe
3086 1030 3259 1098 aptior
3281 1029 3349 1084 ad
3377 1028 3765 1101 phiIOSOphiam

2182 1131 2300 1177 erat
2329 1122 2601 1177 hominum
2648 1132 2835 1177 natura
2869 1130 3145 1177 :attamen
3192 1122 3280 1176 ille
3322 1136 3443 1176 cum
3478 1122 3669 1191 aquilis
3712 1132 3766 1176 et

2184 1214 2377 1280 bobus,
2406 1225 2464 1268 ut
2490 1214 2674 1279 aiunt,
2708 1230 2806 1284 per
2835 1214 3130 1285 prmstigias
3163 1214 3498 1285 loquebatur.
3519 1215 3639 1270 Non"
3677 1216 3768 1271 ille

2185 1309 2408 1363 rationis
2453 1316 2728 1376 expertem
2774 1317 3017 1362 naturam
3065 1308 3384 1364 rationalem
3434 1308 3664 1375 effecit;
3715 1310 3765 1364 id

2186 1398 2328 1469 quod
2369 1398 2535 1454 homo
2569 1413 2675 1453 non
2707 1408 2882 1469 potest
2912 1417 2925 1453 :
2961 1398 3054 1454 sed
3098 1399 3380 1469 praestigiis
3406 1401 3597 1455 stultos
3624 1402 3766 1456 deci-

2186 1490 2383 1557 piebat.
2414 1489 2532 1545 Non
2580 1490 2981 1545 utili’doctriua
3018 1490 3261 1545 homines
3295 1492 3642 1556 instituebat;
3673 1494 3768 1546 sed

2186 1583 2411 1637 docebat
2456 1584 2596 1639 idem
2646 1598 2767 1639 esse
2814 1582 2961 1639 fabas
3001 1582 3161 1639 edere
3190 1592 3247 1638 et
3271 1595 3546 1652 parentum
3597 1587 3768 1654 capita

2186 1672 2485 1739 devorare;
2513 1673 2950 1744 auditoribusque
2991 1675 3383 1744 persuadebat,
3410 1676 3649 1731 doctoris
3688 1680 3768 1732 sui

2187 1764 2418 1817 animam
2446 1805 2463 1829 ,
2493 1764 2651 1819 modo
2694 1765 2937 1819 fruticem
2964 1807 2978 1830 ,
3008 1765 3169 1820 modo
3210 1767 3439 1836 puellam
3459 1808 3475 1832 ,
3510 1768 3667 1822 modo
3694 1770 3771 1838 pi-

2188 1870 2332 1909 scem
2363 1855 2525 1911 ellici.
2556 1859 2749 1911 Annon
2773 1857 2895 1926 jure
2936 1857 3020 1912 illa
3047 1858 3307 1913 exstincta
3333 1860 3545 1928 penitus
3569 1861 3773 1916 deleta-

2188 1965 2293 2020 que
2320 1952 2485 2004 sunt?
2509 1951 2666 2006 Certe
2687 1951 2809 2020 jure
2837 1966 2899 2004 ac
2927 1952 3119 2005 merito
3137 1993 3152 2017 ,
3185 1961 3243 2006 ut
3282 1953 3419 2008 ratio
3448 1956 3769 2024 postulabat.

2188 2042 2260 2095 At
2281 2056 2385 2095 non
2413 2042 2491 2095 sic
2512 2041 2597 2095 illa
2623 2057 2741 2110 qum
2763 2041 2828 2095 ad
2854 2041 3040 2095 rudem
3070 2042 3217 2096 illum
3241 2050 3295 2098 et
3320 2044 3624 2099 illiteratum
3655 2062 3773 2115 per-

2191 2132 2395 2189 tinent:
2428 2149 2612 2189 verum
2657 2133 2778 2205 Syri
2805 2175 2818 2197 ,
2846 2133 3078 2205 Egyptii
3100 2177 3114 2199 ,
3146 2135 3290 2201 Indi,
3323 2136 3530 2205 Persa),
3564 2138 3774 2193 XEthin-

2191 2241 2307 2294 pes,
2338 2226 2737 2296 innumeraeque
2762 2227 2879 2281 alia:
2901 2236 3108 2296 gentes,
3134 2226 3381 2298 dogmata
3410 2230 3478 2283 ab
3499 2230 3589 2285 illo
3620 2232 3763 2285 indu-

2192 2328 2279 2372 cta
2327 2318 2379 2373 in
2432 2318 2662 2388 linguam
2716 2335 2866 2374 suam
2917 2318 3299 2377 transferentes
3328 2362 3343 2390 ,
3397 2322 3604 2377 barbari
3652 2324 3775 2381 licet

2190 2419 2393 2477 essent,
2424 2411 2789 2482 philosophari
2818 2412 3137 2467 didicerunt.

2261 2502 2315 2557 5.
2356 2501 2472 2557 Νοη
2503 2518 2630 2574 ergo
2659 2502 2856 2557 frustra
2884 2502 3125 2558 dicebam
3147 2545 3163 2571 ,
3194 2512 3362 2559 totum
3403 2505 3587 2562 orbem
3618 2508 3772 2563 thea-
3850 2490 3859 2498 ’

2192 2602 2331 2650 trum
2376 2595 2478 2665 ipsi
2519 2594 2699 2650 fuisse.
2729 2595 2912 2666 Neque
2948 2595 3091 2651 enim
3131 2597 3311 2652 missis
3350 2601 3772 2669 congeneribus,

2192 2702 2383 2741 vanam
2409 2688 2580 2743 brutis
2618 2687 2955 2743 instituendis
2981 2704 3199 2757 operam
3230 2690 3490 2760 ponebat;
3520 2692 3659 2762 quod
3686 2708 3777 2747 su-

2198 2793 2588 2849 pervacaneum
2641 2779 2873 2833 studium
2914 2787 2971 2834 et
3006 2780 3191 2849 ingens
3220 2780 3521 2850 insipientia
3549 2783 3771 2847 fuisset;

2194 2870 2288 2927 sed
2338 2880 2393 2927 et
2438 2870 2597 2942 hujus
2638 2880 2692 2926 et
2732 2872 2959 2925 aliorum
3007 2887 3200 2942 expers
3227 2874 3496 2940 vitiorum,
3530 2874 3582 2929 id
3612 2893 3773 2931 unum

2195 2965 2435 3031 curabat,
2456 2972 2513 3017 ut
2539 2971 2682 3018 totus
2709 2963 2856 3018 orbis
2886 2963 3011 3018 utile
3036 2963 3302 3034 quidpiam
3324 2966 3606 3034 edisceret,
3635 2970 3774 3038 quod

2195 3064 2378 3126 posset
2404 3056 2546 3109 illum
2573 3071 2601 3108 a
2627 3063 2767 3109 terra
2792 3056 2843 3109 in
2867 3055 3058 3109 cadum
3086 3057 3396 3112 transferre.
3422 3058 3648 3131 Ideoque
3670 3079 3775 3116 non

2196 3149 2425 3218 caligine
2451 3157 2505 3201 et
2531 3148 2765 3202 tenebris
2791 3148 3089 3203 doctrinam
3128 3164 3277 3204 suam
3310 3150 3563 3219 involvit,
3590 3164 3646 3209 ut
3678 3156 3774 3220 illi,

2197 3239 2286 3310 qui
2342 3254 2518 3308 pravae
2561 3238 2819 3294 doctrina:
2870 3254 2982 3294 sum
3032 3241 3411 3297 obscuritatem
3465 3259 3562 3299 ceu
3604 3247 3778 3301 velum

2198 3331 2483 3401 quodpiam
2510 3330 2904 3397 obtendebant;
2934 3331 3029 3387 sed
3061 3332 3219 3403 hujus
3248 3334 3495 3404 dogmata
3530 3348 3652 3393 sunt
3690 3355 3780 3394 ra-

2198 3423 2302 3479 diis
2339 3424 2604 3479 solaribus
2658 3424 2883 3479 clariora
2924 3443 2937 3478 :
2984 3425 3103 3481 ideo
3151 3429 3398 3483 omnibus
3447 3446 3541 3500 per
3595 3432 3779 3487 orbem

2200 3515 2505 3571 hominibus
2536 3518 2791 3587 patefacta
2821 3528 2964 3577 sunt.
2999 3518 3114 3574 Non
3157 3521 3298 3575 enim
3336 3523 3571 3593 quinque
3615 3540 3784 3581 annos

2200 3623 2319 3662 rum
2344 3609 2614 3663 silentium
2633 3609 3007 3665 accedentibus
3028 3611 3340 3680 imperabat,
3367 3626 3420 3668 ut
3439 3615 3559 3681 ille;
3590 3633 3687 3672 nec
3708 3620 3785 3675 sic

2200 3699 2424 3755 'docebat
2450 3744 2462 3765 ,
2488 3712 2543 3755 ut
2574 3702 2967 3758 insensibilibns
2996 3704 3256 3774 lapidibus
3288 3708 3579 3776 assideret;
3614 3728 3785 3781 neque

2204 3796 2442 3848 numeris
2468 3796 2644 3849 omnia
2668 3796 2875 3850 definiri
2903 3796 3268 3853 fabulabatur:
3294 3801 3385 3855 sed
3414 3803 3617 3865 abiecta
3640 3807 3783 3859 omni

2205 3884 2510 3955 hujusmodi
2543 3887 2744 3956 ingrata
2773 3887 3013 3943 doctrina
3040 3898 3094 3944 et
3122 3892 3355 3958 pernicie
3384 3897 3639 3963 sataniea,
3672 3909 3788 3952 lan-

2207 3985 2312 4030 tam
2337 3977 2511 4031 verbis
2537 3977 2819 4032 admiscuit
2840 3978 3160 4045 facilitatem,
3188 3991 3242 4036 ut
3265 4000 3368 4037 non
3396 3987 3555 4041 modo
3581 3990 3706 4042 viris
3734 4000 3789 4045 ct

2206 4067 2531 4136 sapientibus
2555 4108 2569 4132 ,
2600 4067 2691 4123 sed
2719 4070 2876 4123 etiam
2908 4072 3232 4125 mulierculis
3266 4082 3317 4127 et
3364 4074 3789 4133 adolesreutihus

2207 4160 2343 4213 dicta
2373 4159 2548 4212 omnia
2576 4162 2854 4229 perspicua
2882 4172 3080 4217 essent.
3112 4163 3200 4217 Illa
3231 4166 3373 4219 enim
3404 4182 3526 4220 vera
3563 4180 3615 4223 et
3643 4172 3789 4224 utilia

2208 4249 2491 4315 audituris,
2512 4266 2632 4305 esse
2645 4244 2987 4306 confirmavit
3004 4262 3190 4320 totum,
3220 4256 3361 4325 quod
3386 4269 3564 4328 postea
3593 4278 3793 4329 sequu-

2210 4350 2320 4397 tum
2351 4355 2452 4409 est,
2478 4353 2686 4414 tempus
2714 4362 2726 4398 :
2757 4361 2876 4399 nam
2908 4355 3074 4400 totum
3105 4348 3170 4402 ad
3203 4364 3261 4403 se
3293 4355 3549 4419 pertraxit
3579 4356 3787 4421 urbem,

2210 4441 2265 4488 et
2288 4433 2358 4487 ab
2386 4435 2530 4489 omni
2569 4435 2737 4489 aliena
2772 4438 3023 4507 lragmdia
3052 4439 3214 4493 vitam
3242 4452 3480 4497 nostram
3510 4444 3789 4513 liberavit,

2211 4538 2494 4597 postquam
2518 4528 2631 4582 haec
2651 4530 2826 4583 audita
2857 4529 3024 4585 fuere.
3041 4532 3375 4603 Quapropter
3400 4546 3655 4608 quotquot
3678 4538 3791 4595 hwc

2212 4617 2459 4674 audimus
2497 4619 2725 4673 animam
2752 4619 3025 4676 effundere
3053 4633 3298 4693 optamus
3334 4627 3541 4695 potius,
3573 4644 3728 4698 quam
3761 4647 3791 4685 a

2213 4710 2549 4780 dogmatibus
2578 4713 2644 4767 ab
2685 4714 2777 4768 illo
2826 4714 3030 4769 traditis
3056 4717 3393 4773 absistamus.
3425 4720 3557 4775 Hinc
3586 4738 3715 4793 ergo
3743 4735 3797 4779 et

2215 4806 2361 4860 omni
2387 4822 2451 4861 ex
2476 4817 2627 4877 parte
2654 4808 2837 4877 liquet,
2869 4809 3002 4863 nihil
3029 4808 3315 4866 humanum
3344 4814 3411 4866 ab
3434 4814 3569 4883 ipso,
3602 4817 3696 4871 sed
3726 4818 3799 4870 di-

2215 4901 2335 4954 vina
2366 4910 2419 4956 et
2448 4901 2676 4956 caelestia
2705 4917 2824 4959 esse
2850 4903 3092 4973 dogmata
3120 4948 3133 4970 ,
3159 4923 3275 4977 qua:
3298 4923 3328 4962 a
3354 4908 3530 4965 divina
3568 4909 3656 4964 illa
3684 4912 3801 4963 ani-

2216 5006 2303 5045 ma
2330 4992 2398 5046 ad
2424 5006 2519 5047 nos
2547 5005 2920 5062 pervenerunt.
2963 4996 3143 5066 Neque
3170 4998 3312 5053 enim
3338 5000 3620 5056 verborum
3655 5012 3797 5057 stre-

2220 5084 2407 5153 pitum,
2439 5100 2544 5138 non
2571 5082 2820 5141 dictionis
2863 5086 3063 5155 fucum,
3098 5105 3269 5160 neque
3310 5093 3583 5148 nominum
3607 5094 3801 5148 verbo-

2220 5192 2445 5247 rumque
2486 5189 2732 5243 ornatnm
2776 5190 2831 5235 et
2873 5182 3313 5250 compositionem
3354 5185 3677 5254 superfluam
3712 5188 3796 5241 vel

2222 5267 2461 5323 inutilem
2494 5269 2790 5325 videbimus
2818 5271 2955 5342 (haec
2982 5274 3177 5342 quippe
3201 5275 3382 5342 procul
3408 5287 3530 5331 sunt
3554 5276 3621 5330 ab
3650 5278 3800 5332 omni

2221 5359 2611 5431 philosophia);
2642 5362 2737 5416 sed
2767 5364 2871 5416 vim
2902 5364 3148 5417 invictam
3180 5374 3234 5419 et
3258 5365 3513 5431 divinam,
3545 5376 3600 5422 et
3625 5379 3804 5424 recto-

2222 5465 2338 5503 rum
2384 5451 2688 5521 dogmatum
2735 5454 3046 5509 immensam
3095 5456 3387 5524 virtutem,
3434 5459 3801 5516 innumerabi-

2284 5563 2356 5626 (a)
2402 5572 2471 5631 De
2494 5565 2763 5616 Platonisin
2786 5566 2986 5631 siciliam
3029 5568 3232 5631 appulsu
3272 5571 3412 5619 multi
3451 5578 3790 5627 narravean

2221 5622 2302 5675 De
2328 5622 2625 5694 _'Pythagor:e
2656 5642 2774 5694 eum
2811 5630 2976 5694 bobus
3000 5622 3247 5694 et'a'qnilis
3268 5632 3512 5694 colloquio
3541 5622 3803 5694 umquam

2220 5700 2304 5735 me
2328 5685 2751 5758 legere'rnemini;
2777 5691 2866 5758 nisi
2889 5688 3015 5758 forte
3033 5685 3276 5758 referatur
3294 5695 3352 5742 ad
3372 5685 3562 5758 id'quod
3586 5698 3649 5744 ait
3671 5685 3804 5744 ’Βίο-

2222 5761 2382 5819 genes
2422 5752 2633 5819 Laertius
2671 5753 2722 5819 in
2746 5751 2978 5819 principio
3000 5754 3114 5819 vita:
3138 5756 3435 5817 Pythagorae,
3453 5751 3664 5805 'antmam
3690 5759 3803 5819 ejus

2224 5765 2382 5819 genes
2422 5765 2633 5799 taeruus
2673 5765 2722 5799 ιιι
2746 5765 2978 5861 ρτιηοιξιο
3002 5765 3114 5802 vute
3138 5765 3435 5817 Pythagorae,
3460 5770 3664 5805 animam
3690 5765 3801 5819 ejus

2224 5823 2274 5857 m
2295 5824 2418 5877 quas
2440 5810 2593 5877 vellet
2614 5813 2815 5861 arbores
2833 5826 2895 5861 ve
2935 5816 3205 5864 animantes
3228 5820 3598 5877 commigrasse;
3617 5829 3801 5869 cetera

2222 5873 2428 5983 {made
2469 5873 2726 5936 Pythagora
2748 5883 3024 5939 sequuntur
3038 5912 3053 5937 ,
3082 5878 3190 5927 vide
3212 5878 3338 5941 apud
3360 5873 3635 5943 Diogenem
3657 5886 3800 5929 Laer-
