4074 6374
282 372 364 429 55
1426 378 1491 432 lN
1529 378 1841 436 JOANNEM
1886 383 2114 441 llOMlL.
2158 389 2221 443 ll.
2262 394 2332 447 al.
2373 393 2410 447 l.
3494 413 3579 472 δεμ

285 486 527 556 liunique
556 486 817 542 bonorum
862 488 1217 560 largitionem.
1248 490 1381 544 Nam
1412 494 1461 546 in
1494 493 1870 563 prmdicatione

284 582 452 634 nimia
482 581 765 636 verborum
789 583 1070 638 curiositas
1108 584 1380 653 superﬂua
1409 596 1572 652 esset,
1604 597 1660 642 et
1684 589 1872 658 sophi-

281 673 378 724 siis
397 672 554 742 digna
574 688 590 738 ;
610 672 716 728 imo
736 689 842 729 non
859 674 1132 745 sopliistis,
1151 676 1246 730 sed
1266 677 1440 745 pueris
1463 679 1831 749 insipientibus
1853 701 1868 750 ;

279 764 352 817 ita
385 774 444 817 ut
467 765 606 834 apud
627 779 722 820 eos
747 767 861 835 ipse
887 767 1234 836 phil050phus
1258 769 1533 825 induceret
1558 783 1869 843 magistrum

278 872 437 909 suum
465 872 624 926 quem
652 871 765 913 sua:
797 859 926 914 artis
950 859 1202 929 pudebat,
1234 862 1430 932 quique
1454 862 1664 918 dicebat
1687 865 1872 934 judici-

277 947 380 1000 lius
410 948 558 1016 ipsos
579 947 856 1002 audituros
881 950 948 1002 ab
973 965 1032 1005 se
1055 965 1177 1006 esse
1204 952 1364 1006 verba
1396 953 1513 1007 sine
1541 954 1783 1017 artiﬁcio,
1816 965 1870 1010 et

276 1047 331 1090 ut
376 1053 537 1092 casus
569 1037 770 1093 ferebat
793 1081 808 1105 ,
841 1039 1079 1108 prolata;
1115 1058 1220 1096 non
1250 1044 1526 1113 exquisitis
1561 1055 1746 1099 ornata
1781 1046 1868 1100 di-

272 1131 396 1192 ctis,
425 1145 530 1184 non
574 1131 754 1185 verbis
777 1140 833 1186 et
861 1131 1166 1188 nominibus
1199 1133 1413 1189 selectis
1460 1134 1652 1190 fucata.
1684 1136 1868 1206 Neque

273 1223 420 1274 enim
452 1236 547 1290 par
570 1232 690 1285 est,
720 1223 1013 1292 inquiebat,
1043 1237 1076 1278 o
1106 1225 1228 1293 viri,
1260 1226 1416 1295 hujus
1455 1230 1628 1282 aetatis
1655 1229 1860 1294 virum,

270 1313 634 1368 adolescentis
659 1314 900 1383 proferre
921 1315 1082 1370 verba
1109 1332 1288 1372 coram
1315 1320 1464 1374 vobis
1481 1321 1767 1389 judicibus.
1787 1323 1866 1378 Ac

271 1405 394 1459 vide
420 1419 582 1474 quam
619 1406 689 1458 sit
731 1406 857 1460 illud
890 1407 1191 1464 ridiculum.
1214 1411 1384 1476 Quam
1415 1413 1556 1466 enim
1585 1429 1701 1468 rem
1729 1424 1866 1468 tam-

269 1515 431 1568 quam
466 1512 698 1573 turpem,
725 1503 1054 1575 philosophia
1087 1507 1378 1577 indignam,
1412 1509 1864 1566 adole-centium-

267 1608 372 1661 que
399 1608 560 1662 opus,
588 1596 899 1666 magistrum
926 1614 1082 1652 suum
1105 1598 1287 1669 fugere
1307 1600 1459 1667 dixit,
1487 1602 1608 1658 huic
1632 1604 1861 1658 maxime

267 1684 383 1752 ipse
404 1700 625 1754 operam
647 1688 812 1742 dedit.
843 1689 912 1742 lta
939 1689 1132 1759 ubique
1151 1691 1426 1746 ambitioni
1447 1693 1730 1749 studebant
1750 1695 1856 1760 illi;

266 1778 342 1844 (a)
379 1776 646 1847 [nihilque
691 1790 884 1848 prmter
923 1781 1024 1834 hoc
1056 1781 1106 1834 in
1140 1781 1364 1837 Platone
1393 1783 1743 1840 admiratione
1785 1785 1862 1840 di-

261 1885 425 1938 gnum
447 1870 707 1943 videtur.]
729 1874 803 1926 Ac
825 1875 1271 1942 quemadmodum
1290 1877 1334 1930 si
1351 1879 1592 1946 sepulcra
1619 1880 1856 1935 exterius

264 1960 519 2015 dealbata
551 1966 848 2033 aperueris,
880 1967 1048 2032 sanie,
1074 1966 1286 2032 fmtore,
1315 1971 1690 2040 corruptisque
1715 1973 1854 2026 ossi-

260 2051 360 2111 bus
388 2053 548 2122 plena
572 2055 777 2109 videbis
804 2073 816 2107 :
851 2057 922 2110 ila
966 2057 1009 2110 si
1057 2058 1363 2129 philosophi
1393 2061 1639 2130 dogmata
1665 2062 1852 2118 dictio-

258 2147 343 2199 nis
393 2159 590 2202 ornatu
638 2149 946 2214 nudaveris,
997 2152 1162 2206 multa
1205 2153 1409 2208 videbis
1458 2155 1856 2213 abominatione

258 2237 452 2306 plena;
487 2240 721 2294 maxime
746 2241 790 2294 si
819 2241 884 2296 de
913 2243 1088 2297 anima
1119 2244 1547 2315 philosophetur,
1579 2263 1736 2318 quam
1767 2250 1851 2304 ni-

256 2333 364 2384 niio
390 2332 598 2388 honore
636 2335 702 2389 ad
729 2336 1117 2405 blasphemiam
1165 2351 1333 2410 usque
1371 2340 1556 2394 afﬁcit.
1588 2343 1682 2396 llic
1708 2345 1851 2398 enim

254 2424 557 2479 diabolicus
580 2427 802 2497 laqueus
831 2436 933 2495 est,
963 2445 1272 2485 mensuram
1301 2447 1562 2502 nusquam
1592 2448 1808 2489 servare
1829 2476 1844 2501 ,

254 2518 344 2570 sed
373 2518 426 2570 in
459 2527 748 2589 utrumque
781 2528 1142 2576 extremarum
1173 2523 1264 2576 illo
1291 2533 1476 2592 captos
1509 2541 1603 2594 per
1632 2542 1848 2596 pravam

253 2610 556 2663 doctrinam
585 2607 872 2667 deducere.
905 2612 1058 2668 Nunc
1098 2617 1241 2670 enim
1293 2616 1434 2671 illam
1482 2633 1546 2672 ex
1589 2618 1682 2673 Dei
1722 2619 1849 2674 sub-

253 2705 447 2758 stantia
477 2719 602 2760 esse
628 2705 789 2772 dicit;
822 2721 964 2762 nunc
995 2707 1136 2761 illam
1168 2717 1360 2777 prieter
1385 2709 1603 2765 modum
1651 2721 1707 2767 et
1747 2713 1847 2766 im-

255 2800 337 2868 pie
378 2799 581 2853 elatam
609 2840 624 2865 ,
653 2815 749 2869 per
792 2799 1015 2854 alteram
1055 2801 1384 2873 hyperbolen
1416 2804 1686 2874 deturpat,
1717 2804 1844 2860 dum

254 2892 394 2944 illam
429 2891 482 2943 in
517 2905 731 2959 porcos,
755 2892 953 2958 asinos,
988 2893 1146 2962 inque
1173 2893 1356 2948 viliora
1386 2896 1670 2950 animantia
1700 2896 1848 2950 indu-

251 2986 340 3038 cit.
373 2983 482 3039 Sed
515 2983 635 3038 baec
672 2985 802 3037 satis
844 2997 1036 3050 sunto;
1063 2986 1171 3039 imo
1200 2985 1336 3040 ultra
1383 2987 1598 3041 modum
1645 2987 1715 3044 de
1759 2988 1843 3043 his

252 3079 630 3138 disseruimus.
658 3082 713 3137 Si
736 3083 862 3153 quid
892 3084 1032 3137 enim
1066 3085 1193 3139 utile
1215 3084 1280 3138 ab
1310 3085 1412 3139 illis
1446 3085 1608 3141 edisci
1639 3094 1839 3154 posset,

253 3172 495 3241 pluribus
540 3174 606 3228 iis
651 3174 898 3230 insistere
945 3177 1304 3244 oportuisset;
1353 3176 1434 3231 sin
1481 3193 1606 3232 vero
1635 3186 1838 3232 tantum

249 3276 509 3335 quantum
547 3266 614 3321 ad
642 3283 830 3322 eorum
876 3267 1249 3322 declarandam
1297 3269 1683 3337 turpitudinem
1712 3271 1841 3324 satis

249 3367 416 3425 esset,
447 3358 738 3414 dicendum
769 3361 1024 3430 oportuit,
1059 3359 1172 3414 haec
1203 3361 1319 3430 plus
1341 3376 1498 3430 quam
1536 3361 1665 3415 satis
1693 3370 1836 3415 sunt.

246 3453 425 3518 Quare
454 3452 639 3508 missis
667 3451 874 3506 illorum
904 3452 1096 3506 fabulis
1125 3494 1139 3517 ,
1168 3451 1279 3521 jam
1311 3459 1488 3506 nostra
1516 3454 1840 3522 attingamus

247 3547 495 3613 dogmata
518 3585 532 3609 ,
562 3560 679 3613 qua:
720 3544 874 3598 nobis
915 3559 1007 3612 per
1047 3541 1267 3613 hujusce
1299 3543 1578 3612 piscatoris
1602 3543 1838 3613 linguam

244 3639 311 3692 de
335 3639 472 3693 caelo
501 3638 732 3692 demissa
762 3646 920 3701 sunt,
954 3652 1180 3706 qumque
1230 3636 1365 3689 nihil
1411 3635 1607 3690 habent
1645 3636 1836 3689 huma-

245 3748 391 3785 nuni.
431 3733 545 3800 Age
574 3745 702 3802 ergo
727 3772 740 3795 ,
770 3729 883 3784 haec
917 3729 1053 3784 dicta
1081 3729 1132 3782 in
1167 3728 1399 3782 medium
1429 3727 1715 3783 aﬁ‘eramiis
1735 3769 1748 3792 ,
1781 3735 1836 3782 et

244 3835 300 3876 nt
325 3825 481 3878 iiiitio
509 3823 709 3878 hortati
738 3837 942 3887 sumus,
971 3821 1127 3876 dictis
1157 3836 1277 3876 esse
1304 3820 1702 3883 attendendum,
1733 3819 1834 3872 hoc

244 3931 390 3969 nunc
421 3916 613 3970 iterum
638 3929 941 3968 monemus.
965 3912 1100 3980 Quid
1128 3928 1255 3983 ergo
1277 3891 1425 3966 initio
1451 3911 1578 3965 dicit
1607 3925 1836 3980 evange-

243 4009 410 4062 lista?
455 4009 506 4061 i.
555 4007 623 4060 In
672 4009 920 4077 principio
951 4017 1056 4061 erat
1096 4005 1331 4073 Verbum,
1379 4016 1425 4059 et
1465 4004 1680 4059 Verbum
1726 4015 1833 4059 erat

242 4102 382 4171 apud
407 4100 594 4155 Deum.
624 4101 870 4157 Vidistin‘
901 4103 1145 4156 ﬁduciam
1172 4111 1226 4155 et
1270 4101 1374 4156 vim
1401 4100 1685 4157 verborum
1715 4117 1830 4156 ma-

243 4196 486 4250 ximam?
529 4196 798 4266 quomodo
840 4194 970 4248 nihil
1013 4193 1298 4257 dubitans,
1333 4193 1463 4247 nihil
1507 4193 1822 4262 conjiciens,

240 4291 330 4343 sed
363 4291 547 4343 omnia
573 4287 890 4342 afﬁrmaiitis
933 4302 1080 4341 more
1113 4285 1399 4356 loquatur?
1426 4285 1536 4340 Hoc
1568 4293 1652 4340 est
1683 4287 1825 4340 enim

239 4383 474 4437 doctoris
494 4423 509 4447 ,
547 4398 656 4436 non
681 4381 933 4436 vacillare
965 4381 1015 4434 in
1047 4381 1110 4434 iis
1140 4396 1256 4448 qua:
1297 4380 1512 4448 profert.
1547 4379 1678 4433 Nam
1704 4380 1746 4434 si
1780 4378 1825 4433 is

239 4478 326 4546 qui
356 4477 493 4530 alios
527 4475 790 4540 instituit,
819 4475 986 4529 altero
1011 4487 1144 4543 opus
1176 4473 1402 4541 habeat,
1436 4472 1523 4544 qui
1554 4473 1691 4528 dicta
1727 4487 1823 4526 sua

238 4567 560 4621 conﬁrmare
590 4567 756 4636 possit
780 4608 794 4630 ,
825 4582 930 4620 non
975 4565 1250 4619 doctorum
1273 4607 1288 4631 ,
1317 4565 1413 4619 sed
1442 4563 1819 4633 discipulorum

236 4661 476 4714 ordinem
496 4661 619 4730 jure
641 4661 894 4715 obtineat.
915 4659 970 4714 Si
998 4661 1117 4729 quis
1138 4675 1266 4714 vero
1295 4659 1507 4721 dixerit,
1525 4658 1631 4712 Cur
1653 4658 1819 4726 prima

235 4755 428 4806 omissa
457 4767 642 4816 causa,
674 4752 849 4806 statim
891 4751 1044 4804 nobis
1071 4751 1137 4806 de
1169 4751 1400 4806 secunda
1428 4749 1682 4803 disserit?
1713 4750 1820 4817 pri-

235 4861 372 4898 mum
403 4855 459 4899 et
486 4844 782 4899 secundum
813 4845 898 4898 hic
922 4844 1102 4898 dicere
1128 4843 1494 4899 recusabimus
1527 4861 1540 4896 :
1569 4841 1816 4897 divinitas

231 4941 367 4993 enim
397 4948 454 4993 et
480 4953 709 4992 numero
735 4947 788 4993 et
815 4947 1112 5007 temporum
1154 4938 1531 5009 consequentia
1573 4938 1817 5006 superior

229 5042 324 5085 est.
357 5031 595 5101 ideoque
639 5030 720 5084 his
757 5030 1078 5099 repudiatis,
1124 5029 1334 5085 Patrem
1380 5030 1696 5085 conﬁtemur
1741 5044 1812 5084 ex

231 5124 370 5176 nullo
403 5139 547 5184 esse,
583 5123 881 5194 Filinmque
906 5139 972 5177 ex
1002 5123 1159 5177 Patre
1186 5133 1390 5178 natum.

292 5217 344 5269 4.
389 5215 494 5270 Cur
523 5215 772 5282 Joannes,
811 5216 985 5268 relicto
1041 5213 1232 5280 Patre,
1282 5215 1345 5268 de
1388 5213 1525 5268 Filio
1573 5214 1808 5268 disserat.

234 5303 595 5360 Describuntur
640 5307 892 5376 sapientia
955 5316 1001 5359 et
1052 5306 1333 5359 sublimitas
1378 5305 1709 5375 euangelistie.
1740 5333 1812 5344 --

234 5398 408 5464 Recte,
441 5400 655 5469 inquies
687 5417 701 5451 :
733 5413 915 5454 verum
945 5415 1042 5454 cur
1083 5401 1274 5453 relicto
1325 5400 1500 5465 Patre,
1552 5399 1620 5454 de
1674 5399 1808 5453 Filio

231 5489 473 5544 disserit?
509 5492 646 5559 Quia
677 5490 767 5545 ille
799 5492 1043 5561 cognitus
1069 5491 1315 5544 omnibus
1343 5499 1478 5552 erat,
1522 5491 1567 5545 si
1602 5506 1707 5544 non
1750 5499 1808 5545 ut

233 5579 396 5645 Pater,
424 5582 618 5636 saltem
649 5590 709 5635 ut
731 5581 869 5635 Deus
903 5600 916 5632 :
949 5580 1262 5651 Unigenitus
1283 5596 1411 5634 vero
1441 5581 1801 5650 ignorabatur.

236 5668 448 5738 Ideoque
477 5674 597 5743 iure
627 5689 658 5727 a
693 5673 953 5742 principio
982 5674 1160 5727 statim
1188 5673 1304 5742 ejus
1335 5673 1575 5726 notitiam
1622 5672 1804 5729 indere

287 5825 360 5889 (α)
387 5839 498 5887 ρυλε
521 5832 718 5881 uncinis
735 5825 1038 5893 clauduntur,
1066 5830 1203 5882 savii.
1230 5831 1278 5882 in
1313 5831 1534 5892 margine
1554 5825 1736 5890 posuit.

1982 499 2199 558 festinat
2239 505 2303 559 iis
2343 507 2433 576 qui
2473 507 2643 578 ipsum
2693 524 2800 565 non
2849 524 3125 569 noverant.
3156 517 3407 591 Alioquin
3434 534 3585 581 vero

1978 591 2192 649 Patrem
2223 596 2274 650 in
2300 596 2402 652 hoc
2427 613 2676 655 sermone
2703 617 2807 656 non
2842 605 3024 660 tacuit.
3053 610 3129 662 Ac
3155 609 3275 665 vide
3295 613 3424 668 mihi
3451 619 3562 686 spi-

1977 683 2220 740 ritualem
2250 688 2606 757 prudentiain.
2640 692 2794 748 Novit
2824 695 3067 752 homines
3084 698 3194 768 jam
3219 703 3345 757 olim
3367 683 3578 763 etante-

1975 779 2154 831 omnia
2190 779 2356 834 Deum
2393 797 2501 850 prae
2531 785 2778 840 omnibus
2807 788 2988 842 colere
3027 799 3081 845 et
3125 807 3384 851 asserere.
3435 797 3578 854 Ideo.

1977 865 2101 922 inde
2131 869 2450 939 principium
2491 872 2634 939 fecit,
2673 885 2728 930 et
2758 893 3072 948 progressus
3115 882 3284 940 Deum
3310 902 3431 943 esse
3472 890 3560 945 di-

1972 960 2065 1011 cit.
2097 957 2212 1014 Non
2244 962 2381 1016 sicut
2425 963 2576 1020 Plato
2619 966 2845 1023 alterum
2888 982 3144 1041 mentem,
3191 976 3416 1033 alterum
3444 983 3560 1036 ani-

1972 1065 2112 1104 mam
2137 1067 2256 1107 esse
2280 1052 2412 1109 dicit
2439 1073 2451 1108 :
2495 1055 2608 1112 haec
2645 1060 2788 1113 enim
2821 1063 3008 1130 procul
3051 1075 3178 1119 sunt
3205 1081 3236 1121 a
3267 1067 3445 1124 divina
3468 1071 3558 1126 illa

1970 1151 2024 1196 et
2046 1141 2330 1198 immortali
2363 1155 2569 1201 natura.
2598 1149 2779 1219 Neque
2807 1153 2949 1206 enim
2975 1169 3260 1213 commune
3283 1161 3554 1230 quidpiam

1971 1231 2247 1288 nobiscum
2293 1235 2472 1303 habet,
2523 1240 2618 1293 sed
2673 1241 2828 1313 longe
2871 1254 2952 1298 est
2996 1261 3026 1300 a
3073 1250 3557 1307 communicatione

1969 1335 2090 1376 cum
2141 1328 2444 1392 creaturis;
2493 1331 2786 1385 secundum
2833 1335 3183 1392 substantiam
3228 1340 3388 1406 dico,
3446 1359 3568 1399 non.

1969 1417 2264 1470 secundum
2312 1419 2572 1475 habitum.
2617 1423 2740 1478 ldeo
2771 1427 3003 1482 Verbum
3049 1429 3199 1484 illum
3242 1433 3549 1501 appellavit.

1965 1506 2097 1560 Cum
2133 1511 2272 1562 enim
2303 1510 2558 1568 docturus
2586 1523 2731 1570 esset
2771 1517 2869 1572 hoc
2896 1519 3128 1574 Verbum
3157 1537 3277 1578 esse
3307 1526 3554 1596 unigeni-

1967 1610 2077 1654 tum
2127 1602 2318 1658 Filium
2371 1605 2489 1671 Dei,
2545 1623 2612 1662 ne
2650 1609 2772 1677 quis
2811 1613 3211 1680 generationem
3245 1618 3550 1684 passibilem

1964 1695 2347 1763 suspicaretur,
2397 1700 2671 1767 prtemissa
2721 1699 2881 1756 Verbi
2925 1706 3285 1774 appellatione
3332 1725 3549 1766 omnem

1968 1785 2103 1838 tollit
2149 1787 2345 1841 malam
2389 1790 2768 1858 suspicionem,
2817 1793 2941 1847 dum
2990 1806 3044 1850 et
3093 1797 3285 1852 Filium
3325 1817 3391 1855 ex
3433 1803 3552 1872 ipso

1960 1889 2100 1942 esse,
2134 1885 2190 1931 et
2227 1877 2629 1947 impassibiliter
2664 1881 2858 1938 Filium
2886 1900 3008 1941 esse
3051 1887 3310 1944 declarat.
3358 1891 3546 1950 Viden‘

1959 1971 2248 2038 quomodo,
2273 1981 2331 2026 ut
2354 1973 2462 2041 jam
2493 1975 2620 2040 dixi,
2653 1990 2774 2030 cum
2802 1976 2869 2032 de
2903 1979 3039 2034 Filio
3066 1980 3394 2052 loqueretur,
3422 1987 3549 2041 'Pa-

1959 2071 2094 2116 trem
2125 2080 2228 2116 non
2258 2065 2462 2118 tacuit?
2483 2067 2634 2135 Quod
2660 2069 2704 2122 si
2733 2068 2847 2124 haec
2868 2085 2972 2125 non
2996 2073 3124 2127 satis
3153 2075 3260 2128 sint
3288 2077 3354 2130 ad
3383 2086 3565 2134 totum.

1957 2167 2070 2207 rem
2096 2153 2494 2223 declarandam,
2528 2174 2597 2213 ne
2627 2161 2858 2216 mireris.
2892 2162 2969 2217 De
3001 2163 3112 2218 Deo
3139 2180 3368 2237 namque
3391 2170 3552 2226 nobis.

1958 2255 2040 2300 est
2069 2263 2268 2313 sermo,
2304 2265 2460 2319 quem
2493 2266 2588 2321 pro
2615 2252 2872 2323 dignitate
2912 2272 3085 2327 neque
3129 2258 3328 2328 dicere,
3371 2275 3563 2332 neque--

1956 2339 2192 2409 cogitare
2227 2357 2529 2410 possumus.
2559 2345 2684 2400 ldeo
2712 2346 2798 2401 hic
2835 2348 3148 2406 substantias
3174 2368 3370 2410 nomen
3411 2371 3544 2411 nus-

1954 2446 2112 2500 quam
2141 2435 2290 2502 ponit
2315 2450 2332 2487 :
2358 2437 2481 2505 quia
2524 2453 2682 2494 neuio
2728 2448 2901 2508 potest
2928 2441 3109 2497 dicere
3135 2445 3261 2514 quid
3292 2447 3432 2503 Deus
3471 2451 3545 2504 sit

1951 2525 2244 2579 secundum
2291 2527 2640 2583 substantiam
2693 2545 2706 2582 :
2762 2532 2958 2602 ubique
3001 2545 3177 2588 autem
3207 2537 3355 2592 illum
3383 2537 3539 2593 nobis

1951 2628 2017 2668 ex
2062 2615 2312 2682 operibus
2359 2616 2710 2674 demonstrat.
2757 2620 3028 2691 Siquidem
3058 2623 3159 2679 hoc
3188 2626 3422 2683 Verbum
3452 2631 3535 2684 vi-

1950 2703 2078 2760 dere
2107 2715 2188 2761 est
2225 2717 2404 2776 postea
2435 2709 2858 2783 lucemdietum,
2910 2721 2966 2768 et
2995 2714 3165 2769 lucem
3208 2731 3393 2771 rursus
3437 2734 3538 2788 ap-

1948 2799 2136 2869 pellari
2172 2801 2334 2855 vitam
2368 2803 2406 2855 ί.
2440 2801 2622 2873 Neque
2661 2803 2759 2859 hac
2797 2805 2967 2860 solum
2996 2806 3063 2860 de
3099 2822 3257 2862 causa
3285 2811 3363 2865 sic
3391 2811 3536 2866 illum

1949 2891 2161 2945 vocavit
2191 2910 2204 2945 :
2238 2891 2329 2947 sed
2355 2893 2468 2948 haec
2495 2894 2664 2963 prima
2695 2909 2852 2950 causa
2881 2906 2963 2951 est
2993 2898 3248 2966 secunda,
3273 2901 3395 2971 quia
3419 2919 3538 2971 qua:

1947 2981 2121 3036 Patris
2159 2991 2314 3038 erant
2357 2985 2508 3038 nobis
2529 2994 2647 3039 erat
2675 2987 3050 3053 nuntiaturus;
3100 3004 3222 3044 nam
3262 2991 3335 3045 ait
3368 3009 3380 3045 :
3414 2992 3538 3047 Oni-
3617 2993 3619 2996 ⁴

1946 3076 2193 3145 ηἱα’ᾳυω
2237 3077 2408 3131 audivi
2445 3094 2477 3131 α
2504 3077 2685 3144 Patre,
2732 3081 3030 3136 annuntiam'
3065 3083 3202 3139 vobis
3239 3084 3413 3157 (Joan.
3447 3088 3548 3143 l5-

1947 3168 2060 3236 15).
2105 3167 2275 3223 Vocat
2323 3180 2498 3225 autem
2543 3170 2691 3224 illum
2727 3179 2782 3226 et
2833 3171 2995 3227 vitam
3037 3183 3092 3229 et
3134 3175 3308 3230 lucem
3353 3195 3366 3230 :
3409 3193 3530 3231 nam

1943 3258 2264 3328 cognitionis
2292 3259 2463 3315 lucem
2505 3260 2658 3315 nobis
2695 3261 2862 3329 dedit,
2896 3272 2948 3318 et
2973 3278 3036 3318 ex
3068 3265 3187 3320 luce
3224 3268 3412 3322 vitam.
3476 3268 3532 3323 In

1943 3365 2151 3406 summa
2183 3367 2289 3405 non
2321 3369 2484 3407 unum
2515 3369 2730 3419 nomen,
2782 3370 2887 3410 non
2932 3356 3060 3423 duo,
3116 3373 3222 3413 non
3263 3360 3384 3427 tria,
3425 3376 3532 3416 non

1943 3444 2092 3514 plura
2115 3445 2244 3500 satis
2272 3456 2395 3500 sunt
2419 3445 2486 3500 ad
2516 3461 2577 3501 ea
2605 3463 2723 3518 quie
2749 3447 2914 3502 Deum
2943 3460 3186 3518 Spectaiit
3212 3451 3483 3507 edocenda
3515 3473 3530 3507 :

1942 3537 2036 3591 sed
2065 3537 2356 3606 optandum
2383 3546 2485 3603 est,
2531 3549 2589 3592 ut
2617 3541 2777 3592 etiam
2827 3555 2921 3609 per
2965 3541 3132 3596 multa
3181 3543 3261 3596 vel
3301 3543 3530 3600 obscure

1941 3630 2207 3698 possimus
2233 3645 2294 3684 ea
2323 3646 2442 3699 qua:
2470 3630 2535 3684 ad
2564 3631 2731 3685 Deum
2772 3643 3016 3701 spectant
3058 3634 3362 3703 complecti.
3412 3636 3528 3692 Non

1939 3731 2116 3776 autem
2148 3722 2463 3792 simpliciter
2493 3722 2724 3776 Verbum
2757 3725 3057 3792 appellavit,
3116 3725 3210 3779 sed
3243 3741 3363 3779 cum
3395 3730 3527 3780 arti-

1938 3813 2042 3867 culi
2070 3813 2368 3882 adjectione
2393 3827 2422 3865 a
2449 3813 2674 3882 reliquis
2706 3813 2878 3882 ipsum
2905 3815 3174 3869 distinxit.
3205 3815 3391 3870 Viden’
3438 3833 3526 3872 me

1939 3923 2042 3960 non
2073 3905 2265 3960 frustra
2292 3905 2495 3960 dixisse
2520 3905 2664 3962 hunc
2689 3907 3070 3978 evangelistam
3103 3908 3256 3962 nobis
3287 3909 3355 3964 de
3388 3911 3523 3964 cailo

1936 3997 2119 4067 loqui?
2149 3998 2530 4053 Animadverte
2559 3999 2725 4063 enim,
2774 4014 2881 4069 quo
2919 4000 3260 4056 sublimitatis
3286 4004 3464 4055 statim
3494 4019 3522 4059 a

1935 4089 2195 4159 principio
2247 4089 2550 4144 auditorum
2600 4100 2833 4145 mentem
2877 4098 2932 4145 et
2979 4093 3211 4147 animam
3257 4098 3518 4150 evexerit.

1933 4179 2220 4251 Postquam
2249 4181 2391 4234 enim
2424 4182 2567 4236 illam
2595 4196 2755 4250 supra
2787 4183 2966 4236 omnia
2993 4198 3113 4252 qua:
3157 4183 3258 4238 sub
3300 4201 3518 4242 sensum

1931 4273 2148 4339 cadunt,
2196 4288 2360 4343 supra
2412 4283 2632 4340 terram,
2685 4288 2852 4340 mare,
2883 4276 3071 4330 caelum
3101 4279 3305 4341 evexit,
3355 4280 3518 4336 etiam

1930 4379 2088 4433 supra
2116 4363 2430 4428 Cheruhim,
2483 4364 2788 4433 Seraphim,
2845 4364 3115 4430 Tlironos,
3159 4367 3514 4438 Principatiis,

1929 4455 2249 4521 Potestates,
2296 4470 2456 4524 supra
2511 4471 2724 4510 omnem
2775 4455 3005 4526 denique
3044 4467 3340 4512 creaturam
3373 4461 3516 4515 ince-

1926 4548 2054 4604 dere
2120 4549 2307 4603 suasit.
2362 4548 2498 4615 Quid
2527 4549 2727 4618 igitur?
2767 4565 2831 4604 an
2863 4560 3142 4620 postquam
3174 4567 3276 4608 nos
3299 4553 3363 4607 ad
3394 4563 3515 4608 tan-

1926 4651 2033 4695 tam
2083 4642 2466 4696 sublimitatem
2515 4641 2763 4709 deduxit,
2810 4642 2879 4696 ibi
2926 4656 3023 4697 nos
3063 4643 3255 4698 sistere
3295 4647 3513 4714 potuit?

1923 4733 2266 4803 Nequaquam
2292 4749 2306 4797 ;
2349 4733 2442 4788 sed
2468 4734 2693 4803 perinde
2717 4750 2779 4789 ac
2800 4735 2846 4790 si
2866 4737 2984 4804 quis
3010 4744 3238 4791 stantem
3270 4737 3335 4791 ad
3365 4737 3518 4792 littus

1925 4827 2105 4888 maris,
2155 4843 2217 4881 ac
2252 4827 2625 4896 respicientem
2670 4828 2854 4894 urbes,
2903 4843 3046 4895 oras,
3097 4839 3315 4898 portus;
3364 4839 3512 4900 post-

1922 4935 2080 4988 quam
2109 4920 2160 4974 in
2188 4919 2419 4974 medium
2448 4920 2667 4989 pelagiis
2690 4920 2991 4985 adduxerit,
3024 4935 3053 4974 a
3084 4921 3350 4990 prioribus
3382 4923 3508 4993 qui-

1921 5012 2042 5067 dem
2090 5013 2306 5076 amovit,
2359 5022 2415 5065 at
2457 5012 2692 5080 aspectui
2724 5011 2842 5080 ejus
2875 5012 3130 5066 terminos
3158 5028 3263 5066 non
3293 5018 3503 5081 posuit,

1919 5104 2010 5157 sed
2035 5103 2351 5156 immensum
2382 5102 2480 5168 ipsi
2513 5101 2874 5172 spectaculum
2899 5101 3045 5156 dedit
3093 5119 3106 5155 :
3152 5102 3231 5157 sic
3259 5111 3314 5156 et
3341 5117 3505 5157 evan-

1918 5194 2104 5263 gelista
2152 5203 2430 5263 postquam
2481 5207 2578 5246 nos
2627 5206 2785 5260 supra
2815 5206 3028 5245 onmem
3078 5202 3380 5246 creaturam
3409 5191 3496 5245 in-

1917 5286 2085 5347 duxit,
2118 5294 2172 5339 et
2211 5285 2276 5339 ad
2319 5285 2593 5354 superiora
2617 5284 2878 5338 creaturis
2910 5283 3105 5339 saecula
3131 5284 3292 5346 misit,
3327 5281 3499 5338 subli-

1918 5393 2057 5430 mem
2086 5379 2298 5432 oculum
2331 5377 2524 5431 mentis
2549 5377 2819 5446 relinquit,
2872 5377 2961 5446 qui
3004 5377 3210 5431 nullum
3240 5374 3401 5428 ﬁnem
3436 5374 3492 5432 in

1914 5469 2160 5537 supernis
2199 5469 2460 5535 attingere
2503 5468 2694 5536 possit,
2728 5482 2792 5521 eo
2821 5467 2964 5538 quod
2999 5467 3177 5522 nullus
3222 5465 3310 5519 sit.
3354 5463 3492 5522 Nam

1915 5563 2002 5616 tibi
2049 5562 2116 5616 ad
2158 5561 2474 5630 principium
2522 5559 2762 5614 ascendit
2813 5561 2970 5623 ratio,
3021 5559 3211 5627 quierit
3251 5558 3379 5628 quid
3425 5559 3496 5615 sit

1912 5654 2039 5710 illud
2089 5655 2402 5724 principium
2449 5670 2462 5706 :
2511 5652 2707 5708 deinde
2751 5651 2840 5705 ubi
2869 5650 3019 5716 illud,
3067 5650 3215 5717 Erat,
3267 5651 3488 5723 reperit,

1976 5771 1991 5799 ί
2029 5767 2362 5835 itiirel._buiic
2403 5766 2559 5835 locum
2594 5767 2662 5816 sic
2695 5765 2982 5835 nanetus...
3025 5771 3071 5814 rt
3113 5765 3266 5818 lucem
3309 5779 3483 5816 rursus

1909 5831 2146 5895 appetitui
2168 5832 2311 5882 vitam
2324 5867 2339 5892 ,
2374 5838 2419 5881 et
2441 5829 2585 5880 vitam
2614 5829 2773 5879 vocari
2810 5829 3074 5877 veritatem.
