4074 6374
482 393 557 450 55
1221 378 1279 434 S.
1318 370 1598 431 JOANNIS
1634 361 2108 425 CIIRYSOSTOMI
2149 359 2462 416 ARCHIEP.
2512 355 3045 415 CONSTANTlNOP.
3688 348 3766 404 δεῖ

484 514 700 571 semper
726 495 947 552 ulterius
977 500 1155 549 mente
1179 488 1497 563 procedens,
1544 485 1634 540 ubi
1677 480 2059 553 cogitationem

488 595 645 650 sistat
677 606 781 645 non
826 588 985 643 habet
1028 605 1043 639 :
1092 583 1186 639 sed
1239 582 1442 636 intente
1476 576 1935 646 respiciens,cum
1963 579 2072 624 ter-

489 686 692 741 minum
735 696 839 737 non
891 678 1145 748 reperiat,
1190 673 1437 729 defessus
1480 684 1692 725 rursum
1721 666 1788 721 ad
1816 663 2070 719 inferiora

491 774 787 832 descendit.
838 770 969 828 Illud
995 770 1161 833 enim,
1214 765 1279 819 In
1320 763 1571 833 principio
1598 768 1724 824 erat,
1770 757 1903 813 nihil
1930 752 2082 809 aliud.

492 870 779 940 significat,
805 879 964 935 quam
1006 860 1149 932 quod
1185 872 1399 928 semper
1426 854 1605 920 fuerit,
1645 860 1704 907 et
1725 859 1959 906 aeternus
1983 847 2072 901 sit.

494 962 685 1018 Viden’
740 973 920 1013 veram
976 952 1404 1025 philosophiam,
1460 958 1515 1002 et
1567 946 1746 1001 divina
1786 942 2072 1010 dogmata,

494 1070 602 1109 non
634 1051 813 1122 qualia
840 1047 1173 1111 Graecorum,
1226 1042 1316 1113 qui
1357 1050 1599 1109 tempora
1642 1038 1994 1097 constituunt,
2024 1041 2080 1088 et

495 1143 628 1199 deos
656 1143 790 1196 alios
818 1141 1085 1203 seniores,
1129 1136 1264 1190 alios
1300 1132 1542 1203 juniores
1584 1128 1807 1184 dicunt?
1841 1128 1909 1181 At
1949 1124 2078 1179 nihil

496 1235 636 1307 apud
681 1249 781 1289 nos
823 1231 1017 1285 simile.
1067 1229 1125 1283 Si
1172 1227 1314 1282 enim
1357 1226 1495 1278 Deus
1525 1231 1631 1287 est,
1674 1230 1730 1273 ut
1761 1234 1946 1273 revera
1973 1228 2077 1281 est,

497 1328 631 1385 nihil
656 1335 740 1382 est
766 1334 891 1379 ante
922 1322 1111 1386 illum;
1159 1319 1204 1373 si
1234 1317 1454 1371 Creator
1496 1314 1755 1373 omnium,
1810 1312 1924 1379 ipse
1968 1309 2079 1377 pri-

499 1437 619 1478 mus
646 1427 773 1483 est;
826 1416 877 1471 si-
904 1414 1159 1469 Dominus
1182 1420 1235 1465 et
1260 1409 1567 1463 dominator
1594 1404 1855 1462 omnium,
1902 1398 2092 1453 omnia.

498 1521 621 1584 post
660 1511 832 1579 ipsum
874 1515 1020 1570 sunt,
1063 1512 1118 1558 et
1164 1499 1375 1569 opilicia
1407 1505 1463 1552 et
1500 1494 1718 1550 smcula.
1743 1491 1996 1546 Volebam
2030 1490 2083 1543 in

501 1581 605 1658 alia
634 1598 927 1657 certamina
956 1593 1307 1656 descendere,
1336 1589 1430 1645 sed
1453 1588 1681 1642 fortasse
1708 1584 1906 1639 fatiscit
1933 1581 2086 1635 vobis

509 1697 745 1752 animus.
777 1695 956 1757 Quare
984 1696 1105 1758 post
1146 1684 1388 1755 quaedam
1434 1680 1661 1743 monita,
1694 1693 1813 1747 qum
1844 1675 1994 1729 vobis
2018 1671 2087 1726 ad

504 1789 773 1844 dictorum
805 1793 860 1837 et
884 1779 1233 1836 dicendorum
1261 1784 1477 1845 captum
1515 1779 1673 1827 erunt
1702 1768 1873 1832 utilia,
1928 1765 2085 1819 ﬁnem

504 1876 717 1934 dicendi
746 1874 954 1928 faciam.
989 1872 1241 1937 Quaenam
1272 1866 1429 1935 igitur
1458 1877 1518 1918 ea
1546 1859 1716 1915 sunt?
1743 1858 1866 1913 Scio
1893 1858 2099 1911 multos»

506 1969 769 2023 dictorum
798 1961 1183 2034 longitudinem
1217 1956 1477 2011 fastidire.
1525 1953 1638 2007 Hoc
1675 1966 1803 2004 vero
1838 1958 1966 2003 tunc
2010 1946 2086 2009 ﬁt,

506 2077 629 2117 cum
674 2061 850 2113 anima
900 2056 1085 2111 multis
1140 2051 1484 2107 saecularibus
1549 2047 1691 2101 curis
1760 2042 2092 2112 sarcinisque

509 2150 770 2206 obruitur.
800 2148 950 2203 Sicut
996 2146 1141 2200 enim
1187 2143 1351 2203 visus.
1402 2139 1531 2195 dum
1569 2152 1732 2206 purus
1775 2134 2091 2203 lucidnsqne

512 2253 617 2307 est,
672 2250 827 2294 acute
869 2237 1032 2301 videt,
1084 2249 1255 2305 neque
1300 2231 1503 2286 laborat
1529 2244 1650 2283 cum
1676 2228 1761 2282 vel
1785 2226 2093 2281 tenuissima

512 2347 735 2402 corpora
780 2328 1034 2399 perSpieit
1084 2345 1098 2381 :
1144 2323 1358 2396 quando
1398 2331 1579 2376 autem
1620 2320 1686 2375 de
1715 2318 1891 2389 capite
1926 2317 2105 2371 malus.

516 2425 708 2477 humor
737 2421 929 2489 aliquis
959 2418 1160 2481 defluit,
1194 2416 1279 2470 vel
1311 2414 1475 2469 densa
1515 2411 1757 2483 quasdam
1787 2411 2001 2475 nebula,
2030 2425 2096 2464 ex

516 2513 715 2566 infimis
738 2512 973 2580 partibus
997 2508 1315 2571 ascendens,
1339 2514 1463 2560 ante
1490 2504 1746 2575 pupillam
1772 2503 2001 2568 sistitur,
2032 2518 2099 2556 ne

516 2606 781 2659 crassiora
826 2602 1043 2673 quidem
1084 2603 1227 2656 clare
1268 2599 1576 2669 perspicere
1603 2604 1778 2665 potest
1810 2613 1823 2648 :
1853 2596 1931 2651 sic
1966 2604 2020 2650 et
2045 2596 2099 2649 in

518 2698 695 2751 anima
726 2696 1005 2766 contingit.
1052 2693 1183 2749 Cum
1229 2693 1372 2747 enim
1402 2700 1720 2760 expurgata,
1758 2690 1906 2743 nullo
1932 2687 2109 2742 animi.

520 2788 710 2843 morbo
757 2787 1019 2851 turbatur,
1067 2793 1219 2839 acute
1252 2782 1489 2838 intuetur
1512 2798 1575 2837 ea
1603 2797 1720 2850 qua:
1745 2780 1926 2834 videre
1967 2793 2103 2848 opus

521 2889 643 2943 est;
684 2894 804 2933 cum
838 2893 998 2948 porro
1038 2876 1220 2930 multis
1263 2874 1459 2930 ftedata
1508 2873 1805 2939 affectibus,
1852 2873 2101 2927 virtutem

525 2970 801 3039 pristinam
845 2969 1105 3032 amiserit,
1154 2984 1258 3020 non
1290 2966 1446 3021 facile
1473 2975 1645 3035 potest
1673 2966 1917 3021 sublimia
1945 2966 2107 3019 attin-

524 3077 652 3133 gere
697 3081 711 3117 :
759 3060 854 3115 sed
900 3061 1078 3115 statim
1116 3060 1311 3113 fatiscit
1348 3067 1403 3112 et
1435 3057 1656 3121 decidit,
1685 3067 1740 3111 et
1765 3058 1831 3110 ad
1859 3071 2104 3111 somnum

527 3154 903 3225 ignaviamque
946 3152 1201 3216 declinat,
1245 3160 1402 3219 atque
1428 3165 1511 3213 ea,
1543 3164 1662 3218 qua:
1690 3148 1757 3203 ad
1778 3150 2027 3203 virtutem
2054 3157 2109 3202 et

529 3249 693 3302 vitam
742 3246 964 3316 probam
1014 3244 1314 3314 pertinent,
1365 3242 1756 3313 praetermittit,
1805 3256 1976 3311 neque
2018 3241 2107 3295 illa

528 3340 811 3410 diligenter
840 3338 970 3402 adit.

600 3434 654 3488 5.
686 3429 949 3496 Quomodo
979 3436 1026 3481 et
1045 3442 1199 3497 quare
1219 3426 1419 3479 animus
1449 3424 1585 3479 omni
1612 3424 1886 3493 cupiditate
1914 3433 2116 3477 terrena

528 3540 716 3578 vacuus
748 3522 858 3587 ﬁeri
888 3521 1061 3574 debeat
1091 3518 1161 3572 ad
1185 3518 1528 3589 evangelicum
1549 3517 1831 3570 doctrinam
1862 3524 1995 3570 recte
2029 3517 2112 3569 in-

531 3617 873 3688 telligendam.
924 3613 1072 3667 Liber
1112 3611 1330 3665 Joannis
1373 3618 1562 3679 quanta
1600 3626 1715 3663 cum
1742 3610 2016 3663 attentione
2042 3608 2115 3662 le-

530 3710 742 3779 gendus.
790 3706 1003 3760 Moralis
1034 3704 1319 3759 exhortatio
1348 3703 1416 3755 ad
1445 3712 1581 3757 recte
1609 3702 1941 3756 audiendum.
1998 3700 2112 3755 Ne-

534 3801 695 3871 quitia
721 3814 783 3852 ea:
811 3797 1019 3851 arbitrio
1048 3804 1092 3849 et
1118 3796 1391 3847 voluntate.
1419 3824 1489 3833 -—
1517 3794 1673 3860 Quod
1702 3810 1767 3848 ne
1795 3793 1949 3847 vobis
1974 3792 2118 3847 acci-

534 3894 626 3946 dat
655 3893 850 3961 (neque
878 3890 1019 3943 enim
1044 3888 1157 3941 hace
1182 3886 1391 3941 dicendi
1422 3885 1581 3941 finem
1611 3885 1849 3955 faciam),
1876 3893 2114 3939 vestrum

536 3984 787 4038 robor-ate
810 3983 1069 4045 animum,
1118 3987 1174 4032 ut
1212 3994 1279 4033 ne
1307 3978 1491 4033 eadem
1521 3977 1768 4044 audiatis,
1794 3994 1913 4048 qua:
1940 3976 2114 4031 fideli-

536 4076 636 4131 bus
663 4074 907 4129 Hebrmis
933 4088 964 4125 a
991 4071 1159 4125 Paulo
1179 4069 1320 4125 dicta
1348 4078 1489 4123 sunt.
1536 4068 1669 4123 Nam
1716 4069 1820 4123 illis
1860 4069 2114 4139 grandem

541 4167 670 4222 dicit
694 4181 815 4222 esse
842 4179 1145 4220 sermonem
1194 4172 1251 4218 et
1294 4163 1643 4232 interpretata
1669 4161 1976 4217 difficilem:
2009 4177 2123 4216 non

540 4258 682 4327 quod
710 4268 898 4312 natura
926 4271 1021 4309 sua
1051 4256 1171 4309 tatis
1198 4264 1361 4320 esset,
1388 4252 1486 4309 sed
1510 4253 1655 4323 quia,
1696 4254 1895 4323 inquit,
1948 4253 2118 4307 Imbe-

540 4351 680 4405 cilles
703 4352 825 4419 [arti
850 4348 969 4403 estis
996 4348 1063 4400 ad
1092 4346 1398 4400 audiendum
1426 4344 1610 4415 (Hebr.
1641 4348 1695 4403 5.
1728 4346 1839 4418 11).
1872 4346 2003 4401 Nam
2028 4347 2116 4415 qui

543 4442 843 4498 imbecillus
867 4450 952 4496 est
978 4450 1033 4494 et
1062 4438 1325 4505 infirmus,
1358 4438 1582 4509 perinde
1608 4438 1755 4494 brevi
1784 4448 1942 4509 atque
1964 4441 2119 4510 longa

544 4535 784 4588 oratione
824 4532 1086 4597 turbatur,
1129 4540 1183 4586 et
1229 4546 1349 4600 qua:
1388 4530 1532 4585 clara
1579 4531 1931 4601 expeditaque
1971 4542 2117 4596 sunt,

543 4636 702 4696 captu
727 4624 959 4680 difficilia
986 4622 1506 4679 arbitratur.Verum
1536 4625 1715 4679 nullus
1735 4624 1821 4678 hic
1848 4625 1968 4679 talis
1981 4636 2129 4693 esto,

543 4718 639 4774 sed
660 4718 802 4773 omni
842 4717 1065 4788 depulsa
1103 4716 1287 4771 smculi
1312 4731 1463 4783 cura,
1491 4717 1717 4787 quisque
1752 4717 1888 4773 hanc
1915 4718 2122 4773 doctri-

546 4824 669 4864 nam
709 4807 910 4863 audiat.
958 4808 1092 4863 Cum
1122 4807 1262 4863 enim
1294 4808 1508 4862 auditor
1547 4810 1889 4878 pecuniarum
1919 4810 2131 4880 cupidi-

468 4968 469 4971 η
544 4910 655 4956 tate
680 4907 912 4964 tenetur,
956 4914 1060 4952 non
1088 4908 1263 4968 potest
1289 4910 1437 4953 certe
1466 4898 1657 4969 cupide
1684 4898 1908 4965 audire;
1949 4916 2125 4970 neque

471 5024 475 5029 -
543 4992 686 5048 enim
709 4998 884 5059 potest
902 4991 1079 5043 anima
1107 5006 1205 5044 una
1235 4991 1414 5044 multis
1443 4990 1689 5047 sufficere
1712 4992 2132 5061 cupiditatibus;

546 5082 643 5138 sed
672 5082 773 5136 alia
816 5082 972 5135 aliam
1000 5081 1346 5150 cupiditatem
1380 5082 1549 5151 pellit,
1595 5091 1651 5138 et
1689 5082 1909 5138 discissa
1946 5085 2123 5138 anima

544 5174 809 5231 infirmior
856 5172 1053 5238 evadit,
1099 5172 1227 5228 dum
1272 5174 1438 5228 altera
1480 5174 1778 5244 praevalens
1822 5177 2127 5245 cupiditas,

547 5275 718 5321 totum
747 5265 813 5319 ad
840 5280 899 5321 se
937 5264 1121 5319 trahit.
1151 5265 1303 5332 Quod
1330 5266 1491 5320 etiam
1518 5267 1573 5320 in
1602 5267 1788 5323 liberis
1811 5270 2124 5339 contingere

545 5360 703 5413 solet.
725 5356 858 5412 Nam
883 5372 1005 5411 cum
1037 5372 1197 5410 unum
1231 5366 1433 5411 tantum
1460 5358 1578 5427 quis
1602 5357 1784 5427 habet,
1813 5375 1934 5415 eum
1962 5377 2124 5431 supra

548 5450 766 5505 modum
807 5459 991 5513 amat;
1035 5463 1155 5503 cum
1197 5449 1412 5513 multos,
1444 5450 1645 5505 divisus
1672 5466 1825 5507 amor
1852 5454 2030 5508 minor
2055 5454 2123 5509 ad

544 5540 783 5611 singulos
809 5541 1055 5597 efflcitur.
1081 5541 1232 5609 Quod
1255 5542 1299 5595 si
1331 5541 1418 5597 ubi
1450 5542 1538 5596 illa
1567 5542 1648 5597 vis
1673 5551 1731 5599 et
1759 5558 1857 5599 ceu
1883 5544 2123 5615 tyrannis

546 5643 651 5699 est,
681 5645 842 5704 atque
867 5635 1105 5706 ejusdem
1135 5635 1346 5706 generis
1376 5644 1500 5690 sunt
1526 5636 1561 5690 ii
1587 5636 1680 5707 qui
1705 5636 2017 5708 diliguntur,
2050 5638 2124 5693 ita

549 5724 810 5795 contingit
832 5743 846 5779 :
865 5728 989 5797 quid
1021 5726 1313 5783 dixerimus
1338 5727 1404 5782 de
1429 5742 1614 5783 amore
1642 5728 1735 5798 qui
1756 5744 1824 5785 ex
1851 5730 2124 5786 voluntate

550 5821 604 5867 et
632 5816 821 5874 affectu
850 5819 1043 5888 prodit,
1092 5821 1321 5877 maxime
1353 5836 1479 5877 vero
1504 5836 1627 5878 cum
1652 5835 1865 5881 amores
1893 5822 1969 5879 illi
2002 5836 2124 5879 sese

2180 485 2363 529 mutuo
2394 474 2748 545 impugnant?
2791 471 3100 528 Contrarius
3130 469 3280 523 enim
3304 476 3385 521 est
3416 465 3757 536 pecuniarum

2176 583 2328 622 amor
2356 566 2612 622 doctrin-.e
2644 566 2801 634 hujus
2827 563 3016 618 amori.
3043 561 3100 616 In
3132 562 3321 623 emtum
3350 560 3613 612 intramus
3633 574 3754 612 eum

2178 661 2282 715 huc
2311 659 2660 730 ingredimur.
2684 657 2800 713 Non
2832 658 2898 711 de
2931 656 3069 720 loco,
3099 653 3192 709 scd
3218 653 3285 709 de
3312 652 3500 707 affectu
3529 652 3717 722 loquor
3744 670 3757 705 :

2178 766 2355 825 potest
2374 754 2515 809 enim
2543 754 2633 822 qui
2665 752 2717 806 iu
2744 761 2886 806 terra
2917 748 3081 820 degit,
3114 749 3167 801 in
3199 746 3331 801 caalo
3358 755 3526 811 stare,
3574 753 3628 799 et
3654 759 3763 798 ca:-

2180 848 2337 902 lestia
2371 847 2629 915 cogitare,
2679 845 2788 899 imo
2826 841 3030 897 audire.
3062 841 3230 896 Nemo
3274 840 3434 908 igitur
3475 839 3526 892 in
3573 836 3763 892 cmlum

2182 951 2393 993 terrena
2435 937 2653 991 inducat
2685 954 2698 989 :
2730 951 2888 990 nemo
2917 934 3044 989 dum
3075 934 3161 987 hic
3186 941 3453 997 versatur,
3481 931 3548 986 de
3578 946 3639 985 re
3666 930 3764 984 do-

2182 1030 2401 1086 mestica
2424 1029 2685 1084 sollicitus
2712 1028 2801 1081 sit.
2828 1024 3115 1097 Oporteret
3141 1025 3283 1079 enim
3311 1028 3454 1078 lucra
3487 1023 3611 1077 hinc
3638 1022 3769 1076 hau-

2184 1137 2264 1179 sta
2290 1124 2507 1178 domum
2531 1132 2585 1178 et
2610 1123 2663 1176 in
2689 1122 2865 1176 forum
2892 1119 3111 1186 deferri,
3143 1134 3246 1173 non
3273 1128 3450 1172 autem
3488 1116 3779 1170 ecclesiam.

2184 1215 2497 1270 domesticis
2524 1224 2579 1268 et
2606 1212 2909 1267 forensibus
2934 1211 3163 1267 sarcinis
3191 1209 3423 1279 gravari.
3469 1207 3591 1261 Ideo
3619 1222 3773 1259 nam-

2186 1323 2289 1378 que
2333 1307 2399 1362 ad
2436 1307 2696 1361 doctrinae
2725 1305 2976 1359 thronum
3006 1303 3022 1334 ¹
3052 1301 3401 1372 ingredimur,
3437 1309 3496 1354 ut
3519 1299 3643 1352 hinc
3674 1312 3771 1351 ex-

2189 1411 2368 1454 ternas
2412 1399 2530 1452 illas
2576 1398 2764 1453 sordes
2805 1396 3160 1465 deponamus.
3200 1393 3352 1462 Quod
3394 1394 3439 1447 si
3483 1392 3775 1447 debeamus

2189 1493 2293 1549 hoc
2322 1492 2591 1545 tantillum
2628 1490 2723 1544 otii
2750 1490 2988 1545 externis
3022 1488 3126 1542 illis
3153 1487 3308 1542 dictis
3329 1495 3383 1541 et
3416 1485 3581 1555 gestis
3623 1485 3775 1540 labe-

2188 1583 2409 1649 factare,
2435 1583 2625 1637 melius
2655 1592 2801 1637 esset
2827 1581 2895 1634 ab
2922 1580 3164 1649 ingressu
3189 1593 3410 1648 prorsus
3430 1576 3771 1631 abstinuisse.

2188 1675 2357 1730 Nemo
2382 1675 2541 1744 igitur
2567 1674 2621 1727 in
2647 1671 2876 1727 ecclesia
2905 1686 2991 1724 res
3017 1669 3342 1724 domesticas
3360 1669 3541 1723 animo
3566 1679 3772 1733 verset;

2196 1766 2289 1821 sed
2327 1765 2473 1819 domi
2500 1779 2587 1819 res
2615 1764 2858 1819 ecclesia:
2877 1762 3094 1831 cogitet.
3142 1760 3268 1815 Haec
3297 1761 3506 1815 cmteris
3530 1760 3778 1814 omnibus

2194 1858 2350 1912 nobis
2389 1858 2496 1911 sint
2525 1856 2857 1925 pretiosiora.
2888 1853 3015 1908 Haec
3040 1853 3182 1908 enim
3212 1852 3277 1907 ad
3308 1852 3573 1919 animam,
3594 1852 3680 1907 illa
3710 1853 3777 1905 ad

2194 1966 2391 2021 corpus
2426 1950 2732 2019 pertinent;
2783 1947 2891 2001 imo
2932 1962 3051 2016 qua:
3081 1946 3167 2001 hic
3197 1946 3447 1999 dicuntur
3476 1954 3531 1999 et
3567 1944 3790 2014 corpori.

2195 2054 2251 2100 et
2293 2044 2489 2099 animae
2532 2051 2863 2113 competunt.
2906 2039 3030 2095 ideo
3056 2040 3170 2094 hinc
3197 2040 3346 2109 quasi
3374 2038 3637 2109 prrecipua
3671 2047 3783 2091 tra-

2196 2146 2430 2196 ctentur,
2459 2134 2560 2189 alia
2586 2134 2764 2188 omnia
2794 2132 3178 2202 perfunctorie.
3231 2132 3355 2187 flare
3397 2132 3594 2201 quippe
3620 2140 3673 2186 et
3701 2129 3786 2184 fu-

2201 2240 2332 2284 tura;
2362 2238 2416 2282 et
2437 2227 2723 2296 prmsentis
2758 2226 2880 2280 vitae
2922 2235 3085 2279 sunt:
3133 2225 3220 2277 illa
3247 2223 3313 2278 ad
3344 2234 3586 2278 neutram
3614 2223 3783 2293 perti-

2200 2331 2355 2385 nent,
2399 2321 2501 2375 nisi
2546 2319 2839 2375 secundum
2881 2318 3051 2389 legem
3078 2317 3255 2372 dehis
3286 2318 3513 2388 positam
3549 2325 3781 2371 tracten-

2203 2422 2309 2468 tur.
2361 2413 2475 2467 Non
2513 2412 2655 2467 enim
2685 2412 2856 2466 solum
2879 2411 2969 2480 qui
2999 2420 3123 2480 post
3150 2408 3263 2463 haec
3294 2409 3453 2463 futuri
3485 2410 3676 2472 simus,
3735 2416 3790 2461 et

2204 2503 2474 2574 quomodo
2522 2504 2631 2558 illic
2673 2504 2933 2569 vivemus,
2986 2501 3074 2556 hic
3114 2500 3440 2563 ediscimus;
3487 2500 3581 2555 sed
3627 2499 3799 2553 etiam.

2204 2612 2308 2663 qua
2353 2597 2563 2650 ratione
2607 2594 2696 2650 hic
2734 2595 2889 2649 nobis
2927 2594 2998 2648 sit
3040 2592 3343 2647 vivendum.
3379 2592 3508 2645 Nam
3552 2592 3790 2647 medica-

2206 2698 2511 2743 mentorum
2560 2688 2771 2741 officina
2822 2685 3114 2755 spiritualis
3159 2684 3351 2738 dooms
3394 2684 3509 2739 hinc
3553 2693 3670 2749 est;
3728 2690 3797 2737 ut

2205 2797 2325 2852 quae
2352 2781 2571 2835 vulnera
2599 2779 2727 2833 foris
2755 2778 3068 2847 accipimus,
3102 2777 3187 2832 hic
3212 2792 3496 2840 curemus;
3545 2792 3653 2830 non
3698 2792 3793 2830 au-

2209 2886 2315 2929 tem
2347 2884 2405 2927 ut
2431 2873 2519 2927 hic
2544 2872 2661 2926 aliis
2686 2872 2925 2940 acceptis
2948 2870 3256 2924 vulneribus
3285 2869 3615 2924 recedamus.
3664 2868 3793 2921 Nam

2207 2965 2254 3020 si
2276 2964 2497 3034 Spiritui
2528 2973 2712 3019 sancto
2743 2977 2841 3017 nos
2868 2962 3157 3032 alloqueuti
3209 2977 3313 3015 non
3357 2962 3594 3015 animum
3637 2960 3797 3016 adhi-

2207 3057 2455 3124 beamus,
2480 3072 2585 3112 non
2612 3056 2772 3111 modo
2799 3056 2975 3127 priora
2997 3064 3213 3124 peccata
3237 3071 3340 3108 non
3369 3044 3664 3118 ablu‘emus,
3692 3055 3786 3110 sed

2210 3152 2372 3207 etiam
2414 3151 2514 3205 alia
2559 3149 2923 3204 admittemus.
2975 3148 3107 3203 Huic
3158 3148 3318 3217 igitur
3343 3148 3478 3202 libro
3508 3148 3660 3203 nobis
3702 3162 3797 3217 per

2212 3244 2596 3298 revelationem
2633 3241 2828 3296 tradito
2868 3256 3057 3311 magna
3091 3255 3208 3295 cum
3252 3241 3524 3309 diligentia
3551 3241 3795 3295 attenda-

2215 3350 2355 3390 mus.
2403 3334 2521 3388 Non
2570 3334 2712 3389 enim
2756 3334 2926 3388 multo
2973 3343 3156 3402 postea
3203 3332 3379 3388 studio
3424 3333 3716 3402 egebimus,
3751 3334 3797 3387 si

2214 3426 2472 3497 principia
2500 3437 2553 3480 et
2580 3434 2893 3495 argumenta
2920 3424 3267 3480 didicerimus
3300 3442 3312 3477 :
3350 3424 3445 3478 sed
3472 3425 3514 3479 si
3539 3425 3797 3478 tantillum

2215 3518 2370 3574 initio
2396 3518 2596 3572 laboris
2624 3519 3038 3586 susceperimus,
3085 3516 3220 3571 alios
3265 3514 3459 3570 deinde
3503 3515 3799 3570 secundum

2217 3611 2437 3667 Paulum
2490 3625 2711 3665 monere
2754 3610 3069 3678 poterimus.
3119 3609 3215 3662 Hic
3258 3624 3489 3677 namque
3531 3607 3802 3678 apostolus

2216 3701 2503 3757 admodum
2526 3700 2770 3756 sublimis
2798 3710 2900 3765 est,
2921 3700 3206 3769 multisque
3230 3700 3418 3769 plenus
3445 3699 3798 3770 dogmatibus,

2219 3795 2274 3849 in
2306 3793 2497 3864 quibus
2536 3793 2704 3862 magis
2732 3801 2993 3857 versatur,
3028 3808 3184 3862 quam
3222 3793 3276 3846 in
3303 3792 3441 3847 aliis.
3471 3793 3566 3855 Ne,
3597 3808 3800 3862 quaeso,

2220 3884 2582 3955 perfunctorie
2607 3883 2907 3938 audiamus.
2948 3883 3072 3938 ldeo
3099 3885 3244 3938 enim
3276 3900 3374 3939 nos
3405 3884 3659 3953 paulatim
3691 3884 3805 3939 haec

2219 3976 2568 4046 explicamus,
2618 3985 2672 4029 ut
2719 3975 2873 4031 vobis
2919 3984 3076 4045 captu
3121 3974 3298 4030 facilia
3324 3977 3500 4030 omnia
3528 3978 3654 4040 sint,
3704 3991 3805 4032 nec

2220 4084 2285 4123 ex
2315 4069 2575 4124 memoria
2604 4068 2847 4123 effluant.
2879 4068 3187 4123 Timeamus
3215 4084 3363 4139 ergo,
3392 4085 3459 4125 ne
3483 4086 3551 4125 ex
3583 4078 3804 4125 senten-

2222 4161 2294 4214 tia
2327 4161 2416 4213 illa
2437 4160 2687 4228 culpandi
2718 4160 2906 4224 simus,
2937 4176 3038 4229 qua
3072 4160 3201 4214 dicit
3234 4180 3245 4215 :
3282 4160 3342 4215 Si
3372 4178 3472 4215 non
3498 4163 3737 4216 venissem
3759 4170 3807 4215 et

2223 4252 2460 4316 loquutus
2482 4253 2688 4322 fuissent
2716 4252 2810 4317 eis,
2828 4261 3081 4321 peccatum
3107 4268 3207 4305 non
3239 4252 3479 4306 haberent
3501 4252 3679 4321 (Joan.
3715 4254 3803 4309 15.

2222 4342 2339 4415 22).
2368 4344 2511 4412 Quid
2536 4344 2655 4412 plus
2683 4342 3018 4409 habebimus,
3065 4360 3223 4412 quam
3264 4345 3298 4398 ii
3343 4346 3435 4415 qui
3466 4344 3596 4400 nihil
3625 4345 3809 4401 audie-

2223 4444 2369 4501 runt,
2396 4436 2610 4506 quando
2651 4446 2773 4506 post
2819 4436 3133 4491 concionem
3184 4436 3316 4491 nihil
3354 4439 3571 4493 domum
3598 4440 3807 4495 refere-

2226 4544 2376 4595 mus,
2406 4530 2501 4584 sed
2530 4529 2690 4584 verba
2717 4538 2916 4584 tantum
2948 4529 3123 4583 mirati
3164 4529 3463 4586 fuerimus?
3494 4532 3622 4588 Date
3650 4534 3809 4588 nobis

2226 4622 2406 4692 igitur.
2457 4632 2513 4674 ut
2563 4622 2614 4675 in
2659 4621 2855 4675 bonam
2888 4632 3081 4675 terram
3112 4636 3293 4677 semen
3319 4622 3582 4692 jaciamus
3615 4643 3628 4678 :
3661 4630 3808 4690 date,

2226 4723 2287 4767 ut
2311 4728 2408 4768 nos
2438 4713 2605 4783 magis
2630 4712 2929 4767 attrahatis.
2982 4714 3049 4767 Et
3096 4713 3141 4767 si
3184 4715 3302 4784 quis
3347 4716 3528 4783 Spinas
3573 4716 3767 4771 habeat
3795 4758 3812 4783 ,

2228 4806 2405 4877 ignem
2448 4806 2677 4876 Spiritus
2708 4806 2910 4877 injiciat
2944 4826 2956 4860 :
2992 4808 3035 4860 si
3076 4806 3196 4876 quis
3243 4822 3338 4862 cor
3376 4808 3570 4864 durum
3595 4820 3649 4864 et
3673 4825 3812 4864 con-

2227 4908 2433 4965 tumax,
2478 4900 2668 4953 eodem
2722 4899 2843 4969 igne
2870 4899 3031 4954 molle
3054 4899 3182 4954 illud
3214 4908 3268 4955 et
3296 4902 3573 4957 tractabile
3597 4902 3812 4957 reddat.

2228 4992 2285 5046 Si
2324 4992 2445 5062 quis
2490 5007 2585 5062 per
2612 4992 2751 5045 viam
2789 5006 2819 5046 a
2865 4991 3019 5046 turba
3066 4992 3445 5062 cogitationum
3494 4994 3811 5059 invadatur,

2229 5084 2483 5139 interiora
2514 5092 2679 5153 petat,
2730 5098 2831 5138 nec
2869 5083 3110 5138 attendat
3152 5083 3216 5138 iis
3247 5100 3367 5151 qua:
3403 5084 3469 5138 ad
3499 5085 3811 5155 rapiendum

2231 5179 2434 5231 intrare
2479 5177 2709 5240 vellent;
2758 5186 2816 5231 ut
2861 5188 3138 5233 comantes
3158 5187 3368 5247 segetes
3394 5188 3600 5234 vestras
3627 5179 3813 5235 videa-

2230 5285 2371 5325 mus.
2399 5269 2531 5324 Nam
2557 5270 2601 5324 si
2630 5285 2749 5325 eam
2776 5269 2845 5324 de
2886 5271 3039 5325 nobis
3069 5285 3252 5324 curam
3282 5270 3653 5337 exhibeamus,
3683 5283 3737 5328 et
3761 5276 3811 5330 si

2230 5377 2426 5432 magno
2452 5361 2632 5417 studio
2658 5362 2916 5432 spirituali
2942 5362 3186 5417 coneioni
3217 5363 3555 5419 attendamus
3586 5384 3600 5421 :
3632 5365 3674 5419 si
3706 5381 3814 5420 non

2230 5454 2539 5516 confestim,
2585 5454 2777 5509 saltem
2818 5453 3072 5523 paulatim
3112 5468 3143 5507 a
3188 5454 3529 5509 saecularibus
3566 5456 3820 5511 omnibus

2231 5546 2394 5600 rebus
2435 5560 2533 5599 nos
2572 5544 2942 5615 expediemus.
2990 5543 3114 5598 Ideo
3161 5546 3398 5599 animum
3442 5546 3815 5611 adhibeamus,

2233 5652 2303 5693 ne
2349 5636 2417 5692 de
2457 5636 2613 5692 nobis
2660 5635 2870 5691 dicatur
2922 5652 2937 5689 :
2980 5636 3187 5707 Aspidis
3231 5639 3403 5693 surda:
3440 5656 3590 5694 aures
3639 5656 3818 5694 eorum

2234 5768 2553 5884 w;a%£lius
2594 5766 2761 5821 mallet
2792 5767 2970 5833 legere
2991 5807 3005 5832 ,
3044 5776 3247 5833 tempus.
3283 5777 3388 5822 uss.
3427 5785 3601 5824 omnes
3626 5770 3815 5821 habent
