4074 6374
153 285 222 341 55
1402 286 1468 342 ΙΝ
1506 281 1827 344 JOANNEM

1936 283 2105 340 Ἀπί..
2136 285 2200 340 ll.
2242 287 2314 342 al.
2349 285 2390 341 Ι.
3538 283 3616 341 5G

151 405 319 464 ἔστιν,
360 404 554 476 ῶσπερ
582 399 676 458 οὗν
705 404 801 458 καὶ
835 403 1004 465 ἐστιν,
1041 405 1196 459 οὑδέν
1248 406 1352 474 πρὸ
1382 404 1582 458 αὑτοῦ·
1633 404 1683 456 εἰ
1727 403 1854 469 Δη--

153 492 418 562 μιουργδς
450 493 686 555 πάντων,
713 492 929 564 πρῶτος
963 492 1152 555 αὑτός·
1179 493 1230 545 εἰ
1263 492 1542 562 Δεσπότης
1573 492 1668 545 καὶ
1712 489 1828 544 Κύ-
1866 550 1875 559 _

153 597 265 650 ριος
319 581 603 646 ἁπάντων,
645 581 823 634 πάντα
859 583 978 652 μετ’
1033 581 1218 643 αὑτὸν,
1268 583 1360 634 καὶ
1411 581 1688 651 κτίσματα
1732 579 1825 632 καὶ
1868 575 1908 629 ’θέ

147 669 367 730 αἰῶνες.
431 668 764 739 Ἐϐουλόμην
800 671 896 723 καὶ
943 671 1024 733 εἰς
1054 668 1273 738 ἀγῶνας
1305 669 1553 722 καθιέναι
1586 668 1828 740 ἐτέρουςο

150 757 265 809 ἀλλ’
305 759 441 820 ἴσως
469 758 757 827 ἀπέκαμεν
798 759 931 829 ἡμῖν
965 770 991 799 ι
1028 759 1061 828 ἠ
1097 757 1328 812 διάνοια.
1362 758 1454 811 Διὸ
1497 756 1831 827 παραινέσας

155 847 366 907 ἐκεῖνα,
416 846 564 918 ἅπερ
599 847 748 899 ἐστὶν
782 847 912 917 ὑμῖν
943 847 1038 900 καὶ
1065 846 1203 918 πρὸς
1238 847 1337 906 τὴν
1367 846 1474 900 τῶν
1501 845 1828 917 εἰρημένων,

152 934 244 986 καὶ
272 935 414 1006 πρὸς
441 935 544 1007 τῆν
567 936 676 987 τῶν
704 935 1120 1006 λεχθησομένων
1137 935 1402 1007 ἀκρόασιν
1433 935 1702 1005 χρήσιμα,
1723 933 1832 986 πά-

151 1022 231 1074 λιν
262 1025 592 1094 σιγήσομαι.
616 1023 753 1077 Τίνα
779 1023 844 1094 δὴ
881 1020 975 1078 οὖν
1007 1023 1185 1078 ταῦτά
1220 1026 1370 1077 ἐστιν
1395 1039 1412 1087 ;
1437 1023 1570 1078 Οἶδα
1604 1021 1834 1085 πολλοὺς

153 1111 574 1178 ἰλιγγιάσαντας
616 1113 754 1185 πρὸς
780 1112 843 1166 τὸ
865 1112 973 1166 τῶν
1007 1113 1305 1184 λεχθέντων
1346 1113 1538 1182 μῆκος.
1575 1110 1747 1164 Τοῦτο
1777 1109 1835 1164 δὲ

149 1193 389 1260 γίνεται,
421 1195 554 1248 ὅταν
582 1197 616 1266 ἡ
643 1195 791 1265 ψυχὴ
826 1195 1041 1258 πολλοῖς
1063 1196 1305 1266 φορτίοις
1324 1194 1624 1265 βαρύνηται
1652 1195 1836 1263 βιωτι-

149 1285 288 1345 κοῖς.
330 1283 606 1354 Καθάπερ
637 1283 749 1355 γὰρ
792 1284 855 1337 τὸ
899 1284 1074 1355 ὄμμα,
1104 1284 1234 1338 ὅταν
1265 1283 1363 1353 μὲν
1410 1282 1649 1353 καθαρὸν
1738 1282 1835 1334 καὶ

146 1369 394 1436 διαυγὲς,
426 1369 714 1441 ὀξυδερκές
742 1371 801 1424 τέ
831 1372 968 1433 ἐστι,
990 1371 1084 1425 καὶ
1113 1371 1212 1423 οὑκ
1240 1370 1305 1424 ἂν
1327 1369 1602 1440 ἀποκάμοι
1635 1369 1835 1439 ῥᾳδίως

149 1456 244 1508 καὶ
276 1456 349 1508 τὰ
396 1457 704 1511 λεπτότατα
755 1459 984 1530 σώματα
1019 1457 1458 1528 καταμανθάνον,
1511 1456 1732 1510 ἐπειδὰν
1775 1456 1834 1510 δὲ

149 1544 330 1614 χυμοῦ
361 1562 513 1610 τινος
543 1546 652 1600 ἀπὸ
683 1547 783 1618 τῆς
816 1546 1061 1617 κεφαλῆς
1102 1545 1534 1618 ἐπιρρεύσαντος
1570 1543 1829 1615 πονηροῦ,

147 1632 186 1701 ἦ
216 1633 471 1686 κάτωθεν
500 1633 719 1704 λιγνύος
753 1634 1072 1697 καπνώδους
1095 1633 1496 1705 ἀνενεχθείσης,
1540 1634 1719 1704 πυκνή
1749 1651 1833 1696 τις

151 1718 259 1788 πρὸ
287 1719 392 1788 τῆς
421 1721 595 1792 κόρης
621 1720 850 1791 γένηται
875 1720 1097 1789 νεφέλη,
1131 1720 1284 1774 οὐδὲν
1311 1721 1429 1775 οὑδὲ
1460 1721 1568 1774 τῶν
1593 1719 1833 1790 παχυτέ-

153 1818 262 1871 ρων
298 1802 492 1870 σαφῶς
521 1804 713 1873 ἀφίησι
763 1804 1028 1857 συνιδεῖν·
1057 1803 1200 1858 οὑτω
1246 1805 1339 1858 καὶ
1377 1804 1471 1857 ἐπὶ
1513 1805 1612 1875 τῆς
1651 1803 1835 1874 ψυχῆς

148 1890 403 1957 γίνεσθαι
440 1891 702 1961 πέφυκεν.
741 1893 912 1947 Ὅταν
948 1894 1045 1964 μὲν
1071 1892 1179 1964 γὰρ
1207 1892 1666 1964 ἐκκεκαθαρμένη
1696 1910 1832 1960 τυγ-

149 1978 314 2049 χάνῃ,
337 1979 433 2032 καὶ
465 1980 628 2050 μηδὲν
651 1980 755 2054 ἔχη
780 1981 950 2045 πάθος
988 1980 1258 2052 ἐνοχλοῦν,
1281 1980 1468 2043 ἀτενὲς
1506 1981 1668 2051 ἐνορᾷ
1697 1980 1834 2051 πρὸς

150 2069 302 2140 ἇπερ
327 2069 522 2140 ἐνορᾷν
537 2069 674 2139 χρή·
699 2070 826 2123 ὅταν
847 2068 904 2122 δὲ
935 2068 1149 2132 πολλοῖς
1165 2068 1556 2122 ὲπιθολωθεῖσα
1579 2068 1829 2131 πάθεσιν,

146 2154 403 2228 ἀπολέσῃ
444 2155 544 2226 τὴν
578 2156 780 2226 ἑαυτῆς
813 2157 839 2196 b
868 2156 1090 2228 ἀρετὴν,
1131 2157 1271 2228 πρὸς
1297 2156 1453 2210 οὐδὲν
1478 2156 1586 2210 τῶν
1611 2155 1832 2227 ὑψηλῶν

146 2243 390 2314 ἀρκέσαι
423 2243 647 2298 δύναται
701 2244 918 2316 ῥαδίως,
956 2243 1094 2299 ἀλλά
1124 2244 1434 2316 ἀποκάμνει
1481 2245 1692 2314 ταχέως
1738 2244 1833 2298 καὶ

146 2331 477 2394 άναπίπτει,
514 2333 608 2384 καὶ
645 2331 779 2402 πρὸς
813 2331 980 2386 ὕπνον
1026 2333 1362 2386 ἀποκλίνασα
1391 2332 1486 2386 καὶ
1536 2331 1830 2404 ρᾳθυμίαν,

147 2420 216 2470 τά
247 2417 392 2489 πρὸς
413 2419 614 2490 ἀρετὴν
631 2420 724 2472 καὶ
746 2418 891 2491 ζωὴν
919 2419 1017 2491 τὴν
1037 2421 1102 2474 ἐκ
1126 2419 1332 2491 ταύτης
1347 2421 1484 2492 αὑτῇ
1507 2420 1834 2491 διαφέροντα

149 2506 616 2576 παραπέμπεται,
636 2507 728 2559 καὶ
741 2508 802 2560 οὑ
820 2507 1102 2578 προσίεται
1126 2508 1263 2578 μετά
1284 2507 1591 2579 προθυμίας
1609 2507 1829 2577 πολλῆς.

225 2591 347 2664 ιιι]
379 2599 443 2644 ε’.
467 2593 645 2664 Ὅπερ
665 2593 752 2646 ἴνα
777 2595 852 2664 μὴ
888 2595 982 2647 καὶ
1014 2594 1172 2663 ὑμεῖς
1203 2593 1413 2664 πάθητε
1443 2593 1526 2664 (οὑ
1557 2593 1666 2663 γὰρ
1690 2593 1834 2646 παύ-

153 2695 324 2748 σομαι
353 2678 526 2733 ταῦτα
563 2679 650 2733 ἀεὶ
682 2679 1004 2753 παραινῶν),
1025 2679 1374 2754 ἐπιρρώσατε
1403 2680 1555 2750 ὑμῶν
1584 2681 1684 2749 τὴν
1713 2681 1832 2734 διά-

151 2782 333 2824 νοιαν,
376 2766 464 2818 ἵνα
501 2764 578 2836 μὴ
620 2766 690 2819 τὰ
720 2765 863 2820 αὑτά
902 2767 1194 2838 ἀκούσητε,
1229 2766 1372 2838 ἅπερ
1401 2769 1449 2820 οἱ
1495 2767 1679 2819 πιστοὶ
1723 2768 1834 2819 τῶν

165 2852 442 2924 Ἐϐραίων
477 2852 628 2924 παρά
662 2854 897 2908 Παύλου.
936 2855 1046 2908 Καὶ
1074 2855 1184 2926 γὰρ
1211 2854 1443 2918 ἐκείνοις
1471 2854 1637 2908 πολὺν
1663 2853 1832 2925 ἔφησε

151 2941 246 2992 τὸν
285 2940 444 3008 λόγον
482 2941 831 3012 γεγενῆσθαι,
868 2943 962 2996 καὶ
1011 2943 1465 3013 δυσερμήνευτον,
1512 2943 1612 2995 οὑκ
1646 2941 1834 3014 ἐπειδὴ

155 3028 322 3097 φύσει
352 3028 591 3092 τοιοῦτος
621 3025 710 3100 ῆν,
759 3030 874 3083 ἀλλ’
919 3030 1127 3102 ἐπειδὴ,
1179 3031 1366 3102 φησὶν,
1397 3031 1556 3101 ὑμεῖς
1604 3031 1832 3100 Νωθροί

155 3113 448 3181 γεγόνατε
485 3113 617 3180 ταῖς
639 3113 869 3180 ἀκοαῖς.
919 3115 975 3167 '0
1003 3113 1112 3184 γάρ
1138 3113 1370 3185 ἀσθενὴς
1402 3113 1494 3167 καὶ
1528 3114 1831 3186 ἄρρωστος,

156 3201 251 3253 καὶ
282 3202 388 3254 ὑπὸ
421 3201 524 3271 τῆς
568 3201 929 3272 βραχυλογίας
966 3201 1040 3266 ὡς
1076 3201 1180 3255 ὑπὸ
1226 3202 1603 3273 μακρηγορίας
1638 3218 1836 3272 παρεν-

156 3288 433 3359 οχλεῖσθαι
462 3289 694 3358 πέφυκε,
732 3289 922 3343 καὶτὰ
960 3290 1106 3360 σαφῆ
1140 3291 1233 3344 καὶ
1261 3289 1330 3342 τὰ
1377 3289 1663 3343 εὐδιάλυτα
1705 3289 1834 3342 δυσ-

158 3376 489 3446 καταληπτά
534 3373 672 3430 εἶναι
715 3375 946 3448 νομίζει.
993 3377 1154 3431 ’Λλλά
1190 3376 1376 3448 μηδεὶς
1421 3377 1561 3430 ἔστω
1606 3377 1837 3430 ἐνταῦθα

158 3464 401 3529 τοιοῦτος
423 3479 439 3494 °
455 3463 591 3518 ἀλλά
609 3466 788 3518 πᾶσαν
812 3464 1088 3528 ἀπελάσας
1110 3465 1365 3536 φροντίδα
1389 3463 1666 3536 βιωτικὴν,
1693 3463 1836 3518 οῦτω

160 3552 369 3606 τούτων
418 3552 664 3606 ἀκουέτω
708 3552 818 3606 τῶν
859 3553 1164 3624 δογμάτων.
1198 3553 1364 3606 Ὅταν
1410 3552 1518 3623 γὰρ
1573 3551 1836 3623 ἐπιθυμία

163 3641 471 3712 χρημάτων
501 3641 704 3712 κατέχῃ
748 3644 839 3718 τδν
874 3642 1168 3712 ἀκροατὴν,
1214 3641 1315 3694 οὑκ
1371 3641 1437 3694 ἂν
1481 3639 1697 3693 δύναιτο
1743 3641 1836 3693 καὶ

162 3729 433 3799 ἐπιθυμία
480 3731 774 3799 κατασχεῖν
826 3730 1140 3801 ἀκροάσεως
1187 3729 1408 3801 ὁμοίως,
1461 3730 1650 3800 ἐπειδὴ
1701 3729 1836 3800 μηδὲ

162 3820 325 3889 ἀρκεῖ
350 3817 576 3882 πολλαῖς
604 3819 925 3890 ἐπιθυμίαις
966 3821 1064 3890 μία
1086 3819 1429 3889 τυγχάνουσα
1458 3822 1490 3890 ἡ
1523 3820 1688 3891 ψυχὴ,
1720 3818 1834 3872 ἀλλ’

162 3909 194 3976 ἡ
211 3906 376 3976 ἑτέρα
393 3910 465 3976 τῇ
495 3907 658 3978 ἑτέρα
684 3906 746 3958 λυ
757 3907 1025 3978 μαίνεται,
1044 3909 1138 3960 καὶ
1165 3907 1453 3978 σχιζομένη
1474 3907 1836 3978 ἀσθενεστέρα

163 3994 390 4060 γίνεται,
417 3993 826 4065 ἐπικρατούσης
854 3993 956 4062 τῆς
983 3994 1172 4065 ἐτέρας
1201 3995 1295 4048 καὶ
1322 3994 1383 4047 τὸ
1403 3996 1512 4048 πᾶν
1540 3995 1620 4057 εἰς
1639 3994 1836 4064 ἑαυτὴν

164 4080 518 4150 δαπανώσης.
552 4081 722 4135 Τοῦτο
755 4083 851 4134 καὶ
896 4083 990 4135 ἐπὶ
1029 4081 1236 4135 παίδων
1267 4082 1590 4152 συμϐαίνειν
1622 4081 1832 4134 εἴωθεν.

167 4178 336 4230 Ὅταν
362 4176 467 4247 μὲν
485 4175 594 4245 γάρ
614 4174 712 4226 ἕνα
739 4191 823 4236 τις
844 4173 944 4243 ἔχῃ
977 4172 1154 4241 μόνον,
1177 4173 1296 4243 μεθ’
1321 4171 1626 4243 ὑπερϐολῆς
1648 4173 1838 4243 ἀγαπᾷ

165 4263 251 4315 τὸν
281 4262 380 4315 ἕνα
404 4277 422 4292 ⁸
458 4261 587 4314 ὃταν
616 4261 675 4314 δὲ
703 4259 912 4312 πολλῶν
940 4259 1163 4330 γένηται
1195 4259 1399 4313 παίδων
1420 4258 1622 4329 πατὴρ,
1649 4259 1742 4311 καί
1768 4259 1837 4311 τά

167 4351 262 4419 τῆς
293 4349 596 4412 διαθέσεως
632 4346 973 4419 διαιρεθέντα
1013 4347 1375 4417 ἀσθενέστερα
1400 4347 1628 4414 γίνεται.
1675 4346 1738 4398 Εἰ
1780 4345 1838 4399 δὲ

168 4437 292 4492 ενθα
323 4434 536 4507 φυσικὴ
563 4435 818 4505 τυραννὶς
843 4435 936 4487 καὶ
967 4433 1216 4504 δύναμις,
1247 4435 1340 4487 καὶ
1370 4433 1608 4503 συγγενῆ
1639 4434 1709 4486 τὰ
1746 4451 1836 4503 φι-

169 4526 426 4596 λούμενα,
463 4523 625 4576 τοῦτο
653 4522 940 4594 συμϐαίνει
960 4536 973 4550 '
1005 4522 1057 4574 τί
1081 4521 1148 4575 ἂν
1182 4520 1432 4591 εἴποιμεν
1456 4521 1548 4574 ἐπὶ
1572 4522 1671 4592 τῆς
1695 4521 1839 4576 κατά

173 4615 492 4684 προαίρεσιν
528 4609 826 4681 ἐπιθυμίας
855 4610 952 4663 καὶ
976 4608 1290 4673 διαθέσεως,
1323 4610 1417 4662 καὶ
1451 4608 1685 4680 μάλιστα
1712 4611 1838 4664 ὅταν

171 4704 214 4753 εί
239 4703 451 4772 ἔρωτες
471 4693 620 4754 οὗτοι
636 4700 733 4754 ἀπ’
754 4697 1002 4760 ἐναντίας
1022 4697 1270 4768 ἀλλήλοις
1291 4696 1638 4764 διακέωνται;
1665 4698 1841 4752 Ἐναν-

171 4790 274 4842 τίον
296 4789 409 4860 γὰρ
432 4786 733 4858 χρημάτων
759 4785 899 4858 ἔρως
928 4784 1089 4856 ἔρωτι
1113 4785 1368 4855 τοιαύτης
1390 4786 1726 4856 ἀκροάσεως.
1745 4787 1840 4851 Εἰς

172 4877 256 4928 τὸν
286 4875 527 4947 οὐρανὸν
555 4874 764 4944 εἴσιμεν
788 4872 1047 4936 εἰσιόντες
1072 4871 1279 4926 ἐνθάδε.
1313 4872 1388 4926 Οὑ
1408 4871 1486 4943 τῷ
1509 4873 1658 4943 τόπῳ
1674 4873 1838 4942 λέγω,

175 4966 300 5019 ἀλλά
323 4967 396 5035 τῇ
437 4960 680 5016 διαθέσει
701 4978 713 4990 ·
751 4960 926 5014 ἔνεστι
955 4960 1063 5030 γὰρ
1104 4961 1197 5013 καὶ
1225 4959 1318 5012 ἐπὶ
1345 4959 1444 5030 γῆς
1469 4959 1594 5014 ὂντα
1618 4962 1840 5014 ἑστάναι

176 5056 227 5108 ἐν
257 5051 500 5125 οὖρανῷ,
542 5049 637 5104 καὶ
672 5048 742 5103 τὰ
787 5050 902 5101 ἐκεῖ
949 5046 1333 5118 φαντάζεσθαι,
1381 5048 1474 5101 καὶ
1516 5047 1586 5102 τὰ
1631 5048 1839 5102 ἐκεῖθεν

180 5144 410 5197 ἀκούειν.
446 5141 654 5212 Μηδεὶς
675 5136 770 5195 οὖν
789 5139 867 5209 τῷ
893 5137 1105 5210 οὖρανῴ
1135 5137 1203 5190 τά
1220 5137 1318 5207 τῆς
1340 5137 1443 5208 γῆς
1467 5139 1804 5207 ὲπεισαγέτω
1824 5157 1835 5169 ·

188 5232 364 5301 μηδεὶς
391 5227 636 5283 ἐνταῦθα
666 5226 857 5290 ἐστὼς,
888 5226 957 5279 τά
987 5225 1125 5279 κατά
1156 5225 1254 5295 τὴν
1295 5225 1469 5278 οἰκίαν
1503 5228 1837 5298 μεριμνάτω.

186 5321 286 5391 τὴν
315 5322 431 5392 γὰρ
461 5320 642 5373 οἰκίαν
675 5319 773 5370 καὶ
806 5317 906 5387 τὴν
934 5315 1135 5386 ἀγορὰν
1165 5315 1270 5370 ἔδει
1298 5315 1369 5369 τά
1405 5314 1650 5369 ἐντεῦθεν
1686 5333 1842 5388 περι-

187 5410 357 5480 φέρειν
395 5407 568 5479 κέρδη
599 5405 694 5459 καὶ
727 5404 892 5474 ἔχειν,
941 5404 1001 5456 οὑ
1035 5403 1238 5473 ταύτην
1281 5405 1392 5467 τοῖς
1432 5406 1496 5458 ἐκ
1525 5406 1623 5475 τῆς
1668 5404 1842 5469 οἰκίας

191 5498 269 5548 ι.ιί
288 5496 388 5565 τῆς
412 5493 621 5564 ἀγορᾶς
655 5490 896 5563 φορτίοις
937 5488 1284 5561 βαρύνεσθαι.
1313 5489 1414 5543 Διά
1434 5489 1607 5544 ταῦτα
1636 5492 1844 5562 εἴσιμεν

244 5638 267 5666 ³
289 5636 510 5686 Accessit
533 5633 648 5691 ήιιῖν
667 5645 696 5682 e
719 5634 832 5683 Sav.
860 5638 908 5681 et
932 5630 1037 5680 cod.
1057 5629 1170 5680 706.

243 5697 269 5736 ιι
293 5699 402 5747 Sav.
432 5703 484 5745 et
504 5696 701 5759 quidam
720 5694 802 5759 alii
822 5696 906 5751 τήν
921 5694 1079 5750 αὐτῆς.

247 5764 268 5791 ε
294 5759 441 5807 Sam.
467 5779 478 5807 :
516 5752 650 5807 Malo
673 5758 859 5819 χρόνον,
878 5752 1236 5819 ιιι-ιιριιιιιιιαίε
1259 5753 1382 5804 loco.
1409 5754 1522 5803 Mss.
1548 5767 1720 5804 omnes
1743 5757 1846 5817 0ρὸ-

197 5821 474 5868 τσ-δίιοὴεηῑ.
507 5819 627 5869 Ibid.
673 5815 794 5866 'S'av.
839 5825 892 5864 et
932 5817 1051 5866 Mor.
1095 5815 1490 5878 ἀποῤῥυψώμεθα,
1532 5815 1846 5878 ιιιδιιυειτιριί

201 5881 762 5946 ῐιιιιὶιὶηέιποτριψὼιιεθα,
812 5892 936 5946 υιιιισς
987 5877 1372 5946 ἀποῤῥιψῴμεθα,
1425 5880 1554 5927 allus
1603 5877 1845 5941 anew-1363-

203 5945 304 5998 ιιεθα
343 5943 429 5995 11:2
447 5939 869 5994 omneslcclioues
893 5939 1006 5989 furti
1026 5939 1244 6000 posSunt.

1896 419 1905 428 ο
1939 401 2090 472 παρὰ
2140 403 2232 456 τὸν
2264 403 2364 474 τῆς
2411 399 2759 466 διδασκαλίας
2797 401 2987 474 θρόνον

3029 412 3078 464 ε,
3123 399 3208 454 ῖνα
3240 398 3486 454 ἐντεῦθεν
3518 403 3612 456 τὸν

1937 489 2142 554 ἔξωθεν
2168 491 2614 564 ἀποῤῥυψὼμεθα
2662 491 2853 560 ῥύπον.
2887 491 2986 544 Ἂν
3017 489 3074 543 δὲ
3111 488 3390 559 μέλλωμεν
3419 490 3514 542 καὶ
3539 493 3618 561 τῗῒ

1943 580 2116 648 μικρᾴ
2138 578 2310 650 ταύτῃ
2338 579 2499 650 σχολῇ
2527 579 2636 634 ἀπὸ
2656 579 2764 634 τῶν
2787 578 2894 642 ἔξω
2919 577 3225 647 λεγομένων
3249 576 3608 647 ἦπραττομέ-

1935 683 2043 719 νων
2090 666 2472 737 λυμαίνεσθαι,
2510 666 2718 736 βέλτιον
2769 666 2902 738 μηδὲ
2953 664 3214 718 εἰσελθεῖν
3265 665 3365 736 τὴν
3411 667 3604 736 ἀρχὴν.

1935 753 2143 822 Μηδεὶς
2171 754 2461 823 τοιγαροῦν
2490 756 2548 808 ἐν
2593 753 2860 825 ἐκκλησίᾳ
2897 752 2966 806 τὰ
2995 752 3135 806 κατά
3175 751 3275 822 τὴν
3302 752 3480 806 οἰκίαν
3512 769 3610 822 μεν

1934 841 2163 904 λετάτω,
2189 842 2325 896 ἀλλὰ
2361 843 2455 896 καὶ
2496 844 2556 896 ἐν
2585 842 2733 912 οἰκίᾳ
2764 842 2834 896 τὰ
2871 843 3011 896 κατὰ
3043 842 3141 906 τὴν
3177 841 3475 910 ἐκκλησίαν
3519 858 3608 894 κιδ

1933 930 2117 985 νείτω.
2146 930 2372 984 Πάντων
2418 933 2552 1000 ἡμῖν
2601 930 2743 984 ἔστω
2783 930 2955 984 ταῦτα
2985 929 3306 1000 τιμιώτερα.
3341 930 3452 998 Τῆς
3498 929 3618 998 γὰρ

1932 1019 2112 1090 ψυχῆς
2141 1019 2318 1075 ταῦτά
2350 1022 2490 1082 ἐστι,
2517 1019 2612 1073 τοῦ
2659 1020 2912 1091 σώματος
2949 1018 3008 1071 δὲ
3053 1021 3270 1072 ἐκεῖναο
3307 1018 3507 1088 μᾶλλον
3551 1018 3607 1071 δὲ

1933 1109 2030 1161 καὶ
2071 1107 2283 1179 σώματι
2329 1109 2424 1162 καὶ
2459 1108 2604 1179 ψυχῇ
2655 1108 2723 1160 τά
2753 1106 2987 1160 ἐνταῦθα
3026 1106 3296 1176 λεγόμενα
3334 1106 3603 1177 διαφέρει.

1932 1197 2033 1250 Διά
2050 1196 2208 1250 τοῦτο
2230 1195 2404 1251 ταῦτα
2436 1196 2531 1266 μὲν
2569 1196 2712 1250 ἔστω
2738 1194 3125 1268 προηγούμενα
3169 1194 3325 1266 ἔργα,
3353 1195 3626 1266 πάρεργον

1931 1284 1990 1336 δὲ
2019 1283 2239 1339 ἅπαντα
2265 1285 2333 1337 τὰ
2360 1283 2516 1338 ἀλλα.
2551 1283 2734 1338 Ταῦτα
2768 1285 2866 1354 μὲν
2900 1282 3009 1353 γὰρ
3042 1283 3135 1336 καὶ
3166 1283 3265 1352 τῆς
3307 1281 3606 1354 μελλούσης

1933 1373 2028 1426 καὶ
2051 1372 2150 1441 τῆς
2178 1373 2460 1443 παρούσης
2487 1372 2604 1426 ἐστί
2629 1371 2775 1443 ζωῆς
2796 1389 2809 1404 ·
2842 1372 3025 1424 ἐκεῖνα
3049 1371 3106 1424 δὲ
3134 1369 3242 1423 οὐδ’
3269 1370 3482 1440 ἑτέρας,
3509 1370 3609 1423 ἐάν
3631 1399 3638 1410 ι

1937 1459 2012 1532 μὴ
2046 1460 2188 1514 κατὰ
2221 1460 2310 1514 τὸν
2341 1461 2483 1531 ὑπὲρ
2513 1461 2718 1514 τούτων
2753 1458 2981 1512 τεθέντα
3019 1458 3286 1528 διοικῆται
3315 1457 3501 1529 νόμον.
3531 1459 3608 1511 Οὑ

1933 1550 2044 1619 γὰρ
2067 1549 2132 1620 δὴ
2166 1549 2327 1620 μόνον
2355 1549 2408 1602 τί
2445 1549 2586 1620 μετά
2610 1547 2784 1602 ταῦτα
2813 1546 3070 1618 ἐσόμεθα,
3093 1546 3189 1599 καὶ
3217 1545 3333 1609 πῶς
3362 1545 3481 1598 τότε
3505 1544 3604 1615 ζη-

1935 1639 2161 1710 σόμεθα,
2191 1637 2440 1692 ἐντεῦθεν
2461 1638 2576 1692 ἔστι
2610 1637 2800 1709 μαθεῖν
2829 1636 3008 1708 μόνον,
3043 1635 3178 1689 ἀλλά
3209 1634 3326 1698 πῶς
3359 1635 3452 1687 καὶ
3467 1634 3558 1688 τὸν
3579 1631 3604 1672 ά

1932 1728 2175 1800 παρόντα
2196 1729 2625 1798 οἱκονομήσομεν
2657 1725 2790 1795 βίον.
2825 1727 3079 1796 ’ἰατρεῖον
3107 1723 3216 1795 γὰρ
3242 1725 3269 1775 6
3285 1718 3430 1787 οἶκος
3455 1718 3607 1786 οὗτος

1931 1817 2129 1887 ἔστηκε
2169 1827 2192 1856 ο
2228 1815 2616 1886 πνευματικὸν,
2658 1814 2746 1868 ἵνα
2801 1814 2944 1884 ἀπερ
2993 1811 3060 1865 ἂν
3106 1811 3359 1882 λάϐωμεν
3408 1809 3606 1877 ἔξωθεν

1930 1906 2247 1978 τραύματα,
2278 1903 2528 1957 ἐντεῦθεν
2555 1901 2988 1972 θεραπεύσωμεν
3012 1919 3025 1932 ·
3053 1900 3152 1970 οὑχ
3179 1900 3266 1952 ἵνα
3290 1898 3387 1952 καῖ
3423 1895 3606 1950 ἐντεῦί-

1933 1977 2021 2040 θεν
2055 1987 2406 2052 συλλέξαντες
2452 1986 2634 2057 ἓτερα,
2671 1985 2844 2047 οὕτως
2899 1983 3170 2052 ἀπίωμεν.
3225 1982 3320 2033 Ἂν
3354 1979 3462 2050 γὰρ
3509 1977 3603 2031 τοῦ

1933 2074 2248 2144 Πνεύματος
2274 2073 2389 2145 [15]
2414 2075 2544 2144 ἡμῖν
2581 2071 2676 2125 τοῦ
2702 2071 2858 2140 ἁγίου
2886 2068 3269 2140 διαλεγομένου
3303 2067 3376 2138 μὴ
3432 2082 3604 2137 προσο

1932 2163 2242 2233 έχωμεν,οὑ
2280 2162 2439 2232 μόνον
2463 2160 2532 2214 τὰ
2559 2160 2796 2232 πρότερα
2827 2159 2846 2198 τ
2881 2159 2980 2212 οὑκ
3006 2155 3438 2227 ἀπολουσόμεθα,
3469 2153 3604 2208 ἀλλὰ

1932 2253 2026 2304 καὶ
2053 2252 2217 2323 ἔτερα
2245 2249 2689 2324 προσληψόμεθα.
2725 2247 3088 2318 Προσέχωμεν
3107 2245 3286 2299 τοίνυν
3307 2243 3387 2314 τῷ
3415 2243 3604 2314 βιϐλίῳ

1935 2337 2073 2407 μετά
2107 2337 2306 2408 πολλῆς
2349 2337 2450 2407 τῆς
2485 2336 2718 2405 σπουδῆς
2761 2338 2891 2407 ἡμῖν
2925 2331 3440 2402 ἀνακαλυπτομένῳ.
3471 2329 3603 2383 Οὐδὲ

1931 2426 2038 2496 γὰρ
2057 2425 2254 2494 πολλῆς
2270 2423 2574 2496 δεησόμεθα
2601 2423 2787 2476 λοιπὸν
2811 2421 3211 2494 πραγματείας,
3227 2419 3293 2473 ἂν
3313 2419 3410 2483 τὰς
3429 2417 3604 2489 ἀρχὰς

1932 2513 2027 2566 καὶ
2071 2513 2358 2575 ὑποθέσεις
2409 2512 2544 2583 μετά
2574 2510 2858 2581 ἀκριϐείας
2904 2509 3198 2581 μάθωμεν·
3238 2505 3373 2561 ἀλλὰ
3408 2505 3608 2576 μικρὸν

1931 2600 1989 2652 ἐν
2023 2599 2329 2672 προοιμίοις
2359 2597 2704 2664 πονέσαντες,
2750 2596 3091 2668 δυνησόμεθα
3121 2594 3214 2647 τοῦ
3240 2592 3426 2646 λοιποῦ
3461 2593 3602 2645 κατά

1930 2688 2020 2741 τὸν
2073 2687 2284 2740 Παῦλον
2329 2689 2424 2740 καὶ
2476 2686 2668 2750 ἄλλους
2714 2684 3007 2738 νουθετεῖν.
3039 2682 3250 2752 Σφόδρα
3303 2680 3410 2750 γάρ
3453 2681 3603 2733 ἐστιν

1932 2771 2134 2845 ὑψηλὸς
2163 2776 2190 2828 6
2208 2773 2534 2836 Ἀπόστολος
2547 2769 2724 2838 οὗτος,
2753 2771 2847 2825 καὶ
2875 2769 3080 2824 πολλῶν
3107 2768 3268 2838 γέμει
3295 2766 3612 2837 δογμάτων..

1933 2862 2028 2915 καὶ
2057 2861 2268 2925 τούτοις
2295 2859 2623 2932 ἐνδιατρίϐει
2654 2858 2902 2930 μᾶλλονῆ
2935 2858 3160 2928 ἑτέροις.
3189 2853 3281 2926 Μὴ
3305 2854 3370 2925 δὴ
3403 2853 3607 2925 παρέρ-

1931 2967 2045 3019 γως
2089 2949 2397 3020 ἀκούωμεν.
2434 2947 2533 3002 Διά
2567 2947 2724 3001 τοῦτο
2765 2945 2874 3019 γὰρ
2901 2945 3061 3019 ἡμεῖς
3093 2943 3188 3000 καὶ
3228 2945 3365 2999 κατὰ
3407 2942 3603 3016 μικρὸν

1932 3038 2297 3109 ἐξηγούμεθα,
2327 3036 2469 3092 ῶστε
2503 3037 2631 3109 ὑμῖν
2650 3035 2896 3107 εὔληπτα
2924 3036 3100 3090 πάντα
3129 3033 3380 3104 γενέσθαι
3406 3034 3501 3086 καὶ
3527 3031 3628 3102 μὴη,

1930 3127 2212 3196 διαφυγεῖν
2240 3126 2338 3199 τῆν
2375 3129 2616 3199 μνήμην.
2635 3125 2965 3197 Φοϐηθῶμεν
2990 3125 3167 3178 τοίνυν
3203 3125 3410 3196 μήποτε
3435 3121 3604 3192 γενώ-

1937 3215 2076 3286 μεθα
2093 3215 2194 3285 τῆς
2223 3215 2406 3285 φωνῆς
2431 3215 2646 3285 ἐκείνης
2671 3213 2961 3268 ὑπεύθυνοι
2976 3213 3074 3283 τῆς
3102 3211 3367 3281 λεγούσης
3385 3225 3398 3238 ⁸
3425 3211 3493 3264 El
3513 3207 3600 3279 μὴ

1933 3298 2123 3372 ἦλθον
2152 3301 2251 3356 καὶ
2279 3302 2556 3372 ἐλάλησα
2587 3300 2813 3368 αὐτοῖς,
2845 3299 3140 3370 ἁμαρτίαν
3177 3300 3289 3354 οὐκ
3315 3293 3502 3365 εἶχον.
3536 3295 3602 3348 Τί

1931 3391 2040 3463 γὰρ
2072 3391 2267 3462 ἕξομεν
2297 3392 2404 3445 τῶν
2443 3392 2542 3445 οὐκ
2588 3390 2904 3462 ἀκηκοότων
2938 3389 3119 3454 πλέον,
3159 3388 3287 3441 ὅταν
3335 3389 3431 3439 καὶ
3464 3385 3603 3456 μετά

1933 3480 2032 3552 τὴν
2076 3481 2340 3553 ἀκρόασιν
2397 3480 2562 3552 μηδὲν
2607 3479 2788 3533 οἶκαδε
2829 3478 3157 3549 ἀπέλθωμεν
3192 3477 3425 3546 ἔχοντες,
3465 3473 3603 3527 ἀλλά

1936 3568 2307 3640 θαυμάζοντες
2342 3569 2408 3622 τὰ
2433 3568 2700 3640 εἰρημένα
2742 3568 2937 3640 μόνον;
2969 3566 3099 3618 Δότε
3135 3565 3312 3618 τοίνυν
3336 3565 3489 3634 ἡμῖν,
3522 3563 3602 3624 εἰς

1934 3655 2145 3728 ἀγαθὴν
2175 3659 2395 3728 σπεῖραι
2422 3656 2525 3726 γῆν
2545 3673 2558 3686 ·
2590 3655 2731 3718 δότε,
2763 3655 2847 3708 ἵνα
2877 3654 3026 3724 ἡμᾶς
3065 3648 3442 3719 ἐπισπάσησθε
3483 3665 3603 3719 μει-

1936 3744 2126 3808 ζόνως.
2157 3745 2268 3798 Καὶ⁹
2307 3743 2467 3806 εἴτις
2505 3741 2747 3806 ἀκάνθας
2792 3742 2929 3812 ἔχει,
2968 3740 3029 3793 τὸ
3055 3739 3166 3811 πῦρ
3203 3739 3481 3806 ἐπαφιέτω
3507 3737 3601 3790 τοῦ

1935 3831 2256 3904 Πνεύματος
2275 3848 2286 3860 ·
2320 3833 2370 3884 εῑ
2398 3818 2481 3895 τις
2503 3830 2744 3903 σκληρὰν
2773 3831 2867 3883 καὶ
2900 3829 3192 3883 ἀντίτυπον
3231 3826 3477 3898 καρδίαν,
3519 3825 3600 3878 λι-

1936 3921 2120 3992 παρὰν
2164 3919 2386 3972 ποιείτω
2438 3918 2606 3990 αὑτὴν
2651 3919 2747 3972 καὶ
2775 3917 2988 3988 ἁπαλὴν
3015 3914 3093 3985 τῷ
3136 3913 3284 3985 αὐτῷ
3322 3912 3604 3984 χρώμενος

1936 4008 2068 4078 πυρί
2103 4008 2148 4060 ε.
2178 4007 2245 4059 Εἴ
2273 4024 2357 4069 τις
2388 4006 2530 4060 κατά
2550 4005 2648 4068 τὰς
2665 4004 2814 4068 ὁδοὺς
2845 4005 2950 4058 ὑπὸ
2979 4004 3195 4058 πάντων
3226 4004 3474 4055 πατεῖται
3496 3999 3603 4052 τῶν

1935 4090 2234 4162 λογισμῶν,
2264 4090 2400 4160 πρὸς
2429 4085 2498 4143 τὰ
2529 4089 2781 4160 ὲνδότερα
2813 4088 3020 4152 εἰσίτω,
3049 4086 3144 4138 καὶ
3193 4086 3266 4156 μὴ
3295 4083 3602 4156 προκείσθω

1936 4180 2046 4240 τοῖς
2072 4176 2417 4247 βουλομένοις
2439 4177 2518 4239 εἰς
2546 4177 2798 4248 ἁρπαγὴν
2815 4174 3043 4240 ἐπιέναι,
3067 4175 3152 4226 ἵνα
3173 4172 3426 4244 κομῶντα
3448 4169 3602 4240 ὑμῶν

1941 4265 2140 4335 ίδωμεν
2165 4263 2236 4316 τά
2250 4264 2396 4333 λήῖα.
2419 4262 2529 4316 Καὶ
2555 4264 2661 4334 γάρ
2677 4261 2743 4315 ἂν
2760 4261 2932 4324 οὕτως
2957 4259 3164 4314 ἑαυτῶν
3194 4257 3600 4329 ἐπιμελώμεθα,

1939 4352 2035 4405 καὶ
2066 4351 2203 4422 μετά
2246 4350 2559 4420 φιλοπονίας
2596 4351 2696 4420 τῆς
2743 4349 3056 4418 ἀκροάσεως
3105 4345 3358 4416 ἐχώμεθα
3401 4343 3603 4413 ταύτης

1937 4439 2038 4510 τῆς
2068 4439 2466 4509 πνευματικῆς,
2500 4438 2550 4490 εἰ
2576 4438 2670 4490 καὶ
2709 4437 2784 4508 μὴ
2829 4435 3045 4507 ἀθρόον,
3079 4433 3214 4487 ἀλλά
3239 4431 3379 4485 κατά
3410 4432 3604 4503 μικρὶν

1940 4528 2160 4582 πάντων
2189 4527 2318 4596 γοῦν
2341 4524 2842 4596 ἀπαλλαγησόμεθα
2862 4523 2969 4577 τῶν
2999 4520 3284 4592 βιωτικῶν.
3317 4519 3408 4572 Διὸ
3438 4535 3607 4589 προσ-

1941 4617 2177 4687 έχωμεν,
2207 4615 2293 4668 ἵνα
2321 4613 2393 4684 μὴ
2428 4614 2518 4666 καὶ
2547 4613 2673 4682 περί
2709 4610 2863 4682 ἡμῶν
2895 4609 3142 4680 λέγηται,
3170 4609 3273 4660 ὅτι⁶
3321 4606 3605 4671 Ἀσπίδος

1940 4703 2149 4773 κωφῆς
2174 4703 2246 4756 τὰ
2258 4699 2377 4756 ὦτα
2405 4696 2664 4754 αὐτῶν-ι.
2689 4699 2753 4750 Τί
2783 4697 2968 4768 θηρίου
2987 4696 3289 4767 διενήνοχεν
3315 4695 3342 4746 ὁ
3364 4693 3604 4755 τοιοῦτος

1939 4793 2249 4863 ἀκροατήςς
2286 4790 2408 4843 εἰπέ
2437 4806 2546 4860 μοι.
2582 4786 2703 4850 Πῶς
2738 4786 2795 4838 δέ
2821 4786 2920 4838 οὐκ
2949 4785 3013 4838 ἀν
3051 4783 3138 4853 εἴη
3167 4781 3363 4845 παντὸς
3396 4779 3604 4851 ἀλογώ-

1939 4897 2097 4950 τερος
2135 4879 2353 4946 ἀλόγου,
2385 4880 2412 4930 6
2447 4875 2582 4928 Θεοῦ
2619 4873 3001 4942 διαλεγομένου
3052 4870 3127 4942 μὴ
3166 4870 3491 4942 προσέχων;
3542 4869 3620 4921 Εί

1941 4969 2051 5038 γὰρ
2086 4967 2148 5021 τὸ
2179 4967 2492 5036 εὐαρεστεῖν
2522 4967 2535 5006 ί
2576 4963 2655 5033 τῷ
2677 4962 2816 5033 Θεῷ,
2847 4961 3004 5014 τοῦτό
3035 4962 3182 5013 ἐστιν
3212 4958 3495 5030 ἄνθρωπον
3529 4952 3615 5010 εἷ·-

1941 5073 2030 5109 ναι
2050 5072 2063 5084 ·
2095 5056 2124 5107 6
2167 5054 2322 5124 μηδὲ,
2359 5053 2506 5116 ὅπως
2535 5051 2692 5104 τοῦτο
2715 5047 3129 5121 κατορθώσειεν,
3157 5045 3386 5101 ἀκοῦσαι
3415 5044 3608 5106 θέλων,

1944 5142 2096 5196 οὐδὲν
2129 5141 2316 5212 ἕτερον
2346 5140 2379 5211 ἢ
2403 5139 2590 5212 θηρίον
2615 5136 2782 5191 ἐστίν.
2831 5136 3114 5206 Ἐννόησον
3152 5130 3246 5187 οὖν
3277 5134 3400 5186 ὅσον
3425 5131 3490 5186 ἀν
3517 5130 3604 5202 εἴη

1945 5232 2136 5295 κακὸν,
2166 5229 2261 5283 τοῦ
2302 5227 2538 5300 Χριστοῦ
2568 5227 2812 5288 θέλοντος
2843 5226 2991 5296 ἡμᾶς
3020 5225 3078 5290 ἐξ
3115 5220 3417 5290 ἀνθρώπων
3452 5220 3605 5287 ἰσαγ-

1943 5319 2135 5388 γέλους
2184 5319 2381 5380 ποιεῖν,
2425 5315 2623 5378 αὑτοὺς
2666 5313 2725 5380 ἐξ
2763 5311 3065 5384 ἀνθρώπων
3115 5312 3195 5374 εἰς
3239 5308 3403 5382 θηρία
3443 5324 3608 5379 μετα-

1949 5411 2123 5464 ποιεῖν
2157 5419 2203 5460 ι.
2245 5407 2318 5460 Τὸ
2348 5407 2458 5478 γὰρ
2489 5408 2555 5476 τῇ
2586 5404 2785 5477 γαστρὶ
2811 5402 3105 5468 δουλεύειν,
3135 5403 3227 5456 καὶ
3245 5403 3310 5473 τῇ
3342 5399 3449 5455 τῶν
3471 5417 3614 5473 χρη-

2008 5569 2034 5608 d
2069 5567 2316 5618 Articulus
2347 5559 2554 5614 accessit
2583 5575 2613 5611 e
2637 5560 2787 5610 Savil.
2810 5559 2947 5610 Emr.

2013 5637 2035 5660 υ
2060 5617 2171 5680 ὧν.
2203 5627 2339 5681 οὗτός
2367 5626 2487 5682 ἐστι,
2513 5631 2566 5672 et
2599 5625 2744 5685 paulo
2768 5629 2880 5682 post.
2905 5618 3101 5668 ἐνταῦθα
3120 5631 3208 5680 pro
3231 5617 3454 5668 ἐντεῦθεν.

2016 5695 2030 5728 ι’
2058 5692 2280 5751 Quidam,
2300 5688 2360 5736 τὰ
2379 5688 2619 5749 πρότερον.
2883 5741 2926 5751 ,,
3020 5722 3028 5731 ·

2011 5758 2035 5794 ε
2057 5741 2140 5802 ἐκ
2161 5741 2311 5801 εει-ἴε.
2334 5756 2388 5797 ει
2409 5741 2579 5797 6mn'es
2601 5757 2861 5808 peneimss.
2883 5741 3002 5791 Mor.
3029 5744 3268 5807 χρώμενον
3307 5744 3444 5793 πάλιν
3481 5745 3607 5808 πυρί.

2013 5816 2037 5854 h
2067 5826 2174 5863 θεν.
2203 5820 2254 5861 ει
2274 5811 2468 5872 quidam
2491 5807 2610 5872 missi
2628 5809 2688 5854 τὰ
2720 5807 2821 5854 ῶτα
2844 5807 2995 5864 ἡμῶν.

2017 5890 2031 5916 ι
2064 5876 2265 5936 Quidam
2286 5870 2592 5936 εὐχαριστεῖν.
2875 5927 2893 5936 θ

2021 5951 2034 5989 ι
2067 5935 2173 6000 Sav.
2200 5943 2247 5987 cl
2269 5935 2465 5998 quidam
2497 5945 2611 5983 mss.
2643 5935 2942 5992 μεταπισειν,
