4074 6374
427 279 500 334 57
1237 293 1294 349 S.
1334 293 1621 353 JOANNIS
1660 290 2142 352 CHRYSOSTOMI
2182 291 2505 351 ARCIIIEP.
2545 299 3090 357 CONSTANTINOP.
3789 303 3862 358 58

427 393 612 462 μάτων
638 397 904 472 ἐπιθυμία
937 402 1278 475 κατέχεσθαι,
1310 408 1404 461 καὶ
1423 409 1735 482 ὀργίζεσθαι
1761 409 1856 462 καὶ
1874 407 2088 462 δάκνειν

423 485 517 570 καὶ
551 485 842 554 λακτίζειν,
870 491 970 544 οὐκ
991 493 1314 566 ἀνθρώπων,
1334 498 1471 552 ἀλλὰ
1491 498 1698 570 θηρίων
1727 501 1864 552 ἐστί.
1892 497 2087 552 Καίτοι

421 569 497 657 τά,
520 571 619 640 μὲν
653 573 838 647 θηρία,
875 577 933 631 ἓν
967 580 1214 647 ἕκαστον,
1252 583 1329 647 ὡς
1361 569 1578 650 εἰπεῖν,
1606 586 1720 657 ἔχει
1759 587 1951 650 πάθος,
1994 585 2090 638 καὶ

418 656 577 712 τοῦτο
615 663 755 717 κατὰ
786 665 947 733 φύσιν
967 687 978 698 υ
1014 671 1042 722 ὁ
1074 669 1132 722 δὲ
1168 671 1455 742 ἄνθρωπος
1489 675 1517 726 ὁ
1544 656 1650 726 τῶν
1682 673 1959 744 λογισμῶν
1987 673 2088 742 τὴν

419 745 854 817 ἀρχὴνέκϐαλὼν
878 755 973 809 καὶ
994 756 1094 826 τῆς
1115 758 1258 811 κατά
1279 758 1410 812 Θεὸν
1433 761 1705 824 πολιτείας
1723 759 2084 832 ἀπορραγεὶς,

418 835 584 888 πᾶσιν
612 838 804 893 ἑαυτὸν
834 843 1121 914 ἐπιτρέπει
1148 849 1262 910 τοῖς
1286 847 1480 901 πάθεσι
1501 864 1522 877 ’-
1544 850 1636 902 καὶ
1672 849 1868 902 οὐκέτι
1899 848 2085 918 θηρίον

416 921 626 988 γίνεται
659 927 840 997 μόνον,
881 930 1016 986 ἀλλά
1041 934 1208 1004 τέρας
1240 934 1588 1006 πολύμορφόν
1620 954 1668 988 τι
1695 937 1789 988 καὶ
1821 934 2082 999 ποικίλον,

416 1010 512 1062 καὶ
545 1012 668 1065 ούδέ
702 1016 800 1088 τὴν
829 1017 937 1072 ἀπὸ
970 1022 1071 1090 τῆς
1105 1021 1321 1090 φύσεως
1357 1023 1688 1095 συγγνώμην
1711 1024 1844 1091 ἔχει.
1880 1024 2084 1093 Προαι-

417 1096 620 1165 (θέσεως
643 1099 752 1172 γὰρ
769 1103 860 1154 καὶ
883 1103 1155 1177 γνώμηςή
1181 1108 1348 1162 κακία
1373 1111 1544 1163 πᾶσα.
1589 1109 1747 1162 Ἀλλά
1773 1109 1848 1180 μὴ
1876 1107 2084 1176 γένοιτό

415 1201 543 1238 ποτε
572 1187 744 1242 ταῦτα
783 1192 912 1262 περὶ
941 1193 1042 1264 τῆς
1085 1195 1412 1266 Ἐκκλησίας
1452 1196 1791 1252 ὑποπτεῦσαι
1816 1195 1911 1249 τοῦ
1941 1194 2081 1265 Χρι-

2197 409 2352 463 στοῦ·
2401 416 2742 487 πεπείσμεθα
2783 419 2893 490 γὰρ
2935 418 3066 490 περὶ
3109 417 3263 488 ὑμῶν
3303 417 3417 491 [161
3463 419 3532 474 τὰ
3575 425 3869 493 κρείττονα

2194 501 2290 555 καὶ
2323 504 2556 574 ἐχόμενα
2590 505 2881 576 σωτηρίας.
2919 505 3058 557 Ἀλλ’
3096 506 3206 576 ὅσῳ
3236 506 3598 577 πεπείσμεθα,
3621 510 3861 581 τοσούτῳ

2192 593 2304 647 τῶν
2335 593 2790 663 προφυλακτικῶν
2821 594 2972 647 οὐδὲν
3005 587 3166 665 ἦττον
3188 595 3608 666 ἀποστησόμεθα
3642 596 3816 665 λόγων
3840 612 3857 627 ⁸

2199 682 2287 736 ἵνα
2323 681 2462 752 πρὸς
2493 681 2662 752 αὐτὴν
2707 682 3023 746 ἀνελθόντες
3049 682 3148 754 τὴν
3195 683 3438 754 κορυφὴν
3475 685 3584 738 τῶν
3626 685 3868 756 ἀρετῶν,

2192 771 2444 843 τύχωμεν
2471 771 2579 824 τῶν
2598 770 3021 841 ἐπηγγελμένων
3051 771 3271 840 ἀγαθῶν
3294 765 3393 826 ’ὧν
3417 771 3624 838 γένοιτο
3651 773 3860 837 πάντας

2191 862 2341 931 ἡμᾶς
2381 861 2681 930 ἐπιτυχεῖν,
2728 861 2912 931 χάριτι
2951 859 3045 914 καὶ
3082 859 3460 932 φιλανθρωπίᾳ
3507 861 3600 914 τοῦ
3651 861 3857 932 Κυρίου

2191 949 2348 1019 ἡμῶν
2388 947 2566 1019 Ἰησοῦ
2599 947 2860 1018 Χριστοῦ,
2893 948 2959 1000 δι’
2998 940 3059 1000 οὗ
3105 949 3198 1002 καὶ
3244 947 3361 1019 μεθ’
3406 940 3466 1000 οὗ
3503 946 3578 1017 τῷ
3606 948 3781 1017 Πατρὶ
3822 949 3857 1017 ἡ

2189 1035 2317 1102 δόξα
2353 1037 2470 1106 ἅμα
2506 1034 2586 1107 τῷ
2611 1036 2754 1106 ἁγίῳ
2783 1034 3061 1106 Πνεύματι
3093 1037 3173 1100 είς
3206 1037 3332 1100 τοὺς
3361 1035 3562 1099 αἰῶνας
3593 1035 3701 1088 τῶν
3728 1033 3858 1088 αίώ-

2188 1138 2314 1175 νων.
2362 1120 2551 1190 Ἀμήν.

1958 1406 2196 1460 θΜΙΛῐΛ
2223 1405 2264 1458 Γ
2264 1411 2298 1458 '.

897 1497 998 1551 Ἐν
1025 1499 1185 1569 ἀρχῇ
1221 1497 1299 1572 ἦν
1329 1505 1362 1556 ὁ
1383 1505 1592 1572 Λόγος.

483 1611 552 1657 α’.
593 1607 872 1678 Προσοχῖκ
909 1610 1008 1676 μὲν
1042 1611 1227 1666 ἕνεκεν
1253 1615 1352 1684 τῆς
1387 1616 1516 1686 περὶ
1538 1615 1635 1687 τὴν
1659 1613 1942 1685 ἀκρόασιν,
1984 1631 2084 1666 πε-

415 1691 593 1760 ριττὸν
615 1691 800 1747 λοιπὸν
827 1696 955 1766 ὑμῖν
993 1703 1306 1763 παραινεῖνο
1339 1701 1482 1755 οὕτω
1518 1702 1729 1773 ταχέως
1755 1702 1854 1772 τὴν
1885 1700 2083 1771 παραί-

414 1795 560 1832 νεσιν
589 1781 682 1832 ἐπὶ
707 1781 816 1834 τῶν
841 1783 1017 1855 έργων
1045 1787 1302 1852 ἐδείξατε.
1343 1790 1415 1842 Ἥ
1447 1807 1507 1842 τε
1547 1790 1654 1860 γὰρ
1691 1787 1986 1858 συνδρομὴ,
2022 1786 2083 1840 τό

411 1881 472 1916 τε
497 1865 684 1930 ἀτενὲς
725 1868 826 1939 τῆς
872 1873 1135 1938 στάσεως,
1188 1875 1282 1928 καὶ
1319 1875 1379 1928 τὸ
1411 1876 1783 1939 συνωθοῦντας
1823 1875 2083 1944 ἀλλήλους

411 1951 502 2005 τὸν
543 1955 803 2026 ἐνδοτέρω
824 1959 987 2011 τόπον
1016 1960 1333 2029 ἐπείγεσθαι
1363 1963 1710 2025 καταλαϐεῖν,
1749 1964 1841 2016 καὶ
1866 1962 1986 2016 ὅθεν
2015 1961 2082 2016 ἂν

411 2038 759 2113 εὐσημοτέρα
792 2044 1004 2112 γένοιτο
1055 2048 1241 2118 ὑμῖν-ἡ
1291 2050 1418 2121 παρ’
1474 2051 1628 2122 ἡμῶν
1663 2049 1837 2120 φωνὴ,
1889 2050 1982 2103 καὶ
2020 2048 2082 2102 τὸ

409 2127 770 2198 πιεζομένους
805 2132 877 2203 μὴ
903 2134 1075 2187 θέλειν
1096 2135 1421 2206 ἀναχωρεῖν,
1449 2137 1551 2201 ἕως
1581 2136 1646 2190 ἂν
1676 2137 1736 2190 τὸ
1779 2154 2080 2207 πνευματι-

410 2213 507 2268 κὸν
546 2216 705 2270 τοῦτο
732 2218 954 2291 διαλυθῇ
985 2220 1231 2294 θέατρον,
1263 2225 1357 2277 καὶ
1389 2226 1435 2278 οί
1459 2225 1667 2295 κρότοι,
1709 2226 1804 2277 καὶ
1841 2226 1890 2277 οἱ
1930 2224 2082 2295 θόρυ-

408 2302 514 2368 ϐοι,
560 2307 654 2359 καὶ
698 2309 876 2362 πάντα
911 2310 1095 2374 ἁπλῶς
1119 2312 1188 2365 τά
1218 2312 1463 2377 τοιαῦτα,
1503 2316 1802 2385 τεκμήριον
1830 2327 1854 2354 ει
1884 2317 1984 2385 τῆς
2021 2314 2080 2367 ἐν

407 2395 473 2463 τῇ
498 2392 640 2464 ψυχῇ
662 2394 997 2467 θερμότητος
1028 2399 1101 2452 ἂν·
1126 2400 1212 2470 εἰή
1239 2402 1335 2455 καὶ
1361 2402 1462 2472 τῆς
1479 2403 1768 2472 φιληκοΐας
1785 2402 1958 2473 ὑμῶν.
1986 2403 2078 2455 Διὸ

407 2481 500 2531 καὶ
528 2482 779 2551 περιττὸν
809 2485 937 2556 περὶ
977 2487 1168 2540 τούτου
1205 2492 1551 2561 παρεγγυᾷν·
1581 2492 1753 2544 ἐκεῖνο
1782 2491 1962 2560 μέντοι
2000 2493 2080 2542 εί-

407 2570 530 2620 πεῖν
560 2571 656 2624 καὶ
685 2573 1064 2642 παρακαλέσαι
1085 2577 1382 2645 ἀναγκαῖον
1404 2581 1556 2650 ἡμῖν,
1576 2578 1714 2633 ὥστε
1745 2581 1923 2648 μεῖναι
1946 2578 2080 2632 ταύ-

405 2672 506 2726 την
536 2655 758 2727 ἔχοντας
787 2660 882 2731 τὴν
908 2663 1142 2734 σπουδήν
1161 2681 1176 2696 ο
1208 2665 1302 2718 καὶ
1337 2665 1410 2736 μὴ
1442 2666 1601 2736 μόνον
1641 2665 1872 2720 ἐνταῦθα
1909 2665 2078 2736 αὐτὴν

405 2741 832 2809 ἐπιδείκνυσθαι,
868 2747 1003 2802 ἀλλά
1045 2751 1138 2802 καὶ¹
1193 2751 1329 2804 οἴκοι
1370 2752 1716 2822 γενομένους,
1768 2751 1860 2804 τὸν
1912 2752 2077 2822 ἄνδρα

404 2826 542 2898 πρὸς
572 2827 668 2898 τὴν
691 2833 945 2897 γυναῖκα,
979 2831 1069 2886 τὸν
1093 2833 1304 2904 πατέρα
1328 2834 1464 2905 πρὸς
1487 2834 1576 2887 τὸν
1617 2833 1779 2887 παῖδα
1805 2835 1932 2905 περὶ
1957 2833 2080 2886 τού-

403 2929 511 2966 των
536 2913 912 2984 διαλέγεσθαιο
943 2919 1036 2972 καὶ¹
1070 2919 1252 2988 λέγειν
1283 2921 1381 2990 μὲν
1419 2921 1487 2974 τά
1512 2922 1644 2992 παρ’
1670 2921 1882 2984 ἑαυτοῦ,
1920 2922 2080 2974 ἀπαι-

403 3005 516 3054 τεῖν
545 3002 602 3055 δέ
633 3002 705 3056 τά
731 3009 861 3078 παρ’
893 3007 1138 3072 ἐκείνων,
1173 3009 1266 3062 καῖ
1293 3009 1385 3061 τὸν
1405 3008 1566 3064 καλὸν
1590 3009 1778 3062 τοῦτον
1801 3009 2076 3080 εἰσφέρειν

405 3091 653 3158 ἅπαντας
685 3093 896 3165 ἔρανον.
928 3097 1020 3168 Μὴ
1056 3097 1163 3168 γάρ
1193 3115 1282 3168 μοι
1321 3098 1524 3167 λεγέτω
1558 3115 1659 3160 τις,
1688 3098 1768 3152 ὃτι
1794 3097 1861 3150 τὰ
1891 3097 2077 3150 παιδία

408 3180 548 3251 πρὸς
579 3181 752 3236 ταῦτα
776 3186 907 3254 ἡμῖν
940 3185 1347 3256 ἀπησχολῆσθαι
1375 3187 1436 3239 οὐ
1477 3188 1578 3257 χρή
1601 3203 1615 3216 '
1640 3187 1805 3257 ἐχρῆν
1837 3186 1934 3256 μὲν
1969 3185 2074 3257 γάρ

403 3269 464 3320 οὐ
503 3268 660 3339 μόνον
683 3271 1114 3343 ἀπησχολῆσθαι,
1141 3272 1275 3326 ἀλλά
1297 3273 1390 3326 καὶ
1409 3275 1466 3327 ἐν
1495 3273 1704 3334 τούτοις
1735 3275 1914 3344 μόνοις
1933 3273 2076 3342 ἔχειν

403 3357 505 3428 τὴν
527 3359 784 3428 σπουδήν.
808 3359 954 3430 Πλὴν
983 3359 1118 3414 ἀλλά
1141 3360 1230 3414 διά
1253 3360 1352 3431 τὴν
1374 3359 1657 3414 ἀσθένειαν
1677 3360 1706 3412 ὑ
1715 3360 1829 3431 μῶν
1852 3363 1912 3414 ού
1935 3361 2077 3428 λέγω

405 3445 583 3510 τοῦτο,
632 3447 753 3500 οὐδὲ
792 3448 931 3502 αὐτὰ
954 3451 1052 3518 τῆς
1096 3447 1295 3513 ἔξωθεν
1328 3448 1526 3516 ἀπάγω
1565 3448 1760 3519 σχολῆς
1803 3448 1852 3512 ι),
1887 3447 2076 3519 ὥσπερ

405 3533 526 3586 οὑδέ
569 3535 713 3605 ὑμᾶς
745 3536 854 3588 τῶν
889 3535 1181 3589 πολιτικῶν
1233 3534 1456 3605 ἀφέλκω
1501 3536 1863 3606 πραγμάτων.
1934 3536 2074 3589 Ἀλλ’

404 3619 514 3674 ἀπὸ
539 3620 646 3674 τῶν
681 3622 820 3676 ἐπτά
846 3621 1049 3676 τούτων
1085 3622 1307 3693 ἡμερῶν
1332 3621 1460 3694 μίαν
1489 3623 1624 3689 ἀξιῶ
1652 3623 1729 3694 τῷ
1751 3623 1915 3694 κοινῷ
1938 3624 2075 3677 πάν-

403 3724 514 3762 των
553 3709 710 3780 ἡμῶν
755 3711 1031 3765 ἀναθεῖναι
1075 3709 1340 3782 Δεσπότῃ.
1388 3708 1512 3774 Πῶς
1559 3709 1669 3780 γὰρ
1712 3711 1811 3762 οὐκ
1853 3709 2073 3778 ἄτοπον,

407 3797 532 3860 τοὺς
567 3797 663 3868 μέν
697 3799 913 3862 οἰκέτας
957 3800 1089 3868 ἡμῖν
1133 3797 1373 3851 κελεύειν
1416 3798 1629 3851 ἅπαντα
1673 3797 1943 3851 δουλεύειν
1985 3799 2075 3853 τὸν

404 3884 596 3954 χρόνον
617 3924 633 3948 ,
665 3886 812 3956 ἡμᾶς
836 3885 892 3937 δέ
925 3885 1056 3955 μηδέ
1094 3883 1191 3956 τὴν
1221 3884 1426 3938 ἐλάττω
1459 3883 1652 3956 σχολὴν
1683 3885 1976 3955 ἀπονέμειν
1998 3885 2076 3956 τῷ

407 3969 547 4040 Θεῷ,
575 3973 667 4024 καλ⁸
705 3973 876 4025 ταῦτα
906 3973 1006 4042 τῆς
1029 3972 1270 4037 δουλείας
1306 3973 1522 4042 ἀπάσης
1559 3972 1751 4037 ἐκείνῳ
1802 3974 1898 4043 μὲν
1923 3973 2075 4026 οὐδὲν

408 4057 796 4130 προστιθείσης
827 4059 1090 4124 (ἀνενδεές
1107 4060 1215 4131 γὰρ
1236 4060 1297 4113 τὸ
1320 4060 1517 4131 Θεῖον),
1542 4061 1621 4124 είς
1638 4061 1698 4113 τὸ
1717 4059 1996 4132 συμφέρον
2017 4060 2074 4113 δὲ

407 4146 838 4217 περιισταμένης
878 4150 1048 4216 ἡμῖν;
1106 4148 1243 4201 Ἀλλ’
1290 4149 1369 4211 είς
1420 4147 1624 4222 θέατρα
1660 4158 1682 4187 ο
1730 4149 1829 4219 μέν
1877 4149 2075 4212 αὐτοὺς

409 4234 656 4301 ἄγοντες,
687 4231 811 4286 οὗτε
838 4235 1155 4305 μαθήματα,
1177 4234 1298 4288 οὗτε
1324 4235 1450 4288 ἄλλο
1469 4253 1521 4288 τι
1538 4236 1646 4289 τῶν
1669 4235 1926 4290 τοιούτων
1945 4254 2074 4306 προ-

411 4321 704 4375 ϐάλλεσθε·
734 4322 800 4376 ἂν
822 4323 879 4375 δέ
907 4341 963 4375 τι
986 4322 1094 4376 τῶν
1131 4323 1513 4393 πνευματικῶν
1543 4325 1800 4394 κερδᾶναι
1838 4325 1946 4377 δέοι
1979 4324 2075 4377 καὶ

415 4412 762 4479 συναγαγεῖν,
795 4411 1048 4480 ἀσχολίαν
1070 4412 1130 4464 τὸ
1157 4413 1390 4482 πρᾶγμα
1408 4411 1717 4482 ὀνομάζετε.
1750 4412 1858 4463 Καὶ
1882 4411 1997 4473 πῶς
2013 4412 2072 4464 οὐ

412 4496 764 4568 παροξυνεῖτε
785 4498 877 4552 τὸν
912 4499 1062 4564 Θεὸν,
1098 4501 1231 4552 πᾶσι
1263 4499 1360 4569 μὲν
1383 4501 1493 4562 τοῖς
1519 4499 1695 4563 ἄλλοις
1727 4498 2074 4569 σχολάζοντες

411 4587 507 4640 καὶ
544 4586 738 4656 καιρὸν
763 4587 1148 4657 ἀπονέμοντες,
1171 4585 1230 4640 τὸ
1266 4587 1322 4639 δὲ
1353 4585 1420 4640 τά
1449 4586 1612 4640 αὐτοῦ
1653 4586 2071 4657 μεταχειρίζειν,

406 4671 636 4744 ὀχληρὸν
665 4673 760 4727 καὶ
786 4675 886 4727 οὐκ
907 4673 1161 4746 εὔκαιρον
1191 4669 1330 4728 εἶναι
1359 4674 1669 4745 νομίζοντες
1691 4676 1800 4736 τοῖς
1823 4674 2038 4740 παισίν;

479 4765 570 4833 Μὴ
621 4763 813 4826 ταῦτα,
853 4763 947 4835 μὴ,
981 4765 1220 4834 ἀδελφοί.
1267 4766 1375 4817 Καὶ
1417 4765 1525 4835 γάρ
1575 4763 1712 4834 αὕτη
1767 4764 1999 4835 μάλιστα
2040 4765 2073 4835 ἡ

409 4849 593 4919 ἡλικία
615 4850 816 4902 τούτων
841 4852 1010 4904 δεῖται
1037 4851 1144 4906 τῶν
1165 4851 1770 4923 ἀκουσμάτων.Ἀπαλὴ
1792 4851 1896 4922 γὰρ
1918 4849 2073 4916 οὖσα,
2113 4849 2271 4928 ητης
2318 4849 2609 4899 ημετερας-
2667 4849 2797 4878 Dm"
2853 4849 2900 4878 ει
2945 4849 3094 4896 παρα
3136 4849 3203 4876 τα
3271 4849 3636 4893 συμπίνοντα·
3684 4849 3848 4876 “NW

409 4937 613 4986 ταγέωε·
660 4935 778 4986 H71-
819 4939 1194 4986 ἐναποτίθεται
1230 4939 1300 4986 τὰ
1329 4939 1613 4986 λεγόμενα-
1655 4939 1906 4986 καθάπερ
1932 4940 2074 4986 τινὸς
2112 4917 2154 4944 ι
2174 4917 2506 4986 ἐπάσχομεν,
2525 4915 2730 4975 πάντας
2758 4912 3072 4985 ἀνθρώπους
3093 4911 3452 4982 ταράττεσθαι
3475 4910 3600 4965 ἔδει
3632 4911 3848 4974 Πάντες

2187 4941 2506 4979 επασχυμεν,
2525 4941 2728 4975 πάντα,
2758 4941 3070 4979 ανυρωνωυι,
3093 4941 3452 4979 ἰιιρυιίιιυυυιιι
3475 4941 3600 4965 ευει.
3634 4941 3812 4964 uuw'bc.

408 4937 613 5006 ταχέως
660 4935 778 5010 [ιη-
819 4939 1194 4993 ἐναποτίθεται
1230 4939 1300 4993 τὰ
1329 4939 1614 5010 λεγόμενα,
1655 4939 1906 5010 καθάπερ
1932 4940 2074 5002 τινὸς

412 5023 703 5094 σφραγῖδος
732 5026 830 5096 τῆς
855 5025 1170 5095 ἀκροάσεως
1193 5029 1249 5080 ἐν
1271 5027 1426 5097 κηρῷ
1449 5031 1515 5097 τῇ
1543 5027 1747 5098 διανοίᾳ
1773 5029 1838 5096 τῇ
1871 5027 2074 5078 τούτων

409 5110 1050 5180 ἐντυπουμένης.³’Λλλως
1097 5130 1160 5165 τε
1209 5114 1301 5166 καὶ
1331 5115 1358 5165 ὁ
1386 5114 1498 5183 βίος
1529 5115 1711 5175 αὐτοῖς
1741 5113 1861 5166 τότε
1901 5114 2074 5182 ἀρχὴν

407 5197 520 5268 ἔχει
543 5200 677 5266 πρὸς
703 5201 898 5253 κακίαν
923 5201 1210 5254 ἀποκλῖναι
1243 5202 1275 5271 ἢ
1307 5202 1630 5274 ἀρετήν.⁹“Αν
1657 5199 1748 5253 οὖν
1774 5219 1857 5263 τις
1881 5201 2074 5264 αὐτοὺς

409 5286 503 5338 ἀπ’
533 5289 711 5341 αὐτῶν
736 5289 842 5342 τῶν
871 5289 1053 5360 ἀρχῶν
1079 5290 1174 5342 καὶ
1200 5290 1304 5342 τῶν
1332 5288 1616 5360 προθύρων
1633 5287 1660 5327 ἀ
1686 5289 2072 5360 ἀπαγάγῃ-μὲν

405 5375 507 5442 τῆς
536 5375 816 5446 πονηρίας,
843 5378 1228 5449 χειραγωγήσῃ
1273 5375 1328 5428 δέ
1372 5375 1508 5447 πρὸς
1549 5376 1644 5446 τὴν
1679 5376 1904 5447 ἀρίστην
1934 5375 2070 5440 ὁδὸν,

409 5455 596 5528 ὥσπερ
618 5463 695 5523 εἰς
715 5460 826 5525 ἐξιν
845 5463 967 5516 τινὰ
989 5463 1082 5516 καὶ
1106 5460 1266 5530 φύσιν
1285 5462 1478 5525 αὐτοὺς
1502 5464 1831 5531 καταστήσει
1850 5461 2033 5516 λοιπόν
2056 5478 2068 5490 °

472 5606 498 5675 ξι
525 5605 643 5675 μοι’.
660 5611 940 5675 _et_quidam
965 5625 1084 5660 mss.
1109 5610 1379 5673 τεκμήριον.
1409 5609 1523 5660 Sav.
1550 5618 1600 5660 et
1619 5611 1702 5660 alii
1726 5612 1976 5675 τεκμήρια-

465 5665 498 5704 Ῑ)
524 5665 617 5714 Alii
650 5665 818 5729 ἀπάγω
843 5675 1066 5729 σπουδῆς.

470 5730 493 5794 (ξ
522 5728 719 5794 ᾼιὶἱ-νῦν
744 5732 794 5778 δὲ
816 5733 881 5787 εἰς
902 5728 1089 5794 θέατρα.

445 5787 497 5860 _d
520 5789 665 5861 Sin/il:
695 5797 882 5861 el_mss_.
915 5787 1113 5861 plufipgi
1137 5795 1219 5843 ἀπ’
1238 5795 1398 5861 αὐτῶν
1420 5798 1513 5861 τῶν
1537 5797 1699 5861 θυρῶν.
1730 5796 1851 5844 Mor.
1877 5797 1964 5861 ἀπ’.
1981 5795 2066 5842 αὖ·

404 5852 499 5956 ἰῶν
522 5852 614 5924 τῶν
638 5851 795 5916 ἀρχῶν
817 5851 931 5903 111w—
952 5856 1208 5918 προθύρων.
1238 5856 1372 5906 Unus
1415 5859 1495 5905 ἀπ’
1523 5851 1675 5905 αὐτῶν
1711 5861 1805 5906 τῶν
1825 5857 2065 5920 προθύρων

438 5927 640 5956 navum.

438 5927 640 5974 παγαγῃ.

2188 1499 2282 1552 καὶ⁵
2315 1495 2435 1550 οὐδὲ
2463 1495 2682 1557 ἑκόντες
2713 1491 3140 1564 μεταϐαλοῦνται
3175 1490 3368 1562 ῥᾳδίως
3402 1489 3538 1561 πρὸς
3559 1489 3621 1542 τὸ
3652 1492 3856 1559 χεῖρον,

2185 1587 2284 1656 τῆς
2334 1583 2622 1654 συνηθείας
2671 1581 2875 1650 ταύτης
2908 1579 3170 1649 ἑλκούσης
3214 1581 3409 1642 αὐτοὺς
3455 1578 3589 1649 πρὸς
3626 1578 3722 1649 τὴν
3748 1577 3858 1630 τῶν

2185 1673 2406 1742 ἀγαθῶν
2437 1670 2718 1743 ἐργασίαν.
2747 1668 2934 1731 Οῦτως
2955 1670 3085 1738 ἡμῖν
3111 1667 3221 1720 τῶν
3243 1666 3630 1736 γεγηρακότων
3658 1666 3860 1718 αἰδεσι-

2189 1761 2423 1832 μώτεροι
2451 1761 2790 1828 γενήσονται,
2819 1755 2912 1809 καὶ
2956 1757 3070 1817 τοῖς
3121 1755 3412 1816 πολιτικοῖς
3453 1752 3859 1825 χρησιμώτεροι

2185 1850 2526 1921 πράγμασιν,
2555 1847 2611 1898 ἐν
2642 1845 2852 1914 νεότητι
2889 1842 2958 1897 τά
2984 1843 3093 1896 τῶν
3121 1841 3504 1914 πρεσϐυτέρων
3549 1841 3858 1894 ἐπιδεικνύ-

2188 1953 2357 2008 μενοι.
2391 1936 2466 1988 Οὐ
2500 1933 2607 2002 γὰρ
2633 1933 2800 1995 ἐστιν,
2821 1930 3007 2003 ὥσπερ
3033 1930 3200 1999 ἔφθην
3229 1928 3420 1990 εἰπὼν,
3446 1930 3700 1999 τοιαύτης
3721 1929 3858 1982 ἀπο-

2183 2023 2442 2085 λαύοντας
2476 2021 2816 2092 ἀκροάσεως,
2851 2018 2944 2072 καὶ
2972 2018 3253 2087 ἀποστόλῳ
3278 2017 3502 2088 τοιούτῳ
3532 2015 3858 2086 συγγινομέ-

2182 2128 2328 2177 νους,
2353 2110 2426 2182 μὴ
2457 2109 2601 2180 μέγα
2620 2127 2670 2160 τι
2695 2108 2787 2161 καὶ
2807 2109 3052 2175 γενναῖον
3073 2105 3275 2174 ἀγαθὸν
3296 2105 3556 2168 λαϐόντας
3576 2104 3851 2168 ἀπελθεῖν,

2182 2199 2284 2254 κᾶν
2328 2201 2490 2271 ἀνὴρ,
2518 2197 2623 2252 κᾶν
2674 2197 2834 2266 γυνὴ,
2864 2195 2968 2250 κᾶν
2997 2196 3114 2258 νέος
3161 2196 3189 2248 δ
3232 2195 3435 2262 ταύτης
3485 2194 3726 2264 μετέχων
3751 2193 3856 2262 τῆς

2181 2287 2456 2358 τραπέζης
2568 2285 2632 2338 El
2658 2283 2764 2355 γὰρ
2809 2283 2877 2337 τὰ
2907 2283 3070 2354 θηρία
3108 2282 3175 2334 τά
3223 2283 3350 2352 παρ’
3381 2283 3509 2350 ἡμῖν
3533 2280 3676 2351 λόγῳ
3701 2292 3724 2319 θ
3757 2282 3854 2350 ῥυ·-

2183 2377 2467 2448 θμίζοντες
2528 2372 2864 2446 ὴμεροῦμεν,
2922 2372 3072 2440 πόσῳ
3125 2369 3322 2440 μᾶλλον
3377 2371 3441 2439 τῇ
3507 2370 3852 2438 πνευματικῇ

2180 2465 2350 2535 ταύτῃ
2380 2463 2695 2533 διδασκαλίᾳ
2724 2462 2850 2524 τοὺς
2896 2459 3095 2530 ἀνδρας
3132 2457 3290 2510 τοῦτο
3326 2455 3691 2528 ἐργασόμεθα,
3722 2457 3856 2509 ὅταν

2181 2552 2275 2606 καὶ
2297 2550 2390 2604 τοῦ
2425 2551 2717 2622 φαρμάκου
2748 2549 2840 2602 καὶ
2862 2546 2954 2600 τοῦ
2985 2545 3420 2616 θεραπευομένου
3445 2544 3578 2597 πολὺ
3602 2543 3661 2596 τὸ
3687 2544 3854 2613 μέσον

2178 2634 2212 2712 ᾗ
2239 2655 2252 2704 ἒ
2277 2637 2416 2692 Οὔτε
2440 2638 2546 2707 γὰρ
2575 2639 2608 2706 ἡ
2640 2637 2697 2688 ἐν
2721 2636 2851 2706 ἡμῖν
2877 2633 3136 2704 ἀγριότης
3157 2631 3414 2701 τοσαύτη,
3435 2631 3533 2701 ὅση
3559 2633 3592 2700 ἡ
3627 2632 3684 2682 ἐν
3708 2629 3857 2682 ἐκεί..

2179 2744 2289 2790 νοις
2314 2744 2327 2756 ·
2357 2727 2390 2795 ὴ
2432 2725 2528 2795 μὲν
2561 2723 2670 2794 γὰρ
2705 2722 2938 2792 φύσεως,
2971 2722 3002 2791 ἠ
3037 2720 3093 2773 δὲ
3127 2717 3496 2790 προαιρέσεώς
3521 2719 3667 2771 ἐστιν
3688 2734 3702 2748 ο
3725 2717 3858 2770 οὔτε

2178 2814 2287 2869 τῶν
2311 2813 2484 2882 λόγων
2513 2813 2546 2883 ἡ
2580 2811 2730 2882 ἰσχὺς
2762 2813 2794 2880 ἡ
2831 2810 2986 2878 αὐτή.
3008 2808 3220 2879 Ἑκείνη
3253 2807 3351 2877 μὲν
3378 2807 3480 2878 γὰρ
3504 2805 3856 2878 ἀνθρωπίνης

2180 2903 2295 2955 ἐστὶ
2347 2899 2603 2964 διανοίας,
2640 2899 2776 2968 αὕτη
2828 2897 2884 2950 δέ
2931 2896 3030 2966 τῆς
3079 2895 3172 2948 τοῦ
3222 2894 3534 2964 Πνεύματος
3566 2894 3853 2964 δυνάμεως

2177 2989 2389 3059 καὶτῆς
2414 2989 2654 3060 χάριτος.
2672 2987 2728 3040 '0
2750 2986 2927 3038 τοίνυν
2949 2980 3338 3052 ἀπογινώσκων
3362 2980 3574 3045 ἑαυτοῦ,
3594 2980 3661 3034 τά
3683 2979 3856 3052 θηρία

2177 3079 2426 3131 ἐννοείτω
2446 3079 2512 3131 τά
2534 3078 2737 3148 ἥμερα,
2758 3075 2850 3128 καὶ
2871 3074 3122 3128 οὐδέποτε
3139 3071 3296 3125 τοῦτο
3314 3071 3585 3125 πείσεται·
3611 3071 3853 3141 συνεχῶς

2178 3166 2329 3236 παρά
2355 3165 2511 3218 τοῦτο
2534 3166 2631 3218 ῖτω
2659 3163 2719 3216 τὸ
2746 3165 2999 3233 ἰατρεῖον,
3022 3159 3130 3213 τῶν
3151 3159 3244 3213 τοῦ
3268 3161 3582 3230 Πνεύματος
3604 3159 3866 3212 ἀκουέτωρ

2179 3255 2357 3325 νόμων
2386 3253 2474 3307 διὰ
2504 3252 2701 3314 παντὸς
2725 3250 2818 3304 τοῦ
2853 3249 3068 3320 καιροῦ,
3099 3249 3194 3302 καὶ
3227 3247 3406 3300 οἴκαδε
3438 3245 3684 3299 ἀπελθὼν
3711 3248 3852 3300 ἀπο-

2177 3343 2436 3414 γραφέτω
2466 3342 2533 3395 τά
2563 3339 2894 3394 ἀκουσθέντα
2930 3341 2994 3410 τῇ
3027 3336 3235 3407 διανοίᾳ
3257 3353 3268 3367 ·
3303 3335 3395 3388 καὶ
3423 3334 3594 3398 οὕτως
3615 3334 3767 3387 ἐσται
3787 3335 3849 3386 ἐν

2178 3431 2358 3484 ἐλπίσι
2387 3432 2650 3502 χρησταῖς
2681 3429 2774 3480 καὶ
2797 3426 3066 3496 ἀσφαλείᾳ
3091 3424 3285 3494 πολλῇ,
3303 3426 3368 3494 τῇ
3399 3424 3567 3495 πείρᾳ
3589 3424 3687 3494 τῆς
3711 3441 3851 3492 προ·-

2178 3521 2352 3590 κοπῆς
2397 3517 2974 3588 αίσθανόμενος.”οταν
3000 3516 3108 3586 γὰρ
3135 3517 3162 3568 ὁ
3200 3513 3442 3578 διάϐολος
3473 3514 3556 3584 ἴδῃ
3588 3513 3682 3566 τοῦ
3709 3513 3854 3567 Θεοῦ

2177 3607 2268 3661 τὸν
2295 3608 2455 3678 νόμον
2486 3606 2826 3677 ἐγγραφέντα
2842 3607 2909 3675 τῇ
2939 3604 3105 3675 ψυχῇ,
3135 3603 3227 3656 καὶ
3252 3601 3464 3663 πλάκας
3495 3601 3659 3655 αὑτοῦ
3687 3619 3848 3669 γενο-

2181 3695 2350 3766 μένην
2387 3696 2485 3764 τὴν
2511 3695 2756 3766 καρδίαν,
2785 3694 2846 3746 οὐ
2879 3691 3299 3764 προσελεύσεται
3328 3687 3710 3742 λοιπόν.Ἔνθα
3735 3689 3850 3759 γὰρ

2176 3783 2242 3836 ἂν
2317 3781 2618 3852 γράμματα
2642 3779 2913 3850 βασιλικὰ,
2928 3779 3028 3832 οὐκ
3051 3778 3106 3829 ἐν
3134 3777 3298 3848 στήλῃ
3324 3775 3630 3846 χαραγέντα
3643 3775 3854 3846 χαλκῇ,

2177 3871 2289 3924 ἀλλ’
2323 3869 2416 3922 ἐπὶ
2447 3869 2724 3938 θεοφιλοῦς
2755 3868 2992 3931 διανοίας
3023 3867 3163 3936 ἁγίῳ
3194 3864 3470 3935 Πνεύματι
3499 3863 3846 3924 τυπωθέντα,

2179 3957 2271 4011 καὶ
2303 3957 2504 4026 πολλῆς
2538 3955 2931 4010 ἀποστίλϐοντα
2961 3954 3060 4023 τῆς
3090 3953 3335 4023 χάριτος,
3365 3951 3484 4004 οὐδὲ
3525 3950 3850 4019 ἀντιϐλέψαι

2177 4047 2383 4108 ἐκεῖνος
2410 4044 2716 4114 δυνήσεται,
2747 4041 2882 4094 ἀλλὰ
2910 4040 3193 4111 πόρρωθεν
3222 4039 3350 4108 ἡμῖν
3393 4037 3552 4091 δώσει
3577 4037 3646 4090 τὰ
3675 4037 3846 4092 νῶτα.

2177 4131 2340 4184 Οὐδὲν
2390 4131 2496 4200 γὰρ
2527 4130 2669 4182 οὕτω
2707 4129 2934 4200 φοϐερὸν
2967 4128 3158 4197 ἐκείνῳ
3201 4127 3294 4178 καὶ
3323 4128 3434 4189 τοῖς
3468 4126 3598 4196 παρ’
3633 4126 3849 4177 ἐκείνου

2177 4216 2581 4287 ὑποτιθεμένοις
2599 4216 2619 4253 τ
2647 4216 2942 4285 λογισμοῖς,
2973 4214 3047 4276 ὼς
3069 4214 3271 4268 διάνοια
3300 4211 3368 4264 τά
3393 4212 3509 4265 θεῖα
3541 4211 3850 4282 μελετῶσα,

2177 4306 2270 4359 καὶ
2302 4305 2446 4374 ψυχὴ
2473 4303 2647 4375 ταύτῃ
2675 4302 2962 4368 διαπαντὸς
2988 4302 3275 4372 ἐγκειμένη
3304 4304 3371 4370 τῇ
3403 4303 3572 4371 πηγῇ.
3599 4301 3707 4371 Τὴν
3735 4302 3850 4372 γάρ

2176 4391 2431 4462 τοιαύτην
2456 4391 2514 4444 οὺ
2550 4391 2786 4460 λυπῆσαί
2816 4407 2869 4442 τι
2913 4390 3018 4442 τῶν
3062 4389 3342 4458 παρόντων
3388 4387 3696 4456 δυνήσεται,
3740 4389 3849 4442 κᾶν

2175 4478 2334 4548 ἀηδὲς
2365 4474 2420 4550 ᾗ,
2455 4477 2514 4529 ού
2540 4476 2776 4546 φυσῆσαι
2806 4476 2897 4529 καὶ
2924 4477 3143 4546 ἐπᾶραι,
3178 4474 3280 4527 κάν
3308 4471 3530 4547 αἴσιονῇ
3557 4475 3581 4513 8
3601 4490 3613 4502 ’
3644 4474 3760 4526 ἀλλ’
3789 4475 3850 4527 ἐν

2173 4565 2411 4636 τοσούτῳ
2436 4565 2661 4636 χειμῶνι
2693 4565 2785 4617 καὶ
2805 4564 2939 4634 ζάλῃ
2967 4563 3204 4633 γαλήνης
3225 4561 3589 4615 ἀπολαύσεται
3618 4561 3844 4631 πολλῆς.

2249 4653 2312 4722 β’.
2354 4653 2428 4706 Οὐ
2460 4652 2567 4722 γὰρ
2595 4651 2746 4722 παρά
2769 4651 2864 4718 τὴν
2891 4649 2999 4703 τῶν
3028 4649 3363 4718 πραγμάτων
3388 4648 3546 4716 φύσιν
3567 4650 3593 4700 ὀ
3614 4647 3848 4718 θόρυϐος

2177 4744 2308 4812 ἡμῖν
2333 4740 2624 4808 ἐγγίνεται,
2659 4739 2792 4792 ἀλλά
2836 4737 2986 4807 παρὰ
3025 4737 3122 4808 τὴν
3166 4737 3446 4789 ἀσθένειαν
3474 4739 3571 4806 τῆς
3603 4735 3849 4798 διανοίας

2173 4832 2271 4899 τῆς
2318 4828 2609 4899 ἡμετέρας.
2648 4826 2797 4878 Ἐπεὶ
2853 4827 2900 4878 εί
2945 4823 3094 4896 παρά
3136 4823 3203 4876 τά
3271 4823 3636 4893 συμϐαίνοντα
3684 4823 3851 4876 τοῦτο

2176 5005 2284 5076 γὰρ
2328 5004 2423 5075 τὴν
2475 5003 2639 5074 αὐτὴν
2687 5002 2919 5071 πλέομεν
2968 5001 3256 5059 θάλατταν,
3305 4999 3399 5052 καὶ
3447 4999 3708 5068 κυμάτων
3745 5000 3844 5051 καὶ

2176 5093 2353 5162 ἆλμης
2402 5091 2557 5154 ἐκτὸς
2609 5086 2746 5142 εἶναι
2791 5091 3088 5159 ἀμήχανον.
3135 5088 3196 5139 Εἰ
3227 5086 3283 5139 δέ
3315 5088 3471 5150 εἰσιν,
3503 5086 3552 5139 οῖ
3601 5084 3692 5137 τοῦ
3725 5084 3844 5157 [18]

2177 5179 2441 5250 χειμῶνος
2469 5176 2892 5247 ἑστήκασιν-ἕξω
2923 5176 3018 5229 καὶ
3059 5176 3156 5244 τῆς
3184 5173 3450 5244 θαλάττης
3482 5173 3842 5243 μαινομένης,

2175 5267 2393 5337 εῦδηλον
2434 5267 2514 5318 ὃτι
2563 5265 2652 5318 τὸν
2685 5264 2925 5336 χειμῶνα
2955 5265 3014 5316 ού
3045 5263 3113 5316 τά
3143 5261 3441 5330 πράγματα
3471 5263 3631 5321 ποιεῖ,
3660 5259 3777 5312 ἀλλ’
3805 5263 3842 5331 ἡ

2177 5355 2507 5417 κατάστασις
2549 5353 2649 5423 τῆς
2690 5352 2924 5414 διανοίας
2956 5351 3054 5420 τῆς
3094 5348 3492 5420 ἡμετέρας.’¹Αν
3537 5343 3630 5401 οῦν
3669 5347 3845 5418 αὐτὴν

2176 5443 2673 5510 κατασκευάσωμεν
2707 5439 2895 5500 οὕτως,
2930 5437 3004 5498 ὡς
3035 5437 3209 5488 πάντα
3242 5436 3425 5506 φέρειν
3452 5435 3707 5499 εὐκόλως,
3736 5435 3843 5490 οὐκ

2176 5530 2326 5582 ἐσται
2357 5527 2560 5598 χειμὼν
2593 5530 2744 5598 ἡμῖν,
2785 5526 2902 5578 ούδέ
2928 5522 3230 5581 κλυδώνιον,
3274 5521 3474 5589 λευκῆς
3504 5522 3589 5574 ἀεὶ
3616 5521 3714 5592 τῆς
3739 5537 3843 5588 γα-

2174 5620 2340 5690 λήνης
2364 5617 2549 5686 οὔσης.
2567 5615 2725 5668 Ἀλλά
2752 5615 2860 5684 γὰρ
2881 5613 2977 5666 οὐκ
3007 5608 3122 5666 οἶδα
3155 5609 3272 5671 πῶς
3301 5609 3637 5682 προθέμενος
3671 5609 3843 5680 μηδὲν

2235 5735 2478 5794 ῗΑιίὶτῷ
2513 5729 2914 5794 παρ’ἡμῖνλὸγερ·
3166 5788 3178 5794 ,
3251 5788 3260 5794 .
3317 5789 3326 5794 .
3440 5793 3446 5794 ,
3576 5784 3606 5794 η
3790 5781 3805 5794 .

2236 5793 2257 5829 ί
2303 5784 2848 5852 ιι’·τιοτίθεμιένοιξἰίοσεεδιί
2874 5784 2930 5839 ’1η
2973 5802 3085 5838 mss.
3135 5788 3374 5848 plurimis,
3403 5793 3451 5836 cl
3505 5800 3530 5835 a
3576 5784 3760 5835 Samio
3787 5784 3842 5836 in

2170 5856 2388 5916 margine
2415 5857 2622 5916 positum
2639 5853 2752 5916 fuit.

2237 5920 2260 5960 Β
2276 5911 2426 5967 Mor.‘
2442 5919 2527 5964 κάν
2553 5913 2751 5970 ἐξαίσιον
