4074 6374
292 311 358 367 τι

296 427 467 492 tPsaI.
498 424 587 478 57.
620 421 700 492 5).
730 421 846 489 Qua
870 419 922 472 in
957 434 1035 484 re,
1060 432 1262 487 quaeso,
1295 429 1327 468 a
1356 413 1467 469 fera
1492 413 1669 467 differt
1695 412 1877 480 hujus.

295 516 437 573 modi
466 514 720 568 auditor?
766 509 1048 578 Quomodo
1078 523 1183 561 non
1213 507 1282 560 sil.
1311 503 1665 560 irrationabili
1695 504 1885 572 quovis

296 606 741 669 irrationabilior,
782 602 873 672 qui
904 602 1015 655 Deo
1042 600 1291 668 loquente
1312 611 1420 651 non
1456 593 1722 650 attendit?
1753 593 1883 647 Nam

296 702 337 752 si
362 700 583 767 placere
616 696 747 757 Deo,
782 692 911 747 illud
947 700 1029 746 est
1058 690 1221 743 homo
1244 702 1366 742 esse
1396 703 1409 740 :
1437 686 1527 755 qui
1555 692 1612 738 ut
1638 683 1740 737 hoc
1767 683 1880 735 adi-

294 794 554 861 piscatur,
587 788 772 842 audire
812 800 917 839 non
948 783 1079 849 vult,
1125 780 1254 833 nihil
1278 777 1416 832 aliud
1442 792 1601 846 quam
1631 776 1739 830 fera
1767 788 1887 827 esse

294 884 525 937 dicatttr.
555 880 739 949 Cogita
788 890 917 945 ergo
953 881 1209 943 quantum
1243 870 1311 923 sit
1336 868 1556 931 malum,
1585 879 1706 919 eum
1732 863 1884 918 Chri-

294 986 409 1027 stus
457 988 558 1025 nos
596 971 725 1023 velit
754 984 819 1023 ex
848 964 1155 1020 hominibus
1183 960 1389 1030 angelis
1418 958 1654 1028 aequales
1685 955 1882 1015 facere,

292 1065 335 1116 si
364 1077 465 1116 nos
505 1078 571 1114 ex
617 1058 921 1113 hominibus
962 1057 1017 1110 in
1063 1052 1206 1107 feras
1259 1056 1691 1104 transmutemus.
1752 1044 1885 1098 Nam

292 1154 471 1208 ventri
502 1151 727 1213 servire,
760 1147 1101 1217 pecuniarum
1135 1142 1424 1212 cupiditate
1470 1137 1661 1203 teneri,
1706 1134 1885 1199 irasci,

292 1245 560 1307 mordere,
591 1243 892 1305 calcitrare,
921 1253 1025 1292 non
1054 1235 1352 1299 hominum,
1380 1230 1473 1286 sed
1510 1230 1745 1284 ferarum
1780 1235 1885 1282 est.

294 1337 454 1406 Atqui
486 1336 617 1391 ferre
647 1334 876 1404 singula:
905 1347 1057 1386 suum
1086 1329 1285 1383 habent
1308 1326 1575 1388 affectum,
1621 1320 1779 1389 idque
1802 1334 1888 1373 se—

294 1430 527 1482 cundum
552 1436 794 1481 naturam
829 1443 842 1479 :
876 1434 931 1479 at
963 1424 1123 1477 homo
1143 1421 1235 1490 qui
1265 1416 1582 1489 principium
1608 1410 1891 1481 cogitatio-

294 1535 446 1583 num,
474 1527 529 1573 et
558 1518 725 1573 vitam
754 1514 1044 1571 secundum
1090 1512 1260 1566 Deum
1307 1503 1688 1563 instituendam
1737 1500 1886 1570 abjer

294 1619 385 1669 ett.
434 1609 686 1663 omnibus
725 1622 846 1662 sese
886 1606 1050 1659 animi
1088 1602 1290 1658 morbis
1334 1596 1564 1660 addicit;
1602 1607 1702 1648 nec
1728 1591 1888 1645 modo

1467 298 1528 353 IN
1566 295 1877 353 JUANNEM
1917 295 2147 352 HOMIL.
2190 297 2280 354 Ill.
2320 299 2391 353 al.
2432 299 2494 354 Π.
3506 305 3578 361 58

1984 408 2095 463 fera
2146 409 2395 475 efficitur,
2440 410 2533 466 sed
2581 419 2638 467 et
2663 412 2992 468 multiforme
3031 426 3349 480 monstrum,
3402 434 3577 487 neque

1990 499 2279 554 secundum
2308 510 2549 555 naturam
2578 504 2789 557 veniam
2816 514 3071 560 meretur.
3118 506 3359 577 Nequitia
3382 511 3577 579 quippe

1988 593 2164 647 omnis
2191 608 2256 647 ex
2287 594 2508 648 arbitrio
2535 605 2589 650 et
2618 597 2893 652 voluntate
2919 607 3019 653 est.
3065 599 3169 654 Sed
3210 601 3349 655 absnt
3388 614 3443 656 ut
3472 602 3576 657 hoc

1993 699 2225 751 unquam
2269 684 2337 738 de
2402 686 2642 740 Ecclesia
2684 688 2883 743 Christi
2925 692 3259 762 suspicemur
3292 712 3304 746 :
3332 693 3400 748 de
3426 694 3577 751 vobis

1988 774 2129 826 enim
2164 773 2406 838 meliora,
2452 792 2677 846 qumque
2703 778 2769 832 ad
2798 781 3022 834 salutem
3051 781 3267 849 ducant,
3295 785 3575 838 sentimus.

1991 863 2192 918 Verum
2221 876 2421 932 quanto
2450 868 2619 937 magis
2646 868 2748 923 hoc
2786 872 2854 924 ita
2883 886 3002 926 esse
3030 872 3381 937 confidemus,
3432 885 3579 929 tanto

1990 957 2247 1026 majorem
2273 959 2535 1013 cautelam
2570 962 2622 1014 in
2653 963 3000 1019 concionibus
3029 965 3287 1021 adhibere
3318 983 3424 1021 non
3455 983 3576 1022 ees-

1992 1048 2270 1114 sabimns;
2315 1060 2375 1103 ut
2417 1060 2693 1120 postquam
2743 1054 2808 1106 ad
2860 1055 3031 1124 ipsum
3068 1057 3324 1112 virtutum
3365 1060 3577 1112 culmen

1991 1143 2426 1209 pervenerimus,
2475 1142 2630 1198 nobis
2671 1146 2935 1213 promissa
2966 1147 3105 1201 bona
3133 1163 3525 1219 consequamur
3557 1167 3569 1201 :

1990 1247 2109 1301 quae
2147 1234 2348 1288 utinam
2398 1233 2776 1305 adipiscamur,
2821 1240 2991 1308 gratia
3027 1249 3080 1294 et
3118 1241 3441 1312 benignitate
3470 1244 3577 1297 Do-

1990 1324 2120 1378 mini
2154 1326 2321 1379 nostri
2350 1325 2475 1381 .lesu
2516 1328 2735 1393 Christi,
2794 1345 2890 1399 per
2918 1347 3076 1401 quem
3109 1341 3311 1389 etcum
3344 1349 3452 1405 quo
3481 1335 3581 1388 Pa-

1990 1420 2057 1469 tri
2103 1416 2291 1485 gloria,
2340 1418 2608 1489 simulque
2633 1420 2853 1490 Spiritui
2880 1432 3065 1477 saucto
3094 1424 3146 1478 in
3173 1425 3365 1479 sarcula
3409 1440 3580 1481 Siccu-

1991 1507 2186 1562 lorum.
2224 1510 2416 1564 Amen.

1660 1795 2007 1862 HOMILIA
2048 1796 2160 1858 Ill.

722 1943 788 1997 In
816 1941 1065 2013 principio
1094 1948 1202 1994 erat
1232 1936 1468 1992 Verbum.

372 2039 421 2092 l.
474 2036 945 2106 Supervacaneum
988 2034 1101 2101 jam
1148 2040 1294 2086 esset
1339 2042 1437 2082 vos
1482 2025 1551 2080 de
1598 2022 1893 2077 attentione

303 2127 549 2181 concioni
598 2123 897 2179 adhibenda
945 2136 1202 2184 monere;
1255 2130 1359 2173 tam
1408 2119 1517 2171 cito
1564 2128 1754 2183 nempe
1797 2112 1893 2165 ad-

304 2219 609 2273 monitionis
642 2217 868 2271 fructutn
894 2231 953 2270 re
981 2225 1035 2269 et
1073 2229 1235 2283 opere
1263 2209 1600 2266 exhibuistis.
1646 2206 1889 2260 Concur-

305 2328 393 2366 sus
417 2313 586 2373 enim,
612 2309 838 2379 diligens
869 2306 1113 2369 attentio,
1142 2316 1483 2375 prmpropera
1510 2315 1630 2354 cum
1659 2297 1891 2366 impulsu

306 2407 570 2460 festinatio
619 2404 684 2458 ad
729 2403 1040 2458 interiorem
1085 2396 1452 2468 occupandum
1504 2395 1702 2458 locum,
1748 2388 1892 2444 unde

308 2496 516 2551 facilius
544 2511 729 2550 vocem
760 2504 995 2549 nostram
1026 2491 1212 2546 audire
1242 2489 1457 2559 possitis
1484 2504 1497 2550 ;
1545 2496 1894 2556 perseveran-

307 2586 395 2648 tia,
455 2602 561 2654 qua
608 2586 689 2640 vel
734 2586 785 2640 in
811 2585 1050 2655 angustia
1082 2581 1239 2653 positi
1270 2579 1523 2635 recedere
1566 2593 1673 2633 non
1705 2578 1889 2641 vultis,

305 2676 475 2731 donec
520 2676 797 2747 spirituale
842 2677 1108 2732 theatrum
1154 2674 1383 2729 solutum
1424 2670 1624 2735 fuerit;
1672 2670 1912 2741 plausus,

306 2770 582 2837 strepitus,
640 2778 940 2838 czctcraque
981 2768 1197 2834 similia,
1232 2777 1286 2822 et
1321 2765 1584 2821 fervorem
1628 2762 1789 2817 animi
1839 2770 1893 2816 et

307 2858 564 2913 intentam
595 2859 842 2914 concioni
870 2872 1102 2916 mentem
1133 2860 1387 2913 indicant.
1438 2856 1775 2924 Quapropter
1800 2868 1889 2907 su-

307 2952 573 3017 perfluum
602 2960 744 3006 esset
776 2954 873 3006 hac
902 2951 967 3005 de
995 2968 1053 3004 re
1080 2965 1301 3005 monere
1328 2966 1343 3014 ;
1396 2947 1491 3002 sed
1534 2946 1660 3000 illud
1711 2945 1890 3000 dicere

306 3052 355 3095 et
397 3059 619 3097 monere
658 3058 837 3113 operte
883 3042 1111 3113 pretium
1144 3042 1319 3107 fuerit,
1350 3048 1410 3094 ut
1432 3039 1533 3093 hoc
1564 3037 1743 3092 animo
1769 3050 1891 3091 esse

308 3136 665 3202 perseveretis
697 3153 711 3189 :
741 3150 840 3189 nec
870 3135 1029 3189 modo
1054 3133 1141 3187 hic
1170 3133 1310 3188 idem
1356 3132 1590 3188 studium
1632 3129 1888 3186 exhibea—

307 3228 393 3287 tis,
422 3227 518 3280 sed
548 3227 710 3281 etiam
738 3227 883 3281 domi
916 3228 994 3280 vir
1025 3241 1251 3280 uxorem
1273 3267 1289 3292 ,
1338 3235 1491 3293 pater
1514 3223 1680 3277 filium
1711 3222 1777 3276 de
1807 3221 1890 3276 his

305 3320 682 3388 alloquanmr;
715 3334 810 3374 sua
842 3319 893 3372 hi
922 3320 1123 3384 dicant,
1163 3328 1217 3371 et
1251 3316 1398 3386 paria
1424 3316 1490 3368 ab
1521 3315 1624 3369 illis
1654 3314 1886 3383 exigant,

304 3426 600 3479 omnesque
648 3410 750 3465 hoc
798 3420 1039 3464 mutuum
1068 3408 1256 3478 pignus
1285 3408 1336 3461 in
1374 3406 1611 3475 medium
1640 3404 1883 3459 afferant.

304 3501 379 3556 Ne
420 3504 539 3572 quis
588 3503 721 3556 mihi
770 3502 989 3565 dixerit,
1041 3515 1238 3571 pueros
1280 3500 1332 3552 in
1375 3497 1477 3552 hoc
1506 3496 1752 3566 occupari
1783 3512 1888 3549 non

302 3603 598 3661 oportere:
633 3608 766 3662 opus
810 3601 954 3648 esset
1003 3594 1144 3647 enim
1192 3608 1297 3645 non
1347 3588 1508 3643 modo
1554 3589 1634 3641 his
1687 3588 1891 3640 incum-

302 3685 453 3749 bere,
476 3686 572 3741 sed
606 3686 743 3740 hanc
775 3687 941 3739 solam
976 3685 1175 3739 habere
1203 3698 1409 3739 curam.
1461 3685 1709 3737 Attamen
1742 3681 1887 3733 intir-

303 3776 504 3830 utitatis
536 3788 731 3831 vestra:
760 3792 918 3831 causa
952 3776 1001 3830 id
1035 3792 1140 3830 non
1176 3776 1317 3842 dico,
1363 3790 1535 3840 neque
1580 3788 1774 3843 pueros
1821 3774 1888 3828 ab

302 3877 527 3921 externo
573 3868 666 3922 illo
702 3868 881 3923 studio
926 3882 1131 3932 avoco;
1180 3877 1236 3923 ut
1274 3883 1446 3936 neque
1471 3881 1567 3920 vos
1594 3881 1621 3918 a
1645 3865 1887 3920 civilibus

302 3959 555 4027 negotiis.
599 3958 793 4013 Verum
835 3974 900 4014 ex
942 3967 1145 4028 septem
1190 3959 1272 4012 his
1308 3958 1493 4011 diebus
1522 3972 1707 4022 unum,
1734 3970 1881 4025 rogo,

302 4052 571 4105 communi
602 4053 829 4106 Domino
855 4062 1039 4107 nostro
1073 4051 1423 4109 eonsccretis.
1471 4053 1662 4104 Annon
1691 4049 1875 4102 absur-

303 4145 425 4196 dum
459 4145 637 4210 fuerit,
665 4144 708 4198 si
735 4160 858 4198 cum
886 4159 1069 4199 servos
1093 4154 1303 4197 nostros
1328 4142 1581 4211 obsequia
1610 4156 1703 4196 sua
1733 4140 1886 4194 nobis

303 4252 516 4305 semper
539 4248 792 4305 praestare
817 4237 1116 4306 juheamus,
1145 4253 1242 4290 nos
1272 4252 1340 4290 ne
1365 4235 1640 4289 minimum
1667 4232 1883 4303 quidem

303 4331 391 4381 otii
422 4329 592 4382 nostri
632 4330 741 4383 Deo
768 4328 1081 4383 addicamus
1109 4345 1122 4393 ;
1154 4328 1452 4397 praesertim
1478 4342 1599 4380 cum
1626 4325 1741 4379 hare
1766 4340 1885 4379 ser-

304 4421 442 4473 vitus
470 4421 579 4473 Deo
625 4420 754 4474 nihil
797 4419 1044 4474 conferat
1074 4419 1237 4491 (Deus
1265 4418 1408 4473 enim
1448 4417 1590 4471 nulla
1618 4432 1677 4470 re
1701 4415 1841 4484 eget)
1865 4455 1881 4479 ,

305 4512 393 4563 sed
424 4511 491 4563 ad
521 4518 756 4564 nostram
788 4509 1053 4565 redundet
1081 4508 1406 4563 utilitatem?
1448 4507 1643 4562 Verum
1670 4521 1788 4560 cum
1817 4504 1881 4558 ad

305 4600 506 4654 theatra
539 4602 675 4655 filios
692 4600 974 4667 adducitis,
1002 4616 1173 4670 neque
1189 4599 1515 4669 disciplinas,
1540 4613 1711 4668 neque
1738 4596 1882 4651 aliud

304 4692 570 4760 quidpiam
602 4692 920 4756 ohtenditis;
946 4693 989 4747 si
1020 4707 1147 4747 vero
1188 4691 1456 4760 quidpiam
1484 4691 1776 4761 spiritualis
1804 4691 1884 4744 ln-

304 4786 375 4837 cri
403 4786 471 4837 sit
494 4784 878 4854 colligendum,
907 4785 1237 4839 vacationem
1277 4783 1404 4838 illttd
1435 4799 1554 4839 esse
1593 4783 1788 4839 dicitis.
1816 4784 1882 4838 Et

304 4877 570 4941 quomodo
611 4879 741 4929 iram
782 4876 877 4930 Dei
923 4892 1028 4930 non
1071 4877 1450 4946 provocabitis,
1505 4876 1630 4930 dum
1671 4876 1881 4931 cazteris

306 4967 551 5020 outnibus
580 4982 678 5020 suo
707 4976 945 5035 tempore
974 4982 1192 5036 operam
1219 4966 1426 5033 dantes,
1449 4968 1642 5020 divinis
1663 4982 1878 5036 operam

306 5056 448 5121 dare,
481 5057 765 5111 molestum
793 5067 846 5111 et
881 5059 1239 5125 importunum
1268 5059 1388 5113 filiis
1417 5058 1773 5114 existimatis?

366 5149 398 5200 J
406 5166 586 5204 avenas
600 5150 848 5220 quomodo
867 5150 1171 5207 instituendi.
1195 5150 1449 5221 Doctrina:
1464 5150 1681 5205 Joannis
1697 5162 1883 5219 quanta

301 5243 389 5294 vis.
416 5242 565 5296 Mens
592 5260 706 5313 qua:
732 5244 901 5297 divina
922 5244 1195 5297 meditatur
1214 5244 1413 5297 diabolo
1433 5245 1765 5315 formidabilis
1786 5256 1881 5298 est.

298 5334 466 5389 —Ne
488 5335 694 5403 ita,ne
718 5337 822 5401 ita,
863 5336 1049 5391 fratres
1093 5336 1236 5402 mei,
1284 5338 1467 5406 agatis.
1518 5338 1723 5392 Etenim
1769 5339 1883 5392 lucc

301 5429 525 5484 maxime
550 5440 682 5483 artas
714 5429 810 5483 ista
848 5440 970 5499 eget
1012 5430 1329 5498 disciplina:
1362 5438 1543 5484 tenera
1591 5431 1730 5484 enim
1761 5446 1879 5483 cum

300 5523 384 5586 sit,
418 5523 525 5575 cito
554 5522 641 5574 illa
670 5538 789 5591 quae
818 5521 1064 5575 dicuntur
1085 5563 1097 5585 ,
1142 5521 1385 5585 imbibit,
1430 5519 1775 5589 doctrinaque
1810 5522 1882 5576 ibi

299 5628 391 5665 ceu
423 5613 656 5682 sigillum
686 5614 737 5666 in
767 5627 885 5667 cera
918 5614 1253 5681 imprimitur.
1293 5612 1538 5682 Alioquin
1566 5622 1742 5667 autem
1781 5612 1881 5669 hac

303 5705 551 5773 primane
577 5714 735 5761 a:tate
756 5704 841 5761 vel
859 5705 925 5760 ad
955 5706 1137 5762 vitium
1169 5704 1252 5760 vel
1282 5703 1348 5759 ad
1374 5706 1619 5760 virtutem
1642 5703 1878 5759 declina-

1998 1932 2103 1979 tur.
2136 1925 2191 1981 Si
2241 1928 2359 1997 quis
2407 1929 2566 2000 igitur
2607 1948 2636 1985 a
2683 1934 2944 2004 principio
2982 1946 3035 1990 et
3064 1938 3213 2006 quasi
3243 1952 3272 1990 a
3318 1938 3583 1992 vestibulo

1998 2016 2115 2070 illos
2141 2032 2170 2070 a
2198 2019 2338 2073 vitiis
2368 2021 2669 2085 abduxerit,
2696 2034 2750 2079 et
2773 2025 2839 2080 ad
2863 2026 3117 2096 optimam
3147 2029 3282 2082 viam
3305 2030 3576 2094 direxerit,

1996 2124 2095 2164 ceu
2143 2112 2195 2165 in
2235 2116 2519 2183 quemdam
2568 2116 2805 2170 habitum
2838 2129 2891 2172 et
2919 2131 3118 2174 rectam
3168 2122 3291 2176 vita:
3322 2125 3580 2178 rationem

1995 2219 2089 2259 eos
2129 2208 2450 2262 constituet:
2503 2224 2673 2279 neque
2712 2219 2902 2280 sponte
2947 2228 3041 2267 sua
3073 2212 3228 2268 facile
3274 2214 3339 2267 ad
3383 2215 3581 2269 malum

1995 2296 2773 2363 declinabunt,consuetudine
2821 2301 2939 2356 illos
2965 2302 3032 2357 ad
3079 2303 3217 2359 bona
3264 2320 3424 2374 opera
3469 2315 3581 2361 tra—

1996 2388 2177 2445 hente.
2234 2391 2309 2445 lta
2360 2392 2511 2447 nobis
2571 2393 2654 2449 vel
2709 2394 2837 2464 ipsis
2900 2396 3116 2452 senibus
3168 2400 3582 2455 venerabiliores

1995 2492 2151 2538 erunt
2171 2525 2186 2549 ,
2215 2493 2268 2539 et
2298 2485 2514 2540 urbanis
2536 2488 2759 2556 negotiis
2790 2488 3037 2558 gerendis
3068 2491 3334 2560 aptiores,
3369 2492 3494 2546 dum
3528 2494 3579 2547 in

1989 2577 2272 2645 juventute
2314 2578 2536 2655 senilem
2584 2588 2793 2634 :etatem
2841 2582 3161 2650 expriment.
3210 2583 3392 2653 Neque
3438 2586 3579 2639 enim

1995 2669 2112 2724 ﬁeri
2140 2679 2347 2739 potest,
2382 2683 2437 2725 ut
2459 2672 2570 2740 jam
2613 2673 2757 2740 dixi,
2789 2684 2846 2727 ut
2871 2675 2960 2744 qui
2993 2675 3294 2744 hujusmodi
3323 2678 3582 2733 concione

1994 2758 2275 2826 fruuntur,
2306 2770 2359 2816 et
2399 2772 2603 2817 tantum
2634 2766 2932 2834 apostolum
2961 2766 3329 2837 frequentant,
3363 2785 3467 2823 non
3497 2772 3580 2824 itt-

1992 2867 2126 2921 gens
2155 2852 2437 2922 quodpiam
2463 2855 2656 2909 bonum
2699 2872 2882 2911 secum
2925 2858 3184 2924 referant;
3214 2862 3324 2914 sive
3368 2860 3590 2916 tandem

1993 2947 2095 3008 vir,
2127 2946 2240 3000 sive
2266 2946 2473 3011 mulier,
2503 2947 2616 3002 sive
2651 2948 2861 3017 juvenis
2892 2950 2961 3003 sit
2988 2950 3031 3003 is
3070 2950 3159 3020 qui
3194 2951 3351 3017 hujus
3381 2968 3581 3007 mensa:

1994 3037 2259 3106 particeps
2288 3035 2537 3091 efﬁcitur.
2570 3037 2702 3092 Nam
2734 3042 2776 3093 si
2813 3038 2950 3093 feras
2978 3040 3144 3094 verbo
3171 3041 3400 3096 domitas
3436 3044 3582 3097 cicu-

1993 3144 2174 3184 ratnus
2193 3171 2207 3195 ,
2237 3139 2433 3198 quanto
2460 3131 2625 3201 magis
2649 3131 2890 3186 homines
2917 3132 3015 3187 hac
3044 3134 3305 3203 spirituali
3333 3134 3587 3190 doctrina

1994 3224 2057 3277 ad
2089 3222 2290 3292 frugem
2315 3223 2642 3279 deducamus
2662 3268 2676 3290 ,
2705 3242 2826 3280 cum
2866 3228 3003 3281 inter
3030 3228 3346 3283 medicinam
3378 3240 3431 3285 et
3456 3247 3581 3286 eum

1994 3315 2081 3384 qui
2112 3324 2325 3369 curatur
2356 3325 2560 3371 tantum
2587 3316 2654 3370 sit
2681 3316 3005 3372 discrimen?
3040 3319 3224 3390 Neque
3262 3322 3402 3375 enim
3437 3332 3584 3376 tanta

1993 3406 2147 3461 nobis
2193 3406 2332 3461 inest
2382 3407 2595 3469 feritas,
2644 3419 2837 3479 quanta
2886 3410 3073 3465 helluis
3110 3429 3123 3466 :
3167 3429 3287 3467 nam
3347 3414 3462 3469 haze
3511 3430 3578 3467 ex

1992 3507 2197 3561 natura,
2231 3497 2319 3551 illa
2341 3512 2407 3550 ex
2433 3497 2655 3552 arbitrio
2682 3499 3060 3567 proficiscitur:
3092 3516 3263 3572 neque
3290 3504 3577 3558 verborum

1993 3588 2180 3643 eadem
2223 3589 2305 3642 vis
2346 3598 2445 3643 est.
2490 3589 2581 3643 llla
2613 3591 2754 3645 enim
2802 3607 2865 3645 ex
2899 3592 3125 3647 humana
3160 3605 3336 3650 mente
3368 3597 3585 3665 prodit,

1993 3680 2109 3734 haec
2139 3696 2202 3733 ex
2233 3680 2461 3749 Spiritus
2488 3681 2682 3735 virtute
2710 3692 2762 3735 et
2786 3683 2973 3752 gratia.
3006 3682 3059 3738 Si
3091 3685 3208 3754 quis
3240 3687 3397 3755 igitur
3425 3687 3490 3742 de
3518 3704 3577 3743 se

1992 3771 2261 3840 desperet,
2296 3781 2600 3826 mansuetas
2628 3772 2742 3827 illas
2772 3774 2912 3828 feras
2938 3775 3169 3843 cogitet,
3212 3784 3265 3830 et
3302 3793 3587 3847 nunquam.

1992 3863 2046 3917 in
2078 3864 2503 3933 desperationem
2546 3864 2779 3921 incidet:
2822 3880 2964 3935 saepe
2991 3866 3127 3922 hanc
3156 3868 3576 3925 medicamento-

1990 3971 2111 4009 rum
2152 3955 2419 4009 offieinam
2463 3955 2651 4021 adeat,
2698 3956 2905 4011 divinas
2953 3957 3093 4027 leges
3146 3961 3291 4012 omni
3324 3969 3591 4030 tempore

1990 4050 2199 4114 audiat,
2232 4059 2285 4102 et
2321 4049 2534 4103 domum
2582 4064 2827 4104 reversus
2848 4090 2863 4115 ,
2906 4065 3023 4120 qua:
3052 4051 3285 4115 audivit,
3317 4053 3367 4106 itt
3400 4067 3585 4109 mente

1992 4142 2256 4196 describat
2281 4160 2294 4193 :
2326 4142 2507 4212 sicque
2533 4142 2583 4195 in
2611 4142 2745 4196 bona
2776 4158 2869 4211 spe
2889 4152 2942 4197 et
2967 4145 3255 4199 securitate
3284 4149 3585 4202 constitue-

1992 4246 2096 4300 tur,
2127 4244 2181 4289 et
2205 4236 2535 4303 experientia
2567 4236 2856 4303 profectum
2884 4238 3096 4291 sentiet.
3129 4237 3261 4292 Cum
3289 4241 3432 4294 enim
3460 4240 3576 4294 dia-

1990 4331 2142 4383 bolus
2174 4329 2341 4399 legem
2386 4328 2478 4382 Dci
2525 4329 2577 4382 in
2605 4328 2778 4381 anima
2809 4328 3130 4397 descriptam
3164 4332 3381 4395 videbit,
3411 4343 3464 4388 et
3491 4342 3579 4387 ta-

1991 4420 2145 4475 bulas
2170 4434 2287 4474 esse
2315 4434 2408 4473 cor
2433 4419 2604 4484 illius,
2637 4435 2739 4473 non
2768 4420 2986 4474 acet-det
3022 4422 3263 4476 ulterius.
3298 4422 3398 4478 Ubi
3429 4426 3570 4478 enim

1990 4511 2159 4567 litera:
2204 4510 2382 4581 regiae,
2432 4527 2535 4563 non
2585 4511 2636 4563 in
2687 4527 2827 4565 ειη·οο
2874 4512 3028 4580 cippo
3074 4514 3323 4581 sculptae,
3372 4515 3464 4570 sed
3523 4516 3578 4573 in

1990 4603 2240 4671 religioso
2292 4602 2468 4656 animo
2510 4617 2540 4655 a
2584 4601 2783 4672 Spiritu
2835 4613 3018 4656 sancto
3062 4603 3357 4659 ell'ormata:
3408 4606 3574 4661 multa

1991 4694 2192 4763 fulgent
2215 4694 2415 4764 gratia,
2450 4709 2546 4747 nec
2585 4704 2768 4748 eontra
2813 4696 3080 4763 respicere
3122 4696 3209 4750 ille
3237 4699 3451 4765 poterit,
3483 4701 3575 4755 sed

1987 4786 2172 4855 procul
2203 4785 2352 4839 nobis
2397 4796 2540 4853 terga
2568 4795 2757 4839 vertet.
2799 4785 2937 4839 Nihil
2965 4788 3105 4841 enim
3132 4788 3203 4842 ita
3244 4788 3576 4847 formidabile

1987 4888 2069 4931 est
2094 4888 2147 4931 et
2177 4877 2246 4930 illi
2278 4886 2332 4931 et
2359 4878 2767 4945 cogitationibus
2794 4881 2860 4932 ab
2901 4880 2992 4933 illo
3022 4881 3305 4946 immissis,
3340 4894 3393 4937 ιιι
3422 4901 3574 4940 meus

1986 4986 2104 5039 qua:
2148 4968 2325 5023 divina
2377 4970 2690 5033 meditatur,
2735 4980 2791 5023 et
2819 4970 2941 5024 huic
2968 4987 3179 5040 semper
3208 4972 3375 5029 lueret
3422 4976 3572 5030 fonti.

1988 5061 2134 5114 llanc
2161 5061 2305 5114 nulla
2333 5076 2508 5115 rerum
2554 5062 2896 5130 praesentium
2945 5064 3205 5133 turbabit,
3238 5070 3575 5135 quantumvis

1993 5152 2214 5206 molesta
2262 5153 2361 5217 sit,
2415 5152 2556 5205 nulla
2598 5151 2801 5206 inflabit
2839 5162 2893 5207 et
2935 5156 3187 5221 extollet,
3238 5160 3576 5226 quantumvis

1992 5258 2247 5312 prOSpera
2278 5243 2471 5297 fuerit:
2511 5242 2602 5297 sed
2634 5244 2683 5296 in
2717 5252 2858 5297 tanta
2891 5246 3120 5315 procella
3147 5257 3200 5302 et
3225 5257 3572 5318 tempestate,

1995 5336 2376 5404 tranquillitate
2416 5350 2603 5403 magna
2638 5334 2858 5389 fruetur.

2060 5427 2115 5482 Ξ.
2153 5427 2272 5481 Non
2299 5427 2558 5480 turbamur
2577 5428 2674 5480 nisi
2693 5445 2755 5481 ea:
2770 5430 2926 5483 animi
2943 5431 3100 5483 nostri
3115 5431 3424 5499 inﬁrmitate.
3454 5432 3569 5489 Ila:-

1988 5522 2255 5575 relicorum
2280 5520 2341 5573 de
2377 5518 2537 5573 Verbo
2564 5522 3107 5593 sententia.——Neque
3132 5523 3274 5577 enim
3300 5542 3363 5578 ex
3394 5542 3570 5585 rerum

1991 5624 2179 5669 natura
2227 5612 2522 5676 turbamur,
2561 5613 2655 5666 sed
2703 5628 2766 5667 ex
2816 5614 2976 5667 animi
3028 5615 3193 5668 nostri
3242 5615 3567 5673 infirmitate.

1991 5706 2122 5763 Nam
2169 5706 2212 5760 si
2243 5720 2306 5760 ex
2354 5704 2511 5759 rebus
2539 5720 2658 5776 qua:
2702 5705 2947 5761 accidunt
2977 5706 3344 5779 turbaremur,
3385 5725 3574 5768 omnes
