4074 6374
475 258 545 313 59
1224 252 1279 306 S.
1320 249 1598 306 JUANNIS
1633 248 2110 331 CllRYSOSIOMl
2149 255 2466 317 ARCHIEP.
2506 262 3037 327 CONSTANTINOP.
3678 296 3748 350 ,ιο

472 374 716 430 homines
764 369 962 425 turbari
1009 381 1229 422 necesse
1272 375 1432 423 esset.
1482 365 1681 419 Omnes
1730 365 1873 419 enim
1917 362 2057 417 idem

470 468 783 537 navigamus
819 464 1055 534 pelagus,
1088 476 1259 530 neque
1302 460 1414 513 ﬁeri
1447 468 1662 528 potest,
1696 467 1754 512 ut
1777 468 1923 511 extra
1954 456 2056 510 flu-

471 570 590 614 ctus
619 567 668 613 et
702 565 1046 625 tempestates
1072 568 1365 608 versemur.
1406 552 1559 618 Quod
1588 552 1633 605 si
1661 552 1874 621 qttidam
1905 560 2055 605 extra

470 660 842 723 tempestatem
870 658 922 704 et
952 648 1290 702 furibundum
1321 661 1467 699 mare
1493 646 1723 714 degant,
1769 644 1941 713 palam
1970 654 2049 699 est

464 753 833 814 tempestatem
867 756 970 794 non
1001 754 1028 791 a
1070 739 1295 808 negotiis
1323 737 1471 801 oriri,
1504 736 1597 791 sed
1624 751 1655 789 a
1692 746 1833 789 statu
1858 736 2051 789 mentis

463 846 681 890 nostrze.
727 833 781 887 Si
832 830 965 883 hanc
1015 830 1171 897 igitur
1213 828 1284 881 ita
1328 841 1719 895 comparemus,
1771 836 1826 879 ut
1870 826 2047 880 omnia

458 928 616 982 facile
648 927 800 990 ferat,
848 923 974 978 nulli
1008 923 1218 988 fluctus,
1262 921 1401 974 nulla
1433 929 1740 988 tempestas,
1772 917 1865 971 sed
1897 928 2045 971 trau-

459 1018 694 1090 quillitas
740 1015 894 1071 nobis
947 1029 1158 1081 semper
1204 1012 1395 1066 aderit.
1449 1010 1648 1066 Verum
1705 1010 1886 1063 nescio
1936 1025 2044 1079 quo

460 1122 639 1182 pacto,
663 1126 783 1165 cum
807 1108 935 1162 nihil
964 1106 1153 1160 horum
1179 1105 1360 1159 dicere
1388 1104 1438 1157 iu
1463 1101 1736 1172 proposito
1765 1100 2038 1167 haberem,

454 1206 508 1259 in
529 1214 725 1258 tantam
743 1199 1160 1256 admonitionem
1183 1196 1516 1252 devenerim.
1534 1193 1812 1264 Ignoscite,
1835 1209 2038 1263 quaeso,

452 1294 859 1366 longitudinem.
906 1292 1113 1347 Etenim
1140 1304 1352 1354 vereor,
1402 1296 1456 1343 et
1484 1286 1770 1341 admodum
1800 1300 1993 1341 vereor
2013 1326 2029 1352 ,

451 1399 511 1443 ut
555 1389 656 1443 hoc
682 1387 915 1443 studium
960 1400 1136 1440 meum
1185 1382 1391 1438 felicem
1435 1381 1632 1435 exitum
1663 1380 1881 1445 habeat;
1911 1394 2034 1432 nam

448 1480 493 1535 si
523 1480 651 1536 ﬁsus
681 1494 878 1545 essent,
909 1478 1213 1547 neutiquam
1238 1490 1332 1529 vos
1354 1474 1435 1528 his
1456 1472 1523 1526 de
1552 1472 1710 1526 rebus
1730 1470 2035 1540 alloquutus

447 1589 647 1628 essem.
679 1571 821 1626 Satis
846 1580 991 1625 certe
1020 1578 1144 1623 sunt
1168 1583 1286 1638 qua:
1313 1566 1564 1630 diximus,
1595 1572 1652 1617 ut
1678 1562 1856 1617 omnia
1881 1562 2032 1616 vobis

448 1666 621 1721 facilia
649 1665 957 1720 reddantur.
986 1663 1220 1731 Tempus
1249 1668 1427 1713 autem
1454 1666 1536 1711 est
1561 1666 1617 1709 ut
1648 1654 1713 1708 ad
1753 1669 1865 1708 rem
1907 1670 2030 1722 pro-

447 1760 670 1828 positam
720 1756 1031 1819 veniamus,
1080 1768 1147 1807 ne
1198 1765 1292 1805 vos
1335 1748 1530 1804 defessi
1576 1749 1689 1801 lucc
1737 1746 2027 1801 certamina

441 1849 665 1902 audeatis.
694 1846 995 1901 Certamina
1025 1844 1222 1914 quippe
1269 1840 1423 1895 nobis
1453 1847 1691 1909 prostant
1716 1846 1901 1892 contra
1930 1852 2024 1892 ve-

442 1942 614 1995 ritatis
660 1939 859 2005 hostes,
912 1947 1095 1991 contra
1144 1950 1237 1990 eos
1286 1933 1376 2003 qui
1426 1931 1557 1986 nihil
1600 1946 1707 1985 non
1736 1937 1932 2001 agunt,
1968 1939 2025 1985 ut

440 2033 560 2088 Filii
607 2034 696 2088 Dei
744 2032 989 2102 gloriam,
1041 2030 1150 2084 imo
1199 2028 1372 2097 potius
1415 2041 1563 2080 suam
1609 2024 1877 2094 dejiciaut.
1933 2024 2021 2078 Illa

437 2129 632 2198 quippe
676 2141 889 2195 semper
934 2134 1113 2179 manet
1159 2132 1215 2176 ut
1258 2130 1373 2184 est,
1406 2119 1535 2173 nihil
1567 2134 1661 2188 per
1706 2117 2017 2173 maledicam

436 2218 668 2288 linguam
710 2217 1029 2270 imminuta:
1075 2213 1146 2266 illi
1191 2227 1335 2276 vero,
1385 2209 1510 2264 dum
1546 2224 1705 2273 eum,
1756 2224 1915 2278 quem
1958 2224 2018 2264 se

433 2308 657 2363 adorare
700 2307 919 2371 dicunt,
973 2314 1311 2375 prosternere
1338 2301 1586 2365 student,
1629 2298 1831 2353 vultum
1859 2314 2012 2354 suum

432 2402 645 2455 infamia
674 2400 900 2468 replent,
926 2406 979 2452 et
1003 2398 1233 2451 animant
1261 2393 1521 2463 supplicio
1551 2391 1823 2446 addicunt.
1857 2392 2016 2458 Qum-

430 2511 552 2548 uatn
582 2510 709 2563 ergo
729 2492 910 2546 dicunt
932 2490 1027 2556 illi,
1057 2490 1182 2543 dntn
1209 2504 1306 2543 nos
1329 2489 1442 2541 hzec
1472 2485 1832 2555 proferimus?
1856 2484 2005 2549 Illud,

427 2585 496 2640 In
522 2586 765 2658 principio
790 2594 897 2638 erat
918 2582 1117 2636 verbum
1138 2623 1153 2647 ,
1187 2596 1291 2633 non
1321 2579 1669 2633 mteruitatcm
1696 2576 2011 2645 simpliciter

428 2677 660 2731 iudicare
684 2691 698 2727 :
731 2689 851 2727 nam
885 2673 983 2727 hoc
1011 2673 1078 2727 de
1118 2671 1251 2725 ca-lo
1279 2670 1437 2723 etiam
1461 2677 1514 2723 et
1543 2668 1609 2722 de
1637 2677 1776 2722 terra
1808 2666 2005 2721 dictum

426 2772 541 2824 fuit.
572 2771 617 2823 υ
642 2766 1021 2837 impudentiam
1048 2775 1099 2819 ct
1128 2764 1449 2832 impietatem
1473 2761 1768 2829 ingentem!
1802 2759 1874 2812 De
1896 2758 2005 2812 Deo

424 2871 476 2915 te
502 2860 759 2929 alloquor,
790 2869 845 2913 et
874 2867 924 2911 tu
954 2856 1083 2909 mihi
1119 2865 1310 2908 terram
1335 2864 1388 2908 et
1417 2852 1659 2906 homines
1687 2862 1825 2905 terra
1856 2859 2004 2907 ortos

420 2951 581 3006 affers
611 2952 662 3005 in
693 2949 964 3004 medium?
996 2948 1135 3018 Ergo
1161 2949 1282 3018 quia
1311 2946 1553 3000 Christus
1593 2944 1759 2998 Filius
1799 2944 1888 2998 Dei
1917 2943 2002 2998 di-

421 3042 557 3095 citur
602 3048 656 3095 et
695 3040 855 3104 Deus,
907 3047 961 3093 et
989 3037 1150 3091 homo
1198 3036 1445 3091 similiter
1476 3035 1616 3089 ﬁlius
1647 3034 1738 3089 Dei
1768 3042 1823 3089 et
1866 3033 1999 3088 deus

418 3132 736 3199 pnedicatur
765 3130 782 3199 (
813 3145 935 3183 nam
974 3127 1085 3200 Ego
1103 3124 1219 3182 ‘dixi
1233 3170 1247 3193 ,
1292 3127 1495 3197 inquit,
1523 3126 1597 3179 dii
1636 3126 1774 3191 estis,
1817 3138 1866 3180 et
1901 3124 1999 3194 ﬁlii

422 3223 620 3280 lecelsi
641 3238 811 3276 omnes
833 3219 1015 3293 [PsaL
1040 3220 1128 3276 8t.
1158 3217 1291 3293 6]),
1320 3234 1441 3273 cum
1465 3217 1749 3288 Unigenito
1778 3227 1999 3272 conten-

415 3316 509 3369 des
532 3316 601 3370 de
628 3314 913 3377 ﬁliatioue,
961 3321 1016 3366 et
1056 3312 1202 3366 dices
1247 3312 1417 3380 ipsum
1446 3310 1574 3365 nihil
1603 3309 1720 3378 plus
1766 3308 1993 3377 habere,

416 3424 571 3479 quam
602 3416 657 3462 tu
697 3406 931 3462 habeas?
959 3404 1323 3475 Nequaquam,
1352 3403 1445 3456 ait.
1479 3405 1637 3473 Atqui
1667 3401 1795 3457 illud
1821 3403 1991 3472 ipsum

412 3503 555 3572 agis,
583 3503 681 3556 etsi
726 3515 830 3554 non
860 3498 1025 3554 dicas.
1060 3496 1375 3566 Quomodo?
1414 3495 1547 3564 Quia
1594 3494 1758 3559 dicis,
1807 3503 1858 3549 te
1898 3510 1994 3564 per

411 3596 633 3665 gratiam
661 3594 998 3662 adoptionem
1027 3590 1332 3661 percepisse
1350 3632 1363 3655 ,
1399 3589 1676 3659 ipsumque
1703 3587 1987 3642 similiter:

411 3705 530 3742 cum
556 3698 735 3743 autem
770 3686 901 3742 dicis
929 3688 1100 3756 ipsum
1128 3701 1234 3739 non
1268 3693 1452 3738 natura
1496 3683 1659 3738 lilium
1683 3698 1837 3751 esse,
1860 3682 1988 3738 nihil

408 3781 550 3834 aliud
577 3780 785 3850 probas,
814 3796 970 3850 quam
1001 3795 1096 3850 per
1120 3779 1342 3847 gratiam
1372 3778 1535 3831 lilium
1564 3792 1705 3833 esse.
1726 3777 1987 3832 Caeterum

408 3873 680 3927 videamus
736 3887 834 3937 ea,
886 3887 1004 3941 quae
1054 3871 1207 3925 nobis
1258 3869 1486 3924 afferunt
1531 3870 1864 3924 testimonia:
1919 3867 1986 3924 In

408 3963 655 4034 principio
691 3963 807 4033 fecit
832 3959 970 4014 Deus
995 3961 1172 4015 malum
1200 3969 1247 4013 et
1268 3969 1471 4013 terram.
1506 3959 1661 4013 Terra
1685 3971 1851 4014 autem
1877 3970 1986 4014 erat

406 4054 667 4108 invisibilis
696 4062 743 4107 et
766 4053 1097 4122 incomposita
1118 4051 1269 4123 (Gen.
1301 4049 1533 4122 1.1.2).
1570 4052 1653 4117 Et,
1686 4050 1813 4105 Erat
1835 4052 1984 4106 homo

405 4161 469 4199 ea:
508 4143 822 4197 Armathaim
852 4142 1017 4211 Sipha
1044 4143 1064 4210 (
1088 4142 1141 4195 1.
1171 4140 1297 4213 Reg.
1330 4142 1383 4197 1.
1408 4141 1496 4212 1).
1526 4141 1651 4195 llaec
1681 4141 1807 4209 ipsis
1832 4141 1983 4196 ﬁrma

406 4235 669 4290 videntur.
702 4234 768 4288 Et
791 4249 914 4287 vere
940 4232 1088 4286 ﬁrma
1119 4240 1241 4285 sunt
1259 4272 1274 4296 ,
1301 4231 1396 4287 sed
1421 4231 1485 4285 ad
1515 4231 1983 4287 demonstrandam

402 4328 659 4382 doctrinae
680 4335 875 4381 nostrae
905 4326 1217 4380 veritatem:
1246 4340 1367 4379 nam
1397 4324 1462 4379 ad
1499 4325 1711 4380 illorum
1742 4325 1981 4394 blasphe-

403 4422 561 4475 miam
588 4417 1034 4489 comprobandam
1054 4417 1290 4473 omnium
1316 4417 1638 4472 debilissima
1669 4428 1812 4472 sunt.
1843 4417 1980 4484 Quid

399 4514 564 4576 enim,
592 4526 795 4581 quzcso,
827 4526 1108 4566 commune
1138 4509 1301 4564 habet
1330 4510 1456 4564 illud
1476 4550 1492 4577 ,
1516 4508 1688 4577 Fecit,
1719 4525 1841 4566 cum
1864 4510 1975 4575 illo,

403 4606 571 4660 Erat?
598 4605 722 4675 qttid
754 4604 897 4659 Deus
936 4618 1056 4659 cum
1085 4602 1335 4658 homine?
1377 4603 1488 4657 Cur
1515 4618 1577 4657 ea
1623 4605 1817 4658 misces
1858 4619 1977 4672 quae

400 4698 610 4752 misceri
652 4712 760 4752 non
808 4696 1069 4766 possunt?
1097 4710 1192 4751 cur
1234 4694 1516 4750 confundis
1558 4709 1621 4749 ea
1661 4711 1781 4765 quae
1806 4695 1976 4751 divisa

397 4800 553 4855 sinit,
604 4798 658 4845 et
704 4805 822 4860 quae
866 4804 1114 4855 sursum,
1163 4788 1412 4843 deorsum
1450 4788 1645 4857 ponis?
1688 4788 1788 4844 Hic
1824 4788 1974 4844 ’enim

395 4883 521 4938 illud
540 4922 556 4948 ,
580 4879 729 4946 Erat,
758 4896 862 4936 nou
890 4883 1237 4937 aeternitatem
1264 4880 1529 4946 ostendit,
1557 4881 1601 4935 si
1642 4881 1816 4936 solum
1852 4896 1977 4951 spe-

392 4985 596 5039 ctetur;
623 4973 718 5029 sed
742 4972 787 5028 si
814 4972 1039 5028 addatur
1062 4987 1185 5028 cum
1215 4972 1339 5039 illis,
1368 4970 1436 5026 In
1462 4973 1710 5042 principia
1738 4980 1863 5039 erat,
1897 4983 1972 5038 et,

405 5063 618 5118 Verbum
654 5073 783 5119 erat.
814 5062 1269 5131 Quemadmodum
1310 5077 1437 5133 ergo
1465 5062 1626 5129 illud,
1656 5063 1822 5130 Esse,
1850 5078 1974 5127 cum

390 5156 459 5210 de
489 5155 704 5210 homine
732 5154 947 5221 dicitur,
974 5169 1212 5225 praesens
1251 5163 1455 5209 tantum
1496 5154 1696 5209 indicat
1722 5163 1970 5226 tempus;

391 5264 510 5301 cum
540 5259 719 5303 autem
746 5248 814 5303 de
844 5248 983 5314 Deo,
1024 5247 1375 5303 aeternitatem
1402 5247 1768 5303 demonstrat:
1813 5250 1890 5305 sic
1918 5259 1975 5306 et

392 5340 556 5406 illud,
594 5339 756 5407 Erat,
799 5339 869 5396 de
909 5349 1088 5395 nostra
1134 5339 1333 5394 dictum
1379 5349 1594 5405 natura,
1648 5343 1971 5410 praeteritum

392 5442 601 5503 tempus
632 5433 924 5504 significat,
964 5432 1243 5505 ipsumque
1273 5433 1507 5500 ﬁnitum;
1538 5449 1659 5489 cum
1699 5444 1875 5489 autem
1905 5435 1973 5491 de

394 5526 503 5579 Deo
522 5564 536 5589 ,
564 5526 911 5582 aeternitatem
942 5525 1155 5581 indicat.
1183 5524 1324 5581 Satis
1352 5540 1482 5595 ergo
1510 5536 1626 5581 erat
1653 5526 1701 5581 ei
1724 5568 1737 5591 ,
1766 5525 1854 5595 qui
1878 5541 1973 5579 au-

391 5615 530 5670 diret
556 5614 809 5695 Terram,
850 5626 906 5672 et
950 5615 1265 5693 Hominem,
1317 5614 1452 5670 nihil
1494 5616 1719 5686 amplius
1761 5616 1828 5671 de
1866 5616 1971 5671 illis

392 5705 648 5777 cogitare,
692 5722 848 5778 quam
890 5716 1091 5765 natura:
1115 5719 1308 5766 creatae
1337 5707 1638 5764 conveniat.
1667 5707 1797 5763 Nam
1826 5706 1968 5778 quod

2174 367 2367 426 factum
2399 385 2517 443 est,
2547 379 2799 449 quidquid
2833 385 3044 439 tandem
3067 387 3169 451 sit,
3194 387 3245 442 in
3275 398 3513 462 tempore
3534 395 3614 451 vel
3649 415 3749 455 ιω-

2164 464 2285 518 culo
2312 464 2509 523 factum
2528 483 2646 526 est:
2676 482 2731 527 at
2770 475 2936 530 Filius
2978 479 3113 545 Dei,
3138 496 3242 535 non
3275 487 3598 554 temporibus
3627 500 3747 545 tau-

2163 562 2274 609 tum
2297 597 2309 620 ,
2338 560 2433 613 sed
2459 563 2669 619 sreculis
2695 566 2941 622 omnibus
2966 572 3208 639 superior
3238 582 3351 627 est:
3380 592 3502 631 nam
3532 579 3742 636 illorum

2159 655 2214 699 et
2237 659 2447 702 creator
2474 661 2529 705 et
2555 654 2734 722 epifex.
2765 665 2885 714 est:
2908 658 3103 714 dicitur
3123 662 3289 729 enim,
3325 663 3427 719 Per
3453 684 3596 737 quem
3627 672 3741 739 fecit

2156 746 2205 788 et
2229 739 2417 792 swcula
2466 741 2664 811 (Hebr.
2696 746 2747 800 1.
2778 746 2875 817 2).
2904 748 3004 816 Qui
3047 761 3223 806 autem
3247 753 3427 823 opifex
3472 769 3574 824 est,
3616 772 3739 818 ante

2156 826 2365 895 opilicia
2394 829 2534 886 haud
2563 834 2724 890 dubie
2752 837 2869 892 fuit.
2893 838 3153 906 Quoniam
3184 859 3310 899 vero
3330 847 3542 916 quidam
3566 851 3637 905 ita
3658 853 3736 907 iu-

2151 920 2351 973 sensati
2374 931 2516 987 sunt,
2553 935 2611 978 ut
2633 936 2814 996 postea
2844 931 3015 1000 majus
3042 933 3310 1003 quidpiam
3341 936 3408 991 de
3437 954 3531 993 sua
3557 941 3733 1012 digni.

2151 1018 2258 1063 tate
2282 1013 2636 1081 suspicentur,
2669 1018 2761 1073 illo
2786 1021 2970 1087 verbo,
3000 1023 3165 1092 Fecit,
3187 1036 3242 1081 et
3269 1028 3387 1093 illo,
3418 1029 3583 1087 Homo
3601 1048 3727 1101 erat,

2146 1102 2406 1159 auditoris
2444 1118 2676 1165 mentem
2710 1125 3074 1185 przeoccupat,
3103 1127 3160 1173 et
3202 1135 3411 1177 omnem
3448 1124 3727 1196 impuden-

2145 1196 2271 1249 tiam
2299 1200 2581 1256 exscindit.
2612 1203 2746 1259 Nam
2776 1222 2894 1276 qua:
2921 1209 3057 1265 facta
3099 1221 3225 1267 sunt
3264 1216 3471 1283 omnia,
3500 1219 3685 1273 caelum
3706 1261 3723 1287 ,

2144 1298 2307 1380 terra,
2342 1303 2578 1364 tempore
2607 1297 2741 1352 facta
2772 1310 2916 1369 sunt,
2948 1307 3239 1374 temporale
3275 1310 3587 1380 principium
3619 1313 3716 1367 ha-

2142 1378 2296 1447 bent,
2328 1398 2620 1456 eorumque
2656 1389 2791 1444 nihil
2831 1392 2945 1448 sine
2983 1395 3246 1466 principio
3280 1409 3362 1454 est
3383 1440 3400 1467 ,
3434 1378 3555 1472 quia
3582 1401 3721 1459 facta

2139 1483 2282 1531 sunt.
2312 1474 2493 1547 Itaque
2516 1494 2637 1534 cum
2677 1483 2828 1538 audis
2855 1484 3027 1554 ipsum
3052 1487 3243 1545 fecisse
3283 1501 3509 1559 terram,
3542 1505 3595 1550 et
3618 1495 3719 1551 ho-

2137 1565 2335 1620 minem
2361 1584 2515 1635 esse,
2549 1573 2817 1641 superflue
2858 1580 3073 1648 nugaris
3094 1620 3109 1646 ,
3144 1590 3198 1635 et
3227 1582 3430 1637 inutilia
3462 1586 3642 1643 ellutis
3674 1599 3717 1643 ι.

2138 1656 2249 1726 Ego
2277 1660 2418 1713 enim
2447 1662 2602 1716 aliam
2631 1663 2957 1735 hyperbolen
2980 1670 3175 1727 afferre
3203 1688 3439 1741 possum.
3459 1676 3721 1743 Qumnam

2132 1748 2220 1801 illa
2248 1751 2372 1805 est?
2400 1751 2455 1806 Si
2479 1753 2547 1808 de
2577 1763 2717 1809 terra
2745 1756 2947 1813 dictum
2975 1770 3151 1830 esset,
3183 1763 3238 1817 ln
3271 1766 3533 1835 principio
3573 1779 3711 1823 terra
3756 1756 3761 1761 ’

2130 1849 2280 1905 erat;
2308 1854 2362 1897 et
2389 1844 2455 1898 de
2486 1844 2699 1903 homine
2720 1890 2735 1913 ,
2770 1849 2823 1904 In
2869 1851 3131 1922 principio
3154 1864 3271 1909 erat
3314 1859 3495 1924 homo,
3540 1876 3712 1929 neque

2129 1931 2198 1984 ita
2238 1933 2360 2002 quid
2390 1935 2560 2004 majus
2599 1938 2667 1993 de
2712 1939 2814 1996 illis
2857 1943 3233 2012 suspicandum
3274 1945 3409 2012 fore,
3436 1965 3593 2018 quam
3621 1952 3707 2005 illa

2128 2037 2248 2092 qua:
2271 2040 2411 2080 nunc
2449 2030 2841 2098 cognoscimus.
2872 2031 3002 2086 Nam
3029 2036 3301 2103 praemissa
3332 2048 3488 2093 terra:
3523 2049 3578 2095 et
3608 2042 3706 2096 ho-

2124 2116 2284 2169 minis
2325 2118 2712 2187 appellatione,
2762 2123 3015 2192 quidquid
3064 2124 3132 2180 de
3180 2127 3285 2181 illis
3327 2128 3551 2191 dicatur,
3600 2147 3703 2186 non

2122 2216 2296 2274 potest
2344 2211 2552 2265 animus
2600 2213 2772 2282 majus
2816 2215 3083 2285 quidpiam
3131 2218 3199 2272 de
3242 2218 3345 2273 illis
3396 2220 3709 2291 imaginari,

2120 2315 2278 2367 quam
2308 2316 2370 2356 ea
2410 2319 2527 2372 quae
2576 2306 2812 2360 scimus:
2847 2316 2905 2361 ut
2944 2318 3163 2375 contra,
3194 2309 3449 2379 Verbum,
3494 2314 3699 2369 etiamsi

2118 2397 2278 2446 tenue
2306 2393 2575 2464 quidpiam
2606 2396 2674 2451 de
2713 2396 2803 2452 illo
2831 2398 3026 2453 dictum
3059 2398 3245 2466 fuerit,
3295 2418 3399 2457 non
3446 2405 3701 2473 permittit

2117 2491 2294 2536 tamen
2345 2484 2542 2554 aliquid
2592 2486 2856 2555 abjectum
2904 2498 2958 2544 et
3005 2491 3108 2546 vile
3155 2492 3222 2546 de
3275 2507 3335 2549 se
3379 2496 3693 2552 existimari.

2117 2574 2403 2630 Enimvero
2446 2577 2514 2633 de
2559 2587 2699 2634 terra
2742 2581 2819 2636 sic
2859 2591 3039 2651 postea
3084 2584 3314 2640 dicitur:
3346 2586 3501 2641 Terra
3527 2600 3695 2643 autem

2113 2675 2217 2719 erat
2244 2668 2507 2723 invisibilis
2544 2669 2598 2724 et'
2615 2671 2946 2743 incomposita
2974 2674 2992 2743 (
3015 2673 3141 2728 Gen.
3170 2677 3216 2730 1.
3243 2676 3278 2729 2
3299 2677 3341 2747 ).
3370 2677 3502 2732 Cum
3526 2680 3694 2735 dixis-

2111 2769 2194 2812 set
2222 2760 2362 2814 enim
2393 2761 2563 2830 ipsum
2588 2764 2777 2818 fecisse
2807 2776 3025 2832 terram,
3071 2776 3125 2821 et
3154 2768 3251 2835 ipsi
3284 2770 3554 2838 proprium
3583 2780 3691 2826 ter-

2108 2850 2310 2904 minum
2334 2852 2617 2921 posuisset,
2641 2868 2829 2910 secure
2849 2855 2961 2925 jam
2982 2873 3099 2927 qua:
3122 2870 3416 2927 sequuntur
3435 2872 3685 2927 enarrat;

2106 2958 2303 3014 gnarus
2330 2948 2597 3002 neminem
2628 2949 2696 3003 ita
2727 2950 2945 3005 stultum
2970 2967 3107 3017 esse,
3142 2963 3196 3008 ut
3229 2956 3367 3009 illam
3394 2956 3510 3011 sine
3536 2957 3684 3026 priu-

2104 3039 2246 3108 cipio
2288 3049 2343 3095 et
2388 3056 2495 3096 non
2538 3042 2728 3097 factam
2768 3059 2887 3100 esse
2921 3047 3236 3115 SIISpicetur.
3268 3047 3449 3102 Terra:
3488 3049 3685 3118 quippe

2104 3146 2321 3196 nomen,
2364 3141 2419 3187 et
2447 3133 2598 3201 illud,
2647 3132 2820 3201 Fecit,
2850 3137 2979 3191 satis
3016 3145 3143 3191 sunt
3186 3147 3243 3191 ut
3286 3138 3365 3193 vel
3394 3137 3678 3193 admodum

2101 3224 2264 3280 stulto
2289 3225 2578 3290 suadeant,
2609 3226 2775 3295 ipsam
2800 3243 2898 3282 nec
2922 3239 3173 3284 mternam
3192 3270 3206 3293 ,
3231 3246 3330 3285 nec
3350 3247 3455 3285 non
3486 3231 3676 3287 factam

2100 3329 2248 3382 esse,
2279 3316 2373 3370 sed
2397 3330 2466 3371 ex
2491 3332 2674 3372 eorum
2704 3333 2926 3373 numero
2971 3336 3088 3389 qua:
3115 3321 3166 3374 in
3199 3331 3438 3390 tempore
3464 3322 3676 3380 condita

2098 3416 2243 3461 sunt.

2168 3499 2221 3551 5.
2248 3496 2511 3553 Praeterea
2540 3507 2717 3554 autem
2748 3499 2874 3554 illud
2896 3541 2911 3566 ,
2949 3499 3109 3564 Erat,
3141 3500 3209 3556 de
3236 3510 3373 3557 terra
3396 3512 3450 3557 et
3473 3503 3541 3559 de
3572 3503 3672 3559 ho-

2096 3590 2240 3644 miue
2274 3592 2294 3621 ²
2332 3590 2561 3658 dictum,
2593 3606 2695 3646 non
2723 3593 3036 3663 simpliciter
3060 3595 3423 3650 exsistentiam
3466 3598 3671 3667 signifi-

2094 3689 2211 3744 cat;
2235 3680 2328 3735 sed
2355 3681 2422 3737 de
2452 3682 2667 3738 homine
2687 3683 2909 3751 dictum,
2941 3684 3140 3740 indicat
3161 3686 3330 3755 ipsum
3355 3704 3419 3741 ex
3444 3689 3529 3741 tali
3551 3705 3672 3746 esse

2094 3771 2254 3838 loco;
2303 3773 2372 3828 de
2403 3784 2539 3828 terra
2579 3786 2776 3841 autem,
2808 3775 2949 3830 illam
2982 3777 3070 3830 tali
3112 3792 3231 3833 esse
3270 3778 3447 3833 modo.
3489 3780 3670 3850 Neque

2091 3867 2232 3919 enim
2262 3866 2574 3936 simpliciter
2609 3867 2775 3932 dixit,
2804 3867 2967 3923 Terra
2992 3880 3140 3936 erat,
3168 3880 3220 3925 et
3251 3882 3435 3940 postea
3471 3874 3664 3938 tacuit;

2090 3956 2184 4011 sed
2228 3957 2399 4027 qualis
2447 3966 2565 4025 post
2609 3959 2932 4014 creationem
2982 3969 3124 4014 esset
3164 3960 3403 4028 addidit,
3452 3978 3665 4034 nempe,

2089 4046 2363 4103 Invisibilis
2388 4058 2493 4101 erat
2520 4058 2565 4102 et
2602 4048 2938 4119 incomposita
2958 4092 2971 4114 ,
3005 4051 3178 4104 adhuc
3217 4052 3372 4121 aquis
3405 4063 3585 4122 Operta
3611 4064 3666 4108 et

2087 4140 2342 4194 admixta.
2374 4141 2440 4195 Et
2478 4140 2544 4193 de
2583 4141 2781 4195 Eleana
2827 4157 2929 4195 non
2976 4142 3109 4196 dixit
3146 4143 3317 4197 solum
3353 4145 3490 4214 quod
3523 4156 3666 4201 esset

2088 4231 2269 4295 homo,
2300 4230 2391 4286 sed
2421 4232 2616 4301 adjecit
2641 4233 2780 4289 unde
2809 4243 2983 4300 esset,
3024 4232 3097 4287 De
3127 4235 3444 4289 Armathaim
3474 4236 3659 4307 Sipha.

2090 4324 2163 4378 De
2188 4322 2365 4379 Verbo
2390 4334 2564 4378 autem
2601 4341 2706 4378 non
2734 4324 2829 4379 sic.
2867 4325 2933 4378 Et
2968 4340 3053 4380 me
3084 4324 3246 4393 pudet
3274 4325 3508 4395 profecto
3548 4328 3664 4381 lucc

2084 4416 2242 4469 simul
2270 4415 2538 4483 indagare.
2570 4414 2624 4471 Si
2653 4416 2792 4469 enim
2818 4414 3257 4485 reprehendimus
3283 4431 3374 4470 eos
3407 4417 3493 4486 qui
3519 4416 3663 4472 circa

2085 4507 2328 4563 homines
2355 4509 2457 4563 hoc
2482 4518 2664 4577 agunt,
2693 4509 2906 4578 quando
2932 4509 3154 4562 multum
3177 4518 3259 4564 est
3284 4508 3421 4563 inter
3447 4526 3540 4565 eos
3570 4514 3659 4579 qui

2081 4610 2454 4673 comparantur
2479 4601 2686 4654 virtutis
2714 4600 3024 4667 discrimen,
3058 4600 3181 4655 licet
3206 4601 3282 4654 illi
3322 4617 3388 4655 ex
3425 4618 3525 4656 una
3570 4619 3660 4658 ca-

2081 4695 2312 4765 demque
2338 4692 2632 4749 substantia
2658 4693 2766 4748 sint
2789 4709 2803 4746 :
2827 4692 3039 4762 quando
3063 4702 3119 4747 et
3153 4693 3294 4747 circa
3323 4701 3562 4746 naturam
3606 4705 3661 4748 ct

2079 4789 2219 4844 circa
2249 4788 2350 4842 alia
2382 4786 2644 4841 inﬁnitum
2692 4794 2776 4841 est
2822 4785 3194 4848 iuterstitium,
3240 4785 3507 4855 quomodo
3552 4801 3658 4837 nou

2078 4889 2335 4935 extremae
2373 4877 2657 4933 dementia:
2702 4875 2861 4931 fuerit
2906 4875 3002 4931 has
3048 4876 3367 4946 quiestiones
3402 4877 3660 4929 movete?
3730 4863 3745 4882 ’

2079 4971 2183 5027 Sed
2214 4970 2365 5025 nobis
2407 4968 2496 5024 ille
2541 4968 2799 5038 propitius
2836 4968 2933 5033 sit,
2980 4981 3136 5036 quem
3167 4951 3265 5036 ipsi
3311 4966 3658 5034 blaSphcmiis

2078 5064 2357 5133 impetunt.
2411 5058 2720 5130 llujusmodi
2768 5074 2995 5128 namque
3034 5058 3292 5113 dictorum
3322 5057 3656 5112 adhibendo-

2076 5174 2192 5213 rum
2225 5155 2595 5211 necessitatem
2639 5167 2744 5207 non
2776 5168 2875 5207 nos
2905 5150 3211 5205 induximus
3232 5190 3249 5218 ,
3276 5151 3370 5206 sed
3394 5149 3471 5205 illi
3497 5150 3653 5206 nobis

2074 5250 2334 5310 obtulere,
2361 5246 2450 5315 qui
2475 5244 2698 5299 salutem
2726 5242 3037 5313 impugnant
3054 5255 3230 5297 suam.

2144 5341 2430 5396 xEternitas
2463 5337 2588 5391 Filii
2618 5337 2878 5405 probatur.
2898 5366 2965 5375 —
2988 5335 3124 5402 Quid
3156 5349 3284 5403 ergo
3312 5336 3465 5389 dico?
3493 5334 3646 5389 Illud.

2074 5434 2238 5501 Erat,
2267 5434 2335 5489 de
2362 5431 2542 5486 Verbo
2583 5429 2784 5484 dictum
2803 5468 2819 5491 ,
2851 5426 3151 5497 signiﬁcare
3192 5426 3363 5496 ipsum
3391 5437 3650 5479 internum

2139 5592 2155 5622 ι
2191 5585 2354 5637 Morel.
2379 5585 2559 5644 habet,
2584 5580 2683 5632 noti
2704 5577 2943 5644 superﬂue
2965 5577 3164 5642 nugari,
3193 5581 3237 5627 te
3272 5573 3516 5627 inutilibus
3550 5572 3645 5623 un.-

2072 5650 2263 5717 plicans
2272 5647 2580 5717 ranunculis.

2138 5696 2287 5761 i“Alii
2308 5696 2503 5773 legunt,
2528 5704 2590 5760 de
2607 5704 2745 5767 creto,
2770 5714 2877 5768 pro,
2902 5701 2965 5755 de
2981 5696 3186 5753 homine.
