4074 6374
210 331 280 387 39
1421 326 1494 382 IN
1526 317 1839 379 JOANNEM
1878 314 2117 373 HOMIL.
2161 315 2252 376 Ill.
2292 317 2369 373 al.
2397 312 2465 371 ll.
3611 295 3685 354 ιο

208 447 348 517 ὑπὲρ
377 447 585 501 τούτων
612 450 806 513 εἰπεῖν,
838 448 920 510 είς
947 444 1198 499 τοσοῦτον
1239 442 1441 514 ταύτης
1469 439 1765 512 ἐξηνέχθην
1790 437 1887 507 τῆς
1995 433 2105 504 γὰρ
2130 434 2191 488 :6
2229 433 2475 503 ποιηθὲν,
2504 430 2598 485 καὶ
2633 425 2857 517 οὐρανὸς
2886 425 3000 517 καὶῄ
3026 423 3120 494 γῆ,
3152 421 3339 517 χρόνῳ.
3354 417 3669 517 πεποίηται,

209 536 608 605 παραινέσεως.
646 536 932 605 Σύγγνωτε
960 530 1053 588 οὖν
1077 534 1176 604 τῆς
1205 533 1584 603 μακρηγορίας
1606 532 1757 601 ημῖν.
1779 527 1889 581 Καὶ

209 623 318 692 γὰρ
356 624 594 688 δέδοικα,
624 625 718 678 καὶ
761 625 967 694 σφόδρα
1008 621 1241 685 δέδοικα,
1274 621 1484 690 μήποτε
1528 616 1890 686 ἀσθενεστέρα

208 711 382 778 ἡμῖν’
411 709 551 781 αὕτη
582 711 807 781 γένηται
835 712 869 781 ἡ
906 709 1106 778 σπουδή
1125 724 1140 739 ·
1170 707 1245 770 ὡς
1273 706 1327 759 εί
1350 722 1414 775 γε
1444 704 1710 776 ἐθάρρουν
1752 703 1893 775 ὑπὲρ

211 796 405 864 αὐτῆς,
434 798 592 851 οὐδὲν
621 798 685 851 ἂν
714 797 991 867 διελέχθην
1019 794 1223 849 τούτων
1265 795 1392 864 ὑμῖν
1436 792 1529 845 νῦν
1550 808 1563 822 ⁸
1597 789 1753 861 ἱκανὴ
1785 790 1892 860 γὰρ

212 882 350 953 αὕτη
410 886 591 939 πάντα
643 887 774 955 ὑμῖν
821 884 1179 955 ἐξευμαρίσαι
1218 882 1284 936 τὰ
1338 881 1805 951 πράγματα.Ὢρα
1836 879 1894 931 6'3

212 970 393 1023 λοιπὸν
418 973 515 1025 ἐπὶ
532 972 602 1025 τὰ
624 973 957 1044 προκείμενα
973 974 1211 1043 τήμερον
1243 971 1396 1037 ίέναι,
1415 972 1553 1025 ὥστε
1580 969 1653 1041 μὴ
1679 985 1894 1038 κεκμη-

213 1060 376 1122 κότας
407 1061 558 1130 ὑμᾶς
589 1061 947 1130 προσϐάλλειν
973 1062 1083 1123 τοῖς
1116 1060 1343 1128 ἀγῶσιν.
1363 1058 1595 1127 ’Λγῶνες
1628 1057 1736 1126 γὰρ
1761 1058 1894 1125 ἡμῖν

212 1148 535 1217 πρόκεινται
560 1151 697 1220 1:96;
727 1151 855 1212 τοὺς
880 1150 979 1217 τῆς
1018 1148 1277 1219 ἀληθείας
1308 1147 1554 1219 ἐχθροὺς,
1590 1145 1728 1216 1:96;
1769 1146 1896 1207 τοὺς

210 1240 393 1293 πάντα
422 1239 872 1309 μηχανωμένους,
903 1240 1043 1293 ὥστε
1068 1238 1316 1292 καθελεῖν
1338 1238 1436 1309 τὴν
1464 1236 1620 1300 δόξαν
1645 1234 1740 1288 τοῦ
1764 1233 1894 1287 Υίοῦ

211 1326 305 1379 τοῦ
351 1326 511 1390 Θεοῦ,
542 1327 742 1397 μᾶλλον
765 1326 821 1379 δὲ
846 1325 942 1395 τὴν
982 1326 1207 1381 ἑαυτῶν.
1227 1326 1290 1378 'H
1324 1325 1422 1396 μὲν
1454 1324 1563 1394 γὰρ
1594 1323 1742 1392 μένει
1775 1322 1893 1375 δια-

213 1414 441 1477 παντὸς,
468 1414 668 1484 οἵαπέρ
694 1414 864 1474 ἐστιν,
891 1414 1044 1466 οὐδὲν
1072 1413 1224 1484 παρά
1243 1413 1345 1482 τῆς
1380 1412 1699 1482 βλασφήμου
1728 1408 1899 1477 γλώτ-

210 1518 314 1571 της
336 1503 707 1573 ἐλαττουμένη
730 1519 743 1532 ·
774 1504 972 1555 ἐκεῖνοι
993 1501 1069 1561 δὲ,
1096 1502 1155 1554 6v
1184 1518 1317 1569 φασι
1344 1503 1690 1572 προσκυνεῖν,
1730 1499 1893 1552 καθε-

214 1590 329 1644 λεῖν
360 1590 776 1654 σπουδάζοντες,
801 1589 871 1642 τά
896 1590 1161 1660 πρόσωπα
1188 1588 1368 1643 αὐτῶν
1382 1589 1605 1659 ἀτιμίας
1626 1585 1895 1658 πληροῦσι

218 1680 312 1733 καὶ
342 1679 618 1743 κολάσεως
646 1680 750 1749 τὴν
784 1678 983 1750 ψυχήν.
1014 1678 1149 1731 Τίνα
1168 1673 1260 1730 οὖν
1295 1680 1442 1730 ἐστιν
1473 1677 1509 1729 ἆ
1532 1693 1715 1743 φασιν,
1738 1675 1895 1745 ήμῶν

212 1768 387 1820 ταῦτα
413 1768 707 1835 λεγόντων,
738 1769 974 1831 ἐκεῖνοι;
1012 1768 1133 1819 ’Ότι
1174 1766 1374 1829 :6,’Er
1409 1763 1567 1833 ἀρχῇ
1600 1761 1680 1833 ἦν
1718 1767 1750 1817 ὁ
1781 1763 1894 1818 Λό-

214 1874 338 1924 γος.
370 1856 433 1908 06
482 1856 545 1909 :6
578 1856 746 1908 ἀΐδιον
776 1855 1045 1908 δείκνυσιν
1076 1854 1262 1918 ἁπλῶς
1284 1871 1297 1884 ·
1351 1855 1444 1907 καὶ⁵
1494 1854 1602 1923 γὰρ
1636 1852 1727 1906 7.011
1768 1851 1896 1922 1:391

211 1942 448 2013 οὐρανοῦ
474 1942 631 1996 τοῦτο
656 1943 751 1996 καὶ
781 1944 909 2013 1:391
938 1943 1039 2013 γῆς
1073 1943 1364 2013 ἐλέχθη.Ὣ
1390 1943 1487 2012 τῆς
1509 1940 1894 2011 ἀναισχυντίας

212 2032 309 2083 καὶ
343 2032 442 2101 τῆς
472 2032 831 2093 ἀνευλαϐείας
856 2031 958 2101 τῆς
999 2031 1221 2101 πολλῆς.
1259 2030 1394 2101 Περὶ
1432 2028 1567 2082 Θεοῦ
1604 2046 1684 2081 σοι
1719 2028 1895 2081 διαλέ-

210 2135 407 2186 γομαι.
442 2120 538 2172 καὶ
572 2118 635 2171 σύ
682 2135 773 2188 μοι
814 2119 913 2191 τὴν
958 2120 1063 2189 γῆν
1107 2120 1294 2189 φέρεις
1327 2119 1405 2181 εἰς
1436 2118 1618 2188 μέσον,
1647 2116 1740 2169 καὶ
1771 2116 1896 2178 τοὺς

210 2206 324 2259 ἀπὸ
368 2206 471 2277 τῆς
514 2207 618 2276 γῆς
666 2206 1020 2276 ἀνθρώπους;
1066 2207 1275 2261 Οὐκοῦν
1313 2206 1502 2276 ἐπειδὴ
1547 2205 1673 2268 Υἱὸς
1707 2204 1841 2257 Θεοῦ
1868 2206 1897 2257 6

211 2290 453 2359 Χριστὸς
518 2290 733 2358 λέγεται
796 2291 891 2344 καὶ
946 2290 1077 2354 Θεὸς
1113 2330 1126 2354 ,
1189 2292 1282 2344 καὶ
1350 2290 1379 2342 6
1434 2290 1717 2360 ἄνθρωπος
1781 2288 1895 2351 υἱὸς

211 2377 350 2430 Θεοῦ
394 2377 614 2446 λέγεται
662 2380 757 2431 καὶ
806 2378 928 2443 θεός
970 2380 1150 2451 (Ἐγὼ
1185 2381 1293 2451 γὰρ
1340 2375 1499 2441 εἶπα,
1552 2378 1685 2431 Θεοί
1732 2377 1894 2439 ἐστε,

214 2466 369 2533 φησὶ,
401 2468 499 2519 καί
528 2466 953 2534 υἱοὶὙψίστου
984 2467 1251 2535 πάντες),
1276 2467 1667 2537 φιλονεικήσεις
1692 2464 1769 2535 τῷ
1785 2467 1896 2518 Μο-

212 2556 426 2619 νογενεῖ
454 2552 556 2622 τῆς
592 2554 857 2624 υἱότητος,
885 2556 978 2607 καὶ
1000 2554 1150 2608 οὐδὲν
1178 2560 1368 2626 φήσεις
1398 2555 1557 2607 αὐτὸν
1586 2553 1726 2624 ἔχειν
1756 2552 1896 2605 κατὰ

211 2639 371 2693 τοῦτό
402 2657 497 2692 σου
530 2640 721 2705 πλέον;
751 2641 1035 2712 Οὐδαμῶς,
1069 2641 1222 2713 φησί.
1251 2643 1359 2695 K011
1393 2642 1499 2712 μὴν
1523 2639 1679 2692 τοῦτο
1700 2642 1894 2702 ποιεῖς,

214 2728 320 2781 κᾶν
350 2728 427 2798 μὴ
458 2728 540 2798 τῷ
571 2728 712 2798 λόγῳ
751 2729 935 2803 λέγῃς.
972 2729 1125 2793 Πῶς;
1155 2730 1277 2783 Ὅτι
1310 2729 1448 2783 11011b
1481 2730 1545 2782 σὺ
1574 2727 1756 2798 χάριτι
1790 2727 1896 2798 φῂς

212 2816 313 2884 τῆς
340 2815 618 2879 υἱοθεσίας
647 2817 1029 2886 μετειληφέναι
1065 2818 1160 2870 καὶ
1193 2817 1353 2871 αὐτὸν
1378 2817 1519 2870 οὕτω
1542 2835 1555 2847 ·
1586 2817 1663 2887 τῷ
1686 2816 1793 2887 γὰρ
1821 2816 1895 2885 μὴ

216 2903 377 2970 φύσει
410 2904 592 2972 λέγειν
619 2906 781 2957 αὐτὸν
803 2906 916 2958 υἱὸν
937 2906 1089 2958 οὐδὲν
1111 2906 1296 2977 ἕτερον
1316 2907 1347 2977 ἢ
1367 2907 1550 2982 χάριτι
1579 2900 1717 2959 εἶναι
1739 2904 1897 2959 τοῦτο

213 2992 668 3056 κατασκευάζεις.
707 2992 853 3063 Πλὴν
888 2991 1003 3046 ἀλλ’
1032 2993 1228 3063 ἴδωμεν
1274 2994 1370 3046 καὶ
1422 2994 1517 3056 τὰς
1569 2992 1894 3064 μαρτυρίας,

215 3076 281 3137 ἃς
308 3080 654 3149 παράγουσιν
680 3082 834 3151 ἡμῖν.
854 3082 957 3134 Ἐν
980 3080 1159 3150 ἀρχῇ,
1183 3082 1366 3151 φησὶν,
1388 3082 1675 3148 ἐποίησεν
1698 3085 1731 3136 ὁ
1754 3082 1897 3147 Θεὸς

217 3167 325 3218 τὸν
356 3167 622 3234 οὐρανόν
652 3169 751 3222 καὶ
790 3168 905 3236 τὴν
935 3169 1072 3239 γῆν.
1091 3170 1151 3223 Ἠ
1186 3169 1254 3223 δὲ
1290 3169 1367 3240 γῆ
1412 3167 1491 3240 ἦν
1524 3170 1775 3238 ἀόρατος
1798 3169 1897 3223 καὶ

216 3256 771 3323 ἀκιιτασκεύαστος.
822 3255 1077 3325 Κα“ι,Ἷιν
1120 3258 1429 3327 ἄνθρωπος
1470 3258 1540 3322 ἐξ
1578 3257 1899 3327 Ἀρμαθαὶμ

217 3342 389 3412 Σιφᾶ.
421 3344 610 3398 Ταῦτά
639 3348 787 3398 ἐστιν
817 3346 853 3400 ἃ
877 3347 1187 3417 νομίζουσιν
1216 3342 1354 3400 εἶναι
1382 3348 1595 3417 ἰσχυρά.
1621 3347 1730 3399 K011
1752 3346 1900 3400 ἔστιν

219 3431 448 3502 ἰσχυρά·
484 3432 599 3484 ἀλλ’
625 3434 704 3496 είς
736 3433 797 3486 :6
821 3433 989 3498 δεῖξαι
1011 3435 1112 3506 τὴν
1140 3435 1268 3504 παρ’
1303 3435 1462 3505 ἡμῶν
1490 3434 1788 3505 λεγομένην
1810 3434 1900 3503 ὀρ-

218 3518 421 3591 θότητα
452 3521 563 3573 τῶν
593 3521 880 3592 δογμάτων
899 3538 914 3552 ·
950 3522 1087 3593 πρὸς
1110 3523 1167 3575 δὲ
1194 3523 1256 3575 τὸ
1285 3523 1480 3592 στῆσαι
1522 3524 1620 3592 τὴν
1654 3523 1899 3593 βλασφη-

220 3608 351 3677 μίαν
401 3608 581 3661 αὐτῶν
630 3608 999 3679 ἁσθενέστερά
1048 3626 1165 3672 πως
1216 3609 1491 3663 ἁπάντων.
1522 3611 1587 3663 Τί
1614 3609 1745 3681 γὰρ,
1777 3610 1900 3663 εἰπέ

220 3713 331 3765 μοι,
359 3697 545 3750 κοινὸν
565 3697 677 3767 ἔχει
711 3697 849 3767 πρὸς
873 3698 953 3761 :6,
972 3697 1269 3764 Ἐποίησε,
1296 3694 1501 3763 τὸ,⁷Ην
1521 3714 1539 3762 ;
1573 3698 1699 3751 τίδὲ
1720 3700 1748 3751 6
1768 3697 1901 3762 Θεὸς

217 3784 357 3854 πρὸς
390 3785 484 3837 τὸν
516 3784 836 3856 ᾶνθρωπονς
872 3784 937 3838 Τί
977 3786 1045 3838 τὰ
1086 3785 1293 3856 ἄμικτα
1342 3786 1607 3857 μιγνύεις,
1644 3786 1738 3840 καὶ
1772 3803 1902 3854 συγ-

217 3874 334 3941 χεῖς
360 3873 432 3925 τὰ
460 3872 839 3943 διαιρούμενα,
870 3874 964 3926 καὶ
987 3874 1057 3927 τὰ
1080 3874 1193 3927 ἄνω
1220 3873 1290 3927 τὰ
1330 3875 1479 3928 κάτω
1524 3877 1726 3940 ποιείς;
1785 3876 1902 3927 Ἐν-

217 3957 397 4013 ταῦθα
420 3960 533 4028 γὰρ
559 3955 773 4023 τὸ,⁷Ην,
801 3961 863 4013 οὐ
890 3961 1131 4014 δείκνυσι
1154 3961 1215 4014 :6
1238 3962 1404 4015 ἀΐδιον
1438 3962 1617 4032 μόνον,
1646 3962 1782 4015 ἀλλὰ
1806 3964 1901 4016 καὶ

216 4046 424 4111 τὸ,Ἐν
467 4046 625 4117 ἀρχῇ
670 4044 771 4117 ἦν,
806 4048 902 4102 καὶ
929 4049 1088 4113 :6,'0
1119 4051 1311 4118 Λόγος
1350 4046 1667 4119 ἦν.”Ωσπερ
1696 4045 1787 4102 οῦν
1819 4049 1899 4114 τὸ,

220 4134 319 4197 ὣν,
344 4136 476 4188 ὅταν
505 4136 603 4205 μὲν
632 4137 762 4207 1:391
788 4136 1076 4205 ἀνθρώπου
1099 4136 1345 4205 λέγηται,
1369 4137 1459 4190 τὸν
1483 4136 1755 4191 ἐνεστῶτα
1780 4137 1903 4208 χρό-

219 4241 311 4276 νον
337 4224 493 4294 δηλοῖ
517 4224 677 4294 μόνον
696 4243 709 4256 ·
740 4226 866 4278 ὅταν
889 4226 945 4279 δὲ
976 4226 1107 4296 1:391-
1133 4224 1289 4290 Θεοῦ,
1318 4224 1380 4278 τὸ
1405 4224 1571 4278 ἀΐδιον
1600 4225 1897 4279 δείκνυσιν·

225 4311 337 4385 [19]
364 4312 511 4366 οὕτω
529 4325 551 4353 ο
576 4316 669 4368 καὶ
693 4310 913 4380 τὸ,Ἦν,
947 4317 1076 4385 περὶ
1118 4315 1215 4385 μὲν
1242 4316 1343 4385 τῆς
1374 4316 1653 4387 ἡμετέρας
1675 4316 1904 4385 λεγόμε-

221 4419 312 4454 νον
343 4402 586 4469 φύσεως,
616 4402 708 4455 τὸν
736 4401 1080 4473 παρελθόντα
1115 4404 1375 4473 σημαίνει
1404 4404 1595 4474 χρόνον
1626 4405 1780 4475 ἡμῖν,
1809 4404 1901 4457 καὶ

224 4490 386 4542 αὐτὸν
423 4489 614 4545 τοῦτον
651 4492 1139 4562 πεπερατωμένον·
1182 4492 1312 4545 ὅταν
1363 4492 1421 4545 δὲ
1468 4493 1596 4564 1:391
1640 4492 1797 4557 Θεοῦ,
1842 4493 1903 4545 :6

223 4577 435 4630 ἀϊδιονά
482 4577 753 4648 ἐμφαίνει.
776 4578 976 4649 Ἤρκει
1022 4578 1120 4649 μὲν
1164 4573 1256 4633 οὖν
1303 4578 1612 4633 ἀκούσαντα
1636 4579 1761 4649 γῆν,
1808 4580 1903 4634 καὶ

225 4664 537 4719 ἀκούσαντα
570 4666 878 4737 ἄνθρωπον,
909 4666 1078 4737 μηδὲν
1110 4666 1270 4720 πλέον
1296 4666 1633 4720 ὑποπτεῦσαι
1658 4668 1787 4736 περὶ
1806 4667 1903 4720 αὐ-

222 4752 356 4815 τῶν,
386 4746 464 4807 ὧν
506 4744 575 4824 τῇ
619 4753 778 4821 φύσει
822 4756 890 4825 τῇ
930 4757 1161 4825 γεννητῇ
1192 4755 1435 4826 προσῆκε
1460 4758 1598 4808 νοεῖν
1615 4765 1661 4807 θ.
1693 4754 1768 4808 Τὸ
1794 4754 1904 4826 γὰρ

226 4840 537 4911 γενόμενον,
568 4841 651 4894 ὅτι
682 4841 749 4894 ἂν
779 4836 835 4914 ᾖ,
862 4841 1039 4913 χρόνῳ
1071 4842 1104 4913 ἢ
1135 4842 1291 4896 αἰῶνι
1321 4843 1575 4913 γέγονεν·
1600 4845 1629 4897 6
1679 4844 1737 4897 δὲ
1775 4842 1904 4907 Υἱὸς

225 4928 320 4981 τοῦ
370 4928 507 4982 Θεοῦ
554 4930 616 4982 οὐ
660 4929 866 4999 χρόνων
900 4930 1079 5001 μόνον,
1107 4930 1243 4984 ἀλλά
1290 4932 1387 4985 καὶ
1432 4930 1643 4985 αἰώνων
1683 4932 1905 4985 πάντων

229 5015 523 5086 ἀνώτερος.
552 5016 891 5087 Δημιουργὸς
925 5018 1034 5089 γὰρ
1052 5016 1233 5071 αὐτῶν
1262 5019 1377 5071 ἐστι
1407 5020 1502 5072 καὶ
1533 5021 1793 5091 ποιητής·
1819 5020 1901 5073 Δι’

229 5099 299 5159 οὗ
326 5103 456 5175 γὰρ,
482 5105 637 5174 φησὶ,
664 5104 760 5158 καί
782 5104 924 5171 τοὺς
948 5105 1168 5173 αίῶνας
1187 5106 1495 5173 ἐποίησεν.
1513 5106 1575 5161 Ὀ
1594 5107 1650 5160 δὲ
1672 5108 1903 5179 ποιητὴς

229 5189 337 5261 1:96
378 5192 487 5245 τῶν
541 5192 859 5262 ποιημάτων
904 5192 1120 5257 πάντως
1167 5194 1333 5247 ἐστίν.
1360 5195 1575 5265 Ἐπειδὴ
1627 5196 1684 5250 δὲ
1731 5195 1905 5259 οὕτως

230 5278 548 5347 ἀναίσθητοί
591 5280 736 5344 τινές
786 5282 944 5345 εἰσιν,
968 5280 1045 5345 ὡς
1096 5282 1190 5335 καὶ
1236 5282 1375 5353 μετά
1421 5283 1591 5337 ταῦτα
1639 5283 1824 5355 μεῖζόν
1853 5302 1906 5338 τι

231 5370 358 5439 περὶ
385 5367 571 5422 αὐτῶν
588 5367 608 5407 τ
632 5368 733 5438 τῆς
759 5367 913 5433 ἀξίας
939 5369 1206 5433 ὑπονοεῖν,
1236 5369 1333 5440 τῷ,
1350 5371 1645 5439 Ἐποίησε,
1679 5373 1904 5442 ῥήματι,

232 5457 325 5509 καὶ
352 5456 795 5526 τῷ,Ἀνθρωπος
837 5452 937 5527 ἦν,
964 5456 1484 5528 προκαταλαμϐάνει
1531 5459 1629 5529 τὴν
1668 5460 1907 5513 διάνοιαν

230 5543 324 5596 τοῦ
361 5543 658 5615 ἀκροατοῦ,
686 5545 779 5596 καὶ
824 5545 1004 5597 πᾶσαν
1049 5545 1433 5615 ἀναισχυντίαν
1480 5546 1756 5601 ἐκκόπτει.
1794 5549 1907 5603 Πᾶν

294 5632 322 5712 ξ
348 5632 458 5712 ξεί.
489 5631 688 5707 cgnjigil
714 5632 842 5705 ὑμῖν,
862 5632 951 5710 seq
971 5631 1131 5712 omnia
1156 5634 1458 5712 εξεῐῃριξι-ὶε
1478 5634 1590 5712 ἡμῖν
1613 5634 1813 5712 ὴιξὺεηι.

291 5691 322 5731 1³
358 5694 453 5757 Alii
462 5691 599 5757 3:61;;
626 5691 851 5757 ὅτανγὰρ
871 5695 968 5743 καί.
998 5695 1104 5744 Mox
1127 5695 1213 5757 alii;
1234 5691 1459 5757 μὴ’φύσει
1483 5691 1600 5757 εἶναι
1622 5698 1779 5747 αὐτόν.

240 5816 262 5829 .
297 5757 319 5784 °
350 5755 582 5831 εἰσείιῆ
590 5760 646 5805 e1.
662 5755 838 5804 omnes
859 5768 991 5819 pene
1026 5770 1142 5806 mss.
1172 5755 1293 5806 M01.
1317 5755 1424 5820 περὶ
1444 5756 1589 5817 Θεοῦ,
1611 5760 1691 5807 τὸν
1730 5760 1803 5808 ἀεὶ
1826 5763 1905 5810 καὶ

239 5830 500 5874 ιιαπαντος·

298 5877 325 5916 d
352 5878 637 5947 gl_or:_addi_1
658 5879 853 5947 ὁμοίως,
886 5880 980 5947 sed_
1006 5881 1157 5947 deos:
1174 5882 1221 5930 in
1245 5882 1356 5931 Sav.
1381 5887 1434 5947 ει
1461 5895 1572 5931 mss.
1598 5883 1841 5944 plurimis.

303 5951 325 6006 τ
351 5940 430 6006 Sic
454 5940 710 6006 .\_lo_r._Sav.
730 5944 825 5988 τῶν
844 5948 901 6003 τῇ
926 5943 1061 6003 φύσει
1085 5944 1181 5997 τοῖς
1203 5945 1434 6003 γεννητοῖς
1458 5940 1810 6006 προσηκόντων.

306 6001 322 6039 ί
353 6002 560 6064 Conjicil
578 6001 907 6066 51111111151139
937 6001 1134 6054 ἑαυτῶν.

1998 521 2092 574 καὶ
2139 522 2313 592 ἀρχὴν
2359 520 2470 590 ἔχει
2522 516 2801 588 χρονικὴν,
2834 513 2928 566 καὶ
2971 511 3206 582 ἄναρχον
3261 504 3670 591 τούτων-οὐδὲν,

2002 608 2189 679 ἐπειδὴ
2235 604 2644 676 γέγονεν.Ὢστε
2695 603 2821 655 ὅταν
2862 599 3121 672 ἀκούσῃς,
3157 599 3239 651 ὃτι
3277 595 3529 665 Ἐποίησε
3576 592 3673 662 τὴν

2001 696 2128 766 γῆν,
2154 696 2247 748 καὶ
2277 696 2359 748 ὅτι
2393 693 2709 763 Ἀνθρωπος
2760 686 2849 760 ῆν,
2880 686 3108 758 περιττὰ
3152 684 3339 738 λοιπὸν
3396 681 3676 750 φλυαρεῖς,

2002 783 2259 854 ἀνόνητόν
2302 800 2423 835 τινα
2467 781 2690 835 ἑλίττων
2740 778 2903 848 λῆρον
2926 779 2969 828 Β.
2990 773 3131 842 Ἐγὼ
3179 774 3288 845 γὰρ
3337 772 3431 825 καὶ
3481 769 3675 839 ἑτέραν

2004 872 2310 943 ὑπερϐολὴν
2358 871 2568 939 εἴποιμι
2622 869 2705 923 ἄν.
2739 866 2905 919 Ποίαν
2945 863 3009 934 δὴ
3054 862 3286 930 ταύτην;
3318 860 3440 911 Ὀτι
3486 858 3534 909 εί
3582 856 3677 943 καί

2003 942 2132 1029 1:391
2152 963 2253 1030 τῆς
2282 960 2387 1028 γῆς
2417 958 2601 1029 εἴρητο
2625 955 2707 1015 :6,
2726 956 2811 1008 Ἐν
2845 956 2987 1024 ἀρχῇ
3016 948 3083 1023 ῆν
3113 952 3146 1022 ή
3178 950 3271 1018 γῆ,
3304 947 3397 1001 καὶ
3425 946 3551 1015 1:391
3581 942 3674 997 :06

2003 1046 2312 1118 ἀνθρώπου.
2350 1046 2431 1099 6:1
2479 1046 2567 1097 Ἑν
2616 1045 2756 1114 ἀρχῇ
2802 1038 2869 1113 ῆν
2912 1044 2939 1094 6
2988 1039 3292 1110 ἄνθρωπος,
3334 1035 3453 1088 οὐδέ
3504 1032 3677 1095 οὕτως

2003 1134 2338 1188 ὑποπτεῦσαί
2360 1152 2412 1187 τι
2442 1135 2622 1204 μεῖζον
2653 1132 2780 1201 1:391
2806 1128 2984 1183 αὐτῶν
3014 1127 3122 1180 τῶν
3148 1124 3243 1179 νῦν
3272 1120 3629 1192 ἐγνωσμένων
3647 1120 3677 1159 h

2004 1224 2172 1295 ἐχρῆν
2203 1223 2435 1293 ήμῖν.Ἥ
2462 1222 2569 1292 γάρ
2598 1224 2696 1291 τῆς
2730 1218 2831 1287 γῆς
2855 1217 2947 1270 καὶ
2970 1215 3060 1269 τοῦ
3092 1211 3376 1284 ἀνθρώπου
3402 1224 3677 1279 προσηγο-

2008 1312 2098 1382 ρία
2120 1309 2485 1381 προλαϐοῦσα,
2507 1311 2606 1362 ὃσα
2635 1308 2700 1361 ἂν
2731 1306 2859 1376 1:391
2889 1306 3069 1358 αὐτῶν
3098 1302 3344 1372 λέγηται,
3363 1299 3463 1352 οὐκ
3484 1297 3676 1367 ἀφίησι

2002 1404 2101 1473 τὴν
2129 1403 2366 1456 διάνοιαν
2395 1399 2577 1472 μεῖζόν
2603 1418 2653 1452 τι
2685 1398 3055 1469 φαντασθῆναι
3093 1397 3220 1467 1:391
3249 1394 3450 1459 αὐτῶν,
3481 1388 3557 1449 ὧν
3584 1390 3681 1444 νῦν

2006 1492 2195 1560 ἴσμεν·
2226 1490 2414 1561 ὥσπερ
2446 1488 2609 1542 οὐδὲὶ
2646 1490 2675 1541 6
2708 1486 2897 1555 Λόγος,
2924 1486 3027 1539 κᾶν
3061 1484 3254 1556 μικρόν
3278 1501 3331 1537 τι
3357 1481 3486 1552 1:391
3511 1478 3677 1534 αὐτοῦ

2003 1579 2187 1651 λεχθῇ,
2231 1580 2332 1632 οὐκ
2370 1579 2560 1649 ἀφίησι
2607 1576 2862 1629 ταπεινὸν
2910 1572 3158 1644 ἐννοῆσαί
3202 1590 3257 1625 τι
3306 1572 3399 1625 καὶ
3441 1568 3678 1632 εὐτελές·

2004 1670 2126 1723 ἐπεὶ
2170 1668 2263 1720 καὶ
2316 1665 2520 1736 προῖὼν
2568 1682 2709 1741 φησι.
2750 1664 2879 1734 περὶ
2923 1663 3024 1732 τῆς
3062 1662 3191 1731 γῆς·
3241 1660 3303 1714 Ἠ
3354 1658 3423 1712 δὲ
3475 1656 3551 1727 τῆ
3600 1652 3681 1727 ἦν

2004 1757 2256 1824 ἀόρατος
2290 1755 2387 1807 καὶ
2421 1753 2974 1815 ἀκατασκεύαστος.
3021 1747 3204 1801 Εἰπὼν
3233 1746 3362 1816 γὰρ,
3390 1747 3471 1799 6:1.
3495 1744 3682 1817 ἐποίη-

2006 1862 2096 1897 σεν
2126 1844 2313 1915 αὐτὴν,
2340 1844 2434 1896 καὶ
2466 1844 2578 1906 θεὶς
2612 1842 2748 1911 αὐτῇ
2781 1841 2872 1892 τὸν
2903 1840 3102 1892 οἰκεῖον
3130 1837 3275 1909 690v,
3302 1836 3472 1899 ἀδεῶς
3496 1836 3681 1889 λοιπὸν

2002 1932 2073 1984 τὰ
2100 1932 2227 2002 ἑξῆς
2249 1931 2562 1999 φθέγγεται,
2583 1928 2736 1991 εἰδὼς
2758 1929 2840 1981 6:1.
2865 1925 3041 1989 οὐδεὶς
3066 1924 3240 1988 οὕτως
3265 1924 3490 1994 ἀνόητός
3512 1926 3680 1986 ἐστιν,

2004 2021 2079 2083 ὡς
2110 2020 2341 2091 ἄναρχον
2370 2020 2538 2090 αὐτὴν
2572 2020 2664 2071 καὶ
2692 2017 2952 2087 ἀγένητον
2983 2012 3340 2068 ὑποπτεῦσαι.
3362 2013 3435 2065 Τὸ
3456 2012 3564 2082 γὰρ
3582 2012 3683 2082 τῆς

2004 2109 2110 2177 γῆς
2151 2109 2320 2180 ὄνομα
2369 2110 2465 2161 καὶ
2512 2106 2594 2170 :6,
2613 2105 2954 2169 Ἐποίησεν,
2985 2100 3146 2154 ἱκανὰ
3195 2102 3290 2154 καὶ
3337 2100 3427 2153 τὸν
3480 2098 3684 2171 σφόδρα

2003 2197 2208 2265 ἠλίθιον
2236 2200 2440 2257 πεῖσαι,
2473 2197 2555 2249 6:1.
2596 2195 2697 2247 οὐκ
2740 2193 2911 2255 ἀΐδιος
2942 2189 3063 2243 οὐδὲ
3090 2189 3374 2262 ἀγένητος,
3409 2190 3546 2245 ἀλλά
3573 2190 3683 2243 τῶν

2006 2286 2063 2337 ἐν
2085 2284 2262 2356 χρόνῳ
2291 2286 2596 2354 γενομένων
2625 2283 2763 2337 ἐστί.

2076 2380 2144 2441 γ’.
2186 2373 2370 2443 X1091;
2400 2372 2457 2425 δὲ
2485 2372 2689 2425 τούτων
2716 2368 2941 2436 τὸ,ἿΙν,
2976 2374 3068 2427 ἐπὶ
3094 2374 3195 2444 μὲν
3220 2372 3319 2443 τῆς
3343 2370 3445 2441 γῆς
3472 2368 3564 2423 7.011
3588 2367 3684 2421 :06

2006 2459 2295 2532 ἀνθρώπου
2319 2463 2365 2521 ί,
2391 2462 2451 2514 οὐ
2481 2462 2577 2514 τοῦ
2605 2457 2743 2514 εἶναι
2791 2462 2977 2526 ἁπλῶς
3022 2464 3141 2516 ἐστι
3170 2460 3503 2532 σημαντικόν
3521 2476 3534 2492 ·
3567 2457 3684 2511 ἀλλ’

2006 2549 2097 2602 ἐπὶ
2125 2549 2224 2619 μὲν
2253 2549 2347 2603 τοῦ
2374 2548 2680 2621 ἀνθρώπου,
2712 2549 2806 2603 τοῦ
2832 2550 2940 2604 ἀπὸ
2971 2550 3125 2603 τοῦδε
3151 2548 3242 2603 τοῦ
3274 2548 3476 2618 χωρίου
3504 2541 3643 2599 εἶναι
3665 2562 3681 2576 ·

2005 2637 2099 2689 ἐπὶ
2123 2637 2179 2689 δὲ
2211 2637 2310 2707 τῆς
2340 2637 2462 2708 γῆς,
2488 2636 2579 2691 τοῦ
2614 2638 2733 2701 πῶς
2756 2634 2916 2691 εἶναι.
2943 2638 3075 2691 Οὐδὲ
3108 2638 3217 2708 7619
3245 2631 3416 2697 εἶπεν,
3435 2636 3498 2687 Ἡ
3526 2634 3581 2687 δὲ
3611 2636 3683 2704 γῆ

2002 2721 2095 2796 ῆν,
2144 2725 2351 2789 ἁπλῶς,
2386 2727 2481 2780 καί⁸
2532 2726 2823 2794 ἐσίγησεν·
2867 2724 3003 2779 ἀλλὰ
3036 2725 3154 2789 πῶς
3203 2720 3270 2794 ῆν
3318 2724 3413 2776 καὶ
3458 2721 3596 2792 μετὰ
3625 2720 3688 2774 :6

2005 2818 2259 2887 γενέσθαι
2283 2818 2539 2883 ἐδίδαξεν,
2564 2813 2695 2879 οἷον,
2720 2819 2801 2871 ὃτι
2843 2818 3110 2885 Ἀόρατος
3139 2815 3238 2869 καὶ
3275 2813 3686 2868 61111111013360.-

2006 2923 2174 2970 στος,
2204 2905 2284 2959 ἔτι
2314 2909 2423 2967 τοῖς
2455 2905 2607 2959 ὕδασι
2638 2905 2989 2976 κρυπτομένη
3019 2904 3113 2957 11.111
3133 2902 3432 2974 φυρομένη.
3458 2901 3566 2955 Καὶ
3591 2900 3686 2953 ἐπὶ

2005 2994 2100 3047 τοῦ
2143 2995 2372 3047 Ἐλκανᾶ
2401 2994 2499 3047 οὐκ
2528 2990 2702 3054 εἶπεν,
2742 2995 2824 3047 ὅτι
2856 2990 2965 3047 Ἦν
2997 2993 3300 3064 ἄνθρωπος,
3336 2991 3515 3060 μόνον,
3551 2988 3687 3043 ἀλλά

2008 3083 2315 3154 προσέθηκε
2353 3085 2446 3136 καὶ
2475 3082 2638 3137 πόθεν
2669 3079 2738 3153 ῆν
2782 3083 2977 3154 δηλῶν,
3018 3083 3077 3135 τὸ
3121 3082 3190 3145 ἐξ
3239 3080 3549 3150 Ἄρμαθαὶμ
3587 3082 3685 3132 Σι-

2007 3170 2091 3241 φᾶ
2112 3169 2157 3225 li.
2178 3172 2300 3224 Ἐπὶ
2338 3171 2396 3223 δὲ
2424 3170 2517 3223 τοῦ
2548 3171 2719 3239 Λόγου
2753 3172 2851 3241 οὐχ
2884 3171 3043 3225 οὕτω.
3076 3169 3189 3241 [ΞΟ]
3217 3169 3326 3223 K011
3358 3166 3685 3238 αἰσχύνομαι

2011 3260 2109 3331 μὲν
2139 3262 2313 3313 ταῦτα
2340 3259 2551 3323 τούτοις
2580 3260 2969 3326 ἀντεξετάζων.
3002 3261 3063 3312 EE
3090 3260 3198 3329 γὰρ
3227 3261 3339 3320 τοῖς
3367 3258 3453 3310 ἐπ’
3474 3256 3686 3329 ἀνθρώ-

2008 3366 2125 3401 πων
2154 3348 2285 3401 αὐτὸ
2317 3348 2562 3401 ποιοῦσιν
2594 3348 2958 3419 ἐπιτιμῶμεν,
2990 3349 3117 3401 ὅταν
3143 3347 3275 3400 πολὺ
3311 3346 3369 3399 :6
3403 3345 3564 3416 μέσον
3585 3344 3685 3414 τῆς

2008 3436 2208 3506 ἀρετῆς
2234 3435 2341 3490 τῶν
2368 3436 2768 3507 ἐξεταζομένων
2808 3433 2864 3509 ᾗ,
2893 3436 3071 3490 καίτοι
3106 3452 3170 3504 γε
3196 3436 3295 3504 τῆς
3320 3434 3509 3496 οὐσίας
3555 3434 3686 3502 μιᾶς
3788 3450 3797 3457 ·

2008 3524 2204 3595 οὔσης·
2238 3526 2368 3578 ὅταν
2411 3525 2505 3577 7.011
2548 3524 2647 3596 τῆς
2690 3525 2904 3593 φύσεως
2934 3525 3027 3577 7.011
3073 3523 3179 3577 τῶν
3220 3523 3394 3576 ἄλλων
3428 3521 3685 3574 ἀπάντων

2009 3612 2180 3676 οὕτως
2207 3612 2430 3683 ἄπειρον
2461 3608 2494 3687 ᾖ
2525 3612 2586 3665 :6
2618 3612 2800 3682 μέσον,
2832 3610 2949 3675 πῶς
2992 3612 3090 3665 οὐκ
3119 3610 3351 3681 ἐσχάτης
3401 3608 3595 3679 μανίας
3623 3608 3688 3661 :6

2009 3702 2075 3754 τά
2098 3699 2320 3754 τοιαῦτα
2354 3703 2559 3765 κινεῖν;
2594 3699 2732 3752 ’Λλλ’
2757 3699 2913 3763 ἵλεως
2942 3699 3071 3769 ἡμῖν
3092 3697 3252 3761 αὐτὸς
3280 3699 3307 3749 6
3336 3694 3687 3766 βλασφημού-

2013 3806 2173 3858 μενος
2219 3790 2348 3858 παρ’
2376 3788 2598 3842 ἐκείνων
2647 3787 2753 3860 εἴη.
2793 3788 2903 3858 Τὴν
2932 3786 3041 3857 γὰρ
3085 3785 3195 3838 τῶν
3227 3784 3483 3838 τοιούτων
3510 3776 3686 3852 λόγων

2008 3877 2253 3946 ἀνάγκην
2280 3876 2377 3947 οὐχ
2399 3878 2559 3947 ἡμεῖς
2588 3876 2992 3945 ἐφευρήκαμεν,
3024 3874 3140 3928 ἀλλ’
3169 3873 3218 3927 οἱ
3248 3874 3316 3943 τῇ
3344 3870 3549 3925 ἑαυτῶν
3582 3887 3681 3923 πο-

2010 3965 2304 4035 λεμοῦντες
2340 3964 2585 4036 σωτηρίᾳ
2624 3965 2755 4033 ἡμῖν
2783 3964 3081 4034 παρέσχον.

2082 4055 2147 4109 Τί
2182 4050 2276 4107 οῦν
2305 4071 2445 4124 φημι
2473 4072 2487 4116 ς
2520 4054 2641 4107 ’Ότι
2664 4052 2821 4106 τοῦτο
2845 4052 2924 4114 τὸ,
2956 4048 3095 4117 Ἶιν,
3129 4052 3222 4105 ἐπὶ
3250 4050 3344 4104 τοῦ
3369 4049 3563 4118 Λόγου,
3589 4044 3689 4103 τοῦ

2011 4138 2148 4197 εἶναι
2178 4142 2363 4205 ἀϊδίως
2392 4142 2549 4213 μόνον
2588 4140 2704 4194 ἐστὶ
2736 4140 3061 4211 δηλωτικόν·
3129 4142 3225 4193 Ἐν
3255 4137 3411 4208 ἀρχῇ
3438 4138 3546 4209 γὰρ
3583 4132 3683 4208 ἦν,

2011 4233 2193 4303 φησὶν,
2227 4233 2259 4285 ὀ
2282 4230 2473 4296 Λόγος
2495 4247 2508 4261 ·
2543 4228 2604 4282 :6
2637 4227 2886 4299 δεύτερον
2905 4229 2961 4282 δέ
2984 4224 3072 4299 ἦν,
3098 4230 3191 4281 τοῦ
3222 4229 3357 4298 πρός
3384 4244 3503 4280 τινα
3526 4220 3684 4281 εἶναι.

2024 4317 2239 4389 Ἐπειδὴ
2284 4316 2393 4387 7619
2429 4318 2662 4387 μάλιστα
2713 4316 2805 4369 τοῦ
2858 4316 2993 4370 Θεοῦ
3034 4315 3193 4369 τοῦτό
3234 4317 3380 4368 ἐστιν
3416 4315 3563 4377 ἴδιον,
3622 4316 3690 4369 τὸ

2010 4403 2180 4456 ἀΐδιον
2228 4404 2320 4457 καὶ
2364 4404 2598 4473 ἄναρχον
2618 4444 2632 4467 ,
2665 4402 2821 4455 τοῦτο
2851 4403 3064 4473 πρῶτον
3119 4401 3379 4455 τέθεικεν.
3416 4397 3567 4463 Εἶτα,
3600 4401 3687 4455 ἵνα

2014 4491 2086 4562 μή
2122 4507 2204 4555 τις
2237 4490 2451 4545 ἀκούων
2486 4490 2546 4542 :6
2567 4529 2581 4553 ,
2614 4485 2727 4544 Ἦν
2747 4489 2818 4543 ἐν
2850 4487 3027 4558 ἀρχῇ,
3069 4488 3163 4542 καὶ
3202 4489 3495 4558 ἀγέννητον
3524 4488 3689 4541 αὐτὸν

2011 4577 2162 4647 εἴπῃ,
2196 4577 2399 4641 εὐθέως
2424 4578 2557 4630 αὐτὸ
2582 4576 3035 4647 παρεμυθήσατο,
3062 4576 3171 4647 πρὸ
3191 4574 3287 4629 τοῦ
3314 4578 3487 4629 εἰπεῖν
3516 4575 3566 4628 τί
3594 4570 3686 4646 ἦν,

2011 4665 2180 4719 εἰπὼν
2208 4666 2289 4719 6:1.
2325 4665 2479 4734 Πρὸς
2505 4665 2612 4719 τὸν
2644 4666 2795 4719 Θεὸν
2823 4660 2921 4733 ἦν.
2957 4664 3069 4717 Καὶ
3101 4665 3190 4717 ἵνα
3221 4663 3294 4733 μὴ
3326 4663 3497 4732 Λόγον
3527 4663 3690 4717 αὐτὸν

2012 4753 2196 4817 ἁπλῶς
2222 4754 2415 4823 νομίσῃ
2441 4769 2523 4815 τις
2553 4747 2691 4806 εἶναι
2722 4751 3054 4823 προφορικὸν
3087 4751 3119 4821 ἢ
3153 4750 3475 4813 ἐνδιάθετον,
3508 4754 3573 4821 τῇ
3593 4750 3688 4804 τοῦ

2011 4842 2212 4914 ἄρθρου
2245 4842 2530 4913 προσθήκῃ
2552 4882 2565 4900 ,
2598 4840 2848 4911 καθάπερ
2890 4840 3059 4911 ἔφθην
3094 4837 3298 4901 εἰπὼν,
3344 4840 3439 4892 καὶ
3476 4838 3563 4890 διὰ
3587 4837 3689 4908 τῆς

2010 4931 2267 5001 δευτέρας
2294 4930 2493 4999 ταύτης
2530 4928 2687 4982 τοῦτο
2738 4928 2915 4982 ἀνεῖλε
2958 4930 3189 5001 ρήσεως.
3232 4928 3306 4981 Οὐ
3358 4928 3468 4997 γὰρ
3500 4921 3686 4988 εἷπεν,

2025 5019 2113 5071 Ἐν
2149 5018 2269 5089 Θεῷ
2299 5013 2398 5088 ἦν,
2428 5017 2565 5069 ἀλλὰ
2585 5056 2600 5079 ,
2624 5016 2779 5085 Πρὸς
2804 5016 2911 5069 τὸν
2950 5017 3097 5070 Θεὸν
3125 5012 3205 5085 ἦν
3224 5058 3240 5083 ,
3272 5016 3371 5085 τὴν
3401 5013 3522 5068 καθ’
3554 5013 3689 5066 ὑπό-

2013 5123 2209 5161 στασιν
2231 5106 2396 5160 αὑτοῦ
2418 5105 2694 5176 ἀΰιότητα
2718 5105 2997 5175 ἐμφαίνων
3048 5108 3197 5175 ἡμῖν.
3239 5099 3370 5157 Εἶτα
3398 5104 3491 5157 καὶ¹
3520 5102 3688 5171 σαφέ-

2014 5213 2203 5267 στερον
2235 5194 2368 5249 αὐτὸ
2392 5192 2594 5266 προῖὼν
2619 5193 2985 5263 ἀπεκάλυψεν,
3006 5191 3321 5261 ἐπαγαγὼν,
3352 5192 3433 5245 ὅτι
3460 5192 3488 5243 6
3516 5189 3687 5257 Λόγος

2011 5278 2164 5347 06:0;
2210 5285 2304 5337 καὶ
2335 5283 2464 5345 Θεὸς
2490 5277 2579 5352 ἦν.
2635 5281 2794 5334 Ἀλλὰ
2836 5282 3240 5350 πεποιημένος.
3288 5276 3438 5349 φησί.
3480 5278 3546 5329 Τί
3591 5272 3686 5330 οὖν

2013 5370 2219 5425 ἐκώλυε
2262 5369 2419 5424 τοῦτο
2446 5370 2621 5422 εἰπεῖν
2641 5409 2656 5432 ,
2692 5369 2771 5422 ὅτι
2824 5370 2881 5421 ἐν
2929 5369 3069 5439 ἀρχῇ
3100 5367 3354 5437 ἐποίησεν
3384 5367 3412 5418 6
3440 5363 3573 5429 Θεὸς
3594 5364 3687 5419 τὸν

2012 5461 2215 5531 Λόγον;
2246 5460 2381 5533 H391
2407 5459 2537 5525 70611
2568 5459 2668 5530 τῆς
2701 5459 2802 5528 γῆς
2826 5457 3205 5527 διαλεγόμενος
3236 5457 3264 5509 6
3297 5455 3556 5527 Μωῡσῆς,
3587 5455 3690 5511 0'5-‘1

2078 5645 2103 5684 ε
2272 5643 2467 5708 περιττά
2489 5643 2552 5706 μή
2575 5644 2791 5707 φλυαρεῖς
2815 5643 2869 5705 (l.
2898 5642 3108 5705 φλυάρει)
3146 5641 3349 5700 ἀνόητόν
3374 5658 3478 5690 τινα
3505 5640 3656 5692 ἀνελίτ

2078 5723 2108 5751 Ν
2203 5722 2299 5754 θον.

2013 5722 2108 5753 των
2140 5712 2299 5763 λῆρον.

2078 5723 2108 5751 N
2141 5722 2166 5754 Λ
2230 5722 2299 5754 ον.

2078 5766 2104 5803 λι
2138 5722 2493 5828 ’ἒξνωσμένωη
2515 5766 2594 5817 alii
2620 5766 2918 5828 ἐγκειμένων.

2022 5890 2045 5898 ..
2086 5830 2099 5898 Ῠ
2128 5826 2349 5898 SEN”?
2372 5831 2464 5898 βδν
2513 5826 2675 5898 ὅξσπερ
2700 5828 2799 5876 013v-
2827 5827 2979 5877 Paulo
3004 5833 3115 5891 post
3139 5826 3250 5880 Sav.
3278 5836 3329 5880 e1
3352 5830 3543 5882 Boisius
3568 5841 3685 5881 con—

2012 5891 2189 5952 jiciunt
2214 5891 2281 5938 ἔτι
2307 5891 2387 5937 καὶ
2406 5893 2601 5952 προῖὼν.

2084 5953 2095 5999 1
2132 5952 2293 6015 Aliqui
2318 5953 2397 6015 καὶ
2419 5950 2502 6015 τοῦ
2527 5951 2743 6015 ούρανοῦ.

2085 6016 2107 6054 ι
2129 6014 2237 6063 Sa“.
2274 6014 2412 6063 πόθεν
2435 6013 2508 6076 ῆν,
2536 6013 2594 6069 ἐξ
2615 6014 2849 6078 ’Λρμαοὲμ
2875 6016 3011 6079 Στφιὶ.
