4074 6374
298 455 361 510 11
1408 450 1471 506 ΙΝ
1508 450 1820 507 JOANNEM
1861 454 1890 513 ll

1995 454 2087 509 ElL.
2133 455 2216 509 lll.
2259 456 2327 511 al.
2369 456 2434 513 ll.
3506 466 3577 520 4?.

300 582 459 622 esse:
490 581 612 619 nam
642 566 735 629 ait,
759 564 825 620 1η
858 563 1105 634 principio
1136 572 1241 617 erat
1276 562 1525 627 Verbum;
1552 580 1887 635 consequens

299 670 483 714 autem
511 670 627 713 erat
653 700 668 722 ,
701 669 758 713 ut
783 658 923 727 apud
950 657 1179 724 aliquem
1205 666 1367 710 esset.
1400 653 1529 709 Cum
1558 658 1699 711 enim
1728 660 1895 713 niaxi-

304 768 391 805 me
420 751 551 805 illud
581 751 671 804 Dei
696 752 761 803 sit
786 750 1080 819 proprium,
1104 756 1160 800 ut
1184 748 1251 801 sit
1272 758 1505 801 :eternus
1525 757 1575 801 et
1606 748 1720 802 sine
1744 749 1891 816 prin-

297 844 461 911 cipio,
489 843 588 895 hoc
608 843 775 911 primo
795 842 985 910 posuit.
1008 839 1229 904 Deinde,
1257 855 1325 894 ne
1352 840 1471 909 quis
1495 839 1716 893 audiens
1744 841 1888 904 illud,

301 935 372 987 In
420 935 672 1005 principio
703 945 847 997 erat,
894 933 1054 987 etiam
1102 932 1394 1000 ingenitum
1439 931 1682 996 diceret,
1714 932 1890 985 statim

299 1027 404 1092 ipsi
434 1026 673 1081 occurrit
698 1067 713 1090 ,
743 1034 1028 1093 antequam
1062 1022 1267 1075 diceret
1288 1021 1412 1090 quid
1440 1032 1553 1075 erat
1576 1063 1591 1086 ,
1622 1020 1850 1075 dicendo
1871 1062 1886 1085 ,

302 1119 436 1171 Erat
478 1118 619 1187 apud
654 1117 834 1169 Deum.
868 1115 933 1168 Et
964 1130 1029 1169 ne
1056 1114 1174 1183 quis
1206 1114 1377 1181 ipsum
1407 1112 1640 1166 Verbum
1672 1112 1889 1181 prolati-

299 1212 437 1263 tium
478 1220 567 1262 aut
608 1210 877 1261 internum
916 1220 1035 1259 esse
1074 1214 1283 1274 putaret
1326 1200 1456 1275 (α),
1490 1218 1585 1271 per
1609 1204 1889 1257 articulum

297 1300 637 1368 przetnissum
674 1300 739 1368 (b
758 1300 776 1369 )
798 1339 812 1359 ,
842 1308 897 1351 et
924 1312 1021 1367 per
1046 1294 1333 1349 secundam
1364 1294 1687 1347 additionem
1710 1336 1724 1359 ,
1754 1294 1893 1348 hanc

302 1405 521 1447 amovet
564 1392 947 1455 suSpicionem.
987 1389 1103 1442 Non
1136 1388 1277 1441 enim
1310 1386 1477 1451 dixit,
1510 1386 1567 1441 ln
1600 1387 1706 1441 Deo
1732 1395 1841 1440 erat
1872 1428 1886 1451 ,

307 1486 406 1539 sed
429 1527 445 1549 ,
478 1486 630 1555 Apud
673 1484 872 1547 Deum,
904 1482 1018 1549 ejus
1046 1480 1199 1533 nobis
1246 1478 1535 1533 secundum
1582 1478 1889 1550 hypostasin

303 1578 664 1630 :x‘ternitateni
696 1576 997 1629 declarans.
1030 1570 1227 1625 Deinde
1250 1569 1377 1625 illud
1404 1570 1599 1625 clarius
1626 1571 1889 1639 signiﬁca-

295 1670 377 1720 vit
418 1667 711 1735 adjicieus,
745 1666 978 1719 Verbum
1027 1663 1167 1717 istud
1213 1661 1378 1716 fuisse
1412 1663 1597 1716 Deum.
1632 1662 1769 1728 Sed,
1803 1664 1886 1716 in-

294 1758 473 1824 quies,
500 1757 716 1810 factum.
743 1756 879 1823 Quid
905 1770 1032 1825 ergo
1057 1754 1225 1807 obfuit
1250 1754 1375 1822 quin
1404 1752 1637 1818 diceret,
1664 1754 1717 1807 lu
1743 1755 1890 1823 prin-

292 1849 439 1915 cipio
472 1847 598 1902 fecit
640 1848 780 1901 Dens
818 1847 1086 1901 Verbum?
1128 1846 1260 1900 Nam
1287 1862 1405 1900 cum
1436 1845 1502 1899 de
1533 1855 1671 1900 terra
1699 1847 1886 1915 quue-

295 1950 448 1993 retur
478 1939 713 2010 Moyses,
744 1953 849 1992 non
873 1938 1023 2002 dixit,
1055 1936 1109 1991 ln
1147 1937 1404 2007 principio
1425 1946 1539 1990 erat
1558 1945 1695 1990 terra
1717 1978 1731 2001 ,
1761 1937 1885 2003 sed,

293 2033 445 2087 Fecit
474 2031 636 2101 (Gen.
668 2033 718 2085 l.
756 2032 779 2086 1
805 2031 823 2101 )
850 2046 967 2085 eam
994 2071 1009 2094 ,
1038 2039 1092 2084 et
1118 2039 1241 2083 tunc
1270 2029 1383 2082 fuit.
1407 2028 1544 2095 Quid
1571 2028 1729 2097 igitur
1758 2044 1882 2098 pro-

297 2125 473 2177 hibuit
501 2124 789 2193 quominus
816 2121 1051 2177 Joannes
1080 2121 1149 2174 ita
1179 2121 1411 2183 diceret,
1444 2120 1498 2173 In
1529 2121 1788 2190 principio
1815 2119 1887 2175 fe-

294 2217 372 2269 cit
402 2216 545 2270 Deus
575 2214 848 2269 Verbum?
875 2213 931 2268 Si
953 2213 1094 2268 enim
1118 2213 1189 2266 ita
1210 2212 1343 2265 dixit
1367 2211 1577 2277 Moyses
1604 2212 1796 2266 timens
1823 2227 1888 2266 ne

293 2310 415 2377 quis
442 2318 639 2362 terram
665 2322 770 2359 non
800 2305 991 2360 factam
1019 2305 1257 2368 diceret;
1289 2303 1454 2357 multo
1478 2303 1643 2371 magis
1664 2301 1732 2357 de
1752 2302 1889 2356 Filio

295 2413 537 2457 metuere
568 2400 850 2469 oportebat
875 2398 1166 2464 Joannem,
1197 2397 1240 2451 si
1269 2406 1480 2451 creatus
1510 2398 1711 2451 fuisset.
1741 2397 1887 2451 Mun-

302 2496 404 2547 dus
433 2492 577 2546 enim
601 2507 722 2545 cum
748 2490 815 2544 sit
847 2489 1087 2555 visibilis,
1116 2488 1218 2542 hoc
1246 2489 1360 2556 ipso
1385 2488 1728 2541 Conditorem
1755 2504 1889 2555 pras-

295 2585 437 2636 dicat
468 2583 632 2654 (nam
669 2582 824 2647 Caali,
864 2582 1056 2650 inquit,
1083 2590 1319 2634 enarrant
1336 2580 1551 2650 gloriam
1567 2579 1664 2635 Dei
1702 2578 1884 2652 [ρωι.

303 2676 386 2729 18.
416 2677 437 2729 1
462 2673 483 2747 ]
514 2695 526 2727 ;
552 2674 721 2728 Filius
747 2683 924 2727 autem
958 2671 1238 2725 invisibilis
1260 2682 1376 2738 est,
1407 2680 1460 2726 et
1484 2681 1779 2727 creaturam
1802 2672 1887 2726 in-

298 2766 448 2821 ﬁnito
473 2766 655 2821 medio
678 2765 910 2820 excedit.
936 2764 1198 2835 Si-itaque
1221 2764 1309 2818 ubi
1332 2780 1505 2834 neque
1532 2766 1695 2819 verbo
1716 2781 1889 2836 neque

296 2859 546 2912 doctrina
574 2872 709 2926 opus
751 2867 901 2921 erat,
937 2866 994 2910 ut
1020 2856 1356 2910 disceremus
1385 2855 1637 2910 mundum
1667 2870 1785 2910 esse
1814 2856 1890 2910 fa-

296 2960 463 3016 ctum,
488 2958 669 3003 tamen
690 2948 834 3002 clare
856 2946 981 3001 illud
1005 2956 1059 3001 et
1079 2957 1203 3002 ante
1224 2947 1401 3001 omnia
1428 2948 1570 3016 ponit
1596 2946 1887 3017 propheta;

298 3040 469 3095 multo
517 3039 689 3108 magis
728 3038 779 3093 id
808 3039 875 3093 de
904 3037 1040 3092 Filio
1070 3037 1330 3093 Joannem
1360 3037 1539 3092 dicere
1565 3037 1843 3106 oportebat
1870 3079 1885 3103 ,

300 3134 341 3186 si
367 3142 585 3187 creatus
614 3130 819 3185 fuisset.
851 3130 1019 3184 Etiam
1041 3171 1056 3195 ,
1090 3129 1276 3185 dices:
1309 3127 1411 3182 Sed
1445 3127 1636 3183 Petrus
1668 3126 1718 3182 id
1744 3127 1889 3182 clare

300 3227 435 3281 dixit
461 3236 517 3282 et
549 3227 854 3296 perspicue.
888 3225 1112 3281 Ubinam
1144 3235 1198 3280 et
1237 3225 1489 3295 quando?
1516 3223 1648 3279 Cum
1677 3222 1889 3280 Judaeos

302 3318 586 3389 alloquens
615 3317 818 3371 diceret
844 3333 857 3369 :
892 3314 1071 3386 Ipsum
1100 3315 1375 3370 Dominum
1402 3325 1447 3369 et
1474 3314 1728 3369 Christum
1752 3313 1891 3369 Deus

298 3410 434 3479 fecit.
463 3408 573 3462 Cur
615 3422 744 3478 ergo
770 3406 821 3461 id
852 3406 993 3477 Quod
1020 3407 1261 3476 sequitur
1290 3421 1391 3459 non
1435 3404 1709 3473 adiecisti,
1740 3403 1889 3458 Hunc

297 3497 475 3553 Iesum
502 3515 651 3570 quem
675 3497 1119 3567 vos'cruciﬁxt‘stis
1148 3496 1291 3565 (Act.
1320 3497 1375 3551 2.
1407 3496 1546 3567 '56)?
1573 3498 1653 3551 An
1679 3496 1889 3566 ignoras

302 3608 366 3645 ex
396 3590 557 3645 dictis
581 3590 683 3644 alia
714 3590 783 3645 ad
810 3590 1159 3644 immortalem
1194 3599 1458 3654 naturam,
1486 3590 1585 3642 alia
1614 3588 1681 3642 ad
1713 3589 1887 3643 incar-

302 3686 574 3737 nationem
609 3681 921 3753 pertinere?
950 3681 1005 3737 Si
1035 3690 1211 3736 autcm
1252 3696 1357 3735 non
1392 3682 1459 3734 ita
1491 3696 1549 3734 se
1578 3697 1664 3734 res
1697 3681 1885 3746 habet,

300 3778 394 3832 sed
438 3778 622 3830 omnia
647 3776 715 3830 de
743 3775 939 3829 deitate
979 3774 1209 3843 accipias
1230 3814 1246 3839 ,
1282 3775 1443 3827 Deum
1474 3773 1772 3842 passibilem
1805 3773 1888 3825 in-

301 3868 508 3923 duces:
543 3869 587 3922 si
615 3882 747 3921 vero
777 3881 887 3920 non
922 3866 1206 3935 passibilis,
1240 3882 1346 3919 non
1380 3865 1547 3919 factus
1577 3865 1756 3934 utique
1785 3875 1884 3917 est.

302 3961 435 4015 Nam
469 3962 515 4015 si
541 3978 605 4014 ex
639 3960 815 4014 divina
847 3969 901 4013 et
933 3957 1181 4012 inell‘abili
1214 3969 1398 4011 natura
1427 3957 1640 4028 sanguis
1665 3957 1887 4011 effluxe-

303 4054 407 4116 rit,
436 4063 491 4107 et
530 4054 573 4107 si
612 4054 730 4107 vice
769 4051 943 4106 carnis
997 4052 1108 4120 ipsa
1137 4050 1187 4104 in
1221 4066 1378 4103 cruce
1406 4051 1569 4103 clavis
1636 4048 1888 4102 transﬁxa

302 4156 357 4200 et
385 4147 618 4200 dissecta
666 4146 772 4209 sit,
823 4145 1029 4198 ratione
1074 4144 1254 4196 nixntn
1287 4157 1369 4197 est
1415 4144 1683 4211 Sophisma
1718 4152 1885 4195 tuum.

304 4240 455 4306 Quod
482 4240 526 4292 si
555 4253 623 4292 ne
654 4237 899 4291 diabolus
922 4235 1134 4306 quidem
1169 4238 1236 4288 ita
1284 4234 1731 4304 blasphctnavet'it
1750 4274 1763 4295 ,
1793 4248 1890 4286 cur

305 4332 680 4402 inexpiabilem
704 4331 1057 4401 ignorantiam
1082 4329 1322 4391 simulas,
1347 4328 1488 4396 quali
1519 4342 1585 4380 nc
1618 4326 1890 4379 darmones

312 4423 527 4490 quidem
577 4437 809 4491 unquam
847 4421 927 4474 usi
968 4420 1128 4473 sunt?
1160 4419 1425 4473 Prasterca
1452 4418 1564 4471 hmc
1588 4458 1603 4484 ,
1637 4417 1891 4470 Dominus

310 4524 361 4566 et
388 4513 654 4577 Christus,
684 4528 788 4566 non
824 4507 1407 4572 suntsubstanttre,sed
1436 4508 1735 4577 dignitatis;
1761 4507 1893 4561 alte-

312 4622 425 4659 rum
456 4604 600 4660 enim
628 4614 711 4658 est
736 4603 1014 4672 potentia),
1049 4602 1275 4655 alterum
1335 4600 1617 4653 unctionis.
1650 4599 1785 4666 Quid
1815 4615 1893 4653 er-

310 4712 375 4762 go
401 4697 604 4751 dixeris
634 4696 703 4749 de
732 4695 871 4750 Filio
903 4694 1032 4748 Dei?
1063 4693 1193 4746 Nam
1242 4694 1286 4746 si
1332 4702 1541 4745 creatus
1566 4693 1667 4755 sit,
1696 4703 1754 4746 ut
1794 4706 1892 4745 vos

314 4788 487 4840 dicitis
508 4828 525 4851 ,
556 4786 759 4840 nullum
809 4785 910 4839 hoc
942 4782 1165 4836 haberet
1199 4783 1395 4835 locum.
1426 4781 1541 4835 Non
1574 4783 1713 4835 enim
1746 4783 1892 4851 prius

317 4876 484 4931 factus
515 4887 598 4931 est
622 4917 636 4940 ,
669 4886 723 4931 et
749 4885 873 4929 tunc
902 4874 1043 4928 Deus
1079 4875 1252 4942 ipsum
1281 4872 1574 4937 ordinavit;
1600 4888 1769 4940 neque
1795 4875 1892 4926 ab-

313 4969 505 5038 jcctum
536 4968 700 5023 habet
746 4967 1059 5037 principium
1081 5007 1095 5029 ,
1140 4965 1232 5018 sed
1261 4979 1325 5017 ex
1368 4973 1551 5017 natura
1582 4972 1738 5032 atque
1765 4964 1891 5017 sub-

316 5063 524 5116 stantia.
551 5060 911 5130 Interrogatus
938 5059 1077 5110 enim
1102 5072 1226 5110 num
1250 5071 1340 5108 rex
1363 5065 1505 5109 esset
1529 5097 1542 5117 ,
1575 5053 1685 5125 Ego
1716 5056 1767 5107 in
1799 5055 1892 5108 hoc

318 5163 459 5208 natus
484 5170 594 5206 sum
620 5151 808 5221 (Joan.
837 5149 921 5203 18.
952 5145 1094 5220 '57),
1127 5147 1312 5215 inquit.
1339 5146 1527 5201 Petrus
1549 5156 1724 5199 autem
1747 5147 1894 5214 quasi

374 5266 451 5326 (α)
477 5269 718 5326 Meritum
743 5261 1161 5326 Verbumtyuotm
1172 5265 1543 5326 mmemorat
1565 5257 1784 5326 Irenzeus
1800 5257 1895 5326 _l._2,

314 5342 355 5377 c.
381 5318 442 5375 li
459 5341 474 5385 ;
516 5324 719 5374 Verbum
742 5321 1037 5385 prolatitium
1059 5359 1071 5381 ,
1098 5318 1323 5385 ςρρςρορὶιρν,
1349 5319 1563 5381 appellat
1594 5318 1900 5385 Theophilus

316 5380 673 5447 Antiochenus,
696 5380 751 5447 pi
788 5386 875 5434 104
902 5400 914 5445 ;
958 5388 1009 5433 et
1046 5380 1253 5431 Subinde
1278 5382 1352 5447 ba:
1382 5380 1534 5429 voces
1565 5382 1625 5429 ab
1658 5380 1902 5447 luereticis

316 5452 524 5499 maxime
547 5444 1127 5511 frequentataeﬁdeoque
1161 5444 1441 5511 proscripta
1476 5451 1605 5511 sunt.
1644 5444 1893 5511 Erantqni

317 5513 537 5560 dicerent
560 5502 749 5559 Pati-em
768 5502 891 5557 ante
916 5502 1076 5555 mundi
1103 5502 1405 5554 creationem
1429 5504 1660 5551 habuisse
1682 5502 1899 5551 Verbum

321 5583 533 5629 ινδνωςτον,
550 5572 791 5621 internum
812 5583 829 5618 :
856 5578 907 5619 et
931 5569 1126 5634 quando
1149 5567 1377 5615 mundum
1401 5568 1579 5634 creavit
1593 5599 1621 5634 λ
1631 5564 1901 5634 protulisse

321 5624 535 5685 Verbum
562 5648 705 5683 suum
728 5668 742 5691 ,
772 5641 821 5682 et
844 5624 1144 5697 tunéluisse
1179 5640 1404 5697 ηροςθρραὸν,
1446 5624 1757 5697 protatitium.
1788 5641 1901 5697 Αάτθγ

432 5723 526 5758 ξυιιν
548 5709 607 5743 καὶ
632 5704 832 5744 nauem.
853 5733 863 5750 ,
885 5692 1081 5742 verbum
1105 5691 1396 5758 prolatitium
1416 5694 1465 5758 ει,
1483 5691 1736 5758 internum,
1764 5695 1905 5758 prout

432 5723 526 5758 εει-ιν
548 5723 607 5743 ιω.
632 5723 832 5744 ινουινῐτσν
853 5733 863 5750 ν
888 5723 953 5742 ιιι
972 5723 1081 5740 Vult.
1105 5723 1148 5751 μι
1163 5723 1396 5738 υιμιιιοιιηι
1416 5723 1459 5736 νυ
1485 5723 1591 5736 νυνι
1608 5723 1736 5743 ιιι-ην,
1766 5723 1808 5747 l-n
1823 5723 1905 5735 uu-

321 5723 669 5805 mom‘tnilms
694 5762 787 5811 est,
815 5761 1053 5803 memorat
1078 5752 1356 5799 Plutarchus
1378 5788 1390 5809 ,
1418 5749 1561 5809 libro,
1589 5748 1717 5811 quod
1753 5747 1905 5797 t’biio-

323 5821 501 5879 sophus
532 5818 715 5867 debeat
737 5818 951 5879 maxime
972 5816 1214 5879 principes
1238 5813 1435 5873 alloqui.

382 5872 453 5941 '(b)
486 5880 716 5941 Fquidem
751 5877 867 5925 illud
886 5913 899 5935 ,
928 5872 987 5925 tri
1007 5872 1242 5939 principio
1262 5872 1367 5924 erat
1396 5873 1618 5935 teritum,
1648 5872 1815 5924 Graice
1839 5875 1906 5925 sic

326 5943 622 6005 exprimitur,
642 5945 691 5992 ὲν
722 5953 813 6003 om
834 5945 877 5998 ἦν
900 5950 920 5988 ὁ
943 5952 1067 5999 Αάτος.

1998 568 2064 623 de
2092 567 2319 636 quodam
2365 569 2453 638 qui
2493 569 2765 625 ordinatus
2796 573 2863 627 sit
2895 573 3122 643 loquitur
3149 592 3159 625 :
3191 591 3312 629 nam
3342 560 3406 631 de
3431 593 3578 635 (Bco-

1998 660 2173 712 nomia
2198 699 2212 720 ,
2243 660 2354 713 sive
2381 660 2448 713 de
2479 660 2805 716 humanitate
2837 665 2933 733 ipsi
2963 680 3140 718 sermo
3169 678 3268 721 est.

2067 750 2121 803 4.
2149 749 2252 804 Cur
2302 750 2482 805 Petrus
2531 752 2742 808 Judteos
2789 756 3049 825 alloquens
3090 757 3153 809 de
3193 756 3392 813 Clu-isto
3421 771 3475 813 ut
3515 761 3579 815 de

1996 842 2214 911 simplici
2244 844 2446 896 homine
2476 845 2633 897 multa
2666 847 2727 898 sit
2756 847 2970 900 locutus.
3004 847 3231 901 Christus
3257 851 3307 902 in
3338 862 3578 920 quantum

2002 930 2165 986 Filius
2197 931 2291 985 Dei
2325 944 2396 986 est
2416 975 2430 998 ,
2464 950 2564 987 non
2602 946 2795 989 creatus
2824 946 2914 990 est.
2940 938 3220 1007 —Ecquid
3254 942 3464 996 miraris
3486 984 3501 1009 ,
3533 945 3575 997 si

1998 1024 2188 1079 Petrus
2216 1025 2266 1079 id
2295 1027 2468 1080 dicat?
2492 1027 2624 1081 Nam
2655 1028 2846 1082 Paulus
2875 1029 3227 1085 Athenienses
3256 1032 3531 1101 alloquens
3559 1078 3574 1102 ,

1997 1119 2169 1174 virum
2200 1119 2373 1187 ipsum
2406 1129 2606 1173 tantum
2652 1122 2881 1189 appellat
2909 1121 3093 1176 dicens
3120 1142 3132 1178 :
3167 1123 3233 1177 In
3273 1126 3375 1178 uiro
3403 1127 3453 1178 in
3479 1144 3578 1188 quo

1994 1211 2171 1264 statuit
2210 1211 2361 1279 ﬁdem
2388 1212 2614 1277 prwbcns
2644 1213 2871 1265 omnibus
2891 1254 2904 1277 ,
2946 1216 3191 1267 suscitans
3227 1232 3342 1269 eum
3370 1235 3401 1269 α
3442 1235 3574 1270 mor-

1996 1303 2095 1355 tuis
2125 1302 2273 1373 (Act.
2316 1304 2493 1373 17,.51
2522 1302 2539 1371 )
2570 1322 2581 1355 :
2613 1304 2849 1373 nihilque
2875 1304 2940 1358 de
2975 1305 3139 1358 forma
3185 1307 3278 1361 Dei
3306 1309 3537 1377 loquitur
3559 1351 3573 1375 ,

1996 1407 2170 1460 neque
2203 1392 2311 1445 Deo
2342 1393 2599 1460 (aqualem
2633 1392 2792 1457 dicit,
2826 1410 2996 1462 neque
3042 1396 3183 1465 quod
3222 1398 3288 1451 sit
3326 1400 3578 1467 Splendor

1993 1482 2178 1550 glorize
2199 1482 2347 1551 ejus;
2379 1483 2536 1552 idque
2562 1484 2776 1535 merito.
2804 1484 3047 1537 Nondum
3068 1488 3206 1540 enim
3232 1498 3435 1557 tempus
3463 1490 3577 1542 lucc

1997 1572 2207 1627 dicendi
2235 1585 2482 1635 venerat;
2513 1574 2605 1628 sed
2635 1576 2765 1628 satis
2794 1575 2967 1629 adlmc
3003 1587 3151 1643 erat,
3182 1590 3236 1631 ut
3278 1580 3447 1648 ipsum
3476 1583 3573 1635 lto—

1996 1665 2194 1718 minem
2240 1680 2359 1718 csse
2387 1675 2440 1718 ct
2464 1668 2828 1721 resurrexissc
2871 1668 3229 1723 admitterent.
3262 1670 3300 1725 S
3321 1687 3350 1725 c
3375 1685 3427 1726 ct
3464 1675 3575 1743 ipse

1996 1756 2244 1809 Christus
2274 1758 2427 1819 fecit;
2454 1774 2482 1810 a
2510 1772 2617 1825 quo
2645 1757 2864 1811 edoctus
2887 1759 3079 1811 Paulus
3105 1802 3117 1821 ,
3151 1762 3220 1813 ita
3249 1778 3333 1816 res
3364 1763 3575 1832 diSpen-

1992 1849 2161 1903 Sabat.
2196 1849 2309 1903 Non
2338 1850 2479 1903 enim
2511 1851 2689 1902 statim
2722 1850 2875 1904 nobis
2906 1850 3155 1905 deitatem
3187 1868 3335 1907 suam
3367 1858 3573 1910 revela-

1991 1940 2102 2004 vit,
2149 1940 2241 1993 sed
2275 1942 2418 2009 prius
2446 1941 2701 2009 propheta
2734 1950 2788 1995 et
2833 1942 3076 1997 Christus
3110 1944 3126 1974 ¹
3158 1944 3379 2013 simplex
3416 1947 3575 2001 homo

1994 2032 2309 2101 putabatur;
2337 2032 2531 2087 deinde
2562 2042 2614 2085 et
2642 2032 2818 2086 verbis
2845 2042 2898 2085 et
2922 2034 3173 2101 operibus
3205 2036 3254 2089 id
3286 2038 3423 2105 quod
3452 2055 3576 2095 vero

1992 2132 2106 2176 erat
2132 2123 2381 2176 ostendit.
2414 2122 2538 2178 Ideo
2568 2124 2757 2177 Petrus
2790 2124 2838 2175 in
2865 2124 3123 2192 principio
3155 2126 3254 2181 hoc
3280 2129 3443 2183 utitur
3464 2146 3577 2183 mo-

1990 2214 2091 2268 do:
2118 2230 2237 2267 nam
2258 2216 2393 2270 hanc
2414 2217 2644 2285 priorem
2666 2218 2686 2247 ¹
2710 2216 2773 2268 ad
2796 2215 3015 2269 ,Ιυᾱίροε
3036 2220 3347 2274 concionem
3373 2222 3571 2276 habuit.

1992 2309 2126 2377 Quia
2168 2311 2307 2365 enim
2336 2310 2403 2365 de
2429 2310 2707 2364 divinitate
2750 2309 2866 2375 ejus
2898 2308 3029 2363 nihil
3056 2310 3311 2366 hactenus
3335 2314 3574 2371 ediscere

1995 2411 2299 2472 potuerant,
2328 2403 2447 2457 ideo
2473 2402 2539 2456 de
2560 2401 2753 2455 Christi
2781 2400 3007 2454 lnnnana
3035 2412 3219 2456 natura
3244 2404 3403 2459 verba
3430 2404 3571 2472 facit,

1991 2503 2051 2547 ut
2078 2493 2160 2547 his
2182 2494 2503 2547 exercitatus
2533 2491 2742 2545 auditus
2761 2532 2773 2553 ,
2804 2490 2867 2543 ad
2896 2491 3150 2560 reliquam
3179 2494 3574 2563 percipiendam

1991 2585 2288 2639 doctrinam
2312 2591 2606 2653 aptarctur.
2632 2580 2782 2648 Quod
2808 2581 2850 2634 si
2872 2582 2991 2650 quis
3013 2583 3241 2636 Voluerit
3262 2593 3425 2638 totam
3446 2600 3573 2640 con-

1989 2682 2197 2734 cionem
2219 2679 2375 2734 altius
2395 2688 2639 2747 repetere
2654 2720 2668 2742 ,
2700 2678 2748 2732 id
2780 2677 2919 2747 quod
2941 2676 3060 2732 dico
3089 2680 3430 2749 conspicuum
3452 2696 3573 2736 esse

1992 2774 2246 2828 inveniet.
2275 2772 2408 2826 Nam
2434 2782 2487 2827 et
2508 2773 2679 2826 virum
2712 2772 2857 2824 illum
2884 2780 3071 2836 vocat,
3104 2772 3277 2840 deque
3303 2773 3569 2840 passione,

1992 2866 2415 2929 resurrectione,
2445 2873 2499 2919 et
2528 2866 2871 2934 generatione
2900 2864 3191 2919 secundum
3214 2880 3426 2919 carnem
3451 2866 3571 2934 plu-

1994 2955 2144 3010 ribus
2185 2956 2314 3024 agit.
2346 2954 2540 3009 Paulus
2574 2970 2701 3008 vero
2730 2970 2848 3009 cum
2882 2956 3041 3017 dicit,
3077 2955 3177 3022 Qui
3222 2957 3385 3024 factus
3411 2965 3483 3009 est
3511 2974 3574 3010 ea:

1990 3046 2180 3100 semine
2216 3043 2383 3097 David
2432 3046 2706 3099 secuudum
2749 3060 2952 3097 carnem
2995 3043 3184 3117 (Rom.
3217 3046 3267 3100 1.
3307 3045 3409 3113 '5),
3442 3045 3571 3100 nihil

1991 3136 2136 3191 aliud
2166 3150 2265 3191 nos
2292 3136 2448 3190 docet
2473 3177 2486 3198 ,
2516 3150 2673 3204 quam
2696 3135 2835 3205 quod
2860 3135 2985 3190 illud
3007 3176 3022 3202 ,
3056 3134 3199 3188 Fecit
3219 3178 3233 3199 ,
3266 3136 3333 3191 de
3360 3152 3575 3191 (rcono.

1990 3228 2095 3282 mia
2119 3227 2318 3281 dictum
2341 3226 2439 3289 sit;
2470 3225 2520 3279 id
2548 3225 2685 3295 quod
2713 3227 2870 3280 etiam
2893 3240 2989 3279 nos
3010 3228 3347 3281 conﬁtemur.
3371 3226 3563 3281 Verum

1992 3318 2132 3373 ﬁlius
2161 3318 2377 3372 tonitrui
2408 3317 2474 3371 de
2521 3316 2769 3371 ineffabili
2812 3329 2864 3372 et
2888 3326 3011 3372 ante
3039 3318 3231 3371 sarcula
3259 3320 3569 3373 exsistentia

1993 3427 2133 3466 nunc
2155 3426 2252 3466 nos
2281 3410 2590 3477 alloquitur.
2626 3409 2750 3465 Ideo
2778 3410 2871 3465 illo
2894 3452 2907 3475 ,
2941 3409 3124 3477 Fecit,
3157 3411 3342 3465 relicto
3364 3452 3379 3477 ,
3411 3411 3533 3465 Erat
3553 3453 3569 3477 ,

1992 3503 2144 3557 dixit.
2171 3502 2463 3573 Oportebat
2484 3503 2625 3556 enim
2646 3544 2659 3565 ,
2689 3503 2732 3556 si
2755 3512 2991 3556 creatum
3018 3502 3234 3568 fuisset,
3263 3502 3311 3555 id
3337 3502 3568 3556 maxime

1992 3597 2234 3653 deﬁnire.
2267 3596 2323 3652 Si
2363 3595 2507 3651 enim
2539 3596 2732 3649 Paulus
2764 3596 2935 3648 timuit
2968 3610 3033 3649 ne
3061 3595 3181 3664 quis
3207 3610 3271 3648 ex
3308 3594 3564 3662 insipien-

1995 3692 2134 3746 tibus
2155 3690 2511 3759 suspicaretur
2537 3687 2724 3741 Filium
2750 3686 2905 3740 Patre
2926 3686 3182 3755 majorem
3207 3686 3345 3751 fore,
3378 3696 3431 3741 ct
3466 3686 3570 3742 Gc-

1995 3784 2223 3836 nitorem
2254 3780 2355 3835 sibi
2400 3779 2696 3847 subjectum
2748 3776 3050 3830 habiturum
3088 3791 3211 3831 esse
3242 3795 3254 3830 :
3302 3793 3422 3831 nam
3456 3778 3575 3831 ideo

1992 3873 2283 3930 Corinthiis
2311 3872 2551 3926 scribens
2580 3869 2827 3923 dicebat:
2858 3867 2982 3922 Cum
3011 3879 3178 3922 autem
3207 3870 3362 3933 dicit,
3396 3870 3572 3939 Subje-

1992 3976 2074 4019 cta
2099 3973 2247 4029 sunt,
2284 3964 2390 4017 sine
2416 3960 2566 4014 dubio
2602 3970 2782 4030 printer
2814 3976 2924 4012 eum
2958 3960 3043 4028 qui
3085 3960 3293 4029 subjecit
3327 3962 3371 4013 ei
3402 3962 3572 4013 oumia

1994 4059 2084 4127 (l.
2111 4056 2229 4112 Cor.
2258 4057 2339 4110 15.
2368 4054 2457 4109 26.
2486 4054 2553 4107 9.7
2574 4055 2590 4122 )
2614 4068 2625 4115 ;
2651 4052 2794 4121 atqui
2819 4053 2937 4121 quis
2965 4052 3324 4121 suspicaretur
3355 4051 3567 4106 Patrem

1993 4167 2112 4205 cum
2152 4150 2399 4203 omnibus
2428 4147 2722 4217 subjectum
2756 4145 2865 4197 fore
2898 4144 3072 4197 Filio?
3103 4155 3154 4199 et
3193 4155 3367 4198 tamen
3398 4145 3439 4198 si
3474 4146 3567 4197 bas

1994 4240 2252 4295 absurdus
2278 4239 2609 4307 suspiciones
2646 4235 2823 4290 timuit
2850 4245 2904 4289 et
2929 4236 3055 4289 dicit
3080 4278 3093 4297 .
3130 4235 3327 4290 Prwter
3350 4253 3461 4289 eum
3488 4237 3572 4301 qui

1994 4334 2202 4403 subjecit
2224 4332 2267 4384 ci
2292 4332 2496 4393 omnia;
2527 4329 2691 4382 multo
2714 4327 2880 4396 magis
2905 4326 3184 4389 Joannem,
3211 4327 3255 4380 si
3283 4326 3447 4381 Filius
3476 4327 3566 4380 Dei

1994 4435 2202 4479 creatus
2230 4423 2454 4485 fuisset,
2487 4422 2672 4473 timere
2720 4419 3017 4488 oportebat,
3048 4433 3113 4471 ne
3138 4418 3254 4486 quis
3281 4418 3448 4485 ipsum
3482 4419 3563 4471 in—

1995 4526 2230 4571 creatum
2260 4522 2487 4583 putaret,
2520 4512 2755 4581 illudque
2775 4527 2886 4582 prae
2914 4511 3161 4563 erunibus
3189 4510 3401 4565 docere.
3437 4509 3572 4565 Cum

1996 4617 2173 4663 autem
2206 4605 2417 4676 genitus
2446 4604 2533 4666 sit,
2560 4603 2678 4672 jure
2706 4617 2877 4669 neque
2900 4602 3031 4669 ipse,
3062 4616 3235 4669 neque
3264 4600 3399 4655 alius
3431 4602 3577 4670 quis-

1997 4699 2159 4768 piam,
2179 4694 2262 4749 vel
2284 4694 2555 4763 apostolus
2576 4694 2655 4747 vel
2680 4691 2937 4760 propheta
2960 4700 3193 4744 creatum
3216 4690 3387 4757 ipsum
3414 4691 3575 4746 fuisse

1998 4788 2146 4841 dicit.
2176 4784 2288 4837 lmo
2332 4799 2501 4851 neque
2531 4785 2641 4850 ipse
2673 4781 2985 4849 Unigenitus
3012 4779 3062 4833 id
3097 4782 3524 4849 pra-tennisisSel
3556 4823 3573 4847 ,

2000 4877 2043 4930 si
2070 4885 2283 4930 creatus
2306 4890 2429 4928 vere
2454 4872 2656 4926 fuisset.
2684 4873 2781 4937 Qui
2800 4872 2940 4924 enim
2972 4880 3075 4923 tam
3104 4872 3319 4925 humilia
3344 4888 3463 4927 sese
3483 4873 3585 4925 de-

2001 4966 2263 5021 mittendo
2295 4966 2557 5033 loquitur,
2600 4964 2765 5015 inulto
2807 4963 2981 5015 minus
3022 4961 3072 5015 id
3134 4964 3402 5017 tacuisset.
3440 4962 3569 5016 Nam

2005 5056 2358 5112 verisimilius
2391 5065 2517 5125 puto
2552 5057 2719 5123 ipsum
2765 5070 2919 5122 quam
2972 5054 3187 5107 haberet
3217 5054 3577 5119 prmstantiam

2001 5152 2176 5220 potius
2210 5148 2434 5202 tacuisse
2459 5190 2474 5212 ,
2518 5164 2672 5215 quam
2705 5146 2747 5198 si
2787 5162 2891 5198 non
2925 5146 3143 5199 haberet
3189 5145 3237 5198 id
3269 5146 3566 5213 praetermi-

2003 5244 2136 5297 sisse
2159 5283 2170 5302 .
2199 5257 2297 5295 nec
2322 5239 2651 5309 signiﬁcasse
2680 5237 2727 5289 id
2753 5252 2809 5290 se
2841 5254 2942 5289 non
2973 5236 3185 5289 habere.
3215 5236 3322 5288 Illic
3350 5250 3577 5289 consen-

2004 5346 2155 5389 tanea
2184 5333 2389 5387 tacendi
2413 5347 2570 5385 causa
2595 5338 2730 5391 erat,
2765 5330 2902 5398 quod
2934 5331 3087 5383 vellet
3111 5329 3305 5382 docere
3338 5327 3518 5381 homin
3556 5344 3580 5382 s

2006 5429 2355 5480 humilitatem
2384 5466 2397 5485 .
2445 5423 2666 5492 ideoque
2697 5422 3051 5491 prrrstanliam
3085 5436 3232 5474 suam
3267 5420 3578 5489 obtegeret;

2006 5517 2091 5572 hic
2128 5528 2305 5569 autem
2349 5531 2415 5568 ne
2455 5515 2728 5567 minimam
2763 5513 2976 5582 quidem
3012 5510 3343 5580 probabilem
3377 5514 3582 5566 tacendi

2008 5624 2220 5663 causam
2270 5607 2451 5661 dicere
2498 5609 2685 5675 possis.
2718 5606 2825 5659 Cur
2864 5604 3006 5658 enim
3037 5604 3079 5655 si
3109 5613 3318 5658 creatus
3348 5616 3495 5671 erat,
3527 5620 3585 5660 se

2075 5810 2090 5839 ι
2118 5814 2265 5875 .Juxta
2285 5803 2424 5853 savil.
2452 5812 2503 5854 et
2527 5803 2638 5853 Cod.
2676 5802 2787 5861 706,
2816 5803 3068 5864 legeretur
3094 5808 3252 5865 recte,
3278 5802 3442 5866 bimus,
3469 5816 3583 5867 pro,

2012 5870 2255 5993 “ﬂigi;
2283 5927 2511 5990 priorem,
2540 5928 2681 5977 deest
2706 5928 2754 5976 in
2783 5923 3069 5989 quibusdam
3108 5932 3215 5977 MSS.
