4074 6374
540 477 608 530 Β
1300 472 1359 529 3.
1397 472 1676 530 JOANNIS
1704 469 2187 532 CHRYSOSTOMI
2224 471 2541 529 AR’ClllEP.
2580 473 3109 535 CONSTANTINOP.
3754 491 3823 545 4M

547 592 743 644 factum
775 604 897 646 esse
940 589 1228 656 tacuisset,
1279 592 1369 662 qui
1418 592 1586 646 muita
1631 593 1733 647 sibi
1782 593 2125 661 congruentia

547 683 984 748 praztermittebat
1006 683 1030 735 ?
1056 684 1238 755 itaque
1261 685 1304 740 is
1320 686 1409 755 qui
1435 686 1503 740 ad
1531 685 1829 741 docendum
1854 684 2127 739 humilita-

551 783 655 827 tem
678 774 906 843 abjecta,
931 775 1031 829 sibi
1051 791 1163 829 non
1194 779 1578 848 competentia,
1602 794 1745 848 same
1769 778 1923 843 dixit,
1956 779 2126 833 multo

549 868 736 937 magis,
764 869 806 921 si
830 878 1041 923 creatus
1064 867 1275 933 fuisset,
1301 870 1351 925 id
1376 885 1481 925 non
1510 872 1967 939 praetermissurus
1987 879 2122 924 erat.

544 958 732 1013 Nonne
757 959 908 1014 vides
940 960 1145 1028 ipsum,
1192 976 1258 1015 ne
1283 963 1403 1031 quis
1433 962 1725 1031 ingenitum
1754 963 2125 1032 suspicaretur

544 1048 671 1103 nihil
703 1064 807 1102 non
840 1059 1086 1118 agentem
1117 1060 1171 1105 et
1201 1050 1489 1116 dicentem,
1525 1052 1632 1106 imo
1662 1051 1874 1121 indigna
1902 1052 2124 1121 loquen-

547 1149 653 1195 tem
682 1156 775 1195 sua
818 1141 1073 1211 dignitate
1099 1150 1155 1197 et
1201 1143 1494 1198 substantia
1526 1145 1542 1175 ³
1562 1186 1578 1211 ,
1606 1154 1764 1215 atque
1810 1145 1861 1198 in
1890 1143 2121 1213 prophe-

542 1242 607 1287 ta:
634 1232 986 1287 humilitatem
1015 1248 1135 1288 sese
1160 1236 1576 1291 demittentem?
1610 1236 1738 1292 Illud
1765 1237 1908 1292 enim
1926 1277 1941 1302 ,
1976 1237 2121 1291 Sicut

538 1324 715 1387 audio,
738 1324 915 1394 judico
934 1341 952 1377 :
979 1333 1035 1379 et
1073 1326 1199 1379 illttd
1219 1368 1233 1389 ,
1267 1325 1372 1381 Ille
1398 1328 1523 1381 mihi
1549 1329 1677 1382 dixit
1718 1329 1842 1399 quid
1882 1330 2045 1383 dicant
2075 1339 2121 1383 et

535 1414 658 1483 quid
680 1415 857 1483 loquar
878 1412 1067 1483 (loan.
1098 1416 1152 1470 5.
1183 1415 1270 1471 50.
1320 1427 1365 1471 et
1395 1416 1480 1471 12.
1509 1418 1579 1474 49
1601 1418 1641 1490 ),
1674 1428 1729 1473 et
1756 1420 1966 1484 similia,
2001 1436 2121 1489 pro-

540 1505 817 1574 phetarum
847 1515 1054 1560 tantum
1083 1508 1242 1561 verba
1267 1517 1411 1562 sunt.
1437 1508 1492 1564 Si
1516 1524 1645 1579 ergo
1669 1518 1725 1564 ut
1748 1510 1883 1566 hanc
1908 1512 2121 1567 tolleret

537 1597 896 1667 suSpicionem
919 1639 934 1663 ,
978 1607 1083 1652 tam
1116 1598 1336 1654 humilia
1365 1600 1603 1669 proferre
1634 1602 1797 1657 verba
1828 1618 1934 1657 non
1963 1603 2115 1658 dedi-

534 1697 724 1754 gnatus
750 1698 831 1742 est
864 1707 878 1743 :
924 1689 1090 1743 multo
1134 1692 1301 1760 magis
1322 1733 1337 1757 ,
1381 1693 1424 1745 si
1455 1702 1667 1747 creatus
1694 1704 1873 1759 esset,
1903 1711 1970 1750 ne
2000 1697 2119 1765 quis

537 1773 831 1828 increalum
860 1773 1009 1827 illum
1032 1776 1418 1845 suspicaretur,
1443 1777 1612 1832 multa
1636 1778 1829 1833 similia
1859 1779 2114 1845 dixisset;

535 1864 680 1917 verbi
712 1879 869 1918 causa
895 1905 909 1929 ,
937 1863 1113 1920 Nolite
1143 1876 1329 1935 putare
1356 1882 1442 1922 me
1462 1868 1701 1938 genitum
1726 1883 1848 1924 esse
1868 1886 1897 1923 a
1922 1870 2113 1933 Patre;

537 1970 659 2009 nam
691 1954 859 2010 factus
879 1996 894 2016 .
930 1972 1034 2010 non
1085 1958 1294 2027 genitus
1339 1972 1456 2013 sum
1478 2001 1493 2026 ,
1520 1974 1696 2030 neque
1738 1975 1805 2015 ex
1834 1960 2020 2016 eadem
2050 1979 2114 2016 ιιι

532 2062 634 2117 qua
660 2047 746 2101 ille
765 2047 1081 2102 substantia.
1105 2048 1258 2103 Nunc
1277 2060 1455 2105 autem
1480 2053 1705 2107 omnino
1730 2064 1919 2108 contra
1948 2055 2070 2109 facit
2096 2073 2110 2120 ;

534 2155 654 2192 nam
694 2156 757 2194 ea
798 2140 1032 2210 loquitur
1050 2183 1065 2207 ,
1092 2157 1212 2212 qua:
1242 2144 1325 2197 vel
1353 2144 1549 2199 invitos
1574 2157 1769 2216 cogant
1797 2147 1864 2202 ad
1894 2158 2115 2203 Contra-

533 2231 664 2284 riam
708 2232 1131 2301 amplectendam
1170 2235 1529 2299 sententiam;
1572 2246 1631 2289 ut
1660 2253 1885 2307 nempe:
1924 2238 2031 2310 Ego
2061 2242 2114 2294 in

541 2322 715 2390 Patre,
757 2335 803 2377 et
829 2324 987 2379 Pater
1008 2326 1061 2378 in
1089 2343 1167 2379 me
1189 2326 1374 2394 (Joan.
1406 2329 1492 2382 14.
1524 2330 1588 2383 10
1609 2330 1657 2399 );
1686 2340 1768 2392 et,
1802 2330 1966 2386 Tanto
1993 2344 2114 2386 tent-

532 2433 652 2486 pore
678 2417 928 2470 vobiscum
953 2435 1084 2483 sum,
1104 2429 1149 2471 et
1168 2435 1271 2472 non
1298 2420 1568 2489 cognovisti
1588 2439 1682 2488 nte,
1705 2422 1986 2493 Philippe?
2016 2425 2112 2489 Qui

529 2509 661 2561 videt
699 2524 803 2572 me,
836 2510 966 2563 videt
991 2521 1036 2564 et
1068 2509 1271 2565 Patrem
1297 2511 1469 2583 (Ibid.
1494 2512 1593 2583 9);
1618 2524 1671 2569 et
1695 2555 1710 2579 ,
1748 2515 1814 2569 Ut
1831 2534 2001 2571 omnes
2030 2519 2114 2572 ho-

532 2608 707 2651 norent
734 2598 943 2663 Filium,
968 2602 1093 2655 sicut
1134 2603 1382 2656 honorant
1412 2604 1615 2658 Patrem
1646 2606 1756 2677 (Id.
1782 2609 1833 2663 5.
1857 2609 1970 2681 25).
1996 2613 2113 2665 Sic-

528 2701 585 2743 ut
614 2690 773 2744 Pater
796 2696 1006 2747 suscitat
1036 2706 1292 2764 mortuos,
1340 2708 1387 2752 et
1424 2701 1683 2773 viviﬁcat:
1712 2703 1784 2755 sic
1828 2714 1874 2757 et
1904 2704 2070 2760 Filius
2093 2748 2108 2773 ,

526 2800 650 2853 quos
695 2787 834 2850 vult,
876 2786 1091 2856 viviﬁcat
1140 2789 1316 2859 (Ibid.
1369 2792 1492 2863 21).
1556 2793 1711 2849 Pater
1766 2814 1905 2851 meus
1955 2816 2111 2869 usque

527 2876 677 2929 modo
718 2888 955 2945 operatur
977 2920 992 2943 ,
1038 2891 1083 2934 et
1112 2897 1202 2951 ego
1245 2899 1427 2951 aperor
1469 2883 1641 2953 (Ibid.
1678 2889 1775 2957 l7)
1803 2930 1817 2943 .
1843 2889 1988 2944 Sicut
2014 2909 2108 2946 no-

527 2968 594 3018 vit
616 2983 694 3020 me
723 2966 899 3034 Pater,
932 2980 977 3023 et
1000 2987 1090 3041 ego
1120 2988 1270 3026 nosco
1292 2971 1523 3030 Patrem.
1553 2976 1665 3047 Ego
1689 2990 1737 3031 et
1766 2978 1921 3034 Pater
1953 2999 2108 3036 unum

526 3061 739 3132 suntus(
766 3060 848 3115 Id.
874 3063 1067 3129 10,15.
1087 3074 1133 3117 et
1156 3066 1267 3136 30).
1297 3067 1358 3121 Et
1387 3068 1580 3139 ubique
1593 3070 1738 3127 Sicut
1758 3082 1809 3126 et
1834 3072 1918 3127 Ita
1938 3078 2103 3144 ponit,

527 3153 761 3223 dicitque
789 3171 847 3210 se
876 3166 931 3210 et
960 3155 1178 3213 Patrem
1229 3176 1390 3213 unum
1435 3177 1554 3218 esse
1574 3205 1589 3229 ,
1624 3165 1931 3237 nullamque
1983 3184 2105 3224 esse

524 3248 876 3302 dill'erentiam
917 3249 1172 3308 declarat.
1205 3255 1588 3311 Auctoritatem
1629 3274 1757 3313 vero
1784 3272 1838 3315 et
1870 3278 1963 3330 per
1991 3263 2024 3317 lt
2046 3281 2105 3319 rc

528 3346 584 3392 et
614 3354 707 3407 per
746 3340 845 3393 alia
903 3342 1050 3410 plura
1096 3342 1463 3411 demonstrat;
1492 3356 1547 3401 ut
1575 3365 1696 3403 cum
1738 3351 1897 3417 dicit,
1930 3351 2099 3420 Tace,

527 3431 844 3496 obmutesce;
883 3431 1039 3500 Volo,
1071 3436 1353 3502 mundare;
1386 3436 1498 3492 Tibi
1524 3441 1634 3494 dico
1659 3459 1675 3495 :
1706 3443 1873 3498 Surde
1896 3457 1940 3499 et
1971 3460 2105 3503 mute

522 3522 742 3589 damon,
772 3525 854 3579 exi
876 3526 937 3579 ab
963 3543 1019 3581 eo
1062 3527 1262 3600 (Marc.
1305 3532 1362 3586 4.
1412 3533 1501 3588 59.
1535 3532 1721 3589 Matth.
1752 3538 1804 3591 8.
1836 3539 1890 3593 5.
1935 3539 2100 3596 Marc.

522 3616 578 3670 9.
605 3615 708 3687 24)
737 3635 749 3671 :
793 3618 1061 3689 illudque,
1093 3623 1319 3676 Audistis
1343 3625 1463 3693 quia
1504 3627 1695 3681 dictum
1735 3640 1806 3684 est
1846 3633 2066 3703 antiquis
2086 3677 2099 3694 .

524 3711 647 3765 Non
667 3713 862 3767 occides
884 3728 904 3767 :
928 3731 1017 3786 ego
1039 3726 1204 3770 autem
1227 3717 1340 3771 dico
1371 3721 1506 3775 vobis
1523 3762 1538 3787 ,
1567 3722 1668 3788 Qui
1694 3724 1930 3779 irascitur
1951 3730 2103 3799 fratri

524 3820 615 3856 suo
652 3804 872 3871 (rustra,
905 3823 1021 3861 reus
1052 3807 1145 3859 erit
1174 3807 1397 3877 (Matth.
1428 3811 1482 3865 5.
1523 3812 1613 3867 21.
1646 3812 1768 3885 22).
1795 3814 2103 3888 Similiaque

522 3895 742 3961 statuit,
772 3905 826 3949 et
852 3897 1103 3952 miracula
1135 3900 1280 3966 edit,
1303 3916 1421 3970 qua:
1444 3905 1648 3972 possint
1669 3907 1784 3975 ejus
1808 3912 2098 3977 potentiam

520 3985 889 4043 demonstrare
917 4005 931 4042 :
977 3990 1084 4045 imo
1116 3991 1202 4045 vel
1240 3994 1699 4065 minima‘quidem
1733 4001 1943 4057 illorum
1977 4020 2098 4075 pars

520 4092 615 4132 eos
636 4120 649 4143 ,
673 4079 761 4148 qtti
790 4095 894 4133 non
917 4083 1060 4135 omni
1086 4099 1302 4153 prorsus
1326 4101 1486 4141 sensu
1512 4100 1731 4158 carent,
1761 4094 2025 4154 adducere
2045 4108 2100 4154 ct

521 4170 841 4239 persuadere
872 4173 1058 4240 possit.

592 4261 644 4315 5.
676 4260 854 4315 Inanis
881 4262 1058 4333 gloria
1083 4266 1340 4320 damnum.
1373 4300 1446 4311 —
1484 4271 1680 4329 Verum
1717 4291 1778 4331 ea
1817 4288 1899 4333 est
1926 4281 2125 4349 inanis,

516 4353 701 4423 gloria:
725 4355 744 4385 ’
772 4355 886 4421 vis,
934 4364 991 4410 ut
1030 4357 1114 4412 vel
1159 4358 1210 4412 in
1256 4361 1418 4415 rebus
1461 4366 1903 4424 manifestissimis
1932 4376 2100 4442 possit

518 4462 703 4501 eorum
747 4448 836 4518 qui
880 4449 969 4503 illa
1008 4452 1148 4520 capti
1178 4463 1301 4507 sunt
1344 4444 1576 4513 mentem
1608 4477 1899 4531 excreare,
1941 4477 2098 4537 atque

517 4538 623 4592 illis
649 4540 908 4604 suadere,
951 4549 1009 4595 ut
1036 4543 1195 4597 etiam
1238 4548 1493 4603 adversus
1535 4564 1597 4604 ea
1623 4568 1740 4622 qum
1770 4556 1819 4609 in
1850 4557 2098 4614 confesso

516 4641 639 4685 sunt
666 4634 1026 4700 contendant;
1060 4638 1316 4709 aliosque,
1369 4644 1560 4711 quibus
1606 4660 1729 4703 nota
1772 4653 1969 4708 veritas
1991 4665 2092 4720 est,

516 4722 581 4774 ad
630 4722 988 4779 simulandum
1038 4738 1090 4781 et
1142 4739 1325 4785 contra
1369 4734 1642 4791 nitendum
1688 4739 1912 4797 incitet:
1954 4746 2095 4813 quod

514 4815 673 4868 etiam
705 4815 903 4870 Iudaeis
932 4819 1141 4875 accidit.
1183 4821 1299 4878 Non
1330 4826 1470 4880 enim
1500 4842 1593 4896 per
1632 4829 1980 4899 ignorantiam
2009 4836 2097 4891 Fi-

516 4906 644 4959 lium
675 4906 768 4961 Dei
796 4908 1079 4979 negabant,
1104 4913 1198 4969 sed
1237 4926 1294 4970 ut
1322 4919 1460 4988 apud
1488 4921 1676 4991 vulgus
1706 4925 1961 4983 honorem
1995 4931 2094 4986 sibi

513 5001 876 5056 conciliarent.
911 5002 1042 5057 Nam
1071 5004 1346 5063 Credebant
1386 5011 1439 5064 in
1480 5028 1592 5066 eum
1621 5012 1796 5084 (Joan.
1844 5020 1933 5075 12.
1977 5022 2090 5091 42),

513 5095 702 5164 inquit,
735 5095 828 5150 sed
857 5096 1112 5153 timebant
1149 5116 1214 5153 ne
1238 5111 1384 5156 extra
1419 5118 1737 5176 synagogam
1770 5108 1998 5179 ﬁerent,
2038 5117 2089 5171 in

510 5188 845 5257 aliormnque
896 5190 1116 5257 gratiam
1160 5192 1384 5245 salutem
1424 5208 1571 5249 suam
1618 5199 1931 5265 prodebant.
1975 5206 2089 5262 Non

513 5289 686 5346 potest
707 5282 870 5347 enim,
903 5298 1005 5334 non
1031 5290 1208 5350 potest
1235 5284 1416 5354 utique
1447 5286 1491 5338 is
1518 5288 1605 5357 qui
1632 5303 1950 5358 pra-sentem
1972 5298 2089 5367 glo-

510 5375 645 5429 riam
675 5374 747 5430 ita
773 5382 971 5444 captat,
1013 5374 1154 5427 illam
1202 5391 1320 5444 qua:
1360 5390 1391 5431 a
1439 5377 1549 5433 Deo
1576 5391 1656 5437 est
1683 5386 1914 5457 assequi.
1944 5389 2088 5458 Qua-

510 5478 729 5536 pr0pter
768 5467 1059 5536 increpavit
1087 5483 1178 5521 eos
1224 5467 1305 5522 Itis
1338 5470 1513 5528 verbis
1542 5490 1555 5528 :
1591 5474 1854 5541 Quomodo
1883 5485 2089 5550 potestis

507 5559 729 5621 credere,
774 5560 858 5626 qui
901 5559 1117 5628 gloriam
1161 5559 1221 5613 ab
1267 5561 1551 5618 hominibus
1579 5569 1841 5639 accipitis,
1873 5583 1918 5626 et
1946 5573 2089 5629 illam

507 5664 621 5718 qua:
647 5666 678 5702 a
710 5647 816 5703 Deo
843 5659 912 5703 est
941 5666 1043 5703 non
1078 5652 1300 5720 queritis
1325 5650 1505 5724 (Joau.
1534 5656 1592 5724 5,
1619 5658 1752 5731 44)?
1784 5662 1858 5717 Ea
1893 5666 2087 5737 quippe

570 5806 591 5889 ἒ
621 5805 1351 5889 ἓ¹¹Ῠ9Ξ¹Ἣθιί⁷ξέ¹Ϊέ¹ἴ¹⁶.,⁸2⁴Ξ¹ἐξῖ⁸ἕΞῐπ
1375 5811 1783 5889 ἐπαυξυὺδιωῑξξα-
1939 5879 1950 5889 .

503 5869 591 5994 θῶ
611 5866 816 5983 gadium
836 5866 1035 5931 habent,
1057 5866 1342 5936 tuubitiom's,
1363 5884 1415 5927 et
1436 5874 1537 5940 alii,
1560 5866 1793 5941 avaritia,
1812 5892 1917 5944 pro,
1931 5879 2088 5935 illaut}:

584 5944 609 5979 1⁸
675 5966 690 5982 ο

2237 589 2493 660 profunda
2546 593 2788 661 qumdam
2836 595 3067 651 ebrietas
3108 604 3191 652 est
3219 617 3232 648 τ
3261 597 3485 669 ideoque
3524 600 3571 655 is
3609 607 3697 672 qui
3731 607 3822 658 illo

2234 682 2395 735 animi
2428 685 2613 739 morbo
2639 695 2825 757 captus
2847 697 2950 754 est,
2978 688 3196 744 difﬁcile
3223 692 3503 761 resipiscit.
3526 692 3653 749 [ιιι-(ε
3676 696 3819 750 labes

2233 773 2563 842 captivorum
2589 776 2822 831 animant
2855 793 2884 832 a
2906 780 3037 834 cado
3076 780 3414 845 abscindens,
3441 792 3597 839 terrae
3629 785 3813 855 afﬁgit,

2236 879 2333 919 nec
2362 866 2488 920 sinit
2515 882 2692 922 veram
2724 869 2912 924 intueri
2946 871 3147 937 lucem,
3194 873 3288 927 sed
3332 874 3385 928 in
3427 891 3581 931 caeno
3606 894 3819 949 semper
3890 928 3895 931 _

2234 956 2459 1012 volutari
2488 968 2659 1023 curat,
2691 960 2939 1017 dominos
2968 965 3097 1033 ipsis
3138 982 3330 1035 parans
3362 968 3430 1022 ita
3460 979 3725 1039 potentes,
3759 983 3816 1027 ut

2231 1048 2348 1104 sine
2382 1050 2531 1119 jussu
2562 1052 2740 1122 aliquo
2785 1054 2913 1124 ipsis
2943 1055 3224 1125 imperent.
3266 1058 3398 1113 Nam
3437 1060 3482 1114 is
3509 1062 3596 1131 qui
3631 1063 3815 1132 hujus-

2231 1142 2374 1197 modi
2414 1144 2603 1200 morbo
2633 1146 2857 1211 laborat,
2899 1149 3060 1204 etiam
3093 1151 3303 1205 nemine
3328 1151 3582 1222 jubente,
3625 1166 3816 1224 sponte

2230 1232 2319 1286 illa
2368 1236 2546 1289 omnia
2587 1237 2767 1301 efﬁcit,
2825 1254 2944 1309 qua:
2990 1250 3141 1310 putat
3183 1239 3411 1299 dominis
3454 1243 3559 1300 illis
3602 1247 3815 1317 placere

2230 1339 2406 1394 posse.
2436 1326 2654 1382 illorum
2700 1330 2895 1400 quippe
2923 1334 3088 1401 gratia
3120 1334 3355 1403 pulchris
3392 1336 3626 1392 induitur
3649 1342 3815 1394 vestio

2228 1414 2347 1473 bus.
2378 1415 2564 1472 faciem
2595 1429 2768 1484 ornat,
2815 1436 2920 1476 non
2967 1423 3103 1491 sibi,
3152 1426 3245 1479 sed
3287 1426 3443 1493 aliis;
3494 1429 3814 1487 famulorum

2231 1506 2436 1560 turbam
2465 1509 2518 1561 iu
2546 1509 2661 1564 foro
2687 1512 3064 1579 circumducit,
3101 1524 3156 1569 ut
3185 1516 3304 1570 aliis
3334 1519 3401 1571 sit
3427 1519 3761 1575 admirationi
3794 1541 3808 1575 :

2227 1599 2481 1669 quidquid
2514 1601 2744 1672 denique
2771 1604 2913 1671 facit,
2939 1617 2992 1660 ut
3023 1608 3141 1663 aliis
3168 1610 3390 1679 placeat,
3418 1613 3648 1669 exhibet.
3672 1617 3810 1671 Num

2226 1689 2329 1744 hoc
2353 1692 2513 1746 animi
2543 1694 2731 1748 morbo
2761 1697 3047 1766 quidquam
3079 1699 3318 1755 deterius
3360 1718 3481 1759 esse
3511 1708 3714 1774 possit?
3742 1709 3813 1764 Ut

2225 1782 2345 1837 aliis
2372 1783 2441 1837 sit
2467 1785 2824 1852 admirationi,
2859 1804 2999 1860 saepe
3044 1808 3104 1847 se
3133 1796 3459 1865 praecipitem
3506 1799 3615 1853 dat.
3666 1802 3810 1859 Satis

2225 1886 2372 1931 certe
2408 1890 2590 1934 essent
2624 1896 2686 1935 ea
2730 1899 2849 1951 quae
2898 1898 2929 1938 a
2975 1884 3190 1940 Christo
3234 1888 3368 1943 dicta
3400 1900 3524 1944 sunt
3553 1893 3617 1946 ad
3650 1895 3812 1963 hujus

2224 1970 2392 2023 morbi
2418 1972 2753 2041 tyrannidem
2777 1974 3248 2032 demonstrandam
3270 1997 3282 2033 :
3301 1995 3486 2035 verum
3506 1982 3626 2037 hinc
3646 1986 3805 2040 etiam

2224 2062 2308 2116 illa
2338 2074 2709 2133 cognoscatur.
2764 2068 2893 2122 Nam
2939 2070 2981 2123 si
3012 2074 3311 2141 quempiam
3359 2090 3425 2128 ex
3477 2076 3578 2129 illis
3604 2078 3807 2133 civibus

2222 2154 2309 2220 qui
2359 2165 2601 2222 sumptus
2648 2158 2973 2226 profundunt
3023 2161 3283 2216 maximos
3329 2164 3667 2235 interroges,
3709 2184 3806 2223 Cur

2223 2252 2423 2298 tantum
2451 2247 2564 2299 auri
2594 2253 2922 2318 tmpendant,
2965 2252 3091 2321 quid
3137 2252 3236 2307 sibi
3281 2255 3463 2309 volunt
3500 2257 3802 2327 hujusmodi

2221 2344 2483 2403 sumptus,
2518 2339 2647 2393 nihil
2689 2340 2831 2396 aliud
2875 2343 3302 2411 rCSpondebunt,
3335 2362 3492 2416 quam
3522 2358 3581 2403 ut
3607 2354 3803 2419 pepulo

2222 2429 2485 2497 placeant.
2532 2431 2588 2487 Si
2638 2448 2850 2488 rursum
2905 2436 3192 2490 scisciteris
3217 2479 3231 2501 ,
3272 2438 3397 2507 quid
3428 2441 3497 2494 sit
3534 2443 3799 2511 populus:

2220 2521 2521 2592 Quidpiatn,
2544 2525 2799 2596 inquient,
2823 2528 3047 2581 tumultu
3077 2529 3287 2599 plenum
3310 2540 3362 2585 et
3385 2535 3797 2601 perlurbatiow,

2216 2627 2283 2667 ex
2313 2613 2613 2683 insipientia
2644 2618 2957 2689 plermnque
2977 2630 3247 2689 constans,
3272 2625 3411 2693 quod
3437 2634 3634 2682 temere
3655 2644 3800 2698 saepe

2221 2707 2361 2761 ultro
2401 2710 2641 2781 citroque
2674 2712 2858 2776 fertur,
2890 2714 3059 2768 instar
3087 2717 3411 2770 marinorum
3443 2717 3719 2783 ﬂuctuum,
3745 2733 3800 2773 et

2217 2812 2395 2853 secum
2439 2813 2704 2871 pugnante
2748 2806 3011 2859 sententia
3053 2807 3364 2877 plerumque
3385 2810 3661 2877 jactatum.
3694 2812 3796 2880 Qui

2218 2892 2375 2946 talem
2408 2892 2567 2950 habet
2595 2895 2890 2961 dominum,
2921 2913 3024 2967 quo
3058 2913 3159 2952 non
3206 2901 3561 2959 miserabilior
3598 2903 3798 2959 fuerit?

2217 2980 2322 3037 Sed
2374 2984 2514 3053 quod
2564 2986 2847 3041 szeeulares
2893 2987 3133 3043 homines
3179 2989 3264 3044 his
3317 2992 3538 3059 inhient,
3577 3012 3680 3050 non
3724 2998 3794 3051 ita

2214 3089 2375 3143 grave
2407 3086 2508 3141 est,
2544 3078 2643 3131 etsi
2687 3094 2848 3148 grave
2885 3096 3070 3135 revera
3100 3082 3172 3136 sit
3200 3101 3213 3136 :
3243 3085 3383 3152 quod
3415 3096 3589 3141 autem
3618 3091 3703 3158 qui
3735 3108 3795 3144 se

2215 3167 2412 3222 mundo
2441 3173 2778 3226 renuntiasse
2810 3172 3011 3238 dicunt,
3046 3174 3147 3229 hoc
3184 3178 3368 3231 morbo
3397 3178 3656 3247 laborent,
3688 3184 3796 3237 imo

2214 3258 2436 3326 majore,
2462 3259 2512 3313 id
2538 3271 2685 3314 certe
2712 3264 3103 3330 gravissimum.
3140 3265 3249 3320 Illis
3277 3268 3418 3321 enim
3451 3272 3794 3338 pecuniarum

2211 3357 2416 3404 tantum
2442 3360 2525 3406 est
2543 3352 2749 3419 jactura
2785 3371 2799 3409 :
2832 3354 2915 3410 his
2937 3372 3062 3411 vero
3089 3359 3280 3412 anima:
3315 3363 3628 3430 periculum.
3660 3365 3792 3420 Nam

2212 3455 2333 3496 cum
2376 3442 2557 3512 gloriae
2595 3459 2752 3499 causa
2803 3461 2831 3499 a
2881 3457 3022 3502 recta
3052 3447 3153 3502 fide
3182 3449 3500 3517 desciscunt,
3530 3463 3585 3508 et
3610 3465 3663 3510 ut
3692 3458 3793 3511 sibi

2210 3532 2435 3601 gloriam
2468 3534 2694 3603 pariant,
2743 3536 2907 3590 Deum
2937 3536 3201 3593 dedecore
3228 3540 3485 3606 afﬁciunt,
3516 3557 3789 3613 quantmn,

2211 3637 2430 3691 qumso,
2463 3626 2690 3694 torporis
2715 3668 2729 3692 ,
2776 3638 3030 3697 quantum
3075 3630 3294 3686 insaniae
3338 3649 3422 3688 res
3462 3634 3575 3691 lucc
3605 3653 3711 3705 pra:
3736 3654 3794 3693 se

2213 3713 2316 3768 fert
2335 3717 2359 3767 ’ἶ

2285 3808 2460 3862 Gloria
2482 3811 2759 3879 popularis,
2791 3828 2890 3865 non
2916 3823 2986 3866 est
3014 3831 3122 3867 vere
3146 3814 3603 3884 gloria.—C:elera
3631 3836 3794 3890 porro

2212 3901 2357 3967 vitia,
2393 3903 2513 3956 licet
2557 3904 2778 3956 multum
2810 3904 2988 3959 damni
3036 3905 3295 3972 inferant,
3344 3910 3572 3978 aliquam
3604 3916 3790 3967 S.Illelll

2211 3993 2440 4049 afferunt
2483 3995 2829 4065 voluptatem,
2875 3998 2974 4052 etsi
3023 4007 3413 4068 temporaneam
3451 4013 3504 4057 et
3548 4006 3787 4060 brevem.

2210 4088 2340 4143 Nam
2370 4106 2580 4156 avarus,
2611 4091 2877 4156 ebriosus,
2910 4093 3299 4163 mulierumque
3332 4112 3533 4161 amans,
3560 4099 3789 4168 aliquam

2208 4179 2404 4235 damno
2428 4182 2735 4245 admixtam,
2767 4185 2864 4238 etsi
2910 4185 3159 4251 brevem,
3198 4188 3517 4256 voluptatem
3550 4189 3743 4245 habent
3774 4212 3787 4246 :

2209 4272 2296 4340 qui
2325 4284 2502 4325 autem
2530 4271 2629 4326 hoc
2660 4273 2847 4327 morbo
2868 4275 3008 4343 capti
3036 4286 3176 4338 sunt,
3208 4277 3450 4331 acerbam
3492 4293 3704 4350 semper
3734 4291 3792 4335 et

2208 4363 2480 4433 voluptate
2501 4380 2717 4418 vacuam
2749 4375 2912 4434 agunt
2938 4367 3119 4423 vitam.
3152 4368 3334 4439 Neque
3373 4374 3513 4424 enim
3554 4373 3603 4425 id
3645 4376 3787 4443 quod

2208 4458 2439 4510 maxime
2460 4466 3037 4528 amantassequuntur;
3066 4462 3285 4530 gloriam
3314 4477 3504 4534 nempe
3525 4475 3579 4520 et
3604 4482 3790 4524 auram

2207 4549 2552 4618 popularem;
2586 4548 2677 4603 sed
2709 4550 2953 4605 videntur
2981 4553 3193 4621 quidem
3236 4555 3321 4609 illa
3354 4555 3475 4620 frui,
3508 4574 3677 4628 neque
3707 4570 3788 4614 ta-

2205 4655 2328 4696 men
2357 4642 2618 4711 fruttnlur,
2659 4644 2799 4714 quod
2832 4644 2957 4699 illud
2997 4647 3213 4703 minime
3238 4650 3305 4702 sit
3324 4649 3487 4719 gloria
3517 4670 3530 4705 :
3560 4653 3788 4722 ideoque

2205 4735 2388 4789 vitium
2422 4736 2570 4801 illud,
2598 4752 2702 4790 non
2727 4738 2918 4807 gloria,
2950 4737 3043 4792 sed
3072 4755 3156 4793 res
3180 4740 3346 4809 gloria
3378 4758 3542 4797 vacua
3568 4744 3783 4812 dicitur;

2204 4842 2502 4898 vanamque
2527 4829 2747 4899 gloriam
2785 4840 2991 4885 veteres
3038 4848 3226 4888 omnes
3265 4834 3316 4887 id
3353 4834 3474 4902 jure
3506 4849 3782 4892 vocarunt.

2206 4916 2381 4973 Vacua
2411 4934 2635 4988 namque
2664 4928 2767 4987 est,
2796 4920 2925 4975 nihil
2952 4923 3092 4978 intus
3112 4922 3313 4978 habens
3337 4926 3671 4994 splendidmn
3705 4930 3784 4982 vel
3814 4988 3819 4993 ,

2204 5010 2511 5079 gloriosum.
2531 5008 2634 5065 Sed
2658 5012 3100 5081 quemadmodum
3126 5014 3285 5068 larva:
3304 5016 3551 5071 videntur
3571 5018 3785 5085 quidem

2203 5102 2412 5157 decorae
2432 5114 2489 5158 et
2516 5104 2791 5170 amabiles,
2814 5105 2908 5160 sed
2938 5122 3117 5161 vacuae
3146 5108 3285 5161 intus
3314 5115 3440 5162 sunt
3468 5126 3480 5161 :
3511 5110 3629 5166 ideo
3660 5111 3786 5165 licet

2204 5194 2549 5249 formosiores
2592 5196 2698 5249 sint
2742 5198 2953 5251 caeteris
2989 5198 3322 5267 corporibus,
3363 5202 3631 5256 neminem
3658 5216 3782 5254 um-

2202 5302 2360 5355 quam
2388 5288 2452 5342 ad
2483 5290 2561 5343 sui
2584 5306 2819 5345 amorem
2850 5291 3179 5356 allexertmt;
3206 5293 3285 5347 sic
3314 5294 3401 5348 illa
3427 5294 3563 5364 apud
3594 5294 3779 5367 vulgus

2201 5378 2405 5446 gloria;
2441 5380 2548 5435 imo
2574 5381 2729 5452 longe
2754 5383 3127 5448 miserabilius,
3159 5384 3296 5437 hunc
3326 5386 3565 5439 morbum
3593 5398 3780 5441 curatu

2200 5469 2470 5528 difﬁcilem
2496 5482 2549 5528 et
2594 5474 2924 5545 tyrannicum
2958 5475 3109 5528 nobis
3138 5475 3401 5533 clformat.
3422 5475 3778 5546 Conspectum

2201 5567 2398 5638 quippe
2419 5569 2592 5620 solum
2626 5563 2959 5635 splendidum
2990 5565 3176 5630 habet;
3206 5565 3456 5620 interiora
3492 5583 3641 5634 vero,
3672 5584 3778 5621 non

2196 5675 2363 5715 vacua
2393 5658 2570 5723 modo,
2604 5656 2699 5711 sed
2724 5656 2881 5710 etiam
2912 5654 3174 5710 dedecore
3199 5665 3254 5709 et
3278 5656 3476 5711 crudeli
3501 5657 3780 5727 tyrannide

2198 5752 2352 5821 plena
2382 5758 2522 5804 sunt.
2555 5747 2706 5803 Unde
2735 5762 2862 5817 ergo
2888 5749 3140 5813 nascitur,
3172 5747 3401 5817 inquies,
3432 5748 3648 5801 morbus
3670 5757 3778 5802 tam

2196 5845 2458 5900 absurdus
2479 5886 2494 5910 ,
2538 5843 2786 5912 nullaque
2827 5839 3062 5895 afﬁciens
3106 5840 3420 5911 voluptate?
3453 5839 3638 5895 Unde?
3660 5840 3777 5894 Non

2201 5936 2413 5993 aliunde
2436 5951 2591 6007 quam
2619 5950 2647 5989 a
2670 5934 2757 5989 vili
2779 5942 2833 5990 et
2856 5932 3064 6003 abjecto
3086 5931 3284 5988 animo.
3304 5930 3419 5986 Non
3442 5942 3615 6003 potest
3635 5934 3777 5985 enim
