4074 6374
266 442 344 501 43
1512 453 1581 510 IN
1612 449 1927 508 JOANNEM

2033 450 2198 510 κω..
2241 453 2326 510 m.
2366 463 2436 512 al.
2477 456 2540 511 ll.
3648 452 3720 506 «ﬂ

265 561 492 629 ἑώρακε
532 561 641 617 τὸν
672 567 934 638 Πατέρα⁹
979 568 1073 623 καὶ
1091 609 1107 632 ,
1137 569 1263 623 Ἵνα
1313 568 1535 636 πάντες
1579 569 1793 638 τιμῶσι
1836 567 1943 619 τὸν

2051 569 2298 626 συνιδεῖν.
2319 572 2382 624 El
2411 573 2520 644 γὰρ
2558 571 2833 644 ἐθελήσεις
2859 569 3134 642 ἐρωτῆσαί
3167 585 3288 622 τινα
3311 565 3418 620 τῶν
3446 565 3722 619 πολιτευο-

275 659 436 722 Υιὸν,
470 661 666 728 καθὼς
712 665 925 734 τιμῶσι
960 667 1070 720 τὸν
1112 658 1361 736 Πατέρα.
1402 667 1630 735 Ὠσπερ
1673 669 1706 720 ὁ
1739 665 1944 732 Πατὴρ
2052 663 2226 733 μένων
2253 667 2435 720 καὶτὰ
2462 667 2727 738 πολυτελῆ
2763 667 3123 721 δαπανώντων
3157 665 3542 735 δαπανήματα,
3574 661 3718 723 τίνος

263 750 476 820 ἐῖΐιζρει
505 757 649 824 τοὺς
679 761 934 829 νεκροὺς
972 762 1070 816 καὶ
1100 761 1379 826 ζωοποιεῖ,
1407 765 1562 818 οὕτω
1586 765 1685 818 καὶ
1716 767 1749 818 ό
1786 765 1938 829 Υἱὸς,

2048 761 2233 816 ἕνεκεν
2259 764 2510 818 τοσοῦτον
2541 763 2757 818 κενοῦσι
2785 766 3025 836 χρυσίον,
3057 764 3150 818 καὶ¹
3179 762 3230 817 τί
3262 761 3507 832 βούλεται
3535 760 3718 822 αὐτοῖς

265 847 376 913 οὓς
409 849 592 915 θέλει,
626 852 908 913 ζωοποιεῖ.
959 858 1014 911 '0
1049 859 1253 928 Πατήρ
1290 877 1410 929 μου
1442 859 1556 924 ἓως
1599 858 1730 928 ἄρτι
1771 858 1944 927 ἐργά-
2044 859 2078 929 ἡ
2112 859 2346 931 τοσαύτη
2392 861 2636 932 δαπάνη,
2677 861 2830 914 οὐδὲν
2874 860 3060 931 ἕτερον
3097 859 3305 932 ἀκούσῃ
3355 858 3481 929 παρ’
3512 854 3712 914 αὐτῶν.

265 943 443 1008 (ἵεται,
473 949 634 1018 κάγὼ
662 951 991 1023 ἐργάζομαι.
1017 955 1221 1022 Καθὼς
1249 957 1526 1028 γινώσκει
1551 973 1626 1027 με
1654 959 1688 1010 ὀ
1716 953 1939 1022 Πατὴρ,

262 1041 430 1111 κάγὼ
489 1045 760 1114 γινώσκω
796 1049 907 1103 τὸν
937 1051 1185 1120 Πατέρα.
1223 1054 1362 1123 Ἐγὼ
1407 1053 1504 1109 καί
1553 1056 1586 1108 ό
1635 1053 1838 1120 Πατὴρ
1869 1051 1940 1104 ἒν

260 1136 474 1202 ἐσμεν.
526 1136 636 1193 καὶ
677 1145 958 1216 πανταχοῦ
987 1147 1046 1200 τὸ
1083 1148 1284 1218 ὥσπερ
1328 1150 1509 1204 καὶτὸ
1549 1150 1703 1203 οὕτω
1731 1148 1900 1212 τιθεὶς
1920 1191 1935 1213 ,

262 1231 358 1282 καὶ
385 1232 448 1284 τὸ
475 1232 534 1286 ἓν
564 1232 702 1290 εἶναι
736 1239 875 1309 πρὸς
897 1241 986 1295 τον
1013 1243 1249 1316 Πατέρα,
1276 1247 1374 1317 τὴν
1410 1247 1546 1316 πρὸς
1570 1246 1731 1299 αὑτὸν
1758 1247 1938 1316 ἀπαρ-

261 1325 520 1392 αλλαξίαν
554 1331 704 1402 δηλοῖ
723 1346 772 1374 ει·
801 1336 901 1408 τὴν
928 1337 985 1392 δὲ
1009 1339 1313 1405 αὐθεντίαν,
1343 1344 1438 1396 καὶ
1467 1343 1555 1396 διὰ
1578 1343 1783 1396 τούτων
1815 1343 1933 1411 μὲν,

261 1423 358 1474 καὶ
382 1424 450 1478 δι’
472 1428 675 1500 ἐτέρων
703 1432 760 1486 δὲ
793 1434 1055 1490 πλειόνων
1081 1439 1412 1492 ἐνδείκνυται
1431 1456 1446 1473 ο
1476 1434 1587 1494 οἷον
1610 1441 1738 1494 ὅταν
1770 1440 1932 1513 λέγῃ⁶

257 1517 482 1582 Σιώπα,
509 1527 850 1596 πεφᾲιωσοο
876 1533 1056 1600 Θέλω,
1088 1537 1501 1603 καθαρίσθητν
1535 1537 1635 1590 Σοὶ
1662 1535 1838 1606 λέγω,
1867 1537 1934 1591 τὸ

257 1612 574 1684 δαιμόνιον
598 1623 665 1676 τὸ
697 1626 900 1694 κωφὸν
936 1629 1034 1683 καί
1067 1629 1319 1695 ἄλαλον,
1347 1631 1558 1697 ἔξελθε
1589 1632 1690 1686 ἀπ’
1721 1633 1930 1688 αὑτοῦ.

258 1709 372 1761 Καὶ
399 1713 481 1778 τὸ,
518 1716 836 1776 Ἠκούσατε
867 1725 956 1779 ὅτι
991 1724 1102 1799 [ὶδ]
1124 1727 1330 1798 ἐρρέθη
1369 1729 1496 1795 τοῖς
1531 1729 1821 1798 ἀρχαίοις,
1849 1731 1931 1783 Οὐ

255 1815 611 1883 φονεύσεις·
643 1819 758 1889 ἐγὼ
793 1820 863 1874 δὲ
890 1823 1045 1894 λέγω
1072 1825 1235 1894 ὑμῖν,
1267 1826 1358 1880 ὅτι
1397 1829 1430 1881 ὀ
1458 1826 1825 1896 ὀργιζόμενος
1852 1826 1934 1892 τῷ

255 1905 501 1978 ἀδελφῷ
549 1916 735 1971 αὑτοῦ
788 1918 954 1987 εἰκῆ,
1008 1921 1222 1991 ἔνοχος
1261 1924 1451 1979 ἔσται.
1493 1924 1604 1978 Καὶ
1649 1925 1748 1977 ὅσα
1799 1924 1933 1978 ἄλλα

255 2009 484 2062 τοιαῦτα
523 2014 806 2084 νομοθετεῖ
847 2019 940 2072 καὶ
978 2019 1400 2092 θαυματουργεῖ,
1445 2022 1608 2076 ἱκανὰ
1637 2022 1804 2090 δεῖξαι
1833 2023 1930 2077 αὐ-

253 2101 350 2154 τοῦ
380 2103 484 2176 τὴν
516 2107 765 2175 ἐξουσίαν
783 2129 799 2142 ·
834 2113 1034 2182 μᾶλλον
1060 2116 1117 2169 δὲ
1147 2117 1209 2170 τὸ
1238 2117 1526 2171 πολλοστὸν
1553 2117 1729 2172 αὐτῶν
1765 2118 1928 2190 μέρος

259 2197 447 2254 ἱκανὸν
488 2204 617 2268 τούς
652 2207 725 2279 μὴ
771 2207 892 2263 λίαν
940 2211 1394 2285 ἀναισθητοῦντας
1427 2216 1874 2288 προσαγαγέσθαι
1898 2216 1927 2256 b

256 2292 350 2345 καὶ
384 2298 595 2352 πεῖσαι.

322 2393 385 2440 ε’.
437 2390 600 2448 Ἀλλά
650 2397 756 2469 γὰρ
787 2399 960 2454 δεινὸν
1001 2403 1034 2474 ἡ
1067 2403 1338 2468 κενοδοξία
1381 2406 1476 2459 καὶ¹
1513 2406 1650 2477 πρὸς
1693 2405 1762 2460 τά
1804 2405 1928 2461 λίαν

258 2485 474 2556 φανερά
516 2489 906 2562 άποτυφλῶσαι
942 2496 1040 2568 τὴν
1082 2499 1320 2554 διάνοιαν
1346 2502 1456 2555 τῶν
1492 2503 1582 2557 ὐπ’
1611 2503 1781 2572 αὐτῆς
1809 2505 1930 2558 άλι-

258 2580 562 2648 σκομένων,
596 2586 691 2640 καὶ
721 2592 833 2653 τοῖς
870 2590 1311 2663 ὡμολογημένοις
1343 2597 1528 2651 πεῖσαι
1566 2597 1887 2666 φιλονεικεῖν
1910 2617 1924 2630 ·

256 2673 480 2747 ἐτέρους
519 2679 577 2734 δὲ
611 2684 705 2736 καὶ
733 2686 936 2758 σφόδρα
969 2688 1177 2754 εἰδότας
1222 2691 1452 2763 τάληθὲς
1486 2693 1579 2746 καὶ
1630 2695 1930 2766 πεπεισμέα-

256 2787 398 2837 νους.
432 2777 512 2840 είς
551 2779 837 2852 ὑπόκρισιν
867 2785 963 2837 καὶ
1006 2787 1319 2842 ἀντίστασιν
1364 2789 1592 2860 ἀλείφει.
1621 2791 1804 2844 Ταῦτα
1835 2793 1930 2846 καὶ

255 2865 350 2919 ἐπὶ
379 2869 492 2922 τῶν
528 2875 792 2930 Ἰουδαίων
824 2880 1050 2947 ἐγίνετο.
1079 2883 1154 2935 Οὐ
1189 2884 1297 2955 γὰρ
1327 2885 1394 2938 δι’
1417 2885 1639 2954 ἄγνοιαν
1671 2888 1930 2958 ἠρνοῦντο

254 2963 345 3016 τὸν
376 2967 476 3020 τοῦ
515 2969 650 3024 Θεοῦ
691 2973 840 3040 Υίὸν,
868 2977 981 3030 ἀλλ’
1009 2978 1096 3032 ἵνα
1130 2979 1229 3051 τῆς
1263 2981 1413 3053 παρά
1449 2982 1558 3035 τῶν
1595 2983 1804 3037 πολλῶν
1837 2983 1931 3037 τύ-

253 3078 390 3129 γωσι
439 3067 627 3136 τιμῆς.
669 3071 776 3124 Καὶ
806 3073 933 3144 γὰρ,
971 3075 1328 3131 Ἐπίστευον
1373 3082 1460 3146 είς
1500 3081 1707 3143 αὐτόν,
1743 3084 1925 3152 φησιν,

254 3157 370 3211 ἀλλ’
396 3160 686 3231 ἐφοϐοῦντο
713 3167 800 3222 ἵνα
831 3171 906 3241 μὴ
937 3172 1356 3242 ἀποσυνάγωγοι
1389 3175 1675 3244 γένωνται,
1708 3179 1802 3232 καὶ
1829 3180 1928 3250 τὴν

254 3255 436 3309 αὐτῶν
469 3261 786 3330 προέτειναν
817 3264 868 3304 b‘
903 3267 1175 3338 σωτηρίαν
1211 3269 1436 3341 ἑτέροις.
1486 3271 1561 3324 Οὐ
1613 3273 1723 3343 γὰρ
1756 3273 1921 3337 ἐστιν,

251 3353 350 3404 οὐκ
383 3353 502 3408 ἐστι
525 3356 615 3410 τὸν
638 3357 779 3412 οὕτω
811 3361 1055 3433 σφοδρῶς
1078 3365 1144 3434 τῇ
1175 3364 1424 3436 παρούσῃ
1445 3364 1760 3420 δουλεύοντα
1779 3368 1924 3440 δόξῃ,

249 3447 351 3516 τῆς
384 3450 538 3522 παρὰ
568 3451 661 3505 τοῦ
695 3454 830 3508 Θεοῦ
869 3459 1073 3528 τυχεῖν.
1105 3457 1196 3510 Διὸ
1229 3460 1323 3511 καὶ
1352 3459 1683 3530 ἐπετίμησεν
1722 3463 1922 3530 αὐτοῖς,

249 3544 455 3596 είπὼνο
502 3545 639 3612 Πῶς
685 3548 956 3605 δύνασθε
1011 3554 1338 3614 πιστεύειν,
1388 3553 1577 3618 δόξαν
1613 3558 1772 3625 παρὰ
1819 3560 1926 3614 ἀν-

251 3638 499 3706 θρώπων
516 3644 945 3714 λαμϐάνοντες,
970 3650 1066 3703 καί
1098 3649 1211 3714 τὴν
1234 3650 1391 3718 παρά
1417 3651 1526 3706 τοῦ
1551 3652 1698 3706 Θεοῦ
1735 3655 1815 3723 μὴ
1832 3655 1928 3725 τη-

249 3735 530 3802 τοῦντες;
553 3740 703 3811 Μέθη
728 3743 834 3812 γάρ
849 3744 933 3808 τίς
955 3745 1070 3798 ἐστι
1096 3745 1282 3816 βαθεῖα
1297 3763 1311 3776 ο
1335 3748 1429 3800 καὶ
1448 3747 1528 3801 διὸ
1548 3748 1927 3820 δυσανάγωγον

248 3829 340 3882 τον
389 3835 725 3904 χειρωθέντα
765 3842 909 3892 ποιεῖ
935 3843 1094 3896 τοῦτο
1134 3843 1194 3896 τὸ
1237 3843 1427 3906 πάθος.
1455 3843 1604 3914 Αὐτη
1637 3846 1746 3899 τῶν
1775 3847 1928 3900 ἁλόν-

249 3943 356 3978 των
381 3927 483 3998 τὴν
515 3930 695 4003 ψυχὴν
728 3934 1072 4007 ἀποσχίσασα
1099 3939 1208 3992 τῶν
1237 3939 1502 4010 οὐρανῶν,
1540 3945 1606 4012 τῇ
1648 3945 1717 4014 γῇ
1756 3961 1925 4015 προσ-

249 4024 390 4092 ηλοῖ,
423 4028 520 4080 καὶ
552 4029 690 4100 πρὸς
711 4033 774 4085 τὺ
805 4033 920 4101 φῶς
948 4035 1246 4105 ἀναϐλέψαι
1275 4037 1336 4090 τὸ
1367 4037 1617 4107 ἀληθινὸν
1647 4039 1745 4092 οὐκ
1772 4041 1927 4112 ἀφίη-

252 4137 357 4183 σιν,
385 4121 502 4175 ἁλλ’
530 4125 586 4177 ἐν
624 4125 702 4196 τῷ
733 4126 975 4200 βορϐόρῳ
1005 4129 1289 4196 διαπαντὸς
1323 4132 1686 4188 καλινδεῖσθαι
1725 4135 1921 4202 πείθει,

248 4220 739 4284 κατασκευάζουσα
785 4223 1048 4289 δεσπότας
1086 4227 1270 4290 αὐτοῖς
1318 4226 1460 4281 οὕτω
1517 4229 1808 4295 δυνατοὺς,
1849 4232 1924 4298 ὡς

249 4313 420 4383 χωρὶς
442 4314 834 4387 ἐπιταγμάτων
867 4318 1044 4372 αὐτῶν
1074 4322 1314 4391 κρατεῖν.
1351 4321 1408 4375 Ὁ
1437 4320 1546 4393 γὰρ
1566 4323 1723 4377 τοῦτο
1753 4325 1924 4377 νοσῶν

249 4408 310 4459 το
340 4408 593 4478 νόσημα,
641 4412 734 4464 καὶ
771 4413 996 4485 μηδενὸς
1033 4415 1380 4481 κελεύοντος,
1429 4419 1750 4492 αὐτομάτως
1785 4425 1927 4477 ποιεῖ

250 4503 451 4564 πάντα,
480 4503 692 4576 ὅσαπερ
719 4503 786 4558 ἂν
825 4507 1002 4578 οἴηται
1045 4507 1268 4579 τέρπειν
1299 4511 1465 4566 αὐτοῦ
1512 4516 1637 4579 τοὺς
1677 4518 1921 4589 κυρίους.

247 4596 363 4649 Καὶ
393 4597 502 4669 γάρ
535 4599 724 4668 ἱμάτια
750 4600 890 4656 καλά
919 4603 1252 4675 περιτίθεται
1285 4605 1352 4659 δι’
1374 4608 1636 4674 ἐκείνους,
1669 4610 1763 4664 καὶ
1793 4611 1925 4666 καλ-

249 4691 476 4759 λωπίζει
509 4695 608 4766 τὴν
634 4694 778 4766 ὄψιν,
814 4697 912 4767 οὐχ
941 4699 1120 4771 ἐαυτῷ
1150 4701 1328 4766 τοῦτο,
1356 4703 1468 4757 ἀλλ’
1500 4706 1706 4777 ἐτέροις
1734 4709 1924 4777 ἐπιτη-

251 4786 442 4854 δεύων,
491 4793 586 4845 καὶ
620 4792 947 4859 ἀκολούθους
979 4796 1233 4868 περιάγει
1273 4797 1417 4852 κατά
1445 4799 1544 4871 τὴν
1578 4801 1805 4874 ἀγοράν,
1836 4804 1923 4858 ἵνα

253 4881 601 4955 θαυμάζηται
641 4886 771 4958 παρ’
799 4887 1032 4960 ἐτέρων·
1065 4889 1160 4941 καὶ
1203 4891 1383 4943 πάντα
1419 4889 1456 4945 ἃ
1493 4895 1637 4946 ποιεῖ
1676 4894 1776 4965 τῆς
1813 4897 1921 4952 τῶν

252 4976 425 5031 ἄλλων
472 4978 662 5032 ἕνεκεν
691 4981 982 5051 ἀρεσκείας
1011 4981 1270 5051 ὑπομένει
1323 4984 1510 5054 μόνης.
1540 4980 1688 5058 Ἆρα
1725 4988 1920 5056 γένοιτ’

253 5073 322 5125 ἄν
351 5091 403 5128 τι
429 5074 623 5129 τούτου
654 5076 1032 5148 χαλεπώτερον
1071 5077 1277 5143 πάθος;
1303 5079 1420 5132 Ἵνα
1448 5079 1625 5152 ἕτεροι
1656 5093 1677 5120 ο
1711 5082 1923 5155 θαυμά-

257 5182 418 5223 σωσιν
469 5171 665 5238 αὐτὸν,
718 5171 1221 5245 κατακρημνίζεται
1281 5175 1538 5244 συνεχῶς.
1590 5177 1772 5232 Ὶκανά
1823 5180 1922 5251 μὲν

254 5259 344 5316 οὖν
372 5267 466 5320 καὶ
510 5268 579 5322 τὰ
607 5268 871 5340 εἰρημένα
919 5268 1070 5340 παρὰ
1107 5268 1202 5322 τοῦ
1235 5271 1496 5340 Χριστοῦ,
1531 5271 1702 5339 δεῖξαι
1741 5276 1923 5330 πᾶσαν

258 5361 413 5416 αὐτοῦ
465 5363 567 5435 τὴν
602 5364 922 5437 τυραννίδαο
956 5364 1095 5437 πλὴν
1134 5365 1230 5419 καὶ
1268 5365 1519 5420 ἐντεῦθεν
1565 5368 1712 5424 ἔστιν
1745 5371 1914 5445 αὐτὴν

311 5553 340 5583 ⁸
373 5552 497 5603 Hor.
517 5555 597 5603 διὰ
615 5554 797 5603 τούτων
820 5554 974 5613 δηλοῖ.
994 5555 1050 5604 In
1073 5554 1184 5604 Sav.
1210 5555 1288 5604 διὰ
1309 5555 1490 5605 τούτων
1511 5557 1674 5608 deest.

312 5614 342 5654 Β
362 5619 462 5665 Alii
495 5618 836 5685 προσάγεσθαι,
884 5616 1051 5685 Μοχηή
1095 5618 1355 5678 κενοδοξία,
1388 5619 1584 5680 quidam
1624 5623 1655 5678 ἡ
1681 5622 1920 5685 φιλαρχία,

255 5689 377 5742 unus
387 5685 451 5742 et
472 5679 582 5727 cod.
603 5678 697 5742 706
713 5681 744 5735 ἡ
769 5679 1058 5742 φιλαργυρία.

311 5738 358 5806 ιιξ
378 5740 522 5790 Forte
538 5738 795 5806 προέπιον,
811 5738 976 5806 inquit
993 5741 1104 5791 Sav.
1120 5740 1218 5806 Sed_
1239 5752 1290 5787 in
1308 5743 1534 5806 omnibus
1557 5743 1922 5806 exemplaribus

256 5799 434 5871 legilur
453 5799 746 5871 προέτειναν,
783 5802 837 5851 id
884 5799 965 5852 est
1015 5801 1377 5867 protenderum,
1425 5805 1531 5853 sive
1570 5799 1919 5871 propiharunt;

258 5863 471 5924 nihilque
493 5863 802 5912 mutandum.

316 5927 343 5994 ξ
364 5925 587 5994 δεῇ-,ἶνα
618 5926 790 5994 ἕτεροι.
815 5925 938 5994 _M_0r.
961 5925 1156 5994 ἶνα-γὰρ
1186 5925 1355 5994 ἕτεροι.
1371 5927 1509 5994 ibid:
1539 5927 1652 5994 SM}.
1675 5934 1922 5994 postum-

395 5984 533 6058 addill
546 5984 718 6058 ῌούλέι
743 5988 904 6058 μαθεῖν
922 5984 1173 6058 αὐτοῦ
1194 5984 1468 6058 τυραννίδα]
1495 5989 1650 6038 ίκανά.
1674 5984 1774 6058 Se_d
1796 5991 1918 6054 hac,

271 6045 426 6094 Βούλει
448 6049 607 6107 μαθεῖν
628 6045 778 6096 αὐτοῦ
800 6051 886 6106 τήν
906 6051 1167 6114 τυραννίδα,
1188 6045 1299 6112 (ιυῶ
1319 6055 1368 6104 in
1389 6045 1575 6116 οιίὲιυοι
1599 6067 1713 6104 mss.
1739 6045 1920 6118 leguli;

271 6115 359 6159 tur.
383 6111 570 6159 inutilia
599 6108 844 6159 videnlur.

271 6115 359 6167 tur,
383 6111 570 6159 inutilia
599 6111 844 6159 videnlur.

2043 953 2156 1006 ἀλλ’
2192 955 2225 1026 ἢ
2272 956 2366 1009 τοῦ
2398 956 2571 1028 δήμου
2605 955 2703 1026 τὴν
2741 955 3050 1027 ἀρέσκειαν.
3083 955 3147 1007 El
3179 954 3236 1008 δὲ
3276 953 3439 1008 πάλιν
3473 952 3617 1024 ἔροιο
3660 951 3712 1003 τί

2041 1047 2240 1119 δήποτε
2278 1051 2308 1104 6
2354 1051 2524 1122 δῆμός
2558 1053 2724 1116 ἐστιν,
2768 1050 2972 1122 ἐροῦσι,
3012 1052 3250 1122 Πρᾶγμα
3284 1047 3510 1121 θορύϐου
3546 1046 3712 1118 γέμον

2042 1146 2137 1200 καὶ
2181 1147 2524 1218 ταραχῶδες,
2561 1148 2656 1202 καὶ
2699 1147 2757 1214 ἐξ
2801 1146 2989 1210 ἀνοίας
3032 1146 3093 1200 τὸ
3129 1145 3290 1200 πλέον
3336 1143 3708 1214 συγκείμενον,

2040 1242 2225 1307 ἁπλῶς
2257 1243 2574 1315 φερόμενον,
2605 1243 2745 1297 κατά
2779 1243 2847 1296 τά
2877 1244 2976 1314 τῆς
3005 1242 3274 1312 θαλάττης
3306 1240 3543 1311 κύματα,
3582 1238 3711 1290 πολ-

2038 1337 2194 1402 λάκις
2249 1339 2342 1392 καὶ
2391 1341 2457 1392 ἐκ
2508 1339 2751 1393 ποικίλου
2801 1339 2894 1392 καὶ
2949 1338 3263 1410 μαχομένης
3321 1335 3710 1404 συνιστάμενον

2037 1433 2280 1504 γνώμης.
2299 1435 2468 1488 Ὅταν
2489 1431 2580 1488 οὖν
2601 1452 2682 1498 τις
2707 1434 2944 1488 τοιοῦτον
2966 1433 3062 1504 ἔχῃ
3083 1434 3368 1503 δεσπότην,
3388 1431 3530 1493 τίνος
3551 1430 3711 1482 ἐλεειο

2037 1528 2254 1600 νότερος
2281 1531 2380 1584 οὐκ
2412 1530 2524 1603 [24]
2556 1531 2619 1584 ἂν
2654 1531 2772 1602 εἴης
2809 1530 2966 1583 Ἀλλά
3000 1532 3058 1582 τὸ
3101 1529 3197 1600 μὲν
3230 1526 3547 1599 ἀνθρώπους
3582 1523 3710 1594 βιω-

2037 1630 2219 1687 τικούς
2254 1629 2381 1699 περὶ
2412 1628 2586 1683 ταῦτα
2623 1628 2942 1698 ἐπτοῆσθαι,
2969 1627 3067 1696 οὐχ
3095 1625 3237 1678 οὕτω
3269 1623 3437 1677 δεινόν
3457 1639 3471 1654 ·
3505 1620 3708 1690 καίπερ

2035 1722 2095 1774 ὃν
2127 1723 2330 1777 δεινόν·
2361 1723 2422 1776 τὸ
2470 1724 2528 1778 δὲ
2575 1724 2702 1787 τοὺς
2748 1721 2842 1776 τοῦ
2882 1723 3086 1794 κόσμου
3133 1721 3388 1788 λέγοντας
3419 1718 3708 1785 ἀποπεπη-

2034 1819 2253 1889 δηκέναι
2297 1819 2364 1873 τά
2394 1821 2533 1874 αὐτά
2573 1823 2767 1882 νοσεῖν,
2809 1820 3008 1890 μᾶλλον
3047 1819 3101 1872 δὲ
3145 1815 3520 1888 χαλεπώτερα,
3549 1812 3709 1866 τοῦτο

2037 1915 2273 1984 μάλιστά
2298 1918 2410 1970 ἐστι
2443 1917 2504 1970 τὸ
2535 1917 2725 1970 δεινόν.
2772 1915 3030 1977 Ἐκείνοις
3071 1912 3169 1984 μὲν
3212 1911 3319 1980 γὰρ
3364 1909 3524 1979 μέχρι
3570 1923 3706 1977 χρη-

2035 2013 2222 2082 μάτων
2260 2015 2293 2085 ἡ
2328 2014 2531 2085 ζημίαο
2569 2013 2801 2067 ἐνταῦθα
2849 2012 2905 2065 δέ
2953 2012 3113 2082 μέχρι
3145 2008 3321 2079 ψυχῆς
3363 2011 3392 2061 6
3442 2004 3703 2066 κίνδυνος.

2035 2108 2204 2160 Ὅταν
2248 2108 2357 2179 γάρ
2395 2109 2482 2162 διά
2512 2109 2667 2175 δόξαν
2699 2107 2882 2162 πίστιν
2929 2106 3228 2177 ἀμείϐωσιν
3269 2102 3456 2174 ὀρθὴν,
3491 2099 3586 2154 καὶ
3618 2099 3708 2151 ἵνα

2033 2205 2185 2258 αὐτοὶ
2231 2205 2589 2272 δοξάζωνται,
2626 2205 2715 2258 τὸν
2761 2204 2894 2258 Θεὸν
2926 2201 3264 2274 ἀτιμάζωσι,
3306 2200 3428 2252 τίνα
3471 2196 3704 2266 ὑπερϐο-

2031 2301 2128 2372 λὴν
2170 2303 2270 2356 οὐκ
2312 2303 2378 2356 ἂν
2426 2303 2538 2374 έχοι
2575 2301 2878 2374 βλακείαςά
2915 2301 3008 2356 καὶ
3057 2297 3251 2370 μανίας
3295 2297 3356 2350 τὺ
3384 2294 3704 2366 γινόμενον;

2031 2397 2155 2449 είπέ
2193 2415 2302 2470 μοι.

2102 2495 2182 2548 Τά
2214 2494 2311 2565 μὲν
2347 2487 2439 2548 οῦν
2482 2492 2616 2547 ἄλλα
2644 2491 2816 2562 πάθη,
2847 2493 2953 2546 κᾶν
2980 2490 3182 2561 πολλὴν
3215 2487 3311 2558 τὴν
3349 2484 3551 2558 βλάϐην
3581 2482 3701 2553 ἔχῃ,

2031 2589 2185 2660 φέρει
2213 2588 2343 2658 γοῦν
2367 2605 2489 2642 τινα
2521 2587 2616 2642 καὶ
2641 2587 2853 2658 ἡδονὴν,
2883 2587 2932 2640 εί
2968 2585 3063 2640 καὶ
3091 2585 3424 2655 πρόσκαιρον
3453 2580 3546 2633 καὶ
3581 2577 3705 2650 βρα-

2030 2685 2203 2752 χεῖαν.
2245 2684 2354 2737 Καὶ
2393 2683 2502 2754 γάρ
2526 2685 2554 2736 6
2585 2682 3009 2754 φιλοχρήματος,
3060 2682 3156 2734 καὶ
3181 2682 3209 2733 6
3239 2678 3493 2748 φίλοινος,
3539 2674 3636 2728 καὶ
3671 2673 3703 2726 6

2031 2778 2344 2848 φιλογύνης,
2383 2777 2564 2848 ἔχουσί
2595 2794 2718 2831 τινα
2753 2777 2890 2848 μετά
2918 2778 3016 2847 τῆς
3051 2774 3254 2845 βλάϐης
3283 2772 3376 2826 καὶ
3411 2769 3625 2842 ἡδονὴν,
3651 2769 3701 2821 εί

2029 2877 2124 2930 καὶ
2155 2875 2439 2949 βραχεῖαν·
2470 2876 2519 2928 οί
2546 2875 2602 2928 δέ
2625 2874 2720 2928 τοῦ
2754 2874 2957 2936 πάθους
2990 2871 3322 2942 αἰχμάλωτοι
3344 2865 3558 2925 τούτου,
3587 2862 3701 2915 δια-

2031 2973 2231 3036 παντὸς
2275 2971 2616 3042 κατάπικρον
2651 2971 2785 3035 ζῶσι
2820 2969 2933 3040 βίον
2973 2970 3068 3022 καὶ
3097 2968 3288 3039 ἡδονῆς
3330 2957 3703 3032 ἀπεστερημέ-

2030 3086 2138 3122 νον.
2183 3069 2258 3120 Οὐ
2291 3067 2398 3138 γάρ
2449 3066 2900 3137 ἐπιτυγχάνουσιν
2941 3058 3002 3119 οὗ
3043 3064 3247 3134 σφόδρα
3295 3055 3496 3130 ἐρῶσι,
3544 3055 3702 3122 δόξης

2034 3166 2178 3235 λέγω
2207 3166 2306 3237 τῆς
2358 3163 2508 3235 παρά
2548 3164 2656 3216 τῶν
2709 3161 2950 3216 πολλῶν·
3004 3159 3139 3214 ἀλλὰ
3183 3157 3397 3211 δοκοῦσι
3434 3155 3533 3226 μὲν
3564 3155 3700 3206 ἀποο

2028 3263 2211 3317 λαύειν
2266 3261 2462 3331 αὐτῆς,
2508 3259 2608 3312 οὐκ
2649 3257 2981 3312 ἀπολαύουσι
3025 3256 3103 3320 δὲ,
3151 3255 3239 3308 διά
3284 3253 3346 3307 τὸ
3383 3251 3516 3322 μηδέ
3563 3243 3704 3302 εἶναι

2027 3360 2184 3426 δόξαν
2208 3358 2270 3411 16
2299 3358 2552 3429 πρᾶγμα.
2578 3353 2680 3408 Διά
2705 3353 2862 3406 τοῦτο
2885 3351 3012 3405 οὐδέ
3031 3351 3176 3418 δόξα,
3204 3349 3339 3402 ἀλλὰ
3367 3347 3521 3402 κενὸν
3547 3345 3708 3413 δόξης

2029 3458 2262 3527 πρᾶγμα
2302 3453 2517 3524 εἴρηται
2559 3451 2622 3505 τὸ
2667 3451 2868 3514 πάθος·
2903 3448 3208 3514 κενοδοξίαν
3254 3447 3311 3499 δὲ
3349 3443 3480 3499 αὐτὸ
3515 3442 3609 3496 καὶ
3652 3441 3704 3493 οἰ

2029 3549 2250 3603 παλαιοὶ
2280 3549 2479 3611 πάντες
2511 3547 2735 3610 εἰκότως
2778 3546 3060 3600 ἐκάλεσαν.
3091 3544 3346 3604 Διάκενος
3387 3539 3497 3610 γάρ
3529 3540 3700 3597 ἐστιν,

2027 3621 2174 3696 ἔνδον
2211 3643 2361 3696 οὐδὲν
2402 3641 2600 3712 ἔχουσα
2646 3642 2898 3713 λαμπρὸν
2929 3641 3022 3695 καὶ
3050 3639 3309 3703 ἐπίδοξον.
3348 3634 3490 3689 Ἀλλ’
3511 3631 3704 3703 ὥσπερ

2026 3743 2094 3795 τὰ
2127 3743 2445 3813 προσωπεῖα
2485 3741 2632 3793 δοκεῖ
2667 3741 2766 3810 μὲν
2797 3735 2936 3792 εἶναι
2980 3737 3209 3809 λαμπρά
3256 3734 3352 3788 καὶ
3395 3732 3693 3802 ἐπέραστα,

2026 3837 2156 3892 κενά
2193 3838 2248 3890 δὲ
2291 3837 2436 3891 ἔνδον
2469 3837 2620 3890 ἐστί·
2651 3837 2731 3890 διὸ
2773 3837 2868 3890 καὶ
2904 3837 3012 3888 τῶν
3046 3831 3368 3903 σωματικῶν
3403 3829 3580 3898 ὄψεων
3611 3825 3704 3878 εὐ-

2027 3935 2374 4004 πρεπέστερα
2406 3945 2429 3973 θ
2475 3934 2637 4000 ὄντα,
2685 3933 2873 3986 οὐδένα
2910 3931 3163 3985 οὐδέποτε
3199 3927 3335 3998 πρὸς
3385 3925 3478 3978 τὸν
3525 3923 3703 3992 ἔρωτα

2027 4029 2138 4086 εἷλε
2166 4031 2254 4085 τὸν
2278 4029 2477 4084 αὐτῶν·
2505 4029 2667 4093 οὐτω,
2690 4029 2890 4100 μᾶλλον
2916 4027 2971 4080 δὲ
3003 4024 3347 4093 ἀθλιώτερον,
3366 4020 3460 4074 καὶ
3487 4020 3520 4088 ἡ
3551 4015 3702 4087 παρά

2027 4128 2136 4182 τῶν
2177 4126 2387 4180 πολλῶν
2419 4126 2577 4191 δόξα,
2621 4126 2682 4180 τὸ
2725 4123 3231 4192 δυσκαταγώνιστον
3273 4118 3434 4172 τοῦτο
3467 4115 3563 4168 καὶ
3607 4130 3704 4165 τυ-

2032 4223 2278 4296 ραννικὸν
2313 4223 2484 4286 πάθος
2509 4224 2642 4292 ἡμῖν
2681 4220 3068 4292 ἐσχημάτισεν.
3100 4216 3260 4286 Ὀψιν
3297 4214 3408 4284 γὰρ
3446 4211 3556 4280 ἕχει
3603 4208 3700 4278 μό-

2026 4338 2125 4392 νην
2167 4310 2449 4392 λαμπράν,
2489 4317 2555 4371 τά
2587 4317 2645 4371 δέ
2687 4317 2834 4370 ἔνδον
2876 4317 3043 4386 αὐτῆς
3076 4315 3177 4367 οὐκ
3220 4312 3299 4364 ἔτι
3345 4307 3478 4362 κενά
3518 4305 3698 4375 μόνον,

2026 4415 2161 4470 ἀλλά
2201 4416 2294 4469 καὶ
2325 4414 2550 4484 ἀτιμίας
2592 4413 2908 4485 ἀνάμεστα,
2951 4412 3045 4466 καὶ
3081 4411 3238 4482 ὠμῆς
3271 4409 3431 4478 γέμει
3463 4407 3563 4476 τῆς
3603 4420 3698 4456 τυ-

2028 4509 2289 4582 ραννίδος.
2341 4509 2511 4562 Πόθεν
2554 4507 2647 4564 οὖν
2681 4510 2922 4564 τίκτεται
2967 4507 3128 4562 τοῦτο
3174 4506 3233 4559 το
3279 4503 3481 4566 πάθος,
3527 4499 3700 4562 οὕτως

2025 4606 2218 4675 ἄλογον
2265 4604 2344 4670 ὃν,
2393 4605 2487 4657 καὶ
2537 4605 2728 4677 ἡδονὴν
2781 4605 2880 4657 οὐκ
2917 4603 3060 4674 ἔχον,
3112 4599 3280 4671 φησί;
3331 4597 3536 4661 Πόθεν;
3587 4593 3700 4663 Οὐχ

2025 4700 2311 4771 ἑτέρωθεν,
2338 4700 2510 4772 ἀλλ’ἢ
2545 4701 2654 4754 ἀπὸ
2683 4700 2861 4772 ψυχῆς
2895 4699 3156 4769 ταπεινῆς
3186 4697 3282 4750 καὶ
3316 4692 3584 4754 εὐτελοῦς.
3615 4690 3694 4742 Οὐ

2025 4800 2136 4872 γὰρ
2169 4798 2284 4851 ἐστι
2323 4797 2414 4850 τὸν
2456 4797 2561 4851 ὐπὸ
2606 4797 2764 4866 δόξης
2794 4797 3006 4860 ἁλόντα,
3043 4794 3184 4866 μέγα
3219 4809 3273 4845 τι
3315 4790 3410 4846 καὶ
3453 4786 3702 4842 νεανικὸν

2027 4896 2274 4968 ἐννοῆσαι
2305 4894 2515 4964 ταχέως
2535 4911 2548 4924 ο
2579 4893 2692 4947 ἀλλ’
2721 4892 2944 4964 αἰσχρὸν
2989 4889 3152 4944 αὐτὸν
3181 4883 3319 4941 εἷναι
3347 4887 3448 4952 δεῖ,
3478 4883 3573 4937 καὶ
3609 4883 3701 4935 εὐ-

2023 4993 2185 5063 τελῆ,
2233 4990 2327 5044 καὶ
2379 4990 2592 5061 ἄτιμον,
2639 4992 2736 5043 καὶ⁹
2773 4989 2990 5061 μικρόν.
3038 4989 3095 5040 '0
3129 4986 3238 5058 γάρ
3268 4985 3334 5039 δι’
3366 4980 3564 5056 ἀρετὴν
3600 4979 3700 5051 μὲν

2029 5090 2193 5161 μηδὲν
2238 5088 2430 5150 ποιῶν,
2479 5088 2565 5141 ἵνα
2615 5087 2671 5140 δὲ
2704 5086 2958 5156 ἀνδράσιν
3000 5084 3210 5158 ἀρέσκῃ
3265 5080 3488 5153 μηδενὸς
3527 5077 3699 5144 ἀξίοις

2023 5185 2202 5253 λόγου,
2230 5185 2324 5237 καὶ
2362 5181 2640 5252 πανταχοῦ
2671 5182 2768 5252 τὴν
2807 5180 3030 5234 ἐκείνων
3062 5179 3242 5250 ψῆφον
3287 5176 3567 5247 τιθέμενος
3600 5171 3702 5243 τὴν

2024 5277 2366 5350 ἐσφαλμένην
2400 5277 2496 5332 καὶ
2529 5276 2905 5348 πλανωμένην,
2947 5275 3064 5338 πῶς
3105 5274 3171 5330 ἂν
3203 5273 3352 5337 ἄξιος
3385 5271 3471 5342 εἴη
3518 5268 3698 5332 τινὸςς

2022 5375 2222 5429 Σκόπει
2247 5374 2322 5428 δέ.
2354 5373 2422 5426 Εῖ
2445 5391 2528 5438 τις
2554 5372 2573 5412 ί
2607 5373 2767 5428 αὐτὸν
2793 5373 2995 5446 ἔροιτο·
3022 5373 3094 5426 Σὺ
3122 5372 3177 5425 δὲ
3204 5370 3255 5423 τί
3289 5368 3531 5439 νομίζεις
3559 5362 3700 5422 εἶναι

2024 5473 2151 5536 τοὺς
2191 5469 2452 5534 πολλούς;
2490 5468 2711 5541 εὐδηλον
2755 5472 2838 5524 ὅτι
2877 5469 3154 5542 ῥᾳθύμους
3199 5466 3296 5520 καὶ
3323 5464 3700 5537 ὴμελημένους

2022 5567 2158 5638 ἐρεῖ.
2208 5565 2273 5620 Τί
2317 5565 2413 5632 δέ;
2464 5565 2605 5618 έλοιο
2635 5564 2700 5619 ἂν
2737 5563 2989 5634 γενέσθαι
3021 5562 3141 5615 κατ’
3185 5561 3460 5627 ἐκείνους;
3507 5560 3576 5614 Εἴ
3615 5575 3700 5623 τις

2028 5661 2193 5717 αὐτὸν
2239 5661 2418 5732 ἔροιτο
2464 5660 2649 5722 πάλιν,
2696 5660 2797 5713 οὐκ
2837 5658 2903 5713 ἄν
2948 5675 3038 5730 μοι
3078 5657 3228 5714 δοκεῖ
3275 5658 3500 5731 θελῆσαι
3543 5653 3699 5725 γενέ-

2025 5756 2169 5812 σθαι.
2218 5756 2341 5820 Πῶς
2387 5749 2482 5810 οῦν
2526 5756 2628 5810 οὐκ
2671 5756 2896 5826 ἔσχατος
2949 5754 3160 5824 γέλως,
3213 5755 3313 5828 τὴν
3366 5753 3572 5808 τούτων
3610 5749 3698 5804 δό-

2085 5997 2111 6039 d
2133 5997 2251 6064 Mor.
2277 5997 2367 6064 οὐχ
2388 5997 2484 6064 ἕξοι
2502 5997 2737 6060 βλακείας.
2765 5997 2862 6048 Alii
2903 6013 3003 6051 non
3027 6001 3167 6064 pauci
3194 5999 3281 6048 οὐκ
3301 5999 3356 6047 ἂν
3379 5999 3476 6061 ἔχοι
3499 5997 3692 6060 βλάϐης.

2090 6064 2113 6122 9
2140 6061 2259 6108 Mor.
2283 6059 2646 6122 ἐκπρεπέστερα.

2095 6121 2112 6161 ῐ
2142 6122 2239 6172 Alii
2260 6120 2394 6176 τινός.
2424 6121 2538 6168 Εἰπέ
2559 6120 2646 6183 γάρ
2667 6135 2763 6182 μοι·
2791 6124 2831 6171 εἷ
2850 6140 2940 6184 τιςκ
