4074 6374
297 445 308 457 ’
353 449 422 503 ι5
1139 446 1198 501 S.
1236 447 1522 504 JOANNIS
1559 449 2049 509 CHRYSOSTOMI

2159 448 2407 511 iClllEP.
2450 454 3003 511 CONSTANTINOP.
3746 457 3812 511 ιδ

351 567 450 631 ξαν
497 565 770 638 θηρευειν,
803 554 879 618 ὧν
911 563 1012 618 οὐκ
1052 563 1118 618 ἂν
1161 563 1302 618 ἕλοιο
1348 565 1600 633 γενέσθαι
1649 569 2028 639 παραπλήσιός

353 671 482 708 ποτε
504 671 520 720 ;

425 750 500 809 ς’.
535 744 600 797 Εἰ
642 744 698 796 δὲ
729 743 926 813 λέγοις,
973 743 1055 795 ὅτι
1090 740 1274 794 πολλοὶ
1309 741 1404 794 καὶ
1457 744 1848 814 συνεστηκότες
1883 742 2031 806 τινές

354 835 482 896 εἰσι,
515 832 603 886 διὰ
643 833 800 885 τοῦτο
837 832 1068 902 μάλιστα
1110 829 1289 884 αὐτῶν
1338 835 1699 902 καταφρονεῖν
1749 834 1935 903 ἐχρῆν.
1967 832 2031 884 Εἰ

354 921 463 991 γὰρ
490 919 608 973 καθ’
632 921 855 983 ἑαυτοὺς
883 920 1034 981 ὅντες
1065 919 1204 971 εἰσὶν
1236 918 1724 990 εὐκαταφρόνητοι,
1752 921 1876 974 ὅταν
1915 919 2030 992 [25]

355 1008 540 1061 πολλοί
581 1009 864 1076 γένωνται,
914 1005 1177 1077 μειζόνως
1220 1005 1376 1058 τοῦτο
1419 1006 1780 1078 συμϐήσεται.
1817 1008 1880 1060 Ἢ
1925 1007 2034 1078 γάρ

355 1097 464 1149 τῶν
494 1095 612 1148 καθ’
638 1095 866 1147 ἕκαστον
894 1094 1070 1157 ἄνοια,
1104 1092 1472 1161 συλλεγέντων
1500 1095 1658 1165 ὁμοῦ,
1695 1091 1896 1164 μείζων
1933 1096 2037 1148 ὑπὸ

355 1182 448 1235 τοῦ
482 1182 716 1252 πλήθους
749 1181 1042 1252 αὐξηθεῖσα
1081 1182 1310 1250 γίνεται.
1337 1182 1428 1234 Διὸ
1459 1183 1554 1234 καὶ
1597 1181 1719 1235 καθ’
1747 1183 1840 1236 ἕνα
1863 1195 1889 1222 ι
1935 1183 2036 1253 μὲν

359 1270 538 1323 αὐτῶν
580 1271 628 1322 εί
665 1269 837 1333 λάϐοι,
881 1269 1009 1322 ποτὲ
1048 1268 1113 1322 ἀν
1145 1287 1230 1333 τις
1269 1271 1362 1323 καὶ
1395 1269 1767 1339 διορθώσειεν·
1806 1270 1942 1340 ὁμοῦ
1979 1270 2036 1323 δέ

358 1360 536 1420 ὄντας,
570 1359 668 1412 οὐκ
703 1359 769 1412 ἂν
804 1358 1052 1430 δυνηθείη
1087 1358 1306 1430 ῥᾳδίως,
1350 1359 1436 1411 διὰ
1467 1360 1527 1411 10
1568 1359 1664 1429 τὴν
1699 1358 1883 1412 ἄνοιαν
1914 1360 2036 1412 ἐπι-

358 1446 648 1509 τείνεσθαι,
681 1447 775 1499 καὶ
800 1447 955 1515 δίκην
987 1446 1322 1518 θρεμμάτων
1354 1446 1604 1515 ἄγεσθαι,
1635 1447 1730 1502 καὶ
1763 1447 2037 1516 πανταχοῦ

359 1537 481 1599 ταῖς
516 1536 642 1604 παρ’
685 1535 931 1604 ἀλλήλων
974 1535 1205 1588 ἕπεσθαι
1248 1533 1447 1600 δόξαις.
1500 1533 1716 1605 Ταύτης
1752 1531 1866 1598 οῦν,
1918 1535 2039 1586 εἰπέ

366 1642 490 1694 μοι,
533 1627 633 1695 τῆς
654 1627 803 1696 παρὰ
842 1625 950 1677 τῶν
983 1624 1192 1677 πολλῶν
1249 1625 1664 1693 ἀντιποιήσεσθε
1702 1624 1892 1693 δόξης;
1925 1626 2038 1695 Μὴ,

362 1713 555 1783 δέομαι
598 1713 692 1766 καὶ
731 1713 1017 1767 ἀντιϐολῶ.
1050 1713 1219 1766 Τοῦτο
1252 1713 1361 1784 γάρ
1406 1715 1581 1767 πάντα
1612 1713 1725 1766 ἀνω
1754 1715 1848 1766 καὶ
1891 1714 2042 1766 κάτω

366 1800 660 1870 πεποίηκε·
688 1801 846 1853 τοῦτο
878 1801 1190 1865 πλεονεξίαν
1231 1800 1407 1862 ἔτεκε,
1443 1801 1760 1870 βασκανίαν,
1805 1818 2041 1872 κατηγο-

368 1891 510 1961 ρίαν,
551 1889 880 1952 ἐπιϐουλάςο
925 1888 1083 1942 τοῦτο
1127 1889 1254 1952 τοὺς
1298 1889 1451 1943 οὐδὲν
1496 1891 1860 1960 ἠδικημένους
1903 1889 2044 1942 κατὰ

365 1979 475 2032 τῶν
506 1979 656 2032 οὐδὲν
696 1979 1033 2050 ἠδικηκότων
1079 1979 1290 2043 ὁπλίζει
1333 1979 1427 2032 καί¹
1472 1979 1737 2050 ἐκθηριοῖ.
1780 1980 1890 2033 Καὶ
1921 1979 2045 2032 οὔτε

369 2067 551 2134 φιλίαν
583 2062 724 2119 οἶδεν
765 2069 794 2120 0
827 2066 1002 2137 τούτῳ
1030 2065 1108 2137 τῷ
1134 2067 1403 2136 νοσήματι
1435 2065 1770 2136 περιπεσὼν,
1815 2067 1874 2119 0'3
1919 2084 2046 2118 00v-

367 2153 558 2224 ηθείας
603 2154 902 2223 μέμνηται,
954 2154 1056 2206 οὐκ
1096 2155 1362 2207 αἰδεῖσθαι
1415 2154 1605 2207 οὐδένα
1644 2155 1781 2218 ὅλως
1825 2155 2048 2208 ἐπίστα-

368 2259 492 2296 ται·
525 2243 660 2296 ἀλλά
699 2243 876 2296 πάντα
905 2243 1014 2295 άπδ
1056 2243 1157 2312 τῆς
1188 2243 1368 2313 ψυχῆς
1408 2243 1570 2314 ῥίψας
1608 2243 1675 2296 τά
1718 2243 1879 2308 καλά,
1914 2244 2047 2315 πρὸς

371 2331 580 2394 πάντας
613 2331 1085 2401 ἐκπεπολέμωται,
1128 2331 1378 2395 ἄστατος,
1423 2331 1688 2402 ἄστοργος
1716 2331 1811 2385 ῶν.
1844 2331 1953 2384 Καὶ
1989 2332 2049 2383 τὸ

375 2419 472 2488 μὲν
506 2418 604 2486 τῆς
634 2418 804 2490 ὀργῆς
845 2418 1014 2482 πάθος
1037 2457 1052 2478 ο
1087 2420 1138 2471 εἰ
1182 2421 1277 2472 καὶ
1315 2419 1448 2471 αὐτὸ
1477 2419 1800 2483 τυραννικόν
1834 2420 1887 2471 τί
1931 2420 2048 2471 ἐστι

371 2507 468 2559 καὶ
498 2506 787 2578 ἀφόρητον,
816 2507 930 2560 ἀλλ’
952 2508 1053 2561 οὐκ
1080 2509 1166 2561 ἀεὶ
1201 2507 1488 2578 διενοχλεῖν
1522 2507 1732 2574 εἰωθεν,
1776 2507 1890 2561 ἀλλ’
1920 2508 2050 2560 ὅταν

372 2592 473 2666 ἔχῃ
529 2595 654 2656 τοὺς
699 2595 1098 2665 παροξύνοντας
1151 2596 1340 2666 μόνον’
1386 2595 1446 2649 10
1489 2596 1547 2650 δὲ
1594 2595 1697 2664 τῆς
1749 2595 2048 2658 κενοδοξίας

371 2683 680 2749 διαπαντὸς,
711 2684 805 2738 καὶ
837 2685 936 2738 οὐκ
983 2685 1098 2738 ἔστι
1132 2685 1342 2756 καιρὸς,
1389 2685 1466 2748 ὡς
1497 2687 1694 2747 εἰπεῖν,
1728 2687 1788 2738 ἐν
1817 2677 1861 2752 ᾧ
1893 2683 2050 2753 λῆξαι

372 2771 676 2842 δυνήσεται,
711 2772 787 2842 μὴ
818 2772 1080 2842 λογισμοῦ
1108 2773 1407 2836 κωλύοντος
1435 2771 1604 2842 αὐτὴν
1639 2773 1734 2826 καὶ
1763 2771 2054 2824 καταστέλ-

373 2857 576 2923 λοντος,
605 2859 720 2912 ἀλλ’
744 2861 832 2912 ἀεὶ
869 2860 1152 2931 πάρεστιν,
1179 2862 1240 2914 οὐ
1279 2861 1440 2931 μόνον
1469 2859 1839 2914 ἀναπείθουσα
1870 2861 2053 2930 ἀμαρ-

374 2947 576 3012 τάνειν,
622 2948 756 3000 ἀλλά
803 2948 906 3001 κᾶν
936 2948 1189 3018 τύχωμέν
1218 2967 1270 3001 τι
1313 2946 1732 3018 κατορθοῦντες,
1767 2948 1862 3000 καὶ
1895 2947 2053 3000 τοῦτο

377 3035 778 3108 ἁφαρπάζουσα
823 3035 932 3089 τῶν
969 3035 1188 3107 χειρῶν,
1233 3036 1349 3089 ἐστι
1387 3035 1443 3089 δὲ
1491 3037 1580 3089 ὅτε
1621 3035 1743 3089 οὐδὲ
1781 3037 2052 3104 ἀφιεῖσαδ

376 3123 476 3195 τὴν
505 3125 679 3194 ἀρχὴν
713 3123 1075 3196 κατορθῶσαι.
1106 3125 1168 3177 ΕΞ
1213 3124 1268 3177 δὲ
1299 3123 1397 3196 τὴν
1437 3124 1749 3192 πλεονεξίαν
1775 3127 1802 3178 0
1842 3125 2052 3188 Παῦλος

378 3210 819 3282 εἰδωλολατρείαν
845 3211 1024 3264 καλεῖ·
1055 3211 1152 3282 τὴν
1181 3210 1385 3284 ταύτης
1421 3213 1631 3283 μητέρα
1657 3213 1748 3265 καὶ
1779 3210 1934 3284 ῥίζαν
1961 3214 2055 3266 καὶ

381 3303 584 3372 πηγὴν,
616 3301 712 3371 τὴν
741 3301 1045 3366 κενοδοξίαν
1074 3301 1236 3370 λέγω,
1269 3301 1320 3354 τί
1359 3303 1564 3356 δίκαιον
1599 3301 1889 3373 ὀνομάσαι;
1919 3303 2055 3356 Οὐδὲ

379 3389 490 3458 γάρ
518 3389 884 3459 προσηγορίαν
911 3391 1009 3460 τῆς
1042 3388 1243 3450 κακίας
1271 3388 1427 3454 ἀξίαν
1461 3389 1608 3440 ἐστιν
1638 3389 1837 3460 εὑρεῖν.

466 3477 852 3547 Ἀνανήψωμεν
881 3477 1079 3540 τοίνυν,
1109 3477 1402 3548 ἀγαπητοὶ,
1433 3476 1526 3529 καὶ
1567 3475 1626 3529 τὸ
1660 3476 1892 3546 πονηρὸν
1924 3477 2057 3529 ἀπο-

382 3564 670 3635 δυσώμεθα
704 3564 861 3617 τοῦτο
909 3563 1143 3634 ἱμάτιον,
1190 3565 1284 3617 καὶ
1320 3563 1703 3635 διαρῥήξωμεν
1741 3565 1831 3616 καὶ
1861 3564 2058 3617 ἀποτέ-

389 3671 579 3724 μωμεν
605 3661 650 3718 ·τ,
676 3654 768 3706 καὶ
808 3652 1093 3724 γενώμεθά
1125 3669 1254 3706 ποτε
1296 3652 1568 3722 ἐλεύθεροι
1610 3652 1707 3723 τὴν
1747 3652 2057 3724 ἐλευθερίαν

385 3743 484 3810 τὴν
503 3741 697 3811 ἀληθῆ,
722 3744 813 3795 καὶ
833 3742 1085 3812 λάϐωμεν
1106 3741 1356 3813 αἴσθησιν
1377 3741 1477 3812 τῆς
1498 3741 1772 3810 εὐγενείας
1793 3741 1891 3810 τῆς
1910 3745 2060 3812 παρά

385 3828 480 3882 τοῦ
526 3829 660 3882 Θεοῦ
703 3830 990 3899 δεδομένης
1038 3831 1168 3900 ἡμῖν
1193 3847 1208 3861 ·
1259 3830 1764 3900 καταφρονήσωμεν
1806 3828 1907 3899 τῆς
1950 3833 2060 3884 τῶν

389 3917 596 3970 πολλῶν
641 3917 819 3988 δόξης.
849 3918 1013 3971 Οὐδὲν
1045 3918 1155 3988 γάρ
1183 3917 1325 3971 οῦτω
1357 3919 1762 3985 καταγέλαστον
1804 3919 1900 3971 καὶ
1943 3919 2059 3973 άτι-

388 4022 511 4075 μον,
539 4005 614 4069 ὼς
644 4005 804 4058 τοῦτο
840 4005 901 4057 10
940 4005 1146 4068 πάθος⁹
1177 4006 1329 4058 οὐδὲν
1375 4004 1547 4069 οὕτως
1592 4005 1852 4078 αἰσχύνης
1894 4006 2062 4078 γέμον

389 4094 484 4148 καὶ
513 4092 713 4162 πολλῆς
748 4092 980 4157 ἀδοξίας.
1015 4094 1125 4147 Καὶ
1171 4091 1329 4148 τοῦτο
1361 4093 1690 4164 πολλαχόθεν
1724 4093 1820 4148 ίδοι
1853 4111 1937 4158 τις
1974 4094 2060 4157 ἂν,

389 4183 471 4240 ὅτι
503 4183 563 4239 10
596 4183 693 4255 μέν
719 4182 875 4256 δόξης
906 4183 1058 4256 ἐρᾷν,
1090 4184 1292 4250 ἀδοξία,
1321 4184 1446 4250 δόξα
1471 4185 1527 4238 δὲ
1561 4184 1748 4247 ὅντως,
1775 4183 1834 4236 10
1863 4183 2064 4255 ταύτης

393 4277 686 4346 ὑπερορᾷν,
720 4276 813 4328 καὶ
845 4275 1046 4345 μηδένα
1071 4275 1238 4344 αὐτῆς
1267 4274 1534 4327 ποιεῖσθαι
1563 4273 1740 4341 λόγον,
1767 4272 1905 4326 ἀλλά
1928 4275 2065 4345 πρὸς

457 4382 479 4407 ⁸³
507 4380 617 4429 Sav.
658 4381 732 4429 διὸ
770 4381 852 4428 καὶ
880 4379 978 4430 ἕνα.
1029 4379 1127 4428 Sed
1169 4379 1350 4428 melius
1390 4378 1510 4428 Mor.
1546 4385 1599 4429 εὶ
1620 4392 1734 4428 mss.
1777 4390 1952 4428 omnes
1979 4380 2061 4427 καὶ

388 4443 494 4490 καθ’
517 4443 614 4490 ἕνα.

458 4504 484 4542 ιι
508 4503 604 4567 Αἰὶἱ
627 4504 816 4567 ἀφεῖσα.

454 4568 480 4595 ε
506 4564 624 4614 Mor.
652 4564 1004 4628 ἆποτέμνωμεν.

2135 571 2197 624 10
2225 571 2304 642 τῷ
2336 571 2454 642 Θεῷ
2487 571 2676 626 δοκοῦν
2712 573 2928 625 ἃπαντα
2959 575 3052 626 καὶ
3085 574 3262 643 λέγειν
3293 577 3388 629 καὶ
3435 575 3628 628 ποιεῖν.
3660 573 3813 627 Οὕτω

2136 658 2246 728 γάρ
2291 658 2633 729 δύνησόμεθα
2665 661 2758 712 καὶ
2793 660 2982 731 μισθὸν
3016 661 3200 715 λαϐεῖν
3250 662 3402 734 παρά
3447 661 3541 715 τοῦ
3571 661 3639 714 τά
3682 660 3814 730 ὴμέ-

2135 763 2269 816 τερα
2287 747 2519 816 δρῶντος
2540 748 2803 819 ἀκριϐῶς,
2823 750 2949 803 ὅταν
2970 749 3116 820 αὺτῷ
3142 751 3286 822 μόνῳ
3306 750 3605 822 ἀρκώμεθα
3629 749 3813 819 θεατῇ.

2139 835 2203 886 Τί
2239 835 2346 905 γάρ
2379 837 2510 905 ήμῖν
2549 837 2642 888 καὶ
2672 836 2874 908 ἐτέρων
2909 837 3204 908 ὀφθαλμῶν
3231 839 3331 903 δεῖ,
3358 838 3452 892 τοῦ
3485 839 3646 908 τιμᾷν
3685 838 3817 908 μέλ-

2139 921 2318 986 λοντος
2337 923 2365 961 τι
2394 925 2540 994 ἡμᾶς
2565 923 2800 995 ὁρῶντος
2831 925 2917 978 ἀεὶ
2940 925 3008 979 τά
3034 926 3294 996 γινόμενα
3322 929 3452 996 παρ’
3480 927 3664 996 ἡμωνς
3696 925 3820 987 Πῶς

2140 1010 2195 1062 δὲ
2235 1010 2335 1063 οὑκ
2368 1011 2592 1076 ἄτοπον,
2623 1011 2714 1064 τὸν
2749 1012 2846 1083 μὲν
2882 1013 3097 1084 οἰκέτην
3128 1015 3305 1068 πάντα
3337 1015 3544 1084 ὅσαπερ
3571 1013 3634 1067 ἂν
3668 1017 3815 1082 ποιῇ,

2142 1099 2220 1158 εἰς
2269 1097 2562 1168 ἀρέσκειαν
2609 1099 2703 1152 τοῦ
2751 1101 3012 1153 δεσπότου
3065 1103 3257 1168 ποιεῖν,
3305 1103 3400 1155 καὶ
3453 1103 3617 1172 μηδὲν
3653 1101 3815 1153 πλέον

2141 1182 2418 1252 ἐπιζητεῖν
2446 1188 2544 1256 τῆς
2584 1186 2815 1258 θεωρίας
2844 1189 2942 1257 τῆς
2974 1187 3183 1252 τούτου,
3215 1189 3350 1260 μηδὲ
3381 1189 3595 1258 ἐτέρους
3619 1187 3816 1257 ὀφθαλ-

2147 1271 2280 1341 μοὺς
2313 1272 2633 1339 ἐφέλκεσθαι
2665 1275 2800 1344 πρὸς
2827 1277 2922 1346 τὴν
2956 1277 3175 1346 πρᾶξιν,
3209 1278 3312 1329 κᾶν
3347 1276 3569 1347 μεγάλοι
3598 1277 3647 1328 οἱ
3689 1275 3822 1327 θεω-

2145 1357 2365 1428 ροῦντες
2395 1353 2547 1428 ὦσιν,
2579 1363 2691 1414 ἀλλ’
2732 1362 2791 1416 ἓν
2836 1364 2995 1432 μόνον
3039 1367 3260 1418 σκοπεῖν
3307 1366 3453 1427 ὅπως
3493 1365 3520 1415 ὁ
3559 1365 3823 1434 δεσπότης

2146 1447 2446 1518 θεάσηταιο
2487 1451 2632 1520 ἡμᾶς
2677 1451 2732 1503 δὲ
2782 1451 3021 1504 τοιοῦτον
3066 1453 3288 1523 ἔχοντας
3336 1453 3558 1523 Κύριον,
3605 1453 3824 1522 ἐτέρους

2147 1535 2424 1606 ἐπιζητεῖν
2473 1536 2667 1602 θεατάς
2713 1540 2839 1603 τοὺς
2885 1540 3164 1610 ὠφελῆσαι
3201 1542 3297 1612 μὲν
3336 1541 3507 1604 οὐδὲν,
3543 1539 3739 1610 βλάψαι
3767 1541 3823 1592 δὲ

2147 1623 2213 1674 ἐκ
2261 1624 2358 1694 τῆς
2407 1624 2638 1696 θεωρίας
2685 1625 3044 1696 δυναμένους,
3091 1629 3185 1682 καὶ
3239 1629 3471 1681 κενῶσαι
3512 1628 3686 1681 πάντα
3733 1629 3826 1680 τὸν

2149 1710 2311 1764 πόνον
2337 1713 2502 1782 ήμῖν;
2538 1715 2650 1785 Μὴ,
2685 1715 2986 1786 παρακαλῶ
3009 1733 3022 1746 ’
3057 1716 3171 1768 ἀλλ’
3198 1717 3319 1769 ὃθεν
3351 1715 3544 1787 ἔχομεν
3582 1717 3705 1780 τοὺς
3739 1735 3827 1785 μι-

2153 1800 2313 1864 σθοὺς
2352 1800 2556 1864 λαϐεῖν,
2582 1801 2696 1874 [‘26]
2730 1802 2914 1856 τοῦτον
2948 1803 3201 1874 καλῶμεν
3230 1805 3520 1874 ἐπαινέτην
3543 1803 3648 1855 τῶν
3681 1821 3829 1871 γινο-

2151 1887 2348 1957 μένων,
2395 1889 2582 1942 τοῦτον
2636 1889 2852 1962 θεατήν.
2899 1892 3081 1960 Μηδὲν
3130 1894 3262 1962 ἡμῖν
3309 1893 3404 1946 καὶ
3459 1891 3829 1963 ἀνθρωπίνοις

2147 1975 2441 2047 ὀφθαλμοῖς
2483 1977 2641 2032 ἔστω.
2674 1979 2736 2032 Εἰ
2784 1979 2892 2049 γάρ
2940 1981 3216 2050 ἐθέλοιμεν
3265 1981 3359 2033 καὶ
3404 1979 3606 2052 ταύτης
3638 1981 3829 2032 ἐπιτυ-

2149 2066 2263 2134 χεῖν
2313 2065 2412 2137 τῆς
2441 2064 2626 2136 δόξης,
2671 2067 2793 2120 τότε
2840 2068 3009 2138 αὐτῆς
3052 2068 3465 2140 ἐπιτευξόμεθα,
3514 2070 3642 2122 ὅταν
3670 2081 3693 2107 ε
3729 2069 3828 2138 τὴν

2151 2151 2299 2223 παρά
2324 2152 2418 2204 τοῦ
2450 2152 2584 2206 Θεοῦ
2623 2154 2876 2225 ζητῶμεν
2921 2155 3108 2227 μόνην.
3143 2157 3290 2223 Τοὺς
3332 2155 3442 2225 γὰρ
3472 2155 3830 2221 δοξάζοντάς

2145 2257 2221 2310 με
2253 2239 2511 2306 δοξάσω,
2546 2243 2696 2310 φησί.
2734 2243 2842 2295 Καὶ
2870 2242 3058 2314 ῶσπερ
3101 2245 3401 2316 χρημάτων
3436 2245 3556 2298 τότε
3594 2244 3829 2315 μάλιστα

2149 2327 2512 2399 εὐποροῦμεν,
2555 2330 2683 2382 ὅταν
2714 2330 3142 2401 καταφρονῶμεν
3187 2331 3385 2396 αὐτῶν,
3419 2332 3516 2384 καί.
3550 2331 3640 2384 10v
3679 2331 3830 2399 παρά

2150 2414 2244 2467 τοῦ
2283 2415 2416 2468 Θεοῦ
2461 2415 2716 2487 ζητῶμεν
2760 2417 2988 2471 πλοῦτον
3022 2419 3182 2489 μόνον
3225 2419 3484 2488 (Ζητεῒτε
3511 2419 3640 2490 γὰρ.
3670 2420 3827 2489 φησὶ,

2151 2505 2266 2572 τὴν
2300 2506 2630 2570 βασιλείαν
2659 2507 2767 2561 τοῦ
2799 2508 2966 2575 Θεοῦ,
3002 2508 3099 2562 καί
3138 2509 3326 2562 ταῦτα
3359 2509 3555 2562 πάντα
3580 2524 3834 2576 προστε-

2152 2594 2400 2658 θήσεται
2430 2594 2623 2664 ὐμῖν)⁶
2653 2593 2796 2648 οὕτω
2823 2596 2920 2648 καὶ
2955 2596 3047 2648 ἐπὶ
3073 2596 3173 2666 τῆς
3201 2596 3388 2668 δόξης,
3418 2597 3544 2650 ὅταν
3570 2599 3698 2667 ἡμῖν
3730 2597 3835 2650 λοι-

2153 2681 2252 2734 πὸν
2294 2681 2574 2744 ἀκίνδυνος
2604 2685 2637 2753 ή
2666 2682 2812 2746 δόσις
2840 2679 2920 2755 ᾖ(
2967 2683 3126 2754 καὶὴ
3173 2683 3280 2737 τῶν
3327 2683 3621 2756 χρημάτων
3663 2683 3756 2737 καὶ
3798 2685 3833 2754 ἡ

2153 2769 2250 2840 τῆς
2286 2769 2472 2840 δόξης,
2506 2771 2630 2824 τότε
2677 2772 2848 2842 αὐτὴν
2893 2771 3364 2840 ἐπιδαψιλεύσεται
3394 2774 3421 2825 0
3466 2771 3618 2835 Θεός.
3655 2771 3835 2823 Ἀκίνο

2152 2856 2304 2920 δυνος
2342 2859 2400 2910 δὲ
2431 2860 2551 2912 τότε
2584 2859 2752 2924 ἐστὶν,
2779 2861 2906 2913 ὅταν
2935 2861 3091 2932 ἡμῶν
3138 2860 3211 2931 μὴ
3245 2862 3454 2932 κρατῇ,
3499 2859 3634 2931 μηδέ
3675 2877 3836 2924 περι-

2154 2944 2403 3012 γίνηται,
2446 2944 2580 3015 μηδὲ
2609 2945 2684 3006 ὡς
2727 2945 2933 3010 δούλοις
2985 2946 3123 3016 αὐτὴ
3167 2947 3459 3018 ἐπιτάττῃ,
3496 2945 3610 2998 ἀλλ’
3634 2945 3708 3007 ὡς
3745 2945 3836 2997 δε-

2156 3033 2382 3096 σπόταις
2413 3035 2507 3087 καὶ
2539 3034 2614 3098 ὡς
2642 3035 2948 3107 ἐλευθέροις
2987 3036 3375 3107 παραγίνηται.
3405 3034 3505 3088 Διά
3535 3034 3642 3104 γὰρ
3678 3033 3838 3086 τοῦτο

2157 3120 2276 3172 οὑδέ
2331 3119 2577 3190 βούλεται
2625 3123 2806 3176 αὐτῶν
2854 3124 2998 3195 ἡμᾶς
3050 3125 3202 3195 ἐρᾷν,
3249 3123 3334 3176 ἵνα
3375 3123 3448 3192 μὴ
3503 3120 3839 3192 κρατώμεθα

2157 3209 2289 3278 παρ’
2334 3209 2531 3262 αὐτῶν.
2583 3209 2700 3263 Κάν
2739 3209 2895 3264 τοῦτο
2946 3209 3399 3281 κατορθώσωμεν,
3455 3209 3669 3262 δίδωσιν
3705 3210 3837 3278 ἡμῖν

2157 3296 2296 3349 αύτά
2337 3297 2476 3367 μετά
2518 3297 2719 3369 πολλῆς
2757 3299 2854 3370 τῆς
2886 3299 3182 3369 δαψιλείας.
3213 3299 3278 3351 Τί
3309 3300 3415 3368 γάρ
3455 3297 3667 3350 Παύλου
3701 3295 3840 3365 λαμ-

2159 3384 2446 3456 πρότερον,
2477 3385 2600 3438 εἰπέ
2638 3403 2750 3457 μοι,
2780 3385 2872 3440 τοῦ
2907 3387 3188 3456 λέγοντοςο
3232 3389 3313 3440 Οὐ
3357 3385 3641 3454 ζητοῦμεν
3678 3384 3840 3451 παρὰ

2158 3471 2483 3540 ἀνθρώπων
2527 3472 2735 3542 δόξαν,
2763 3475 2901 3528 οὔτε
2934 3477 3034 3544 ἀφ’
3067 3472 3253 3544 ὑμῶν,
3293 3475 3429 3528 οὔτε
3459 3474 3559 3528 ἀπ’
3597 3473 3839 3538 (illam;

2159 3558 2297 3611 τίδὲ
2330 3559 2704 3632 εὐπορώτερον
2750 3562 2839 3614 τοῦ
2882 3563 3046 3632 μηδὲν
3093 3561 3326 3632 ἔχοντος,
3355 3563 3447 3614 καὶ
3489 3560 3664 3613 πάντα
3708 3577 3841 3614 κατο

2161 3645 2405 3715 έχοντος;
2439 3648 2607 3700 Ὅταν
2636 3649 2765 3719 γάρ,
2794 3650 2931 3720 ὅπερ
2977 3648 3131 3719 ἔφην,
3165 3651 3238 3721 μὴ
3267 3648 3594 3720 κρατώμεθα
3625 3649 3715 3700 ὑπ’
3741 3648 3840 3700 αύ-

2161 3735 2290 3798 τῶν,
2319 3735 2440 3788 τότε
2483 3737 2661 3789 αὐτῶν
2700 3739 3066 3809 κρατήσομεν,
3105 3737 3225 3791 τότε
3268 3736 3410 3790 αὐτὰ
3440 3735 3739 3807 ληψόμεθα.
3775 3736 3839 3788 Ei

2161 3821 2340 3878 τοίνυν
2370 3826 2746 3898 ἐπιθυμοῦμεν
2787 3829 3062 3898 ἐπιτυχεῖν
3104 3827 3280 3895 δόξης,
3325 3826 3614 3896 φεύγωμεν
3641 3825 3799 3891 δόξαν
3820 3841 3836 3856 ’

2163 3913 2304 3967 οὓτω
2335 3915 2442 3986 γὰρ
2469 3915 2809 3986 δυνησόμεθα
2839 3916 2930 3968 τοῦ
2963 3915 3097 3968 Θεοῦ
3127 3917 3252 3978 τοὺς
3295 3915 3491 3985 νόμους
3521 3913 3837 3974 ἀνύσαντες,

2163 4005 2346 4073 τυχεῖν
2387 4005 2482 4056 καὶ
2522 4005 2630 4058 τῶν
2664 4004 2897 4059 ἐνταῦθα
2946 4003 3040 4058 καὶ
3081 4002 3190 4057 τῶν
3234 4002 3653 4072 ἐπηγγελμένων
3699 4001 3842 4065 ἀγα-

2167 4092 2297 4154 θῶν,
2337 4093 2570 4164 χάριτιε
2600 4093 2695 4147 τοῦ
2720 4091 2977 4165 Χριστοῦ,
3024 4091 3140 4163 μεθ’
3183 4086 3243 4146 οὗ
3284 4090 3362 4161 τῷ
3403 4090 3576 4161 Πατρῖ
3617 4087 3838 4158 ήδόξα,

2168 4180 2283 4250 ἅμα
2329 4180 2406 4251 τῷ
2436 4181 2573 4252 ἁγίῳ
2616 4181 2929 4252 Πνεύματι,
2964 4182 3044 4243 εἰς
3073 4181 3198 4244 τοὺς
3229 4178 3430 4242 αἰῶνας
3467 4177 3574 4232 τῶν
3607 4176 3839 4230 αἰώνων.

2181 4270 2368 4342 Ἀμήν.

2227 4375 2256 4415 ει
2396 4375 2480 4441 τοῦ
2500 4381 2638 4441 τιμᾷν
2670 4377 2896 4431 Gelon-0;.

2235 4450 2258 4476 8
2283 4438 2378 4485 Alii
2397 4439 2495 4487 ὅτε.

2240 4497 2257 4536 f
2287 4497 2352 4561 ᾞ
2376 4501 2521 4548 deest
2538 4502 2585 4547 in
2607 4497 2894 4561 quibusdam
2928 4511 3041 4546 mss.

2234 4563 2259 4600 8
2286 4557 2404 4610 Mor.
2428 4557 2635 4623 ἀγαθῶν,
2654 4561 2719 4608 ὧν
2738 4562 2920 4622 γένοιτο
2943 4561 3118 4615 πάντας
3140 4561 3265 4621 ἡμᾶς
3287 4557 3538 4621 ἐπιτυχεῖν,
3556 4557 3728 4619 χάριτι,
3744 4559 3842 4604 clc.

3449 4683 3701 4697 ιιι-.-

1940 4765 2185 4819 ΟΜΙΛῙΑ
2220 4767 2291 4820 Δ’.

405 4888 504 4940 Ἐν
539 4885 695 4955 ἀρχῇ
746 4883 825 4957 ἦν
860 4887 894 4940 ό
927 4884 1303 5008 Λόγος,Θκέιί
1351 4887 1383 4939 ὁ
1419 4885 1606 4955 Λόγος
1653 4878 1733 4953 ἦν
1769 4882 1918 4951 πρὸς
1963 4883 2072 4937 τόν

1199 4974 1226 5007 ε
1267 4973 1322 5008 ν.

1199 4973 1322 5008 εον.

469 5053 537 5100 α’.
578 5047 704 5107 Τοῖς
733 5044 858 5116 ἄρτι
903 5044 1009 5097 τῶν
1043 5045 1248 5096 παίδων
1283 5044 1658 5113 εἰσαγομένοις
1697 5044 1833 5115 πρὸς
1863 5043 1931 5096 15:
1967 5061 2070 5111 μα-

401 5135 618 5204 θήματα
658 5133 780 5186 οὔτε
822 5132 992 5187 πολλά
1022 5132 1221 5201 ἐφεξῆς
1247 5143 1272 5170 α
1311 5132 1648 5184 ἐπιτιθέασιν
1678 5132 1727 5182 οί
1766 5130 2072 5182 διδάσκαλοι

400 5222 469 5275 τὰ
506 5224 718 5292 φορτία,
745 5220 870 5274 οὔτε
901 5220 1134 5282 εἰσάπαξ
1174 5217 1327 5271 τοῦτο
1368 5218 1632 5278 ποιοῦσιν,
1660 5217 1794 5268 ἀλλά
1822 5218 1912 5269 καὶ
1945 5217 2072 5287 βρα-

402 5312 522 5381 χέα,
551 5312 644 5364 καὶ
671 5311 738 5363 τὰ
765 5309 904 5363 αὐτὰ
929 5308 1186 5368 πολλάκις
1213 5306 1496 5374 ἐνηχοῦσιν
1520 5307 1720 5368 αὐτοῖς,
1741 5303 1880 5356 ὥστε
1899 5304 2074 5357 αὐτῶν

405 5399 601 5471 ῥᾳδίως
643 5398 922 5469 ἐντεθῆναι
965 5399 1029 5467 τῇ
1059 5395 1268 5464 διανοίᾳ
1295 5394 1360 5446 τά
1393 5393 1684 5462 λεγόμενα,
1718 5392 1852 5445 ἀλλά
1903 5393 1975 5462 μὴ
2013 5393 2076 5444 ἐκ

403 5491 702 5560 προοιμίων
724 5487 1157 5560 δυσχεράναντας
1180 5485 1374 5546 αὐτοὺς
1405 5482 1540 5553 πρὸς
1567 5481 1628 5534 10
1659 5482 1858 5551 πλῆθος
1891 5482 1986 5534 καὶ
2018 5481 2077 5534 10

400 5579 499 5648 τῆς
528 5579 746 5648 μνήμης
787 5575 1170 5634 δυσκάθεκτον,
1200 5571 1592 5642 ὀκνηροτέρους
1645 5568 1901 5639 γενέσθαι
1952 5571 2080 5640 περὶ

401 5665 501 5734 τὴν
535 5665 798 5734 συλλογὴν
833 5663 941 5716 τῶν
995 5661 1276 5719 δοθέντων,
1318 5659 1524 5729 νάρκης
1563 5658 1710 5721 τινὸς
1751 5659 1936 5718 αὺτοῖς
1974 5657 2082 5708 ἀπὸ

401 5755 501 5824 τῆς
543 5753 826 5816 δυσκολίας
867 5751 1240 5821 ἐγγινομένης.
1273 5747 1442 5801 Τοῦτο
1467 5746 1530 5818 δὴ
1577 5747 1670 5799 καὶ
1701 5747 1862 5808 αὐτὸς
1911 5759 2079 5796 καταο

405 5843 666 5896 σκευάσαι
709 5841 1048 5911 βουλόμενος,
1079 5839 1173 5890 καὶ
1211 5837 1299 5889 τὸν
1331 5836 1490 5888 πόνον
1530 5835 1658 5905 ὑμῖν
1693 5834 1914 5902 ποιῆσαι
1951 5829 2077 5883 κοῦ-

406 5948 525 5999 φον,
559 5929 698 5983 κατά
746 5928 937 5998 μικρὸν
973 5925 1374 5994 ἀπολαμϐάνων
1426 5923 1492 5977 τὰ
1537 5925 1593 5974 ἐν
1628 5925 1693 5993 τῇ
1750 5922 1868 5990 θείᾳ
1911 5918 2082 5990 ταύτῃ

410 6017 674 6090 τραπέζῃ,
710 6017 786 6078 είς
811 6017 907 6077 τάς
937 6013 1202 6083 ὑμετέρας
1231 6011 1403 6074 οὕτως
1432 6012 1612 6082 ἐνίημι
1642 6009 1837 6080 ψυχάς.
1871 6006 1959 6060 Διὸ
1988 6007 2080 6060 καὶ

476 6139 501 6167 ⁸
535 6135 724 6200 Ἐφεξῆς
743 6135 885 6184 (ἱεεεί
905 6134 951 6180 in
971 6129 1258 6192 quibusdam
1285 6141 1399 6177 mss.

2169 4882 2276 4936 τῶν
2307 4881 2486 4936 αὐτῶν
2533 4880 2741 4950 ἅψομαι
2774 4879 2935 4932 πάλιν
2973 4877 3252 4949 ῥημάτων,
3297 4878 3394 4949 οὐχ
3423 4877 3562 4931 ὥστε
3595 4877 3663 4931 τὰ
3708 4879 3851 4933 αὐτὰ

2171 4970 2332 5024 πάλιν
2378 4970 2584 5032 εἰπεῖν,
2628 4967 2746 5022 ἀλλ’
2779 4967 2920 5020 ὥστε
2969 4966 3038 5018 τά
3081 4965 3335 5018 λείποντα
3387 4966 3702 5036 προσθεῖναι
3747 4968 3848 5035 μό-

2171 5076 2279 5112 νον.
2303 5058 2438 5128 Φέρε
2461 5052 2576 5118 οῦν,
2622 5055 2712 5108 τὸν
2748 5053 2905 5122 λόγον
2935 5054 3026 5106 ἐπὶ
3057 5054 3123 5106 τά
3151 5054 3412 5124 προοίμια
3443 5054 3603 5107 πάλιν
3629 5053 3852 5121 ἀγάγω-

2177 5164 2294 5217 μεν.
2353 5147 2448 5196 Ἐν
2477 5141 2632 5212 ἀρχῇ
2655 5143 2732 5211 ἦν
2754 5146 2786 5196 o'
2807 5143 3017 5211 Λόγος,
3050 5141 3147 5194 καί
3187 5145 3218 5194 ό
3251 5142 3438 5209 Λόγος
3464 5138 3542 5210 ἧν
3573 5141 3720 5209 πρὸς
3742 5142 3852 5194 τὸν

2176 5235 2341 5289 Θεόν.
2367 5235 2524 5296 Τίνος
2553 5232 2759 5292 ἕνεκεν,
2795 5230 2904 5284 τῶν
2951 5229 3123 5283 ἀλλων
3169 5228 3424 5281 ἀπάντων
3448 5227 3850 5295 εὐαγγελιστῶν

2175 5323 2280 5376 ἀπὸ
2300 5322 2397 5391 τῆς
2415 5320 2725 5387 οἰκονομίας
2743 5317 3064 5389 ἀρξαμένων
3088 5317 3333 5385 (καὶγὰρ
3349 5318 3376 5368 0
3399 5315 3670 5377 θ’ίατθαῖός
3691 5333 3846 5384 φησι,

2177 5411 2392 5475 Βίϐλος
2418 5408 2707 5478 γενέσεως
2765 5405 2966 5473 Ἰησοῦ
3002 5403 3260 5469 Χριστοῦ
3301 5403 3432 5456 υἰοῦ
3476 5402 3590 5474 [27]
3633 5401 3810 5454 Διιυΐδ
3834 5421 3848 5433 ·

2179 5499 2269 5553 καὶ
2301 5499 2329 5550 0
2362 5498 2574 5558 Λουκᾶς
2593 5495 2660 5548 τὰ
2687 5493 2827 5549 κατὰ
2854 5494 2951 5562 τὴν
2981 5491 3199 5562 Μαρίαν
3226 5493 3357 5561 ἡμῖν
3390 5492 3446 5542 ἐν
3479 5492 3618 5560 ἀρχῇ
3647 5490 3852 5558 διηγεῖ-

2176 5605 2265 5640 ται
2291 5603 2305 5615 ·
2335 5586 2429 5639 καὶ
2485 5588 2513 5638 δ
2561 5585 2779 5655 Μάρκος
2809 5581 2864 5634 δέ
2907 5581 3107 5650 ὁμοίως
3137 5582 3247 5642 τοῖς
3291 5579 3473 5640 αὐτοῖς
3525 5578 3852 5648 ἐνδιατρίϐει

2175 5676 2374 5742 λόγοις,
2402 5673 2498 5744 τὴν
2525 5672 2666 5726 κατά
2696 5671 2785 5724 τὸν
2815 5669 3123 5740 Βαπτιστὴν
3147 5668 3385 5739 ἱστορίαν
3414 5666 3662 5720 ἐντεῦθεν
3691 5666 3856 5734 ὑφαί-

2178 5762 2342 5832 νων),
2378 5765 2405 5814 0
2441 5762 2690 5828 Ἰωάννης
2715 5758 2872 5811 τοῦτο
2911 5758 3008 5828 μὲν
3049 5759 3104 5810 ἐν
3132 5757 3322 5827 βραχεῖ
3367 5756 3460 5808 καὶ
3500 5755 3636 5825 μετά
3678 5753 3853 5806 ταῦτα

2178 5850 2395 5919 ᾐνίξατο
2420 5847 2607 5908 εἰπὼν,
2639 5847 2747 5899 Καὶ
2773 5849 2804 5899 ὀ
2830 5847 3017 5914 Λόγος
3037 5845 3190 5912 σὰρξ
3216 5845 3451 5914 ἐγένετο
3475 5859 3490 5874 ο
3530 5841 3596 5894 τὰ
3634 5842 3689 5894 δὲ
3715 5841 3853 5894 ἄλλα

2182 5937 2359 5990 πάντα
2411 5933 2806 6004 παραδραμὼν,
2861 5931 2956 6003 τὴν
3015 5931 3292 6000 σύλληψιν,
3361 5930 3454 5982 τὸν
3504 5929 3680 5990 τόκον,
3749 5927 3849 5997 τὴν

2181 6022 2512 6093 ἀνατροφὴν,
2539 6021 2633 6092 τὴν
2657 6019 2900 6088 αὔξησιν,
2944 6018 3141 6081 εὐθέως
3185 6019 3313 6087 περὶ
3336 6017 3432 6087 τῆς
3459 6015 3625 6068 ἀϊδίου
3652 6015 3847 6086 γεννή-

2188 6128 2322 6175 σεως
2343 6111 2472 6181 ἡμῖν
2501 6110 2795 6181 διηγεῖται;
2826 6107 2889 6158 Τί
2917 6106 3032 6158 ποτ’
3064 6123 3155 6158 ουν
3182 6107 3295 6158 ἐστι
3327 6105 3386 6157 10
3419 6103 3588 6157 αἴτιον
3615 6099 3846 6169 τούτων,
