4074 6374
225 380 287 437 εὖ
1275 380 1345 436 ‘lN
1382 377 1691 438 JOANNEM
1725 374 1787 432 Hi

1893 374 1955 431 .L
2004 377 2091 432 tv.
2132 383 2204 434 al.
2240 380 2331 437 ιιι.
3402 388 3471 446 η

228 496 266 549 is
286 494 367 563 qui
400 493 587 563 gloria:
615 508 797 549 amore
825 502 1010 564 captus
1034 500 1117 549 est
1136 536 1150 560 ,
1179 508 1427 565 magnum
1452 501 1543 548 aut
1568 504 1792 563 genero-

226 604 330 642 sum
354 587 627 656 quidpiam
657 588 812 643 facile
836 589 1105 657 cogitare;
1133 587 1226 642 sed
1250 601 1467 641 necesse
1495 594 1656 640 estut
1679 593 1791 637 tur-

227 680 313 749 pis,
345 679 483 741 vilis,
515 679 772 748 inglorius
800 689 852 733 et
883 680 1106 745 exiguus
1133 679 1220 732 sit.
1251 676 1351 744 Qui
1388 677 1531 731 enim
1558 690 1655 745 pro
1686 675 1792 727 vir-

226 780 322 824 tute
362 770 515 833 nihil,
554 771 647 824 sed
674 780 731 825 ut
775 770 1077 824 hominibus
1120 770 1312 822 nullius
1352 768 1505 838 pretii
1554 767 1785 835 placeat,

226 862 388 913 omnia
416 860 566 925 facit,
597 864 791 931 quique
832 862 1039 914 illorum
1080 861 1397 916 sententiam
1425 874 1704 914 erroneam
1736 866 1790 911 et

228 954 453 1007 fallacem
485 954 657 1007 ubivis
685 955 944 1023 sequitur,
973 953 1242 1024 quomodo
1264 953 1427 1024 gloria
1458 952 1647 1022 dignus
1671 964 1789 1005 esse

227 1047 416 1116 possit?
446 1045 824 1101 Animadverte
850 1056 1046 1101 autem.
1074 1046 1129 1102 Si
1161 1048 1279 1117 quis
1301 1046 1445 1100 illum
1467 1046 1787 1114 interroget:

227 1138 349 1204 Quid
384 1148 440 1191 ιιι
470 1136 657 1207 vulgus
687 1154 806 1193 esse
831 1138 1147 1193 arbitraris?
1186 1139 1426 1207 ignavam
1458 1136 1595 1190 haud
1633 1134 1792 1190 dubie

223 1240 271 1285 et
296 1232 533 1285 desidem
561 1232 951 1286 multitudinem
971 1247 1091 1286 esse
1117 1232 1276 1285 dicet.
1310 1228 1446 1296 Quid
1474 1228 1633 1283 vero?
1665 1241 1789 1281 num

226 1322 321 1375 illis
361 1322 552 1375 similis
578 1335 700 1377 esse
728 1323 1029 1391 optaveris?
1076 1322 1131 1376 Si
1159 1321 1274 1391 quis
1301 1329 1476 1375 autem
1514 1318 1661 1373 illum
1691 1318 1789 1372 de-

222 1430 320 1467 nuo
361 1414 442 1467 sic
488 1422 846 1483 percontetur,
872 1429 986 1467 non
1016 1423 1144 1482 puto
1169 1413 1341 1482 ipsum
1382 1425 1442 1465 se
1480 1411 1637 1464 talem
1673 1422 1792 1463 esse

224 1513 541 1571 optaturum.
570 1503 845 1571 Quomodo
882 1504 1041 1573 igitur
1074 1519 1179 1558 non
1207 1502 1491 1557 admodum
1513 1500 1788 1555 ridiculum

222 1596 392 1662 ﬁerit,
426 1597 637 1651 illorum
657 1612 839 1651 auram
868 1596 1138 1666 aucupari,
1180 1596 1371 1666 quibus
1398 1610 1685 1664 numquam
1714 1593 1789 1647 si-

220 1690 352 1742 milis
391 1703 513 1742 esse
541 1687 708 1743 velis?

285 1780 331 1834 6.
367 1781 465 1834 Sin
487 1782 683 1835 dixeris
704 1780 898 1834 multos
917 1795 1035 1836 esse
1060 1789 1114 1834 et
1143 1780 1194 1833 in
1221 1793 1381 1833 unum
1406 1785 1639 1840 coactos,
1672 1774 1791 1829 ideo

224 1873 446 1926 maxime
475 1872 871 1927 contemnendi.
910 1871 1041 1925 Nam
1082 1872 1125 1923 si
1155 1869 1344 1939 singuli
1374 1876 1678 1934 contemptu
1704 1866 1789 1919 di-

222 1965 321 2033 gni,
378 1964 594 2032 plurimi
634 1963 803 2017 coacti
846 1962 999 2031 longe
1038 1962 1204 2030 magis
1240 1958 1566 2027 dCSpiclettdi
1611 1964 1786 2011 erunt.

220 2054 495 2108 Hultorum
516 2055 664 2109 enim
690 2054 1010 2124 insipientia,
1041 2034 1260 2106 collecta
1290 2049 1644 2110 multitudine,
1672 2062 1788 2100 ma-

216 2150 292 2214 gis
318 2155 560 2215 augetur.
589 2144 925 2214 Quapropter
954 2144 997 2197 si
1028 2142 1263 2211 singnlos
1291 2140 1513 2194 scorsim
1543 2139 1658 2206 quis
1688 2137 1788 2191 du-

220 2239 346 2291 xerit
379 2239 421 2302 ',
445 2237 731 2290 emendare
775 2236 1000 2305 poterit;
1045 2234 1199 2288 simul
1242 2243 1453 2287 coactos
1480 2248 1582 2285 non
1615 2230 1785 2295 facile,

218 2344 278 2383 eo
302 2327 445 2397 quod
474 2328 775 2397 insipientia
820 2328 889 2381 sit
916 2326 1085 2394 major
1107 2367 1123 2389 ,
1151 2334 1204 2378 et
1238 2324 1310 2378 illi
1342 2324 1506 2377 instar
1535 2336 1787 2391 pecorum

220 2431 457 2489 agantur,
476 2431 818 2489 mutnamque
839 2428 1127 2489 sequantur
1147 2417 1488 2472 sententiam.
1512 2415 1786 2481 Talemne,

218 2525 415 2579 qua-so,
464 2511 817 2564 multitudinis
846 2525 1028 2563 auram
1073 2506 1439 2563 sectabimini?
1483 2506 1579 2571 Ne,
1607 2521 1789 2575 quaeso

217 2611 264 2653 et
287 2602 535 2655 obsecro.
566 2601 619 2653 ιιι
650 2601 792 2655 enim
818 2601 997 2655 omnia
1035 2615 1125 2653 sus
1150 2598 1323 2667 deque
1348 2598 1507 2652 vertit
1532 2616 1545 2650 :
1578 2597 1627 2650 id
1658 2612 1787 2650 ava‘

218 2694 385 2746 ritiam
416 2696 639 2763 peperit,
672 2693 942 2756 invidiam,
978 2691 1393 2755 criminationes,
1426 2688 1646 2745 insidias
1677 2707 1689 2741 :
1719 2689 1785 2743 il-

217 2781 299 2836 lud
354 2798 450 2837 eos
500 2786 586 2849 qui
646 2784 841 2837 nullam
896 2781 1037 2850 passi
1086 2791 1212 2836 sunt
1260 2780 1505 2850 injuriam
1536 2820 1551 2843 ,
1604 2788 1784 2833 contra

210 2888 301 2927 eos
349 2874 442 2943 qui
492 2874 693 2928 nullam
744 2874 1085 2939 intulerunt,
1122 2880 1293 2927 armat
1341 2880 1396 2927 et
1441 2870 1643 2927 eﬂ'erat.
1686 2870 1786 2937 Qui

218 2966 309 3020 hoc
330 2966 541 3021 laborat
565 2967 770 3033 morbo,
803 2982 906 3020 non
930 2965 1211 3021 amicitiam
1235 2966 1399 3030 novit,
1428 2979 1534 3019 non
1562 2978 1787 3019 consue-

215 3059 316 3111 tndi
359 3075 468 3125 em,
500 3061 764 3113 neminem
792 3075 1009 3129 prorsus
1036 3070 1337 3125 reveretur;
1368 3058 1458 3113 sed
1487 3058 1644 3112 bonis
1669 3072 1786 3112 om-

216 3150 363 3203 nibus
391 3167 455 3205 ex
484 3152 661 3205 auitno
688 3152 931 3219 rejectis,
972 3168 1092 3207 cum
1131 3151 1376 3206 omnibus
1407 3150 1602 3205 bellum
1623 3150 1784 3221 gerit,

216 3242 521 3297 inconstans
567 3253 621 3297 et
673 3244 1012 3298 inhumanus.
1053 3243 1149 3298 lrze
1191 3251 1337 3299 certe
1380 3242 1631 3309 morbus,
1684 3242 1785 3297 etsi

212 3335 520 3404 tyrannicus
545 3335 613 3389 sit
641 3343 695 3389 et
737 3335 1101 3397 intolerabilis,
1142 3350 1244 3389 non
1276 3350 1491 3405 semper
1518 3334 1787 3405 exagitare

214 3424 362 3484 solet.
395 3425 489 3479 sed
517 3440 636 3479 cum
664 3425 731 3480 ab
754 3426 1015 3493 aliquibus
1049 3427 1283 3479 irritatur
1313 3442 1327 3480 :
1353 3435 1407 3478 at
1432 3441 1580 3479 vanae
1604 3425 1787 3492 gloriae

216 3529 359 3573 amor
387 3530 603 3585 semper
632 3516 798 3586 viget,
826 3516 1029 3570 nullum
1056 3526 1282 3586 tempus,
1316 3525 1373 3569 ut
1400 3516 1467 3570 ita
1489 3515 1681 3581 dicam,
1705 3524 1788 3570 est

210 3626 312 3679 quo
333 3610 581 3666 desinere
599 3611 790 3681 possit,
814 3608 914 3664 nisi
945 3608 1081 3663 ratio
1103 3608 1244 3662 illam
1273 3609 1521 3664 cohibeat
1544 3617 1598 3664 et
1634 3624 1786 3664 com-

217 3707 423 3772 primat,
454 3704 549 3760 sed
573 3720 786 3774 semper
811 3705 997 3767 adest,
1028 3716 1133 3758 non
1175 3701 1334 3757 male
1368 3700 1434 3758 ad
1466 3701 1787 3773 peccandum

216 3799 465 3865 incitans,
495 3797 590 3851 sed
617 3798 773 3851 etiam
798 3798 840 3849 si
864 3796 986 3866 quid
1014 3806 1159 3851 recte
1185 3797 1468 3866 egerimus,
1491 3810 1521 3849 e
1542 3794 1789 3851 manibus

217 3890 527 3956 praeripiens
560 3905 573 3937 :
606 3887 887 3955 aliquando
926 3902 1055 3940 vero
1085 3902 1186 3939 non
1227 3886 1352 3939 sinit
1378 3895 1522 3939 recte
1555 3885 1784 3953 operari.

213 3978 358 4043 Quod
387 3978 430 4032 si
459 3978 657 4031 Paulus
686 3976 970 4048 (Ephesii.
999 3977 1056 4043 5)
1078 3976 1351 4029 avaritiam
1391 3974 1649 4030 idolorum
1670 3990 1787 4028 ser-

213 4069 429 4123 vitutem
456 4078 643 4130 vocet;
694 4068 808 4136 ejus
854 4075 1116 4132 matrem,
1161 4066 1397 4120 radicem
1442 4075 1494 4120 et
1550 4068 1785 4130 fontem,

212 4176 400 4215 vanam
447 4161 670 4230 gloriam
726 4160 972 4225 scilicet,
1014 4174 1120 4227 quo
1166 4160 1380 4213 nomine
1432 4158 1790 4213 vocabimus?

212 4252 393 4321 Neque
412 4252 553 4305 enim
577 4250 703 4304 illud
734 4258 892 4303 tantae
917 4249 1162 4317 nequitize
1183 4249 1401 4319 dignum
1436 4246 1788 4303 itivenmmus.

282 4342 501 4395 Moralis
542 4328 828 4396 exhortatio
879 4340 946 4393 ad
991 4355 1172 4393 uanam
1218 4340 1435 4410 gloriam
1473 4340 1789 4410 fugiendam.

215 4432 378 4487 Deum
419 4450 576 4486 unum
612 4442 938 4500 spectatorem
965 4430 1376 4501 laudatoremque
1401 4446 1621 4498 quwrere
1640 4445 1793 4498 opor-

215 4533 297 4578 tet.
320 4553 395 4564 -—-
415 4523 808 4593 Resipiscamus
846 4522 1022 4592 igitur,
1066 4521 1245 4576 dilecti
1271 4562 1286 4585 ,
1316 4528 1369 4576 et
1395 4521 1495 4574 hoc
1522 4520 1790 4590 pernicio-

214 4630 330 4669 sum
378 4631 633 4671 eruamus
677 4615 1051 4669 vestimentum
1083 4631 1096 4668 :
1138 4614 1310 4681 ipsum
1344 4612 1705 4667 discindamus
1739 4620 1793 4665 et

206 4708 565 4772 dissecemus,
599 4721 827 4776 veraque
864 4705 1109 4760 libertate
1140 4702 1352 4758 tandem
1398 4703 1552 4759 liberi
1587 4701 1788 4759 efﬁcia-

263 4844 293 4913 f
329 4841 496 4901 Savil.,
517 4841 673 4904 legit,
702 4845 1002 4904 Quapropter
1036 4838 1080 4890 si
1101 4851 1250 4889 Imm
1282 4838 1389 4902 quis
1432 4834 1744 4899 ωειιιηρεετίε
1772 4848 1791 4896 ἶ

208 4914 379 4953 ⁸110118
406 4912 562 4954 recte.

1898 504 2035 555 mur,
2069 500 2226 560 atque
2256 492 2310 546 in
2352 505 2566 546 sensum
2598 492 2750 548 nobis
2775 507 2805 547 ιι
2831 494 3244 551 Ὁεοιοοιιεεεεω
3274 496 3473 551 nobili-

1897 582 2019 637 tatis
2047 584 2321 637 veniamus
2348 601 2363 637 :
2393 584 2748 639 multitudinis
2772 600 2954 641 auram
2981 588 3354 657 despiciemus.
3378 588 3443 644 Ni

1896 674 1967 728 hil
1998 674 2137 729 enim
2159 676 2326 746 magis
2362 674 2463 732 hoc
2499 677 2688 732 morbo
2717 678 3000 734 ridiculum
3032 690 3087 735 et
3114 680 3423 736 indecorum
3452 699 3468 735 :

1895 764 2029 819 nihil
2076 775 2219 819 tanta
2262 766 2589 835 turpitudine
2634 777 2689 823 et
2723 768 2939 824 infamia
2982 770 3217 837 plenum.
3255 770 3473 840 Hocque

1896 855 2074 909 multis
2100 870 2166 910 ex
2196 856 2486 911 rationibus
2512 858 2696 913 videre
2718 868 2800 913 est
2822 877 2835 913 :
2863 861 3002 929 quod
3033 877 3226 931 nempe
3250 862 3468 931 gloriam

1894 950 2303 1021 concupiscere,
2348 953 2667 1022 ignominia;
2708 952 2847 1008 illam
2888 962 3064 1008 autem
3107 954 3380 1024 despicere
3418 964 3474 1009 et

1895 1040 2029 1095 nihil
2051 1054 2315 1113 reputare,
2347 1060 2474 1101 vere
2501 1044 2668 1115 gloria
2693 1045 2798 1107 sit;
2826 1044 2917 1099 sed
2940 1045 3117 1099 omnia
3148 1046 3215 1099 ad
3248 1046 3340 1100 Dei
3361 1048 3474 1117 pla-

1896 1132 2058 1185 citum
2086 1142 2140 1188 et
2159 1135 2379 1191 dicenda
2409 1145 2470 1192 et
2496 1135 2699 1206 agenda
2728 1143 2868 1189 sunt.
2900 1136 2988 1191 Sic
3012 1138 3153 1192 enim
3180 1140 3475 1207 poterimus

1896 1225 2199 1281 mercedem
2229 1228 2472 1297 accipere
2499 1228 2566 1281 ab
2603 1241 2669 1282 eo
2695 1227 2782 1296 qui
2814 1236 2992 1280 nostra
3028 1238 3273 1282 accurate
3300 1228 3473 1298 respi-

1894 1316 1988 1380 cit,
2010 1317 2221 1387 quando
2248 1319 2338 1373 illo
2366 1320 2482 1374 solo
2506 1318 2742 1373 contenti
2770 1319 2969 1372 erimus
2997 1328 3313 1387 spectatore.
3336 1318 3473 1386 Quid

1892 1411 2037 1464 enim
2072 1411 2224 1464 nobis
2254 1411 2371 1466 aliis
2406 1411 2575 1465 oculis
2602 1425 2753 1479 opus,
2784 1424 2905 1466 cum
2938 1409 2982 1464 is
3007 1411 3096 1480 qui
3126 1411 3279 1465 nobis
3305 1411 3475 1466 bono—

1898 1516 2008 1554 rem
2025 1511 2087 1555 et
2116 1502 2389 1569 praemium
2422 1502 2705 1572 largiturus
2742 1510 2845 1567 est,
2874 1509 3020 1571 gesta
3053 1511 3231 1555 nostra
3260 1516 3475 1572 semper

1899 1591 2107 1645 videat?
2132 1591 2408 1657 Quomodo
2439 1607 2545 1646 non
2574 1592 2863 1647 absurdum
2902 1591 2989 1657 sit,
3022 1606 3231 1646 servum
3258 1592 3470 1663 quidem

1895 1683 1961 1737 ad
1999 1683 2115 1737 heri
2162 1685 2244 1739 sui
2286 1684 2537 1753 placitum
2585 1684 2762 1738 omnia
2803 1682 3013 1747 facere,
3061 1683 3295 1753 nihilque
3332 1684 3471 1737 aliud

1895 1789 2157 1843 qnmrere,
2182 1790 2338 1845 quam
2384 1783 2442 1828 ut
2474 1776 2540 1828 ab
2584 1774 2699 1844 ipso
2738 1773 2999 1839 videatur,
3047 1789 3219 1843 neque
3248 1774 3381 1828 alios
3407 1776 3473 1827 ad

1894 1877 2044 1935 gesta
2072 1882 2165 1920 sua
2205 1866 2390 1921 oculos
2424 1866 2739 1934 exquirere,
2773 1864 3112 1932 quantumvis
3154 1863 3329 1933 magni
3368 1864 3477 1918 sint

1894 1960 1981 2012 alii
2004 1967 2349 2026 spectatores,
2383 1957 2475 2011 sed
2509 1972 2668 2009 unum
2698 1970 2917 2024 scopum
2949 1954 3147 2008 habere
3175 1964 3231 2007 ut
3251 1953 3318 2007 ab
3346 1954 3474 2009 hero

1895 2066 1995 2106 suo
2023 2051 2298 2115 videatur;
2349 2064 2446 2104 nos
2487 2058 2662 2103 autem
2692 2048 2848 2102 talem
2881 2047 3136 2101 habentes
3168 2046 3472 2109 Dominum,

1894 2143 2029 2197 alios
2049 2156 2291 2211 qumrere
2337 2149 2685 2211 spectatores,
2724 2139 2811 2208 qui
2858 2154 2957 2193 nos
2996 2138 3122 2192 nihil
3147 2139 3352 2207 juvare,
3378 2140 3473 2193 sed

1893 2233 2201 2304 aspicienda
2221 2246 2413 2288 nocere
2428 2240 2670 2303 possunt,
2686 2238 2959 2299 totumque
2981 2229 3214 2283 laborem
3233 2242 3472 2283 nostrum

1894 2328 2067 2383 fructu
2093 2340 2313 2381 vacuum
2349 2323 2617 2379 reddere?
2645 2322 2741 2385 Ne,
2769 2336 2972 2391 qua‘so,
3004 2320 3055 2374 id
3084 2335 3300 2389 agamus
3332 2337 3346 2375 :
3378 2322 3473 2375 sed

1891 2437 1922 2477 a
1968 2436 2074 2492 quo
2116 2419 2421 2475 mercedem
2465 2416 2733 2487 accepturi
2774 2430 2992 2479 sumus,
3040 2431 3161 2470 eum
3202 2424 3471 2485 gestorum

1892 2515 2222 2571 laudatorem
2265 2511 2588 2565 advocemus
2631 2517 2685 2563 et
2728 2515 3103 2577 Spectatorem.
3150 2507 3287 2561 Nihil
3319 2508 3474 2562 nobis

1893 2621 2176 2661 commune
2202 2620 2322 2659 eum
2352 2602 2601 2657 humanis
2626 2600 2794 2655 oculis
2819 2599 2905 2653 sit.
2931 2598 2987 2653 Si
3014 2599 3156 2651 enim
3192 2598 3325 2652 hanc
3352 2599 3473 2669 glo-

1892 2698 2025 2752 riam
2052 2696 2260 2766 assequi
2288 2693 2629 2757 voluerimus,
2661 2706 2776 2745 eam
2801 2689 3037 2760 profecto
3056 2704 3469 2760 consequemur,

1891 2808 2011 2846 cum
2042 2792 2209 2846 solam
2239 2788 2329 2842 Dei
2361 2800 2664 2858 quaaremus
2690 2786 2934 2854 gloriam.
2957 2783 3093 2837 Nam
3124 2784 3470 2854 gloriﬁcantes

1892 2899 1969 2935 me
1990 2881 2284 2953 ρίοτὶρσώο
2312 2880 2385 2948 (l.
2423 2879 2528 2948 Reg
2579 2876 2634 2931 2.
2666 2877 2777 2946 50),
2806 2876 2990 2946 inquit.
3022 2874 3099 2930 Ac
3127 2874 3471 2945 quemadmo-

1891 2976 2014 3030 dum
2045 2985 2169 3028 tunc
2213 2974 2442 3028 maxime
2481 2972 2679 3027 divitiis
2703 2971 2990 3037 aflluimus,
3020 2985 3141 3025 cum
3181 2969 3296 3024 illas
3321 2984 3473 3037 sper-

1894 3066 2087 3126 nimus,
2119 3074 2175 3120 et
2200 3079 2227 3116 a
2267 3064 2376 3119 Deo
2408 3072 2609 3117 tantum
2636 3061 2849 3117 divitias
2876 3060 3167 3131 quaerimus
3201 3059 3346 3131 (nam
3370 3061 3466 3125 ait,

1894 3162 2114 3226 Quwrite
2132 3175 2338 3231 regnum
2380 3157 2491 3223 Dei,
2520 3168 2565 3211 et
2610 3157 2716 3212 lucc
2759 3157 2930 3211 omnia
2982 3155 3285 3223 adficientur
3330 3154 3468 3207 vobis

1889 3250 2101 3323 [Matt/i.
2134 3251 2184 3307 6.
2216 3250 2367 3323 55]);
2401 3251 2478 3304 sic
2503 3260 2557 3305 et
2590 3249 2656 3305 de
2685 3248 2849 3319 gloria
2879 3247 3185 3303 dicendum.
3210 3245 3340 3301 Cum
3365 3244 3470 3299 lar-

1890 3344 2017 3413 gitio
2047 3344 2156 3397 sive
2174 3344 2535 3415 pecuniarum,
2554 3341 2665 3395 sive
2690 3340 2873 3411 gloria:
2891 3339 3124 3409 periculo
3148 3347 3315 3402 vacat,
3346 3347 3471 3392 tunc

1892 3434 2032 3488 illam
2079 3434 2219 3487 Dens
2264 3432 2594 3487 abundanter
2637 3431 2891 3501 impertit.
2935 3430 3090 3485 Tunc
3136 3439 3312 3484 autem
3357 3429 3472 3483 hare

1892 3526 2007 3579 sine
2032 3525 2268 3594 periculo
2296 3534 2439 3590 sunt,
2469 3539 2590 3579 cum
2622 3523 2777 3577 nobis
2806 3538 2910 3577 non
2938 3522 3222 3592 imperant,
3251 3535 3351 3576 nec
3370 3520 3467 3574 do-

1892 3617 2193 3679 minantur;
2218 3629 2317 3669 nec
2346 3614 2500 3669 nobis
2527 3624 2793 3683 tamquam
2830 3614 3000 3667 servis
3025 3622 3261 3678 utuntur,
3291 3610 3385 3665 scd
3414 3623 3473 3667 ut
3507 3669 3513 3677 ,

1888 3705 2039 3765 lteris
2061 3716 2117 3762 et
2144 3704 2327 3759 liberis
2346 3701 2706 3771 adsuntﬂdeo
2734 3717 2837 3756 non
2868 3702 2983 3757 vult
3006 3716 3105 3756 nos
3127 3702 3244 3756 illas
3266 3716 3469 3763 amare,

1890 3813 1960 3855 ne
1987 3797 2055 3854 iis
2082 3794 2447 3867 subjiciamur.
2479 3793 2633 3863 Quod
2670 3794 2716 3849 si
2762 3805 3135 3864 assequamur,
3169 3791 3289 3849 illas
3317 3791 3471 3847 nobis

1892 3910 2012 3950 cum
2039 3892 2357 3947 abundantia
2380 3890 2542 3944 multa
2572 3888 2810 3960 largitur.
2844 3887 2979 3955 Quid
3004 3887 3150 3941 enim
3177 3886 3342 3941 Paulo
3369 3885 3472 3939 cla-

1892 3988 2024 4050 rius,
2053 3999 2254 4055 quaeso,
2285 3983 2374 4052 qui
2399 3983 2471 4037 ait
2494 3999 2509 4037 :
2532 3980 2654 4035 Non
2682 3980 2951 4049 quaerimus
2971 3977 3030 4031 ab
3054 3976 3336 4031 hominibus
3355 3975 3470 4046 glo-

1894 4079 2041 4143 riam,
2088 4091 2245 4146 neque
2281 4092 2311 4126 a
2357 4072 2512 4136 vobis,
2556 4087 2711 4142 neque
2749 4071 2811 4123 ab
2836 4070 2949 4123 aliis
2982 4069 3059 4136 (l.
3089 4067 3268 4122 Thess.
3298 4065 3355 4119 τι.
3382 4064 3472 4132 6)?

1890 4165 2361 4239 Quidlocupletins
2389 4164 2488 4219 illo
2509 4164 2597 4233 qni
2629 4161 2759 4217 nihil
2806 4159 2986 4223 habet,
3013 4167 3068 4213 et
3092 4159 3267 4211 omnia
3298 4157 3469 4226 possi-

1894 4259 2024 4314 det?
2049 4259 2179 4313 Cum
2209 4255 2376 4323 enim,
2427 4264 2485 4308 ut
2520 4254 2661 4319 dixi,
2692 4268 2798 4306 non
2840 4250 3184 4321 subjiciemur
3205 4251 3306 4312 eis,
3349 4257 3475 4300 tunc

1894 4353 2011 4407 illas
2031 4349 2357 4413 tenebimus,
2402 4358 2527 4402 tunc
2564 4345 2909 4415 accipiemus.
2958 4341 3015 4397 Si
3045 4342 3223 4410 itaque
3249 4337 3474 4408 gloriam

1894 4444 2104 4513 assequi
2129 4442 2424 4512 cupiamus,
2453 4439 2678 4509 gloriam
2720 4435 3013 4507 fugiamus;
3044 4433 3123 4487 sic
3152 4431 3291 4487 enim
3323 4438 3475 4499 pote-

1894 4539 2080 4600 rimus,
2116 4531 2339 4591 servatis
2381 4531 2474 4587 Dei
2505 4528 2804 4600 praeceptis,
2829 4536 2884 4581 et
2910 4524 3191 4596 praesentia
3218 4531 3272 4577 et
3300 4520 3473 4575 futura

1893 4629 2148 4699 consequi
2189 4628 2351 4689 bona,
2394 4639 2489 4694 per
2545 4623 2769 4694 gratiam
2804 4619 3037 4683 Christi,
3078 4619 3292 4688 quicum
3333 4614 3475 4669 Patri

1893 4722 2083 4793 gloria,
2110 4733 2320 4788 unaque
2344 4714 2564 4773 Soiritui
2594 4723 2801 4779 sancto,
2831 4712 2885 4765 in
2912 4709 3107 4765 saecula
3131 4706 3475 4764 surculorum.

1894 4816 2089 4869 Amen.

3067 4974 3449 4990 ___________..__

2622 4990 2677 4997 __
2686 4984 3057 4996 ___.__.--.._—————

1581 5055 1927 5119 HOMILIA
1970 5005 2097 5115 IV.

325 5161 391 5215 In
412 5162 657 5231 principio
675 5170 780 5212 erat
806 5158 1040 5221 Verbum,
1078 5169 1122 5211 et
1160 5157 1373 5211 Verbum
1408 5166 1513 5210 erat
1541 5157 1678 5227 apud

906 5250 1067 5302 Deum
1076 5290 1088 5302 .

282 5432 336 5485 Ι.
376 5429 612 5483 Hethodo
641 5444 791 5496 quam
826 5429 880 5481 in
903 5427 1259 5481 commentario
1286 5444 1530 5481 usurvare
1551 5427 1786 5491 destinat,

214 5524 458 5593 exposita,
488 5521 872 5594 Chrysostomus
897 5520 1113 5590 explicat
1140 5534 1232 5574 eur
1269 5514 1586 5589 evangelista:
1612 5520 1703 5572 alii
1725 5520 1787 5574 ab

216 5617 555 5671 incarnatione
574 5613 678 5667 arsi
702 5613 802 5666 sint
825 5652 840 5677 ,
869 5610 1094 5665 Joannes
1115 5626 1250 5677 vero,
1274 5625 1449 5673 secus;
1474 5610 1651 5663 deinde
1668 5611 1791 5680 quid

214 5710 278 5762 sit
317 5706 523 5763 Verbum
549 5707 775 5775 exponit.
801 5735 873 5745 —
898 5704 1130 5759 Traditis
1158 5702 1223 5757 ad
1263 5701 1569 5771 disciplinas
1588 5701 1786 5771 pueris,

217 5816 329 5856 non
364 5802 534 5871 gravia
578 5797 815 5869 magistri
857 5797 1035 5852 statim
1082 5796 1355 5864 imponunt
1384 5807 1577 5860 onera,
1616 5806 1787 5863 neque

567 5921 838 5980 Ριτιιοι..
884 5918 999 5977 Gn.
1053 5915 1210 5977 LIX.

1896 5150 2175 5209 confertim
2200 5147 2303 5201 hoc
2342 5144 2541 5199 faciunt
2564 5183 2578 5207 ,
2606 5138 2699 5195 sed
2726 5138 2977 5210 paulatim
3002 5181 3017 5205 ,
3048 5147 3103 5192 et
3138 5137 3322 5193 eadem
3352 5139 3479 5209 ipsis

1894 5259 2036 5317 swpe
2064 5246 2330 5311 repetunt,
2358 5244 2417 5291 ut
2434 5250 2495 5290 ea
2529 5233 2734 5288 facilius
2760 5232 2811 5285 in
2833 5239 3012 5286 mente
3037 5231 3343 5301 imprimant
3362 5273 3377 5295 ,
3411 5245 3481 5286 ne

1894 5352 1923 5389 a
1954 5333 2215 5406 principio
2241 5328 2481 5386 deterriti
2517 5322 2857 5379 multitudine
2883 5338 3068 5378 eorum
3097 5337 3215 5391 qua:
3244 5338 3329 5377 vix
3355 5338 3477 5376 me-

1894 5427 2062 5481 moria
2100 5423 2332 5478 retinere
2356 5418 2572 5481 valeat,
2614 5414 2885 5486 segniores
2911 5413 3137 5469 evadant
3161 5412 3227 5466 ad
3256 5425 3319 5466 ea
3356 5427 3479 5482 quas

1898 5516 1995 5571 sibi
2026 5514 2213 5570 tradita
2240 5518 2366 5567 sunt
2393 5507 2689 5579 colligenda
2716 5549 2731 5573 ,
2763 5505 2964 5562 desidia
2999 5504 3208 5559 tandem
3236 5518 3301 5559 ex
3331 5504 3479 5558 difﬁ-

1897 5608 2183 5663 cultatibus
2211 5612 2381 5675 parta.
2411 5602 2562 5656 llunc
2588 5614 2687 5671 ego
2710 5614 2912 5654 morem
2946 5612 3161 5667 sequar,
3196 5596 3477 5668 levemque

1894 5702 2045 5756 vobis
2084 5700 2320 5755 laborem
2369 5694 2590 5750 reddam
2633 5712 2647 5749 :
2687 5708 2751 5749 ac
2788 5691 3037 5764 paulatim
3083 5698 3139 5747 et
3177 5704 3274 5763 per
3299 5699 3478 5761 partes

1893 5792 2123 5864 acceptis
2152 5790 2215 5847 iis
2236 5831 2251 5859 ,
2284 5802 2402 5859 quae
2428 5790 2482 5844 in
2508 5785 2608 5841 hac
2651 5799 2800 5841 sacra
2844 5796 3027 5839 mensa
3069 5788 3435 5852 proponuntur
3456 5821 3474 5849 ,

3086 5894 3122 5952 3
