4074 6374
574 386 638 439 ιῖ
1282 383 1338 436 S.
1378 380 1655 436 J0.\NNlS
1692 376 2163 438 CllllYSOSTOMI
2201 376 2516 434 ARCIHEP.
2556 380 3084 442 CONSTANTlNOP.
3775 400 3842 456 ιε

573 508 648 557 sic
674 518 733 556 ca
762 503 812 555 in
844 502 1048 557 animos
1077 506 1283 553 vestros
1310 498 1612 551 immittam.
1655 495 1882 562 Ideoque
1911 495 2020 562 ipsa
2054 493 2152 544 itc—

576 611 692 648 rum
725 595 884 648 verba
914 605 1203 662 proponam
1224 629 1240 654 ,
1270 603 1374 641 non
1423 599 1477 640 ut
1508 587 1645 640 idem
1683 597 1914 653 repetam
1937 626 1949 646 ,
1977 584 2069 636 sed
2103 594 2158 636 ut

573 685 764 738 addam
780 684 996 736 omissa.
1016 683 1124 750 Age
1139 694 1266 749 ergo
1283 681 1442 732 verba
1462 693 1647 732 rursus
1666 679 1732 729 ab
1757 677 1905 730 initio
1928 676 2156 729 adduca-

584 793 700 830 mus
729 794 742 828 :
777 773 840 827 In
864 774 1114 842 principio
1149 782 1254 826 erat
1298 770 1527 828 Verbum.
1557 780 1600 826 et
1640 768 1856 822 Verbum
1885 779 1989 821 erat
2019 768 2157 835 apud

579 880 758 931 “eum.
807 876 917 931 Cur
966 891 1084 930 cum
1135 873 1224 926 alii
1279 871 1617 941 evangelism:
1668 869 1734 921 ab
1795 863 2156 918 incarnatione

571 971 768 1025 Christi
790 973 898 1023 orsi
938 980 1060 1024 sunt
1091 966 1109 1034 (
1138 982 1258 1020 nam
1303 965 1578 1018 Matlhauts
1622 963 1700 1016 sic
1725 961 1930 1014 orditur
1959 977 1971 1011 :
2009 955 2157 1009 Liber

573 1062 910 1130 generationis
934 1059 1061 1114 Jesu
1093 1057 1313 1122 Christi,
1343 1059 1437 1125 ﬁlii
1467 1055 1668 1119 David;
1699 1053 1866 1106 Lucas
1906 1049 2059 1102 nobis
2093 1063 2153 1102 ea

573 1171 689 1222 qua:
711 1153 927 1208 Mariam
955 1159 1196 1222 spectant
1217 1151 1267 1204 in
1287 1148 1543 1219 principio
1557 1156 1790 1201 enarrat.
1810 1144 2014 1198 Marcus
2030 1155 2155 1195 vero

573 1247 766 1298 similia
790 1244 901 1298 fere
924 1243 1140 1313 profert,
1159 1259 1225 1296 ex
1255 1241 1502 1309 Baptista:
1528 1238 1746 1293 historia
1769 1234 1967 1303 orsus),
1989 1234 2156 1288 Joan-

575 1354 670 1390 nes
693 1337 744 1390 id
769 1337 950 1407 paucis
968 1345 1021 1390 et
1049 1345 1167 1406 post
1188 1335 1270 1387 illa
1300 1334 1472 1403 priora
1492 1331 1840 1398 subindieavit
1862 1329 1942 1383 his
1956 1328 2151 1390 verbis,

573 1429 641 1482 Et
675 1427 886 1482 Verbum
911 1445 1028 1482 cara
1057 1432 1246 1500 factum
1273 1436 1343 1482 est
1372 1428 1389 1497 (
1419 1425 1574 1482 Joan.
1609 1426 1658 1478 Ι.
1683 1425 1751 1479 M
1781 1425 1820 1493 ),
1844 1423 2156 1492 cazterisqne

576 1521 821 1574 ouuiilms
849 1521 1239 1590 praetermissis,
1272 1519 1620 1587 conceptione
1638 1557 1652 1581 ,
1682 1525 1857 1586 partu,
1885 1514 2151 1568 educatio-

575 1631 662 1677 ne,
697 1614 1046 1675 incremento,
1077 1621 1332 1666 aeternam
1364 1610 1540 1664 statim
1567 1608 1968 1678 generationem
1999 1607 2154 1659 nobis

573 1703 786 1758 enarrat
803 1711 826 1755 '!
847 1704 1100 1771 Quaenam
1123 1704 1312 1757 borum
1336 1716 1493 1756 causa
1521 1702 1607 1763 sit,
1634 1701 1743 1770 jam
1775 1699 1926 1753 vobis
1951 1697 2146 1752 dicam.

572 1795 704 1847 tium
750 1794 928 1848 cmtcri
971 1795 1309 1863 evangelistae
1337 1793 1404 1847 de
1429 1792 1494 1846 iis
1522 1808 1640 1861 qua:
1669 1806 1884 1844 carnem
1911 1797 2154 1858 spectant

576 1897 630 1939 ut
677 1888 960 1955 plurimum
1012 1887 1168 1940 verba
1216 1885 1504 1947 fecissent,
1555 1880 1843 1936 timendum
1891 1889 2039 1942 erat,
2086 1893 2153 1932 ne

572 1976 801 2043 quipiam
830 1975 976 2028 humi
1003 1983 1254 2043 repentes
1276 1973 1328 2028 in
1359 1973 1504 2027 hisce
1526 1971 1860 2039 dogmatibus
1887 1970 2149 2023 consiste-

574 2075 720 2129 rent;
767 2065 908 2134 quod
951 2074 1005 2119 et
1057 2065 1219 2118 Paulo
1262 2063 1627 2118 Samosatensi
1661 2061 1900 2130 contigit.
1944 2060 2020 2112 Ex
2055 2058 2154 2112 hac

576 2157 736 2227 igitur
751 2157 955 2225 abjecta
980 2157 1229 2225 Opinione
1250 2154 1509 2210 reducens
1532 2167 1624 2208 eos
1645 2152 1735 2222 qui
1759 2151 1954 2219 lapsuri
1977 2159 2149 2214 erant,

573 2261 627 2302 et
657 2250 720 2303 ad
752 2250 909 2304 cados
939 2249 1148 2318 erigens
1167 2291 1180 2312 ,
1229 2247 1345 2318 jure
1372 2263 1434 2302 ex
1467 2260 1694 2314 superna
1723 2253 2026 2312 aeternaque
2055 2258 2151 2296 cx-

572 2343 809 2396 sistcntia
853 2341 1098 2396 narrandi
1130 2340 1444 2410 principium
1473 2337 1636 2392 ducit.
1683 2335 1814 2390 Nam
1858 2350 1977 2388 cum
2017 2333 2149 2387 Mat-

575 2435 741 2486 thzcus
787 2432 854 2486 ab
907 2433 1128 2486 Hcrode'
1164 2447 1322 2500 rege,
1371 2431 1540 2484 Luras
1586 2445 1613 2481 a
1665 2427 1881 2482 Tiberio
1905 2426 2149 2490 Caesare,

575 2527 780 2579 Marcus
803 2540 832 2578 a
861 2523 1174 2593 baptismate
1195 2521 1413 2576 Joannis
1439 2520 1799 2573 narrationem
1821 2517 2106 2585 ccepissent
2135 2532 2149 2567 :

574 2619 688 2672 istis
731 2618 978 2671 omnibus
1023 2615 1112 2669 ille
1162 2613 1404 2676 omissis.
1433 2613 1610 2666 statim
1655 2625 1815 2679 supra
1863 2619 2072 2677 tempus
2100 2615 2154 2660 et

573 2711 824 2763 szeculum
854 2725 1010 2762 omne
1040 2706 1382 2771 conscendit,
1417 2706 1642 2774 illucque
1667 2704 1966 2758 auditorum
1996 2717 2150 2756 men-

577 2815 682 2856 tem
712 2803 857 2871 quasi
884 2802 1165 2870 jaculatur,
1192 2817 1310 2855 cum
1333 2801 1424 2864 ait,
1456 2796 1522 2852 In
1545 2799 1792 2868 principio
1815 2807 1922 2851 erat
1945 2816 1963 2852 :
1981 2812 2152 2867 neque

574 2894 898 2948 consistendi
931 2894 1102 2948 locum
1135 2893 1384 2962 relinquit
1409 2935 1423 2956 ,
1454 2907 1625 2960 neque
1656 2892 1937 2947 terminum
1972 2891 2146 2960 ponit,

575 2996 633 3040 ιιι
660 2987 770 3051 illi,
802 2987 1063 3042 llerodem
1118 3001 1310 3053 nempe
1335 3027 1348 3049 ,
1377 2985 1646 3039 Tiberium
1674 2994 1728 3040 et
1752 2984 2030 3040 Joannem.
2069 2983 2150 3038 Ad

577 3077 688 3130 lucc
708 3117 723 3142 ,
755 3076 894 3145 quod
927 3091 1265 3146 summopere
1295 3075 1623 3141 mirandum,
1655 3090 1827 3144 neque
1859 3075 1944 3129 hic
1981 3074 2149 3128 subli-

574 3171 796 3224 miorem
845 3184 1122 3238 aggressus
1170 3183 1502 3234 sermonem,
1535 3167 1883 3223 meonomiam
1925 3168 2034 3222 sive
2063 3169 2148 3221 in-

573 3262 936 3316 carnationem
986 3261 1250 3330 neglexit;
1281 3275 1471 3330 neque,
1501 3260 1587 3329 qui
1615 3274 1733 3313 eam
1760 3269 2111 3313 narraveruut
2132 3299 2147 3324 ,

577 3353 717 3407 illius
747 3362 870 3407 ante
895 3352 1084 3406 saecula
1109 3353 1473 3406 exsistentiam
1509 3360 1822 3415 tacuerunt;
1855 3350 2011 3420 idque
2029 3351 2150 3418 jure

573 3445 782 3499 merito.
807 3441 953 3499 Unus
973 3443 1168 3512 quippe
1188 3443 1415 3514 Spiritus
1435 3452 1548 3497 erat
1568 3442 1654 3511 qui
1676 3456 1860 3496 omnes
1883 3443 2145 3507 movebat;

575 3537 796 3606 ideoque
827 3552 1072 3606 magnum
1105 3536 1156 3589 in
1189 3537 1490 3590 narratione
1533 3550 1851 3590 consensum
1895 3534 2150 3589 exhibue-

574 3639 715 3682 runt.
749 3628 827 3682 T~u
856 3643 1004 3693 vero,
1035 3627 1247 3693 dilecte,
1272 3642 1391 3680 cum
1423 3626 1652 3681 Verbum
1695 3627 1864 3693 audis,
1896 3642 1962 3680 ne
2009 3624 2148 3679 feras

569 3736 663 3774 eos
693 3720 778 3790 qui
807 3721 988 3774 dicunt
1033 3718 1202 3788 ipsum
1249 3719 1516 3789 opiﬁcium
1547 3734 1696 3783 esse;
1731 3733 1901 3787 neque
1926 3733 2019 3771 eos
2058 3717 2147 3785 qui

574 3821 761 3880 putant
787 3811 959 3880 ipsum
991 3810 1304 3880 simpliciter
1332 3809 1550 3864 verbum
1597 3823 1734 3864 esse.
1765 3807 1925 3862 Multa
1957 3823 2147 3874 nempe

569 3913 692 3957 sunt
743 3905 838 3958 Dei
880 3903 1072 3967 verba,
1111 3918 1229 3971 qum
1259 3912 1314 3955 et
1337 3903 1510 3970 angeli
1557 3900 1784 3963 faciunt;
1816 3899 1909 3955 sed
1946 3899 2144 3953 nullum

570 3996 822 4048 horumce
855 3996 1138 4048 verborum
1173 3994 1307 4048 Deus
1337 4004 1450 4057 est;
1481 4009 1662 4046 verum
1710 3992 1796 4045 illa
1821 3993 1994 4044 omnia
2025 4000 2148 4044 sunt

573 4084 862 4153 prophetiae
889 4094 943 4138 et
977 4093 1236 4154 prtecepta
1269 4084 1386 4154 (sic
1415 4084 1556 4136 enim
1588 4083 1723 4137 solet
1749 4083 2020 4151 Scriptura
2053 4099 2145 4135 vo-

567 4194 689 4232 care
717 4179 858 4247 leges
885 4178 1008 4243 Dei,
1043 4187 1301 4246 praicepta
1341 4185 1395 4229 et
1440 4175 1747 4245 prophetias
1781 4193 1795 4230 :
1828 4174 2052 4243 ideoque
2079 4176 2146 4230 de

565 4270 766 4338 angelis
794 4269 1008 4336 adjicit,
1044 4250 1280 4320 Potentes
1301 4267 1482 4320 virtute
1507 4268 1744 4334 facientes
1774 4267 1973 4319 verbum
2005 4265 2144 4318 illius

567 4361 586 4436 [
619 4361 762 4415 Psal.
804 4361 922 4415 102.
951 4359 1042 4433 20]
1079 4378 1092 4413 :
1127 4361 1227 4414 hoc
1254 4372 1431 4414 autem
1475 4359 1709 4415 Verbum
1742 4359 2033 4413 substantia
2062 4369 2144 4413 est

566 4455 615 4504 iu
649 4451 953 4522 hypostasi,
985 4467 1102 4519 quas
1151 4466 1181 4503 a
1227 4450 1382 4504 Patre
1425 4451 1539 4504 sine
1585 4450 1832 4518 passione
1883 4449 2140 4518 procedit.

565 4545 696 4598 illud
735 4545 877 4598 enim
905 4585 918 4608 ,
953 4553 1009 4596 ut
1039 4543 1182 4607 dixi,
1215 4559 1308 4606 per
1343 4543 1498 4596 Verbi
1521 4542 1946 4612 "appellationem
1979 4541 2142 4610 signi-

565 4639 756 4690 lieavit.
781 4637 1236 4703 Quemadmodum
1276 4637 1432 4704 igitur
1470 4635 1594 4688 illud
1620 4677 1634 4700 ,
1669 4634 1732 4686 In
1765 4635 2012 4703 principio
2037 4643 2143 4686 erat

573 4728 819 4792 Verbum,
853 4730 1202 4782 arternitatem
1234 4728 1453 4782 denotat
1482 4744 1494 4778 :
1532 4729 1598 4780 ita
1626 4737 1677 4780 et
1711 4727 1858 4789 illud,
1891 4725 2007 4780 Hoc
2035 4737 2140 4779 erat

558 4824 610 4874 in
644 4822 890 4891 principio
921 4823 1056 4892 apud
1083 4821 1245 4874 Deum
1267 4861 1281 4883 ,
1321 4821 1736 4874 eozcternitatem
1764 4820 1916 4875 nobis
1939 4822 2140 4888 signifi-

558 4922 663 4966 rat.
699 4913 909 4966 Etenim
961 4929 1024 4967 ne
1066 4912 1322 4978 audiens,
1358 4911 1421 4965 In
1462 4913 1712 4982 principio
1741 4923 1846 4965 erat
1885 4911 2134 4978 Verbum,

559 5013 818 5058 a-ternum
847 5003 1061 5073 quidem
1092 5005 1426 5057 existimares
1446 5045 1460 5069 ,
1490 5003 1583 5057 sed
1615 5003 1824 5058 Patrem
1854 5005 2032 5074 aliquo
2063 5007 2138 5059 vi-

559 5107 626 5150 ta:
658 5097 942 5151 interstitio
989 5098 1254 5152 seniorem
1281 5139 1296 5157 ,
1346 5105 1399 5150 et
1442 5096 1658 5165 majoris
1699 5097 1795 5150 aevi
1846 5097 2133 5164 crederes,

558 5207 692 5246 neve
724 5191 1038 5260 principium
1081 5189 1361 5260 Unigenito
1407 5188 1600 5255 dares,
1647 5188 1862 5256 adjecit,
1911 5189 2038 5242 Erat
2084 5193 2135 5243 in

554 5283 802 5354 principio
829 5283 968 5354 apud
1013 5281 1171 5336 Deum
1213 5299 1230 5336 :
1277 5283 1344 5336 ita
1378 5291 1610 5336 a-ternus
1641 5291 1698 5336 ut
1740 5283 1933 5343 Pater;
1977 5300 2133 5337 num-

552 5392 709 5443 quam
762 5375 904 5429 enim
951 5373 1128 5427 Verbo
1171 5387 1369 5427 vacuus
1419 5372 1552 5435 fuit;
1607 5373 1701 5427 sed
1756 5389 1967 5441 semper
1995 5375 2133 5429 Deus

551 5466 690 5533 apud
737 5467 899 5520 Deum
934 5464 1027 5519 fuit
1061 5464 1112 5517 in
1139 5463 1350 5533 propria
1381 5463 1482 5518 sibi
1531 5463 1822 5533 hypostasi.
1855 5464 2132 5530 Quomodo

550 5570 701 5625 ergo,
729 5556 968 5625 inquies,
996 5555 1207 5624 adjecit,
1239 5553 1303 5607 In
1329 5554 1516 5606 mundo
1541 5563 1646 5606 erat
1673 5552 1847 5622 (Joan.
1873 5555 1923 5607 1.
1957 5553 2066 5625 10),
2085 5557 2129 5608 si

550 5659 662 5702 crat
689 5633 825 5716 apud
856 5649 1062 5703 Deum?
1086 5647 1215 5714 Quia
1244 5656 1295 5700 et
1321 5646 1456 5715 apud
1483 5645 1647 5700 Deum
1670 5647 1807 5699 Deus
1833 5657 1965 5709 erat,
1998 5657 2051 5700 et
2077 5649 2128 5702 in

551 5740 748 5796 mundo
791 5751 946 5795 erat:
993 5741 1135 5794 nullo
1187 5738 1380 5808 quippe
1436 5735 1698 5790 clauditur
1745 5737 1973 5791 termino
2015 5741 2128 5792 sive

554 5831 726 5891 Pater.
762 5835 871 5888 sive
900 5834 1084 5888 Filius.
1135 5833 1262 5888 Nam
1301 5832 1342 5887 si
1390 5829 1757 5900 Magnitudinis
1789 5830 1899 5897 eius
1925 5846 2022 5885 non
2052 5839 2124 5885 est

2266 492 2416 558 finis,
2452 492 2516 545 Et
2563 495 2826 561 sapientia
2867 501 2976 566 ejus
3002 516 3099 554 non
3145 512 3218 556 est
3245 520 3479 561 numerus
3505 491 3678 576 (Psal.
3713 512 3835 566 Hi.

2263 583 2317 641 5.
2336 595 2382 636 et
2403 585 2521 638 166.
2539 586 2614 656 5),
2636 586 2799 656 liquet
2818 606 2988 657 neque
3005 593 3313 648 substantiae
3334 597 3474 651 illius
3493 614 3611 654 esse
3635 603 3837 658 initium

2263 676 2574 743 temporale.
2602 679 2842 744 Audisti,
2886 681 2952 734 In
2994 684 3241 755 principio
3266 689 3383 756 fecit
3412 689 3548 745 Deus
3578 695 3755 750 calum
3791 709 3840 750 et

2263 775 2448 859 terram
2471 768 2496 820 Ρ
2522 767 2659 835 Quid
2691 772 2891 841 cogitas
2920 774 2986 828 de
3052 777 3150 830 hoc
3197 782 3494 850 principio?
3523 783 3678 843 Certe
3699 794 3836 859 quod

2263 857 2378 912 hare
2405 869 2531 913 ante
2555 863 2733 918 omnia
2759 866 2988 920 visibilia
3039 869 3174 924 facta
3226 874 3351 929 sint.
3401 876 3489 930 Sic
3530 890 3581 932 et
3609 857 3730 934 cuni
3772 885 3839 936 de

2263 946 2546 1019 Unigenito
2585 953 2736 1008 audis
2759 995 2773 1018 ,
2803 954 2867 1008 In
2895 959 3141 1026 principio
3171 973 3305 1027 erat,
3338 975 3461 1020 ante
3491 967 3836 1040 intelligibilia

2262 1045 2439 1097 omnia
2469 1056 2521 1098 et
2551 1058 2674 1101 ante
2722 1051 2914 1103 smeula
2950 1053 3121 1120 ipsum
3155 1072 3276 1111 esse
3318 1059 3580 1132 intelligas
3605 1077 3834 1134 oportet.

2260 1134 2410 1200 Quod
2459 1138 2502 1190 si
2549 1140 2669 1208 quis
2697 1141 2890 1196 dixerit
2930 1155 2948 1196 :'
2979 1146 3041 1198 Et
3069 1149 3338 1216 quomodo
3384 1153 3496 1206 fieri
3543 1165 3749 1224 potest,
3782 1170 3840 1212 ut

2265 1226 2434 1319 Filius
2478 1245 2600 1284 cum
2640 1233 2739 1299 sit,
2795 1250 2897 1288 non
2947 1238 3016 1291 sit
3056 1238 3238 1308 junior
3280 1243 3469 1299 Patre?
3511 1262 3630 1303 nam
3657 1252 3744 1319 qui
3771 1268 3839 1307 ex

2260 1317 2437 1387 aliquo
2477 1331 2592 1380 est.
2640 1327 2942 1380 necessario
2983 1333 3252 1397 posterior
3277 1345 3358 1388 est
3405 1335 3495 1390 illo
3517 1353 3547 1392 a
3576 1317 3833 1408 quo—est:

2261 1412 2700 1479 respondebimus
2720 1457 2732 1479 ,
2766 1417 2878 1472 lucc
2905 1434 2969 1473 ex
3003 1419 3247 1477 humanis
3278 1427 3686 1495 cogitationibus
3715 1449 3862 1502 pro--

2260 1500 2442 1566 ficisci,
2466 1515 2518 1558 et
2547 1521 2668 1560 eunt
2699 1508 2787 1576 qui
2815 1509 2928 1564 haec
2954 1515 3160 1580 quzerit,
3180 1515 3486 1573 absurdiora
3517 1522 3673 1576 etiam
3699 1500 3837 1594 quae-

2259 1592 2481 1646 siturum
2513 1611 2663 1660 esse;
2689 1614 2786 1654 nec
2825 1615 2945 1656 esse
2988 1602 3075 1658 illa
3113 1609 3196 1659 vel
3237 1609 3451 1661 auribus
3475 1592 3830 1682 percipienda.

2262 1687 2335 1740 De
2385 1689 2490 1743 Deo
2519 1693 2714 1762 quippe
2755 1696 2907 1750 nobis
2949 1708 3031 1752 est
3075 1714 3287 1764 sermo,
3330 1705 3526 1757 nonde
3561 1709 3832 1763 hominum

2260 1790 2481 1846 natura,
2536 1783 2838 1853 lmjusmodi
2889 1791 3288 1848 ratiociniorum
3339 1803 3733 1866 consequentize
3771 1813 3836 1858 et

2259 1873 2562 1928 necessitati
2591 1876 2847 1946 subjecta.
2875 1879 3252 1938 Verumtamen
3281 1885 3346 1939 ad
3378 1886 3696 1947 infirmiores
3741 1910 3836 1948 ro-

2257 1961 2522 2019 borandos
2551 1969 3009 2032 respondebimus.

2329 2056 2383 2110 2.
2419 2058 2511 2113 Dic
2537 2075 2664 2128 ergo
2692 2063 2855 2116 mihi:
2888 2064 3085 2120 Radius
3126 2069 3254 2124 Solis
3289 2086 3354 2125 ex
3405 2085 3661 2131 naturane
3703 2079 3833 2134 solis

2257 2149 2468 2214 exsilit,
2499 2166 2564 2204 an
2592 2152 2846 2208 aliunde?
2874 2155 3182 2213 Necessario
3221 2161 3510 2229 fatendum,
3543 2167 3640 2220 nisi
3666 2173 3834 2224 sensi-

2259 2239 2355 2293 lms
2387 2243 2534 2295 vacui
2579 2243 2767 2308 simus,
2795 2262 2859 2300 ex
2891 2248 3006 2316 ejus
3046 2259 3230 2304 natura
3274 2255 3503 2322 prodire.
3539 2258 3602 2312 Et
3654 2271 3831 2317 tamen

2257 2331 2380 2386 licet
2400 2349 2462 2386 ex
2488 2335 2600 2388 sole
2623 2335 2801 2391 radius
2824 2340 3061 2407 prodeat,
3092 2358 3376 2413 numquam
3402 2347 3637 2403 dicemus
3660 2352 3830 2421 ipsum

2257 2437 2376 2476 esse
2404 2425 2563 2478 solari
2597 2438 2781 2481 natura
2815 2432 3164 2496 posteriorem
3192 2451 3204 2486 :
3234 2437 3659 2508 quandoquidem
3686 2459 3833 2496 num-

2256 2531 2416 2584 quam
2447 2518 2526 2570 sol
2555 2519 2670 2574 sine
2700 2521 2848 2573 radio
2877 2524 3025 2578 visus
3052 2534 3152 2578 est.
3180 2526 3332 2593 Quod
3363 2530 3402 2582 si
3449 2531 3499 2584 in
3541 2531 3623 2585 his
3649 2535 3831 2590 visibi-

2257 2609 2393 2663 libus
2421 2620 2476 2664 et
2515 2612 2852 2667 sensibilibus
2882 2615 3147 2684 quidpiam
3176 2620 3245 2672 sit
3278 2621 3417 2690 quod
3449 2623 3515 2676 sit
3543 2640 3604 2678 ex
3633 2626 3828 2695 aliqua,

2257 2715 2428 2769 neque
2458 2703 2718 2770 posterius
2759 2705 2826 2756 sit
2859 2706 2983 2770 illo;
3019 2721 3116 2760 cur
3143 2709 3191 2762 id
3225 2726 3328 2764 non
3355 2713 3530 2767 credis
3555 2715 3621 2768 de
3648 2717 3831 2770 invisi-

2256 2791 2346 2846 bili
2369 2803 2424 2847 et
2445 2795 2694 2849 ineffabili
2720 2806 2902 2852 natura
2921 2800 2944 2851 ?
2963 2800 3123 2855 Certe
3148 2802 3246 2855 hoc
3269 2804 3436 2873 ipsum
3469 2807 3538 2860 ita
3568 2823 3623 2862 se
3653 2809 3828 2873 habet,

2256 2896 2313 2938 ut
2365 2885 2505 2939 illam
2549 2888 2897 2942 substantiam
2929 2891 3100 2946 decet.
3157 2893 3381 2964 Ideoque
3407 2897 3600 2952 Paulus
3628 2900 3647 2966 (
3669 2899 3828 2956 Hebr.

2258 2976 2309 3030 1.
2339 2977 2408 3047 5)
2439 2993 2504 3032 eo
2532 2978 2702 3047 ipsum
2728 2983 2937 3036 vocavit
2964 2986 3192 3049 nomine,
3214 2987 3368 3040 simul
3396 2989 3668 3046 declarans
3688 3004 3738 3048 et
3761 3009 3829 3050 ex

2255 3066 2372 3135 ipso
2395 3076 2450 3122 et
2474 3078 2798 3125 coazternum
2836 3073 2932 3142 ipsi
2978 3089 3116 3128 esse.
3149 3077 3281 3142 Quid
3327 3079 3626 3148 igitur?die
3669 3084 3824 3148 mihi,

2253 3175 2428 3216 annon
2451 3163 2642 3217 sarcula
2666 3165 2838 3218 omnia
2865 3173 2917 3220 et
2942 3168 3167 3235 Spatium
3198 3184 3355 3223 omne
3382 3187 3474 3240 per
3498 3173 3665 3240 ipsum
3691 3176 3825 3230 facta

2254 3253 2424 3307 sunt?
2455 3253 2565 3308 Hoc
2589 3256 2908 3310 confiteatur
2948 3273 3167 3314 necesse
3194 3271 3274 3314 est
3304 3261 3347 3314 is
3373 3304 3386 3326 ,
3418 3263 3504 3330 qui
3539 3277 3713 3319 mente
3740 3281 3826 3320 ca-

2253 3355 2374 3415 ptus
2400 3361 2503 3401 non
2534 3349 2620 3401 sit.
2657 3349 2793 3418 Ergo
2823 3350 2950 3404 nihil
2981 3345 3216 3406 medium
3259 3364 3341 3408 est
3386 3355 3524 3409 inter
3555 3357 3739 3410 Filium
3773 3368 3829 3413 et

2251 3437 2484 3492 Patrem.
2519 3439 2575 3494 Si
2604 3440 2733 3494 nihil
2752 3483 2765 3504 ,
2797 3457 2924 3510 ergo
2971 3457 3076 3496 non
3104 3445 3382 3512 posterior,
3412 3447 3504 3500 sed
3533 3461 3828 3504 coarternus

2251 3538 2351 3582 est.
2377 3529 2505 3583 Nam
2537 3541 2652 3584 ante
2679 3541 2732 3585 et
2763 3541 2873 3600 post
2897 3543 3132 3602 tempora
3161 3536 3481 3604 signiﬁcant.
3513 3538 3604 3592 lite
3634 3541 3829 3609 quippe

2251 3637 2410 3677 voces
2438 3638 2543 3676 non
2575 3633 2797 3692 possunt
2824 3626 2940 3680 sine
2978 3627 3175 3682 szeculo
3202 3629 3282 3682 vel
3313 3637 3552 3698 tempore
3581 3632 3824 3700 cogitari.

2252 3713 2394 3768 Deus
2423 3729 2551 3768 vero
2578 3717 2823 3784 superior
2851 3726 2933 3771 est
2963 3719 3291 3786 temporibus
3321 3730 3376 3774 et
3402 3723 3634 3776 stcculis.
3674 3723 3826 3789 Quod

2251 3810 2295 3861 si
2333 3811 2550 3864 omnino
2591 3811 2790 3865 dixeris
2835 3812 2969 3866 Filio
3017 3815 3332 3884 principium
3381 3831 3538 3880 esse,
3587 3833 3714 3872 cave
3758 3834 3827 3871 ne

2251 3898 2459 3953 Patrem
2490 3917 2697 3970 quoque
2743 3902 2840 3956 sub
2866 3903 3128 3972 principio
3165 3905 3348 3959 eadem
3395 3908 3598 3960 ratione
3624 3909 3827 3961 consti-

2251 4000 2402 4046 tuere
2430 3995 2671 4061 cogaris;
2712 3995 3010 4064 antiquiore
3038 3995 3272 4065 quidem,
3303 3997 3396 4052 sed
3430 4009 3602 4053 tamen
3631 4001 3827 4068 princi-

2251 4082 2355 4150 pio.
2387 4083 2478 4136 Dic
2507 4084 2646 4136 enim
2690 4085 2815 4136 mihi
2856 4103 2868 4136 :
2906 4089 3098 4140 Annon
3127 4090 3408 4142 terminum
3445 4100 3600 4159 atque
3627 4093 3826 4160 princi-

2251 4174 2392 4242 pium
2413 4174 2561 4258 .Filio
2590 4175 2898 4230 adscribens
2917 4219 2931 4235 .
2971 4186 3130 4248 atque
3159 4179 3225 4232 ab
3264 4179 3355 4233 illo
3384 4183 3642 4252 principio
3667 4184 3825 4240 altius

2248 4265 2531 4332 prodiens,
2595 4266 2803 4320 Patrem
2853 4269 2994 4336 prius
3057 4271 3316 4326 exsistere
3357 4271 3532 4331 dicis?
3588 4275 3638 4327 Id
3679 4286 3825 4331 certe

2247 4355 2603 4410 n'ianifestum.
2638 4358 2729 4412 Dic
2776 4375 2901 4427 ergo
2941 4360 3068 4414 mihi
3099 4372 3293 4430 quanto
3325 4365 3494 4431 spatio
3533 4369 3823 4433 priccxistit

2247 4447 2444 4502 Pater?
2471 4449 2593 4503 Sive
2623 4451 2763 4503 enim
2795 4466 3032 4519 parvum,
3063 4452 3175 4506 sive
3207 4468 3454 4521 magnum
3477 4455 3675 4510 dixeris
3698 4474 3824 4526 spa-

2249 4542 2380 4593 tium
2402 4581 2415 4604 ,
2449 4541 2546 4593 sub
2574 4540 2834 4610 principio
2873 4542 3082 4596 Patrem
3115 4543 3353 4611 posuisti.
3381 4543 3510 4598 Nam
3543 4557 3822 4616 postquam

2246 4647 2550 4686 mensuram
2577 4633 2730 4700 spatii
2763 4633 2902 4686 illius
2927 4633 3169 4696 duxeris,
3202 4636 3279 4688 sic
3313 4635 3458 4690 dices
3485 4639 3564 4690 vel
3597 4654 3820 4706 parvum

2244 4725 2328 4777 vel
2359 4741 2606 4794 magnum
2649 4740 2768 4779 esse
2797 4743 2808 4778 :
2840 4741 3089 4779 mensura
3130 4743 3259 4781 vero
3297 4727 3417 4781 duci
3467 4745 3572 4782 non
3604 4739 3818 4798 potest,

2243 4817 2343 4870 nisi
2375 4818 2620 4886 utrinque
2653 4817 2966 4885 principium
3007 4818 3094 4870 sit.
3133 4817 3314 4887 Itaque
3346 4820 3516 4883 Patri,
3560 4830 3820 4889 quanttun

2244 4910 2294 4962 in
2331 4922 2380 4964 te
2407 4911 2530 4973 fuit,
2562 4911 2876 4979 principium
2905 4910 3097 4964 dedisti
3128 4927 3141 4963 :
3177 4912 3358 4980 sicque
3401 4914 3693 4969 secundum
3726 4931 3821 4970 vos

2250 5019 2316 5057 ne
2362 5003 2517 5057 Pater
2558 5004 2770 5072 quidem
2821 5004 2936 5058 sine
2965 5005 3224 5073 principio
3263 5007 3386 5059 erit.
3419 5005 3604 5059 Viden‘
3631 5023 3818 5062 verum

2241 5109 2359 5148 esse
2387 5094 2436 5147 id
2464 5095 2603 5164 quod
2639 5110 2669 5148 a
2709 5095 2992 5149 Servalore
3023 5095 3218 5149 dictum
3255 5107 3356 5159 est,
3380 5106 3432 5150 et
3461 5097 3660 5150 dictum
3689 5099 3818 5153 illud

2240 5189 2451 5241 virtutis
2499 5187 2614 5255 ejus
2667 5189 2862 5257 ubique
2904 5198 3272 5256 argumentum
3324 5191 3483 5243 esse?
3533 5189 3814 5257 Quodnam

2238 5284 2364 5338 illud
2393 5284 2511 5336 est?
2545 5281 2644 5349 Qui
2684 5299 2782 5335 non
2813 5283 3024 5335 honorat
3076 5281 3263 5335 Filium
3284 5325 3298 5345 ,
3334 5299 3433 5336 non
3464 5285 3674 5337 honorat
3701 5283 3815 5336 Pa-

2239 5384 2361 5427 trem
2389 5372 2569 5443 (Joan.
2599 5375 2652 5429 5.
2688 5374 2802 5443 Q5).
2831 5373 2967 5428 Novi
3000 5373 3179 5426 multis
3209 5375 3321 5428 bare
3351 5375 3813 5444 incomprehensi-

2237 5465 2361 5518 bilia
2389 5481 2509 5520 esse
2539 5485 2552 5521 :
2587 5465 2809 5534 ideoque
2830 5464 3102 5518 ratiocinia
3121 5463 3419 5533 hujusnmdi
3439 5481 3651 5521 movere
3667 5483 3812 5536 smpe

2235 5565 2546 5611 cunctamur
2570 5597 2584 5620 ,
2616 5556 2757 5626 quod
2785 5555 2972 5624 vulgus
3012 5555 3097 5608 illa
3125 5557 3334 5625 assequi
3363 5567 3620 5625 nequeat;
3649 5559 3732 5611 vel
3761 5558 3806 5611 si

2234 5657 2568 5716 assequatur,
2599 5646 2686 5701 illa
2727 5660 2829 5699 non
2856 5645 3004 5698 firma
3033 5655 3086 5698 et
3112 5656 3254 5700 certa
3283 5656 3550 5700 maneant.
3583 5647 3809 5700 Baliari-

2233 5741 2318 5792 nia
2346 5739 2538 5808 quippe
2561 5737 2818 5791 hominum
2851 5737 3030 5791 timida
3050 5747 3166 5790 sunt
3186 5780 3200 5802 ,
3230 5749 3276 5792 et
3306 5740 3514 5810 fallaces
3542 5742 3807 5807 cogitatio-

2235 5849 2320 5886 nes
2347 5847 2519 5884 eorum
2547 5828 2714 5899 (Sap.
2741 5829 2794 5884 9.
2828 5830 2891 5884 ixi
2914 5831 2952 5898 ).
2987 5829 3235 5885 Libenter
3262 5841 3437 5888 autem
3466 5830 3799 5889 adversarios
