4074 6374
205 422 272 475 ιε
1406 424 1477 480 1N
1515 421 1830 480 JOANNESI
1871 423 2108 480 IIOMIL.
2143 424 2232 483 IV.
2273 427 2344 481 al.
2375 425 2463 480 Ill.
3593 424 3663 478 48

204 546 306 615 ἤδη
339 540 476 614 πρὸς
505 541 650 612 ύμᾶς
671 540 800 612 ἐρῶ.
825 539 944 593 Τῶν
967 539 1167 592 λοιπῶν
1195 539 1592 609 εὖαγγελιστῶν
1628 541 1689 594 τὸ
1723 541 1884 594 πλέον

205 634 264 687 ἐν
288 634 400 694 τοῖς
430 631 572 684 κατά
597 630 772 700 σάρκα
802 628 1194 699 διατριψάντων
1218 629 1414 697 λόγοις,
1449 629 1566 691 δέος
1594 625 1660 696 ἦν
1689 629 1782 681 τοῦ
1810 632 1882 700 μή

203 737 356 781 τινας
389 719 478 771 διά
503 717 658 770 τοῦτο
685 719 1044 788 χαμαιπετεῖς
1070 717 1230 780 ὄντας
1274 716 1486 779 τούτοις
1525 717 1881 786 ἐναπομεῖναι

209 809 394 877 μόνοις
421 808 534 868 τοῖς
553 805 845 875 δόγμασινο
879 803 909 856 ὃ
942 805 1037 856 καὶ¹
1066 803 1276 867 Παῦλος
1318 803 1518 856 ἔπαθεν
1564 805 1592 856 6
1630 804 1882 872 Σαμοσα-

205 895 349 957 τεύς.
393 893 490 946 Ἐκ
516 892 714 962 ταύτης
738 893 920 944 τοίνυν
944 893 1161 960 ἀνάγων
1191 908 1212 928 ι
1246 894 1342 963 τῆς
1369 890 1738 962 χαμαιζηλίας
1759 891 1884 954 τοὺς

209 983 501 1052 μέλλοντας
537 979 912 1051 ἐμπεσεῖσθαι.
961 981 1054 1033 καὶ
1095 982 1174 1044 εἰς
1214 980 1305 1032 τὸν
1341 980 1569 1050 οὐρανὸν
1618 979 1881 1038 ἀνέλκων.

205 1071 432 1133 εἰκότως
457 1068 660 1123 ἄνωθεν
693 1068 786 1121 καὶ
817 1069 880 1121 ἐκ
895 1069 994 1138 τῆς
1013 1067 1301 1139 ὑπάρξεως
1330 1067 1430 1136 τῆς
1455 1067 1624 1120 ἀϊδίου
1652 1069 1883 1119 ποιεῖται

204 1159 305 1228 τῆς
331 1159 636 1228 διηγήσεως
669 1158 769 1226 τὴν
811 1157 1007 1226 ἀρχὴν.
1044 1156 1151 1208 Τοῦ
1189 1157 1289 1226 μὲν
1327 1154 1436 1226 γὰρ
1469 1155 1745 1208 Ματθαίου
1776 1155 1885 1208 ἀπὸ

216 1246 461 1316 Ἡρώδου
492 1244 587 1298 τοῦ
619 1243 903 1313 βασιλέως,
925 1242 1020 1296 τοῦ
1053 1243 1240 1296 Λουκᾶ
1281 1243 1339 1295 δὲ
1368 1243 1476 1296 ἀπὸ
1518 1243 1766 1315 Τιϐερίου
1787 1245 1882 1296 τοῦ

206 1331 508 1400 Καίσαρος,
535 1327 628 1381 τοῦ
659 1327 715 1380 δὲ
748 1328 976 1398 Μάρκου
1010 1327 1119 1380 ἀπὸ
1151 1326 1244 1380 τοῦ
1286 1326 1658 1397 βαπτίσματος
1702 1327 1883 1380 Ἰωάν-

204 1437 298 1470 νου
323 1418 460 1488 πρὸς
493 1417 591 1486 τὴν
623 1415 872 1484 διήγησιν
907 1413 1279 1479 εἰσϐαλόντων,
1312 1415 1487 1468 πάντα
1526 1413 1698 1468 ταῦτα
1725 1414 1884 1482 ἀφεὶς

204 1499 360 1568 οὗτος
400 1505 450 1567 b,
479 1503 736 1573 ἀνωτέρω
763 1501 963 1564 παντὸς
1007 1502 1182 1556 ἄνεισι
1225 1502 1418 1572 χρόνου
1447 1518 1507 1554 τε
1542 1502 1637 1554 καὶ
1667 1501 1879 1565 αἰῶνος,

208 1597 319 1646 ἐκεῖ
341 1592 444 1662 τὴν
473 1591 709 1644 διάνοιαν
734 1589 842 1641 τῶν
873 1588 1157 1659 ἀκροατῶν
1183 1588 1478 1652 ἀκοντίζων
1506 1589 1642 1658 πρὸς
1674 1589 1752 1647 τὸ.
1781 1589 1884 1642 Ἐν

205 1682 362 1752 ἀρχῇ
391 1679 492 1752 ἦν,
517 1681 610 1733 καὶ
635 1679 734 1732 οὑκ
763 1679 946 1748 ἀφιεὶς
975 1677 1166 1748 στῆναί
1201 1696 1326 1741 που,
1369 1679 1491 1732 οὐδὲ
1533 1679 1656 1749 ὅρον
1689 1677 1878 1742 τιθεὶς,

206 1775 460 1843 καθάπερ
501 1773 716 1834 ἐκεῖνοι,
745 1769 838 1822 τὸν
883 1767 1128 1839 Ἡρώδην
1155 1768 1250 1820 καὶ
1279 1768 1369 1820 τὸν
1397 1767 1645 1838 Τιϐέριον
1676 1767 1769 1820 καὶ
1791 1766 1882 1818 τὸν

216 1863 489 1930 Ἰωάννην.
531 1861 594 1912 Ὃ
629 1859 684 1911 δὲ
727 1858 874 1924 ἄξιον
924 1857 1060 1926 μετά
1087 1856 1291 1908 τούτων
1325 1869 1346 1895 α
1378 1856 1674 1926 Θαυμάσαι,
1707 1856 1882 1908 ἐκεῖνο

208 1950 444 2020 μάλιστα
462 1949 634 1999 εἰπεῖν
653 1945 908 2011 ἕστιν,ὅτι
945 1943 1067 1996 οὕτε
1096 1938 1252 2008 οὗτος
1280 1943 1416 2014 πρὸς
1440 1945 1530 1997 τὸν
1556 1943 1881 2013 ὑψηλότερον

203 2039 397 2091 ἑαυτὸν
450 2037 608 2106 λόγον
660 2035 843 2103 ἀφιεὶς
886 2035 984 2100 τῆς
1033 2033 1342 2104 οἰκονομίας
1392 2033 1699 2105 ἠμέλησενο
1757 2032 1881 2086 οὔτε

205 2129 404 2179 ἐκεῖνοι
451 2126 551 2195 τὴν
613 2124 740 2193 περὶ
779 2121 982 2191 ταύτης
1033 2120 1424 2184 ἐσπουδακότες
1456 2121 1725 2191 διήγησιν,
1782 2120 1880 2191 τὴν

203 2215 532 2286 προαιώνιον
565 2214 826 2281 ἐσίγησαν
876 2209 1138 2280 ὕπαρξινο
1181 2211 1276 2262 καὶ
1322 2211 1465 2280 μάλα
1497 2211 1739 2274 εἰκότως.
1783 2211 1880 2262 ’Ἑν

201 2302 308 2374 γάρ
336 2298 410 2372 ἦν
449 2301 512 2353 τὸ
539 2299 763 2369 Πνεῦμα
802 2298 862 2350 τὸ
904 2297 1084 2350 κινοῦν
1115 2297 1214 2359 τάς
1261 2297 1517 2350 ἁπάντων
1556 2297 1731 2367 ψυχάς
1753 2314 1766 2326 ·
1800 2297 1880 2350 διὸ

203 2392 294 2444 καὶ
322 2387 530 2459 πολλὴν
578 2387 705 2457 περὶ
731 2385 830 2456 τὴν
859 2383 1198 2452 ἀπαγγελίαν
1231 2383 1571 2448 ἐπεδείξαντο
1610 2383 1706 2454 τὴν
1750 2383 1880 2454 69.6-

201 2495 369 2530 νοιαν.
397 2477 470 2528 Συ
490 2476 570 2536 δὲ,
591 2472 863 2543 ἀγαπητέ,
889 2472 1059 2539 Λόγον
1080 2471 1338 2535 ἀκούσας,
1369 2472 1634 2542 μηδέποτε
1667 2470 1877 2542 ἀνάσχῃ

204 2562 307 2612 τῶν
341 2559 612 2626 λεγόντων
646 2557 806 2628 ἔργον
839 2555 1001 2608 αὐτὸν
1023 2551 1182 2616 εἶναι,
1229 2554 1363 2608 ἀλλά
1391 2554 1521 2625 μηδὲ
1560 2553 1668 2606 τῶν
1692 2553 1880 2617 ἀπλῶς

202 2649 355 2716 λόγον
387 2646 554 2700 αὑτὸν
595 2640 736 2698 εἶναι
773 2644 1120 2714 νομιζόντων.
1174 2641 1365 2695 Πολλοὶ
1407 2643 1505 2711 μὲν
1547 2642 1653 2714 γάρ
1685 2643 1736 2694 οί
1785 2639 1877 2694 τοῦ

202 2736 332 2787 Θεοῦ
354 2735 532 2801 λόγοι,
558 2732 650 2796 οὒς
669 2733 759 2786 καὶ
779 2731 996 2800 ἄγγελοι
1026 2730 1290 2793 ποιοῦσιν,
1314 2731 1428 2783 ἀλλ’
1459 2731 1630 2794 οὐδεὶς
1656 2729 1880 2782 ἐκείνων

202 2823 306 2876 τῶν
330 2822 510 2890 λόγων
531 2821 680 2883 Θεὸς,
703 2819 818 2873 ἀλλ’
841 2821 1034 2872 ἐκεῖνοι
1059 2819 1156 2889 μὲν
1180 2819 1417 2880 ἄπαντες
1433 2821 1758 2889 προφητεῖαι
1784 2819 1880 2871 καὶ

207 2911 606 2980 προστάγματα
633 2906 662 2946 ἀ
715 2905 895 2974 (οὕτω
923 2906 1032 2974 γὰρ
1059 2905 1180 2968 ἔθος
1210 2908 1275 2976 τῇ
1317 2906 1508 2976 Γραφῇ
1543 2905 1726 2958 καλεῖν
1752 2906 1880 2967 τοὺς

205 2999 401 3066 νόμους
433 2996 528 3049 τοῦ
551 2994 706 3058 Θεοῦ,
747 2995 843 3048 καὶ
870 2995 939 3047 τά
973 2994 1344 3064 ἐπιτάγματα,
1382 2995 1478 3046 καὶ
1523 2994 1621 3056 τὰς
1659 3011 1876 3065 προφη-

205 3089 345 3150 τείας
369 3103 384 3118 ο
413 3086 496 3138 διὸ
519 3086 613 3138 καὶ
635 3084 829 3151 ἐπάγει
854 3083 1026 3151 λέγων
1044 3084 1170 3155 περὶ
1195 3083 1304 3136 τῶν
1329 3083 1594 3153 ἀγγέλων,
1627 3084 1877 3138 Aurata}.

207 3176 390 3242 ίσχύϊ,
414 3171 733 3237 ποιοῦντες
763 3171 1072 3240 τὸνλόγον
1093 3171 1314 3240 αὐτοῦ)
1337 3188 1350 3202 ο
1385 3165 1537 3234 οὗτος
1561 3171 1616 3224 δὲ
1651 3173 1678 3224 6
1709 3173 1880 3240 Λόγος

204 3263 357 3314 οὐσία
382 3262 467 3324 τίς
500 3262 648 3313 ἐστιν
675 3261 1058 3323 ἐνυπόστατος,
1089 3259 1148 3324 ἐξ
1175 3259 1341 3313 αὑτοῦ
1369 3259 1705 3329 προελθοῦσα
1731 3261 1878 3313 ἀπα⁴

203 3353 308 3414 θως
337 3350 432 3404 τοῦ
468 3349 703 3420 Πατρός.
730 3347 900 3400 Τοῦτο
941 3347 1071 3417 γάρ,
1107 3347 1182 3411 ώς
1226 3347 1396 3418 ἔφθην
1421 3345 1609 3410 εἰπὼν,
1656 3347 1746 3400 διά
1780 3347 1879 3416 τῆς

206 3439 294 3492 10-3
326 3439 509 3506 Λόγου
537 3435 906 3506 προσηγορίας
929 3434 1216 3503 ἐδήλωσεν.
1257 3436 1466 3505 Ὥσπερ
1507 3430 1598 3489 οὖν
1638 3434 1720 3497 τὸ,
1777 3436 1880 3488 Ἐν

200 3527 358 3597 ἀρχῇ
390 3523 472 3598 ἦν
507 3529 540 3580 ὁ
562 3527 772 3594 Λόγος,
802 3523 864 3576 τὸ
885 3524 1053 3576 ἀΐδιον
1081 3523 1258 3593 δηλοῖ·
1292 3523 1432 3576 οὓτω
1470 3523 1550 3587 τὸ,
1585 3519 1774 3588 Οὗτος
1799 3518 1880 3592 ἦν

204 3619 271 3670 ἐν
296 3615 457 3686 ἀρχῇ
484 3615 637 3683 πρὸς
663 3615 767 3666 τὸν
803 3612 971 3674 Θεὸν,
1014 3612 1076 3665 τὸ
1125 3613 1392 3666 συναῖδιον
1425 3614 1553 3683 ἡμῖν
1595 3613 1877 3682 ἐνέφηνεν.

207 3705 319 3759 Ἵνα
350 3707 457 3774 γάρ
497 3704 593 3774 μὴ,
627 3701 864 3765 ἀκούσας
889 3703 972 3754 ὅτι
1010 3702 1110 3754 Ἐν
1129 3699 1285 3770 ἀρχῇ
1316 3696 1394 3769 ἦν
1417 3703 1448 3753 ό
1472 3703 1682 3769 Λόγος,
1710 3700 1879 3755 αἲδιον

207 3795 303 3863 μὲν
320 3793 572 3862 νομίσῃς,
599 3789 976 3861 πρεσϐυτέραν
997 3788 1053 3841 δὲ
1072 3785 1400 3857 διαστήματί
1423 3804 1526 3839 τινι
1548 3785 1642 3839 τοῦ
1667 3787 1880 3858 Πατρὸς

203 3883 300 3951 τὴν
327 3879 476 3950 ζωὴν
510 3877 858 3946 ὑποπτεύσῃς
888 3877 983 3928 καὶ
1015 3873 1172 3929 αἰῶνι
1206 3875 1430 3938 πλείονι,
1459 3875 1555 3927 καὶ
1590 3874 1668 3945 τῷ
1705 3877 1880 3929 Μονο-

202 3974 346 4037 γενεί
369 3969 476 4039 δῷς
505 3965 697 4037 ἀρχὴν,
731 3965 980 4034 ἐπήγαγε
1013 3965 1093 4030 τὸ,
1129 3965 1212 4016 ὅτι
1257 3963 1353 4014 Ἐν
1383 3962 1541 4031 ἀρχῇ
1581 3964 1733 4030 πρὸς
1773 3963 1882 4017 τὸν

204 4063 352 4113 Θεὸν
380 4057 481 4129 ἦν,
521 4057 694 4119 οῦτως
722 4056 905 4118 ἀΐδιος.
933 4054 1008 4117 ώς
1035 4066 1058 4093 θ
1089 4054 1250 4116 αὑτὸς
1280 4057 1308 4108 6
1334 4055 1521 4124 Πατήρ
1541 4071 1554 4084 ·
1589 4056 1649 4106 ού
1674 4055 1780 4125 γάρ
1811 4050 1879 4124 ἦν

205 4151 406 4218 ἕρημος
440 4147 694 4200 οὐδέποτε
725 4143 818 4195 τοῦ
847 4143 1041 4210 Λόγου,
1075 4141 1188 4194 ἀλλ’
1215 4144 1302 4195 ἀεὶ¹
1327 4143 1458 4204 Θεὸς
1484 4142 1618 4212 πρὸς
1637 4141 1768 4194 Θεὸν
1789 4137 1878 4212 ἦν,

203 4241 260 4288 ἐν
295 4235 597 4288 ὑποστάσει
647 4232 828 4302 μέντοι
861 4231 984 4300 ἰδία.
1014 4230 1135 4293 Πῶς
1174 4226 1286 4294 οὖν,
1337 4231 1519 4299 φησὶν,
1565 4227 1733 4290 εἶπεν,
1775 4231 1876 4282 ὅτι’

216 4327 319 4379 'Er
333 4323 415 4389 τῷ
440 4327 650 4389 κόσμῳ
681 4316 779 4389 ἦν,
815 4321 865 4372 εῖ
895 4336 957 4387 γε
1005 4319 1140 4389 πρὸς
1170 4320 1262 4371 τὸν
1305 4319 1435 4372 Θεὸν
1478 4315 1576 4391 ῆν;
1630 4321 1750 4372 ’Ότι
1787 4320 1881 4372 καὶ

207 4412 325 4486 [28]
359 4413 499 4483 πρὸς
530 4411 622 4462 τὸν
644 4410 778 4462 Θεὸν
806 4404 872 4479 ἦν
899 4410 1085 4469 ε’,καὶ
1111 4411 1168 4460 ἐν
1198 4406 1274 4477 τῷ
1305 4408 1492 4478 κόσμῳ
1518 4403 1604 4478 ἦν.
1632 4407 1879 4478 Οὐδαμοῦ

207 4505 314 4572 γάρ
344 4498 696 4568 περατοῦται,
716 4497 838 4549 οὔτε
865 4498 892 4549 6
922 4496 1126 4566 Πατὴρ,
1150 4495 1273 4548 οὔτε
1307 4499 1334 4549 6
1365 4497 1508 4559 Υἱός.
1544 4499 1612 4550 Εἰ
1643 4497 1748 4569 γὰρ
1774 4495 1882 4566 τῆς

201 4589 641 4659 μεγαλωσύνης
661 4585 846 4639 αὑτοῦ
879 4588 990 4637 οὐκ
1028 4585 1159 4637 ἐστι
1210 4585 1412 4652 πέρας,
1451 4586 1557 4638 Καὶ
1592 4585 1703 4654 τῆς
1733 4603 1882 4639 συν-

205 4680 394 4743 έσεως
409 4675 595 4730 αὺτοῦ
614 4677 724 4728 οὐκ
748 4674 917 4726 ἔστιν
938 4673 1179 4740 ἀριθμός
1201 4691 1214 4704 ·
1241 4672 1362 4726 οὑδὲ
1382 4677 1479 4745 τῆς
1501 4674 1687 4736 οὐσίας
1723 4673 1881 4746 εὔδη-

207 4769 295 4822 λον
335 4770 418 4821 ὅτι
457 4767 598 4836 ἀρχή
659 4781 742 4826 τις
800 4763 1040 4833 χρονικὴ.
1093 4763 1388 4827 ’Πκουσας,
1431 4765 1514 4815 ὅτι
1581 4763 1677 4815 Ἐν
1723 4763 1883 4834 ἀρχῇ

205 4859 498 4922 ἐποίησεν
526 4858 558 4907 ὀ
592 4851 730 4916 Θεὸς
760 4852 868 4903 τὸν
893 4849 1152 4916 οὐρανὸν
1177 4849 1274 4903 καί
1309 4849 1423 4918 τὴν
1442 4849 1599 4920 γῆν;
1635 4851 1700 4905 Τί
1743 4857 1882 4916 νοεῖς

207 4942 317 4994 ἀπὸ
360 4941 462 5010 τῆς
513 4939 685 5009 ἀρχῆς
729 4935 964 5006 ταύτης;
1007 4934 1240 5006 Εὔδηλον
1280 4937 1361 4990 ὅτι
1402 4937 1463 4990 τὸ
1515 4937 1620 5008 πρὸ
1665 4939 1881 4992 πάντων

211 5029 464 5096 γενέσθαι
500 5026 641 5080 αὑτά
672 5024 779 5076 τῶν
805 5023 1033 5094 ὁρατῶν.
1067 5023 1222 5078 Οὕτω
1251 5027 1344 5078 καὶ
1371 5027 1499 5096 περὶ
1522 5026 1613 5079 τοῦ
1641 5028 1882 5095 Μονογε-

209 5118 336 5181 νοῦς
362 5115 596 5178 ἀκούων,
628 5115 710 5166 ὅτι
744 5113 847 5165 Ἐν
881 5110 1040 5181 ἀρχῇ
1068 5109 1164 5180 ἦν,
1205 5113 1310 5182 πρὸ
1340 5113 1556 5165 πάντων
1588 5113 1748 5166 αὑτὸν
1774 5117 1882 5166 νόει

209 5208 318 5260 τῶν
343 5204 548 5276 νοητῶν
578 5204 674 5254 καὶ
710 5201 816 5273 πρὸ
851 5201 960 5253 τῶν
995 5199 1226 5253 αἰώνων.
1262 5201 1322 5253 Εί
1346 5200 1403 5253 δὲ
1433 5200 1579 5268 λέγοι
1612 5218 1695 5264 τις
1724 5215 1738 5229 ⁸
1774 5201 1885 5253 Καὶ

214 5294 330 5353 πῶς
362 5293 526 5348 ἐστιν,
574 5286 703 5339 Υίὸν
733 5285 860 5337 ὅντα
902 5283 977 5354 μὴ
1019 5282 1283 5354 νεώτερον
1314 5281 1452 5335 εἶναι
1493 5282 1586 5336 τοῦ
1629 5284 1882 5355 Πατρός;

211 5381 271 5432 τὸ
303 5379 411 5447 γάρ
436 5377 498 5430 ἐκ
521 5391 666 5437 τινος
692 5372 773 5436 ὸν,
819 5372 1030 5442 ἀνάγκη
1074 5373 1224 5425 πᾶσα
1268 5369 1491 5443 ὓστερον
1531 5365 1667 5424 εἶναι
1701 5371 1795 5424 τοῦ
1826 5373 1885 5438 ἐξ

212 5463 274 5520 οῦ
305 5471 470 5528 ἐστιν,
504 5462 772 5532 ἐροῦμεν,
825 5462 906 5514 ὅτι
957 5460 1193 5530 μάλιστα
1251 5460 1349 5530 μὲν
1387 5457 1561 5512 ταῦτα
1613 5459 1886 5531 λογισμῶν

276 5661 309 5728 .'
332 5660 424 5728 Mi?
455 5661 513 5728 ἐκ
531 5655 1024 5728 ταύιτηςοδνάνάτων·

276 5722 309 5761 Β
331 5723 425 5770 Alii
446 5722 579 5782 ἀφεὶς
599 5720 760 5782 αὐτός.

281 5787 307 5814 ε
333 5783 438 5830 Sav.
459 5777 579 5844 ρξετά
595 5779 759 5844 τοῦτο,
784 5779 904 5829 Hor.
931 5778 1048 5842 μετὰ
1073 5778 1272 5842 τούτων,
1298 5784 1352 5830 el
1369 5781 1441 5830 sic
1459 5793 1572 5830 mss.
1599 5777 1760 5831 mulli.

281 5843 313 5884 ἆ
337 5843 532 5902 Quidam
557 5844 641 5890 καὶ
661 5843 931 5904 πράγματα.

285 5925 310 5946 ε
338 5906 448 5952 Mor.
478 5907 630 5954 οὕτως
651 5905 803 5958 ἀΐδιος
826 5905 983 5961 δηλῶν
1004 5907 1082 5961 ὡς.
1111 5904 1223 5954 SaV.
1248 5906 1400 5962 οὕτως
1419 5905 1567 5962 ἀΐδιος
1600 5908 1680 5962 ὡς.

287 5968 337 6005 *⁸
362 5967 522 6036 Μορῑζ.
553 5966 671 6036 πρὸς
688 5966 770 6012 τὸν
789 5965 987 6036 ρεὸςιῇν
1012 5967 1068 6026 ει.
1090 5967 1221 6036 ’πρὸς
1241 5969 1474 6036 16vgfje6v
1499 5969 1615 6036 Θεὸς
1637 5968 1736 6026 ἠν),
1757 5968 1887 6036 quod

224 6031 464 6138 ριρτεέςὶι
500 6025 768 6088 inlérpres.
796 6025 892 6077 Nos
912 6025 1025 6076 δαν,
1053 6034 1105 6076 et
1133 6025 1271 6077 éodd.
1300 6031 1391 6077 705
1428 6039 1475 6079 ει
1499 6030 1590 6078 7ρὸ
1618 6025 1885 6078 δευυιῖδυ-

224 6103 348 6138 mus.
397 6104 501 6137 .DIT.
1410 6123 1422 6136 ι

216 6103 348 6140 mus.
373 6103 501 6138 Μητ.

1984 540 2339 613 ἀνθρωπίνων
2377 542 2396 582 τ
2420 543 2554 596 ἐστί·
2576 543 2670 596 καὶ
2691 543 2718 595 ὁ
2744 541 2900 596 τοῦτο
2926 542 3123 614 ζητῶν,
3151 541 3245 595 καὶ
3267 539 3427 612 ἕτερα
3458 541 3661 595 τούτων

1985 631 2308 703 ἀτοπώτερα
2333 631 2586 702 ζητήσειο
2619 632 2712 684 καὶ
2739 630 2858 684 οὑδὲ
2884 633 2948 702 τῇ
2985 631 3120 701 ἀκοῇ
3149 629 3216 682 τά
3244 628 3464 682 τοιαῦτα
3494 647 3664 701 παρα-

1989 719 2236 789 δέχεσθαι
2265 719 2390 772 έδει.
2421 717 2554 788 Περὶ
2577 717 2710 770 Θεοῦ
2741 717 2848 788 γάρ
2876 717 2970 770 νῦν
2997 719 3128 786 ἡμῖν
3159 718 3188 768 6
3215 715 3370 784 λόγος
3403 717 3572 778 ἐστὶν,
3600 717 3660 769 ού

1988 809 2116 878 περὶ
2154 808 2254 876 τῆς
2275 807 2384 860 τῶν
2429 806 2733 877 ἀνθρώπων
2768 805 3001 874 φύσεως,
3050 804 3414 874 ὑποκειμένης
3452 807 3517 874 τῇ
3555 804 3664 856 τῶν

1985 893 2263 966 λογισμῶν
2295 894 2501 948 τούτων
2539 893 2829 963 ἀκολουθίᾳ.
2862 910 2918 945 τε
2952 894 3046 945 καὶ
3085 893 3320 966 ἀνάγκη.
3365 892 3510 964 Πλὴν
3549 891 3663 944 ἀλλ’

1987 983 2128 1054 ὑπὲρ
2158 982 2532 1054 πληροφορίας
2560 982 2668 1034 τῶν
2697 980 3102 1051 ἀσθενεστέρων
3123 1022 3136 1041 .
3187 981 3281 1033 καὶ
3327 979 3462 1051 πρὸς
3491 979 3667 1032 ταῦτα

1985 1069 2237 1140 ἐροῦμεν.

2059 1159 2125 1230 β’.
2160 1159 2292 1213 Είπὲ
2316 1159 2425 1228 γάρ
2453 1174 2564 1227 μοι,
2601 1157 2674 1209 Τὸ
2697 1156 3036 1228 ἀπαύγασμα
3069 1155 3162 1208 τοῦ
3215 1156 3366 1234 ἡλίου
3403 1155 3462 1220 ἐξ
3495 1155 3664 1225 αὑτῆς

1985 1249 2195 1319 ἐκπηδᾷ
2212 1247 2310 1317 τῆς
2343 1246 2434 1300 τοῦ
2459 1245 2610 1314 ἡλίου
2629 1245 2862 1314 φύσεως,
2892 1244 2924 1315 ἦ
2951 1239 3170 1298 ἄλλοθέν
3196 1244 3358 1297 ποθεν
3379 1262 3392 1309 ;
3426 1245 3662 1315 Ἀνάγκη

1987 1337 2138 1388 πᾶσα
2161 1332 2492 1404 ὁμολογῆσαι
2530 1331 2620 1385 τὸν
2654 1331 2728 1401 μὴ
2758 1332 2850 1384 καὶ
2893 1332 2990 1395 τὰς
3028 1329 3306 1402 αἰσθήσεις
3333 1332 3664 1403 πεπηρωμέ-

1985 1440 2094 1485 νον,
2129 1424 2212 1476 ὅτι
2247 1421 2305 1488 ἐξ
2336 1421 2529 1490 αὐτῆς.
2566 1418 2707 1472 Ἀλλ’
2729 1420 2878 1489 ὅμως
2904 1421 2997 1474 καὶ
3028 1419 3089 1485 ἐξ
3108 1419 3270 1472 αὑτοῦ
3298 1419 3356 1473 ὃν
3390 1420 3482 1472 τοῦ
3508 1419 3662 1489 ἡλίου

1983 1511 2044 1563 τὸ
2076 1510 2436 1578 ἀπαύγασμα,
2477 1507 2576 1560 οὑκ
2600 1506 2663 1560 ἀν
2695 1523 2826 1558 ποτε
2865 1505 3089 1576 ὕστερον
3114 1501 3256 1561 εἶναι
3295 1507 3535 1576 φαίημεν
3566 1507 3664 1574 τῆς

1983 1599 2216 1669 ἡλιακῆς
2232 1597 2467 1664 φύσεως,
2493 1595 2678 1666 ἐπειδὴ
2707 1595 2842 1666 μηδὲ
2868 1595 3036 1665 χωρὶς
3053 1596 3485 1665 ἀπαυγάσματος
3512 1594 3663 1664 ἥλιος

1986 1685 2161 1754 ἐφάνη
2192 1684 2342 1740 ποτέ.
2377 1685 2439 1736 Εἰ
2467 1684 2524 1736 δὲ
2551 1684 2644 1738 ἐπὶ
2676 1683 2783 1736 τῶν
2815 1683 3082 1752 σωμάτων
3107 1683 3310 1736 τούτων
3327 1681 3432 1734 τῶν
3453 1681 3664 1754 ὁρατῶν

1983 1773 2080 1826 καὶ
2112 1770 2406 1842 αίσθητῶν,
2453 1770 2548 1823 καὶ
2588 1771 2655 1822 ἐκ
2695 1769 2840 1832 τινὸς
2872 1768 2953 1831 ὅν,
2989 1769 3082 1821 καὶ
3117 1769 3215 1838 οὑχ
3249 1767 3474 1836 ὕστερον
3509 1768 3568 1834 ἐξ
3601 1763 3663 1822 οῦ

1984 1861 2130 1912 ἐστιν
2162 1858 2332 1929 ἐφάνη
2363 1875 2414 1910 τι
2435 1856 2520 1922 ὸν,
2545 1857 2598 1908 τί
2622 1859 2868 1919 ἀπιστεῖς
2888 1857 2979 1908 ἐπὶ
3006 1857 3104 1926 τῆς
3125 1857 3357 1926 ἀοράτου
3373 1857 3465 1909 καὶ
3489 1858 3662 1928 ἀρρή-

1982 1964 2076 2000 του
2107 1947 2354 2016 φύσεως;
2391 1947 2464 1999 Τὸ
2495 1945 2626 2000 αὑτὸ
2654 1945 2717 2014 δὴ
2747 1945 2904 1998 τοῦτό
2941 1945 3088 1998 ἐστιν
3123 1944 3315 2009 οὕτως,
3367 1946 3442 2010 ώς
3478 1945 3664 2016 ἐκείνῃ

1981 2038 2048 2106 τῇ
2076 2036 2233 2106 οὐσίᾳ
2268 2035 2478 2103 πρέπον
2523 2029 2612 2105 ἦν.
2663 2033 2761 2086 Διά
2799 2033 2908 2104 γάρ
2944 2049 3025 2085 τοι
3069 2034 3224 2085 τοῦτο
3265 2033 3358 2085 καὶ
3389 2034 3417 2086 6
3452 2032 3663 2094 Παῦλος

1941 2173 1946 2176 .
1982 2123 2144 2176 αὑτὸν
2175 2122 2346 2185 οὕτως
2372 2123 2620 2182 ἐκάλεσε,
2656 2122 2746 2175 καὶ
2776 2121 2837 2174 τὸ
2874 2121 2934 2186 ἐξ
2975 2121 3138 2174 αὑτοῦ
3174 2123 3269 2174 καλ⁸
3299 2123 3360 2174 τὸ
3398 2121 3662 2174 συναῖδιον

1983 2210 2285 2282 παριστῶν.
2317 2211 2382 2262 Τί
2409 2210 2465 2262 δέ
2490 2227 2503 2274 ;
2528 2209 2647 2261 εἰπέ
2672 2227 2781 2280 μοι,
2800 2211 2898 2279 οὑχ
2920 2212 2966 2262 οἱ
2995 2211 3190 2273 αἰῶνες
3217 2209 3284 2262 δι’
3316 2210 3480 2263 αὑτοῦ
3502 2213 3664 2279 γεγό-

1983 2315 2134 2352 νασιν
2166 2299 2405 2360 ἅπαντες
2428 2297 2522 2349 καὶ
2553 2297 2827 2368 διάστημα
2853 2299 3029 2358 ἆπανς
3071 2299 3308 2369 Ἀνάγκη
3340 2300 3489 2352 πᾶσα
3532 2301 3664 2369 ὀμο-

1982 2385 2212 2455 λογῆσαι
2237 2385 2328 2437 τὸν
2367 2385 2440 2454 μὴ
2477 2385 2875 2455 παραπαίοντα.
2922 2385 3132 2438 Οὐκοῦν
3165 2386 3314 2438 οὑδέν
3339 2387 3501 2456 μέσον
3531 2386 3660 2440 Υἱοῦ

1983 2474 2076 2526 καὶ
2116 2471 2346 2542 Πατρός.
2373 2472 2521 2524 Εἰδέ
2565 2473 2734 2536 οὐδὲν,
2760 2474 2858 2542 οὑχ
2901 2472 3148 2543 ὕστερος,
3187 2473 3325 2527 ἀλλά
3371 2475 3658 2538 συναῖδιος.

1984 2562 2056 2614 Τὸ
2089 2561 2197 2633 γὰρ
2229 2561 2362 2626 πρὸ,
2387 2561 2480 2613 καὶ
2509 2561 2568 2614 τὸ
2593 2561 2762 2629 μετὰ,
2796 2561 3002 2632 χρόνων
3049 2562 3185 2615 εἰσὶν
3211 2561 3407 2616 ἔννοιαι
3439 2564 3665 2632 δηλωτι-

1982 2650 2098 2702 καί.
2130 2649 2314 2720 Χωρὶς
2343 2649 2451 2719 γάρ
2481 2648 2674 2712 αἰῶνος
2716 2650 2747 2720 ἢ
2797 2649 2986 2718 χρόνου
3030 2650 3129 2702 οὑκ
3175 2649 3239 2702 ἀν
3285 2649 3536 2720 δυνηθείη
3579 2667 3664 2713 τις

1981 2736 2155 2791 ταῦτα
2176 2737 2365 2807 νοῆσαι
2396 2737 2462 2789 τά
2497 2737 2740 2807 ῥήματα.
2773 2733 2989 2806 Χρόνων
3017 2736 3073 2789 δὲ
3105 2736 3197 2788 καὶ
3229 2735 3441 2789 αἰώνων
3471 2737 3665 2790 ἀνώτε-

1987 2842 2076 2894 ρος
2103 2827 2132 2878 6
2156 2825 2307 2888 Θεός,
2327 2826 2390 2878 EE
2414 2825 2470 2877 δὲ
2489 2824 2625 2888 ὅλως
2645 2823 2738 2877 τοῦ
2769 2823 2900 2876 Υἱοῦ
2925 2825 3030 2895 φῂς
3060 2824 3232 2895 ἀρχὴν
3253 2825 3660 2896 κατειληφέναι,

1981 2915 2084 2985 ὅρα
2113 2914 2185 2984 μὴ
2213 2913 2306 2966 καὶ
2338 2913 2426 2966 τὸν
2453 2913 2671 2982 Πατέρα
2693 2911 2797 2965 ὑπὸ
2828 2912 2999 2984 ἀρχὴν
3035 2914 3386 2983 ἀναγκασθῇς
3435 2915 3664 2982 ἀγαγεῖν

1984 3003 2126 3056 κατά
2145 3003 2332 3054 τοῦτον
2353 3003 2444 3055 τὸν
2477 3001 2632 3070 λόγον
2678 3003 2770 3054 καὶ
2809 3002 2896 3054 τὸν
2941 3001 3218 3072 λογισμὸν,
3281 3002 3662 3075 πρεσϐυτέραν

1987 3093 2105 3162 μὲν,
2133 3090 2304 3162 ἀρχὴν
2335 3090 2390 3142 δὲ
2419 3091 2587 3160 ὅμως.
2639 3089 2772 3142 Εἰπὲ
2811 3090 2919 3160 γάρ
2951 3107 3062 3159 μοι,
3103 3090 3201 3159 οὑχ
3226 3090 3350 3160 ὅρον
3399 3091 3520 3143 τινὰ
3567 3094 3662 3144 καὶ

1982 3176 2156 3246 ἀρχὴν
2187 3173 2495 3243 προστιθεὶς
2526 3176 2551 3213 ε
2585 3173 2661 3243 τῷ
2691 3172 2824 3241 Υίῷ,
2848 3173 2942 3225 καὶ
2969 3171 3112 3225 οὕτω
3140 3173 3343 3243 προῖὼν
3370 3174 3464 3225 ἀπ’
3493 3175 3664 3245 αὐτῆς

1983 3258 2077 3312 ἐπὶ
2108 3259 2167 3310 τὸ
2197 3258 2329 3319 ἀνω,
2365 3258 2456 3311 τὸν
2487 3258 2704 3328 Πατέρα
2750 3259 2995 3328 προεῖναι
3036 3256 3215 3324 λέγεις
3244 3274 3258 3321 ;
3297 3256 3530 3328 Εὔδηλον
3555 3259 3660 3311 ὅτι.

1983 3342 2121 3396 Εἰπὲ
2158 3338 2251 3396 οὖν
2286 3359 2398 3410 μοι,
2431 3341 2595 3393 πόσον
2633 3343 2661 3393 ὁ
2697 3341 2883 3412 Πατὴρ
2917 3343 3295 3412 προῦπάρχεις
3335 3345 3434 3395 "Av
3460 3359 3520 3395 τε
3552 3343 3662 3411 γὰρ

1982 3424 2183 3493 ὀλίγον,
2211 3425 2276 3477 ἀν
2304 3441 2362 3478 τε
2397 3424 2529 3478 πολὺ
2552 3424 2825 3496 διάστημα
2854 3425 3037 3497 εἴπῃς,
3080 3427 3185 3478 ὑπὸ
3228 3426 3326 3496 τὴν
3367 3427 3540 3497 ἀρχὴν
3569 3425 3663 3478 τὸν

1985 3512 2204 3583 Πατέρα
2234 3513 2457 3582 ῆγαγες.
2485 3512 2778 3582 Μετρήσας
2818 3511 2926 3583 γάρ
2972 3511 3193 3582 εὔδηλον
3235 3515 3318 3566 ὅτι
3362 3513 3422 3566 τὸ
3475 3513 3658 3584 μέσον,

1982 3601 2156 3664 οὑτως
2178 3599 2357 3668 ὀλίγον
2391 3602 2534 3670 ἐρεῖς
2555 3601 2588 3669 ἢ
2621 3599 2752 3652 πολύ
2771 3618 2785 3630 ·
2828 3601 3097 3671 μετρῆσαι
3119 3601 3174 3652 δὲ
3201 3600 3301 3653 οὑκ
3327 3600 3392 3654 ἂν
3425 3600 3656 3670 γένοιτο,

1988 3689 2062 3760 μὴ
2093 3688 2437 3758 ἑκατέρωθεν
2463 3685 2628 3757 οὑσης
2663 3686 2775 3758 [29]
2805 3687 3001 3757 ἀρχῆς.
3036 3687 3201 3740 Ὥστε
3246 3687 3341 3740 καὶ
3382 3687 3460 3757 τῷ
3485 3689 3662 3760 Πατρι

1982 3777 2220 3839 δέδωκας
2250 3775 2446 3846 ἀρχὴν,
2470 3775 2530 3827 τό
2553 3792 2616 3843 γε
2649 3776 2729 3838 εἰς
2763 3775 2821 3827 σὲ
2846 3771 2982 3846 ἧκον
3007 3792 3021 3804 ·
3058 3777 3150 3828 καὶ
3175 3777 3275 3828 οὐκ
3310 3776 3460 3830 ἔσται
3477 3775 3676 3829 λοιπὸν·

1983 3861 2104 3913 οὑδέ
2135 3862 2163 3912 ὀ
2189 3859 2378 3928 Πατὴρ
2423 3857 2661 3929 ἄναρχος
2708 3857 2830 3911 καθ’
2869 3858 3034 3928 ὑμᾶς.
3079 3857 3242 3929 Ὁρᾷς
3281 3859 3363 3910 ὅτι
3399 3857 3463 3912 τὸ
3509 3859 3663 3931 παρά

1983 3949 2077 4001 τοῦ
2137 3947 2385 4016 Σωτῆρος
2443 3945 2630 4016 λεχθὲν
2677 3943 2874 4016 ἀληθές
2919 3950 3056 4005 ἐστι,
3111 3947 3205 3999 καὶ
3243 3945 3520 4017 πανταχοῦ
3563 3947 3661 4018 τὴν

1983 4032 2212 4102 δύναμιν
2239 4030 2567 4083 ἐνδείκνυται
2593 4029 2690 4099 τὴν
2716 4028 2881 4082 αὑτοῦ
2905 4029 2964 4082 τὸ
2989 4031 3138 4101 ῥῆμα
3162 4048 3176 4095 ;
3205 4032 3361 4084 Ποῖον
3385 4031 3449 4102 δὴ
3470 4030 3660 4093 τοῦτο;

1997 4116 2058 4168 '0
2081 4115 2166 4184 μὴ
2197 4112 2379 4182 τιμῶν
2411 4114 2518 4166 τὸν
2547 4113 2700 4175 Υὶὸν,
2729 4114 2800 4166 οὐ
2832 4111 2969 4181 τιμᾷ
2991 4114 3098 4166 τὸν
3125 4114 3376 4192 ματέρα.
3408 4115 3517 4167 Καὶ
3545 4110 3662 4166 οἶδα

1988 4202 2086 4272 μὲν
2115 4200 2330 4264 πολλοῖς
2360 4199 2741 4269 ἀκατάληπτον
2791 4198 2850 4252 ὃν
2895 4200 2957 4252 τὸ
2999 4199 3186 4270 λεχθέν
3211 4218 3224 4231 ·
3266 4201 3345 4253 διὸ
3393 4201 3659 4270 πολλαχοῦ

1986 4291 2080 4343 καὶ
2107 4290 2175 4343 τά
2201 4289 2306 4342 ἀπὸ
2328 4287 2436 4341 τῶν
2456 4287 2732 4357 λογισμῶν
2759 4287 3175 4358 ἀναϐαλλόμεθα
3199 4292 3394 4353 κινεῖν,
3425 4291 3505 4342 δτι
3536 4289 3660 4342 οὔτε

1987 4371 2416 4446 παρακολουθεῖν
2439 4373 2620 4436 αὐτοῖς
2653 4374 2681 4424 6
2708 4370 2892 4434 λοιπὸς
2923 4372 3125 4425 δύναιτ’
3173 4373 3238 4424 ἂν
3273 4373 3467 4442 δῆμος·
3511 4373 3659 4436 οὔτε,

1987 4461 2035 4512 εἰ
2057 4455 2604 4527 παρακολουθήσειεν,
2635 4453 2747 4524 ἔχει
2773 4471 2824 4506 τι
2861 4454 3074 4524 βέϐαιον
3118 4456 3213 4508 καὶ
3252 4455 3510 4523 ἀσφαλές.
3550 4461 3663 4511 Λο-

1987 4546 2188 4616 ququo!
2238 4545 2348 4615 γὰρ
2406 4543 2732 4611 ἀνθρώπων
2779 4541 2984 4604 δειλοὶ,
3043 4543 3140 4595 καὶ
3186 4543 3544 4612 ἐπισφαλεῖς
3601 4549 3662 4599 αι

1983 4634 2243 4688 ἐπίνοιαι
2272 4629 2487 4686 αὐτῶν.
2529 4629 2728 4690 Ἡδέως
2761 4629 2806 4682 δ’
2844 4629 2908 4683 ἀν
2951 4630 3171 4683 κάκεῖνο
3204 4631 3430 4702 ἐροίμην
3471 4633 3598 4696 τοὺς
3630 4635 3661 4674 ιι

1985 4722 2361 4790 ἀντιλέγοντας
2393 4722 2544 4790 ἡμῖν,
2579 4717 2633 4770 τί
2667 4719 2796 4771 ποτέ
2833 4719 2948 4771 ἐστι
2989 4718 3050 4770 τὸ
3100 4718 3252 4796 παρά
3291 4719 3368 4789 τῷ
3408 4724 3663 4796 προφήτῃ

1984 4813 2292 4882 λεγόμενον,
2328 4809 2410 4871 τὸ,
2467 4807 2850 4878 Ἐμπροσθέν
2889 4825 3009 4876 μου
3045 4810 3156 4862 οὐκ
3184 4794 3422 4879 ἐγένετο
3474 4794 3662 4878 ἄλλος

1989 4896 2173 4961 Θεὸς,
2228 4893 2324 4946 καὶ
2379 4891 2508 4961 μετ’
2560 4891 2665 4961 ἐμὲ
2709 4893 2820 4945 οὐκ
2863 4891 3072 4954 ἕστιν;
3126 4892 3189 4943 Et
3233 4891 3340 4963 γὰρ
3395 4894 3660 4966 νεώτερος

1985 4979 2078 5032 τοῦ
2120 4976 2378 5048 Πατρὸςό
2406 4975 2553 5039 Υἱὸς,
2611 4973 2728 5037 πῶς
2777 4991 2930 5044 φησι,
2965 4976 3100 5028 Μετ’
3142 4974 3246 5044 ἐμὲ
3291 4978 3402 5030 οὐκ
3455 4977 3660 5042 ἕστιν;

1983 5059 2131 5132 ’Λρα
2190 5057 2284 5114 οῦν
2335 5061 2657 5129 ἀναιρήσετε
2706 5058 2802 5110 καὶ
2847 5056 3011 5110 αὐτοῦ
3045 5057 3138 5110 τοῦ
3179 5059 3517 5128 Μονογενοῦς
3560 5062 3660 5131 τὴν

1985 5146 2214 5208 obsim);
2258 5142 2496 5210 ’Λνάγκη
2537 5141 2708 5211 γάρῆ
2748 5140 2904 5193 τοῦτο
2949 5139 3172 5210 τολμᾷν,
3221 5141 3254 5210 ἢ
3298 5143 3426 5212 μίαν
3479 5160 3662 5212 παρα..

1986 5227 2241 5293 δέξασθαι
2296 5226 2395 5296 τὴν
2443 5225 2670 5292 θεότητα
2727 5227 2783 5276 ἐν
2824 5224 2930 5296 ἰδίᾳ
2977 5225 3272 5278 ὑποστάσει
3315 5227 3529 5297 ’Πατρὸς
3568 5228 3663 5281 καὶ

1990 5313 2141 5368 Υἱοῦ.
2188 5311 2300 5367 Ποῦ
2325 5313 2381 5366 δὲ
2405 5312 2542 5375 ὅλως
2571 5311 2651 5377 τὸ,
2688 5311 2890 5366 Πάντα
2916 5311 2990 5365 δι’
3022 5313 3208 5367 αὑτοῦ
3242 5311 3497 5384 ἐγένετο,
3533 5315 3664 5386 ἀλη-

1989 5403 2114 5467 θές;
2145 5403 2206 5455 Εί
2230 5402 2338 5471 γάρ
2366 5402 2511 5453 ἐστιν
2539 5397 2670 5453 αἰὼν
2699 5399 2860 5453 αὐτοῦ
2908 5400 3276 5471 πρεσϐύτερος
3295 5443 3308 5465 ,
3352 5401 3468 5465 πῶς
3497 5401 3564 5455 ἂν
3602 5403 3665 5456 τὸ

1991 5491 2096 5562 πρὸ
2126 5488 2311 5552 αὑτοῦ,
2335 5488 2400 5541 δι’
2425 5487 2590 5553 αὑτοῦ
2629 5486 2990 5558 γεγενημένον
3022 5489 3141 5558 εῖη;
3194 5489 3387 5558 Ὁρᾶτε
3417 5491 3496 5551 είς
3532 5491 3664 5560 ὅσην

1986 5579 2191 5650 τόλμαν
2237 5578 2434 5640 αὐτοὺς
2483 5575 2631 5641 ἅπαξ
2683 5575 3151 5647 παρακινηθείσης
3189 5577 3290 5646 τῆς
3335 5577 3591 5649 ἀληθείας
3637 5582 3667 5632 6

1989 5667 2145 5736 λόγος
2173 5665 2407 5735 ἐξήγαγε
2432 5682 2448 5731 ;
2474 5665 2623 5718 Διατί
2649 5664 2758 5734 γὰρ
2780 5666 2880 5717 οὑκ
2908 5659 3060 5717 εἶπεν
3097 5664 3126 5716 6
3147 5663 3558 5736 εύαγγελιστὴς,
3581 5667 3664 5720 ὅτι

1990 5754 2051 5819 ἐξ
2090 5755 2189 5808 οὑκ
2226 5754 2396 5807 ὅντων
2442 5753 2675 5820 ἐγένετο,
2727 5751 2979 5824 καθάπερ
3000 5752 3128 5822 περὶ
3154 5752 3372 5807 πάντων
3397 5756 3426 5808 6
3456 5754 3666 5818 Παῦλος

1988 5840 2370 5909 ἀποφαίνεται,
2393 5839 2567 5908 λέγων
2600 5838 2792 5904 οὕτως,
2811 5840 2863 5892 ’0
2894 5839 3164 5907 καλέσας
3205 5841 3276 5895 τὰ
3300 5845 3388 5911 μὴ
3418 5841 3562 5905 ὄντα
3584 5843 3666 5909 ὡς

2059 5962 2082 6002 τ
2107 5961 2312 6022 Quidam
2329 5963 2570 6024 λογισμῶν
2593 5961 2864 6024 ἀνθρώπων.

2058 6028 2084 6089 Β
2111 6025 2323 6089 00id_am_
2346 6025 2591 6089 119011869.
2618 6027 2676 6073 Μ
2703 6031 2846 6084 panno
2873 6034 2974 6086 pos!
3016 6027 3240 6075 nonnulli
3265 6028 3475 6088 προϊέναι
3496 6029 3659 6089 ὶέγεις.

2063 6088 2086 6124 h
2113 6089 2192 6135 Sic
2215 6084 2361 6135 Savil.
2387 6084 2434 6133 bl
2461 6085 2664 6135 maxima
2691 6099 2802 6147 pars
2822 6084 2937 6136 is.
2985 6089 3154 6139 Morel.
3191 6084 3379 6153 ἐροίμην
3402 6092 3513 6152 πρὸς
3537 6084 3660 6146 τόὑέ,
