4074 6374
529 409 605 463 ’49
1220 405 1272 459 S.
1316 402 1598 460 JOANNIS
1633 401 2126 459 CIIRYSOSTOMI
2163 400 2482 457 ARCHIEP.
2522 398 3054 459 CUNSTANTINOP
3717 399 3786 454 50

520 524 688 585 ὄντα,
717 523 853 585 ἀλλ’,
892 524 986 575 Ἐν
1015 521 1170 590 ἀρχῇ
1213 518 1311 590 ἦν,
1343 521 1473 591 φησί
1501 537 1514 586 ;
1546 519 1703 574 τοῦτο
1734 519 1842 590 γὰρ
1865 519 2102 573 ἐναντίον

523 609 737 679 ἐκείνῳ·
757 609 849 660 καὶ
869 607 1011 676 μάλα
1031 607 1273 668 εἰκότως.
1291 605 1422 667 Θεὸς
1450 605 1557 677 γὰρ
1587 603 1709 658 οὐτε
1730 604 1956 673 γίνεται,
1979 602 2101 656 οὔτε

524 693 635 764 ἔχει
669 709 720 745 τι
745 689 1110 762 πρεσϐύτερον
1136 701 1182 730 ι·
1207 688 1344 742 ἀλλὰ
1365 687 1539 742 ταῦτα
1566 689 1831 759 Ἐλλήνων
1859 689 2100 759 ῥήματα.

523 775 659 829 Εἰπὲ
689 775 752 844 δή
792 791 879 844 μοι
921 775 1166 826 κάκεῖνο·
1217 772 1307 825 τὸν
1348 773 1570 844 κτίστην
1615 773 1724 826 τῶν
1767 771 1944 843 ἔργων
1987 771 2107 840 οὐχὶ

520 857 868 928 ἀσυγκρίτως
897 855 1182 926 ὑπερέχειν
1211 853 1385 918 εἴποις
1414 857 1513 920 ἄνς
1556 857 1723 908 Ὅταν
1748 851 1841 907 οὖν
1871 855 2052 920 αὐτοῖς
2077 853 2105 892 ι)

523 943 706 1010 ὅμοιον
801 941 862 992 τὸ
886 940 944 1004 ἐξ
964 941 1064 992 οὐκ
1093 939 1278 1004 ὄντων,
1304 939 1407 994 ποῦ
1434 942 1466 1012 ἡ
1490 940 1816 1012 ἀσύγκριτος
1844 939 2104 1011 ὑπεροχή;

525 1025 589 1078 Ἰ“ί
620 1026 677 1078 δέ
723 1028 868 1078 ἐστιν
909 1024 1044 1086 ὅλως
1080 1023 1159 1087 τὸ,
1193 1022 1340 1091 Ἐγὼ
1373 1022 1602 1091 πρῶτος
1623 1062 1638 1086 ,
1675 1023 1772 1076 καὶ
1804 1021 1918 1091 ἐγὼ
1958 1021 2109 1093 μετὰ

510 1111 737 1172 ταῦτα,
775 1109 888 1172 καὶ,
917 1107 1298 1176 Ἐμπροσθέν
1337 1125 1456 1176 μου
1496 1109 1606 1160 οὐκ
1650 1105 1886 1176 ἐγένετο
1922 1106 2111 1170 ἄλλος

526 1196 670 1260 Θεός
695 1209 713 1255 ;
740 1193 801 1245 El
827 1193 934 1261 γὰρ
953 1194 982 1244 6
1011 1191 1137 1256 Υίὸς
1163 1191 1236 1263 μή
1259 1190 1342 1260 εἴη
1365 1191 1465 1261 τῆς
1484 1189 1655 1260 αὐτῆς
1691 1190 1900 1253 οὐσίας,
1924 1189 2110 1258 ἕτερός

525 1279 640 1329 ἐστι
663 1275 814 1339 Θεόςο
844 1276 937 1328 καὶ
957 1277 1004 1327 εἰ
1029 1274 1103 1346 μὴ
1128 1275 1418 1338 συναῖδιος,
1451 1273 1565 1326 ἔστι
1599 1275 1714 1343 μετ’
1743 1273 1924 1325 αὐτόν·
1948 1271 2040 1325 καὶ
2061 1273 2108 1324 εί

526 1363 601 1432 μὴ
627 1363 690 1414 ἐκ
721 1362 818 1431 τῆς
857 1360 1043 1421 οὐσίας
1074 1357 1364 1432 προῆλθεν,
1396 1357 1617 1428 εὔδηλον
1658 1357 1737 1410 ὃτι
1770 1355 2004 1424 ἐγένετο.
2047 1356 2109 1408 El

526 1377 601 1432 μη
627 1377 690 1414 εκ
721 1378 818 1431 της
857 1377 1043 1421 ουσιας
1074 1377 1180 1429 προ
1222 1377 1364 1419 Λυεν,
1396 1377 1617 1428 ευοηων
1658 1377 1737 1410 οτι
1770 1377 2004 1424 εγενετο.
2047 1377 2109 1408 ιιι

521 1445 579 1498 δὲ
627 1445 867 1511 λέγοιεν,
898 1442 1034 1514 πρὸς
1077 1377 1481 1510 ἀντίόιαστολὴν
1517 1440 1627 1493 τῶν
1672 1439 1904 1492 είδώλων
1936 1437 2111 1492 ταῦτα

522 1528 792 1600 εἰρῆσθαι,
822 1527 938 1590 πῶς
959 1527 1018 1579 οὐ
1050 1523 1389 1597 συγχωροῦσι
1419 1524 1555 1595 πρὸς
1580 1521 1980 1594 άντιδιαστολήν
2000 1521 2110 1575 τῶν

521 1611 754 1665 εἰδώλων
775 1610 953 1679 λέγειν
967 1609 1058 1662 τὸν
1081 1611 1240 1680 μόνον
1259 1607 1507 1679 ἀληθινὸν
1525 1606 1686 1666 Θεόνς
1707 1607 1770 1659 EE
1795 1606 1850 1658 δὲ
1867 1605 2110 1676 καὶπρὸς

523 1693 930 1764 ἀντιδιαστολήν
951 1691 1058 1744 τῶν
1092 1690 1324 1743 εἰδώλων
1347 1691 1560 1762 εἴρηται
1585 1689 1762 1751 τοῦτο,
1793 1689 1908 1752 πῶς
1937 1690 2110 1760 ἑρμη-

520 1778 732 1841 νεύσεις
755 1777 855 1847 τὴν
883 1775 1040 1846 ῥῆσιν
1062 1775 1310 1840 ἂπασανς
1342 1775 1478 1827 Μετ’
1505 1773 1610 1842 ἐμὲ
1631 1773 1760 1841 γὰρ,
1797 1774 1979 1843 φησὶν,
1999 1773 2110 1825 οὐκ

520 1864 694 1919 ἐστιν
711 1860 902 1924 ἄλλος
923 1860 1084 1923 Θεός.
1113 1859 1226 1912 Οὐκ
1259 1858 1534 1911 ἐκϐάλλων
1561 1859 1653 1910 τὸν
1677 1857 1804 1910 Υἱδν
1823 1855 1979 1909 τοῦτό
2009 1873 2109 1926 φη-

525 1963 629 2006 σιν,
646 1944 760 1996 ἀλλ’
785 1945 868 1996 ὅτι
887 1942 1017 2003 Θεὸς
1033 1941 1305 2003 είδωλικδς
1330 1940 1447 2010 μετ’
1466 1941 1565 2009 ἐμὲ
1587 1942 1687 1994 οὐκ
1708 1939 1875 1993 ἔστιν·
1902 1939 2000 2009 οὐχ
2029 1940 2110 1992 ὅτι

522 2027 652 2090 Υἱὸς
676 2027 775 2079 οὐκ
814 2025 949 2078 ἔστι.
975 2025 1103 2088 Ναὶ,
1136 2026 1268 2094 φησί
1296 2035 1342 2077 ε.
1384 2025 1448 2077 Τί
1471 2020 1598 2088 οὖν;
1635 2025 1728 2078 καὶ
1743 2024 1824 2086 τὸ,
1852 2025 2110 2092 Ἔμπρο-

523 2109 675 2165 σθιέι⁴
686 2127 804 2178 μου
834 2111 943 2162 οὐκ
967 2108 1207 2176 ἐγένετο
1245 2107 1436 2173 ἄλλος
1465 2107 1628 2173 Θεὸς,
1674 2106 1844 2170 οὕτως
1876 2105 2109 2178 ἐκλήψῃ,

524 2195 605 2248 ὃτι
633 2193 907 2254 είδωλικὸς
947 2191 1045 2262 μὲν
1079 2191 1180 2244 οὐκ
1209 2192 1447 2260 ἐγένετο,
1490 2191 1706 2258 ἐγένετο
1745 2191 1788 2243 δ’
1831 2186 1922 2243 οὖν
1960 2190 2109 2259 ὅμως

523 2279 654 2342 Υἱὸς
685 2276 996 2348 ἔμπροσθεν
1023 2275 1223 2340 αὐτοῦς
1277 2276 1388 2332 Καὶ
1417 2278 1569 2338 ποῖος
1615 2275 1682 2328 ἂν
1722 2274 1881 2326 τοῦτο
1903 2273 2108 2344 δαίμων

526 2363 670 2415 εἴποι
691 2379 705 2426 ;
737 2362 867 2415 Οὐδὲ
887 2359 994 2430 γὰρ
1011 2359 1172 2412 αὐτὸν
1189 2355 1342 2429 οἶμαι
1367 2358 1461 2412 τὸν
1484 2357 1727 2412 διάϐολον
1748 2356 1906 2410 τοῦτο
1939 2359 2109 2428 ἐρεῖν.

531 2448 740 2510 Ἀλλως
774 2445 830 2499 δὲ
866 2446 916 2512 α,
955 2447 1004 2497 εἰ
1037 2445 1135 2498 οὐκ
1164 2443 1280 2496 ἔστι
1320 2443 1589 2505 συναῖδιος
1629 2441 1708 2512 τῷ
1755 2442 1932 2512 Πατρὶ
1969 2439 2107 2511 [50],

526 2531 644 2594 πῶς
685 2529 910 2600 ἄπειρον
946 2527 1112 2581 αὐτοῦ
1145 2527 1242 2596 τὴν
1275 2527 1421 2596 ζωὴν
1464 2527 1644 2597 ὲρεῖςς
1694 2526 1756 2577 Εἰ
1783 2524 1892 2596 γάρ
1934 2524 2109 2594 ἀρχὴν

525 2612 728 2667 ἄνωθεν
759 2611 892 2682 ἔχει,
919 2610 1020 2662 κᾶν
1053 2608 1408 2678 ἀτελεύτητος
1453 2607 1510 2682 ᾖ,
1553 2609 1775 2680 ἄπειρος
1819 2609 1967 2676 ὅμως
2010 2607 2110 2658 οὐκ

527 2697 642 2749 εστι
665 2712 679 2726 ο
705 2694 765 2747 τὸ
792 2693 901 2763 γὰρ
924 2693 1147 2763 ἄπειρον
1186 2692 1526 2762 ἑκατέρωθεν
1566 2691 1790 2761 ἄπειρον
1815 2684 1952 2742 εἶναι
1977 2690 2106 2760 χρή.

527 2782 704 2850 Ὀπερ
733 2775 826 2832 οὖν
854 2779 945 2830 καὶ
974 2777 1002 2828 6
1034 2776 1243 2838 Παῦλος
1267 2775 1443 2848 δηλῶν
1472 2776 1622 2839 ἔλεγε
1645 2792 1658 2806 ·
1704 2773 1868 2839 Μήτε
1913 2775 2112 2842 ἀρχὴν

528 2863 780 2935 ἡμερῶν,
802 2862 954 2932 μήτε
987 2859 1134 2928 ζωῆς
1161 2859 1332 2926 τέλος
1359 2860 1536 2928 ἔχων,
1570 2860 1630 2913 τό
1658 2876 1716 2912 τε
1752 2860 1985 2930 ἄναρχον
2017 2860 2112 2912 καὶ

527 2947 878 3016 ἀτελεύτητον
905 2944 1118 3006 δεικνὺς
1141 2943 1334 3016 ταύτῃ.
1375 2944 1585 3016 Ὥσπερ
1616 2956 1639 2982 ο
1677 2944 1785 3013 γὰρ
1829 2943 1984 2996 τοῦτο
2012 2944 2112 2997 οὐκ

526 3032 639 3100 ἔχει
663 3030 854 3101 πέρας,
875 3027 1047 3091 οὕτως
1067 3026 1187 3078 οὐδὲ
1209 3027 1404 3080 ἐκεῖνοι
1427 3026 1548 3080 οὐτε
1565 3027 1672 3098 γὰρ
1690 3026 1922 3081 ἐνταῦθα
1938 3027 2106 3090 τέλος,

514 3116 650 3169 οὐτε
681 3117 796 3166 ἐκεῖ
817 3113 982 3184 ἀρχή.

600 3204 670 3266 γ’.
692 3196 812 3260 Πῶς
837 3195 1006 3248 δὲκαὶ
1027 3193 1139 3265 ζωὴ
1165 3192 1260 3260 ῶν,
1280 3189 1347 3266 ἦν
1375 3211 1503 3247 ποτε
1526 3195 1614 3248 ὅτε
1631 3194 1728 3247 οὐκ
1748 3189 1849 3266 ἧν;
1876 3193 1986 3264 Τὴν
2005 3193 2112 3262 γὰρ

529 3282 675 3351 ζωὴν
702 3279 785 3333 ἀεί
809 3296 868 3331 τε
888 3274 1047 3342 εἶναι,
1078 3279 1173 3331 καὶ
1195 3278 1444 3348 ἀνάρχως
1471 3273 1608 3330 εἶναι
1631 3279 1724 3330 καὶ
1744 3277 2112 3347 όιτελευτήτως

530 3365 729 3427 πάντες
751 3363 816 3416 ἂν
847 3362 1258 3433 ὁμολογήσαιεν,
1283 3363 1439 3432 εἴπερ
1463 3361 1630 3424 ὅντως
1651 3363 1736 3431 εἴη
1764 3363 1898 3434 ζωὴ,
1925 3362 2113 3433 ὥσπερ

529 3447 620 3504 οὖν
653 3449 748 3503 καὶ
780 3447 946 3501 ἔστιν.
991 3446 1054 3499 Εἰ
1079 3445 1136 3498 δέ
1163 3445 1310 3499 ἔστιν
1342 3447 1430 3498 ὅτε
1456 3447 1556 3499 οὐκ
1589 3446 1720 3511 ἔστι,
1766 3445 1882 3510 πῶς
1921 3446 1987 3500 ἂν
2026 3448 2110 3518 εἴη

531 3534 644 3605 ζωὴ
672 3533 778 3586 τῶν
808 3531 1004 3592 ἄλλων,
1041 3530 1178 3602 αὐτή
1203 3547 1331 3582 ποτε
1361 3530 1463 3582 οὐκ
1490 3525 1626 3582 οὐσα
1651 3547 1664 3595 ;
1711 3530 1834 3592 Πῶς
1864 3525 1976 3592 οὖν,
2008 3547 2113 3600 φη-

530 3621 636 3682 σὶν,
664 3616 836 3688 ἀρχὴν
866 3615 1062 3685 ἔθηκεν
1089 3617 1116 3668 6
1165 3614 1419 3685 Ἰωάννης
1448 3613 1639 3678 εἰπὼν,
1684 3615 1782 3666 Ἐν
1810 3613 1970 3684 ἀρχῇ
1999 3611 2111 3684 ἧν;

531 3702 642 3772 Τῷ,
686 3703 786 3755 Ἐν
821 3698 1002 3768 ἀρχῇ,
1039 3697 1360 3768 προσέσχες,
1395 3698 1488 3751 καὶ
1520 3698 1617 3767 τῷ,
1653 3693 1784 3761 Ἦν,
1825 3696 1945 3750 εἰπέ
1990 3714 2108 3768 μοι⁸

532 3789 625 3839 καὶ
652 3785 732 3845 τὸ,
780 3785 842 3835 '0
865 3785 1053 3852 Λόγος
1081 3779 1178 3850 ἦν,
1221 3783 1320 3833 οὐκ
1348 3783 1578 3843 ἐννοεῖς;
1623 3781 1684 3832 Τί
1719 3781 1795 3841 δὲ,
1827 3781 1954 3833 ὅταν
1987 3783 2113 3854 περὶ

529 3869 627 3924 τοῦ
661 3868 876 3938 Πατρὸς
911 3867 940 3918 6
967 3866 1260 3935 Προφήτης
1299 3864 1464 3935 λέγῃ·
1529 3865 1670 3917 Ἀπὸ
1715 3864 1822 3917 τοῦ
1866 3863 2109 3929 αἰῶνος,

533 3951 629 4006 καὶ
657 3951 767 4014 ἕως
794 3949 899 4002 τοῦ
937 3947 1151 4012 αἰῶνος
1181 3947 1262 4000 σὺ
1301 3943 1386 4000 εἷ·
1422 3945 1529 4017 ἆρα
1573 3947 1730 4016 ὅρους
1763 3947 1910 4016 αὐτῷ
1945 3947 2114 4011 τιθεὶς

532 4036 674 4088 οὕτω
708 4033 904 4103 φησίν;
951 4029 1238 4099 Οὐδαμῶς,
1273 4029 1409 4082 ἀλλὰ
1441 4029 1501 4081 τὸ
1533 4029 1702 4081 ἀΐδιον
1728 4029 1922 4097 δηλῶν.
1958 4030 2113 4084 υῦτω

532 4117 714 4172 τοίνυν
740 4116 833 4169 καὶ
866 4112 1102 4166 ἐνταῦθα
1146 4113 1276 4165 νόει.
1316 4113 1389 4164 Οὐ
1420 4112 1529 4181 γὰρ
1562 4113 1721 4182 ὄρους
1744 4111 1934 4176 τιθεὶς,
1957 4114 2114 4166 τοῦτο

534 4204 773 4271 εἴρηκεν.
799 4197 932 4251 Οὐδέ
959 4195 1068 4266 γὰρ
1083 4191 1252 4260 εἶπεν,
1283 4194 1455 4266 ἀρχὴν
1471 4194 1647 4265 ἔσχεν,
1680 4195 1813 4258 ἀλλ’,
1832 4196 1933 4246 Ἐν
1955 4195 2028 4263 ἀρ
2034 4195 2113 4264 χῇ

533 4285 634 4351 ἦν,
665 4282 750 4335 διὰ
791 4281 908 4340 τοῦ,
957 4277 1097 4342 τΗν,
1144 4278 1531 4348 παραπέμπων
1579 4294 1637 4329 σε
1676 4277 1766 4329 ἐπὶ
1793 4276 1854 4329 τὸ
1880 4276 2112 4349 ἄναρχον

535 4370 733 4422 ἐννοεῖν
758 4366 846 4418 τὸν
876 4365 1022 4418 Υἱόν.
1083 4361 1220 4415 Ἀλλ’
1259 4361 1387 4424 ἰδοὺ,
1436 4361 1617 4431 φησὶν,
1663 4363 1700 4414 ’ὁ
1751 4361 1939 4432 Πατὴρ
1976 4362 2112 4431 μετὰ

534 4453 632 4522 τῆς
668 4451 761 4504 τοῦ
793 4449 996 4520 ἄρθρου
1031 4446 1348 4519 προσθήκης
1373 4445 1608 4516 εἴρηται,
1636 4447 1664 4500 6
1695 4445 1752 4498 δὲ
1791 4446 1917 4507 Υἱὸς
1943 4447 2112 4516 χωρὶς

533 4534 837 4606 “ca-3113;.“
866 4529 978 4595 οῦν,
1002 4533 1127 4584 ὅταν
1149 4532 1176 4583 ὁ
1192 4530 1506 4593 ’Δπόστολος
1523 4530 1676 4601 λέγῃ,
1713 4530 1824 4583 Τοῦ
1845 4528 2112 4598 μεγάλου

539 4617 688 4672 Θεοῦ
738 4617 837 4669 καὶ
882 4613 1156 4680 Σωτῆρος
1205 4612 1372 4682 ἡμῶν
1423 4614 1625 4680 Ἰησοῦ
1673 4612 1962 4680 Χριστοῦ’
2021 4613 2114 4664 καὶ

539 4700 721 4763 πάλιν,
769 4700 829 4750 '0
852 4697 938 4750 ὢν
963 4697 1061 4749 ἐπὶ
1096 4695 1336 4749 πάντων·
1373 4696 1548 4761 Θεός;
1587 4697 1694 4750 ἰδοὺ
1734 4696 1842 4765 γὰρ
1881 4694 2115 4750 ἐνταῦθα

538 4784 708 4856 χωρὶς
743 4782 837 4834 τοῦ
870 4781 1072 4851 ἄρθρου
1126 4779 1220 4834 τοῦ
1263 4778 1393 4841 Υίοῦ
1428 4780 1817 4848 ἐμνημόνευσε.
1866 4779 2014 4831 Ποιεί
2056 4779 2112 4832 δὲ

537 4867 695 4922 τοῦτο
721 4866 814 4919 καὶ
845 4867 937 4918 ἐπὶ
976 4864 1067 4916 τοῦ
1113 4863 1343 4934 Πατρός.
1389 4864 1512 4927 Τοῖς
1564 4863 1695 4932 γοῦν
1733 4861 2114 4932 Φιλιππησίοις

540 4950 888 5010 ἐπιστέλλων,
920 4947 1062 5001 οὕτω
1090 4949 1252 5016 φησιν
1271 4964 1283 4976 ·
1322 4949 1426 5012 Ὃς
1451 4948 1519 5000 ἐν
1539 4945 1742 5015 μορφῇ
1766 4945 1913 5002 Θεοῦ
1937 4946 2114 5014 ὑπάρ-

538 5053 684 5106 χων.
720 5035 829 5086 οὐκ
857 5031 1170 5100 ἁρπαγμόν
1201 5029 1475 5099 ἡγήσατο
1507 5029 1573 5083 τό
1609 5026 1760 5084 εἶναι
1805 5030 1913 5084 lca
1953 5031 2074 5095 Θεῴ
2097 5047 2109 5059 ·

537 5121 632 5173 καὶ
669 5116 957 5187 Ῥωμαίοις
971 5115 1027 5168 δὲ
1059 5115 1239 5169 πάλιν·
1272 5113 1452 5182 Χάρις
1477 5112 1618 5183 ὑμῖν
1638 5113 1735 5166 καὶ
1763 5113 1970 5180 εἰρήνη
1995 5113 2114 5170 ἀπὸ

541 5201 688 5257 Θεοῦ
727 5200 955 5268 Πατρός
986 5199 1174 5267 ήμῶν,
1211 5199 1305 5252 καὶ
1344 5199 1564 5265 Κυρίου
1604 5198 1800 5262 Ἰησοῦ
1839 5197 2112 5265 Χριστοῦ.

541 5286 749 5347 ’Λλλως
776 5302 834 5336 τε
853 5284 945 5336 καὶ⁵
970 5281 1220 5352 περιττὸν
1249 5277 1316 5351 ἦν
1335 5280 1564 5334 ἐνταῦθα
1579 5281 1710 5333 αὐτὸ
1731 5280 2112 5351 προστεθῆναι,

538 5370 650 5423 ἄνω
681 5367 918 5437 συνεχῶς
951 5365 1246 5436 προστεθὲν
1276 5365 1352 5433 τῷ
1382 5365 1543 5435 λόγῳ.
1596 5365 1805 5435 Ὥσπερ
1849 5367 1956 5433 γὰρ
1989 5366 2115 5435 περὶ

537 5454 631 5508 τοῦ
671 5453 883 5523 [ἰατρὸς
923 5451 1098 5517 λέγων
1126 5449 1280 5518 φησὶ,
1312 5448 1551 5516 Πνεῦμα
1586 5450 1619 5502 ὀ
1662 5450 1806 5512 Θεός
1827 5465 1840 5479 ⁶
1890 5449 1982 5502 καὶ
2013 5450 2114 5502 οὐκ

539 5537 727 5607 ἐπειδὴ
767 5535 843 5606 τῷ
890 5533 1166 5603 Πνεύματι
1207 5531 1269 5585 τὸ
1306 5531 1506 5602 ἄρθρον
1545 5533 1605 5586 οὐ
1636 5533 1976 5603 πρόσκειται,
2015 5535 2115 5585 οὐκ

599 5691 627 5719 ³
656 5687 774 5736 Mor.
795 5689 839 5736 τί
865 5686 1031 5737 ἑαυτοῦ
1049 5684 1389 5750 πρεσϐύτερονς
1413 5687 1499 5734 sed
1525 5684 1695 5733 ἑαυτοῦ
1720 5686 1863 5736 deest
1883 5687 1933 5734 in
1959 5687 2110 5736 Savil.

538 5762 585 5800 el
608 5755 657 5800 in
681 5764 794 5797 mss.
822 5764 951 5811 pene
972 5749 1213 5811 omnibus.

599 5813 626 5851 ιι
653 5815 733 5859 Sic
757 5808 867 5861 Sa'v.
895 5819 946 5860 et
968 5825 1083 5859 mss.
1101 5810 1220 5858 Mor.
1242 5808 1417 5864 ἄλλοις.

600 5878 621 5904 ε
651 5875 769 5922 Mor.
806 5881 857 5923 et
884 5875 993 5922 Sav.
1021 5873 1108 5920 οὐκ
1152 5870 1270 5918 ἔστι.
1293 5872 1382 5918 Ναί
1423 5888 1556 5934 φησι.
1602 5871 1698 5922 Alii
1719 5871 1805 5920 οὐκ
1845 5870 1988 5931 ἔστιν,
2015 5871 2114 5920 ἔστι

535 5939 642 6006 γάρν
666 5936 823 6006 φησίν

595 5998 622 6035 ἀ
657 5997 753 6047 Alii
796 5998 916 6050 ὅλως
959 5997 1026 6044 δέ.

593 6063 611 6082 ⁸
636 6061 734 6109 Alit
759 6058 1064 6117 ἀτελεύτητον
1085 6059 1258 6116 δηλῶν.
1279 6058 1486 6120 ’Ὠσπερ

2207 517 2508 590 ἀθετοῦμεν
2554 518 2642 573 διὰ
2681 518 2839 572 τοῦτο
2879 517 2942 572 τδ
2974 516 3263 587 ἀσώματον
3305 514 3402 570 τοῦ
3430 513 3601 569 Θεοῦ⁹
3642 511 3786 568 οὕτω

2208 602 2304 655 καὶ
2327 602 2580 667 ἐνταῦθα,
2613 603 2716 657 κᾶν
2747 603 2820 674 μὴ
2853 601 3170 674 πρόσκειται
3207 598 3286 670 τῷ
3315 597 3432 671 Υίῷ
3462 598 3524 651 τδ
3551 596 3750 670 ἄρθρον
3770 636 3787 662 ,

2209 685 2270 738 οὐ
2302 685 2390 740 διὰ
2420 685 2578 740 τοῦτο
2605 687 2780 756 ἥττων
2805 686 2979 749 Θεδςό
3005 686 3151 748 Υἱός.
3174 684 3240 738 Τί
3260 684 3459 756 δήποτε
3482 699 3498 742 :
3523 683 3655 735 Θεὸν
3682 682 3792 752 γὰρ

2209 770 2302 823 καὶ
2340 769 2473 825 Θεὸν
2513 771 2705 837 εἰπὼν,
2745 773 2846 824 οὐκ
2896 771 3153 842 ἐμφαίνει
3201 787 3255 824 τι
3306 769 3471 840 μέσον
3511 769 3647 839 ἡμῖν
3691 766 3793 837 τῆς

2210 853 2460 923 θεότητος
2483 855 2706 926 ταύτης,
2728 855 2862 909 ἀλλά
2883 858 2976 910 καὶ
2997 853 3322 909 τούναντίον.
3355 850 3639 925 Προειπὼν
3659 849 3789 921 γὰρ.

2209 938 2318 991 Καὶ
2347 938 2490 1004 Θεὸς
2517 938 2598 1006 ἦν
2635 943 2668 993 ὀ
2709 941 2919 1008 Λόγος,
2958 940 3044 994 ἵνα
3075 937 3148 1010 μὴ
3189 937 3382 1008 νομίσῃ
3414 953 3496 1000 τις
3537 935 3794 990 ἐλάττονα

2214 1017 2481 1091 εἶναιτὴν
2522 1022 2749 1093 θεότητα
2783 1022 2879 1077 τοῦ
2923 1023 3076 1086 Υἱοῦ,
3126 1021 3326 1085 εὐθέως
3377 1019 3543 1076 αὐτοῦ
3586 1019 3682 1073 καὶ
3723 1017 3794 1071 τὰ

2212 1106 2547 1176 γνωριστικὰ
2571 1107 2668 1174 τῆς
2700 1107 2924 1177 γνησίας
2949 1108 3131 1177 τίθησι
3149 1106 3422 1177 θεότητος,
3449 1103 3512 1157 τό
3544 1120 3601 1157 τε
3625 1102 3793 1156 ἀΐδιον

2212 1187 2512 1242 ἀναλαϐών.
2538 1185 2726 1256 Οὗτος
2753 1190 2860 1260 γὰρ
2891 1187 2988 1260 ἦν,
3011 1192 3194 1261 φησὶν,
3225 1190 3296 1242 ἐν
3325 1187 3484 1258 ἀρχῇ
3507 1185 3658 1254 πρὸς
3686 1184 3795 1238 τὸν

2215 1273 2394 1325 Θεόν·
2426 1274 2606 1326 καὶτὸ
2633 1274 3018 1346 δημιουργικὸν
3061 1272 3368 1346 προστιθείς
3388 1288 3402 1301 ο
3442 1269 3646 1324 Πάντα
3685 1269 3795 1338 γὰρ

2213 1353 2286 1406 δι’
2314 1355 2500 1409 αὑτοῦ
2531 1355 2787 1425 ἐγένετο,
2825 1358 2923 1412 καὶ
2957 1356 3137 1428 χωρὶς
3167 1355 3353 1410 αὐτοῦ
3379 1353 3617 1424 ἐγένετο
3653 1351 3798 1405 οὐδὲ

2212 1436 2301 1501 ἓν.
2349 1437 2379 1491 ὃ
2425 1438 2702 1509 γέγονεν’
2744 1440 2772 1494 ὃ
2808 1441 3041 1512 μάλιστα
3072 1442 3164 1495 καὶ
3201 1443 3228 1494 6
3269 1439 3458 1510 Πατὴρ
3507 1434 3672 1489 αὐτοῦ
3707 1433 3797 1489 διὰ

2212 1520 2321 1573 τῶν
2345 1523 2638 1592 προφητῶν
2669 1524 2980 1596 ἁπανταχοῦ
3005 1525 3106 1594 τῆς
3137 1525 3196 1576 οὐ
3207 1524 3323 1585 σίας
3343 1524 3441 1594 τῆς
3457 1519 3621 1574 αὐτοῦ
3654 1536 3794 1588 γνω-

2219 1605 2456 1675 ριστικὸν
2498 1602 2636 1660 εἷναί
2662 1625 2810 1676 φησι.
2857 1609 2966 1662 Καὶ
2997 1607 3234 1678 συνεχῶς
3261 1607 3416 1660 τοῦτο
3445 1606 3543 1675 τῆς
3578 1603 3796 1657 ἀποδεί-

2216 1685 2350 1751 ξεως
2383 1687 2444 1740 τδ
2468 1684 2606 1753 εἶδος
2646 1689 2760 1762 [51]
2791 1691 3241 1762 περιστρέφουσιν
3279 1692 3326 1743 οί
3359 1689 3630 1760 προφῆται
3650 1703 3662 1715 ’
3698 1686 3794 1739 καὶ

2213 1771 2311 1838 οὐχ
2354 1771 2561 1835 ἁπλῶς,
2590 1772 2726 1825 ἀλλὰ
2757 1774 2850 1826 καὶ
2893 1775 3029 1846 πρὸς
3059 1774 3157 1844 τήν
3186 1773 3292 1826 τῶν
3319 1772 3551 1826 εἰδώλων
3591 1771 3792 1837 άγωνιο

2215 1851 2428 1922 ζόμενοι
2459 1855 2636 1920 δόξαν.
2671 1857 2802 1910 Θεοί
2825 1857 2953 1930 γὰρ,
2987 1859 3170 1928 φησὶν,
3191 1855 3377 1910 οἰτόν
3405 1854 3663 1922 οὐρανὸν
3691 1849 3792 1905 καὶ

2212 1937 2328 2006 τὴν
2346 1937 2464 2008 γῆν
2493 1943 2604 1994 οὐκ
2642 1941 2960 2009 ἐποίησαν,
2985 1941 3427 1996 ἀπολέσθωσαν
3447 1957 3459 1969 ·
3491 1937 3585 1992 καὶ⁸
3608 1935 3788 1989 πάλιν·

2226 2022 2366 2092 ἐγὼ
2412 2024 2488 2092 τῇ
2537 2027 2688 2093 χειρί
2725 2043 2844 2094 μου
2885 2025 3151 2089 ἐξέτεινα
3198 2025 3306 2078 τὸν
3361 2024 3656 2092 οίφαιύν·
3697 2020 3793 2073 καὶ

2211 2104 2423 2170 δεικνὺς
2465 2108 2716 2179 θεότητος
2768 2105 2908 2162 εἶναι
2961 2109 3277 2179 δηλωτικὸν,
3330 2105 3603 2175 πανταχοῦ
3662 2104 3795 2158 αὐτὸ

2211 2189 2446 2260 τίθησιν.
2489 2192 2662 2253 Αὐτὸς
2697 2193 2752 2245 δὲ
2787 2195 2814 2246 6
2853 2193 3244 2264 εὐαγγελιστὴς
3277 2191 3396 2245 οὐδὲ
3437 2189 3646 2252 τούτοις
3687 2190 3790 2257 t9-

2213 2275 2382 2344 κέσθη
2430 2279 2541 2339 τοῖς
2576 2278 2835 2347 ῥήμασιν,
2867 2277 3004 2330 ἀλλὰ
3043 2277 3136 2330 καὶ
3173 2275 3316 2347 ζωὴν
3357 2273 3521 2328 αὐτὸν
3565 2271 3789 2325 ἐκάλεσε

2213 2361 2307 2413 καὶ
2340 2359 2476 2428 φῶς.
2511 2359 2572 2412 Εἰ
2603 2361 2781 2412 τοίνυν
2798 2361 2882 2413 ἀεὶ
2912 2360 3050 2431 μετὰ
3068 2359 3161 2413 τοῦ
3186 2359 3396 2431 Πατρὸς
3417 2354 3503 2428 ἦν,
3537 2358 3584 2409 εί
3612 2358 3792 2408 πάντα

2213 2443 2373 2504 αὐτὸς
2401 2443 2822 2514 ἐδημιούργησε,
2864 2447 2912 2498 εἰ
2960 2445 3136 2498 πάντα
3172 2444 3331 2505 αὐτὸς
3379 2443 3666 2512 παρήγαγε
3697 2440 3792 2493 καὶ

2213 2530 2508 2596 συγκροτεῖ
2554 2527 2573 2566 ί
2621 2527 2810 2598 (τοῦτο
2848 2529 2958 2598 γὰρ
2985 2527 3073 2580 διὰ
3117 2527 3215 2597 τῆς
3244 2525 3388 2596 ζωῆς
3418 2524 3692 2595 ᾐνίξατο),
3741 2524 3790 2575 εἰ

2213 2610 2393 2663 πάντα
2432 2610 2657 2680 φωτίζει
2681 2627 2695 2641 °
2740 2612 2824 2675 τίς
2856 2611 3030 2674 οὕτως
3072 2611 3315 2681 ἀνόητος,
3349 2610 3424 2674 ὼς
3463 2611 3657 2672 εἰπεῖν,
3699 2607 3791 2660 τὸν

2213 2694 2601 2767 εὐαγγελιστὴν
2653 2696 2741 2750 διὰ
2788 2696 2993 2750 τούτων
3053 2694 3443 2748 ἐσπουδακέναι
3499 2692 3792 2746 ἐλάττωσιν

2213 2777 2464 2847 θεότητος
2497 2779 2911 2851 εἰσηγήσασθαι,
2955 2779 3022 2833 δι’
3063 2772 3142 2832 ὧν
3179 2779 3410 2849 μάλιστα
3444 2777 3662 2846 ἰσότητα
3696 2776 3793 2828 καὶ

2212 2863 2624 2934 άπαραλλαξίαν
2684 2863 3020 2931 ἐνδείξασθαι
3087 2863 3312 2918 δυνατόν
3359 2865 3520 2928 ἐστις
3578 2859 3670 2931 Μὴ
3723 2858 3791 2930 δὴ

2215 2947 2532 3018 συγχέωμεν
2563 2949 2660 3019 τὴν
2707 2949 2883 3002 κτίσιν
2926 2947 3064 3018 μετὰ
3109 2948 3202 3002 τοῦ
3241 2947 3542 3010 κτίσαντος,
3595 2945 3680 2999 ἵνα
3714 2942 3792 3014 μὴ

2214 3031 2308 3085 καὶ
2335 3034 2498 3101 ήμεῖς
2533 3031 2872 3102 ἀκούσωμεν,
2904 3033 2985 3084 ὅτι
3019 3031 3471 3098 Ἑσεϐάσθησαν
3500 3027 3574 3097 τῇ
3601 3028 3793 3082 κτίσει

2215 3116 2373 3183 παρὰ
2415 3115 2521 3168 τὸν
2555 3116 2865 3168 κτίσαντα.
2915 3113 2978 3167 Εἰ
3024 3113 3130 3185 γὰρ
3159 3115 3250 3167 καὶ
3281 3112 3407 3184 περὶ
3435 3110 3673 3184 οὐρανῶν
3700 3109 3792 3162 λέ-

2214 3215 2358 3265 γοιεν
2390 3197 2548 3250 τοῦτο
2576 3197 2844 3268 εἰρῆσθαι,
2880 3198 2993 3251 ἀλλ’
3033 3198 3179 3266 ὅμως
3213 3198 3270 3248 ἐν
3309 3195 3387 3266 τῷ
3423 3196 3550 3266 περ)¹
3588 3193 3792 3248 τούτων

2215 3281 2356 3351 λόγῳ
2385 3280 2659 3344 παντελῶς
2689 3283 2887 3336 ἀπεῖπε
2924 3281 2984 3334 τὸ
3032 3283 3107 3352 μὴ
3141 3281 3250 3333 δεῖν
3284 3279 3455 3335 κτίσει
3485 3276 3790 3349 λατρεύειν,

2216 3365 2290 3427 ὡς
2334 3363 2638 3434 Ἑλληνικόν
2662 3365 2739 3418 ὃν.

2285 3447 2346 3502 δ’.
2380 3449 2470 3516 Μὴ
2501 3447 2676 3500 τοίνυν
2705 3446 2877 3519 ταύτῃ
2904 3445 3261 3515 ὐποϐἁλωμεν
3285 3446 3309 3484 ⁸
3337 3444 3534 3504 αὐτοὺς
3562 3444 3628 3514 τῇ
3660 3443 3788 3514 ἀρᾷ.

2216 3531 2315 3585 Διὰ
2334 3530 2491 3583 τοῦτο
2520 3526 2682 3602 ἦλθεν
2709 3533 2737 3584 6
2775 3531 2870 3584 τοῦ
2911 3529 3046 3583 Θεοῦ
3091 3531 3238 3592 Υἱὸς,
3281 3530 3366 3582 ἵνα
3407 3527 3607 3599 ταύτης
3645 3529 3792 3598 ἡμᾶς

2214 3614 2497 3685 ἀπαλλάξῃ
2532 3616 2630 3684 τῆς
2676 3613 2966 3686 λατρείας·
3014 3613 3102 3666 διὰ
3145 3613 3303 3666 τοῦτο
3342 3611 3528 3666 δούλου
3578 3612 3793 3684 μορφὴν

2215 3697 2424 3761 ἔλαϐεν,
2470 3699 2556 3750 ἵνα
2603 3697 2700 3766 τῆς
2745 3697 2985 3760 δουλείας
3034 3697 3370 3768 ἐλευθερώσῃ
3389 3693 3397 3708 ⁵
3420 3694 3652 3766 ταύτης·
3703 3695 3794 3748 διὰ

2213 3781 2372 3835 τοῦτο
2423 3780 2746 3850 ἐνεπτύσθη,
2790 3781 2877 3834 διὰ
2937 3779 3096 3833 τοῦτο
3146 3780 3472 3852 ἐρῤαπίσθη,
3508 3780 3597 3831 διὰ
3634 3777 3792 3831 τοῦτο

2215 3867 2444 3920 θάνατον
2497 3865 2754 3934 ὑπέμεινε
2791 3865 2881 3916 τὸν
2926 3864 3308 3918 ἐπονείδιστον.
3370 3863 3460 3934 Μή
3504 3863 3567 3934 δὴ
3619 3861 3792 3916 ταῦτα

2219 3950 2394 4002 πάντα
2415 3949 2647 4016 ἀνόνητα
2675 3947 2938 4017 ποιῶμεν,
2982 3948 3114 4018 μηδὲ
3160 3947 3319 4000 πάλιν
3347 3948 3438 4000 ἐπὶ
3464 3950 3560 4016 τὴν
3599 3947 3794 4017 προτέ-

2221 4051 2318 4102 ραν
2360 4029 2790 4102 ἐπανερχώμεθα
2819 4030 3096 4091 ἀσέϐειαν,
3148 4030 3345 4098 μᾶλλον
3383 4030 3440 4082 δὲ
3474 4033 3566 4082 ἐπὶ
3614 4029 3794 4100 πολλῷ

2217 4114 2621 4184 χαλεπωτέραν.
2656 4114 2730 4167 Οὐ
2758 4114 2862 4183 γάρ
2885 4115 3031 4165 ἐστιν
3063 4113 3174 4166 ἴσον
3196 4115 3261 4183 τῇ
3293 4113 3467 4165 κτίσει
3487 4112 3790 4183 λατρεύειν,

2217 4201 2311 4252 καὶ
2367 4199 2529 4254 αὐτὸν
2581 4198 2672 4250 τὸν
2720 4196 3060 4268 Δημιουργὸν
3126 4198 3205 4259 εἰς
3255 4196 3484 4260 κτίσεως
3531 4197 3792 4264 κατάγειν

2217 4283 2512 4347 εὐτέλειαν,
2549 4282 2608 4333 τό
2648 4298 2712 4349 γε
2754 4283 2833 4343 είς
2879 4282 3024 4350 ἡμᾶς
3059 4275 3212 4352 ἧκον.
3264 4279 3435 4344 Αὐτὸς
3484 4281 3593 4352 γὰρ
3639 4281 3792 4352 μένει

2218 4367 2454 4430 τοιοῦτος
2483 4366 2557 4419 ῶν
2577 4361 2687 4428 οἷό-ς
2717 4368 2851 4418 ἐστι.
2888 4365 2970 4418 Σὺ
3007 4365 3114 4435 γὰρ
3143 4368 3174 4417 o'
3206 4365 3388 4431 αὐτὸς
3415 4361 3488 4427 εἶ,
3512 4367 3665 4436 φησὶ,
3692 4366 3794 4420 καὶ

2218 4449 2291 4502 τὰ
2318 4451 2420 4516 ἐτη
2450 4466 2566 4503 σου
2593 4451 2702 4502 οὐκ
2740 4449 3116 4515 ἐκλείψουσι.
3144 4446 3461 4518 Δοξάζωμεν
3491 4445 3581 4501 οὖν
3607 4449 3790 4514 αὐτὸν,

2216 4532 2404 4603 ῶσπερ
2437 4531 2817 4604 παρελάϐομεν
2845 4530 2994 4601 παρὰ
3022 4531 3130 4583 τῶν
3164 4533 3442 4600 πατέρων·
3480 4530 3792 4600 δοξάζωμεν

2217 4619 2401 4677 αὐτὸν,
2429 4619 2525 4671 καὶ
2552 4617 2640 4670 διὰ
2667 4617 2900 4678 πίστεως
2922 4617 3014 4668 καὶ
3033 4615 3099 4668 δι’
3125 4615 3318 4687 ἔργων.
3347 4615 3510 4668 Οὐδὲν
3539 4616 3646 4686 γάρ
3675 4616 3796 4685 6:95-

2216 4701 2304 4764 λος
2332 4704 2463 4772 ήμῖν
2495 4702 2576 4763 εἰς
2608 4701 2877 4769 σωτηρίαν
2915 4701 3200 4770 δογμάτων
3228 4700 3415 4768 ὑγιῶν,
3463 4699 3795 4773 διεφθαρμέο

2217 4803 2313 4853 νης
2342 4787 2472 4856 ἡμῖν
2499 4785 2597 4854 τῆς
2622 4784 2784 4854 ζωῆς.
2813 4784 2902 4836 Διὸ
2934 4783 3285 4854 ῥυθμίσωμεν
3337 4785 3506 4854 αὐτὴν
3550 4785 3683 4858 πρὸς
3728 4785 3792 4842 τὸ

2217 4868 2295 4939 τῷ
2325 4868 2444 4938 Θεῷ
2479 4867 2690 4932 δοκοῦν,
2723 4868 3075 4938 αἰσχρότητος
3115 4867 3350 4937 ἁπάσης,
3391 4867 3622 4930 ἀδικίας.
3658 4867 3792 4928 πλε-

2217 4952 2426 5017 ονεξίας
2463 4952 2649 5023 πόρρω
2699 4949 3060 5012 καθιστῶντες
3095 4951 3337 5014 ἑαυτοὺς,
3389 4950 3464 5014 ὼς
3515 4949 3654 5015 ξένοι
3699 4953 3796 5004 καὶ

2218 5033 2606 5106 παρεπίδημοι,
2638 5035 2732 5088 καὶ
2765 5033 2874 5092 τῶν
2903 5033 3140 5087 ἐνταῦθα
3167 5033 3455 5101 ἀλλότριοι.
3498 5033 3615 5087 Κᾶν
3654 5041 3792 5105 χρή·

2222 5120 2368 5190 ματά
2395 5136 2478 5182 τις
2511 5117 2608 5188 ἔχῃ
2654 5117 2824 5170 πολλὰ
2855 5119 2948 5170 καὶ
2976 5119 3249 5188 κτήματα,
3293 5116 3462 5181 οὕτως
3488 5117 3668 5180 αὐτοῖς
3697 5135 3794 5170 κε·-

2218 5203 2460 5274 χρήσθω,
2510 5202 2585 5264 ὡς
2643 5203 2902 5273 πάροικος
2955 5201 3046 5254 καὶ
3098 5200 3293 5270 μικρὸν
3333 5200 3559 5272 ὕστερον
3612 5203 3794 5255 αὐτῶν

2218 5286 2658 5357 αποστησόμενος
2688 5286 2782 5338 καὶ
2809 5284 2948 5337 ἑκὼν
2979 5285 3072 5337 καὶ
3100 5283 3267 5338 ἄκων.
3312 5284 3430 5339 Κᾶν
3465 5285 3794 5356 ἠδικημένος

2217 5389 2299 5433 τις
2393 5370 2540 5438 παρά
2572 5386 2734 5433 τινος,
2764 5367 2836 5438 μὴ
2869 5367 3106 5420 ἀθάνατα
3139 5367 3457 5437 ὀργιςέσθω,
3498 5369 3695 5438 μᾶλλον
3731 5369 3791 5422 δὲ

2221 5455 2354 5526 μηδὲ
2382 5454 2713 5525 πρόσκαιρα.
2751 5454 2895 5513 Mai;
2927 5451 3034 5521 γὰρ
3062 5453 3192 5522 ἡμῖν
3218 5453 3379 5506 πλέον
3413 5453 3512 5505 οὐκ
3536 5452 3733 5507 ἔδωκεν
3761 5457 3791 5507 ὀ

2230 5537 2545 5600 Ἀπόστολος
2599 5538 2814 5608 ἡμέρας
2875 5539 2941 5606 τῇ
3008 5537 3144 5606 ὀργῇ
3193 5537 3674 5607 καταχρήσασθαι·
3729 5538 3793 5590 Ὀ

2217 5624 2390 5691 ἣλιος
2421 5622 2550 5691 γὰρ,
2589 5621 2742 5690 φησὶ,
2759 5619 2846 5688 μὴ
2872 5618 3165 5674 ἐπιδυέτω,
3188 5619 3290 5672 ἐπὶ·
3311 5619 3392 5684 τῷ
3409 5620 3792 5691 παροργισμῷ

2215 5705 2402 5775 ὑμῶν.
2432 5707 2542 5760 Καὶ
2570 5705 2792 5772 εἰκότως
2809 5719 2822 5732 °
2848 5703 3129 5771 ἀγαπητὸν
3155 5702 3264 5774 γάρ
3291 5705 3384 5758 καὶ
3411 5706 3467 5756 ὲν
3491 5704 3633 5758 οὓτω
3661 5703 3802 5776 βρα-,

2217 5790 2302 5861 χεῖ
2324 5789 2500 5859 καιρῷ
2523 5788 2686 5859 μηδὲν
2704 5784 2955 5854 γενέσθαι
2977 5784 3158 5856 ἀηδές.
3185 5784 3248 5839 Ei
3268 5786 3325 5841 δὲ
3345 5788 3438 5841 καὶ
3456 5789 3490 5858 ἠ
3509 5787 3604 5854 νὺξ
3621 5804 3797 5843 κατα*

2215 5874 2393 5938 λάϐοι,
2423 5873 2694 5944 δεινότερα
2722 5869 2930 5939 γίνεται
2963 5869 3032 5922 τά
3057 5871 3417 5942 γεγενημένα,
3462 5871 3656 5942 μυρίον
3687 5890 3796 5926 πυ-

2283 5986 2303 6026 ῐ
2331 5985 2431 6035 Alii
2461 5997 2556 6033 non
2579 5981 2717 6044 pauci
2741 5982 3007 6046 συγκρατεῖ.

2284 6052 2306 6088 ε
2331 6049 2425 6096 Alii
2448 6048 2785 6107 ὑποϐαλλωμεν
