4074 6374
277 389 343 449 ω
1406 380 1472 436 lN
1510 376 1821 436 JOANNEB’i

1962 375 2087 433 illi...
2128 377 2216 433 ιν.
2258 379 2329 434 al.
2371 378 2457 434 IlI.
3480 384 3562 435 5η

277 506 746 577 interrogaverim,
792 503 919 570 quid
960 504 1031 558 sit
1074 500 1203 555 illud
1251 515 1280 552 a
1307 497 1562 568 prOpheta
1606 496 1850 551 dictum:

278 602 402 653 Ante
446 614 526 651 me
573 613 674 649 non
720 596 817 666 fuit
863 595 996 648 alius
1043 591 1219 656 Deus,
1276 599 1321 643 et
1365 599 1476 658 post
1519 604 1598 641 nte
1624 604 1725 640 non
1763 588 1859 640 erit

279 689 428 759 (lsai.
455 690 547 743 45.
579 688 710 755 l0)?
742 687 870 740 Nam
892 685 936 738 si
963 684 1143 753 junior
1177 690 1259 736 est
1303 680 1461 734 Patre
1504 679 1855 747 Filius,-quo-

278 780 432 835 modo
461 779 626 843 dicit,
662 777 787 830 Post
819 793 896 830 me
934 792 1037 828 non
1080 774 1216 828 erit?
1246 771 1381 827 Num
1433 786 1561 841 ergo
1591 770 1855 838 Unigeniti

276 873 623 925 substantiam
655 867 889 924 tolletis?
920 868 1153 923 Necesse
1182 866 1324 921 enim
1353 873 1436 919 est
1475 873 1566 917 aut
1591 878 1655 917 eo
1695 862 1859 917 auda-

276 965 366 1017 cia:
379 962 697 1033 procedere,
718 970 812 1015 aut
830 975 991 1014 unam
1010 958 1289 1011 admittere
1310 955 1635 1010 divinitatem
1663 954 1715 1008 in
1732 967 1856 1021 pro-

278 1054 380 1122 pria
414 1052 687 1123 hypostasi
719 1052 890 1106 Patris
914 1058 967 1105 et
1009 1049 1146 1104 Filii.
1179 1046 1459 1114 Quomodo
1485 1057 1660 1101 autem
1690 1046 1816 1099 illud
1837 1086 1853 1109 ,

278 1144 455 1197 Omnia
487 1160 576 1212 per
604 1144 771 1211 ipsum
797 1146 932 1212 facta
958 1149 1076 1194 sunt
1103 1137 1283 1209 (Joan.
1316 1141 1367 1194 l.
1400 1139 1435 1193 5
1459 1138 1499 1206 ),
1530 1149 1711 1192 verum
1739 1137 1856 1193 est?

274 1237 398 1291 Nam
446 1238 489 1290 si
537 1252 712 1289 :evum
757 1243 843 1289 est
874 1235 967 1289 illo
1010 1234 1298 1302 antiquius,
1328 1231 1597 1302 quomodo
1622 1231 1674 1284 id
1713 1229 1854 1300 quod

273 1340 390 1383 ante
412 1329 562 1382 illum
591 1337 671 1381 est
694 1369 707 1393 ,
736 1343 831 1396 per
854 1328 1025 1397 ipsum
1055 1325 1252 1379 factum
1280 1323 1476 1377 fuerit?
1502 1323 1776 1377 Videtisne
1802 1322 1853 1376 in

273 1428 518 1486 quantum
551 1420 907 1473 temeritatem
939 1417 1105 1471 semel
1135 1417 1341 1484 abjecta
1372 1416 1595 1469 veritate
1632 1430 1849 1484 proces—

274 1508 469 1563 serint?
498 1509 609 1564 Cur
644 1526 750 1563 non
778 1509 913 1563 dixit
935 1507 1279 1578 evangelista,
1328 1507 1497 1575 ipsum
1535 1514 1600 1560 ex
1631 1522 1733 1559 non
1760 1521 1855 1560 ex-

274 1603 535 1658 stantibus
580 1601 777 1657 factum
821 1616 978 1667 esse,
1031 1613 1087 1655 ut
1133 1601 1201 1655 de
1247 1600 1495 1654 omnibus
1529 1599 1724 1652 Paulus
1773 1599 1855 1651 his

272 1694 445 1748 verbis
484 1693 682 1748 asserit
709 1709 726 1746 :
756 1693 854 1758 Qui
882 1693 1073 1746 vocavit
1102 1708 1161 1745 ea
1188 1704 1303 1762 qua
1328 1707 1429 1743 non
1457 1698 1577 1743 sunt
1618 1698 1856 1758 tanquam

273 1803 328 1839 ut
366 1800 481 1855 qua:
508 1795 626 1841 sunt
673 1792 694 1859 ί
722 1786 872 1840 Rom.
903 1786 953 1839 4.
982 1784 1046 1840 l7
1084 1783 1137 1854 );
1167 1784 1261 1837 sed
1290 1782 1453 1846 dicit,
1501 1779 1566 1834 In
1608 1782 1857 1850 principio

270 1878 410 1931 erat?
428 1879 531 1931 hoc
545 1878 690 1931 enim
708 1876 1035 1931 contrarium
1055 1885 1137 1928 est
1154 1874 1224 1928 illi
1246 1891 1259 1937 ;
1283 1888 1346 1927 ac
1353 1873 1473 1941 jure
1496 1873 1701 1926 merito.
1717 1872 1855 1924 Deus

271 1970 411 2022 enim
433 1983 607 2037 neque
630 1967 707 2032 ﬁt,
733 1982 902 2036 neque
924 1965 1049 2036 quid
1094 1981 1153 2019 se
1168 1965 1434 2034 antiquius
1453 1964 1645 2027 habet;
1671 1978 1855 2017 verum

272 2059 385 2115 haec
408 2058 684 2129 gentilium
713 2059 872 2113 verba
909 2067 1054 2112 sunt.
1097 2058 1190 2111 Dic
1215 2065 1270 2111 et
1299 2055 1427 2109 illud
1464 2053 1591 2108 mihi
1619 2073 1631 2107 :
1662 2056 1852 2107 Annon

271 2149 468 2203 dixeris
493 2159 793 2203 creatorem
840 2148 1033 2202 creatis
1071 2146 1321 2216 operibus
1362 2144 1854 2214 incomparabiliter

271 2240 706 2294 excellentiorem
733 2239 892 2295 esse?
920 2240 1053 2293 Cum
1094 2253 1223 2307 ergo
1260 2237 1390 2307 ipsis
1416 2236 1589 2290 simile
1634 2235 1770 2289 iuret
1800 2234 1851 2288 id

270 2332 409 2402 quod
434 2347 505 2385 ex
538 2347 644 2386 non
670 2332 1000 2386 exstantibus
1025 2338 1201 2394 esset,
1245 2330 1332 2383 ubi
1363 2337 1506 2383 esset
1534 2328 1619 2382 illa
1649 2328 1854 2381 incom-

273 2424 524 2491 parabilis
546 2423 900 2478 excellentia?
929 2421 1066 2489 Quid
1093 2430 1269 2475 autem
1300 2428 1383 2475 est
1405 2419 1562 2483 illud,
1597 2418 1707 2489 Ego
1748 2418 1856 2488 pri-

270 2530 401 2580 ms,
440 2524 489 2568 et
514 2531 604 2585 ego
632 2525 745 2583 post
771 2516 899 2577 haec,
932 2523 1008 2577 et,
1038 2514 1168 2568 Ante
1194 2530 1269 2566 me
1297 2529 1398 2566 non
1427 2513 1525 2583 fuit
1551 2513 1685 2566 alius
1716 2511 1856 2565 Deus

271 2605 421 2671 (lsai.
448 2607 540 2661 41.
566 2608 624 2661 4.
656 2617 703 2660 et
730 2607 818 2661 45.
856 2606 983 2675 l0)?
1008 2605 1139 2660 Nam
1170 2606 1215 2659 si
1248 2604 1412 2659 Filius
1442 2620 1546 2659 non
1577 2606 1646 2659 sit
1669 2620 1734 2660 ex
1764 2619 1855 2660 ea-

269 2698 391 2753 dem
416 2698 718 2753 substantia
742 2740 757 2765 ,
781 2699 915 2752 alius
937 2708 1019 2752 est
1064 2698 1239 2763 Deus;
1284 2697 1329 2751 si
1375 2712 1483 2751 non
1520 2706 1851 2763 coaeternus,

269 2800 349 2844 est
390 2799 512 2858 post
539 2791 688 2844 illum
725 2809 737 2844 :
783 2804 843 2844 ac
871 2790 913 2843 si
942 2806 1046 2844 non
1074 2805 1140 2843 ex
1168 2788 1463 2842 substantia
1504 2787 1730 2857 prodiit,
1760 2803 1856 2858 pa-

269 2885 370 2935 lam
399 2893 483 2938 est
510 2884 680 2952 ipsum
710 2886 904 2938 factum
934 2898 1071 2939 es-e.
1106 2883 1257 2952 Quod
1288 2884 1334 2936 si
1373 2882 1605 2937 dixerint
1646 2882 1760 2937 haec
1786 2881 1852 2937 ad

269 2976 623 3030 dilerentiam
669 2976 931 3030 idolorum
973 2976 1113 3031 dicta
1164 2975 1326 3029 fuisse
1353 3014 1372 3041 ,
1421 2974 1690 3044 quomodo
1743 2989 1852 3028 non

269 3066 565 3120 roncedent
607 3066 672 3120 ad
721 3066 1074 3121 dilferentiam
1128 3066 1392 3122 idolorum
1437 3064 1611 3121 solum
1662 3080 1852 3119 verum

274 3158 437 3211 Deum
467 3156 613 3211 dici?
641 3157 791 3224 Quod
819 3158 863 3211 si
896 3157 998 3212 hoc
1022 3158 1181 3213 etiam
1209 3157 1275 3212 ad
1298 3156 1650 3212 dill'erentiam
1676 3157 1851 3212 idolo-

269 3265 383 3303 rum
414 3249 618 3302 dictum
664 3250 767 3309 sit,
802 3249 1071 3319 quomodo
1113 3258 1278 3303 totam
1323 3249 1639 3303 sententiam
1684 3249 1851 3302 inter-

268 3340 569 3408 pretaberis
588 3339 613 3391 ?
646 3336 768 3392 Post
796 3356 874 3392 me
898 3339 1060 3403 enim,
1091 3339 1293 3407 inquit,
1316 3355 1416 3392 non
1441 3348 1513 3392 est
1536 3339 1667 3392 alius
1689 3336 1849 3392 Deus.

268 3430 385 3484 Non
414 3431 639 3499 eiiciens
686 3431 880 3484 Filium
928 3431 1028 3485 hoc
1055 3429 1219 3496 dicit,
1252 3430 1344 3485 sed
1387 3429 1643 3498 signiﬁcat
1667 3470 1681 3492 ,
1713 3429 1854 3483 Deus

272 3523 497 3577 idulicus
528 3532 647 3591 post
678 3537 764 3577 me
812 3539 919 3576 nou
964 3531 1077 3585 est;
1130 3536 1232 3576 neu
1262 3521 1400 3591 quod
1429 3520 1598 3575 Filius
1628 3536 1731 3573 non
1761 3520 1848 3573 sit.

272 3616 442 3668 Etiam
467 3657 482 3677 ,
515 3615 742 3684 inquies.
768 3614 904 3682 Quid
948 3614 1138 3683 igitur?
1166 3613 1292 3667 illud
1310 3654 1326 3677 ,
1372 3614 1499 3666 Ante
1528 3628 1605 3665 me
1630 3629 1730 3664 non
1755 3611 1854 3680 fuit

274 3706 411 3759 alius
443 3706 585 3759 Deus
609 3746 625 3769 ,
657 3706 726 3759 ita
752 3705 981 3775 accipies
1006 3745 1021 3768 ,
1062 3703 1203 3773 quod
1249 3719 1441 3772 nempe
1472 3704 1691 3758 irlolicus
1721 3702 1853 3756 deus

271 3814 379 3851 non
408 3796 606 3862 fuerit;
641 3809 695 3850 at
722 3796 883 3851 fuerit
909 3798 1098 3852 saltem
1130 3805 1253 3851 ante
1274 3811 1394 3851 eum
1424 3796 1629 3849 Filius?
1657 3794 1855 3864 Ecquis

270 3890 482 3944 damon
532 3890 649 3944 hac
677 3890 903 3943 dixerit?
951 3889 1029 3944 Ne
1056 3890 1229 3958 ipsum
1257 3888 1471 3958 quidem
1501 3888 1767 3941 diabolum
1802 3886 1853 3941 id

274 3990 401 4050 puto
428 3981 696 4034 dicturum
728 3994 867 4034 esse.
899 3980 1145 4049 Alioquin
1173 3987 1372 4043 autem,
1400 3978 1445 4031 si
1474 3992 1577 4031 non
1607 3986 1687 4031 est
1711 3991 1853 4030 cme-

275 4081 458 4125 tcrnus
489 4070 633 4125 Patri
654 4112 668 4136 ,
698 4071 967 4139 quomodo
992 4070 1248 4124 inﬁnitam
1279 4069 1395 4139 ejus
1424 4070 1581 4123 vitam
1608 4068 1851 4123 dixeris?

272 4161 403 4216 Nam
434 4163 479 4216 si
508 4162 823 4232 principium
870 4162 1106 4217 anterius
1144 4161 1332 4225 habet;
1367 4160 1575 4215 etiamsi
1615 4159 1854 4214 inﬁnitus

275 4253 376 4314 sit,
427 4268 538 4306 non
580 4262 753 4306 tamen
805 4253 1096 4307 immensus
1137 4252 1240 4307 erit
1290 4269 1303 4306 :
1350 4254 1666 4306 immensum
1710 4250 1852 4303 enim

276 4344 528 4412 utrinque
578 4345 895 4399 immensum
947 4357 1067 4398 esse
1111 4351 1354 4412 Oportet;
1404 4341 1457 4395 id
1504 4340 1645 4411 quod
1692 4341 1850 4395 etiam

276 4434 473 4489 Paulus
517 4435 795 4489 declarans
821 4434 1029 4489 dicebat
1057 4453 1070 4489 :
1102 4433 1275 4503 Neque
1301 4433 1604 4503 principium
1634 4432 1851 4495 dierum,

276 4542 435 4594 neque
462 4526 615 4596 ﬁnem
645 4528 757 4580 vitte
780 4526 964 4581 habens
993 4525 1013 4599 (
1037 4525 1194 4580 Hebr.
1227 4526 1280 4579 7.
1309 4526 1344 4580 3
1366 4526 1405 4596 ),
1438 4535 1490 4580 et
1520 4525 1778 4594 principio
1801 4534 1855 4579 et

276 4619 383 4672 line
410 4633 597 4673 carere
621 4618 898 4673 declarans
923 4657 935 4670 .
965 4617 1421 4685 Quemadmodum
1444 4619 1586 4672 enim
1617 4617 1739 4684 hoc,
1773 4618 1852 4672 sic

278 4725 450 4779 neque
496 4710 622 4764 illud
673 4709 829 4763 [intem
864 4709 1055 4775 habet;
1084 4724 1203 4764 cum
1241 4724 1413 4780 neque
1458 4709 1544 4763 hie
1589 4708 1709 4764 linis
1744 4708 1851 4774 sit,

274 4816 452 4870 neque
484 4801 592 4854 illic
627 4800 853 4854 initium.

347 4894 402 4946 5.
458 4888 673 4944 Verbum
701 4890 744 4944 si
782 4892 879 4943 vita
905 4900 997 4953 est,
1030 4900 1266 4944 wternum
1295 4888 1619 4957 est.0bjectio
1650 4889 1850 4943 [uereti-

274 4999 452 5035 ωηιξη
481 4997 498 5034 :
531 4981 577 5035 F
580 4982 696 5035 ilius
721 4989 832 5043 Θεὸς
873 4982 1055 5034 dicitur
1094 4982 1201 5035 sine
1225 4981 1462 5044 articulo,
1488 4981 1759 5049 refutatur.
1783 5010 1855 5020 —

274 5073 560 5140 Quomodo
586 5083 762 5126 autem
792 5088 912 5127 cum
939 5074 1047 5127 vita
1073 5072 1161 5136 sit,
1184 5071 1339 5127 fuerit
1367 5080 1574 5141 tempus
1600 5087 1720 5126 cum
1745 5088 1852 5126 non

273 5166 456 5219 esset?
499 5163 619 5219 Vita
661 5165 803 5218 enim
845 5180 1077 5234 semper,
1106 5178 1170 5218 ac
1216 5166 1329 5219 sine
1360 5165 1619 5235 principio
1648 5174 1703 5220 et
1746 5165 1855 5220 ﬁne

274 5272 396 5311 e~se
423 5270 586 5310 nemo
613 5270 717 5309 non
745 5253 993 5318 fateatur,
1012 5256 1057 5309 si
1086 5255 1175 5310 ille
1202 5271 1327 5310 vere
1350 5257 1453 5309 vita
1475 5257 1563 5321 sit,
1583 5265 1640 5310 ut
1667 5271 1855 5311 revera

276 5356 379 5401 est.
411 5347 471 5402 Si
498 5361 627 5402 vero
654 5346 752 5400 fuit
778 5346 1061 5417 aliquando
1099 5361 1223 5400 cum
1252 5362 1356 5400 non
1395 5356 1559 5411 esset,
1586 5346 1856 5416 quomodo

278 5440 387 5494 vita
415 5439 645 5493 aliorum
685 5437 775 5502 sit,
804 5452 920 5507 quae
949 5436 1231 5507 aliquando
1262 5451 1365 5491 non
1399 5435 1535 5490 luit?
1579 5436 1857 5504 Quomodo

277 5533 461 5598 igitur,
496 5530 689 5601 inquit,
719 5529 953 5585 Joannes
978 5528 1292 5599 principium
1338 5529 1513 5598 posuit
1555 5527 1755 5592 dicens,
1786 5526 1856 5583 In

281 5624 534 5693 principio
557 5621 708 5675 erat?
735 5621 887 5677 llline
905 5621 1042 5686 voci,
1074 5636 1277 5691 qmeso,
1295 5620 1361 5673 In
1388 5620 1655 5691 principio,
1680 5629 1733 5674 et
1758 5620 1854 5684 illi,

286 5714 436 5776 Erat,
478 5714 748 5778 attendis;
794 5722 849 5768 et
888 5712 1057 5779 illam,
1078 5711 1312 5767 'Verbum
1337 5720 1462 5776 erat,
1489 5726 1592 5765 non
1622 5711 1859 5781 cogitas?

279 5807 418 5875 Quid
447 5823 597 5875 vero,
627 5806 845 5879 quando
896 5807 963 5863 de
1010 5810 1163 5864 Patre
1194 5806 1324 5863 dicit
1350 5803 1609 5877 propheta
1638 5820 1651 5858 :
1694 5801 1738 5857 A
1762 5818 1857 5858 sa:-

1970 494 2084 547 eulo
2111 504 2159 549 et
2186 511 2342 564 usque
2368 497 2422 549 in
2448 495 2688 550 saxulum
2710 507 2765 549 tu
2793 513 2845 552 es
2873 494 3045 570 (Psal.
3077 497 3167 553 89.
3210 498 3266 572 2)
3297 516 3308 553 :
3356 514 3422 554 an
3466 504 3547 554 his
3600 474 3615 503 1

1969 585 2145 639 verbis
2175 587 2433 641 terminos
2462 586 2560 657 ipsi
2604 587 2791 656 punit?
2832 587 3216 659 Nequaquam;
3265 589 3359 645 sed
3388 600 3546 645 aeter-

1966 676 2185 731 nitatem
2218 678 2502 747 significat.
2548 677 2777 748 ldipsum
2809 678 2898 734 hic
2924 683 3122 749 cogita.
3146 682 3261 737 Non
3292 683 3557 738 terminos

1966 785 2171 839 ponens
2214 770 2285 824 ita
2313 771 2564 841 loquutus
2594 781 2716 827 est:
2751 788 2927 843 neque
2966 774 3110 829 enim
3158 774 3313 843 dixit,
3342 775 3550 831 Princi-

1967 864 2109 932 pium
2139 865 2356 930 habuit;
2383 866 2499 929 sed,
2532 865 2597 920 In
2626 868 2876 937 principio
2895 877 3003 923 erat
3027 883 3045 931 ;
3087 868 3185 923 hac
3212 883 3361 934 voce,
3394 868 3544 933 Erat,

1967 963 2018 1008 te
2045 954 2319 1011 deducens
2347 967 2405 1010 ut
2433 958 2627 1012 Filium
2658 960 2775 1013 sine
2806 961 3063 1029 principio
3099 976 3221 1015 esse
3259 962 3544 1031 cogitares.

1965 1047 2057 1109 At,
2104 1048 2333 1117 inquies,
2365 1048 2525 1103 Pater
2552 1064 2673 1103 cum
2715 1049 2938 1104 articulo
2969 1051 3180 1117 dicitur,
3214 1051 3375 1106 Filius
3417 1068 3547 1107 vero

1962 1138 2076 1191 sine
2094 1140 2317 1193 articulo
2331 1139 2433 1211 (a).
2453 1140 2589 1206 Quid
2611 1156 2738 1209 ergo
2758 1155 2881 1195 cum
2904 1143 3177 1209 apostolus
3197 1141 3345 1207 dicit,
3366 1141 3542 1212 Magni

1968 1227 2061 1282 Dei
2086 1238 2132 1282 et
2164 1230 2444 1284 Saluatoris
2490 1232 2649 1284 nostri
2687 1229 2813 1285 Iesu
2861 1230 3047 1285 Christi
3076 1231 3199 1301 (Tit.
3231 1231 3284 1285 9..
3314 1232 3440 1302 15);
3490 1242 3553 1287 et

1962 1336 2193 1383 rursum,
2231 1322 2329 1388 Qui
2358 1333 2430 1374 est
2455 1339 2605 1388 super
2633 1322 2801 1375 omnia
2839 1321 2977 1375 Deus
3003 1322 3181 1394 (Rom.
3210 1322 3263 1377 9.
3295 1323 3388 1391 5)?
3417 1337 3544 1377 ecce

1963 1427 2191 1479 namque
2218 1411 2304 1465 hic
2334 1412 2448 1466 sine
2471 1412 2695 1466 articulo
2721 1414 2909 1466 Filium
2944 1414 3278 1468 memoravit.
3309 1413 3539 1484 ldipsum

1961 1503 2027 1557 de
2059 1504 2215 1557 Patre
2241 1504 2513 1557 observes.
2547 1504 2676 1557 Nam
2704 1503 2769 1557 ad
2800 1503 3170 1573 Philippenses
3196 1503 3439 1558 scribens
3463 1504 3545 1557 sic

1961 1596 2035 1648 ait
2062 1613 2075 1649 :
2108 1596 2205 1660 Qui
2230 1612 2345 1648 cum
2382 1596 2435 1648 in
2462 1599 2624 1664 forma
2652 1594 2747 1648 Dei
2775 1603 2921 1660 esset,
2945 1612 3045 1649 non
3072 1596 3304 1665 rapinam
3326 1596 3561 1649 arbitram

1963 1698 2043 1741 tus
2067 1696 2137 1740 est
2159 1706 2264 1742 esse
2287 1705 2340 1741 se
2363 1689 2608 1757 aqualem
2634 1687 2741 1741 Deo
2783 1686 3037 1757 (Philipp.
3060 1688 3115 1742 2.
3140 1686 3194 1760 6)
3220 1707 3232 1743 :
3262 1698 3315 1743 et
3339 1688 3403 1742 ad
3436 1688 3541 1741 Ro-

1960 1794 2181 1833 manos:
2210 1778 2387 1832 Gratia
2411 1778 2544 1831 vobis
2571 1788 2616 1832 et
2640 1795 2741 1847 pas:
2765 1795 2796 1831 a
2819 1777 2930 1832 Deo
2954 1777 3111 1832 Patre
3139 1788 3330 1843 nostro,
3362 1787 3410 1833 et
3431 1777 3541 1832 Do-

1960 1873 2096 1923 mino
2123 1870 2247 1923 Jesu
2273 1870 2472 1925 Christo
2513 1870 2687 1940 (Rom.
2720 1872 2770 1924 l.
2800 1869 2874 1941 7).
2911 1870 3158 1939 Alioquin
3190 1885 3321 1924 vero
3350 1884 3538 1938 supero

1960 1976 2247 2015 vacaueum
2270 1960 2453 2016 fuisset
2478 1962 2562 2016 hic
2584 1961 2864 2015 articulum
2890 1976 3223 2028 prmponere,
3237 1976 3357 2016 cum
3380 1976 3538 2029 supra

1963 2051 2267 2120 frequenter
2288 2053 2561 2122 appositus
2585 2052 2761 2107 fuerit.
2781 2051 3242 2117 Quemadmodum
3261 2052 3399 2105 enim
3420 2067 3538 2105 cum

1960 2143 2027 2197 de
2060 2144 2217 2198 Patre
2244 2144 2406 2209 (dicit,
2441 2144 2666 2214 Spiritus
2689 2154 2759 2197 est
2788 2143 2921 2197 Deus
2953 2143 3130 2213 (Joan.
3161 2145 3213 2199 4.
3240 2143 3331 2213 2i)
3358 2162 3372 2209 ;
3417 2146 3551 2214 quia

1962 2237 2218 2290 articulus
2248 2237 2465 2305 Spiritui
2520 2252 2624 2290 uon
2672 2237 2991 2307 prtepositus
3019 2245 3120 2303 est,
3153 2252 3257 2289 non
3309 2236 3429 2290 ideo
3457 2237 3539 2288 iu-

1960 2344 2276 2397 corporeum
2325 2343 2445 2383 csse
2487 2328 2650 2383 Deum
2703 2343 2958 2397 negamus
2988 2346 3003 2383 :
3036 2328 3113 2382 sic
3156 2336 3210 2381 et
3252 2326 3354 2381 hoc
3399 2327 3539 2389 loco,

1960 2420 2169 2475 etiamsi
2214 2419 2350 2475 Filio
2377 2421 2631 2474 articulus
2684 2436 2787 2473 non
2824 2429 3180 2489 praeponatur,
3212 2435 3316 2473 non
3366 2419 3540 2473 minus

1962 2520 2137 2567 tamen
2161 2513 2302 2567 Deus
2324 2522 2405 2567 est
2427 2512 2614 2568 Filius.
2634 2512 2746 2579 Qua
2774 2527 2901 2567 vero
2927 2511 2993 2566 de
3014 2512 3212 2567 causa?
3240 2511 3370 2564 Cum
3398 2512 3551 2564 enim

1962 2606 2130 2661 Deum
2158 2618 2211 2661 et
2238 2607 2404 2661 Deum
2436 2607 2588 2671 dixit,
2613 2606 2814 2660 nullum
2848 2605 3045 2659 indicat
3070 2603 3223 2658 nobis
3248 2604 3555 2657 divinitatis.

1959 2697 2278 2759 discrimen;
2340 2698 2448 2751 imo
2499 2712 2718 2767 prorsus
2775 2705 2980 2750 contra.
3037 2695 3166 2749 Cum
3197 2695 3337 2748 enim
3394 2695 3557 2762 prius.

1960 2788 2205 2853 dixisset,
2237 2787 2302 2840 Et
2330 2787 2463 2840 Deus
2490 2796 2595 2839 erat
2627 2785 2863 2846 Verbum.
2891 2802 2958 2839 ne
2983 2785 3106 2855 quis
3126 2793 3334 2855 putaret
3362 2784 3536 2837 ruino-

1957 2894 2071 2934 rem
2103 2894 2219 2935 esse
2248 2878 2365 2933 Filii
2395 2878 2743 2945 divinitatem,
2767 2878 2941 2931 statim
2965 2892 3102 2931 verte
3123 2876 3408 2931 divin‘tatis
3424 2875 3549 2943 ejus

1958 2969 2274 3024 documenta
2303 2968 2524 3038 profert;
2548 2972 2894 3023 arternitatem
2917 2983 3104 3037 nempe
3134 2967 3211 3020 sic
3236 2981 3533 3030 resumens,

1964 3058 2062 3114 llic
2109 3071 2215 3114 erat
2268 3079 2299 3113 a
2343 3060 2590 3129 principio
2652 3058 2790 3127 apud
2852 3058 3016 3113 Deum
3065 3056 3265 3128 (Joan.
3317 3059 3368 3113 l.
3418 3057 3534 3126 ‘2);

1958 3153 2175 3209 creandi
2204 3153 2309 3207 vim
2348 3168 2467 3209 cum
2508 3152 2672 3219 addit,
2706 3152 2887 3205 Omnia
2921 3169 3007 3219 per
3032 3152 3197 3221 ipsum
3233 3151 3365 3221 facta
3394 3159 3543 3213 sunt,

1958 3258 2003 3301 et
2032 3248 2138 3301 sine
2157 3247 2265 3313 ipso
2287 3250 2475 3318 factum
2506 3255 2577 3299 est
2607 3245 2733 3298 nihil
2762 3244 2895 3311 quod
2923 3247 3113 3314 factum
3141 3251 3211 3296 est
3240 3239 3403 3309 (Ibid.
3436 3240 3489 3312 5)
3519 3258 3531 3291 :

1959 3337 2010 3391 id
2032 3338 2174 3407 quod
2199 3338 2427 3391 maxime
2446 3337 2600 3391 Pater
2624 3336 2740 3403 ejus
2767 3350 2859 3405 per
2887 3334 3171 3403 prophetas
3192 3334 3385 3402 ubique
3412 3333 3537 3387 sub—

1960 3429 2171 3483 stantiae
2201 3428 2317 3496 ejus
2362 3436 2730 3496 argumentum
2759 3440 2877 3480 esse
2916 3424 3065 3479 dicit.
3112 3424 3189 3478 Ac
3234 3422 3538 3491 frequenter

1960 3522 2062 3575 hoc
2086 3520 2557 3575 demonstrationis
2583 3532 2750 3589 genus
2777 3516 3052 3587 propheta:
3075 3521 3292 3569 versant
3320 3530 3332 3565 :
3365 3526 3537 3580 neque

1960 3613 2025 3666 ad
2056 3613 2157 3667 hac
2183 3614 2377 3676 solum,
2410 3611 2502 3665 sed
2531 3611 2769 3665 utetiam
2799 3608 3060 3662 idolorum
3092 3605 3292 3661 cultum
3324 3602 3532 3656 tollant.

1960 3704 2093 3758 Nam
2138 3704 2230 3768 dii,
2280 3703 2466 3770 inquit,
2498 3702 2581 3771 qui
2627 3699 2805 3753 uelum
2852 3708 2898 3753 et
2928 3707 3113 3751 terram
3140 3712 3242 3749 non
3289 3693 3532 3763 fecerunt,

1963 3803 2169 3864 pereant
2195 3792 2330 3862 (Jer.
2366 3793 2454 3847 10.
2482 3792 2605 3862 ll);
2640 3806 2702 3845 ac
2731 3805 2960 3853 rursum,
2990 3787 3101 3859 Ego
3130 3803 3283 3840 manu
3313 3801 3423 3838 mea
3445 3799 3536 3836 ea:-

1962 3884 2096 3937 tendi
2142 3883 2320 3936 uelum
2360 3880 2512 3951 (Isai.
2546 3882 2632 3935 44.
2664 3879 2795 3951 26):
2838 3877 3234 3945 ostendensque
3263 3873 3390 3928 illud
3416 3887 3547 3927 esse.

1960 3976 2250 4031 divinitatis
2281 3982 2673 4043 argumentum,
2705 3970 2754 4024 id
2782 3970 2975 4039 ubique
3017 3969 3182 4037 ponit.
3214 3967 3331 4036 lpse
3357 3974 3541 4018 autem-

1962 4069 2305 4137 cvangelista,
2340 4066 2423 4120 his
2465 4081 2571 4119 non
2601 4071 2883 4117 contentus
2923 4061 3119 4127 verbis,
3149 4060 3309 4112 vitam
3364 4057 3534 4124 ipsum

1960 4159 2167 4214 vocavit
2194 4167 2248 4212 et
2278 4158 2468 4211 lucem.
2496 4155 2551 4209 Si
2596 4155 2772 4222 itaque
2814 4167 3025 4222 semper
3063 4166 3183 4205 cum
3214 4149 3370 4202 Patre
3398 4154 3533 4207 crat,

1961 4251 2004 4303 si
2027 4249 2203 4305 omnia
2228 4248 2342 4317 ipse
2363 4244 2621 4306 condidit,
2654 4242 2899 4313 produxit
2924 4256 2975 4297 et
2996 4241 3231 4295 continet
3252 4240 3374 4309 (hoc
3391 4238 3533 4292 enim

1963 4357 2059 4411 per
2086 4341 2246 4394 vitam
2279 4337 2651 4409 significavit),
2682 4337 2725 4389 si
2753 4336 2928 4388 omnia
2958 4334 3256 4396 illuminat;
3306 4331 3424 4401 quis
3465 4329 3537 4383 ita

1960 4432 2154 4487 stultus
2179 4432 2280 4485 erit
2310 4439 2366 4484 ut
2390 4428 2551 4494 dicat,
2584 4429 2962 4498 evangelistam
2996 4426 3110 4480 ha-c
3135 4425 3293 4480 verba
3324 4435 3377 4477 ut
3403 4424 3537 4477 divi-

1963 4525 2181 4578 nitatem
2214 4524 2329 4593 ejus
2373 4523 2640 4575 minueret
2689 4520 2988 4581 induxisse,
3022 4516 3212 4587 quibus
3263 4515 3537 4586 mqualitas

1962 4617 2264 4686 parilasque
2294 4614 2647 4669 demonstrari
2679 4613 2921 4681 poterat?
2949 4610 3047 4674 Ne,
3079 4625 3283 4680 quaeso,
3316 4609 3544 4664 confun-

1961 4708 2150 4761 damus
2180 4716 2475 4760 creaturam
2511 4721 2630 4758 cum
2660 4704 2933 4766 Creatore,
2967 4720 3033 4757 ne
3062 4718 3159 4756 nos
3199 4716 3410 4771 quoque
3440 4716 3536 4753 au-

1962 4798 2173 4851 diamus
2203 4814 2215 4851 :
2249 4792 2520 4850 Coluerunt
2548 4803 2829 4848 creaturam
2871 4810 2976 4863 pra:
3003 4793 3237 4847 Creatore
3277 4780 3450 4863 (Rom.
3487 4793 3541 4845 l.

1960 4887 2073 4961 95).
2100 4888 2318 4943 Etiamsi
2343 4888 2485 4942 enim
2514 4888 2579 4941 de
2607 4888 2751 4941 c:elis
2795 4886 2909 4940 hmc
2950 4884 3293 4955 intelligenda
3319 4883 3500 4937 dicant
3527 4900 3539 4933 :

1961 4990 2196 5034 attamen
2215 4979 2282 5034 de
2305 4979 2386 5033 his
2418 4979 2636 5048 loquens
2667 4979 2883 5030 omnino
2914 4976 3183 5046 prohibuit
3202 4990 3270 5029 ne
3296 4983 3540 5029 creatura

1963 5074 2189 5136 colatur,
2220 5072 2307 5142 qui
2356 5073 2630 5141 gentilium
2662 5085 2812 5123 error
2838 5077 2939 5122 est.

2034 5166 2088 5219 4.
2131 5162 2172 5217 Α
2199 5164 2431 5217 seruitute
2458 5162 2707 5215 idolorum
2752 5176 2841 5213 nos
2883 5158 3106 5212 liberavit
3133 5158 3380 5213 Christus.
3431 5154 3543 5208 Do-

1963 5266 2133 5330 gmata
2165 5272 2265 5309 non
2292 5263 2500 5324 prosunt
2529 5253 2597 5306 ac!
2625 5252 2854 5316 salutem,
2877 5251 2919 5305 si
2948 5253 3048 5304 vita
3076 5252 3139 5303 sit
3163 5260 3419 5319 corrupta.
3452 5248 3543 5300 Ira

1963 5347 2187 5402 celeriter
2225 5345 2603 5417 exstinguenda.
2652 5342 2852 5397 Laudes
2893 5343 3150 5396 hominum
3180 5342 3257 5395 uel
3285 5355 3347 5393 ex
3370 5340 3536 5410 gratia

2028 5502 2101 5564 (α)
2124 5508 2220 5550 Hoc
2262 5500 2461 5565 respicit
2477 5497 2595 5565 illud
2625 5494 2891 5559 Evangelii,
2917 5508 2977 5565 ιρι
3003 5505 3025 5565 6_
3045 5507 3155 5565 Αόῃς
3173 5498 3220 5565 ᾖν
3237 5504 3324 5565 πρὸξ
3356 5503 3421 5565 τὸ)
3443 5503 3545 5565 eis»,

1963 5554 2137 5620 mea,
2148 5568 2193 5622 ἦν
2216 5574 2237 5613 ό
2263 5554 2390 5623 Αότὲς,
2408 5562 2500 5626 ubi
2525 5574 2589 5626 τείν
2621 5574 2710 5626 easy
2731 5554 2841 5607 cina
2858 5554 3060 5626 articulo
3080 5554 3270 5626 _dicitt_1r
3292 5554 3356 5624 de
3390 5562 3546 5626 Patre,

1965 5616 2188 5683 ιαιθιὸξτῐ.
2210 5616 2399 5683 δίουέιὶέι
2410 5622 2535 5672 iculo
2544 5622 2608 5671 de
2625 5622 2755 5671 Filio.
2776 5618 2909 5683 gnde
2924 5618 3196 5679 arguebant
3220 5616 3368 5676 impie
3385 5616 3546 5683 Ariani

1966 5694 2020 5736 et
2050 5676 2269 5735 Arioinmi
2293 5719 2308 5743 ,
2342 5682 2509 5732 Filium
2532 5697 2629 5733 non
2654 5695 2768 5732 esse
2788 5681 2951 5743 Deum
2972 5676 3327 5743 sicutAPatt-em,
3352 5676 3441 5743 sed
3462 5690 3550 5724 nn-

1965 5761 2155 5807 norern,
2181 5759 2275 5796 nec
2295 5738 2505 5809 'proprie
2521 5745 2683 5798 Deum
2712 5757 2724 5794 :
2750 5741 2878 5807 quod
2902 5740 3157 5793 contrariis
3179 5738 3425 5804 exemplis
3444 5751 3548 5789 σοι»

1969 5809 2092 5863 futat
2122 5809 2499 5873 Chrysostomus.
