4074 6374
485 386 546 445 5|
1224 382 1280 438 S.
1320 379 1601 436 JOANNIS
1633 366 2067 432 CIIRYSOSTUS

2179 368 2469 425 ιιιειιιειδ.
2512 370 3045 427 CONSTANTINOP.
3690 369 3757 423 5%

491 504 759 571 prodeunt,
788 502 867 556 vel
888 515 950 553 ex
995 499 1112 553 odio
1164 507 1428 567 negantur.
1454 493 1623 548 —Ne
1654 494 1830 560 itaque
1874 485 2062 557 hujus—

487 593 627 647 modi
660 592 1024 646 maledictiont
1056 606 1152 643 nos
1175 587 1541 654 subjiciamus.
1575 584 1698 638 Ideo
1728 582 1873 637 venit
1900 580 2066 633 Filius

487 684 603 750 Dei,
631 693 686 737 ut
713 699 810 738 nos
836 683 903 736 ab
929 682 1031 735 hoc
1058 685 1204 734 cultu
1231 687 1478 740 erueret;
1526 677 1644 730 ideo
1669 673 1807 728 servi
1840 673 2064 726 formam

486 777 708 844 auerpit,
734 784 790 828 ut
819 788 916 828 nos
936 773 1003 825 ab
1034 772 1121 825 illa
1143 772 1399 825 servitute
1429 769 1717 830 liberaret;
1749 765 1867 819 ideo
1897 763 2066 832 sputis

487 876 543 922 et
573 867 812 936 colaphis
862 865 1262 931 dehonestatus,
1294 862 1417 917 ideo
1444 870 1670 915 mortem
1704 858 2065 927 turpissimam

433 974 437 985 “
487 974 672 1029 passus
698 967 799 1012 est.
826 956 923 1019 Ne,
944 970 1147 1026 qureso,
1173 955 1287 1008 hate
1316 954 1497 1009 omnia
1525 950 1730 1006 inutilia
1757 949 2062 1014 reddamus,

413 1038 431 1088 ι.
489 1066 663 1121 neque
714 1066 922 1104 turum
973 1049 1039 1102 ad
1092 1048 1370 1117 pristinam
1402 1046 1684 1100 redeamus
1716 1044 2064 1113 impietatem,

488 1146 595 1201 imo
627 1146 678 1197 in
711 1144 867 1213 longe
892 1144 1188 1213 graviorem
1218 1159 1230 1193 :
1274 1156 1379 1194 non
1408 1140 1550 1194 cnim
1580 1138 1783 1207 mqttale
1808 1146 1890 1191 est
1920 1152 2068 1189 crea-

484 1247 654 1290 turam
678 1237 871 1299 colerc,
890 1244 944 1289 et
966 1236 1135 1303 ipsum
1154 1234 1461 1286 Creatorem
1478 1232 1541 1283 ad
1560 1239 1929 1283 creaturarum
1948 1228 2066 1280 vili-

490 1336 675 1391 tatem,
708 1338 963 1394 quantum
1014 1327 1063 1379 in
1093 1325 1246 1379 nobis
1291 1334 1392 1387 est,
1425 1322 1747 1390 deprimere.
1792 1320 1922 1373 Nam
1956 1320 2067 1387 ipse

487 1427 665 1472 manet
704 1418 877 1486 qualis
915 1427 1016 1479 est,
1047 1416 1129 1469 Tu
1165 1426 1333 1468 autent
1373 1414 1506 1466 idem
1552 1414 1662 1483 ipse
1697 1429 1767 1473 es,
1792 1401 1992 1479 inquit,
2024 1416 2069 1461 et

485 1511 610 1564 anni
641 1511 715 1563 tui
762 1527 862 1563 non
898 1509 1127 1577 deficient
1176 1505 1349 1576 (l‘saf.
1394 1504 1512 1559 101.
1547 1504 1661 1573 ‘28).
1694 1503 2068 1558 Glorificemus

487 1604 644 1666 igitur
673 1617 817 1664 eum,
843 1613 975 1652 διε-ιιι
1008 1600 1312 1668 accepimus
1338 1612 1367 1649 a
1402 1597 1640 1665 patribus
1666 1614 1678 1649 :
1709 1595 2069 1665 glorificemus

486 1710 607 1747 cum
635 1704 688 1748 et
718 1694 821 1747 fide
843 1703 897 1745 et
917 1691 1201 1761 operibus,
1231 1688 1361 1742 nihil
1393 1690 1533 1743 enim
1563 1688 1721 1742 nobis
1748 1687 1812 1741 ad
1842 1687 2067 1741 salutem

489 1808 502 1853 ι
524 1798 712 1843 rosunt
740 1789 985 1858 dogmata
1011 1786 1116 1855 pia,
1136 1786 1181 1837 si
1215 1784 1321 1837 vita
1338 1783 1407 1837 sit
1424 1794 1694 1851 corrupta.
1711 1781 2068 1847 Quamobrem

491 1886 633 1939 illam
657 1882 1039 1938 concinuemus
1061 1880 1125 1933 ad
1149 1880 1240 1934 Dei
1262 1879 1531 1949 placitum,
1549 1878 1695 1931 omni
1720 1874 2067 1944 turpitudine,

490 1979 768 2051 iujustitia,
804 1977 1020 2030 avaritia
1067 1976 1223 2043 longe
1270 1973 1477 2038 abacta,
1512 1982 1781 2039 tamquam
1836 1968 2070 2037 hospites

488 2081 545 2125 et
580 2071 819 2132 advenm,
853 2074 906 2121 et
936 2083 964 2121 a
998 2066 1349 2135 praesentibus
1393 2065 1546 2133 longe
1571 2063 1749 2116 alieni.
1781 2062 1834 2117 Si
1860 2061 2071 2115 divitias

487 2162 607 2231 quis
634 2161 827 2214 multas
857 2160 1051 2213 habeat
1081 2166 1135 2211 et
1164 2157 1383 2226 prtcdia,
1414 2156 1491 2209 sic
1522 2154 1584 2207 iis
1610 2162 1809 2217 utatur,
1836 2162 1891 2205 ut
1923 2166 2073 2219 pere-

488 2253 674 2321 grinus
701 2251 790 2319 qui
836 2251 994 2319 paulo
1046 2258 1163 2318 post
1196 2248 1319 2302 velit
1350 2247 1481 2300 nolit
1512 2245 1842 2298 discessurus
1884 2253 1985 2297 est.
2015 2241 2071 2295 Si

487 2345 605 2413 quis
620 2344 685 2398 ab
702 2344 807 2396 alio
826 2343 1012 2412 injuria
1031 2341 1187 2394 lmsus
1204 2341 1302 2405 sit,
1319 2354 1385 2393 ne
1402 2338 1773 2393 immortaliter
1787 2336 2067 2398 irascatur,

491 2437 596 2488 imo
627 2450 692 2487 ne
733 2434 911 2502 aliquo
937 2432 1151 2503 quidem
1184 2442 1422 2499 tempore
1454 2448 1467 2482 :
1516 2443 1619 2482 non
1651 2428 1770 2498 plus
1800 2426 1940 2481 enim
1967 2440 2073 2478 uno

488 2526 576 2579 die
606 2525 758 2577 nobis
798 2524 862 2577 ad
897 2525 1028 2576 iram
1071 2522 1340 2576 concessit
1384 2520 1658 2588 apostolus
1688 2536 1700 2571 :
1734 2517 1845 2580 Sol,
1879 2517 2069 2586 inquit,

488 2634 589 2669 non
622 2617 816 2669 occidat
847 2632 999 2683 super
1031 2614 1351 2667 iracundiam
1381 2623 1592 2666 vestram
1630 2611 1845 2681 (Ep/tes.
1877 2612 1931 2665 4.
1953 2609 2069 2679 26).

490 2709 693 2777 Etjure
715 2708 928 2777 quidem
961 2725 973 2761 :
1015 2705 1305 2775 optandum
1342 2706 1537 2775 quippe
1566 2712 1670 2768 est,
1696 2712 1750 2757 et
1775 2704 1858 2755 vix
1892 2702 2069 2755 caveri

490 2809 688 2868 potest,
721 2809 774 2851 ut
804 2816 867 2851 ne
896 2799 950 2851 in
1000 2807 1104 2850 tam
1152 2796 1361 2850 modico
1410 2796 1580 2865 spatio
1609 2795 1734 2866 quid
1786 2795 2070 2848 molestum

488 2889 711 2945 accidat.
740 2889 797 2943 Si
821 2898 997 2943 autem
1027 2904 1132 2942 nox
1164 2903 1259 2941 nos
1284 2887 1666 2958 apprehendat,
1688 2902 1773 2941 res
1801 2887 2073 2954 graviores

488 2984 743 3047 evadunt,
775 2983 1030 3035 memoria
1076 2982 1340 3049 ingentem
1372 2980 1524 3035 nobis
1562 2982 1735 3047 ignem
1767 2979 2068 3049 colligente,

490 3075 748 3144 uobisque
779 3089 873 3143 per
920 3072 1177 3143 temporis
1223 3072 1451 3141 spatium
1502 3071 1617 3125 lucc
1646 3070 1889 3125 acerbius
1919 3085 2072 3123 scru-

488 3167 745 3221 nmtibus.
805 3168 1105 3235 Antequam
1135 3180 1264 3235 ergo
1294 3166 1458 3219 otium
1509 3164 1811 3233 hujusmodi
1842 3178 2073 3230 occupe-

488 3274 628 3324 mus,
659 3268 713 3312 et
758 3258 1212 3312 vehementiorem
1268 3255 1624 3311 accendamus
1674 3271 1894 3325 rogum,
1924 3256 2074 3323 jubet

489 3350 689 3404 malum
713 3358 1055 3419 prmvertere,
1085 3357 1140 3403 et
1168 3348 1528 3417 exstinguere.
1550 3347 1852 3401 Vehemens
1877 3347 2075 3416 quippe

489 3452 573 3496 est
603 3444 694 3496 irae
728 3452 925 3505 motus,
957 3442 1208 3509 omnique
1240 3442 1450 3494 flamma
1478 3442 1702 3494 acutius.
1732 3440 1855 3495 ldeo
1880 3441 2074 3495 celeri-

493 3545 599 3589 tate
630 3535 788 3589 multa
818 3534 970 3589 nobis
996 3543 1077 3588 est
1106 3548 1257 3603 opus,
1289 3545 1345 3585 ut
1367 3532 1633 3587 flammam
1665 3543 2071 3602 prmvertamus,

494 3643 591 3681 nec
612 3627 848 3681 sinamus
874 3641 1173 3696 assurgere.
1199 3624 1298 3679 Hic
1323 3624 1517 3694 quippe
1544 3626 1759 3678 morbus
1785 3625 2072 3678 multorum

490 3734 647 3772 causa
680 3721 939 3774 malorum
971 3719 1219 3773 efficitur.
1256 3719 1449 3771 Demos
1492 3720 1633 3772 enim
1689 3727 1827 3772 totas
1858 3719 2069 3779 evertit,

490 3823 702 3866 veteres
750 3811 908 3865 solvit
950 3811 1383 3875 consuetudines,
1416 3825 1520 3862 non
1566 3810 1922 3864 consolabiles
1964 3821 2073 3864 tra-

489 3904 694 3972 goedias
723 3903 871 3957 brevi
913 3919 1150 3972 tempore
1190 3918 1253 3955 ac
1300 3910 1572 3955 momento
1599 3904 1754 3970 parit.
1790 3901 1921 3955 Nam
1953 3901 2073 3955 Μο-

489 4008 712 4050 ntrutum
739 3998 927 4068 [ureris
952 3998 1080 4067 ejus,
1112 3998 1261 4049 ruina
1285 3997 1396 4067 ejus
1436 3995 1620 4064 (Eccli.
1651 3998 1704 4049 1.
1732 3995 1849 4063 2‘2),
1881 3995 2070 4063 inquit.

490 4087 567 4143 Ne
597 4089 773 4158 itaque
812 4087 978 4142 feram
1025 4088 1161 4142 hanc
1208 4088 1324 4143 sine
1373 4089 1524 4143 freno
1572 4089 1829 4154 sinamus,
1858 4087 1951 4141 sed
1981 4101 2074 4140 ca-

493 4196 636 4233 mum
666 4180 765 4249 ipsi
788 4180 1021 4249 undique
1050 4179 1421 4245 fortissimum,
1445 4179 1604 4234 futuri
1631 4181 1815 4250 judicii
1846 4190 2069 4247 metum,

490 4276 807 4344 injiciamus.
835 4272 967 4329 Cum
991 4284 1043 4328 te
1071 4274 1274 4329 amicus
1295 4274 1515 4341 laeserit,
1534 4285 1625 4328 aut
1650 4274 1922 4327 familiaris
1943 4288 2071 4328 con-

494 4369 765 4433 citaverit,
794 4370 970 4438 cogita
1017 4377 1215 4438 quanta
1264 4383 1391 4437 erga
1442 4366 1610 4422 Deum
1665 4367 1994 4437 peccaveris,
2020 4374 2075 4419 et

496 4462 769 4531 perpende
800 4471 851 4515 te
882 4461 926 4514 si
957 4459 1285 4515 moderatius
1315 4474 1437 4513 cum
1464 4460 1554 4513 illo
1584 4474 1731 4528 agas,
1777 4459 1956 4513 mitius
1978 4457 2074 4511 tibi

487 4554 745 4624 judicium
773 4553 898 4607 illttd
930 4554 1276 4606 constituere.
1294 4551 1429 4606 Nam
1455 4552 1550 4617 ait,
1581 4550 1808 4619 Dimitte,
1832 4561 1879 4604 et
1905 4551 2076 4603 dimit-

491 4656 623 4699 tetur
648 4645 783 4699 vobis
813 4644 961 4715 (Luc.
999 4644 1053 4698 6.
1085 4645 1211 4716 '57);
1258 4644 1544 4712 statimque
1571 4644 1789 4696 morbus
1816 4642 2071 4708 aufugiet.

491 4738 571 4792 Ad
598 4736 712 4791 haec
738 4736 1045 4791 consideres
1071 4736 1255 4800 velim,
1285 4750 1412 4790 num
1445 4734 1730 4805 aliquando
1761 4735 1811 4787 in
1840 4733 2073 4788 furorem

494 4838 665 4893 actus,
701 4838 753 4883 te
777 4829 1141 4893 contiuueris;
1175 4838 1227 4883 et
1253 4844 1378 4881 num
1406 4827 1693 4896 aliquando
1723 4826 1882 4880 etiam
1909 4826 1976 4880 ab
1998 4827 2074 4879 ira

491 4923 745 4991 abreptus
788 4921 993 4975 fueris:
1028 4930 1373 4989 utrorumque
1410 4919 1807 4988 comparatione
1863 4926 2073 4987 tempo-

494 5030 634 5079 rum,
665 5012 731 5067 ad
761 5013 1186 5068 emendationem
1240 5011 1395 5066 valde
1438 5010 1726 5079 juvaberis.
1782 5010 1876 5065 Dic
1929 5012 2072 5065 enim

492 5107 645 5171 mihi,
675 5105 1013 5175 quandonam
1046 5108 1270 5174 teipsum
1299 5103 1546 5167 laudasti,
1569 5118 1689 5158 cum
1718 5103 1786 5157 ab
1808 5104 1885 5157 ira
1914 5117 2073 5172 supe-

491 5213 638 5256 ratus
667 5214 748 5265 es,
773 5214 839 5253 an
866 5214 986 5252 eum
1018 5196 1318 5277 superasti?
1358 5196 1549 5249 Annon
1574 5210 1693 5249 cum
1722 5195 1951 5263 primum
1983 5209 2072 5247 ac-

490 5295 640 5359 cidit,
666 5308 763 5347 nos
790 5292 1134 5347 vehementer
1154 5289 1480 5354 incusamus,
1498 5288 1883 5352 erubescimus,
1907 5286 2071 5341 etiam

492 5385 710 5439 nemine
738 5391 1015 5453 arguente,
1042 5397 1105 5435 ac
1152 5382 1316 5434 multa
1350 5396 1450 5435 nos
1475 5393 1528 5435 et
1555 5380 1840 5435 verborum
1885 5386 1940 5433 et
1979 5393 2075 5448 ge.

494 5491 692 5534 sturum
741 5476 885 5532 subit
932 5474 1278 5547 paenitentia?
1329 5489 1451 5528 cum
1496 5482 1671 5528 autem
1716 5488 2067 5540 superamus,

489 5571 801 5635 gaudemus,
852 5578 907 5624 et
956 5569 1106 5638 quasi
1153 5568 1385 5621 victores
1429 5564 1793 5620 exsultamus?
1836 5565 2068 5618 Victoria

490 5663 632 5715 extim
680 5671 870 5715 contra
904 5661 1036 5715 iram
1068 5669 1169 5725 est,
1200 5674 1305 5713 non
1337 5673 1456 5712 cum
1506 5672 1601 5725 par
1632 5656 1743 5725 pari
1789 5655 2071 5709 referimus

491 5753 640 5820 (tunc
681 5752 877 5821 quippe
924 5761 1162 5806 extrema
1213 5750 1391 5806 clades
1440 5749 1576 5817 est),
1608 5746 1701 5802 sed
1747 5761 1869 5800 cum
1916 5759 2071 5814 :equo

495 5846 671 5901 animo
700 5848 880 5901 omnia
922 5847 1151 5916 patimur
1180 5855 1233 5902 et
1276 5843 1535 5901 audimus.
1589 5842 1703 5899 lloc
1743 5839 1935 5912 quippe
1986 5846 2068 5897 est

2179 485 2508 550 superiorem
2541 502 2681 550 esse,
2711 504 2815 541 non
2864 489 2999 542 mala
3048 486 3267 550 inferre,
3296 486 3388 541 sed
3438 487 3577 540 mala
3626 488 3751 554 pati.

2176 574 2306 630 Cum
2355 579 2601 632 irasceris
2647 580 2826 650 igitur,
2873 595 2938 633 ne
2988 579 3177 633 dicas:
3221 579 3448 634 Prorsus
3499 579 3752 632 obsistam

2176 684 2296 737 ego,
2326 685 2546 739 prorsus
2575 672 2768 724 irruam
2801 673 2851 725 in
2883 672 3029 726 illum
3058 689 3070 723 :
3114 687 3285 740 neque
3326 670 3663 725 monentibus
3701 680 3757 723 ut

2176 762 2307 814 iram
2339 761 2591 817 cohibens
2623 764 2821 817 dixeris
2856 783 2867 817 :
2912 763 3027 818 Non
3070 762 3241 831 patiar
3268 772 3323 816 ut
3354 772 3628 831 postquam
3668 763 3756 815 ilie

2176 852 2305 905 mihi
2339 852 2585 917 illuserit,
2615 853 2829 923 impune
2852 854 3026 907 abeat.
3061 852 3243 920 Neque
3271 853 3413 906 enim
3445 861 3497 905 te
3526 867 3753 920 unquam

2177 944 2437 1007 irridebit,
2471 946 2574 999 nisi
2601 944 2813 1013 quando
2840 944 2905 999 ad
2934 943 3218 998 vindictam
3248 952 3296 997 te
3321 942 3643 995 contuleris:
3674 941 3754 994 sin

2177 1044 2229 1090 te
2257 1037 2567 1105 quiescente
2616 1036 2873 1100 irriserit,
2907 1044 2965 1088 ut
2994 1035 3187 1088 stultus
3235 1033 3286 1087 id
3335 1041 3471 1102 aget.
3508 1033 3587 1086 Tu
3630 1048 3757 1086 vero

2176 1142 2295 1181 cum
2329 1128 2539 1191 viceris,
2561 1144 2628 1182 ne
2656 1143 2860 1197 qureras
2890 1127 3114 1197 gloriam
3144 1142 3171 1176 a
3202 1126 3398 1191 stultis,
3421 1124 3511 1178 sed
3540 1140 3601 1179 ea
3629 1139 3759 1177 cono

2176 1228 2355 1273 tentus
2380 1230 2513 1283 esto,
2547 1234 2705 1289 quam
2730 1234 2759 1272 a
2787 1219 3115 1286 sapientibus
3146 1217 3467 1284 assequeris.
3501 1216 3610 1269 lmo
3631 1231 3757 1268 vero

2175 1326 2272 1365 cur
2300 1311 2396 1365 tibi
2453 1326 2676 1380 parvum
2720 1310 2847 1364 illud
2896 1325 2959 1364 ac
3010 1310 3116 1364 vile
3169 1309 3431 1363 theatrum
3483 1308 3757 1361 hominum

2175 1404 2483 1456 constituo?
2512 1402 2590 1455 Ad
2620 1403 2783 1456 Deum
2812 1401 2989 1455 statim
3016 1400 3247 1469 respice,
3278 1411 3330 1453 et
3359 1400 3471 1466 ipse
3503 1408 3551 1452 te
3579 1398 3759 1453 lauda-

2175 1494 2291 1547 bit:
2322 1509 2428 1562 quo
2455 1493 2705 1547 laudante
2732 1507 2889 1545 nemo
2919 1491 3077 1546 debet
3106 1491 3172 1545 ab
3205 1491 3508 1545 hominibus
3533 1490 3756 1560 gloriam

2176 1600 2436 1655 qumrere.
2467 1584 2754 1639 liominum
2783 1585 2977 1653 quippe
3003 1583 3188 1637 laudes
3230 1583 3541 1651 plerumque
3578 1583 3662 1636 vel
3692 1598 3759 1637 ex

2176 1677 2344 1745 gratia
2376 1675 2659 1745 prodeunt,
2682 1678 2764 1729 vel
2793 1691 2859 1729 ex
2884 1674 3007 1728 odio
3038 1685 3331 1742 negantur;
3363 1673 3599 1744 nihilque
3628 1674 3758 1729 lucri

2178 1767 2434 1821 afferunt:
2464 1768 2555 1820 Dei
2583 1782 2710 1821 vero
2734 1766 2988 1836 judicium
3016 1764 3115 1819 hac
3147 1766 3557 1833 inmquabilitate
3583 1775 3757 1831 vacat,

2181 1860 2508 1928 multamque
2532 1859 2743 1913 laudato
2769 1857 2925 1912 affert
2964 1856 3265 1911 utilitatem.
3296 1857 3444 1911 Hanc
3465 1857 3622 1926 igitur
3643 1856 3758 1910 lau-

2178 1952 2299 2005 dem
2334 1966 2641 2018 sequamur.

2250 2044 2300 2097 5.
2331 2042 2416 2096 Ea:
2431 2042 2663 2095 iracundi
2686 2042 2922 2110 imagine,
2953 2051 3195 2110 quantum
3223 2042 3413 2094 malum
3441 2042 3504 2095 sit
3531 2041 3608 2093 ira
3639 2057 3759 2108 prec

2178 2133 2343 2185 batur.
2378 2132 2564 2187 Contra
2594 2149 2676 2186 eos
2705 2133 2791 2202 qui
2818 2132 3159 2201 superstitiose
3203 2142 3428 2200 tempora
3477 2131 3761 2185 observant.

2178 2255 2249 2263 —
2276 2225 2433 2279 Visne
2460 2224 2666 2278 discere
2698 2235 2951 2293 quantum
2999 2225 3067 2277 sit
3113 2224 3309 2277 malum
3364 2224 3475 2277 ira?
3517 2224 3761 2278 Praesens

2178 2326 2295 2371 esto
2324 2315 2448 2369 dum
2480 2316 2567 2370 alii
2596 2316 2837 2370 rixantur
2875 2316 2924 2369 in
2957 2314 3096 2369 foro.
3130 2315 3313 2384 Neque
3338 2317 3480 2371 enim
3512 2316 3560 2368 in
3593 2317 3761 2384 teipso

2180 2408 2558 2477 turpitudinem
2612 2408 2755 2462 illam
2802 2417 2905 2461 tam
2955 2408 3108 2462 facile
3143 2408 3546 2476 deprehendes,
3582 2410 3761 2460 animo

2180 2515 2373 2568 nempe
2406 2506 2533 2553 tunc
2560 2498 2794 2553 tenebris
2820 2506 2877 2552 et
2905 2498 3163 2551 ebrietate
3202 2498 3484 2562 obvoluto;
3517 2498 3608 2551 sed
3641 2513 3761 2551 cum

2181 2592 2257 2646 ira
2286 2606 2481 2645 vacuus
2506 2609 2567 2646 cs
2587 2633 2601 2658 ,
2628 2602 2752 2645 tunc
2785 2592 2834 2644 in
2863 2591 2982 2644 aliis
3010 2602 3094 2644 tua
3123 2592 3521 2660 contemplare;
3549 2590 3763 2659 quando

2175 2684 2431 2753 judicium
2460 2694 2608 2738 tuum
2638 2694 2948 2753 corruptum
2981 2699 3085 2737 non
3112 2693 3212 2737 est.
3244 2683 3376 2737 Vide
3400 2683 3525 2736 mihi
3552 2684 3763 2737 turbam

2180 2775 2659 2838 circumfluentem,
2700 2785 2754 2829 et
2800 2776 2984 2841 iratos,
3032 2789 3095 2829 ac
3131 2775 3174 2828 si
3206 2775 3459 2839 furerent,
3509 2774 3557 2827 in
3589 2775 3763 2827 medio

2182 2871 2408 2938 turpiter
2443 2876 2675 2938 agentes.
2704 2867 2835 2922 Cum
2865 2868 3003 2920 enim
3032 2868 3107 2920 ira
3137 2868 3187 2920 in
3221 2877 3435 2934 pectore
3465 2864 3760 2920 effem-scit

2180 2973 2234 3015 et
2264 2960 2546 3027 efferatur,
2576 2976 2636 3015 os
2662 2961 2836 3030 ignem
2866 2961 3060 3029 spirat,
3094 2960 3233 3013 oculi
3272 2960 3443 3028 ignem
3477 2959 3763 3023 emittunt,

2183 3052 2396 3107 inflatur
2424 3051 2657 3121 undique
2699 3053 2902 3115 vultus,
2947 3050 3299 3119 incomposite
3337 3066 3524 3103 manus
3554 3050 3764 3118 jactan-

2184 3154 2288 3212 tur,
2321 3146 2544 3200 ridicule
2574 3144 2738 3214 pedes
2769 3145 3054 3211 exsiliunt,
3089 3154 3141 3197 et
3172 3144 3429 3197 insultant
3456 3144 3599 3197 litem
3631 3142 3764 3195 diri-

2182 3252 2331 3291 mere
2368 3237 2714 3301 conantibus;
2762 3235 2891 3289 nihil
2920 3236 3038 3288 irati
3068 3234 3323 3289 difl'erunt
3365 3250 3392 3286 a
3424 3233 3721 3288 furentibus
3744 3276 3761 3298 ,

2181 3345 2303 3385 Cum
2336 3329 2448 3383 haec
2478 3329 2656 3383 omnia
2701 3330 2845 3383 nullo
2891 3328 3095 3397 prmditi
3143 3342 3303 3381 sensu
3335 3336 3625 3395 peragunt;
3659 3326 3766 3379 imo

2182 3442 2249 3479 ne
2275 3426 2343 3480 ab
2367 3425 2531 3479 asinis
2556 3424 2872 3493 agrestibus,
2897 3423 3253 3485 calcitrantes,
3280 3420 3603 3474 mordentes.
3627 3420 3767 3474 Sane

2182 3518 2264 3570 vir
2292 3515 2577 3570 iracundus
2603 3513 2842 3568 modeste
2869 3528 3031 3582 agere
3060 3512 3247 3566 nescit.
3277 3510 3476 3564 Deinde
3499 3519 3618 3578 post
3644 3520 3763 3561 tan-

2184 3620 2293 3663 tum
2334 3609 2620 3663 excitatura
2647 3609 2843 3672 risum,
2876 3606 2965 3658 ttbi
2993 3604 3207 3658 domum
3252 3602 3538 3663 redierint,
3591 3601 3655 3654 ad
3708 3616 3768 3655 se

2183 3701 2387 3754 reversi
2410 3741 2424 3764 ,
2454 3698 2641 3753 dolore
2667 3697 2822 3752 simul
2851 3712 2914 3750 ac
2941 3707 3086 3750 metu
3113 3695 3378 3763 agitantur
3403 3712 3418 3757 ;
3442 3692 3622 3745 animo
3650 3693 3767 3745 vol-

2179 3807 2407 3861 ventes,
2448 3795 2662 3864 quinam
2713 3794 2841 3845 rixa:
2870 3799 3162 3861 praesentes
3208 3787 3426 3841 fuerint.
3475 3787 3766 3854 Postquam

2181 3890 2321 3943 enim
2350 3894 2447 3943 c'eu
2476 3886 2712 3940 furentes
2740 3886 2805 3938 de
2831 3882 3195 3953 spectantibus
3221 3881 3352 3933 nihil
3378 3880 3764 3949 cogitaverant,

2180 3981 2555 4050 resipiscentes
2602 3986 2785 4046 postea
2834 3991 3013 4029 secum
3063 3982 3347 4043 reputant,
3398 3987 3524 4025 num
3570 3971 3763 4033 amici,

2182 4090 2308 4128 num
2340 4072 2537 4127 inimici
2565 4079 2894 4141 spectatores
2924 4068 3139 4122 fuerint.
3167 4066 3300 4120 Nam
3333 4064 3550 4135 perinde
3583 4073 3759 4117 utros~

2182 4181 2287 4234 que
2318 4172 2597 4227 metuunt;
2632 4162 2751 4215 illos
2772 4203 2786 4227 ,
2830 4169 2888 4214 ut
2913 4175 2971 4214 se
3010 4157 3374 4227 improbantes
3404 4156 3766 4224 majoremque

2181 4258 2470 4313 inferentes
2496 4256 2781 4326 pudorem;
2816 4253 2945 4318 hos,
2980 4261 3038 4305 ut
3064 4251 3131 4305 de
3157 4266 3251 4305 sua
3283 4249 3611 4319 turpitudine
3639 4263 3766 4318 gau-

2179 4354 2389 4409 dentes.
2421 4351 2573 4419 Quod
2617 4352 2660 4404 si
2707 4349 2772 4404 ad
2816 4349 2996 4418 plagas
3026 4360 3193 4415 usque
3241 4354 3451 4398 mutuas
3494 4343 3605 4396 rixa
3638 4357 3765 4412 pro-

2182 4447 2402 4514 ruperit,
2439 4453 2549 4497 tum
2579 4450 2756 4495 metus
2784 4441 3016 4509 gravior,
3048 4452 3114 4491 ne
3145 4434 3268 4505 quid
3302 4434 3537 4489 deterius
3565 4433 3760 4487 verbe-

2179 4547 2294 4593 rato
2322 4535 2562 4601 accidat,
2610 4548 2679 4588 ne
2724 4532 3054 4599 subsequens
3084 4528 3247 4583 febris
3276 4536 3501 4580 mortem
3534 4525 3722 4579 inferat
3745 4566 3763 4589 ,

2179 4629 2265 4685 vel
2306 4638 2481 4683 tumor
2527 4635 2713 4679 curatu
2754 4622 2985 4677 difficilis
3026 4621 3079 4674 in
3125 4630 3421 4674 extremum
3470 4617 3765 4687 periculum

2184 4722 2452 4791 conjiciat.
2495 4717 2632 4787 Quid
2678 4717 2820 4770 enim
2871 4713 3001 4768 mihi
3050 4728 3223 4782 pugna
3277 4725 3410 4779 opus
3455 4708 3608 4763 erat?
3637 4708 3763 4777 quid

2180 4814 2518 4869 contumeliis
2544 4821 2598 4866 et
2617 4811 2788 4864 rixis?
2818 4814 3039 4879 pereant
3071 4814 3125 4859 et
3151 4805 3264 4857 tunc
3289 4812 3343 4856 et
3370 4802 3479 4855 illa.
3510 4802 3767 4871 Tuncque

2180 4908 2429 4961 omnibus
2460 4905 2607 4959 hisce
2636 4901 2792 4956 ﬂttxis
2820 4898 2980 4954 rebus
3022 4896 3377 4959 maledicunt,
3408 4908 3527 4962 qua:
3556 4892 3762 4945 rixandi

2178 5016 2338 5057 causa
2367 5000 2532 5053 fuere.
2565 4994 2966 5064 lnsipientiores
3007 5004 3136 5044 vero
3170 4997 3225 5043 et
3267 4986 3525 5053 malignos
3556 4984 3762 5038 daemo-

2178 5108 2310 5157 nas,
2352 5101 2405 5144 et
2446 5090 2631 5143 horam
2682 5095 2996 5154 tempusque
3025 5081 3395 5135 criminantur.
3431 5077 3624 5131 Verum
3653 5091 3762 5130 non

2185 5185 2313 5239 hora
2346 5182 2482 5236 mala
2528 5181 2578 5234 in
2620 5193 2779 5233 causa
2824 5184 2938 5241 est;
2991 5174 3132 5227 nulla
3175 5171 3369 5241 quippe
3414 5168 3543 5222 hora
3576 5168 3759 5221 mala:

2178 5294 2351 5347 neque
2374 5275 2486 5330 hazc
2522 5290 2551 5328 a
2579 5273 2813 5342 maligno
2842 5270 3085 5323 dmmone
3111 5266 3541 5336 proficiscuntur,
3569 5262 3660 5316 sed
3690 5277 3759 5316 ex

2178 5369 2412 5440 nequitia
2464 5367 2768 5420 rixantium.
2803 5362 2867 5416 Hi
2911 5374 3138 5429 namque
3181 5368 3235 5411 et
3273 5358 3545 5411 daemonas
3590 5364 3760 5409 attra-

2177 5465 2333 5529 hunt,
2361 5469 2415 5516 et
2446 5460 2547 5514 sibi
2579 5459 2709 5528 ipsis
2738 5455 2874 5511 mala
2905 5452 3155 5509 inferunt.
3184 5449 3286 5504 Sed
3317 5464 3409 5503 cor
3431 5448 3757 5512 intumescit,

2178 5556 2384 5626 inquies
2408 5596 2422 5621 ,
2456 5565 2510 5607 et
2534 5567 2565 5606 a
2592 5547 2932 5605 contumeliis
2959 5541 3269 5599 mordetur?
3294 5540 3348 5593 Id
3381 5548 3435 5593 et
3457 5554 3555 5607 ego
3582 5539 3704 5591 novi
3738 5556 3754 5593 :

2178 5651 2403 5719 ideoque
2432 5647 2598 5700 miror
2625 5657 2717 5698 eos
2746 5642 2835 5711 qui
2877 5638 3074 5711 malam
3106 5633 3244 5687 hanc
3289 5630 3453 5685 feram
3481 5640 3754 5685 coercent.

2177 5744 2231 5799 Si
2268 5743 2408 5799 enim
2449 5740 2673 5794 velimus
2697 5777 2712 5801 ,
2744 5745 3024 5803 possumus
3051 5727 3292 5783 morbum
3325 5723 3612 5793 depellere.
3646 5720 3758 5776 Cur

2179 5837 2317 5893 cuitu
2347 5850 2464 5890 cum
2496 5830 2759 5902 principes
2788 5825 2884 5880 viri
2909 5837 3001 5879 nos
3030 5820 3355 5876 contumelia
3389 5814 3629 5870 afﬁciunt
3656 5854 3671 5880 ,
3703 5813 3755 5867 id
