4074 6374
547 379 618 437 53
1250 376 1307 430 S.
1346 374 1630 431 105Nle
1666 374 2148 434 CHRYSOSTOMI
2182 376 2504 435 ARCHIEP.
2530 379 3078 437 CONSTANTINOP.
3724 387 3795 443 5-6

549 501 720 563 ἐστιν,
754 498 833 552 ὅτι
864 500 956 553 καὶ
978 500 1134 569 νικᾷν
1160 493 1405 565 οἰόμεθα,
1431 494 1529 562 τὴν
1564 493 1800 564 ἐσχάτην
1824 488 1995 565 ἧτταν
2024 494 2121 563 ητ-

542 588 777 653 τὼμενοι
809 584 902 637 καὶ
939 582 1182 652 κείμενοι
1238 580 1413 643 κάτω,
1461 578 1559 632 καὶ
1606 578 1807 648 μυρίας
1840 577 2120 647 δεχόμενοι

544 666 759 736 πληγάς
792 667 944 735 παρά
974 665 1069 719 τοῦ
1116 663 1391 727 διαϐόλου,
1434 664 1655 732 κρατεῖν
1701 659 1867 713 αὐτοῦ
1902 659 2119 730 νομίζο-

547 768 667 818 μεν.
691 751 801 815 Διὸ,
840 747 1166 820 παρακαλῶ,
1196 746 1455 817 μάθωμεν
1478 746 1561 808 τίς
1592 745 1691 813 τῆς
1722 745 1877 812 νίκης
1917 743 2121 812 ταύτης

542 834 571 885 ὁ
595 838 815 905 τρόπος,
842 834 938 886 καὶ
966 831 1125 885 τοῦτο
1164 829 1438 900 μετίωμεν
1463 827 1555 879 τοῦ
1589 827 1791 898 τρόπου
1834 828 1897 879 τὸ
1953 822 2120 889 εἶδος.

541 914 616 969 Τὸ
641 915 749 986 γὰρ
787 915 981 968 παθεῖν
1012 911 1217 974 κακῶς,
1265 910 1423 965 τοῦτό
1457 912 1572 964 ἐστι
1610 910 1671 961 τὸ
1702 908 2114 977 στεφανοῦσθαι.

538 996 603 1049 Εἰ
632 998 809 1051 τοίνυν
855 995 1155 1067 βουλόμεθα
1188 996 1283 1047 καὶ
1337 994 1498 1063 ἡμεῖς
1547 992 1931 1063 ἀναρρηθῆναι
1967 990 2119 1060 παρά

538 1080 632 1134 τοῦ
667 1081 825 1145 Θεοῦ,
865 1081 940 1151 μὴ
985 1080 1082 1133 τὸν
1134 1077 1242 1131 τῶν
1294 1076 1494 1140 ἔξωθεν
1541 1076 1788 1143 ἀγώνων,
1841 1074 1976 1127 ἀλλὰ
2026 1075 2119 1125 τὸν

538 1164 689 1236 παρὰ
717 1164 812 1218 τοῦ
846 1162 982 1219 Θεοῦ
1024 1163 1189 1234 νόμον
1247 1160 1610 1231 φυλάττωμεν
1654 1161 1715 1212 ἐν
1756 1160 1868 1220 τοῖς
1929 1156 2121 1210 παλαί-

2221 512 2389 563 σμασι
2418 495 2646 560 τούτοις,
2670 497 2763 549 καὶ
2788 498 2846 549 τὸ
2869 510 2894 537 α
2926 499 3102 553 πάντα
3128 499 3314 570 φέρειν
3348 502 3484 571 μετὰ
3519 505 3796 577 μακροθυ-

2223 578 2374 648 μίας.
2405 578 2561 631 υῦτω
2594 580 2701 649 γάρ
2736 580 2828 633 καὶ
2858 581 2964 633 τῶν
2998 582 3332 635 παλαιόντων
3363 588 3792 658 περιγινωμεθα,

2220 661 2442 714 καὶτῶν
2463 662 2717 728 ἐνταῦθα,
2743 664 2968 717 καὶτῶν
2996 666 3421 737 ἐπηγγελμένων
3447 671 3794 741 ἐπιτύχωμεν

2219 744 2460 811 ἀγαθῶν,
2489 745 2671 822 χάριτι
2706 748 2799 799 καὶ
2838 747 3216 820 φιλανθρωπίᾳ
3241 750 3331 803 τοῦ
3380 753 3585 823 Κυρίου
3629 753 3786 823 ἡμῶν

2232 826 2406 910 Ἰησοῦ
2428 828 2688 910 Χριστοῦ,
2711 828 2775 881 δι’
2806 825 2865 883 οῦ
2890 831 2983 883 καὶ
3011 832 3128 901 μεθ’
3151 829 3211 884 οῦ
3239 832 3316 903 τῷ
3334 835 3528 903 Πατρὶ,
3563 834 3679 904 ἅμα
3709 837 3789 910 τῷ

2224 909 2364 981 ἁγίῳ
2422 906 2723 981 Πνεύματι,
2762 912 2908 977 δόξα,
2964 914 3185 985 κράτος,
3222 917 3376 987 τιμὴ,
3419 917 3513 970 νῦν
3549 921 3642 971 καὶ
3682 906 3793 985 ἀει,

2224 996 2317 1047 καί
2348 996 2427 1059 εἰς
2455 997 2582 1059 τοὺς
2604 995 2806 1059 αἰῶνας
2838 997 2947 1049 τῶν
2968 997 3199 1052 αἰώνων.
3236 1000 3427 1071 ’Λμην.

2287 1167 2313 1195 ⁸
2338 1165 2419 1215 Sic
2448 1166 2598 1215 Savil.
2635 1171 2691 1215 el.
2709 1180 2822 1215 mss.
2845 1167 3063 1229 quidam,
3085 1168 3255 1219 Morel.
3278 1173 3465 1235 καὶτῷ.

1964 1542 2209 1597 ΟΜΙΛΙΛ
2244 1541 2317 1596 Ε’.

534 1665 741 1721 Πάντα
764 1665 840 1722 δι’
862 1666 1049 1719 αὐτοῦ
1074 1665 1331 1733 ἐγένετο,
1355 1664 1453 1719 καὶ
1475 1665 1656 1733 χωρὶς
1673 1662 1861 1719 αὐτοῦ
1880 1660 2117 1731 ἐγένετο

1031 1734 1174 1789 οὐδὲ
1206 1736 1275 1789 ἓν
1297 1736 1327 1789 ὂ
1359 1734 1624 1805 γέγονεν.

605 1832 674 1885 α’.
709 1831 946 1900 Μωῦσῆς
986 1837 1085 1900 μὲν
1129 1831 1428 1901 ἀρχόμενος
1465 1831 1567 1899 τῆς
1610 1828 1847 1899 ἱστορίας
1887 1828 1981 1881 καὶ
2018 1826 2117 1893 τῆς

536 1914 859 1984 συγγραφῆς
885 1915 982 1984 τῆς
999 1916 1055 1966 ὲν
1074 1918 1140 1985 τῇ
1162 1914 1393 1984 Παλαιᾷ,
1425 1914 1553 1984 περὶ
1574 1913 1679 1966 τῶν
1696 1909 1970 1980 αἰσθητῶν
1987 1910 2117 1978 ἡμῖν

535 1999 863 2065 διαλέγεται,
888 1998 979 2049 καὶ
1009 1998 1177 2049 ταῦτα
1204 1996 1595 2067 ἀπαριθμεῖται
1620 1995 1707 2048 διὰ
1734 1992 1943 2046 πολλῶν
1966 2008 1978 2020 '
2016 1992 2118 2046 Ἐν

534 2080 693 2151 ἀρχῇ
723 2081 852 2150 γὰρ,
902 2081 1091 2150 φησιν,
1122 2080 1415 2146 ἐποίησεν
1450 2082 1481 2132 ὀ
1514 2078 1661 2143 Θεὸς
1703 2078 1810 2131 τὸν
1859 2075 2117 2143 οὐρανὸν

535 2164 637 2218 καὶ
688 2163 803 2232 τὴν·
843 2161 993 2233 γῆν*
1030 2159 1151 2216 εἶτα
1205 2162 1400 2230 ἐπάγει
1456 2162 1538 2215 ὅτι
1578 2162 1672 2215 καὶ
1717 2163 1832 2227 φῶς
1875 2160 2111 2227 ἐγένετο,

533 2248 631 2300 καὶ
666 2246 915 2316 δεύτερος
938 2246 1184 2316 οὐρανὸς,
1222 2247 1317 2297 καὶ
1355 2246 1600 2314 ἀστέρων
1627 2244 1806 2313 φύσις,
1841 2243 1935 2295 καὶ
1980 2260 2115 2295 παν-

532 2329 743 2384 τοδαπά
774 2331 906 2399 γένη
940 2328 1115 2393 ζώων,
1139 2330 1232 2382 καὶ
1258 2329 1327 2381 τά
1344 2328 1478 2383 ἄλλα
1504 2330 1701 2390 πάντα,
1751 2328 1836 2379 ἵνα
1876 2328 1949 2397 μὴ
1991 2326 2112 2379 καθ’

532 2415 762 2466 ἕκαστον
791 2412 1097 2476 ἐπεξιόντες
1119 2412 1499 2482 παρέλκωμεν.
1552 2412 1609 2463 Ὀ
1634 2411 1691 2464 δὲ
1720 2409 2114 2477 εὑαγγελιστὴς

531 2493 707 2558 οὗτος,
739 2496 957 2548 ἅπαντα
990 2494 1290 2563 συντεμὼν,
1322 2496 1380 2547 ἐν
1420 2495 1626 2565 ῥήματι
1659 2492 2055 2564 περιλαμϐάνει
2082 2503 2109 2530 ι

530 2579 716 2633 ἐκεῖνά
750 2597 807 2632 τε
832 2579 924 2632 καὶ
951 2579 1019 2631 τὰ
1050 2580 1272 2632 ἐκείνων
1296 2577 1544 2648 ἀνώτερα
1570 2594 1582 2608 ·
1614 2578 1858 2641 εἰκότως,
1894 2575 1987 2630 ἅτε
2016 2576 2111 2628 καὶ

531 2663 785 2733 γνώριμα
817 2662 944 2714 ὄντα
960 2665 1073 2725 τοῖς
1101 2662 1385 2723 ἀκούουσι,
1425 2663 1521 2714 καὶ
1563 2662 1656 2713 ἐπὶ
1695 2659 1917 2730 μείζονα
1955 2660 2109 2711 ἐπει-

529 2747 759 2817 γόμενος
781 2746 1057 2807 ὑπόθεσιν,
1090 2747 1183 2798 καὶ
1216 2747 1395 2798 πᾶσαν
1448 2744 1549 2815 τὴν
1592 2744 1979 2814 πραγματείαν
2022 2745 2108 2796 ἐν-

530 2830 890 2900 στησάμενος,
914 2830 976 2882 οὐ
1016 2830 1143 2899 περὶ
1169 2828 1275 2882 τῶν
1310 2828 1507 2898 ἔργων,
1546 2827 1681 2881 ἀλλά
1711 2829 1839 2897 περὶ
1875 2828 1967 2880 τοῦ
1998 2830 2104 2898 Δη-

534 2913 797 2984 μιουργοῦ
831 2915 926 2966 καὶ
966 2913 1142 2965 πάντα
1177 2914 1589 2984 παραγαγόντος
1622 2914 1646 2952 b
1682 2914 1876 2967 εἰπεῖν.
1907 2912 2005 2965 Διά
2024 2929 2104 2965 τοι

529 2996 688 3050 τοῦτο
716 2998 922 3058 ἐκεῖνος
955 2995 1075 3064 μὲν,
1115 2998 1293 3049 καίτοι
1326 3012 1395 3063 γε
1433 2996 1494 3049 τὸ
1533 2996 1755 3049 ἔλαττον
1803 2995 1967 3066 μέρος
2007 2996 2107 3065 τῆς

529 3080 762 3142 κτίσεως
795 3078 1084 3133 ἀπολαϐὼν
1116 3079 1289 3144 (οὐδὲν
1311 3078 1420 3150 γάρ
1448 3082 1581 3149 ἡμῖν
1613 3082 1742 3149 περὶ
1787 3079 1894 3132 τῶν
1943 3080 2107 3149 ἀορά-

528 3179 641 3216 των
672 3162 917 3233 διελέχθη
963 3162 1290 3232 δυνάμεων),
1323 3161 1535 3226 τούτοις
1561 3162 1916 3233 ἐνδιατρίϐει·
1954 3159 2107 3225 οὗτος

529 3245 607 3312 δὲ,
637 3246 733 3299 am
770 3246 904 3315 πρὸς
958 3246 1125 3298 αὑτὸν
1170 3246 1418 3299 σπεύδων
1448 3246 1541 3299 τὸν
1580 3247 1814 3317 Ποιητὴν
1843 3247 2105 3310 ἀνελθεῖν,

530 3330 756 3393 εἰκότως
820 3330 1040 3385 ἅπαντα
1087 3330 1455 3400 παρατρέχει,
1518 3332 1611 3385 καὶ
1663 3331 1835 3383 ταῦτα
1890 3332 1984 3384 καὶ
2040 3331 2109 3383 τὰ

528 3413 723 3483 ἐκείνῳ
762 3413 1116 3482 σεσιγημένα,
1159 3413 1241 3466 ἐνὶ
1282 3416 1376 3466 καὶ
1436 3413 1627 3485 βραχεῖ
1674 3413 1820 3483 λόγῳ
1878 3413 2107 3484 περιλα-

530 3495 660 3561 ϐὼν,
681 3496 780 3567 τῷ,
809 3496 1012 3550 Πάντα
1039 3497 1115 3551 δι’
1139 3497 1327 3551 αὑτοῦ
1350 3497 1606 3567 ἐγένετο.
1638 3499 1747 3551 Καὶ
1789 3498 1874 3551 ἵνα
1911 3498 1985 3568 μὴ
2021 3515 2108 3551 νο-

532 3580 695 3651 μίσῃς
727 3579 903 3633 πάντα
950 3581 1133 3634 ἐκεῖνα
1165 3580 1343 3649 λέγειν
1379 3582 1540 3651 μόνον
1562 3580 1817 3634 αύτὸνντά
1851 3580 1944 3633 κα)⁵

536 3664 763 3716 Μωῦσεῖ
783 3663 1070 3734 εἰρημένα,
1099 3663 1316 3732 ἐπάγει,
1338 3666 1416 3718 δτι
1436 3665 1545 3718 Καὶ
1564 3664 1741 3732 χωρὶς
1773 3664 1958 3719 αὐτοῦ
1984 3663 2108 3733 ἐτέ-

529 3763 669 3800 νετο
694 3747 835 3800 οὐδὲ
864 3747 934 3802 ἐν
963 3747 993 3800 ὃ
1024 3747 1233 3817 γέγονε
1254 3763 1269 3778 °
1302 3748 1568 3811 τουτέστι,
1597 3747 1705 3800 τῶν
1727 3747 1969 3817 γενητῶν
2002 3747 2105 3800 κᾶν

529 3830 725 3899 ὁρατόν
763 3847 816 3883 τι
860 3826 916 3901 ᾖ,
953 3831 1057 3883 κᾶν
1091 3831 1302 3899 νοητὸν,
1335 3830 1484 3884 οὐδὲν
1519 3831 1686 3901 χωρὶς
1720 3831 1820 3897 τῆς
1854 3829 1948 3883 τοῦ
1974 3829 2106 3883 Υἱοῦ

528 3912 811 3982 δυνάμεως
841 3916 920 3975 εἰς
957 3909 1177 3967 τὸεῖναι
1201 3912 1481 3984 παρήχθη.
1519 3913 1594 3966 Οὐ
1636 3913 1745 3983 γάρ
1782 3913 1848 3983 δὴ
1878 3912 1977 3983 τὴν
2019 3930 2108 3965 τε·

528 3994 679 4048 λείαν
705 3996 941 4067 στιγμὴν
966 3995 1065 4065 τῷ,
1107 3996 1260 4049 Οὐδὲ
1287 3996 1377 4059 ἓν,
1428 3995 1759 4065 ἐπιθήσομεν
1808 3996 1949 4049 κατὰ
1982 3997 2107 4058 τοὺς

528 4080 856 4149 αἰρετικούς.
920 4080 1147 4134 Ἐκεῖνοι
1215 4082 1323 4151 γὰρ
1387 4079 1703 4150 βουλόμενοι
1766 4079 1826 4132 τὸ
1881 4078 2105 4148 Πνεῦμα

529 4164 747 4215 κτιστὸν
780 4164 975 4227 εἰπεῖν,
1014 4163 1207 4233 φασίνο
1253 4165 1322 4216 Ὃ
1362 4163 1630 4232 γέγονεν,
1672 4163 1742 4215 ἐν
1786 4160 1945 4227 αὑτῷ
1991 4160 2102 4229 ζωή

524 4240 625 4313 ἦν.
668 4246 806 4298 Ἀλλ’
836 4244 1009 4309 οὕτως
1048 4245 1404 4316 ἀπερινόητον
1444 4246 1653 4313 γίνεται
1687 4245 1749 4297 τὸ
1792 4245 2107 4315 λεγόμενον.

531 4329 754 4399 Πρῶτον
783 4329 881 4399 μὲν
911 4330 1021 4400 γάρ
1059 4329 1181 4382 οὐδὲ
1222 4328 1413 4400 καιρὸς
1446 4326 1514 4400 ἦν
1562 4329 1798 4383 ἐνταῦθα
1819 4328 1915 4381 τοῦ
1942 4328 2108 4381 Πνεύ-

536 4431 703 4483 ματος
743 4416 1148 4485 ἐπιμνησθῆναι
1169 4430 1183 4444 ⁸
1226 4416 1275 4467 εί
1305 4413 1363 4465 δὲ
1402 4414 1498 4467 καὶ
1521 4412 1791 4475 ἐϐούλετο,
1822 4412 1966 4475 τίνος
1991 4413 2108 4465 ἐνε-

529 4514 626 4553 κεν
661 4497 835 4561 οὕτως
860 4499 1085 4566 ἀσαφῶς
1112 4498 1244 4550 αὐτὸ
1270 4498 1479 4551 τέθεικε
1507 4514 1520 4562 ;
1564 4498 1726 4551 πόθεν
1771 4497 1879 4567 γὰρ
1925 4496 2102 4567 δῆλον,

528 4582 611 4634 ὅτι
642 4582 771 4652 περὶ
829 4581 923 4635 τοῦ
976 4581 1287 4651 Πνεύματος
1329 4580 1489 4634 τοῦτο
1533 4582 1780 4652 εῖρηται;
1816 4582 2020 4645 ’Ἄλλως
2048 4583 2105 4636 δὲ

528 4666 839 4735 εὑρήσομεν
894 4665 1036 4721 κατά
1075 4665 1166 4718 τὸν
1213 4666 1369 4734 λόγον
1419 4664 1630 4729 τοῦτον,
1663 4668 1724 4719 οὐ
1768 4666 1828 4718 τὸ
1857 4666 2109 4736 Πνεῦμα,

528 4748 642 4800 ἀλλ’
687 4748 850 4801 αὑτὸν
910 4749 1002 4801 τὸν
1057 4748 1184 4801 Υἱὸν
1232 4748 1299 4800 δι’
1351 4747 1544 4801 ἑαυτοῦ
1601 4750 1903 4818 γινόμενον.
1947 4750 2107 4805 Ἀλλὰ

525 4832 867 4902 δωνάστητε,
910 4831 1049 4885 ὥστε
1086 4831 1161 4902 μὴ
1214 4831 1501 4900 διαφυγεῖν
1531 4833 1674 4901 ὑμᾶς
1699 4833 1760 4885 τὸ
1785 4831 2100 4901 λεγόμενον·

526 4916 621 4969 καὶ
648 4914 779 4985 φέρε
819 4916 957 4968 κατά
979 4915 1071 4969 τὸν
1093 4915 1320 4969 ἐκείνων
1346 4917 1484 4977 τέως
1518 4915 1840 4986 ἀναγνῶμεν
1870 4917 2068 4987 τρόπον
2088 4934 2101 4947 ’

525 4997 671 5051 οὓτω
693 4998 800 5069 γὰρ
829 4999 960 5067 ἡμῖν
996 4998 1373 5069 φανερώτερον
1392 5000 1453 5050 τὸ
1474 4998 1673 5052 ἄτοπον
1702 4998 1854 5053 ἔσται
1875 5015 1887 5028 ⁸
1916 5002 1984 5052 Ὃ
2007 5000 2104 5069 γέ-

524 5099 726 5151 γονεν,
754 5083 823 5135 ἐν
843 5081 1007 5147 αὐτῷ
1035 5081 1147 5149 ζωὴ
1176 5078 1273 5151 ἦν.
1306 5082 1379 5135 Τὸ
1406 5081 1634 5152 Πνεῦμά
1668 5100 1831 5151 φασιν
1854 5085 2108 5156 εἰρῆσθαι

524 5166 623 5237 τὴν
655 5166 821 5237 ζωήν.
870 5166 1008 5217 Ἀλλ’
1043 5167 1077 5234 ἡ
1110 5165 1225 5235 ζωὴ
1268 5162 1405 5234 αὕτη
1455 5166 1550 5217 καὶ
1609 5166 1723 5233 φῶς
1758 5167 2100 5237 εύρίσκεται’

525 5252 722 5319 ἐπάγει
759 5250 888 5319 γάρ,
920 5249 1027 5302 Καὶ
1058 5251 1097 5317 ἡ
1130 5248 1241 5317 ζωὴ
1270 5245 1347 5317 ἦν
1376 5248 1440 5301 τὸ
1464 5248 1588 5317 φῶς
1621 5248 1736 5302 τῶν
1761 5250 2101 5319 ἀνθρώπιον.

525 5335 733 5387 Οὐκοῦν
759 5336 876 5387 κατ’
906 5333 1102 5394 αὐτοὺς
1130 5332 1194 5384 τὸ
1236 5332 1350 5400 φῶς
1389 5332 1496 5384 τῶν
1530 5332 1833 5402 ἀνθρώπων
1872 5335 2104 5389 ἐνταῦθα

525 5419 584 5469 τὸ
604 5417 828 5488 Πνεῦμα
855 5416 1022 5483 λέγει.
1057 5415 1121 5466 Τί
1148 5410 1275 5479 οῦν;
1317 5416 1484 5468 Ὅταν
1511 5416 1689 5487 ἐπάγῃ
1722 5417 1813 5469 καὶ
1841 5417 1995 5490 λέγῃ,
2022 5419 2104 5472 ὅτι

538 5500 807 5570 Ἐγένετο
858 5501 1169 5569 ἄνθρωπος
1224 5499 1383 5567 παρὰ
1438 5498 1544 5553 τοῦ
1599 5501 1747 5554 Θεοῦ
1801 5505 2104 5559 ἀπεσταλ-

517 5584 722 5653 μένος,
762 5586 863 5637 ἵνα
894 5584 1250 5653 μαρτυρήσῃ
1296 5582 1429 5648 περὶ
1477 5583 1583 5637 τοῦ
1630 5584 1855 5651 φωτὸς,
1892 5586 2102 5658 ἀνάγκη

526 5671 657 5741 περὶ
687 5670 782 5721 τοῦ
835 5669 1149 5739 Πνεῦματος
1198 5669 1393 5729 αὐτοὺς
1422 5668 1599 5736 λέγειν
1625 5670 1719 5721 καὶ
1750 5670 1920 5735 τοῦτο
1949 5673 2103 5741 είρῆ-

527 5754 674 5809 σθαι.
706 5755 803 5807 Ὃν
831 5754 938 5824 γὰρ
964 5755 1075 5809 ἄνω
1120 5752 1292 5821 Λόγον
1338 5748 1484 5817 εἷπε,
1537 5751 1723 5806 τοῦτον
1772 5752 1974 5823 ’προῖὼκι⁸
2010 5756 2104 5809 καὶ

585 5924 612 5985 ξ
639 5921 735 5973 Alii
758 5922 1132 5985 παραλαμϐάνει.

586 5983 615 6021 δ
636 5987 715 6035 Sic
737 5983 845 6034 επ.
873 5992 921 6034 et
939 5998 1052 6033 mus.
1080 5983 1196 6035 Mor.
1220 5994 1336 6033 τοῖο
1358 5984 1728 6047 περιαγαγόντος.

2220 1660 2372 1723 Θεὸν,
2400 1662 2496 1715 καὶ
2529 1663 2693 1731 ζωὴν,
2741 1664 2834 1716 καὶ
2881 1662 2997 1733 φῶς
3045 1664 3318 1733 ὀνομάζει.
3369 1666 3490 1736 Ζωὴ
3530 1665 3640 1735 γὰρ
3700 1660 3788 1736 ἦν,

2219 1755 2403 1821 φησιν,
2444 1756 2665 1823 ὀΛόγος
2704 1752 2880 1821 οὗτος,
2907 1758 3002 1810 καὶ
3047 1758 3079 1826 ἡ
3120 1755 3233 1827 ζωὴ
3271 1756 3407 1827 αῦτη
3444 1758 3560 1828 φῶς
3603 1755 3690 1829 ἦν.
3729 1761 3794 1812 Εἰ

2215 1843 2395 1896 τοίνυν
2428 1846 2455 1895 6
2486 1843 2657 1913 Λόγος
2688 1848 2721 1914 ή
2754 1843 2888 1916 ζωὴ,
2932 1847 2960 1897 6
3003 1844 3059 1897 δὲ
3086 1846 3257 1914 Λόγος
3287 1841 3440 1909 οὗτος
3479 1847 3572 1899 καὶ
3608 1849 3640 1916 ἡ
3678 1844 3793 1918 ζωὴ

2219 1926 2354 1997 σὰρξ
2378 1928 2615 1994 ἐγένετο,
2647 1930 2679 1998 ἡ
2709 1927 2819 1998 ζωὴ
2843 1928 3057 1997 ἐγένετο
3096 1929 3254 1999 σὰρξ,
3302 1930 3596 1993 τουτέστιν,
3637 1932 3663 1982 6
3690 1931 3789 1982 Λό-

2216 2027 2311 2077 γος
2332 2028 2343 2041 ⁸
2371 2011 2645 2080 καὶαὺτῆς
2681 2010 3022 2082 ἐθεασάμεθα
3051 2013 3147 2083 τὴν
3167 2011 3341 2076 δόξαν,
3368 2013 3792 2081 ὼςΜονογενοῦς

2216 2094 2365 2164 παρά
2387 2094 2615 2165 Πατρός.
2654 2096 2750 2146 Ἂν
2778 2093 2957 2148 τοίνυν
2983 2095 3040 2148 τὸ
3069 2095 3530 2166 Πνεῦμαλέγωσιν
3560 2095 3793 2148 ἐνταῦθα

2214 2178 2311 2248 τὴν
2334 2178 2478 2248 ζωὴν
2499 2177 2767 2248 εἰρῆσθαι,
2785 2180 2884 2249 ὅρα
2913 2180 3053 2232 πόσα
3081 2180 3268 2249 ἕψεται
3284 2179 3351 2233 τά
3374 2181 3566 2234 ἄτοπα.
3598 2181 3793 2234 Ἔσται

2214 2262 2323 2332 γὰρ
2357 2262 2488 2315 αὐτὸ
2514 2263 2811 2333 σαρκωθὲν,
2838 2264 2976 2332 οῦχὸ
3000 2263 3146 2327 Υἱός·
3168 2264 3320 2317 ἔσται
3355 2264 3644 2334 μονογενὴς
3662 2264 3791 2328 Υἱός

2212 2346 2274 2399 τὸ
2302 2345 2544 2415 Πνεῦμα.
2576 2348 2637 2399 Et
2663 2347 2718 2400 δὲ
2755 2347 2832 2417 μὴ
2860 2346 3036 2408 τοῦτο,
3060 2349 3140 2410 είς
3183 2348 3366 2418 ἕτερον
3391 2348 3549 2404 πάλιν
3574 2346 3791 2401 ἀτοπὼ-

2211 2446 2373 2482 τατον
2400 2430 2557 2483 τοῦτο
2585 2430 2877 2499 φεύγοντες
2906 2431 3269 2501 ἐμπεσοῦνται
3298 2432 3469 2495 οὕτως
3525 2429 3795 2499 ἀναγινώ-

2214 2529 2454 2575 σκοντες.
2497 2514 2559 2565 Εἰ
2590 2514 2697 2583 γὰρ
2726 2514 2789 2586 δὴ
2810 2513 3324 2585 όμο).ογήσαιεν,ὃτι
3361 2516 3488 2585 περὶ
3524 2514 3617 2567 τοῦ
3660 2514 3786 2567 Υἱοῦ

2211 2597 2445 2666 εἴρηται,
2500 2597 2595 2649 καὶ
2641 2596 2719 2668 μὴ
2781 2598 3017 2663 στίξαιεν
3078 2597 3212 2668 μηδὲ
3271 2600 3552 2666 ἀναγνοῖεν
3600 2597 3791 2668 ὥσπερ

2211 2681 2392 2750 ἡμεῖς,
2420 2680 2581 2733 αὑτὸν
2607 2681 2699 2748 ἀφ’
2732 2679 2923 2733 ἐαυτοῦ
2970 2680 3059 2732 τὸν
3113 2681 3237 2734 Υίὸν
3275 2681 3600 2751 γεγενῆσθαι
3638 2680 3789 2751 ἐροῦ-

2212 2781 2316 2816 σιν.
2345 2765 2406 2816 Et
2428 2764 2484 2816 δὲ
2512 2766 2545 2833 ἡ
2573 2764 2685 2835 ζωὴ
2704 2767 2731 2817 6
2763 2766 2954 2831 Λόγος,
2980 2765 3007 2817 6
3025 2764 3081 2817 δὲ
3109 2765 3353 2832 γέγονεν,
3396 2766 3453 2816 ἐν
3494 2763 3642 2830 αὐτῷ
3672 2763 3794 2834 ζωὴ

2207 2841 2305 2917 ἦν·
2346 2846 2506 2908 αὐτὸς
2533 2848 2589 2898 ἐν
2629 2846 2779 2917 αὐτῷ
2814 2849 2908 2900 καὶ
2936 2849 3003 2901 δι’
3051 2846 3245 2900 ἑαυτοῦ
3276 2848 3465 2915 γέγονε
3498 2848 3639 2900 κατὰ
3686 2847 3786 2917 τὴν

2209 2931 2514 2997 ἀνάγνωσιν
2558 2930 2783 3001 ταύτην.
2836 2926 2971 2985 Εἶτά
3008 2949 3127 2983 τινα
3173 2930 3342 2983 είπὼν
3384 2932 3441 2983 ὲν
3495 2930 3572 3000 τῷ
3636 2930 3791 3000 μέσῳ

2210 3014 2491 3083 ἐπήγαγε·
2560 3014 2672 3067 Καὶ
2727 3014 3095 3083 ἐθεασάμεθα
3153 3014 3268 3081 τὴν
3319 3012 3508 3077 δόξαν
3574 3013 3785 3076 αὑτοῦ,

2208 3095 2399 3158 δόξαν
2446 3097 2527 3163 ὡς
2574 3096 2956 3167 Μονογενοῦς
3007 3097 3166 3166 παρὰ
3218 3098 3468 3165 Πατρός.
3525 3097 3653 3150 Ἰδοὺ
3689 3098 3787 3150 καὶ

2213 3181 2549 3251 μονογενὴςε
2608 3180 2736 3245 Υἱὸς
2783 3182 3093 3253 εὑρίσκεται
3142 3180 3283 3235 κατά
3330 3181 3425 3251 τὴν
3477 3181 3785 3249 ἀνάγνωσιν

2208 3264 2317 3317 τῶν
2334 3264 2505 3317 ταῦτα
2521 3265 2786 3333 λεγόντων
2801 3266 2861 3318 τὸ
2881 3265 3104 3335 Πνεῦμα
3131 3266 3191 3318 τὸ
3216 3264 3388 3332 ἅγιον.
3418 3266 3554 3335 Περὶ
3568 3266 3674 3335 γὰρ
3686 3266 3786 3317 αύ-

2208 3347 2301 3400 τοῦ
2334 3351 2480 3402 πᾶσα
2505 3350 2651 3419 αὐτῷ
2680 3348 2815 3419 αῦτη
2848 3349 3146 3420 ήδιὴγησις
3172 3348 3403 3420 εἴρηται.
3448 3350 3638 3421 Ὁρᾶτε
3655 3350 3784 3402 ὃταν

2209 3432 2502 3504 ὲκκυλισθῇ
2531 3436 2558 3487 6
2577 3433 2731 3502 λόγος
2768 3432 2866 3501 τῆς
2897 3432 3173 3502 ἀληθείας,
3202 3433 3303 3485 ποῦ
3348 3432 3781 3504 παρατρέπεται,

2210 3517 2304 3569 καὶ
2359 3516 2501 3569 πόσα
2555 3517 2726 3569 τίκτει
2772 3516 2839 3568 τὰ
2891 3517 3102 3581 ἀτοπα;
3136 3516 3199 3569 Τί
3244 3512 3373 3581 οὗν;
3423 3518 3524 3570 ούκ
3562 3517 3678 3569 ἐστι
3721 3517 3785 3568 τὸ

2210 3598 2435 3669 Πνεῦμα
2467 3598 2601 3667 φῶς,
2643 3600 2811 3670 φησί;
2850 3600 3007 3653 Ἐστι
3057 3600 3157 3671 μὲν
3194 3598 3336 3668 φῶς·
3390 3601 3503 3653 ἀλλ’
3548 3599 3787 3654 ἐνταῦθα.

2208 3687 2270 3738 ού
2321 3686 2448 3756 περὶ
2497 3684 2686 3737 τούτου
2738 3684 2983 3754 εἴρηται·
3019 3684 3142 3737 ἐπεὶ
3179 3687 3273 3739 καὶ
3311 3687 3339 3738 6
3376 3685 3507 3748 Θεὸς
3562 3685 3784 3752 λέγεται

2210 3767 2455 3837 Πνεῦμα,
2502 3768 2798 3831 τουτέστιν,
2844 3767 3163 3836 ἀσώματος⁶
3213 3767 3325 3821 ἀλλ’
3365 3769 3423 3820 οὐ
3465 3768 3700 3840 πάντως,
3732 3767 3787 3819 εἰ

2211 3867 2312 3903 που
2344 3849 2567 3919 Πνεῦμα
2598 3850 2833 3921 εἴρηται,
2863 3850 2892 3902 6
2919 3850 3050 3915 Θεὸς
3091 3849 3364 3919 δηλοῦται.
3397 3852 3505 3905 Καὶ
3553 3850 3606 3903 τί
3651 3850 3783 3903 θαυ-

2212 3934 2428 4003 μάξεις,
2453 3935 2502 3986 εί
2535 3937 2662 4004 περὶ
2700 3935 2794 3987 τοῦ
2823 3935 3033 4006 Πατρὸς
3079 3934 3238 3989 τοῦτό
3266 3952 3477 4005 φαμεν;
3511 3934 3645 3988 Ούδὲ
3671 3934 3782 4006 γάρ

2208 4020 2301 4069 ἐπὶ
2317 4018 2410 4071 τοῦ
2434 4018 2547 4091 [56]
2565 4019 2922 4091 Παρακλήτου
2948 4020 3106 4073 τοῦτο
3130 4021 3377 4091 εἴποιμεν
3396 4022 3459 4075 ἀν
3482 4022 3588 4073 ’ὅτι
3608 4020 3785 4075 εἵπου

2209 4100 2454 4172 Πνεῦμα,
2489 4103 2707 4166 πάντως
2730 4105 2758 4156 6
2783 4103 3135 4174 Παράκλητος
3175 4104 3456 4174 δηλοῦταν
3500 4103 3675 4156 καίτοι
3712 4118 3780 4170 γε

2208 4186 2367 4241 τοῦτο
2399 4187 2563 4241 αὑτοῦ
2598 4188 2830 4258 μάλιστα
2854 4191 3210 4260 γνωριστικόν
3239 4191 3384 4242 ἐστιν
3428 4189 3626 4259 ὄνομα·
3660 4187 3778 4241 ἀλλ’

2208 4273 2269 4324 οὐ
2310 4272 2546 4332 πάντως,
2582 4273 2756 4324 εἵπου
2798 4272 3092 4342 Πνεῦμα,ὁ
3124 4272 3500 4343 Παράκλητος.
3533 4271 3643 4325 Καὶ
3668 4270 3785 4340 γὰρ

2208 4355 2303 4408 καὶ
2324 4357 2352 4407 6
2385 4355 2619 4425 Χριστὸς
2647 4354 2781 4408 Θεοῦ
2806 4354 3032 4425 δύναμις
3059 4356 3151 4408 καὶ
3180 4355 3314 4409 Θεοῦ
3344 4355 3504 4425 σοφία
3532 4354 3773 4423 λέγεται,

2207 4442 2320 4495 ἀλλ’
2372 4443 2432 4496 οὐ
2491 4443 2731 4509 πάντως,
2757 4444 2810 4496 εῖ
2839 4462 2938 4497 που
2986 4443 3119 4497 Θεοῦ
3156 4444 3383 4513 δύναμις
3412 4444 3505 4497 καὶ
3532 4443 3712 4512 σοφία,
3746 4445 3783 4496 6

2207 4532 2440 4603 Χριστός
2464 4531 2514 4584 ά.
2544 4531 2699 4585 Οὕτω
2730 4533 2794 4603 δὴ
2824 4533 2920 4584 καὶ
2943 4531 3195 4594 ἐνταῦθα,
3235 4534 3283 4584 εἰ
3331 4534 3424 4586 καὶ
3456 4532 3679 4601 φωτίζει
3714 4530 3783 4583 τὸ

2208 4621 2452 4692 Πνεῦμα,
2485 4622 2633 4689 ὅμως
2660 4620 2753 4673 νῦν
2783 4621 2842 4673 ού
2878 4621 3006 4691 περὶ
3049 4620 3213 4673 αὑτοῦ
3248 4638 3411 4691 φησιν
3437 4624 3466 4673 6
3492 4620 3778 4689 εὐαγγελι-

2208 4709 2359 4777 στής.
2406 4705 2549 4758 Ἀλλ’
2580 4705 2707 4757 ὅταν
2737 4706 2932 4768 αὐτοὺς
2971 4703 3173 4758 τούτων
3224 4704 3637 4775 ἀποκλείσωμεν
3666 4704 3777 4758 τῶν

2206 4798 2444 4861 ἀτόπων,
2492 4798 2542 4849 οί
2573 4796 2629 4848 δὲ
2672 4796 2835 4849 πάλιν
2884 4795 3153 4864 πανταχοῦ
3209 4794 3598 4861 σπουδάζοντες
3629 4798 3778 4851 κατά

2205 4881 2303 4950 τῆς
2368 4879 2625 4950 ἀληθείας
2690 4878 2929 4945 ἑστάναι,
2984 4878 3253 4946 λέγουσιν,
3305 4879 3385 4932 ἔτι
3446 4880 3543 4950 τῆς
3605 4882 3777 4951 αὐτῆς

2205 4964 2561 5032 ἀναγνώσεως
2594 4963 2875 5033 ἐχόμενον
2941 4965 3011 5016 ’Ὸ
3048 4963 3313 5032 γέγονεν,
3354 4966 3424 5019 ἐν
3464 4965 3623 5031 αὐτῷ
3660 4964 3775 5033 ζωὴ

2205 5048 2304 5119 ἦν.
2340 5050 2649 5113 Τουτέστιν,
2677 5049 2704 5101 6
2726 5048 2915 5117 γέγονε
2953 5059 2976 5085 θ
2998 5046 3111 5119 ζωὴ
3155 5044 3242 5118 ἦν.
3286 5048 3350 5101 Τί
3384 5044 3509 5115 οῦν;
3558 5051 3666 5103 Καὶ
3703 5050 3776 5103 τά

2206 5141 2523 5211 Σοδομηνῶν
2560 5139 2731 5209 πάθη,
2772 5140 2866 5193 καὶ
2893 5140 2923 5191 6
2951 5139 3334 5210 κατακλυσμὸς
3376 5142 3521 5210 καὶή
3554 5142 3770 5209 γέεννα,

2206 5226 2300 5276 καὶ
2337 5226 2505 5295 μυρία
2534 5225 2634 5277 ὅσα
2661 5221 2920 5287 τοιαῦτα;
2979 5221 3137 5275 Ἀλλά
3174 5224 3301 5293 περὶ
3346 5223 3706 5294 δημιουργίας
3744 5228 3774 5278 ὀ

2204 5306 2361 5374 λόγος
2391 5309 2539 5377 ἡμῖν,
2577 5307 2726 5375 φησί.
2747 5305 2996 5359 Μάλιστα
3021 5306 3119 5375 μὲν
3142 5301 3234 5357 οῦν
3263 5306 3493 5358 κάκεῖνα
3514 5307 3776 5378 δημιουρ-

2206 5390 2329 5455 γίας
2374 5389 2537 5441 ἐστίν.
2584 5388 2721 5441 Ἀλλ’
2754 5389 2843 5442 ἵνα
2867 5390 2931 5441 ἐκ
2955 5388 3270 5458 περιουσίας
3296 5388 3386 5441 τὸν
3415 5389 3568 5457 λόγον
3593 5390 3774 5442 αὐτῶν

2203 5473 2529 5543 ὲλέγξωμεν,
2578 5472 2832 5543 ἐρώμεθα
2877 5474 3107 5536 αὐτούς’
3149 5473 3222 5525 Τὸ
3266 5471 3441 5539 ξύλον,
3494 5473 3615 5526 είπέ
3657 5489 3770 5543 μοι,

2202 5556 2314 5627 ζωή
2341 5574 2355 5623 ;
2381 5559 2474 5609 καὶ
2495 5558 2525 5609 6
2551 5555 2715 5622 λίθοᾳ,
2748 5556 2883 5627 ζωὴ,
2907 5556 2977 5608 τά
3001 5556 3183 5626 ἄψυχα
3198 5555 3371 5610 ταῦτα
3390 5558 3484 5610 καὶ
3504 5556 3734 5627 ἀκίνητα
3754 5574 3774 5625 ;

2266 5740 2289 5814 ξ
2315 5737 2409 5814 é'“
2431 5736 2937 5814 ἀμιῖέλιαὶιιονογεενΐις-

2265 5800 2292 5837 ει
2318 5800 2434 5849 Mor.
2458 5803 2485 5847 6
2510 5800 2631 5853 Υἱός.
2665 5799 2776 5847 Sav.
2796 5801 2836 5861 ,ό
2866 5799 3082 5861 Χριστός.
3126 5800 3249 5850 Ibid.
3275 5802 3384 5852 Sav.
3424 5806 3478 5851 et
3510 5816 3625 5852 mss.
3666 5800 3774 5853 fere

2203 5875 2375 5912 omnes
2399 5862 2436 5908 εἰ
2458 5862 2537 5908 καὶ
2562 5860 2921 5923 φωτίζειηΜοΓ.
2939 5861 2980 5908 εἰ
3011 5863 3087 5908 καὶ
3109 5865 3221 5923 φῶς.

2270 5927 2291 5952 θ
2319 5925 2409 5988 Sic_
2439 5923 2608 5988 λύοι-(ειἐ
2657 5921 2903 5988 δαν-Πλὴν,
2953 5924 3023 5972 ὅτι
3070 5921 3125 5973 εἴ
3146 5941 3188 5972 τι
3223 5926 3346 5974 ἐστὶν
3388 5927 3415 5975 ὃ
3447 5929 3619 5988 γέγονε.
3649 5925 3771 5976 Ibid.

2204 5988 2323 6037 Mor.
2363 5982 2548 6037 οὐκοῦν.
2578 5984 2872 6033 Sav.1£66v.
