4074 6374
322 408 383 463 53
1421 402 1487 458 IN
1522 401 1831 459 JOANNEM
1873 402 2099 460 HOMIL.
2140 407 2206 462 V.
2246 406 2316 461 al.
2357 405 2443 461 IV.
3479 402 3549 459 54

319 536 425 576 non
469 519 711 591 agimus?
756 534 936 575 nonne
978 519 1099 588 quia
1146 518 1337 585 timor,
1383 535 1492 575 non
1530 522 1705 574 minor
1731 535 1891 590 quam

321 613 419 677 ira,
452 627 554 666 nos
582 612 836 675 deterret,
866 624 963 665 nec
992 611 1077 665 vel
1107 624 1136 663 a
1167 610 1424 679 principio
1453 611 1584 665 iram
1613 626 1895 680 erumpere

318 706 484 759 sinit?
530 704 639 759 Cur
681 718 840 771 por-ro
892 703 1031 756 servi
1078 718 1107 755 a
1158 702 1313 756 nobis
1362 703 1510 757 mille
1562 703 1895 757 contumeliis

320 797 573 860 Onerati,
604 795 779 848 omnia
811 794 949 847 taciti
982 792 1193 846 lerunt?
1223 807 1400 847 nonne
1443 793 1567 861 quia
1596 805 1646 846 et
1677 793 1774 861 ipsi
1796 808 1892 847 eo-

317 888 439 940 dem
485 886 694 939 vinculo
739 884 1005 953 ligantur?
1035 883 1113 937 Tu
1153 898 1280 937 vero
1309 898 1376 937 ne
1413 884 1587 937 solum
1615 883 1708 937 Dei
1737 885 1893 937 timo-

320 995 433 1033 rem
476 980 698 1048 cogites,
745 978 836 1032 sed
890 978 1048 1031 etiam
1097 986 1147 1030 te
1194 986 1317 1030 tunc
1364 991 1395 1029 a
1422 976 1530 1029 Deo
1558 975 1896 1030 contumeliis

318 1069 459 1123 aﬁici
491 1111 506 1132 ,
533 1070 621 1138 qui
644 1068 793 1137 jubet
840 1078 889 1122 te
923 1077 1131 1131 tacere,
1168 1076 1221 1121 et
1245 1066 1420 1120 omnia
1446 1067 1707 1136 patienter
1733 1065 1893 1120 feres.

320 1161 415 1214 Dic
460 1170 514 1214 te
560 1160 841 1213 lacessenti
877 1178 889 1213 :
919 1158 1054 1225 Quid
1094 1159 1283 1212 faciam
1336 1158 1468 1219 tibi;
1515 1158 1650 1212 alius
1680 1158 1808 1212 mihi
1842 1167 1897 1211 et

320 1268 537 1306 nianum
566 1260 621 1306 et
648 1252 877 1320 linguam
904 1251 1119 1304 cohibet
1142 1267 1156 1303 :
1182 1250 1390 1318 eritque
1418 1248 1619 1302 dictum
1651 1249 1779 1302 illud
1801 1290 1814 1310 ,
1841 1258 1897 1302 et

320 1344 417 1398 tibi
458 1352 515 1398 et
542 1344 639 1412 ipsi
670 1342 1021 1412 philosophia:
1050 1342 1293 1397 materia.
1320 1342 1471 1395 Nunc
1509 1349 1686 1394 autem
1726 1341 1897 1393 homi-

318 1449 448 1487 num
470 1436 641 1503 gratia
668 1434 828 1487 etiam
853 1433 1207 1487 intolerabilia
1236 1432 1456 1487 ferimus
1480 1474 1494 1497 ,
1522 1440 1576 1486 et
1599 1433 1662 1485 iis
1686 1434 1772 1501 qui
1800 1446 1897 1485 nos

318 1525 591 1579 lacessunt
615 1540 756 1593 szepe
790 1524 1015 1578 dicimus
1045 1542 1058 1579 :
1090 1525 1183 1579 Ille
1210 1540 1294 1579 me
1319 1524 1626 1589 lacessivit,
1667 1539 1772 1577 non
1797 1530 1849 1577 tu
1879 1539 1893 1577 :

320 1615 433 1670 Deo
454 1626 633 1671 autem
659 1631 728 1670 ne
754 1631 934 1684 parem
979 1614 1191 1685 quidem
1238 1615 1589 1669 reverentiam
1624 1614 1901 1670 exhibebi-

320 1710 473 1764 mus?
493 1710 671 1780 Ecqua
696 1710 847 1764 nobis
873 1709 973 1763 erit
999 1708 1188 1762 venia?
1208 1708 1411 1762 Animze
1429 1717 1620 1762 nostrte
1638 1708 1895 1762 dicamus:

321 1802 461 1856 Deus
484 1817 579 1857 nos
605 1816 746 1856 nunc
766 1801 997 1866 lacessit,
1021 1801 1106 1870 qui
1131 1815 1317 1853 manus
1335 1809 1544 1855 nostras
1571 1798 1811 1853 cohibet:
1830 1813 1897 1853 ne

319 1894 650 1959 insiliamus,
689 1908 788 1947 nec
834 1893 1040 1947 minore
1072 1892 1237 1946 Deum
1271 1906 1427 1960 quam
1460 1891 1701 1945 homines
1738 1890 1895 1944 obse-

318 1985 531 2050 quentia
580 1997 985 2051 prosequamur.
1014 1982 1093 2035 Ad
1126 1982 1226 2035 hoc
1250 1982 1468 2035 verbum
1501 1968 1898 2035 exhorruistis?

319 2072 422 2130 Sed
465 2088 567 2127 non
622 2081 825 2127 tantum
854 2073 918 2127 ad
968 2073 1146 2136 verba,
1179 2072 1273 2126 sed
1319 2074 1478 2127 etiam
1508 2073 1574 2127 ad
1602 2087 1736 2142 opus
1761 2086 1855 2126 vos
1878 2073 1893 2103 ί

320 2165 703 2219 exhorrescere
726 2166 902 2233 cupio.
930 2163 1095 2217 Jussit
1124 2163 1266 2217 Deus
1293 2176 1393 2218 nos
1417 2162 1655 2233 colaphis
1692 2176 1860 2218 εωεοε
1877 2202 1894 2229 ,

386 2341 402 2371 ί
435 2339 520 2388 Alii
544 2341 743 2400 habent,
771 2353 872 2400 nos,
898 2340 1027 2403 loco,
1052 2353 1149 2393 vos.

1990 535 2098 574 non
2127 521 2284 576 modo
2311 521 2467 586 ferre,
2499 519 2591 575 sed
2617 522 2778 575 etiam
2805 519 2869 575 ad
2893 520 3042 590 pejus
3061 520 3325 591 quidpiam
3352 524 3555 593 patiena

1990 611 2117 665 dum
2146 626 2243 665 nos
2285 610 2496 666 oﬂ‘erre.
2526 612 2631 666 Nos
2659 623 2833 667 autem
2863 628 2984 667 cum
3013 624 3153 668 tanta
3182 615 3428 671 violentia
3454 618 3555 672 ob—

1985 701 2238 765 sistimus,
2285 713 2341 755 ut
2387 718 2491 755 non
2530 702 2686 756 modo
2712 718 2809 757 nos
2833 703 2900 757 ad
2939 704 3077 758 male
3118 706 3423 774 patiendum
3450 724 3554 764 non

1986 790 2309 862 oll‘eramus,
2354 790 2447 844 sed
2499 792 2653 845 etiam
2698 807 2797 847 nos
2848 792 3201 858 ulciscamur;
3256 795 3361 851 imo
3415 811 3556 866 sape

1987 881 2190 949 priores
2243 897 2430 936 manus
2479 881 2786 950 inferamus,
2834 900 3036 955 nosque
3083 886 3222 941 vinci
3268 898 3553 957 putemus,

1987 972 2088 1026 nisi
2121 973 2333 1041 paribus
2362 973 2676 1029 afliciamus.
2724 977 2855 1030 Nam
2897 978 3022 1032 illud
3061 980 3274 1048 gravius
3299 990 3381 1034 est
3412 982 3553 1050 quod

1985 1078 2084 1118 nos
2112 1065 2319 1119 vincere
2343 1066 2726 1130 existimemus,
2754 1069 2963 1137 quando
2989 1082 3223 1125 extrema
3250 1072 3399 1128 clade
3441 1072 3559 1126 afﬁ-

1985 1157 2176 1219 cimur,
2206 1158 2260 1210 et
2291 1157 2433 1210 humi
2460 1161 2713 1227 prostrati
2739 1160 3009 1229 jacemus;
3040 1177 3101 1216 ac
3138 1164 3283 1218 mille
3327 1166 3557 1233 acceptis

1987 1264 2016 1301 a
2063 1249 2272 1303 diabolo
2322 1251 2646 1315 vulneribus,
2696 1252 2762 1307 de
2804 1252 2893 1306 illo
2937 1254 3208 1308 victoriam
3252 1264 3556 1323 reportasse

1984 1341 2274 1395 credamus.
2310 1342 2686 1409 Quamobrem,
2708 1358 2853 1412 rogo,
2875 1343 3141 1397 discamus
3164 1344 3281 1413 quis
3302 1345 3370 1398 sit
3397 1346 3553 1415 hujus

1988 1432 2222 1485 victoriae
2266 1432 2484 1496 modus,
2532 1442 2586 1487 et
2613 1433 2749 1488 hanc
2791 1448 2994 1487 morum
3026 1436 3257 1503 speciem
3283 1436 3554 1490 adeamus.

1988 1522 2259 1591 Siquidem
2307 1525 2444 1577 male
2488 1525 2629 1593 pati,
2660 1524 2886 1593 idipsujn
2931 1533 3013 1578 est
3038 1524 3177 1594 quod
3201 1526 3464 1580 coronari.
3496 1526 3554 1580 Si

1986 1630 2115 1686 ergo
2142 1616 2387 1669 volumus
2419 1630 2518 1670 nos
2543 1630 2572 1669 a
2602 1616 2710 1670 Deo
2745 1617 2975 1670 victores
3005 1616 3318 1682 proclamari
3339 1657 3355 1681 ,
3384 1617 3438 1673 in
3471 1616 3554 1672 his

1988 1706 2368 1760 certaminibus
2417 1722 2483 1761 ne
2532 1707 2701 1774 legem
2747 1706 3074 1760 saecularium
3105 1721 3329 1775 agonum
3377 1720 3560 1761 serve-

1988 1812 2124 1860 mus,
2157 1797 2250 1851 scd
2285 1798 2453 1866 legem
2485 1812 2512 1849 a
2541 1797 2648 1851 Deo
2680 1813 2775 1865 pro
2804 1797 2884 1850 his
2909 1797 3282 1851 certaminibus
3310 1799 3558 1867 positam,

1990 1896 2050 1940 ut
2087 1887 2261 1940 omnia
2291 1902 2442 1956 reque
2473 1888 2648 1940 animo
2670 1886 2917 1941 feramus.
2948 1886 3022 1940 Ita
3049 1887 3191 1941 enim
3221 1897 3273 1941 et
3313 1887 3563 1941 adversa-

1991 1981 2102 2035 rios
2151 1988 2204 2034 et
2249 1981 2529 2048 praesentia
2559 1979 2733 2033 omnia
2764 1980 3151 2050 superabimus,
3200 1988 3254 2033 et
3303 1979 3561 2049 promissa

1986 2084 2375 2138 consequemur
2422 2069 2599 2136 bona,
2645 2070 2814 2138 gratia
2856 2078 2910 2124 et
2958 2069 3279 2138 benignitate
3332 2070 3536 2124 Domini

1986 2161 2153 2212 nostri
2180 2159 2305 2214 Jesu
2335 2159 2565 2222 Christi,
2596 2175 2692 2230 per
2720 2175 2876 2230 quem
2904 2170 2959 2215 et
2992 2175 3111 2214 cum
3137 2175 3242 2230 quo
3268 2161 3406 2214 Patri
3434 2202 3451 2227 ,
3490 2160 3566 2214 si-

1988 2251 2206 2320 mulque
2250 2251 2469 2320 Spiritui
2514 2262 2732 2318 sancto,
2773 2253 2977 2323 gloria,
3024 2253 3338 2323 imperium,
3369 2252 3561 2318 honor,

1991 2356 2133 2394 nunc
2153 2350 2207 2395 et
2229 2355 2460 2410 semper,
2488 2352 2543 2396 et
2569 2342 2621 2396 in
2646 2343 2839 2396 saecula
2866 2342 3203 2397 saeculorum.
3228 2344 3272 2397 A
3289 2358 3432 2400 men.

1720 2564 2064 2626 HOMILIA
2106 2567 2182 2627 V.

320 2697 443 2754 CAP.
476 2699 515 2753 l.
548 2716 598 2751 v.
632 2701 685 2754 '5.
723 2701 905 2754 Omnia
927 2718 1016 2771 per
1040 2703 1205 2771 ipsum
1235 2705 1370 2773 facta
1399 2710 1549 2768 sunt,
1580 2713 1627 2757 et
1656 2705 1763 2759 sine
1786 2707 1896 2775 ipso

649 2793 835 2860 factum
861 2803 932 2844 est
958 2792 1086 2845 nihil
1109 2791 1243 2861 quod
1269 2792 1461 2861 factum
1485 2800 1577 2846 est.

387 2926 440 2978 ί.
469 2922 675 2995 Moyses
700 2924 971 2979 historiam
1004 2926 1211 2981 Veteris
1240 2926 1561 2982 Testamenti
1611 2943 1641 2983 a
1685 2930 1894 2985 sensili-

318 3016 419 3070 bus
466 3016 618 3069 nobis
660 3016 896 3081 orditur,
931 3026 983 3070 et
1026 3032 1085 3070 ea
1137 3018 1375 3085 pluribus
1418 3029 1740 3073 enumerat:
1772 3037 1894 3074 nam

320 3105 411 3168 ait,
444 3103 512 3157 In
538 3106 783 3174 principio
808 3107 924 3173 fecit
955 3106 1086 3161 Deus
1114 3107 1292 3161 malum
1309 3118 1355 3161 et
1374 3119 1558 3162 terram
1575 3108 1728 3178 (Gen.
1750 3111 1800 3165 I.
1820 3111 1893 3182 l):

320 3195 515 3249 deinde
540 3194 721 3264 adjicit
749 3196 921 3250 lucem
964 3195 1153 3251 factam
1179 3238 1194 3261 ,
1236 3199 1526 3253 secundum
1559 3200 1745 3254 caelum
1773 3201 1850 3272 (α)
1876 3242 1895 3268 ,

320 3284 598 3342 stellarum
626 3298 865 3341 naturam
893 3329 909 3353 ,
935 3291 1211 3359 omnigena
1237 3290 1542 3346 animalium
1570 3307 1797 3361 genera,
1829 3309 1898 3349 ne

321 3379 523 3449 singula
587 3391 967 3449 prosequentes
1028 3381 1293 3450 longiores
1335 3383 1525 3437 simus.
1574 3384 1671 3439 llic
1715 3394 1896 3439 autem

321 3470 640 3540 evangelista
682 3486 788 3524 uno
831 3471 994 3526 verbo
1038 3473 1406 3541 complectitur
1447 3475 1659 3539 omnia,
1711 3486 1764 3530 et
1804 3476 1894 3530 illa

322 3577 513 3629 nempe
540 3570 596 3614 et
621 3562 727 3614 illis
749 3563 1045 3631 superiora.
1079 3562 1145 3616 Et
1167 3564 1287 3632 jure
1329 3574 1504 3630 certe,
1536 3567 1656 3635 quia
1688 3567 1772 3620 illa
1801 3583 1899 3621 au-

321 3652 581 3705 ditoribus
607 3662 731 3706 nota
757 3664 900 3717 sunt,
929 3663 983 3707 et
1011 3654 1123 3724 ipse
1154 3654 1218 3708 ad
1249 3656 1586 3722 prmstantius
1612 3671 1897 3727 argumen-

325 3752 430 3796 tum
458 3753 728 3811 properat,
756 3758 817 3798 ac
852 3753 1017 3799 totum
1044 3760 1177 3815 opus
1204 3746 1524 3816 aggreditur,
1555 3763 1660 3802 non
1685 3749 1750 3803 de
1767 3765 1898 3818 ope-

321 3833 499 3898 ribus,
551 3833 646 3887 sed
699 3833 766 3888 de
821 3833 1024 3904 Opiﬁce
1079 3845 1132 3888 et
1186 3834 1438 3891 Creatore
1481 3837 1743 3893 dicturus.
1778 3838 1900 3895 Ideo

321 3926 529 3997 Moyses
554 3926 766 3996 quidem
792 3968 808 3992 ,
838 3928 936 3981 etsi
962 3927 1221 3982 minorem
1254 3929 1541 3983 creationis
1568 3940 1768 4000 partem
1804 3947 1900 4001 ag-

320 4017 593 4085 grediatur
621 4018 638 4084 (
666 4017 796 4071 nihil
841 4018 981 4072 enim
1022 4018 1175 4073 nobis
1195 4017 1262 4072 de
1288 4020 1639 4075 invisibilibus
1670 4031 1899 4090 potesta-

325 4111 463 4164 tibus
502 4110 779 4179 narravit)
805 4151 820 4175 ,
869 4111 920 4164 in
952 4110 1057 4163 illis
1082 4120 1331 4165 versatur
1362 4131 1374 4166 :
1413 4112 1498 4167 hic
1526 4129 1652 4169 vero
1673 4154 1687 4179 ,
1718 4116 1806 4183 qui
1833 4114 1898 4168 ad

324 4204 495 4271 ipsum
548 4200 859 4257 Creatorem
908 4202 1197 4257 ascendere
1250 4202 1501 4271 festinat,
1552 4204 1673 4274 jure
1724 4206 1900 4259 omnia

322 4296 684 4364 pnetercurrit
704 4336 718 4359 ,
748 4302 805 4350 et
844 4294 956 4348 haec
979 4309 1098 4365 qua:
1144 4295 1234 4350 ille
1271 4295 1441 4363 dixit,
1472 4305 1526 4350 et
1554 4311 1613 4352 ea
1645 4313 1761 4367 qua:
1789 4298 1901 4366 ipse

322 4388 519 4452 tacuit,
565 4390 747 4456 paucis
786 4389 1157 4457 complectitur
1179 4427 1194 4455 ,
1230 4387 1414 4442 Omnia
1453 4406 1542 4459 per
1579 4391 1743 4460 ipsum
1769 4391 1904 4460 facta

321 4489 456 4533 ιηηι.
491 4479 568 4533 Ne
594 4494 722 4533 vero
752 4487 903 4548 putes
932 4479 1101 4547 ipsum
1131 4494 1192 4533 ea
1224 4488 1424 4533 tantum
1451 4495 1751 4535 memorare
1783 4498 1902 4551 qua:

323 4570 534 4641 Moyses
559 4570 823 4635 narravit,
852 4571 1153 4641 subjungit,
1187 4569 1257 4625 Et
1293 4573 1402 4625 sine
1442 4572 1552 4643 ipso
1597 4575 1787 4643 factum
1830 4583 1903 4628 est

323 4666 453 4717 nihil
471 4664 607 4734 quod
636 4669 823 4734 factum
842 4681 862 4719 :
888 4665 991 4720 hoc
1016 4673 1127 4728 est,
1162 4666 1243 4719 Ex
1267 4665 1430 4720 rebus
1460 4667 1631 4731 factis,
1658 4667 1770 4721 sive
1798 4668 1901 4722 sub

324 4768 597 4828 aspectum
619 4799 634 4821 ,
666 4759 779 4811 sive
805 4758 902 4813 sub
929 4759 1252 4812 intellectum
1282 4766 1485 4812 tantum
1511 4758 1742 4824 cadant,
1775 4758 1904 4812 nihil

323 4853 439 4906 sine
470 4850 589 4905 Filii
633 4851 824 4905 virtute
854 4850 1166 4919 productum
1211 4861 1311 4904 est.
1359 4850 1542 4919 Neque
1583 4851 1725 4905 enim
1766 4867 1905 4921 pun-

322 4956 470 4997 ctum
496 4959 825 5013 apponemus
848 4954 966 5011 post
987 4942 1138 5008 illud,
1156 4942 1324 5008 Nihil,
1351 4953 1405 4996 ut
1424 4943 1661 4998 haeretici
1684 4945 1902 4998 faciunt.

326 5034 404 5088 Illi
434 5036 578 5090 enim
607 5050 727 5089 cum
768 5035 934 5090 velint
966 5035 1219 5103 Spiritum
1249 5043 1484 5089 creatum
1513 5049 1634 5089 esse
1655 5074 1673 5095 ,
1715 5036 1785 5089 ita
1828 5036 1906 5090 le-

325 5137 459 5195 gunt
490 5144 504 5179 :
543 5126 695 5193 Quod
717 5127 907 5194 factum
940 5136 1034 5189 est,
1066 5127 1120 5179 in
1146 5127 1258 5195 ipso
1295 5128 1395 5179 vita
1432 5135 1559 5181 erat.
1592 5132 1662 5181 At
1685 5128 1763 5181 sic
1793 5129 1907 5181 haec

328 5217 475 5271 nullo
518 5217 681 5271 modo
710 5217 931 5286 intelligi
974 5226 1239 5285 poterunt.
1290 5216 1469 5271 Primo
1509 5216 1649 5271 enim
1682 5216 1769 5270 hic
1799 5231 1903 5270 non

327 5319 625 5379 opportuna
655 5308 883 5378 Spiritus
909 5309 1108 5363 mentio
1142 5317 1320 5363 esset:
1350 5308 1491 5377 quod
1528 5310 1571 5362 si
1613 5308 1821 5363 tandem
1855 5307 1906 5362 id

329 5402 603 5462 voluisset,
632 5415 727 5454 cur
756 5410 861 5453 tam
891 5400 1115 5454 obscure
1142 5400 1390 5469 loquutus
1408 5399 1587 5453 esset?
1609 5397 1746 5453 unde
1766 5397 1905 5451 enim

331 5501 539 5545 constat
583 5491 686 5545 hoc
721 5491 788 5545 de
815 5490 1010 5559 Spiritu
1040 5490 1238 5545 dictum
1267 5490 1423 5544 esse?
1448 5489 1690 5557 Alioquin
1730 5498 1906 5542 autem

336 5582 624 5637 Secundum
654 5582 791 5635 hanc
811 5582 1004 5635 seriem
1031 5580 1425 5650 comperiemus
1443 5620 1457 5644 ,
1482 5593 1586 5633 non
1610 5577 1863 5648 Spiritum
1889 5617 1905 5643 ,

336 5675 427 5729 sed
472 5674 645 5745 ipsum
691 5672 885 5728 Filium
914 5689 1008 5743 per
1035 5673 1265 5744 seipsum
1303 5671 1499 5728 factum
1540 5684 1680 5727 esse.
1711 5668 1905 5725 Verum

399 5810 472 5873 ta)
502 5810 557 5862 Id
591 5817 688 5873 est,
706 5808 1080 5862 ﬁrmamentum.

2006 2708 2283 2777 attendite,
2308 2725 2379 2765 ne
2403 2725 2498 2765 vos
2526 2710 2627 2766 hoc
2652 2710 2851 2767 dictum
2871 2711 3114 2781 effugiat;
3143 2720 3197 2767 et
3219 2727 3316 2783 age
3356 2711 3567 2767 interim

2000 2800 2067 2854 ad
2099 2800 2303 2855 illorum
2334 2816 2533 2856 morem
2562 2804 2800 2873 legamus
2832 2821 2845 2856 :
2875 2802 2975 2857 hoc
3018 2812 3172 2872 pacto
3218 2803 3358 2856 enim
3401 2804 3570 2855 mani-

2001 2892 2183 2947 festior
2210 2893 2312 2947 erit
2338 2892 2633 2947 absurditas
2663 2912 2674 2946 :
2711 2893 2857 2958 Quod
2884 2897 3072 2963 factum
3105 2902 3175 2947 est
3201 2934 3216 2960 ,
3249 2894 3303 2946 in
3333 2894 3442 2963 ipso
3470 2894 3569 2946 vita

2005 2993 2133 3036 erat.
2161 2982 2334 3037 Vitam
2363 2982 2448 3037 hic
2476 2983 2727 3053 Spiritum
2757 2984 3051 3052 signiﬁcare
3078 2983 3278 3039 dicunt.
3321 2982 3426 3038 Sed
3462 2984 3570 3039 vita

2002 3076 2162 3130 etiam
2206 3066 2295 3128 lux
2344 3075 2602 3143 appellata
2635 3073 2719 3127 hic
2753 3075 3017 3140 occurrit;
3063 3074 3273 3143 subjicit
3297 3073 3474 3137 enim,
3504 3072 3570 3126 Et

2000 3165 2101 3217 vita
2144 3174 2251 3218 erat
2282 3163 2372 3218 lua:
2400 3165 2679 3218 hominum.
2710 3162 3011 3220 Secundum
3058 3164 3180 3218 illos
3226 3179 3353 3234 ergo
3398 3164 3569 3218 lucem

2003 3257 2275 3311 hominum
2307 3256 2393 3310 hic
2422 3256 2677 3327 Spiritum
2704 3255 2851 3310 dicit.
2882 3254 3018 3323 Quid
3061 3255 3256 3325 igitur?
3281 3253 3411 3309 Cum
3441 3254 3567 3308 subo

2003 3351 2100 3413 dit,
2127 3350 2250 3404 Fuit
2278 3352 2426 3405 homo
2454 3351 2633 3404 missus
2662 3367 2694 3403 a
2718 3349 2844 3414 Deo,
2867 3358 2919 3403 ut
2939 3349 3272 3403 testimonium
3296 3347 3576 3417 perhiberet

2003 3443 2065 3497 de
2094 3443 2301 3508 lumine,
2331 3456 2550 3496 necesse
2576 3452 2659 3497 est
2699 3451 2755 3494 ut
2779 3440 2977 3504 dicant,
3011 3439 3112 3493 hoc
3140 3440 3296 3492 etiam
3340 3438 3406 3493 de
3447 3438 3571 3508 Spi-

2002 3537 2106 3590 ritu
2149 3536 2392 3605 prolerri.
2437 3534 2573 3588 Eum
2616 3534 2756 3589 enim
2785 3547 2939 3601 quem
2970 3546 3129 3600 supra
3156 3529 3385 3585 Verbum
3412 3529 3573 3595 dixit,

2002 3628 2055 3681 in
2085 3627 2424 3695 sequentibus
2454 3627 2640 3689 Deum,
2670 3625 2852 3687 vitam,
2882 3633 2936 3677 et
2962 3623 3132 3677 lucem
3159 3621 3414 3674 nominat.
3461 3619 3575 3672 Vim

2003 3728 2129 3783 erat,
2162 3719 2352 3788 inquit,
2384 3716 2485 3770 hoc
2510 3715 2739 3770 Verbum
2764 3753 2782 3781 ,
2826 3722 2880 3769 et
2906 3712 3019 3767 hare
3045 3713 3155 3781 ipsa
3189 3711 3291 3764 vita
3319 3711 3406 3764 lux
3434 3720 3573 3765 erat.

2003 3810 2059 3865 Si
2108 3812 2283 3879 itaque
2324 3809 2555 3864 Verbum
2597 3806 2704 3861 vita
2746 3815 2903 3870 erat;
2933 3804 3163 3860 Verbum
3193 3813 3403 3866 autem,
3432 3801 3575 3871 quod

2007 3911 2088 3955 est
2119 3900 2224 3953 vita
2256 3901 2271 3931 ¹
2296 3940 2312 3965 ,
2344 3913 2469 3953 caro
2509 3897 2704 3952 factum
2729 3902 2849 3951 est:
2881 3895 2984 3949 vita
3010 3909 3134 3949 caro
3162 3892 3297 3948 facta
3327 3902 3441 3957 est,
3474 3892 3579 3947 hoc

2004 4002 2107 4055 est,
2136 3990 2402 4055 Verbum;
2427 4001 2478 4043 et
2506 3990 2621 4058 ejus
2657 3989 2879 4060 gloriam
2910 3988 3138 4042 vidimus
3158 4028 3174 4053 ,
3206 3988 3355 4056 quasi
3382 3986 3574 4057 Unige-

2005 4083 2097 4136 niti
2120 4099 2148 4136 a
2174 4082 2351 4135 Patre.
2380 4080 2434 4134 Si
2459 4093 2586 4148 ergo
2610 4079 2783 4131 dicant
2809 4076 3059 4147 Spiritum
3084 4076 3171 4130 hic
3191 4077 3349 4129 vitam
3376 4076 3577 4142 vocari,

2004 4176 2127 4231 vide
2154 4184 2346 4244 quanta
2376 4172 2604 4227 absurda
2633 4181 2943 4241 sequantur.
2978 4170 3205 4239 Spiritus
3233 4169 3374 4223 enim
3406 4168 3576 4222 incar-

2007 4276 2161 4320 natus
2201 4264 2400 4330 l‘uerit,
2449 4279 2553 4318 non
2602 4262 2767 4316 Filius
2802 4280 2814 4315 :
2846 4261 3076 4330 Spiritus
3124 4260 3227 4313 erit
3280 4258 3579 4328 nnigenitus

1938 4380 1941 4381 ν
2005 4358 2191 4412 Filius.
2224 4356 2279 4411 Si
2312 4372 2414 4410 non
2447 4356 2517 4408 ita
2546 4369 2633 4409 res
2663 4353 2844 4417 fuerit,
2892 4353 3017 4407 dum
3064 4351 3166 4405 huc
3209 4350 3480 4420 eﬁ'ugient,
3524 4350 3577 4404 iu

2006 4449 2149 4503 aliud
2193 4449 2350 4517 longe
2392 4445 2673 4501 absurdius
2705 4444 2939 4499 incident
2980 4445 3050 4497 ita
3079 4444 3333 4512 legentes.
3363 4442 3494 4496 Nam
3532 4443 3579 4497 si

2006 4540 2355 4594 conﬁteantur
2382 4536 2505 4591 illud
2537 4536 2604 4591 de
2632 4536 2770 4590 Filio
2797 4534 2995 4589 dictum
3026 4547 3143 4588 esse
3162 4573 3178 4599 ,
3207 4548 3376 4602 neque
3420 4533 3583 4587 inter-

2008 4639 2260 4702 pungant,
2292 4645 2391 4683 nec
2417 4629 2596 4699 legant
2622 4636 2682 4682 ut
2710 4643 2806 4682 nos
2832 4626 3055 4696 legimus
3074 4666 3090 4692 ,
3129 4625 3300 4693 ipsum
3329 4623 3518 4677 Filium
3549 4640 3578 4677 a

2007 4725 2183 4793 seipso
2231 4722 2423 4777 factum
2464 4737 2584 4777 esse
2622 4721 2799 4776 dicant
2838 4728 3067 4789 oportet.
3100 4717 3156 4772 Si
3178 4717 3320 4771 enim
3346 4716 3581 4770 Verbum

2009 4817 2112 4869 vita
2135 4822 2281 4878 erat;
2313 4815 2355 4868 si
2395 4813 2535 4884 quod
2566 4813 2758 4867 factum
2792 4822 2906 4877 est,
2937 4812 2988 4866 in
3026 4812 3140 4880 ipso
3169 4810 3273 4863 vita
3305 4817 3459 4864 erat:
3492 4807 3584 4875 ip-

2009 4924 2127 4962 sum
2156 4909 2206 4961 in
2235 4909 2410 4977 seipso
2449 4918 2504 4962 et
2550 4922 2645 4976 pcr
2683 4907 2916 4975 seipsum
2953 4905 3145 4958 factum
3175 4911 3255 4958 est
3293 4900 3582 4956 secundum

2011 5000 2148 5055 hanc
2177 5001 2475 5054 lectionem.
2506 4998 2705 5053 Deinde
2744 4997 3061 5068 quibusdam
3097 4996 3422 5065 interpositis
3447 4994 3584 5064 adji-

2009 5092 2117 5147 cit:
2149 5090 2215 5144 Et
2240 5092 2453 5145 vidimus
2493 5091 2707 5161 gloriam
2732 5090 2839 5158 ejus
2862 5131 2876 5154 ,
2913 5088 3127 5159 gloriam
3155 5089 3298 5157 quasi
3331 5086 3586 5157 Unigeniti

2010 5202 2042 5237 a
2084 5182 2255 5237 Patre.
2291 5184 2428 5237 Ecce
2458 5181 2749 5237 secundum
2799 5181 3011 5235 illorum
3055 5181 3145 5250 qui
3191 5180 3260 5233 ita
3302 5178 3587 5248 loquuntur

2011 5276 2291 5332 lectionem
2318 5275 2543 5343 Spiritus
2569 5284 2780 5328 sanctus
2798 5315 2811 5336 ,
2843 5273 3141 5342 unigenitus
3168 5286 3285 5326 esse
3306 5269 3468 5323 Filius
3493 5268 3588 5323 de-

2013 5367 2376 5436 prehenditur.
2412 5365 2487 5419 De
2528 5366 2620 5418 illo
2644 5366 2784 5419 enim
2814 5364 2928 5418 haec
2956 5364 3131 5418 omnis
3157 5362 3388 5416 narratio
3430 5362 3587 5414 insti-

2013 5457 2195 5509 tuitur.
2218 5455 2507 5519 Videtisne,
2535 5453 2745 5524 quando
2767 5469 2797 5506 a
2821 5453 3043 5507 veritate
3068 5465 3246 5507 sermo
3273 5450 3505 5512 aberrat,
3535 5449 3587 5503 in

2014 5563 2133 5617 qure
2163 5546 2452 5616 praecipitia
2479 5546 2668 5612 abeat;
2698 5553 2752 5600 et
2791 5553 2920 5614 quot
2955 5542 3184 5599 absurda
3214 5542 3424 5612 pariat?
3451 5540 3589 5607 Quid

2034 5674 2049 5701 ¹
2072 5688 2212 5748 Juxta
2244 5681 2449 5748 Boisium
2478 5681 2583 5730 hac
2606 5679 2773 5748 ,_quoc_l_
2801 5684 2870 5729 est
2910 5678 3007 5729 vita
3031 5672 3279 5748 ,‘dele‘nda
3313 5679 3438 5748 sunt:
3456 5673 3589 5748 Hane

2010 5755 2129 5789 vero
2152 5745 2548 5854 igninumuouem,
2576 5737 2635 5792 ad
2656 5737 2840 5793 "nullius
2863 5738 3158 5803 exemplaris
3178 5737 3341 5800 ﬁdem,
3356 5737 3592 5788 inducere

2014 5815 2165 5866 aggre
2202 5818 2214 5853 ι
2237 5817 2313 5854 ur.
