4074 6374
429 409 498 464 55
1144 407 1205 462 S.
1238 406 1514 463 JOANNIS
1550 405 2025 462 CIIRYSOSTOMI
2070 405 2384 462 ARCIIIEP.
2413 407 2941 466 CONSTANTINOP.
3614 419 3682 475 56

432 523 626 594 igitur?
677 523 924 591 Spiritus,
975 521 1201 590 inquies,
1253 537 1358 574 non
1397 530 1481 575 est.
1514 521 1642 574 lux?
1672 520 1765 574 Est
1789 520 2000 589 quidem

432 617 538 677 lux,
570 630 752 668 verum
783 615 869 667 hic
907 629 1011 667 nou
1041 614 1109 668 de
1137 613 1226 666 illo
1255 612 1428 682 agitur
1456 629 1468 662 :
1498 612 1921 682 quandoquidem
1952 622 2006 666 et.

431 709 570 760 Deus
592 707 836 776 Spiritus,
865 705 965 759 hoc
990 716 1088 767 est,
1115 705 1490 773 incorporeus;
1517 705 1607 757 sed
1638 719 1740 757 non
1769 704 2006 757 ubicum-

431 814 537 866 que
566 800 794 868 Spiritus
823 800 1041 861 dicitur,
1072 799 1234 852 Deum
1280 813 1399 852 esse
1433 797 1752 851 declaratur.
1787 797 1854 851 Et
1881 796 2002 865 quid

432 890 664 952 miraris,
696 891 737 942 si
771 890 819 942 id
848 891 913 943 de
943 889 1097 942 Patre
1118 889 1394 942 dicamus?
1423 889 1603 958 Neque
1633 890 1776 942 enim
1805 887 1872 942 de
1901 889 2000 942 Pa.

434 982 634 1033 racleto
663 997 872 1050 quoque
905 981 952 1033 id
984 980 1277 1034 dixerimus
1301 1023 1314 1043 ,
1352 981 1492 1050 quod
1540 980 1855 1049 ubicumque
1883 973 2004 1048 Spil

432 1074 568 1125 ritus
605 1072 834 1135 dicitur,
877 1071 926 1124 id
966 1071 1034 1125 dc
1072 1072 1346 1126 Paracleto
1387 1073 1740 1141 intelligatur:
1767 1073 2006 1140 quamvis

434 1163 537 1216 hoc
565 1180 759 1216 nomen
794 1165 890 1230 ipsi
921 1165 1149 1218 maxime
1175 1173 1442 1232 cmnpetat
1468 1182 1481 1218 :
1511 1173 1740 1217 attamen
1772 1163 1855 1215 ubi
1889 1161 2009 1230 Spi-

432 1256 566 1308 ritus
588 1255 798 1322 legitur,
824 1269 928 1307 non
951 1270 1160 1323 semper
1180 1254 1482 1308 Paracletus
1507 1264 1588 1307 est
1615 1254 2004 1323 intelligendus.

433 1345 564 1399 Nam
593 1357 645 1398 et
671 1346 911 1399 Christus
941 1347 1030 1398 Dei
1058 1345 1225 1399 virtus
1250 1356 1304 1399 et
1336 1347 1426 1398 Dei
1455 1346 1712 1414 sapientia
1743 1355 1960 1398 Vocatur
1989 1362 2002 1408 ;

433 1445 489 1488 at
516 1452 618 1489 non
651 1453 863 1503 semper
890 1437 975 1491 ubi
1007 1437 1098 1490 Dei
1130 1439 1295 1489 virtus
1317 1445 1370 1490 et
1401 1437 1490 1489 Dei
1513 1436 1766 1504 sapientia
1794 1434 2004 1500 dicitur,

435 1527 674 1581 Christus
697 1528 1018 1581 1indicatur.
1067 1527 1153 1582 Sic
1199 1536 1253 1580 et
1292 1527 1394 1582 hoc
1440 1528 1554 1582 loco
1579 1569 1591 1591 ,
1623 1528 1745 1581 licet
1782 1527 2008 1597 Spiritus

437 1619 700 1673 illuminet
720 1660 732 1682 ,
763 1635 864 1670 non
898 1628 1073 1672 tamen
1105 1619 1171 1672 de
1204 1619 1317 1688 ipso
1346 1635 1486 1672 nunc
1515 1619 1746 1688 loquitur
1783 1634 2008 1688 evange-

437 1709 577 1763 lista.
621 1713 866 1764 Attamen
909 1710 990 1763 his
1028 1711 1257 1766 exclusis
1299 1711 1544 1765 absurdis
1566 1711 1876 1776 ratiociniis,
1909 1712 2008 1777 illi,

435 1802 523 1869 qui
552 1816 762 1869 semper
791 1803 996 1855 veritati
1027 1814 1338 1872 repugnant,
1367 1804 1546 1857 dicere
1577 1819 1678 1856 non
1706 1803 1966 1858 desistunt
1994 1822 2005 1856 :

444 1893 594 1958 Quod
616 1894 803 1961 factum
832 1904 923 1959 est,
954 1895 1004 1947 in
1032 1896 1140 1963 ipso
1167 1896 1264 1948 vita
1288 1905 1393 1948 erat
1416 1894 1482 1966 (v.
1509 1896 1596 1966 14)
1619 1912 1631 1959 ;
1659 1895 1707 1947 id
1732 1905 1832 1960 est,
1861 1895 2010 1962 Quod

438 1988 632 2039 factum
677 1997 758 2039 est
804 1989 910 2038 vita
962 1996 1094 2040 erat.
1148 1987 1282 2052 Quid
1331 1986 1530 2057 igitur?
1566 2002 1631 2040 an
1659 1986 2008 2041 Sodomorum

437 2079 777 2148 supplicium,
824 2079 1101 2139 diluvium,
1145 2079 1387 2148 gebenna
1436 2089 1490 2132 et
1532 2078 1679 2132 mille
1705 2093 1790 2131 res
1831 2076 2012 2146 hujus-

438 2173 580 2228 modi
619 2173 726 2227 vita
765 2182 916 2227 erant
935 2175 959 2224 ?
991 2173 1093 2228 Sed
1134 2174 1200 2227 de
1226 2172 1496 2227 creatione
1525 2171 1675 2226 nobis
1702 2178 1784 2225 est
1811 2185 2008 2234 sermu,

439 2266 700 2338 inquiunt.
735 2269 887 2322 (Zcrte
913 2269 1000 2321 illa
1029 2283 1239 2338 quoque
1272 2268 1336 2319 ad
1373 2267 1698 2319 creationem
1726 2264 2010 2334 pertinent.

445 2357 636 2414 Verum
666 2370 722 2412 ut
749 2358 959 2412 aliunde
985 2359 1142 2414 etiam
1184 2359 1393 2411 illorum
1433 2357 1747 2410 sententiam
1792 2354 2015 2408 validius

439 2451 775 2505 confutemus
805 2492 818 2514 ,
873 2450 1314 2520 interrogabimus
1377 2450 1494 2502 illos
1545 2466 1558 2501 :
1606 2448 1739 2502 Nmn
1789 2463 2010 2518 quwso,

440 2546 641 2613 lignum
682 2546 785 2598 vita
818 2544 940 2598 cst?
973 2561 1095 2597 num
1126 2544 1280 2612 lapis,
1313 2543 1544 2596 inanima
1591 2542 1705 2595 lucc
1747 2551 1800 2595 et
1829 2541 2017 2594 immo-

441 2637 606 2692 bilia?
647 2654 712 2692 an
761 2637 923 2691 homo
964 2637 1182 2690 omnino
1212 2637 1315 2689 vita
1347 2636 1463 2690 est?
1491 2635 1680 2703 Ecquis
1726 2633 1825 2686 hoc
1868 2633 2018 2687 dixe-

442 2731 547 2783 rit?
576 2729 688 2783 Non
716 2732 857 2784 enim
886 2731 998 2798 ipsa
1026 2730 1130 2783 vita
1163 2729 1323 2783 homo
1351 2770 1362 2790 ,
1390 2728 1483 2782 sed
1512 2729 1632 2782 vitae
1661 2742 1828 2796 capax
1857 2726 2016 2780 homo

442 2830 541 2876 est.

512 2911 565 2965 '2.
601 2911 733 2965 Vide
783 2927 990 2966 rursum
1035 2912 1118 2965 hic
1161 2911 1539 2966 absurditatem
1574 2930 1587 2965 :
1617 2927 1736 2964 nam
1770 2913 1905 2965 hanc
1930 2925 2021 2966 se-

443 3017 668 3070 quemur
710 3001 917 3056 dicendi
961 3003 1154 3055 seriem
1179 3044 1194 3065 ,
1225 3012 1283 3054 ut
1309 3001 1431 3056 hinc
1459 3017 1641 3055 eorum
1667 3002 2018 3070 insipientiam

445 3095 733 3149 discamus.
775 3096 862 3149 Sic
906 3095 1036 3148 nihil
1076 3111 1294 3164 usquatn
1326 3095 1399 3148 illi
1431 3095 1611 3148 dicunt
1638 3095 1776 3165 quod
1803 3096 2022 3165 Spiritui

445 3197 751 3255 eontpetere
792 3187 978 3255 possit.
1029 3186 1310 3254 Postquam
1352 3187 1492 3240 enim
1525 3187 1645 3241 inde
1671 3187 2020 3250 exciderunt,

447 3279 746 3334 hominibus
778 3280 864 3332 illa
889 3279 1210 3344 adscribunt,
1244 3295 1358 3348 quae
1380 3280 1446 3334 de
1473 3281 1667 3348 Spiritu
1698 3280 1854 3350 digne
1882 3280 2020 3334 dicta

447 3374 612 3427 fuisse
633 3373 901 3442 putabant.
921 3372 1183 3427 Ca:terum
1207 3373 1314 3442 jam
1339 3374 1616 3428 lectionem
1639 3375 2019 3428 examinemus.

447 3466 701 3519 Creatura
725 3481 862 3519 nunc
886 3466 986 3517 vita
1011 3466 1228 3525 dicitur;
1255 3482 1380 3534 ergo
1404 3466 1492 3518 lux
1523 3467 1679 3519 etiam
1708 3476 1790 3521 est
1819 3485 1831 3520 :
1855 3466 2025 3536 deque

450 3557 538 3609 illa
563 3557 932 3609 testilicaturns
950 3536 1094 3610 venit
1122 3555 1371 3610 Joannes.
1401 3557 1510 3610 Cur
1537 3573 1663 3626 ergo
1697 3573 1800 3612 non
1829 3567 1882 3612 et
1911 3559 2025 3628 ipse

451 3645 537 3698 lux
570 3647 686 3701 est?
712 3645 842 3700 Nam
872 3645 992 3700 Non
1015 3657 1119 3700 erat
1141 3647 1228 3700 ille
1252 3647 1360 3711 luat,
1390 3647 1576 3716 inquit.
1605 3649 1762 3718 Atqui
1785 3665 1849 3703 ex
1876 3664 2025 3703 crea-

451 3747 686 3792 turarum
731 3754 952 3793 numero
994 3749 1124 3794 erat.
1171 3741 1448 3808 Quomodo
1477 3756 1604 3810 ergo
1638 3757 1743 3795 non
1783 3749 1866 3796 est
1899 3743 2026 3795 lux?

449 3831 714 3898 quomodo
741 3830 806 3885 In
836 3834 1022 3886 mundo
1047 3841 1173 3899 erat,
1204 3842 1249 3886 et
1279 3832 1496 3886 mundus
1527 3850 1614 3903 per
1641 3835 1808 3904 ipsum
1858 3837 2024 3906 factus

451 3926 563 3979 est?
587 3933 897 3979 creaturane
927 3934 1041 3978 erat
1070 3925 1121 3979 in
1147 3934 1410 3991 creatura,
1434 3935 1486 3980 et
1503 3937 1744 3981 creatura
1769 3942 1860 3996 per
1880 3942 2028 3982 crea-

455 4025 622 4068 turam
656 4016 787 4069 l'acta
816 4016 931 4069 est?
955 4016 1220 4084 quomodo
1247 4015 1473 4070 Mundus
1499 4033 1608 4069 eum
1636 4034 1733 4070 non
1761 4019 2029 4088 cognovit?

452 4122 517 4158 an
548 4117 788 4160 creatura
818 4117 1111 4160 creaturam
1143 4123 1246 4160 non
1275 4108 1456 4161 novit?
1490 4108 1740 4177 Quotquot
1766 4118 1932 4161 autem
1950 4125 2030 4161 re-

455 4207 690 4263 ceperunt
719 4214 831 4251 eum
855 4239 870 4263 ,
900 4197 1035 4252 dedit
1063 4199 1134 4252 eis
1160 4207 1448 4268 potestatem
1480 4200 1612 4267 ﬁlios
1643 4198 1736 4252 Dei
1764 4200 1894 4268 ﬁeri.
1923 4199 2027 4255 Sed

453 4301 536 4344 sat
561 4289 688 4342 risui
709 4290 889 4342 datum
913 4299 1014 4343 est.
1047 4289 1426 4344 llaecmoastra
1456 4291 1736 4345 verborum
1762 4290 1911 4344 vobis
1935 4289 2030 4344 de-

461 4383 636 4450 iuceps
681 4381 999 4434 conl'ttlanda
1043 4382 1316 4451 relinquo,
1351 4398 1416 4435 ne
1443 4395 1542 4437 nos
1570 4383 1683 4437 haec
1713 4383 1880 4437 risum
1909 4400 2027 4438 mo-

458 4475 610 4527 vendi
637 4489 793 4528 causa
825 4475 1143 4542 permisisse
1171 4475 1464 4539 videamur,
1496 4485 1808 4546 tempusque
1835 4475 2029 4531 frustra

456 4571 706 4618 teramus.
732 4564 860 4619 Nam
885 4566 927 4618 si
959 4565 1070 4619 haec
1090 4565 1156 4620 de
1177 4566 1370 4635 Spiritu
1394 4583 1496 4620 non
1517 4567 1654 4621 dicta
1677 4549 1818 4630 sunt,
1845 4567 2030 4636 utjam

455 4655 873 4711 demonstratum
913 4669 1015 4720 est,
1059 4675 1232 4728 neque
1264 4659 1332 4714 de
1373 4670 1648 4726 creatura;
1691 4669 1744 4713 et
1787 4659 2030 4714 eamdem

458 4761 634 4804 tamen
667 4752 738 4804 illi
772 4752 1054 4806 lectionem
1096 4759 1340 4805 tueantur
1370 4769 1382 4804 :
1417 4751 1544 4806 illud
1573 4752 1808 4806 omnium
1839 4751 2030 4806 absur-

456 4841 730 4897 dissimum
771 4854 1039 4914 sequetur,
1071 4854 1127 4898 ut
1165 4845 1413 4906 diximus,
1441 4843 1582 4912 quod
1623 4844 1787 4898 Filius
1816 4858 1912 4912 per
1947 4857 2033 4898 se-

457 4934 629 5004 ipsum
669 4934 837 4988 factus
877 4936 964 4989 sit.
1009 4935 1063 4991 Si
1108 4936 1249 4990 enim
1298 4936 1385 4988 lux
1417 4950 1537 4989 vera
1580 4934 1748 4989 Filius
1787 4945 1896 5000 est;
1943 4935 2030 4989 lux

455 5034 631 5078 autem
661 5027 772 5079 Inec
801 5026 904 5079 vita
932 5036 1064 5092 erat,
1095 5027 1307 5096 vitaque
1347 5027 1399 5080 in
1447 5026 1561 5094 ipso
1605 5025 1738 5079 facta
1769 5035 1852 5079 est
1883 5043 1896 5079 :
1928 5041 2027 5080 ne-

454 5117 688 5171 cessario
711 5117 832 5170 illud
850 5117 1188 5187 consequitur
1207 5116 1495 5171 secundum
1522 5131 1705 5170 eorum
1726 5116 2027 5171 lectionem.

460 5210 580 5264 Ideo
612 5211 709 5265 hac
737 5211 931 5264 omissa
953 5252 968 5275 ,
1001 5209 1066 5264 ad
1106 5209 1390 5278 legitimam
1434 5209 1706 5262 veniamus
1749 5209 2030 5262 lectionem

457 5313 511 5356 ct
562 5304 1073 5372 interpretationem.
1117 5301 1369 5368 Qnamam
1423 5301 1509 5354 illa
1553 5301 1668 5354 est?
1708 5299 1775 5355 Ut
1820 5300 1871 5354 in
1920 5299 2033 5354 haec

455 5395 655 5458 verba,
699 5395 848 5458 Quod
896 5397 1084 5465 factum
1129 5403 1234 5458 est,
1280 5394 1622 5447 terminemus
1666 5392 2026 5445 sententiam:

455 5488 648 5542 deinde
675 5490 740 5542 ab
773 5490 872 5544 hoc
891 5489 1033 5542 dicto
1060 5487 1392 5556 incipiamus,
1420 5492 1483 5540 In
1506 5487 1616 5552 ipso
1642 5485 1742 5539 vita
1763 5493 1886 5538 erat.
1921 5483 2032 5538 Hoc

457 5589 631 5632 autem
666 5579 756 5634 ille
784 5580 895 5633 vult
924 5579 1223 5649 signiﬁcare
1255 5595 1267 5630 :
1302 5578 1428 5631 Sine
1455 5577 1562 5646 ipso
1594 5579 1782 5646 factum
1808 5583 1881 5626 est
1906 5572 2034 5625 nihil

457 5674 591 5742 quod
611 5672 801 5740 factum
825 5682 916 5726 est.
947 5672 1002 5727 Si
1029 5671 1174 5742 quid,
1210 5671 1395 5741 inquit,
1429 5669 1624 5726 factum
1651 5675 1751 5734 est,
1775 5665 1890 5722 sine
1917 5665 2032 5734 ipso

518 5843 536 5870 ί
574 5834 627 5885 la
659 5828 819 5882 Morel.
849 5831 1046 5894 legitur,
1070 5831 1230 5883 Filius.

2115 519 2306 574 factum
2339 537 2443 575 non
2471 537 2571 578 εει.
2605 524 2788 579 Viden‘
2811 527 3078 596 quomodo
3104 544 3199 598 per
3222 530 3380 586 breve
3409 532 3506 586 hoc
3535 536 3682 588 addi-

2112 623 2401 666 tamentum
2432 614 2656 668 absurda
2684 618 2857 668 omnia
2901 635 3017 685 qtue
3056 621 3278 674 suboriri
3311 633 3552 690 poterant
3580 628 3679 679 eli-

2111 701 2363 756 minavit?
2407 703 2507 756 Per
2546 703 2593 757 id
2635 707 2774 759 enim
2810 708 2948 775 quod
2980 708 3187 774 intulit,
3219 711 3342 765 Sine
3363 714 3470 780 ipso
3494 716 3682 780 frictum

2111 803 2182 846 est
2205 793 2348 858 nihil,
2377 804 2429 848 et
2454 811 2548 864 per
2572 796 2700 850 illud
2733 798 2986 863 additum,
3019 801 3166 866 Quod
3186 808 3377 871 factum
3403 815 3494 865 est;
3530 806 3681 858 intel-

2113 885 2354 938 lectualia
2382 887 2538 940 simul
2565 889 2988 966 comprehendit.
3016 891 3374 961 Spiritmnque
3400 896 3677 948 subtraxit.

2113 973 2241 1029 Cum
2272 976 2411 1029 enim
2439 977 2678 1042 dixiSSet,
2706 978 2888 1033 Omnia
2911 998 2999 1049 per
3017 983 3180 1049 ipsum
3203 986 3334 1052 facta
3354 995 3490 1046 sunt,
3512 997 3556 1039 et
3577 987 3685 1038 sine

2115 1067 2222 1132 ipso
2250 1070 2439 1136 factum
2467 1078 2537 1122 est
2567 1069 2693 1122 nihil
2718 1085 2736 1123 :
2765 1087 2832 1124 ne
2858 1073 2975 1140 quis
3000 1074 3217 1137 diceret,
3248 1075 3299 1128 Si
3331 1077 3527 1140 omnia,
3553 1092 3682 1144 ergo

2115 1157 2342 1226 Spiritus
2371 1176 2464 1227 per
2489 1161 2656 1228 ipsum
2688 1161 2858 1216 factus
2885 1173 2964 1217 cst
2985 1206 2997 1225 ,
3032 1164 3135 1218 hoc
3162 1167 3520 1220 additamenta
3549 1183 3682 1236 opus

2117 1251 2230 1302 luit.
2274 1249 2383 1318 Ego
2403 1291 2418 1314 ,
2459 1252 2648 1320 inquit,
2677 1254 2720 1305 si
2751 1254 2873 1321 quid
2905 1253 3098 1308 factum
3131 1265 3231 1319 est,
3261 1257 3362 1310 hoc
3391 1273 3482 1326 per
3511 1259 3680 1327 ipsmn

2116 1337 2308 1392 factum
2351 1355 2470 1394 esse
2505 1342 2648 1407 dixi;
2697 1344 2806 1396 sive
2837 1344 3116 1410 invisibile,
3149 1348 3260 1400 sive
3289 1348 3680 1417 incorporeum,

2116 1433 2228 1485 sive
2253 1432 2304 1485 in
2335 1433 2465 1486 carlo
2486 1435 2501 1465 ι
2533 1433 2726 1488 factum
2754 1436 2842 1490 sit.
2882 1435 3004 1490 Ideo
3035 1454 3137 1491 non
3173 1439 3484 1506 simpliciter
3507 1439 3681 1493 omnia

2115 1524 2251 1588 dixi;
2283 1526 2376 1580 sed
2405 1527 2451 1580 si
2479 1527 2604 1597 quid
2635 1527 2828 1582 factum
2849 1538 2930 1583 est
2955 1549 2966 1583 :
2992 1529 3092 1584 hoc
3116 1539 3216 1595 est,
3237 1547 3353 1599 quae
3380 1531 3514 1586 facta
3539 1542 3680 1584 sunt.

2116 1622 2342 1687 Spiritus
2365 1637 2490 1676 vero
2515 1621 2682 1676 factus
2715 1640 2815 1676 non
2839 1635 2939 1677 e5t.
2958 1624 3138 1678 Viden’
3166 1637 3462 1678 accuratam
3489 1625 3685 1679 doctri-

2119 1715 2274 1768 nam?
2297 1715 2496 1768 Rerum
2523 1715 2795 1768 sensilium
2826 1721 3145 1770 creationem
3175 1718 3503 1781 memoravit,
3526 1732 3681 1786 quam

2118 1817 2269 1859 antea
2302 1807 2508 1878 Moyses
2534 1807 2783 1861 docuerat
2818 1826 2831 1861 :
2862 1807 3050 1862 deinde
3070 1808 3178 1877 jam
3211 1809 3436 1861 imbutos
3463 1809 3527 1861 ad
3555 1808 3686 1862 sub-

2119 1899 2323 1952 limiora
2350 1899 2571 1966 ducens,
2600 1900 2906 1968 incorporea
2941 1916 3130 1970 nempe
3157 1909 3210 1954 et
3235 1902 3537 1965 invisibilia,
3565 1902 3685 1970 Spi-

2119 1991 2274 2042 ritutn
2297 2001 2536 2045 sanctum
2557 1991 2624 2044 ab
2643 1992 2784 2045 omni
2805 2001 3043 2046 creatura
3074 1991 3321 2060 sejunxit.
3349 1994 3436 2047 Sic
3464 2002 3516 2046 et
3546 1992 3686 2046 Pau-

2118 2083 2201 2136 lus
2239 2085 2336 2137 hac
2381 2085 2548 2153 gratia
2597 2085 2881 2153 inspiratus
2916 2086 3124 2140 dicebat
3156 2103 3168 2139 :
3203 2085 3450 2150 Quoniam
3489 2086 3541 2138 in
3578 2087 3694 2155 ipso

2119 2184 2286 2227 creata
2315 2185 2432 2228 sunt
2462 2176 2630 2229 omnia
2654 2175 2787 2245 (Col.
2814 2178 2864 2230 Ι.
2890 2177 3000 2246 16).
3029 2176 3125 2230 Hic
3151 2192 3276 2230 vero
3301 2192 3507 2230 rursum
3538 2193 3685 2230 eam-

2118 2265 2240 2321 dem
2285 2269 2674 2322 accurationem
2726 2271 2976 2323 observes
3027 2270 3206 2323 velim.
3269 2270 3409 2324 idem
3459 2286 3687 2338 namque

2117 2360 2349 2429 Spiritus
2373 2361 2506 2416 hanc
2533 2377 2742 2431 quoque
2769 2361 3011 2415 movebat
3034 2361 3283 2415 animam.
3311 2360 3386 2414 Ne
3409 2361 3528 2429 quis
3548 2362 3685 2413 enim

2122 2468 2233 2506 rem
2263 2452 2448 2506 factam
2477 2456 2775 2521 quampiam
2805 2468 2832 2505 a
2868 2453 2956 2507 Dei
2986 2453 3254 2506 creatione
3281 2467 3594 2513 removeret,
3625 2469 3690 2506 co

2123 2545 2260 2612 quod
2293 2544 2404 2612 ipsa
2436 2543 2715 2598 invisibilia
2735 2553 2941 2607 essent;
2971 2558 3103 2596 neve
3135 2543 3216 2597 bis
3247 2543 3575 2597 Paraclctum
3599 2543 3690 2594 ad-

2124 2636 2405 2697 misceret,
2455 2635 2822 2704 prastermissis
2869 2633 3240 2700 scnsibilibus,
3281 2649 3399 2702 qua:
3446 2633 3691 2686 omnibus

2124 2739 2244 2780 n0ta
2273 2735 2442 2790 erant,
2470 2726 2697 2781 caelestia
2719 2734 2986 2779 enumerat
3017 2725 3100 2780 his
3118 2723 3292 2778 verbis
3321 2741 3336 2780 :
3363 2722 3479 2778 Sive
3505 2725 3687 2786 throni,

2124 2818 2226 2870 sive
2240 2818 2618 2882 dominationes,
2633 2819 2732 2872 sive
2745 2817 3076 2888 principatus,
3093 2818 3191 2870 sive
3207 2826 3468 2885 potestates
3483 2813 3534 2886 (1
3541 2813 3690 2883 bid.).

2127 2909 2256 2963 Illud
2285 2911 2447 2975 enim,
2479 2909 2616 2974 Sive,
2653 2911 2872 2976 singulis
2903 2909 3198 2976 appositum
3224 2949 3238 2972 ,
3272 2907 3398 2960 nihil
3427 2907 3566 2960 aliud
3594 2921 3693 2960 no-

2128 2999 2211 3054 bis
2237 3001 2518 3068 signilicat,
2546 3017 2702 3071 quam
2731 3001 2850 3063 hoc,
2877 3001 3060 3054 Omnia
3086 3017 3173 3069 per
3197 3002 3364 3070 ipsum
3391 3002 3527 3070 facta
3555 3009 3700 3060 sunt,

2127 3104 2172 3146 ει
2205 3096 2312 3148 sine
2345 3095 2456 3163 ipso
2492 3096 2680 3164 factum
2708 3105 2778 3147 est
2814 3092 2942 3147 nihil
2968 3094 3101 3162 quod
3129 3095 3315 3162 factum
3340 3101 3428 3146 cst.
3473 3091 3624 3157 Quod
3651 3093 3694 3144 si

2130 3187 2278 3247 illud,
2313 3186 2434 3249 Per,
2463 3186 2863 3240 diminutionem
2893 3185 3190 3256 signiﬁcare
3216 3194 3388 3254 putes,
3417 3182 3539 3236 audi
3573 3197 3696 3250 pro-

2129 3281 2342 3351 phetam
2373 3281 2633 3336 dicentem
2660 3299 2671 3333 :
2703 3278 2858 3332 initio
2889 3289 2960 3340 tu,
2981 3277 3215 3342 Domine,
3239 3288 3424 3330 terram
3451 3275 3694 3345 fundasti,

2129 3388 2174 3431 et
2219 3393 2372 3443 opera
2409 3392 2648 3428 manuum
2680 3385 2879 3426 tuarum
2909 3381 3020 3425 sunt
3049 3371 3158 3424 caeli
3189 3370 3204 3437 (
3236 3370 3378 3424 Psal.
3412 3371 3532 3424 101.
3563 3369 3632 3422 26
3656 3368 3695 3434 ).

2129 3469 2279 3535 Quod
2328 3466 2394 3520 de
2436 3466 2590 3544 Patre
2637 3475 2692 3518 nt
2731 3473 2969 3518 creatore
3016 3462 3212 3515 dictum
3255 3471 3356 3523 est,
3391 3460 3440 3513 id
3473 3460 3538 3513 de
3568 3459 3700 3511 Filio

2130 3559 2260 3612 dicit
2288 3576 2300 3610 :
2336 3575 2438 3610 non
2480 3556 2746 3620 dicturus,
2790 3554 2890 3608 nisi
2935 3562 3159 3613 creator.
3192 3567 3289 3606 nec
3319 3560 3516 3604 tantum
3547 3549 3699 3602 mini-

2131 3657 2241 3702 ster
2263 3647 2592 3700 existimatus
2615 3654 2771 3699 esset.
2805 3643 2952 3709 Quod
2983 3644 3027 3696 si
3055 3643 3137 3696 hic
3165 3641 3262 3695 Per
3283 3642 3445 3708 ipsum
3474 3640 3698 3702 dicatur,

2133 3725 2254 3795 non
2276 3742 2372 3794 alia
2403 3740 2471 3792 dc
2496 3754 2654 3794 causa
2689 3738 2915 3802 dicitur,
2947 3751 3101 3806 quam
3129 3751 3194 3788 ne
3218 3735 3336 3804 quis
3373 3732 3561 3787 Filium
3594 3749 3700 3785 non

2131 3833 2368 3902 genitum
2392 3847 2510 3886 esse
2537 3831 2856 3898 suspicetur.
2886 3827 3318 3896 Quandoquidem
3347 3825 3483 3892 quod
3512 3841 3701 3879 secun-

2133 3924 2257 3975 duut
2283 3921 2567 3975 creationis
2593 3919 2902 3989 dignitatem
2930 3916 3060 3973 nihil
3093 3917 3266 3970 minus
3296 3915 3512 3975 habeat.
3542 3931 3700 3983 quam

2134 4013 2309 4077 Pater,
2334 4013 2454 4066 audi
2483 4013 2652 4079 ipsum
2678 4011 2939 4064 dicentem
2961 4026 2974 4062 :
2994 4007 3137 4062 Sicut
3169 4007 3321 4060 Pater
3347 4008 3551 4060 suscitat
3571 4022 3704 4058 mor-

2135 4115 2246 4158 tuos
2277 4115 2322 4157 et
2351 4105 2583 4172 vivi/icat,
2614 4103 2684 4157 sic
2710 4111 2755 4154 et
2783 4100 2831 4154 F
2834 4101 2950 4154 ilius
2978 4117 3102 4168 quos
3130 4100 3234 4152 vult
3259 4099 3476 4165 vivi/teat
3508 4097 3526 4167 (
3543 4098 3700 4151 Joan.

2135 4197 2188 4250 5.
2216 4196 2334 4264 2i).
2376 4195 2432 4247 Si
2479 4196 2653 4262 itaque
2683 4192 2750 4246 de
2792 4191 2924 4244 Filio
2961 4190 3164 4244 dicatur
3203 4189 3254 4242 in
3301 4187 3478 4242 Veteri
3519 4187 3703 4241 Testa-

2137 4296 2334 4348 mento,
2369 4284 2524 4338 Initio
2553 4294 2626 4349 tu,
2657 4283 2891 4348 Domine,
2918 4291 3100 4334 ten-am
3127 4279 3354 4351 fundasti
3377 4319 3392 4344 ,
3429 4277 3706 4332 manifesta

2135 4391 2218 4434 est
2260 4377 2546 4432 creationis
2585 4376 2814 4445 dignitas
2843 4391 2856 4426 ε
2881 4374 2962 4428 sin
3000 4372 3066 4426 de
3105 4371 3260 4425 Patre
3301 4369 3609 4439 prophetam
3653 4368 3705 4422 id

2138 4473 2414 4541 loquutum
2437 4470 2654 4532 dixeris,
2685 4466 2904 4521 Paulum
2927 4475 3102 4519 autem
3128 4463 3259 4516 Filio
3288 4462 3634 4530 adscripsisse
3657 4461 3708 4514 id

2137 4563 2275 4631 quod
2306 4562 2371 4615 de
2403 4561 2555 4614 Patre
2584 4559 2781 4612 dictum
2808 4566 2951 4618 erat;
2981 4555 3203 4622 idipsum
3229 4564 3403 4607 tamen
3434 4561 3704 4621 st-quctur.

2135 4655 2320 4724 Neque
2340 4653 2481 4706 enim
2511 4651 2560 4705 id
2588 4650 2778 4705 Paulus
2807 4648 2940 4702 Filio
2964 4656 3265 4715 competere
3291 4645 3581 4710 statuisset,
3608 4644 3708 4697 nisi

2137 4746 2422 4803 admodum
2467 4755 2643 4799 certus
2666 4786 2680 4805 ,
2718 4757 2895 4812 parem
2923 4756 3041 4795 esse
3068 4740 3395 4810 dignitatem.
3441 4738 3709 4792 Extrema:

2139 4855 2366 4908 namque
2391 4836 2625 4890 audaciae
2649 4844 2812 4896 esset,
2840 4849 2900 4886 ea
2924 4849 3046 4902 quae
3074 4829 3470 4898 incomparabili
3503 4837 3706 4883 natm-te

2140 4939 2524 5000 competercnt,
2552 4927 2742 4982 minori
2770 4934 2822 4981 et
2848 4924 3088 4979 inferiori
3116 4923 3440 4976 adscribere.

2211 5026 2262 5079 5.
2289 5024 2355 5075 At
2381 5035 2551 5089 neque
2573 5023 2765 5083 minor,
2790 5031 2960 5086 neque
2983 5014 3198 5068 inferior
3223 5014 3391 5067 Patris
3414 5012 3708 5065 substantia

2141 5124 2224 5168 est
2251 5112 2434 5166 Filius.
2468 5111 2797 5178 Quapropter
2831 5122 2932 5159 non
2966 5106 3065 5159 hoc
3093 5106 3261 5158 solum
3293 5103 3360 5157 dc
3387 5103 3521 5156 Filio
3549 5117 3715 5155 ausus

2141 5217 2222 5260 est
2247 5203 2438 5259 Paulus
2466 5203 2674 5266 dicere,
2702 5199 2793 5254 sed
2823 5199 2979 5252 etiam
3008 5196 3108 5249 alia
3139 5195 3350 5248 similia.
3383 5193 3513 5248 Nam
3543 5194 3668 5247 illud
3693 5234 3708 5257 ,

2141 5297 2224 5350 Ea:
2248 5312 2362 5364 quo,
2392 5292 2532 5364 quod
2564 5302 2619 5345 tu
2647 5292 2809 5344 solius
2838 5291 3006 5344 Patris
3031 5287 3271 5357 dignitati
3297 5286 3557 5340 adscribis
3577 5326 3590 5350 ,
3624 5287 3713 5339 ille

2140 5391 2208 5442 de
2252 5387 2386 5441 Filio
2427 5385 2554 5439 dicit
2601 5384 2684 5438 his
2726 5381 2896 5436 terbis
2922 5398 2935 5434 :
2965 5380 3046 5432 Ea:
3072 5396 3167 5448 quo
3198 5388 3354 5430 totum
3381 5393 3562 5446 corpus
3581 5418 3595 5440 ,
3626 5392 3714 5444 per

2141 5494 2298 5532 nexus
2330 5485 2374 5530 et
2408 5474 2782 5542 conjunctioncs
2814 5470 3245 5524 subministratum
3273 5477 3318 5519 et
3345 5476 3708 5529 constructum,

2140 5568 2313 5623 crescit
2339 5568 2390 5618 in
2418 5573 2739 5634 augmentum
2763 5561 2854 5614 Dei
2884 5557 3111 5628 (Coloss.
3136 5557 3190 5610 ‘2.
3220 5557 3286 5610 i9
3302 5557 3342 5627 ).
3387 5554 3568 5624 Neque
3609 5553 3712 5608 hoc

2141 5661 2255 5715 solo
2279 5664 2556 5712 contentus
2577 5663 2677 5719 est,
2703 5653 2794 5706 sed
2824 5660 2876 5704 et
2901 5649 3113 5726 aliunde
3135 5647 3281 5702 vobis
3304 5647 3568 5702 obstruxit
3591 5661 3705 5711 ora,

2205 5815 2221 5845 ⁸
2259 5815 2342 5863 Alii
2374 5813 2572 5872 habent,
2595 5811 2691 5860 sive
2715 5809 2762 5858 in
2781 5805 3060 5857 hortantibus.
