4074 6374
273 399 346 456 55
1409 384 1474 439 IN
1503 379 1820 439 JUANNEM
1863 378 2099 435 ιιοιιιι..
2141 379 2208 434 v.
2251 381 2321 436 al.
2367 380 2458 435 IV.
3457 390 3526 445 δε

261 519 382 573 ἀλλ’
415 519 444 571 6
471 515 756 586 ἄνθρωπος
785 512 906 566 δλον
933 511 1046 582 ζωή
1077 527 1094 577 ;
1125 511 1234 563 Καὶ
1261 509 1343 572 τίς
1363 508 1446 592 ,ἂν
1473 505 1633 560 τοῦτο
1662 504 1841 592 εἴποις

263 603 344 660 Οὐ
370 602 481 672 γὰρ
528 597 776 669 αὑτοζωὴ
807 600 836 650 ὁ
878 595 1182 667 ἅνθρωπος,
1219 587 1528 662 ἀλλὲιζωῆς
1574 587 1840 672 δεκτικός.

341 688 410 758 β’,
434 671 572 756 Ὅρα
589 683 645 736 δέ
661 683 821 735 πάλιν
840 679 1116 734 κάνταῦθα
1136 678 1197 730 τὸ
1215 677 1432 731 ἄτοπον·
1462 673 1602 728 κατά
1615 673 1724 758 γᾴρ
1744 671 1845 739 τὴν

264 755 442 840 αὑτὴν
481 755 801 821 ἀκολουθίαν
831 765 924 816 καὶ
949 761 1179 815 ἐνταῦθα
1204 761 1294 813 τὸν
1332 760 1486 828 λόγον
1517 755 1845 840 προάξομεν,

265 838 414 908 ὥστε
473 852 663 922 μαθεῖν
698 848 795 918 τὴν
827 849 1010 901 ἄνοιαν
1050 857 1075 886 ει
1109 844 1288 900 αὑτῶν
1336 842 1650 896 κάντεῦθεν.
1693 838 1850 893 Οὕτω

265 939 378 1008 γὰρ
399 935 649 1005 οὐδαμῶς
666 933 816 986 οὐδὲν
839 930 1179 1002 ἁρμόττοντα
1201 928 1417 996 λέγουσι
1443 925 1519 994 τῷ
1547 923 1845 992 Πνεύματι.
1892 935 1898 940 ·

269 1007 444 1075 Ὀταν
475 1021 584 1088 γὰρ
617 1018 922 1070 ἐκπέσωσιν
973 1012 1202 1074 ἐκεῖθεν,
1236 1010 1543 1082 ἀνθρώποις
1573 1007 1711 1061 αὑτά
1745 1021 1848 1056 πε-

271 1109 616 1177 ριάπτουσιν,
648 1102 684 1154 ἆ
719 1100 813 1152 τοῦ
840 1097 1157 1168 Πνεύματος
1194 1095 1450 1177 ἐνόμισαν
1496 1092 1661 1177 ἀξίως
1699 1090 1851 1177 εἰρῇ-

272 1169 419 1240 σθαι.
449 1184 596 1254 Πλὴν
626 1182 761 1236 ἀλλά
795 1183 890 1234 καὶ
929 1180 1102 1243 οῦτως
1152 1176 1319 1248 αὐτὴν
1368 1175 1712 1242 ἐξετάσωμεν
1753 1169 1850 1242 τὴν

271 1273 600 1338 ἀνάγνωσιν.
637 1265 757 1336 Ζωὴ
792 1267 826 1335 ὴ
871 1265 1050 1326 κτίσις
1093 1264 1312 1330 λέγεται
1347 1260 1476 1312 νῦν·
1516 1255 1710 1310 οὐκοῦν
1754 1255 1850 1307 καὶ

271 1354 388 1421 φώς
427 1355 458 1421 ἠ
500 1351 671 1417 αὑτή-
711 1349 806 1401 καὶ
857 1350 986 1416 περὶ
1024 1347 1195 1414 αὐτῆς
1239 1340 1370 1414 ἦλθε
1419 1338 1851 1421 μαρτυρήσων-ὁ

283 1417 555 1506 imam.
581 1435 680 1486 Διά
707 1435 758 1486 τί
781 1429 873 1486 οὖν
907 1433 981 1502 μή
1009 1430 1104 1483 καὶ
1129 1428 1290 1491 αὑτός
1320 1430 1436 1479 ἐστι
1467 1424 1582 1516 ιρῶς
1601 1439 1622 1516 ;“
1641 1417 1854 1516 Θὺκνῖν

270 1525 380 1593 γὰρ
434 1521 667 1585 ἐκεῖνος
710 1519 773 1570 τὸ
824 1515 970 1586 φῶς,
1009 1515 1165 1584 φησί.
1199 1512 1391 1599 Καίτοι
1422 1507 1727 1599 καὶ-αὑτὸς
1755 1507 1854 1599 τῇς

271 1589 504 1668 κτίσεως
532 1600 621 1674 ἦν.
659 1602 782 1665 Πῶς
814 1599 906 1653 οῦν
946 1600 1046 1652 οὐκ
1094 1599 1239 1650 ἐστιν
1279 1590 1429 1656 οὗτος
1482 1591 1595 1661 φῶς
1635 1589 1693 1654 b;
1737 1589 1854 1681 πῶς

271 1693 326 1744 δὲ
379 1693 485 1744 Ἐν
531 1686 605 1752 τῷ
657 1688 861 1754 κόσμῳ
914 1681 1012 1753 ἦν,
1043 1682 1140 1734 καὶ
1175 1684 1215 1759 ,ό
1270 1681 1496 1745 κόσμος
1554 1675 1637 1759 διδ
1667 1675 1854 1759 αὑτοῦ

270 1772 512 1842 ἐγένετο
533 1773 604 1840 ;ἡ
654 1753 832 1828 κτίσις
861 1770 917 1819 ἐν
938 1769 1002 1836 τῇ
1026 1753 1200 1818 κτίσεί
1231 1759 1320 1833 ἦν,
1355 1761 1450 1814 καὶ
1493 1761 1527 1829 ἡ
1554 1758 1730 1842 κτίσις
1768 1753 1857 1842 διά

268 1838 369 1926 τῆς
421 1838 650 1918 κτίσεως
693 1854 920 1922 γέγονες
955 1851 1072 1914 πῶς
1100 1849 1156 1902 δὲ
1186 1847 1295 1902 Καὶ
1325 1848 1357 1898 ό
1396 1846 1623 1912 κόσμος
1670 1838 1858 1926 αῠτδν

271 1920 385 1994 οὑκ
412 1939 605 2008 ἓγνω;
647 1920 744 2007 την
771 1920 947 1990 κτίσιν
969 1937 1002 2004 ή
1027 1933 1203 1994 κτίσις
1236 1931 1334 1983 οὑκ
1368 1927 1542 1995 ἐγνω;
1590 1926 1762 2008 Ὅσοι
1789 1920 1858 1974 δὲ

270 2007 498 2078 ἔλαϐον
540 2022 747 2088 αὑτὸν,
810 2020 1034 2074 ἔδωκεν
1085 2015 1290 2080 αὐτοῖς
1342 2012 1634 2075 ἐξουσίαν
1675 2007 1859 2062 τέκνα

274 2108 429 2163 Θεοῦ
451 2107 750 2176 γενέσθαι.
792 2103 929 2155 Ἀλλ’
963 2101 1082 2164 ἃλις
1126 2099 1221 2153 τοῦ
1252 2098 1508 2167 γέλωτος.
1555 2093 1714 2164 Ὑμῖν
1750 2090 1859 2160 γὰρ

272 2193 482 2262 ἀφίημι
526 2190 711 2242 λοιπὸν
740 2186 1048 2251 ἐπεξελθεῖν
1069 2188 1135 2257 τῇ
1170 2183 1278 2237 τῶν
1311 2181 1485 2249 λόγων
1519 2177 1725 2262 τούτων
1772 2191 1861 2262 τες-

277 2258 493 2347 ράτεία,
526 2274 612 2327 ἵνα
644 2272 718 2342 μὴ
757 2271 913 2324 αὑτοὶ
941 2269 1102 2322 τοῦτο
1132 2268 1372 2336 δόξωμεν
1402 2261 1772 2347 προῃρῆσθαι,
1799 2258 1860 2347 τὸ

273 2343 661 2428 γελωτοποιεῖν
689 2354 896 2418 ἁπλῶς,
923 2354 1017 2406 καὶ
1045 2352 1139 2405 τὸν
1175 2351 1376 2442 γρύνον.
1393 2348 1517 2416 είκῆ
1537 2343 1862 2442 παραναλώ-

277 2459 484 2512 σωμεν.
511 2442 574 2493 Εἰ
605 2439 713 2510 γὰρ
768 2439 906 2508 μήτε
959 2435 1085 2507 περὶ
1114 2433 1208 2487 τοῦ
1240 2432 1558 2503 Πνεύματος
1582 2432 1753 2482 ταῦτα
1780 2432 1860 2512 εῖ-

278 2510 443 2600 ρηται
475 2524 686 2594 (ὧσπερ
704 2518 796 2574 οὖν
819 2519 939 2573 οὑδέ
957 2518 1194 2590 εἴρηται,
1222 2516 1405 2579 καθὼς
1435 2510 1857 2580 ἀποδέδεικται),

281 2597 422 2680 μήτε
457 2610 588 2678 περὶ
629 2609 728 2676 τῆς
779 2605 1032 2668 κτίσεως,
1091 2603 1299 2672 ἐχοιντο
1327 2601 1382 2652 δὲ
1417 2600 1498 2652 ἔτι
1545 2599 1644 2668 τῆς
1691 2597 1862 2668 αὑτῆς

279 2692 676 2760 ἀναγνώσεως·
710 2690 770 2742 τὸ
804 2689 1020 2741 πάντων
1062 2685 1406 2758 ἀτοπώτερον
1444 2694 1466 2721 α
1513 2685 1687 2735 ἐκεῖνο
1732 2681 1862 2750 ’ἐψε-

278 2796 394 2842 ται,
458 2777 598 2845 ὅπερ
648 2771 956 2843 ἔμπροσθεν
1026 2774 1348 2841 εἰρήκαμεν,
1405 2767 1464 2822 τὸ
1511 2768 1602 2820 τὸν
1635 2765 1762 2818 Υἱὸν
1792 2763 1861 2816 δι’

282 2860 479 2914 ἐαυτοῦ
519 2855 868 2927 γεγενῆσθαι.
916 2852 1236 2925 [57]Είγάρ
1263 2852 1324 2904 τὸ
1364 2852 1479 2921 φῶς
1517 2851 1577 2903 τὸ
1611 2849 1863 2920 ἀληθινὸν

280 2952 308 2999 6
341 2945 468 3008 Υἱός
499 2947 647 3003 ἐστι,
679 2941 742 2993 τὸ
762 2940 818 2992 δέ
843 2941 957 3008 φῶς
979 2937 1138 2990 τοῦτο
1167 2936 1281 3007 ζωὴ
1306 2933 1398 3007 ἦν,
1425 2939 1460 3008 ἡ
1487 2935 1542 2988 δέ
1566 2935 1679 3007 ζωὴ
1705 2934 1864 3004 γέγο-

285 3047 372 3082 νεν
398 3031 455 3080 ἐν
485 3025 635 3095 αὐτῷ
655 3043 667 3056 ·
711 3023 924 3094 ἀνάγκη
952 3025 1099 3076 πᾶσα
1120 3019 1278 3073 τοῦτο
1315 3019 1694 3090 συνενεχθῆναι
1725 3017 1864 3071 κατά

281 3115 384 3183 τὴν
412 3111 641 3165 ἐκείνων
675 3109 999 3176 ἀνάγνωσιν.
1025 3106 1116 3158 Διὸ
1141 3105 1346 3175 ταύτην
1373 3103 1617 3172 ἀφέντες,
1648 3102 1740 3155 ἐπὶ
1762 3101 1862 3172 τὴν

285 3195 684 3265 νενομισμένην
715 3191 956 3261 ἔλθωμεν
981 3187 1286 3257 ἀνάγνωσίν
1337 3203 1398 3239 τε
1446 3187 1540 3240 καὶ
1578 3184 1862 3256 ἐξήγησιν.

287 3283 382 3344 Τίς
410 3281 470 3333 δέ
505 3282 653 3332 ἐστιν
691 3277 830 3346 αῦτη
862 3292 878 3340 ;
906 3276 979 3328 Τὸ
1007 3275 1166 3346 μέχρι
1191 3273 1308 3338 τοῦ,
1355 3275 1423 3326 Ὃ
1456 3272 1722 3342 γέγονεν,
1743 3273 1868 3325 ἀνα-

288 3364 494 3416 παῦσαι
531 3363 622 3415 τὸν
656 3361 845 3427 λόγον·
893 3353 1012 3411 εἶτα
1050 3357 1159 3411 ἀπὸ
1197 3357 1295 3426 τῆς
1322 3356 1448 3425 ἐξῆς
1470 3354 1668 3418 λέξεως
1702 3353 1870 3425 ἀρξα-

292 3449 415 3500 σθαι
447 3448 548 3517 τῆς
576 3445 866 3514 λεγούσης,
913 3445 1014 3497 Ἐν
1042 3441 1203 3506 αὐτῷ
1253 3439 1364 3508 ζωὴ
1392 3437 1490 3511 ἦν.
1530 3443 1595 3492 Ὃ
1632 3441 1740 3511 γὰρ
1778 3438 1869 3491 λέκ

291 3552 393 3602 γει,
417 3531 664 3585 τοιοῦτόν
691 3531 808 3583 ἐστι
838 3529 864 3568 ἀ
889 3546 904 3560 ·
956 3527 1141 3595 Χωρὶρ
1187 3526 1371 3579 αὑτοῦ
1427 3525 1673 3594 γέγονεν
1726 3523 1870 3578 οὐδὲ

288 3617 357 3670 ἓν
385 3616 415 3670 ὃ
469 3615 740 3684 γέγονεν.
793 3613 861 3666 Εἴ
885 3630 935 3665 τι
975 3613 1166 3680 γέγονε
1217 3610 1326 3662 τῶν
1366 3609 1630 3679 γενητῶν,
1681 3610 1867 3680 φησὶν,

289 3711 385 3762 οὑκ
441 3708 662 3777 ἐγένετο
712 3708 880 3778 χωρὶς
927 3705 1112 3759 αὐτοῦ.
1155 3705 1318 3774 Ὁρᾷς
1366 3701 1484 3767 πῶς
1525 3706 1591 3773 τῇ
1643 3702 1871 3774 βραχείᾳ

289 3793 458 3863 ταύτῃ
489 3790 780 3864 προσθήκῃ
809 3790 986 3843 πάντα
1009 3787 1362 3859 διωρθώσατο
1401 3786 1470 3839 τὰ
1515 3786 1869 3856 ὑφορμοῦντα

291 3879 504 3941 ἀτοπας
536 3875 628 3945 Τῷ
665 3887 689 3914 ο
717 3875 824 3946 γὰρ
865 3875 1188 3943 ἐπαγαγεῖν,
1207 3874 1289 3925 ὅτι
1313 3873 1500 3940 Χωρὶς
1525 3871 1712 3924 αὐτοῦ
1741 3871 1869 3939 ἐγέ-

292 3977 424 4014 νετο
455 3959 603 4013 οὐδὲ
644 3957 735 4022 ἐν,
789 3959 885 4012 καὶ
931 3956 1273 4026 προσθεῖναι,
1324 3957 1394 4008 Ὃ
1435 3954 1659 4024 γέγονε,
1693 3955 1762 4008 τά
1808 3971 1869 4005 τε

292 4043 457 4112 νοητά
488 4042 801 4112 περιέλαϐε,
836 4042 930 4094 καὶ
961 4042 1022 4094 τὺ
1050 4039 1274 4110 Πνεῦμα
1303 4038 1604 4105 ὑπεξεῖλεν.
1650 4036 1868 4107 Ἐπειδὴ

292 4129 395 4192 γὰρ
423 4121 603 4190 εἶπεν,
624 4126 707 4177 ὅτι
737 4122 938 4178 Πάντα
964 4123 1036 4177 δι’
1075 4123 1261 4177 αὐτοῦ
1287 4121 1539 4191 ἐγένετο,
1565 4123 1660 4174 καὶ
1693 4121 1870 4188 χωρὶς

290 4207 477 4262 αὑτοῦ
521 4208 764 4277 ἐγένετο
796 4206 938 4261 οὐδὲ
983 4206 1053 4260 ἓν
1073 4221 1086 4234 ⁸
1126 4207 1214 4260 ἵνα
1251 4207 1323 4278 μή
1354 4222 1438 4268 τις
1469 4205 1598 4276 εἴπῃ
1617 4221 1630 4234 ο
1659 4205 1870 4257 Οὐκοῦν

289 4296 337 4345 εί
371 4294 555 4346 πάντα
585 4293 652 4345 δι’
680 4291 868 4356 αὑτοῦ,
901 4292 994 4345 καὶ
1021 4292 1080 4344 τὸ
1101 4291 1327 4362 Πνεῦμα
1342 4291 1554 4358 γέγονε,
1587 4289 1686 4360 τῆς
1711 4305 1871 4360 προσ-

291 4379 465 4446 θήκης
502 4375 698 4446 ἐδεήθη
734 4376 959 4446 ταύτης.
995 4374 1139 4444 Ἐγὼ
1158 4375 1289 4443 γάρ,
1326 4375 1512 4445 φησὶν,
1545 4372 1599 4426 εἴ
1630 4390 1684 4425 τι
1710 4389 1872 4442 γενη-

290 4461 380 4514 τόν
401 4462 540 4523 ἐστι,
603 4459 763 4512 τοῦτο
808 4455 962 4513 εἷπον
1012 4459 1080 4511 δι’
1148 4457 1316 4512 αὑτοῦ
1357 4456 1716 4528 γεγενῆσθαι,
1767 4456 1871 4509 κᾶν

290 4545 523 4614 ἀόρατον
580 4538 638 4618 ᾗ,
677 4542 779 4596 κᾶν
813 4543 1123 4612 ἀσώματον,
1161 4542 1267 4596 κᾶν
1302 4545 1358 4596 ἐν
1397 4545 1509 4605 τοῖς
1545 4543 1792 4611 οὐρανοῖς
1823 4537 1866 4596 ί.

291 4628 389 4680 Διά
427 4627 592 4680 τοῦτο
629 4627 726 4697 οὑχ
763 4627 950 4689 ἁπλῶς
983 4622 1139 4680 εἷπον
1185 4628 1396 4690 πάντα,
1431 4627 1545 4680 ἀλλ’
1583 4626 1637 4678 εἴ
1675 4645 1726 4680 τι
1779 4626 1871 4694 γέ·-

291 4727 436 4778 γονε,
480 4711 750 4772 τουτέστι,
803 4709 874 4762 τά
915 4711 1136 4780 γενητά.
1170 4710 1245 4763 Τὸ
1273 4709 1330 4762 δέ
1364 4709 1589 4782 Πνεῦμα
1618 4710 1678 4761 οὑ
1705 4725 1871 4779 γενη-

291 4792 399 4845 τόν.
461 4788 620 4854 Εἶδες
678 4792 1029 4846 διδασκαλίαν
1085 4793 1502 4864 ἠκριϐωμένην;
1572 4792 1872 4864 Ἀνέμνησε

290 4876 387 4944 τῆς
420 4875 783 4946 δημιουργίας
809 4876 917 4928 τῶν
942 4876 1243 4945 αἰσθητῶν·
1284 4876 1568 4948 προλαϐὼν
1588 4877 1695 4949 γὰρ
1731 4877 1871 4930 αὑτά

293 4960 534 5029 Μωῦσῆς
567 4960 804 5024 ἐδίδαξεν
823 4979 834 4991 ·
873 4957 989 5014 εἶτα
1013 4961 1221 5014 ἐκεῖθεν
1258 4962 1651 5032 προκόψαντας,
1683 4965 1775 5016 ἐπὶ
1803 4963 1873 5017 τά

295 5043 600 5113 ὑψηλότερα
622 5043 865 5110 ἀγαγὼν,
881 5043 951 5096 τὰ
981 5044 1246 5115 ἀσώματα
1268 5045 1410 5113 λέγω
1433 5047 1526 5099 καὶ
1549 5047 1616 5099 τὰ
1640 5047 1870 5117 ἀόρατα,

295 5125 544 5190 magna
572 5127 672 5196 τῆς
702 5127 933 5191 κτίσεως
980 5129 1196 5200 ἀπάσης
1226 5129 1290 5182 τὸ
1331 5129 1557 5201 Πνεῦμα
1597 5131 1658 5184 τὸ
1691 5131 1867 5200 ἅγιον.

295 5208 451 5262 Οὕτω
483 5210 581 5261 καὶ
619 5208 828 5272 Παῦλος
861 5211 967 5264 ἀπὸ
1013 5213 1113 5282 τῆς
1153 5212 1372 5284 χάριτος
1406 5213 1612 5285 ταύτης
1641 5215 1874 5285 ἐμπνεό-

300 5309 454 5358 μενος
493 5291 707 5358 ἔλεγεν·
738 5294 858 5346 Ὀτι
879 5295 947 5348 ἐν
965 5294 1123 5360 αὐτῷ
1145 5298 1390 5365 ἐκτίσθη
1413 5299 1484 5352 τὰ
1509 5300 1722 5354 πάντα.
1762 5301 1874 5353 Καὶ

297 5375 395 5444 ὅρα
425 5375 589 5428 πάλιν
622 5377 717 5429 καὶ
743 5377 978 5431 ἐνταῦθα
1012 5381 1109 5450 τὴν
1131 5380 1300 5451 αὑτὴν
1333 5381 1635 5453 ἀκρίϐειαν.
1666 5383 1739 5435 Τὸ
1763 5383 1873 5454 γὰρ

362 5558 388 5586 ⁸
410 5557 510 5626 ᾼΙὶί
531 5561 610 5626 καί
632 5561 716 5609 θέα
743 5578 824 5626 μοι
844 5563 929 5626 τήν
957 5563 1132 5626 ἄνοιαν.
1159 5563 1310 5613 Paulo
1334 5571 1446 5626 post
1476 5569 1726 5619 existimat
1758 5573 1876 5623 Bai-

301 5620 399 5667 sius
421 5620 842 5688 legendumpﬁaév
865 5625 1114 5688 ἁρμόττον,
1142 5627 1230 5688 sed
1254 5620 1548 5688 ἁρμόττοντα
1575 5630 1626 5678 in
1648 5620 1876 5684 omnibiis

302 5684 667 5746 exemplaribus
691 5684 968 5746 iegituﬁel
990 5684 1119 5734 bene
1143 5684 1309 5736 habet'.

361 5742 389 5808 13
410 5741 493 5808 S_i_c
512 5745 624 5808 εον.
640 5741 795 5801 Οὗτός
813 5748 862 5794 in
880 5741 1007 5808 Mor.
1048 5747 1374 5808 desideratur.

364 5807 388 5865 ἒ
425 5805 506 5853 Sic
539 5806 653 5853 Sav.
683 5814 736 5856 el
758 5821 872 5856 mss.
907 5807 1026 5856 Mor.
1061 5805 1124 5855 ’τὸ
1148 5811 1336 5859 πάντων
1359 5812 1685 5865 ἀτοπώτατον.

360 5864 389 5902 ἀ
410 5865 558 5914 Savil.
582 5866 727 5916 τοῦτό
751 5869 869 5916 ἐστι.

367 5927 625 6001 ςξξρὶιῃεε.
650 5931 870 6001 plet-imi,
896 5937 964 5987 et.
995 5943 1058 5981 ex
1093 5932 1388 5996 conjectura.
1419 5938 1531 5990 Sav.
1563 5939 1694 5992 Editi
1718 5943 1787 5992 τό.

367 5985 386 6023 ί
412 5989 507 6038 Alii
532 5989 577 6035 ἐν
595 5985 692 6045 τοῖς
715 5985 968 6053 ἀνθρώποις

1952 502 2084 556 αὐτὸ
2104 502 2326 574 Πνεῦμα
2349 505 2549 572 ταύτην
2577 503 2744 558 ἐκίνει
2776 506 2874 578 τὴν
2906 505 3103 577 ψυχήν.
3125 507 3241 562 Ἵνα
3256 508 3364 582 γὰρ
3387 514 3526 583 μήτε

1957 586 2195 659 ὑπεξέλῃ
2218 604 2301 651 τις
2329 587 2437 640 τῶν
2467 590 2710 659 γενητῶν
2747 607 2799 642 τι
2835 591 2934 661 τῆς
2955 592 3048 645 τοῦ
3087 592 3224 647 Θεοῦ
3265 595 3525 667 δημιουρ-

1951 668 2093 737 γίας,
2130 670 2219 723 διά
2251 670 2310 723 τὸ
2332 672 2539 742 ἀόρατα
2567 675 2708 726 αὑτὰ
2733 670 2901 726 εἶναι·
2939 676 3072 746 μήτε
3113 676 3320 740 τούτοις
3357 679 3527 747 ἐγκα-

1949 753 2154 824 ταμίξῃ
2184 755 2274 806 τὸν
2304 755 2656 825 Παράκλητον
2677 797 2691 820 ,
2727 757 3101 829 παραδραμὼν
3135 761 3228 813 καὶ
3268 761 3427 826 αὐτὸς
3457 762 3527 817 τὰ

1951 839 2184 908 αἰσθητὰ
2221 840 2314 892 καὶ
2339 843 2473 894 πᾶσι
2508 842 2778 912 γνώριμα,
2804 843 2871 896 τά
2905 843 2962 895 ἐν
3001 846 3112 906 τοῖς
3144 845 3388 916 οὐρανοῖς
3423 849 3530 902 ἀπ-

1951 921 2076 992 αριο
2086 926 2264 991 μεῖται
2283 923 2472 992 λέγωνι
2487 925 2624 979 Εἴτε
2646 927 2864 994 θρόνοι,
2887 928 3006 981 εἴτε
3029 931 3393 997 κυριότητες,
3410 933 3532 985 εἴτε

1951 1006 2156 1073 ἁρχαὶ,
2199 1006 2320 1060 εἴτε
2359 1008 2652 1071 ἐξουσίαι.
2681 1011 2754 1063 Τὸ
2784 1011 2923 1083 γὰρ,
2953 1013 3122 1076 Εἴτε,
3171 1015 3256 1082 ἐφ’
3297 1016 3530 1070 ἑκάστου

1951 1090 2242 1159 κείμενον,
2269 1091 2418 1144 οὑδέν
2454 1092 2580 1145 ἄλλο
2625 1095 2756 1164 ἡμῖν
2797 1095 3086 1166 ἐμφαίνει,
3121 1097 3152 1168 ἢ
3207 1099 3398 1165 τοῦτο,
3446 1099 3528 1164 τὸ,

1953 1172 2156 1225 Πάντα
2176 1172 2250 1226 δι’
2276 1175 2462 1229 αὑτοῦ
2494 1175 2748 1244 ἐγένετο,
2782 1179 2878 1231 καί
2899 1180 3075 1248 χωρίς
3095 1182 3278 1235 αὑτοῦ
3298 1183 3532 1252 ἐγένετο

1954 1255 2098 1308 οὺδέ
2127 1255 2218 1318 ἐν,
2253 1257 2284 1310 ὃ
2313 1258 2576 1326 γέγονεν.
2604 1259 2664 1312 El
2695 1261 2752 1313 δὲ
2775 1261 2856 1326 τὸ,
2879 1262 3001 1324 Διὰ,
3024 1264 3266 1333 νομίζεις
3296 1265 3533 1318 ἐλαττώ-

1958 1355 2096 1402 σεως
2120 1335 2279 1403 εἶναι,
2324 1342 2555 1395 ἄκουσον
2580 1343 2744 1396 αὑτοῦ
2780 1344 3027 1412 λέγοντος
3047 1362 3060 1375 ·
3089 1347 3169 1399 Σὺ
3210 1350 3529 1418 καταρχὰς,

1952 1423 2148 1490 Κύριε,
2171 1423 2284 1490 τὴν
2305 1423 2421 1494 γῆν
2442 1426 2862 1494 ἐθεμελίωσας,
2895 1431 2992 1481 καὶ
3020 1428 3161 1497 ἔργα
3179 1429 3297 1482 τῶν
3321 1431 3534 1499 χειρῶν

1955 1520 2069 1556 σου
2115 1507 2272 1559 είσὶν
2336 1511 2389 1561 οἱ
2454 1510 2698 1574 οὐρανοί
2717 1524 2730 1537 ⁸
2783 1510 2812 1563 δ
2872 1510 3137 1580 περὶτοῦ
3185 1513 3398 1584 Πατρὸς
3457 1514 3535 1578 ὼς

1955 1589 2289 1661 δημιουργοῦ
2333 1593 2578 1664 εἴρηται,
2633 1594 2792 1647 τοῦτο
2839 1596 2966 1666 περὶ
3009 1596 3102 1648 τοῦ
3149 1596 3279 1649 Υξοῦ
3324 1598 3528 1664 λέγων·

1956 1674 2055 1726 οὐκ
2084 1673 2149 1726 ἂν
2182 1674 2377 1739 εἰπὼν,
2413 1678 2461 1728 εί
2492 1677 2565 1748 μὴ
2605 1677 2678 1741 ὡς
2713 1680 2838 1749 περὶ
2874 1679 3203 1750 δημιουργοῦ
3224 1720 3238 1743 ,
3270 1680 3382 1732 ἀλλ’
3431 1683 3530 1753 οὐχ

1958 1755 2360 1826 ὑπουργοῦντος
2396 1777 2500 1812 τινι
2535 1761 2631 1830 τὴν
2664 1760 2818 1825 δόξαν
2845 1758 2979 1831 εἶχε.
3016 1762 3076 1815 El
3103 1762 3158 1814 δὲ
3187 1763 3418 1817 ἐνταῦθα
3447 1766 3526 1822 τὸ.

1956 1839 2036 1891 Δι’
2079 1841 2282 1906 αὑτοῦ,
2313 1841 2547 1913 εἴρηται,
2592 1844 2659 1896 δι’
2692 1844 2840 1897 οὐδὲν
2892 1845 3078 1914 ἕτερον
3116 1845 3374 1908 τέθειται,
3417 1847 3532 1900 ἀλλ’

1960 1921 2047 1974 ἵνα
2078 1922 2152 1993 μὴ
2185 1924 2476 1994 ἀγέννητον
2509 1926 2824 1997 ὑποπτεύσῃ
2846 1945 2928 1990 τις
2957 1929 3048 1981 τὸν
3085 1927 3232 1981 Υἱόν.
3265 1929 3419 1983 Ἐπεὶ
3451 1931 3532 1983 ὅτι

1960 2005 2104 2058 κατὰ
2136 2007 2196 2058 τὸ
2223 2007 2323 2075 τῆς
2355 2007 2713 2079 δημιουργίας
2745 2010 2961 2080 ἀξίωμα
2991 2011 3141 2066 οὐδὲν
3171 2012 3389 2066 ἔλαττον
3422 2013 3535 2084 ἔχει

1959 2087 2055 2141 τοῦ
2085 2089 2318 2161 Πατρὸς,
2344 2091 2574 2145 ἄκουσον
2605 2094 2766 2147 αὑτοῦ
2801 2095 3047 2165 λέγοντος
3069 2114 3082 2128 ·
3116 2097 3344 2164 Ὥσπερ
3366 2101 3398 2151 ὁ
3420 2102 3536 2152 Πα-

1960 2173 2072 2237 τὴρ
2091 2172 2302 2242 ἐγείρει
2326 2175 2468 2238 τοὺς
2494 2177 2748 2245 νεκροὺς
2767 2178 2863 2232 καὶ
2895 2177 3156 2239 ζωοποιεῖ
3182 2183 3208 2220 ε
3227 2197 3241 2211 ·
3267 2181 3418 2233 οὕτω
3437 2183 3534 2234 καὶ

1963 2251 1995 2301 ό
2019 2251 2146 2316 Υἱὸς
2176 2251 2284 2318 οὓς
2311 2252 2471 2307 θέλει
2500 2253 2780 2314 ζωοποιεῖ.
2798 2258 2859 2310 Εἰ
2888 2259 2986 2327 μὲν
3005 2255 3097 2312 οὖν
3131 2261 3257 2332 περὶ
3287 2260 3381 2312 τοῦ
3407 2261 3536 2313 Υἱοῦ

1962 2336 2054 2387 καὶ
2087 2336 2143 2387 ἐν
2169 2339 2234 2406 τῇ
2266 2337 2476 2408 Παλαιᾷ
2495 2338 2574 2402 τὸ,
2605 2342 2914 2409 Καταρχὰς
2941 2342 3044 2409 σὺ,
3063 2344 3262 2412 Κύριε,
3289 2344 3403 2410 τὴν
3422 2342 3538 2412 γῆν

1961 2417 2380 2486 ἐθεμελίωσας,
2428 2421 2675 2493 εἴρηται,
2725 2425 2892 2493 σαφὲς
2928 2425 2988 2478 τὸ
3040 2428 3138 2496 τῆς
3178 2426 3537 2497 δημιουργίας

1963 2501 2178 2572 ἀξίωμα
2198 2521 2213 2535 ο
2249 2505 2298 2556 εί
2325 2505 2382 2557 δὲ
2416 2508 2543 2576 περὶ
2571 2506 2662 2560 τοῦ
2693 2509 2904 2581 Πατρὸς
2935 2509 3092 2563 τοῦτο
3121 2511 3211 2562 τὸν
3243 2512 3540 2581 Προφήτην

1963 2585 2241 2657 εἰρηκέναι
2267 2587 2464 2656 λέγεις,
2492 2589 2583 2642 τὸν
2609 2590 2665 2642 δὲ
2684 2590 2892 2644 Παῦλον
2917 2592 2994 2663 τῷ
3023 2593 3136 2664 Υἱῷ
3162 2611 3538 2665 προσνενεμη-

1963 2669 2116 2721 κέναι
2144 2668 2202 2722 τὸ
2231 2671 2358 2739 περὶ
2384 2672 2590 2725 ἐκείνου
2617 2672 2822 2743 λεχθὲν,
2852 2677 2945 2728 καὶ
2969 2675 3110 2730 οῦτω
3136 2677 3195 2728 τὸ
3225 2677 3358 2730 αὑτὸ
3391 2677 3538 2744 γίνε-

1963 2767 2053 2804 ται
2082 2751 2263 2806 πάλιν.
2287 2755 2420 2806 υὺδέ
2459 2754 2566 2826 γὰρ
2598 2755 2662 2809 ἂν
2701 2759 2794 2810 καὶ
2825 2757 2903 2828 τῷ
2939 2758 3051 2830 Υἱῷ
3083 2760 3312 2830 πρέπειν
3342 2760 3473 2813 αὑτὸ
3511 2762 3542 2813 6

1966 2835 2180 2898 Παῦλος
2212 2837 2622 2909 ἐνομοθέτησεν,
2654 2841 2703 2892 εί
2738 2840 2812 2911 μὴ
2845 2842 3048 2912 σφόδρα
3085 2843 3326 2913 ἐθάρρει,
3363 2843 3443 2896 ὃτι
3472 2844 3542 2896 τά

1966 2921 2064 2989 τῆς
2096 2921 2252 2984 ἀξίας
2281 2920 2520 2991 ὀμότιμα
2548 2917 2634 2992 ἦν.
2683 2924 2792 2976 Καὶ
2824 2923 2932 2994 γὰρ
2957 2920 3025 2995 ἦν
3053 2925 3254 2995 τόλμης
3285 2928 3537 2998 ἐσχάτης,

1966 3005 2036 3055 τά
2058 3006 2120 3072 τῇ
2142 3003 2254 3074 [58]
2272 3004 2584 3074 ἀσυγκρίτῳ
2609 3005 2885 3076 πρέποντα
2906 3007 3085 3076 φύσει,
3102 3010 3194 3062 ἐπὶ
3215 3010 3314 3081 τὴν
3335 3011 3544 3066 ἐλάττω

1967 3089 2060 3138 καὶ
2088 3086 2418 3140 ἀποδέουσαν
2443 3088 2654 3158 ἐκείνης
2680 3089 2922 3158 ἀγαγεῖν.

2037 3178 2105 3238 γ’.
2129 3170 2262 3223 Ἀλλ’
2278 3169 2401 3224 οὔτε
2419 3172 2650 3225 ἐλάττων
2662 3174 2828 3236 ἐστὶν,
2845 3174 2966 3227 οὔτε
2979 3177 3191 3230 ἀποδέει
3208 3178 3301 3248 τῆς
3319 3178 3410 3231 τοῦ
3431 3179 3543 3231 Πα-

1965 3255 2094 3324 τρὺς
2115 3255 2302 3318 οὐσίας
2329 3257 2356 3307 6
2380 3255 2526 3318 Υἱός.
2547 3257 2746 3328 Διόπερ
2769 3258 2829 3310 οὑ
2857 3258 3026 3312 ταῦτα
3056 3261 3214 3330 μόνον
3241 3261 3542 3332 ἐθάρρησεν

1968 3341 2141 3392 εἰπεῖν
2164 3341 2192 3392 6
2215 3339 2422 3403 Παῦλος
2457 3342 2583 3408 περὶ
2613 3342 2799 3406 αὑτοῦ,
2831 3341 2964 3395 ἀλλά
2988 3345 3080 3397 καὶ
3112 3345 3274 3416 ἐτερα
3294 3345 3538 3400 τοιαῦτα.

1969 3422 2041 3477 Τὸ
2086 3425 2212 3494 γὰρ,
2253 3422 2363 3490 ἘξΙ
2384 3419 2476 3486 οὗ,
2507 3427 2676 3496 ῥῆμα,
2711 3427 2844 3496 ὅπερ
2886 3426 2960 3490 ὡς
2988 3427 3133 3492 ἄξιόν
3171 3446 3290 3481 τινα
3318 3429 3344 3468 ιι
3377 3431 3541 3500 μόνου

1967 3509 2060 3562 τοῦ
2084 3507 2295 3578 Πατρὸς
2323 3508 2617 3578 ἀπονέμεις
2643 3509 2862 3579 κλῆρον,
2893 3511 2986 3563 καὶ
3011 3512 3136 3582 περὶ
3158 3512 3251 3564 τοῦ
3281 3513 3408 3565 Υἰοῦ
3441 3531 3536 3583 φη-

1972 3611 2076 3655 σιν,
2112 3591 2254 3644 οὕτω
2307 3590 2478 3660 λέγων
2501 3606 2513 3620 ’
2558 3593 2652 3657 Ἐξ
2699 3590 2770 3648 οὗ
2827 3593 2950 3649 πᾶν
2978 3595 3044 3648 τὸ
3081 3594 3253 3664 σῶμα
3287 3596 3385 3651 διὰ
3422 3596 3543 3649 τῶν

1969 3675 2138 3744 ἁφῶν
2166 3674 2266 3729 καὶ
2293 3675 2654 3744 συνδέσμων
2684 3678 3229 3747 ἐπιχορηγούμενον
3261 3680 3356 3733 καὶ
3389 3696 3542 3749 σ-ινμ-

1971 3759 2350 3829 ϐίϐαζόμενον
2376 3760 2548 3823 αὔξει
2571 3763 2659 3826 εἱς
2679 3761 2792 3830 τὴν
2818 3763 3082 3830 αὓξησιν
3103 3765 3208 3818 τοῦ
3231 3765 3396 3819 Θεοῦ.
3429 3768 3540 3819 Καὶ

1971 3844 2070 3896 οὑκ
2095 3845 2344 3913 ἀρκεῖται
2376 3843 2552 3914 τούτῳ
2594 3845 2773 3914 μόνῳ,
2807 3845 2940 3899 ἀλλά
2986 3847 3078 3899 καὶ
3113 3848 3376 3919 ἑτέρωθεν
3413 3851 3540 3920 ὑμῖν

1971 3927 2306 3997 ἀποφράττει
2329 3926 2398 3980 τὰ
2430 3928 2790 3997 στόματα.τὸ,
2820 3931 2898 3982 Δι’
2922 3927 3016 3996 οὗ,
3045 3933 3199 3985 τοῦτο
3231 3935 3366 4005 ὅπερ
3395 3935 3542 3988 ἐλατ-

1969 4011 2187 4073 τώσεως
2225 4006 2361 4064 εἶναι
2401 4009 2601 4078 λέγεις,
2623 4011 2702 4082 τῷ
2739 4013 2910 4084 Πατρὶ
2952 4017 3289 4087 προσνέμων.
3320 4019 3543 4084 Πιστὸς

1970 4093 2078 4165 γάρ
2103 4097 2135 4146 ό
2176 4093 2340 4160 Θεὸς,
2384 4096 2538 4164 φησὶ,
2569 4095 2643 4149 δι’
2671 4091 2743 4152 οὗ
2779 4098 3072 4167 ἐκλήθητε
3097 4104 3184 4166 είς
3225 4104 3544 4158 κοινωνίαν

1970 4177 2077 4230 τοῦ
2115 4177 2250 4231 Υἱοῦ
2301 4177 2516 4231 αὑτοῦ·
2554 4180 2645 4232 καὶ
2697 4181 2879 4246 πάλιν,
2919 4184 3022 4237 Διὰ
3061 4185 3168 4238 τοῦ
3211 4186 3543 4255 θελήματος

1971 4259 2156 4312 αὑτοῦ
2174 4276 2188 4290 ο
2220 4261 2312 4313 καὶ
2338 4261 2593 4331 ἀλλαχοῦ,
2623 4262 2752 4316 ’Ότι
2777 4265 2846 4328 ἐξ
2877 4266 3084 4330 αὐτοῦ,
3109 4267 3208 4320 καὶ
3231 4267 3305 4322 δι’
3333 4269 3540 4332 αὑτοῦ,

1972 4345 2066 4395 καὶ
2100 4345 2186 4409 είς
2209 4344 2397 4397 αὑτὸν
2426 4345 2496 4398 τὰ
2536 4347 2750 4399 πάντα.
2790 4349 2952 4401 Ὥστε
2999 4351 3059 4403 οὑ
3091 4352 3209 4423 τῷί
3242 4352 3358 4422 Υἱῷ
3398 4354 3544 4426 μόνῳ

1971 4427 2050 4489 τὸ,
2088 4429 2190 4492 Ἐξ
2221 4424 2316 4493 οὗ,
2354 4429 2487 4483 ἀλλά
2525 4431 2618 4484 καὶ
2659 4431 2737 4502 τῷ
2779 4433 3054 4503 Πνεύματι
3089 4424 3540 4509 προσνενέμηταιζ

1972 4511 2083 4565 Καὶ
2102 4511 2210 4584 γὰρ
2242 4511 2318 4582 τῷ
2355 4513 2552 4584 Ἰωσὴφ
2577 4517 2606 4567 6
2650 4515 2877 4582 ἄγγελος
2911 4516 3061 4585 ἔλεγε
3085 4534 3097 4548 ο
3139 4519 3237 4587 Μὴ
3275 4522 3544 4590 φοϐηθῇς

1972 4596 2340 4662 παραλαϐεῖν
2370 4597 2605 4667 Μαριὰμ
2633 4597 2746 4666 τὴν
2775 4601 3027 4670 γυναῖκά
3056 4603 3172 4655 σου
3197 4619 3209 4632 ο
3245 4603 3310 4656 τὸ
3333 4605 3441 4673 γὰρ
3476 4607 3545 4659 ἐν

1972 4677 2126 4762 αρτ-ᾔ
2152 4681 2462 4747 γεννηθὲν,
2490 4681 2558 4762 ἐκ
2571 4683 2914 4750 Πνεύματός
2932 4685 3101 4738 ἐστιν
3127 4687 3297 4755 ἁγίου
3319 4704 3331 4717 ³
3357 4688 3544 4762 ὥσπερ

1972 4758 2064 4814 οὖν
2099 4763 2192 4814 καὶ
2231 4763 2312 4824 τὸ,
2350 4764 2453 4817 Ἐν
2476 4757 2545 4830 ᾧ,
2587 4765 2680 4818 τοῦ
2722 4766 3040 4837 Πνεύματος
3074 4769 3151 4832 ὃν,
3192 4771 3292 4824 οὑκ
3325 4757 3547 4839 ἀπαξιοῖ

1973 4853 2067 4902 καὶ
2102 4849 2182 4920 τῷ
2213 4851 2331 4921 Θεῷ
2376 4854 2706 4924 προσνέμειν
2743 4857 2771 4908 6
2809 4857 3126 4930 Προφήτης,
3159 4860 3300 4914 οὕτω
3341 4861 3543 4930 λέγων’

1987 4935 2088 4986 Ἐν
2123 4933 2204 5000 τῷ
2247 4932 2368 5000 Θεῷ
2411 4936 2742 5008 ποιήσομεν
2769 4939 3042 5010 δύναμιν.
3092 4944 3199 4997 Καὶ
3236 4945 3264 4997 6
3311 4947 3540 5013 Παῦλος,

1973 5018 2278 5087 Δεόμενος,
2312 5022 2495 5090 φησὶν,
2531 5022 2587 5074 εἷ
2621 5039 2746 5086 πως
2766 5022 2886 5092 ἤδη
2922 5025 3069 5079 ποτὲ
3099 5028 3544 5098 εὐοδωθήσομαι

1972 5101 2043 5154 ἐν
2071 5101 2151 5167 τῷ
2181 5102 2465 5173 θελήματι
2507 5105 2612 5159 τοῦ
2639 5107 2786 5160 Θεοῦ
2822 5109 3023 5162 ἐλθεῖν
3052 5112 3202 5178 πρὸς
3229 5111 3402 5180 ὑμᾶς.
3436 5113 3546 5166 Καί⁸

1973 5184 2066 5236 ἐπὶ
2097 5184 2190 5236 τοῦ
2226 5183 2460 5256 Χριστοῦ
2488 5187 2545 5240 δὲ
2584 5188 2746 5241 πάλιν
2772 5190 2930 5243 τοῦτο
2973 5191 3153 5264 τίθησι
3201 5194 3370 5262 λέγων
3392 5213 3406 5226 ·
3445 5197 3547 5251 Ἐν

1974 5267 2204 5336 Χριστῷ
2236 5269 2458 5330 Ἰησοῦ.
2477 5271 2582 5323 Kal
2604 5271 2740 5335 ὅλως
2760 5273 3018 5338 πολλάκις
3045 5279 3138 5330 καὶ
3165 5281 3546 5350 συνεχέστερον

1975 5350 2229 5424 εὑροιμεν
2259 5352 2324 5405 ἂν
2355 5352 2753 5424 μεθισταμένας
2783 5357 2985 5422 ταύτας
3014 5361 3113 5422 τάς
3143 5359 3314 5423 λέξεις
3335 5378 3347 5390 ·
3375 5361 3546 5416 ταῦτα

1973 5434 2030 5487 δέ
2062 5435 2162 5488 οὑκ
2215 5435 2279 5489 ἂν
2336 5438 2529 5508 (mw-'61]
2569 5441 2642 5513 μὴ
2695 5441 2967 5511 πανταχοῦ
3007 5443 3107 5512 τῆς
3156 5444 3326 5513 αὑτῆς
3358 5446 3546 5508 οὐσίας

1976 5519 2358 5589 ὑποκειμένης.
2394 5521 2509 5574 Ἵνα
2537 5522 2591 5574 δέ
2617 5509 2696 5583 ⁵τὸ,
2730 5523 2931 5578 Πάντα
2971 5525 3044 5577 δι’
3067 5525 3253 5580 αὐτοῦ
3285 5527 3542 5597 ἐγένετο,

1979 5600 2052 5670 μὴ
2076 5602 2329 5673 περὶτῶν
2356 5604 2594 5674 σημείων
2625 5607 2970 5680 ὑποπτεύσῃς
2995 5607 3089 5662 νῦν
3114 5608 3365 5680 λέγεσθαι
3389 5614 3541 5672 (πλοῖ

2102 5877 2195 5941 Alii
2241 5881 2459 5940 ζωογονεῖ
2472 5919 2484 5941 ,
2531 5883 2621 5932 bis.

2105 5939 2214 6006 Mss.
2259 5939 2572 6019 pini-iunibe
2602 5947 2731 5996 ἀξίαν
2771 5952 2887 6002 τινα.

2040 5878 2063 5915 ε

2037 5937 2062 5976 h

2044 6001 2056 6038 ⁸
2091 6000 2224 6052 [Πυε
2249 6000 2398 6052 πάντα
2422 6007 2497 6054 καὶ
2524 6008 2580 6053 ρι’·
2599 6012 2687 6074 τῷ,
