4074 6374
503 365 574 422 57
1178 362 1238 421 S.
1276 360 1560 420 JOANNIS
1598 349 2092 415 CHRYSOSTO-Ml
2131 349 2454 409 ARCHIEP.
2493 353 3043 412 CONSTANTINOP.
3633 331 3636 334 6
3687 357 3758 412 58

501 477 614 546 γάρ
665 477 870 531 τούτων
919 477 969 530 οἱ
1014 476 1192 531 λοιποὶ
1244 477 1595 547 διελέχθησαν
1636 469 2076 541 εὐαγγελισταί),

505 559 699 627 ἐπάγει
726 559 864 630 μετά
880 559 1050 613 ταῦτα
1075 560 1247 628 λέγων
1267 577 1280 588 ·
1324 561 1426 612 Ἐν
1446 557 1526 622 τῷ
1549 559 1754 626 κόσμῳ
1782 555 1883 623 ἢν,
1916 553 2010 606 καὶ
2047 554 2080 604 ό

504 645 734 711 κόσμος
781 642 856 696 δι’
901 643 1087 697 αὑτοῦ
1131 642 1403 711 ἐγένετο·
1448 643 1562 696 ἀλλ’
1599 643 1659 694 οὐ
1709 640 1769 692 τὸ
1819 637 2078 706 Πνεῦμα*

504 726 623 779 οἷιδέ
660 727 768 797 γάρ
806 726 912 780 τῶν
951 725 1192 796 γενητῶν
1237 725 1429 787 τοῦτο,
1471 725 1607 778 ἀλλά
1648 723 1758 776 τῶν
1799 721 1938 790 ὑπὲρ
1981 719 2080 788 τήν

503 810 678 862 κτίσιν
700 811 936 864 ἃπασαν.
970 808 1130 862 Ἀλλά
1153 809 1290 872 τέως
1315 807 1567 878 ἐχώμεθα
1588 809 1695 860 τῶν
1722 805 1866 874 ἑξῆς.
1897 802 2078 856 Εἰπὼν

502 891 610 964 γὰρ
637 893 764 963 περὶ
784 893 883 960 τῆς
899 891 1257 964 δημιουργίας
1281 893 1310 944 6
1344 891 1612 960 Ἰωάννης,
1629 885 1759 951 οἷον,
1775 890 1857 941 ὅτι
1875 886 2079 940 Πάντα

500 974 574 1028 δι’
605 976 789 1030 αὑτοῦ
822 975 1076 1041 ἐγένετο,
1113 977 1207 1029 καί
1245 977 1424 1044 χωρὶς
1451 975 1637 1029 αὐτοῦ
1674 973 1910 1042 ἐγένετο
1938 970 2080 1024 οὺδέ

497 1057 569 1110 ἐν
592 1059 622 1112 ὃ
663 1059 906 1128 γέγονεν
929 1075 941 1087 ·
989 1059 1184 1127 ἐπάγει
1228 1062 1323 1113 καὶ
1377 1060 1467 1112 τὸν
1509 1060 1638 1131 περὶ
1680 1060 1779 1128 τῆς
1825 1057 2079 1127 προνοίας

500 1144 677 1212 λόγον,
711 1145 813 1198 Ἐν
852 1144 1014 1210 αὐτῴ
1045 1144 1157 1212 ζωὴ
1188 1141 1284 1214 ἦν,
1321 1145 1513 1212 λέγων.
1559 1145 1670 1197 Kal
1713 1145 1822 1213 γὰρ
1853 1143 1940 1195 ἵνα
1973 1157 2078 1210 μη·

497 1228 612 1290 δεὶς
660 1228 958 1298 ἀπιστήσῃ,
993 1228 1108 1290 πῶς
1139 1229 1206 1282 τά
1245 1228 1483 1281 τοσαῦτα
1535 1230 1630 1281 καὶ
1662 1226 1963 1298 τηλικαῦτα
2009 1225 2076 1277 δι’

499 1307 660 1361 αὐτοῦ
701 1310 950 1378 γέγονεν,
998 1312 1311 1380 ἐπήγαγεν,
1349 1312 1430 1364 ὅτι
1470 1310 1563 1364 Ἐν
1610 1307 1770 1373 αὐτῷ
1817 1306 1929 1374 ζωὴ
1975 1302 2072 1374 ἦν.

498 1392 764 1460 Καθάπερ
796 1389 888 1446 οῦν
912 1405 939 1434 ι
963 1393 1057 1446 ἐπὶ
1091 1395 1192 1464 τῆς
1227 1394 1412 1464 πηγῆς
1439 1393 1538 1462 τῆς
1582 1392 1874 1462 τικτούσης
1905 1390 2075 1443 ἀϐύσ-

500 1491 645 1538 σους,
676 1475 800 1528 ὅσον
835 1475 903 1529 ἂν
935 1476 1163 1548 ἀφέλῃς,
1195 1477 1346 1530 οὐδὲν
1374 1476 1694 1546 ἠλάττωσας
1721 1475 1819 1545 τὴν
1854 1475 2038 1544 πηγήν
2057 1489 2072 1502 ο

497 1559 640 1612 οὕτω
674 1560 768 1613 καὶ
800 1560 893 1612 ἐπὶ
919 1559 1018 1631 τῆς
1057 1561 1337 1630 ἐνεργείας
1366 1560 1458 1613 τοῦ
1498 1558 1859 1628 Μονογενοῦς,
1881 1559 1981 1610 ὅσα
2009 1558 2075 1612 ἂν

501 1643 797 1715 πιστεύσῃς
832 1645 1112 1714 παρῆχθαι
1145 1644 1212 1696 δι’
1245 1645 1421 1714 αὐτῆς
1461 1645 1554 1697 καὶ
1593 1642 1952 1712 πεποιῆσθαι,
1981 1643 2074 1695 οὑ·-

497 1726 586 1779 δὲν
613 1726 848 1781 ἐλάττων
881 1725 1020 1797 αῦτη
1051 1730 1241 1795 γέγονε
1263 1741 1276 1754 ’
1328 1727 1526 1797 μᾶλλον
1555 1723 1632 1789 δὲ,
1670 1726 1734 1778 i'v‘
1761 1725 2074 1796 οἰκειοτέρῳ

497 1813 786 1880 χρήσωμαι
827 1810 1266 1881 παραδείγματι,
1305 1812 1365 1864 τὸ
1395 1812 1488 1864 τοῦ
1532 1810 1710 1881 φωτὸς
1750 1809 1882 1880 ἐρῶ,
1921 1810 1949 1861 ὃ
1980 1811 2074 1863 καὶ

497 1895 658 1958 αὐτὸς
703 1896 982 1965 ἐπήγαγεν
1025 1896 1246 1959 εὐθέως,
1297 1896 1495 1949 εἰπών·
1525 1895 1634 1952 Kal
1664 1895 1702 1962 ἡ
1736 1894 1846 1962 ζωὴ
1881 1891 1961 1964 ἦν
2003 1895 2072 1948 τὸ

495 1975 639 2046 φῶς.
664 1978 874 2048 Ὥσπερ
911 1973 1080 2031 οὖντὸ
1109 1979 1243 2047 φῶς.
1277 1981 1406 2043 ὅσας
1445 1979 1510 2033 ἂν
1535 1979 1746 2052 φωτίσῃ
1786 1979 2070 2050 μυριάδας.

495 2066 647 2118 οὐδὲν
669 2068 748 2128 είς
785 2066 883 2137 τὴν
921 2064 1127 2118 οἰκείαν
1156 2065 1472 2118 ἐλαττοῦται
1506 2066 1865 2136 λαμπρότητα
1885 2082 1897 2094 ·
1929 2063 2073 2118 οὕτω

495 2150 591 2202 καὶ
623 2150 651 2200 6
681 2147 832 2212 Θεὸς,
869 2149 964 2202 καὶ
1017 2149 1123 2219 πρὸ
1167 2148 1262 2202 τοῦ
1309 2149 1668 2220 ἐργάσασθαι,
1705 2150 1800 2201 καὶ
1831 2149 1970 2219 μετά
2012 2149 2072 2201 τὸ

496 2233 737 2302 ποιῆσαι,
772 2232 974 2301 ὁμοίως
1007 2231 1298 2303 ἀνελλιπὴς
1335 2233 1504 2302 μένει,
1539 2231 1705 2302 μηδὲν
1746 2232 2072 2303 ἐλαττούμε-

495 2331 606 2375 νος,
647 2314 782 2384 μηδὲ
814 2314 1017 2368 ἀτονῶν
1068 2317 1133 2368 ἐκ
1163 2314 1265 2376 τῆς
1304 2315 1666 2386 δημιουργίας
1695 2316 1795 2385 τῆς
1831 2314 2030 2384 πολλῆς
2053 2332 2068 2347 ·

494 2397 630 2451 ἀλλά
663 2397 767 2451 κᾶν
811 2397 1035 2468 μυρίους
1075 2397 1172 2471 δέῃ
1197 2396 1311 2469 [59]
1349 2397 1600 2466 γενέσθαι
1632 2398 1867 2468 κόσμους
1900 2399 2073 2452 τοιού·-

492 2498 640 2546 τους,
675 2481 780 2534 κᾶν
809 2480 1089 2550 ἀπείρους,
1124 2482 1155 2532 ὁ
1193 2481 1352 2544 αὐτὸς
1392 2481 1540 2550 μένει
1569 2482 1734 2534 πᾶσιν
1771 2482 1976 2552 ἀρκῶν,
2008 2483 2068 2535 οῦ

494 2563 628 2636 πρὸς
656 2563 718 2616 τὸ
741 2567 1084 2634 παραγαγεῖν
1118 2563 1314 2626 αὐτοὺς
1347 2563 1526 2634 μόνον,
1550 2564 1685 2617 ἀλλὰ
1714 2567 1808 2618 καὶ
1841 2566 1974 2636 πρὸς
2010 2566 2071 2618 τὸ

495 2647 870 2717 συγκρατῆσαι
904 2647 1041 2716 μετά
1080 2646 1180 2717 τήν
1211 2647 1572 2717 δημιουργίαν
1603 2649 1817 2711 αύτούς.
1850 2651 1923 2702 Τὸ
1961 2650 2071 2719 γὰρ

492 2731 593 2799 τῆς
630 2728 772 2799 ζωῆς
799 2729 968 2797 ὄνομα
1005 2729 1241 2783 ἐνταῦθα
1269 2729 1331 2782 οὑ
1363 2730 1463 2799 τῆς
1497 2730 1857 2803 δημιουργίας
1912 2734 2071 2803 μόνον

493 2812 662 2875 ἐστὶν,
685 2812 820 2865 ἀλλὰ
850 2814 942 2865 καὶ
973 2812 1071 2883 τῆς
1093 2815 1348 2885 προνοίας
1375 2815 1474 2883 τῆς
1504 2815 1643 2868 κατά
1667 2817 1768 2887 τήν
1788 2817 2067 2887 διαμονήν.

492 2897 603 2948 Kal
650 2896 742 2948 τὸν
780 2897 1038 2966 περὶτῆς
1090 2897 1441 2962 ἀναστάσεως
1484 2899 1541 2952 δὲ
1587 2900 1744 2968 λόγον
1791 2919 2072 2973 προκατα-

493 2979 744 3033 σάλλεται
772 2981 928 3050 ήμῖν,
960 2981 1056 3033 καὶ
1083 2980 1192 3032 τῶν
1233 2981 1562 3052 θαυμαστῶν
1599 2983 1802 3038 τούτων
1842 2985 2071 3054 εὐαγγε-

491 3063 623 3118 λίων
664 3064 910 3134 ἄρχεται.
951 3065 1065 3134 Τῆς
1095 3065 1204 3136 γὰρ
1244 3065 1391 3136 ζωῆς
1435 3071 1886 3141 παραγενομένης
1934 3072 2070 3142 πρὸς

493 3153 660 3222 ἡμᾶς.
694 3151 913 3206 λέλυται
937 3152 1030 3206 τοῦ
1063 3152 1292 3206 θανάτου
1318 3154 1379 3206 τὸ
1407 3156 1627 3225 κράτος,
1656 3157 1746 3209 καὶ
1770 3157 1863 3210 τοῦ
1893 3159 2070 3226 φωτὸς

491 3237 807 3308 λάμψαντος
825 3239 980 3308 ἡμῖν,
1011 3237 1111 3290 οὐκ
1143 3237 1224 3289 ἔτι
1248 3238 1310 3290 τὸ
1333 3239 1520 3303 σκότος
1553 3241 1720 3298 ἐστὶν.
1753 3242 1886 3295 ἀλλά
1919 3244 2070 3312 μένει

491 3321 783 3384 διαπαντὸς
807 3322 864 3372 ἐν
905 3323 1038 3391 ήμῖν
1064 3321 1127 3374 τὸ
1155 3320 1276 3391 ζῇν,
1323 3323 1418 3375 καὶ
1452 3323 1679 3387 θάνατος
1717 3325 1884 3379 αὐτοῦ
1913 3344 2070 3398 περι-

493 3403 743 3474 γενέσθαι
765 3403 825 3456 οὐ
842 3403 1082 3458 δύναται.
1104 3404 1265 3457 Ὥστε
1287 3404 1315 3456 ὂ
1342 3406 1469 3474 περὶ
1492 3406 1582 3459 τοῦ
1603 3407 1813 3478 Πατρὸς
1834 3410 2065 3480 εἴρηται,

492 3490 588 3542 καὶ
635 3487 761 3558 περὶ
807 3485 1000 3540 τούτου
1051 3487 1251 3556 κυρίως
1282 3487 1347 3540 ἀν
1392 3487 1627 3558 λεχθείη,
1661 3490 1873 3546 ὅτι.²Εν
1910 3493 2071 3555 αὐτῷ

493 3570 699 3640 ζῶμεν,
743 3569 841 3622 καὶ
884 3570 1226 3638 κινούμεθα,
1261 3571 1358 3623 καὶ
1404 3571 1609 3640 ἐσμέν.
1643 3576 1706 3626 Ὃ
1736 3577 1826 3628 καὶ
1860 3576 2068 3642 Παῦλος

488 3653 664 3725 δηλῶν
685 3653 870 3722 ἔλεγεν
891 3668 902 3681 ·
931 3655 1051 3706 Ὅτι
1081 3654 1150 3707 ἐν
1177 3653 1337 3720 αὐτῷ
1367 3655 1614 3724 ἐκτίσθη
1638 3657 1708 3710 τὰ
1731 3658 1945 3725 πάντα,
1971 3661 2070 3714 καὶ

489 3740 564 3792 τὰ
594 3737 790 3791 πάντα
829 3737 900 3790 ὲν
929 3735 1089 3803 αὐτῷ
1137 3737 1500 3807 συνέστηκε.
1535 3741 1628 3793 Διὸ
1660 3743 1754 3795 καὶ
1806 3743 1930 3814 ῥίζα
1974 3746 2068 3799 καὶ

491 3823 737 3892 θεμέλιος
769 3820 1004 3891 εἴρηται.

564 3907 732 3958 Ὅταν
749 3904 807 3957 δὲ
837 3903 1100 3975 ἀκούσῃς,
1126 3905 1208 3958 ὃτι
1249 3906 1345 3957 ’Er
1376 3906 1536 3972 αὐτῷ
1561 3908 1670 3976 ζωὴ
1695 3906 1792 3978 ἦν,
1827 3911 1902 3982 μή
1939 3912 2066 3964 σύν-

491 3986 644 4039 θετον
672 3985 975 4056 ὑπολάϐῃς·
1022 3989 1117 4038 καὶ
1143 3987 1251 4056 γὰρ
1293 3990 1497 4058 προῖὼν
1529 3993 1623 4044 καὶ
1657 3994 1784 4063 ’περὶ
1825 3995 1922 4046 τοῦ
1957 3997 2070 4050 Πα-

491 4070 617 4140 τρός
645 4083 808 4138 φησιν
829 4085 840 4097 ’
879 4069 1104 4136 Ὥσπερ
1126 4073 1160 4122 ὁ
1193 4070 1396 4137 Πατὴρ
1418 4071 1542 4140 ἕχει
1577 4071 1728 4142 ζωὴν
1759 4077 1828 4128 ἐν
1853 4077 2064 4143 ἐαυτῷ,

489 4153 679 4218 οὕτως
711 4151 893 4204 ἔδωκε
923 4153 1019 4204 xal
1049 4151 1129 4217 τῷ
1163 4151 1271 4218 Υίῷ
1308 4151 1462 4221 ζωὴν
1493 4156 1675 4224 ἔχειν.
1710 4159 1847 4212 Ἀλλ’
1878 4159 2066 4232 ὥσπερ

487 4236 582 4290 τὸν
607 4235 822 4306 Πατέρα
851 4236 950 4288 οὐκ
971 4235 1036 4288 ἂν
1068 4238 1241 4300 εἴποις
1265 4237 1351 4290 διὰ
1377 4239 1534 4293 τοῦτο
1560 4244 1898 4310 συγκεῖσθαι,
1926 4245 2066 4298 οὕτω

492 4320 627 4392 μηδὲ
653 4321 742 4374 τὸν
773 4320 917 4372 Υἰόν.
947 4319 1058 4373 Καὶ
1089 4321 1197 4390 γὰρ
1226 4322 1321 4374 καὶ
1355 4321 1586 4394 ἀλλαχοῦ
1617 4343 1799 4396 φησιν,
1832 4329 1912 4381 ὅτι
1937 4331 2066 4397 Φῶς

488 4406 660 4458 ἐστιν
679 4407 711 4458 ό
741 4405 904 4470 Θεός·
927 4404 1022 4456 καὶ
1049 4404 1208 4457 πάλιν
1227 4405 1274 4466 δ,
1299 4406 1378 4458 ὅτι
1396 4405 1525 4472 Φῶς
1549 4409 1699 4462 οἰκεῖ
1713 4411 2060 4476 ἀπρόσιτον.

490 4487 679 4541 Ταῦτα
703 4487 760 4540 δὲ
789 4490 966 4540 πάντα
992 4489 1226 4558 εἴρηται.
1259 4489 1355 4558 οὐχ
1381 4490 1468 4542 ἵνα
1507 4489 1755 4545 σύνθεσιν
1782 4494 2066 4548 ὑπολάϐω-

493 4589 612 4642 μεν,
642 4571 755 4624 ἀλλ’
781 4572 868 4624 ἵνα
896 4571 1035 4625 κατά
1067 4572 1260 4642 μικρὸν
1288 4573 1610 4644 ἀναχθῶμεν
1638 4587 1660 4615 ο
1701 4578 1838 4646 πρὸς
1865 4580 1926 4632 τὸ
1956 4582 2065 4634 τῶν

488 4654 775 4724 δογμάτων
797 4653 951 4724 ὕψος.
999 4655 1216 4725 Ἐπειδὴ
1237 4657 1344 4727 γὰρ
1369 4657 1469 4710 οὑκ
1515 4657 1581 4712 ἂν
1608 4659 1846 4724 εὐκόλως
1875 4665 2064 4734 ἐνόησέ

488 4754 573 4801 τις
601 4739 708 4792 τῶν
735 4738 964 4801 πολλῶν,
989 4737 1104 4802 πῶς
1126 4739 1273 4792 ἐστιν
1293 4739 1458 4793 αὑτοῦ
1486 4742 1844 4807 ἐνυπόστατος
1866 4747 1898 4816 ή
1926 4746 2058 4817 ζωή,

489 4824 752 4895 πρότερον
790 4823 887 4894 μὲν
921 4825 1098 4877 ἐκεῖνο
1133 4819 1254 4877 εἶπε
1274 4825 1334 4878 τὸ
1352 4827 1751 4898 ταπεινότερον,
1787 4829 1980 4885 ἔπειτα
2006 4833 2063 4886 δὲ

489 4905 874 4970 παιδευθέντας
905 4907 1043 4976 πρὸς
1062 4907 1121 4960 τὸ
1146 4907 1474 4978 ὑψηλότερον
1493 4910 1636 4976 ἄγει.
1667 4910 1726 4964 Ὀ
1741 4911 1850 4983 γὰρ
1869 4913 2060 4981 εἰπὼν,

486 4992 569 5044 ὅτι
599 4987 862 5042 Ἔδωκεν
893 4989 1052 5054 αὐτῷ
1079 4988 1232 5058 ζωὴν
1270 4990 1454 5060 ἔχειν,
1489 4984 1643 5056 οὗτος
1684 4993 1843 5047 πάλιν
1875 4997 2058 5066 φησιν,

500 5072 638 5142 Ἐγώ
668 5075 784 5142 ειμι
815 5073 853 5139 ἡ
882 5072 990 5140 ζωή
1013 5090 1026 5101 ο
1052 5073 1145 5126 καὶ
1176 5073 1357 5137 πάλιν,
1388 5074 1533 5143 Ἐγώ
1554 5077 1670 5144 ειμι
1693 5076 1760 5130 τὸ
1789 5077 2061 5146 φῶς-,Καὶ

484 5156 749 5219 ποταπὸν,
781 5155 901 5208 εἰπέ
933 5173 1057 5226 μοι,
1094 5155 1254 5208 τοῦτο
1279 5155 1340 5210 τὸ
1385 5157 1537 5226 φῶς;
1579 5160 1652 5212 Ού
1697 5162 1936 5216 τοιοῦτον
1973 5165 2060 5217 αι-

486 5239 714 5309 σθητὸν,
762 5238 900 5292 ἀλλά
951 5238 1172 5308 νοητὸν,
1212 5238 1309 5310 τὴν
1351 5239 1529 5312 ψυχήν
1577 5243 1808 5311 φωτίζον
1863 5243 2082 5319 αὑτήν.’

497 5321 715 5392 Ἐπειδὴ
745 5320 854 5392 γὰρ
901 5321 1084 5392 μέλλει
1131 5321 1310 5390 λέγειν
1348 5326 1376 5376 6
1420 5325 1674 5394 Χριστὸς,
1717 5328 1798 5380 ὅτι
1850 5330 2060 5398 Οὐδεὶς

482 5403 733 5459 δύναται
769 5404 969 5487 ἐλθεῖν
993 5405 1140 5470 πρός
1162 5422 1257 5474 με,
1286 5405 1395 5458 ἐὰν
1417 5406 1503 5475 μὴ
1535 5411 1568 5462 ὁ
1596 5410 1796 5477 Πατὴρ
1823 5413 2060 5487 ἐλκύσῃ

484 5487 690 5552 αὑτὸν,
713 5489 802 5542 διά
828 5485 987 5542 τοῦτο
1014 5488 1302 5559 προλαϐὼν
1338 5490 1572 5545 ἐνταῦθα
1606 5493 1634 5545 6
1672 5485 2060 5565 εύαγγελιστὴς

486 5569 708 5638 ἔφησεν,
737 5573 818 5624 ὃτι
847 5571 1011 5636 αὑτός
1037 5573 1184 5626 ἐστιν
1206 5573 1235 5625 6
1257 5574 1528 5641 φωτίζων,
1559 5576 1646 5628 ἵνα
1673 5576 1775 5630 κᾶν
1805 5581 1932 5650 περὶ
1964 5583 2057 5636 τοῦ

2183 466 2348 538 λέγῃς
2380 469 2512 522 αὐτὸ
2545 471 2728 540 μόνου,
2755 471 2890 525 ἀλλὰ
2932 472 3028 524 καὶ
3071 469 3165 524 τοῦ
3199 470 3354 524 Υίοῦ.
3396 469 3598 524 Πάντα
3623 468 3753 542 γάρ,

2185 553 2372 621 φησὶν,
2402 552 2517 606 ὅσα
2547 555 2670 622 ἔχει
2707 558 2740 607 ό
2785 553 2984 622 Πατήρ
3016 571 3172 623 μου,
3213 553 3325 622 ἐμὰ
3355 553 3504 606 ἐστι.
3539 551 3757 621 Πρῶτον

2189 635 2286 703 μὲν
2309 631 2402 688 οὖν
2436 637 2566 708 περὶ
2601 639 2697 708 τῆς
2715 638 3072 710 δημιουργίας
3099 641 3247 708 ἡμᾶς
3275 637 3510 701 ἐδίδαξεν
3531 653 3544 666 ⁸
3569 636 3758 690 ἔπειτα

2184 717 2335 786 λέγει
2358 713 2450 772 καὶ
2473 719 2540 772 τά
2569 722 2709 773 κατὰ
2735 722 2910 792 ψυχὴν
2937 720 3137 790 ἀγαθά,
3164 720 3305 791 άπερ
3329 721 3602 790 παρέσχεν
3624 723 3758 790 ήμῖν

2185 800 2374 864 ἐλθὼν,
2407 803 2503 855 καὶ
2529 803 2596 856 δι’
2632 803 2749 866 ἐνὸς
2783 807 3026 874 ῥήματος
3056 804 3276 876 ᾐνίξατο
3313 804 3452 858 αύτά
3477 806 3505 858 6
3531 805 3758 872 εὐαγγε-

2181 882 2388 955 λιστής,
2417 885 2620 939 εἰπών’
2650 888 2759 940 Καὶ
2801 888 2838 953 ἠ
2874 887 2983 956 ζωὴ
3025 885 3104 958 ἦν
3131 891 3197 942 τό
3229 889 3354 957 φῶς
3389 886 3506 942 τῶν
3530 888 3758 957 ἀνθρώ-

2182 983 2328 1032 πων,
2358 971 2466 1024 Kal
2487 972 2587 1024 οὐκ
2609 967 2784 1034 εἶπεν,
2801 970 2909 1026 Ἦν
2932 974 2992 1027 τὸ
3019 975 3134 1043 φῶς
3156 975 3265 1029 τῶν
3303 973 3591 1038 Ἰουδαίων,
3622 972 3760 1028 ἀλλά

2183 1051 2412 1106 καθόλου
2435 1054 2482 1118 ά,
2505 1053 2628 1107 Τῶν
2638 1055 2981 1125 ἀνθρώπων.
3012 1059 3146 1112 Οὐδὲ
3168 1059 3275 1130 γὰρ
3303 1059 3542 1112 Ἰουδαῖοι
3575 1059 3755 1128 μόνον,

2181 1136 2320 1190 ἀλλά
2362 1139 2457 1192 xal
2496 1138 2755 1210 ’Έλληνες
2797 1144 2932 1212 πρὸς
2969 1139 3172 1213 ταύτην
3197 1137 3360 1214 ἦλθον
3407 1144 3503 1214 τὴν
3533 1143 3756 1211 γνῶσιν.

2183 1224 2277 1277 καὶ
2305 1225 2482 1278 κοινὸν
2515 1224 2687 1279 ἀπασι
2719 1226 3009 1298 προύκειτο
3041 1229 3201 1283 τοῦτο
3232 1230 3295 1283 τὸ
3336 1229 3470 1300 φῶς.
3513 1229 3669 1292 Τίνος
3699 1229 3757 1283 δὲ

2181 1307 2364 1362 ἕνεκεν
2390 1309 2511 1379 οὐχὶ
2531 1311 2626 1363 καὶ
2650 1313 2773 1374 τοὺς
2799 1313 3062 1379 ἀγγέλους
3090 1313 3448 1385 προσέθηκεν,
3473 1312 3607 1366 ἀλλά
3634 1312 3756 1368 Τῶν

2180 1389 2526 1458 ἀνθρώπων,
2557 1388 2742 1458 εἷπεν;
2785 1395 2905 1448 Ὀτι
2941 1395 3034 1448 νῦν
3067 1395 3213 1466 αὐτῷ
3250 1397 3378 1466 περὶ
3415 1396 3514 1466 τῆς
3541 1396 3757 1464 φύσεως

2180 1474 2384 1546 ταύτης
2417 1477 2446 1528 6
2479 1475 2634 1544 λόγος
2667 1478 2804 1539 ἐστὶ,
2838 1479 2932 1532 καὶ.
2963 1479 3172 1542 τούτοις
3208 1475 3372 1551 ἦλθεν
3405 1479 3755 1549 εὐαγγελιζό-

2183 1576 2344 1628 μενος
2370 1559 2437 1612 ea;
2461 1561 2659 1628 ἀγαθά.
2687 1561 2797 1615 Kal
2825 1562 2889 1616 τὸ
2916 1562 3042 1632 φῶς
3072 1565 3140 1618 ἐν
3170 1561 3245 1632 τῇ
3279 1553 3491 1631 σκοτίᾲ
3531 1565 3751 1632 εοαίνει.

2181 1643 2410 1696 Σκοτίαν
2452 1647 2546 1698 καὶ
2589 1646 2679 1698 τὸν
2711 1647 2939 1700 θάνατον
2979 1649 3073 1701 καὶ
3105 1648 3204 1719 τὴν
3241 1649 3448 1717 πλάνην
3483 1649 3635 1717 φησί.
3682 1648 3755 1703 T6

2183 1725 2284 1794 μὲν
2327 1725 2435 1796 γάρ
2469 1726 2584 1796 φῶς
2616 1728 2775 1781 τοῦτο
2809 1730 2871 1782 τὸ
2923 1731 3181 1800 αἰσθητὸν
3224 1732 3325 1784 οὐκ
3352 1733 3410 1783 ἐν
3453 1734 3520 1800 τῇ
3563 1731 3754 1800 σκοτία

2180 1807 2379 1876 φαίνει.
2407 1810 2522 1862 ἀλλ’
2553 1811 2768 1884 ἐκείνης
2792 1813 2961 1882 χωρίς
2990 1825 3034 1868 θ.
3071 1814 3143 1867 Τὸ
3168 1814 3225 1867 δὲ
3258 1815 3518 1885 κήρυγμα
3549 1813 3757 1883 μεταξὺ

2182 1889 2298 1962 μθ]
2328 1892 2427 1962 τῆς
2470 1893 2679 1964 πλάνης
2721 1895 3026 1966 κρατούσης
3056 1897 3285 1967 ἔλαμψε,
3322 1897 3580 1968 κάκείνην
3613 1898 3754 1965 ἠφά-

2177 1991 2313 2030 νισε.
2339 1977 2451 2030 Kal
2474 1979 2533 2030 ἐν
2562 1978 2638 2048 τῷ
2667 1977 2881 2050 θανάτῳ
2914 1980 3205 2050 γενόμενος
3231 1979 3414 2043 αὐτὸς,
3451 1979 3623 2046 οὕτως
3655 1983 3754 2036 αὺ-

2175 2057 2272 2112 τοῦ
2305 2061 2672 2130 περιεγένετο,
2703 2062 2779 2126 ὼς
2813 2065 2906 2116 καὶ
2939 2063 3064 2126 τοὺς
3102 2064 3201 2135 ήδη
3245 2065 3754 2136 προκατεχομένους

2177 2142 2494 2212 ἀναγαγεῖν.
2537 2146 2689 2198 Ἐπεὶ
2711 2142 2802 2198 οὖν
2836 2144 2958 2199 οὔτε
2983 2149 3010 2199 6
3043 2145 3270 2211 θάνατος
3295 2147 3458 2201 αὐτοῦ
3500 2149 3750 2220 περιεγέ-

2176 2243 2318 2288 νετο,
2346 2226 2470 2280 οὔτε
2493 2230 2526 2298 ή
2561 2229 2758 2300 πλάνη,
2782 2229 2896 2284 ἀλλ’
2929 2229 3044 2282 ἔστι
3075 2230 3295 2302 φαιδρὸν
3322 2229 3619 2302 πανταχοῦ,
3656 2234 3749 2286 καὶ

2175 2309 2380 2380 λάμπει
2403 2311 2538 2381 μετά
2557 2311 2656 2382 τῆς
2681 2313 2883 2376 οἰκείας
2914 2313 3124 2383 ίσχύος’
3153 2313 3240 2367 διὰ
3264 2313 3420 2367 τοῦτό
3443 2332 3607 2386 φησι·
3640 2315 3748 2369 Kal

2175 2397 2213 2462 ’ἡ
2238 2397 2452 2449 σκοτία
2487 2396 2630 2449 αὐτύ
2657 2399 2728 2450 οὐ
2755 2397 3062 2452 κατέλαϐε.
3089 2398 3198 2452 Kal
3228 2400 3336 2469 γάρ
3369 2401 3514 2452 ἐστιν
3545 2399 3749 2452 ἀκατα-

2174 2477 2472 2546 γώνιστον,
2517 2479 2617 2532 οὑκ
2666 2479 3076 2551 ἐμφιλοχωροῦν
3120 2484 3241 2544 ταῖς
3283 2482 3358 2554 μὴ
3413 2481 3750 2552 φωτισθῆναι

2176 2561 2524 2632 βουλομέναις
2547 2563 2767 2634 ψυχαῖς.

2241 2645 2304 2698 δ’.
2344 2646 2404 2698 Εἰ
2438 2644 2494 2698 δὲ
2525 2645 2599 2716 μή
2643 2646 2848 2710 πάντας
2875 2637 3010 2706 εἷλε,
3048 2647 3122 2718 μή
3155 2665 3214 2700 σε
3239 2647 3397 2702 τοῦτο
3427 2645 3754 2719 θορυδείτωα

2173 2729 2293 2781 ούδέ
2324 2729 2432 2799 γὰρ
2455 2730 2668 2799 ἀνάγκῃ
2702 2731 2796 2782 καὶ
2844 2729 2954 2800 βία,
2985 2730 3122 2783 ἀλλά
3156 2729 3405 2802 βουλήσει
3433 2731 3528 2784 καὶ
3554 2733 3752 2806 γνώμῃ

2175 2816 2513 2883 προσάγεται
2549 2816 2696 2884 ἡμᾶς
2721 2817 2750 2868 6
2783 2813 2935 2878 Θεός.
2971 2815 3062 2884 Μή
3087 2815 3150 2886 δή
3173 2815 3271 2878 τὰς
3303 2815 3474 2887 θύρας
3498 2815 3751 2870 ἀποκλεί-

2176 2913 2274 2968 σῃς
2298 2895 2376 2965 τῷ
2399 2897 2535 2964 φωτὶ
2561 2897 2755 2967 τούτῳ,
2791 2897 2887 2950 καὶ
2920 2897 3122 2967 πολλῆς
3168 2897 3454 2970 ἀπολαύσῃ
3493 2901 3590 2970 τῆς
3616 2917 3747 2968 τρυ-

2174 2982 2302 3050 φῆς.
2333 2981 2697 3051 Παραγίνεται
2729 2981 2786 3034 δέ
2814 2981 2971 3034 τοῦτο
3003 2982 3063 3034 τὸ
3104 2981 3219 3050 φῶς
3251 2981 3338 3036 διὰ
3368 2983 3623 3050 πίστεως,
3655 2986 3750 3038 καὶ

2174 3063 2613 3132 παραγενόμενον
2641 3063 2988 3134 καταλάμπει
3017 3064 3202 3117 λοιπὸν
3237 3064 3375 3136 μετὰ
3407 3065 3608 3136 πολλῆς
3648 3067 3750 3137 τῆς

2171 3145 2448 3213 δαψιλείας
2476 3146 2566 3200 τὸν
2602 3146 2999 3215 ὑποδεξάμενον
3019 3164 3030 3177 ·
3056 3146 3157 3201 κᾶν
3181 3146 3295 3218 βίον
3327 3148 3474 3217 αύτῷ
3502 3149 3748 3222 παρέχῃς

2171 3228 2432 3299 καθαρὸν,
2461 3230 2609 3300 μένει
2639 3230 2902 3300 διηνεκῶς
2932 3230 3154 3283 ἐνοικῶν
3176 3231 3321 3284 ἔνδον
3339 3246 3353 3259 ·
3396 3231 3457 3285 '0
3481 3233 3588 3303 γὰρ
3607 3234 3750 3302 ἀγα-

2172 3310 2302 3363 ςγτῶι⁴
2317 3331 2412 3382 με,
2437 3315 2541 3377 τὰς
2562 3313 2814 3377 ἐντολάς
2827 3331 2946 3382 μου
2969 3314 3234 3382 τηρήσει,
3257 3315 3355 3369 καὶ
3379 3314 3751 3386 ἐλευσόμεθα

2170 3394 2285 3464 ἐγὼ
2329 3395 2425 3448 καὶ
2471 3399 2503 3448 ό
2545 3395 2746 3463 Πατὴρ
2779 3399 2926 3464 πρὸς
2968 3397 3176 3460 αὑτὸν,
3223 3399 3374 3469 φησὶ,
3407 3401 3504 3454 καὶ
3547 3400 3750 3470 μονὴν

2171 3479 2305 3546 παρ’
2327 3477 2486 3542 αὐτῷ
2512 3480 2897 3548 ποιησόμεθα.
2932 3480 3139 3552 Ὠσπερ
3163 3478 3255 3535 οῦν
3283 3483 3511 3553 ήλιακῆς
3532 3485 3749 3548 ἀκτῖνος

2173 3561 2462 3614 ἀπολαύειν
2510 3561 2586 3624 ὡς
2631 3563 2736 3634 χρὴ
2787 3563 2888 3616 οὐκ
2950 3563 3067 3627 ἔνι,
3125 3566 3200 3636 μὴ
3238 3565 3574 3634 διανοίγοντα
3621 3568 3749 3631 τοὺς

2171 3645 2482 3716 ὀφθαλμούς
2505 3663 2519 3676 ο
2556 3645 2728 3710 οὓτως
2769 3646 2890 3700 οὐδὲ
2922 3647 3125 3717 ταύτης
3161 3653 3448 3719 μετασχεῖν
3484 3651 3581 3720 τῆς
3610 3649 3748 3720 λαμ-

2171 3729 2440 3800 πρότητος
2461 3727 2717 3797 δαψιλῶς,
2756 3730 2829 3800 μὴ
2866 3729 3070 3800 σφόδρα
3105 3731 3520 3786 ἀναπετάσαντα
3556 3733 3616 3787 τὸ
3647 3735 3749 3804 τῆς

2169 3811 2348 3881 ψυχῆς
2392 3811 2580 3882 ὄμμα,
2629 3813 2722 3864 xal
2767 3811 3048 3884 ὀξυδερκὲς
3097 3815 3226 3867 αὐτὸ
3281 3815 3540 3869 πάντοθεν
3579 3832 3748 3870 κατα-

2172 3896 2532 3951 σκευάσαντα.
2578 3897 2702 3960 Πῶς
2732 3896 2788 3950 δὲ
2829 3897 3036 3964 γίνεται
3089 3899 3276 3964 τοῦτο;
3323 3901 3491 3955 Ὅταν
3529 3906 3748 3957 πάντων

2170 3980 2564 4052 ἐκκαθάρωμεν
2589 3982 2696 4036 τῶν
2723 3982 2911 4036 παθῶν
2934 3983 3031 4054 τήν
3051 3983 3246 4054 ψυχήν.
3273 3986 3335 4038 Ἡ
3375 3987 3482 4058 γάρ
3500 3988 3747 4060 ἁμαρτία

2172 4065 2360 4128 σκότος
2386 4067 2521 4130 ἐστὶ,
2545 4067 2638 4119 καὶ
2668 4067 2853 4131 σκότος
2884 4067 3017 4137 βαθύ
3041 4085 3054 4099 ”
3083 4070 3177 4122 καὶ
3198 4070 3355 4140 δῆλον
3375 4074 3437 4124 ἐκ
3462 4073 3554 4125 τοῦ
3583 4073 3746 4126 ἀσυν-

2169 4149 2387 4212 ειδότως
2415 4150 2509 4202 καὶ
2553 4149 2921 4215 λανθανόντως
2965 4152 3230 4223 πράσσειν
3259 4154 3446 4225 αὐτήν.
3474 4154 3598 4221 Πᾶς
3633 4157 3743 4227 γάρ

2169 4235 2202 4286 ό
2235 4231 2307 4285 τὰ
2344 4233 2548 4301 φαῦλα
2609 4233 2937 4300 πράσσων,
2978 4235 3150 4304 μισεῖ
3187 4236 3252 4290 τὸ
3297 4235 3444 4306 φῶς,
3487 4240 3584 4292 καὶ
3629 4242 3744 4294 οὐκ

2169 4315 2402 4384 ἔρχεται
2437 4315 2585 4382 πρὸς
2614 4315 2680 4368 τὸ
2718 4314 2844 4384 φῶς
2870 4333 2884 4347 ·
2923 4319 3036 4381 καὶ,
3087 4318 3162 4372 Τὰ
3194 4319 3396 4388 κρυφῇ
3435 4322 3740 4392 γινόμενα,

2169 4399 2425 4467 αἰσχρόν
2463 4399 2593 4451 ἐστι
2623 4399 2717 4451 καὶ
2768 4398 2988 4469 λέγειν.
3021 4399 3286 4472 Καθάπερ
3325 4399 3417 4456 οῦν
3451 4405 3508 4457 ὲν
3542 4406 3740 4476 σκότῳ,

2169 4481 2228 4533 ού
2265 4482 2433 4550 φίλον,
2469 4481 2568 4533 οὐκ
2603 4481 2794 4551 ἐχθρόν
2825 4497 2909 4544 τις
2949 4478 3114 4544 οἶδεν,
3157 4484 3293 4538 ἀλλὰ
3327 4486 3510 4550 πάσας
3554 4489 3746 4557 ἀγνοεῖ

2169 4565 2276 4618 τῶν
2317 4565 2658 4636 πραγμάτων
2688 4565 2786 4627 τὰς
2816 4567 3038 4634 φύσεις’
3069 4566 3212 4622 οὕτω
3240 4572 3333 4623 καὶ
3373 4574 3434 4626 ὲν
3459 4573 3526 4644 τῇ
3560 4575 3738 4644 ἀμαρ-
3835 4591 3840 4594 ·

2167 4648 2277 4719 τίᾳ.
2319 4649 2429 4701 Kal
2461 4649 2568 4720 γὰρ
2601 4649 2630 4700 6
2657 4647 3047 4720 πλεονεκτῆσαι
3078 4651 3416 4723 βουλόμενος,
3453 4658 3513 4710 οὐ
3544 4657 3746 4730 διαιρεῖ

2168 4730 2258 4783 τὸν
2287 4731 2440 4800 φίλον
2462 4732 2570 4784 ἀπὸ
2601 4731 2694 4784 τοῦ
2724 4731 2982 4802 πολεμίου
3006 4730 3024 4770 ί
3047 4749 3060 4762 ⁸
3103 4735 3195 4788 καὶ
3225 4737 3253 4787 6
3279 4736 3608 4806 βασκαίνων,
3646 4741 3744 4794 καὶ

2167 4812 2258 4864 τὸν
2296 4813 2498 4884 σφόδρα
2531 4814 2873 4884 ᾡκειωμένον
2917 4815 2992 4879 ὡς
3035 4815 3228 4889 ἐχθρὸν
3261 4821 3393 4890 ὁρᾷ·
3419 4823 3514 4874 καὶ
3555 4825 3583 4876 6
3614 4825 3742 4876 ἐπι-

2169 4896 2438 4949 6ουλεύων
2474 4897 2674 4966 ὁμοίως
2707 4898 2842 4968 πρὸς
2879 4900 3085 4963 πάντας
3127 4901 3575 4974 ὲκπεπολέμωται
3598 4945 3612 4966 ,
3643 4907 3741 4961 καὶ

2169 4979 2352 5044 ἁπλῶς
2387 4981 2528 5043 ἆπας
2551 4983 2579 5033 6
2618 4981 2715 5050 τὴν
2750 4983 3024 5054 ἁμαρτίαν
3071 4985 3258 5048 ποιῶν,
3287 4985 3395 5039 τῶν
3431 4988 3744 5057 μεθυόντων

2167 5063 2316 5116 οὐδὲν
2361 5062 2634 5133 διενήνοχε
2674 5064 2768 5117 καὶ
2795 5066 3155 5136 μαινομένων,
3186 5067 3321 5137 πρὸς
3355 5069 3414 5122 τὸ
3458 5071 3566 5125 τῶν
3598 5091 3742 5146 πρα-

2167 5148 2391 5218 γμάτων
2426 5149 2498 5218 μὴ
2539 5148 2832 5216 ἐπιγνῶναι
2871 5150 2970 5222 τὴν
3020 5151 3199 5220 φύσιν.
3236 5154 3344 5206 Kal
3385 5156 3636 5229 καθάπερ
3677 5161 3741 5213 ὲν

2168 5233 2343 5295 νυκτὶ,
2386 5233 2479 5283 καὶ
2513 5231 2666 5296 ξύλον
2686 5275 2699 5298 ,
2747 5231 2840 5285 καὶ
2872 5234 3129 5304 μόλυϐδον
3159 5235 3203 5299 ⁸,
3247 5237 3338 5290 καὶ
3372 5238 3609 5310 σίδηρον,
3645 5245 3743 5298 καὶ

2167 5313 2423 5386 ἄργυρον,
2447 5315 2540 5368 κα⁵ι
2564 5314 2780 5386 χρυσὸν,
2811 5316 2904 5369 καὶ
2925 5316 3069 5368 λίθον
3107 5317 3305 5387 τίμιον,
3339 5321 3514 5374 πάντα
3538 5324 3744 5393 ὁμοίως

2167 5398 2402 5469 ὁρῶμεν,
2436 5397 2530 5451 τοῦ
2567 5399 2932 5469 διακρίνοντος
2965 5399 3102 5453 αὑτά
3138 5401 3314 5470 φωτὸς
3348 5404 3410 5456 οὐ
3448 5407 3737 5477 παρόντος’

2165 5480 2307 5534 οὕτω
2329 5483 2422 5534 καὶ
2449 5484 2478 5535 6
2500 5483 2614 5551 βίον
2641 5482 2948 5552 ἀκάθαρτον
2975 5483 3132 5552 ἔχων,
3159 5485 3258 5536 οὐκ
3277 5483 3382 5538 οἶδε
3406 5488 3506 5557 τῆς
3534 5506 3742 5561 σωφρο·

2167 5565 2332 5636 σύνης
2360 5565 2458 5637 τήν
2488 5566 2709 5637 ἀρετὴν,
2737 5566 2798 5618 οὐ
2835 5566 2934 5636 τῆς
2967 5566 3280 5636 φιλοσοφίας
3303 5569 3368 5622 τὸ
3407 5571 3624 5636 κάλλος.
3651 5574 3741 5626 Ἐν

487 5651 698 5722 Πατρὸς
732 5654 971 5728 ἀκούσῃς
1002 5672 1054 5708 τι
1094 5655 1368 5721 τοιοῦτον,
1410 5657 1484 5728 μὴ
1535 5657 1627 5712 τοῦ
1662 5661 1876 5733 Πατρὸς
1920 5662 2074 5743 εἶναι,
2158 5677 2162 5687 ’

544 5835 677 5918 ἒὲἱο
701 5835 1195 5918 vgilans???”
1215 5839 1474 5918 ria-ﬂ”.
1489 5843 1667 5918 Morel:
1689 5847 1878 5918 ἀφρηςο
1907 5851 2054 5904 δανει-

480 5897 669 5960 ὺφέλῃς.
733 5897 764 5937 δ
785 5900 868 5947 Sic
885 5899 1004 5948 Mor.
1033 5903 1142 5950 Sav.
1165 5897 1246 5951 ica}
1269 5897 1499 5967 ἀλλαχοῦ.
1569 5908 1590 5940 ⁸
1618 5910 1701 5960 δίε
1723 5897 2055 5967 Μυιτ.”οἶξοᾶξ

483 5957 590 6009 706.
617 5958 765 6013 Βῦτίι,
802 5966 855 6012 ει
876 5962 982 6014 cod.
1004 5962 1096 6014 705
1121 5964 1405 6026 ἐναχθώμεν.

2225 5735 2251 5776 d
2275 5736 2488 5801 Καθόλου
2519 5736 2672 5785 deest.
2697 5734 2750 5785 in
2785 5735 3079 5801 guibqsdam
3113 5751 3228 5788 mss.
3275 5742 3357 5801 qui
3397 5741 3583 5792 habent
3614 5743 3742 5796 infra

2164 5799 2314 5860 ἅπασι
2359 5798 2649 5860 προῦκειται.
2719 5809 2743 5836 ο
2777 5797 2861 5847 Sic
2884 5799 2999 5860 ,ἀπο
3040 5813 3176 5860 mss.,
3209 5797 3366 5856 recte.
3413 5812 3466 5853 ut
3520 5807 3736 5859 videtur.

2162 5858 2294 5908 Edili
2325 5858 2498 5922 iet-alii
2529 5872 2641 5922 mss.
2671 5860 2774 5907 ἀλλ’
2796 5859 2972 5908 ἐκείνου
2996 5858 3168 5922 χωρίς(
3226 5862 3248 5899 ί
3274 5863 3370 5912 Alii
3395 5866 3480 5913 τὸν
3498 5867 3632 5922 φίλον
3651 5858 3741 5917 τοῦ

2163 5883 2294 5908 LUIu
2335 5883 2390 5906 CI.
2418 5883 2498 5907 aIII
2529 5883 2641 5906 una.
2671 5883 2770 5907 uAA'
2796 5883 2972 5908 εκεινῠυ
2996 5883 3153 5922 χωρις.
3228 5883 3241 5899 ι
3274 5883 3370 5912 Al"
3395 5883 3480 5913 τον
3533 5883 3632 5915 υιον
3651 5884 3741 5917 του

2163 5921 2437 5991 πολεμίρυλ-
2477 5923 2501 5960 8
2540 5919 2658 5991 Mor.
2696 5928 2748 5969 et
2791 5921 3002 5991 qqudam‘
3025 5935 3138 5974 mss.
3185 5925 3432 5985 μόλυϐδον.
3486 5883 3636 5978 ξείνη.
3683 5935 3743 5981 et

2165 5982 2247 6032 alii
2271 5983 2517 6043 μόλιϐδον
2545 5990 2803 6044 utrumque
2827 5982 3022 6035 dicitur.
