4074 6374
339 392 408 447 ω
1442 385 1506 440 lN
1544 382 1855 441 JOANNEM
1894 384 2127 443 ttontL.
2161 388 2225 443 v.
2266 391 2336 448 al.
2377 391 2463 452 tv.
3485 414 3492 423 η
3550 411 3620 467 58

344 520 464 561 cum
497 504 648 567 illud,
678 502 781 559 Per
805 519 971 574 quem,
999 500 1140 572 quod
1164 500 1419 557 minorem
1448 498 1745 567 signiﬁcare
1772 498 1925 564 dicis,

344 598 486 652 Patri
514 595 788 651 adscribit.
822 594 1014 649 Fidelis
1040 594 1180 650 enim
1212 593 1379 657 Deus,
1410 592 1610 663 inquit,
1651 609 1741 661 per
1779 608 1925 657 quem

342 689 507 745 uocati
528 687 651 741 estis
679 688 731 740 in
755 688 1041 741 societatem
1080 684 1211 739 Filii
1247 686 1357 753 ejus
1403 686 1476 749 (l.
1505 683 1621 738 Cor.
1654 685 1705 737 1.
1743 683 1843 752 9);
1872 691 1926 736 ct

340 796 578 843 rursum,
614 779 715 835 Per
740 781 1046 834 voluntatem
1072 780 1182 849 ejus
1208 777 1432 847 (Ephes.
1464 778 1514 831 1.
1542 777 1565 831 1
1593 776 1645 846 );
1676 784 1729 831 et
1755 776 1878 829 alibi
1904 815 1919 839 ,

340 872 598 938 Quoniam
644 888 706 926 et:
747 872 861 940 ipso
884 912 900 934 ,
936 881 981 925 et
1020 887 1108 940 per
1149 871 1337 938 ipsum,
1368 878 1414 922 et
1458 869 1510 922 in
1551 869 1718 935 ipsum
1751 868 1922 923 omnia

334 962 509 1031 (Rom.
538 965 624 1019 11.
649 963 760 1034 56).
793 963 975 1033 Itaque
1002 978 1105 1017 non
1133 964 1223 1017 uni
1251 961 1385 1015 Filio
1406 961 1554 1025 illud,
1581 961 1663 1015 Ea:
1683 977 1801 1031 quo,
1825 960 1918 1015 sed

333 1056 496 1108 etiam
524 1054 743 1123 Spiritui
779 1056 1047 1111 tribuitur.
1080 1055 1289 1111 Etenim
1318 1054 1551 1123 Josepho
1579 1055 1800 1123 angelus
1828 1054 1916 1109 di-

331 1146 527 1199 cebat:
570 1145 647 1199 Ne
686 1148 862 1201 timeas
904 1149 1131 1216 accipere
1170 1144 1393 1201 Mariam
1430 1147 1694 1216 conjugem
1733 1156 1915 1202 luant:

330 1241 467 1306 quod
494 1241 627 1294 enim
653 1241 703 1293 in
726 1257 785 1293 ea
801 1251 973 1297 nutum
994 1251 1087 1305 est,
1110 1257 1172 1295 ex
1194 1240 1393 1310 Spiritu
1412 1250 1586 1294 sancto
1607 1249 1678 1294 est
1700 1240 1911 1309 (Matth.

331 1333 379 1381 1.
407 1328 524 1399 20).
557 1331 1015 1396 Quemadmodum
1039 1341 1091 1387 et
1116 1331 1264 1396 illud,
1289 1330 1355 1384 In
1374 1348 1492 1402 quo,
1516 1331 1654 1401 quod
1685 1331 1914 1398 Spiritus

326 1434 431 1482 est.
466 1440 574 1477 non
605 1434 816 1479 recusat
837 1424 1091 1495 propheta
1124 1424 1234 1479 Deo
1264 1426 1516 1490 tribuere,
1547 1425 1669 1479 dum
1700 1425 1773 1477 ait
1803 1443 1815 1477 :
1847 1423 1914 1477 In

326 1515 437 1569 Deo
467 1520 709 1584 faciemus
731 1520 960 1575 virtutem
989 1518 1163 1589 (Psal.
1194 1518 1283 1575 59.
1311 1517 1418 1588 14).
1454 1518 1519 1571 Et
1546 1513 1735 1572 Paulus
1759 1558 1773 1583 ,
1806 1516 1911 1570 0b-

324 1626 529 1663 secrans
550 1650 566 1676 ,
605 1611 713 1676 ait,
744 1612 788 1665 si
811 1612 1059 1679 quomodo
1089 1612 1290 1665 tandem
1318 1612 1587 1681 aliquando
1615 1626 1910 1681 prosperum

323 1703 421 1755 iter
448 1703 660 1758 habeam
688 1706 741 1759 in
768 1705 1023 1761 voluntate
1053 1705 1146 1760 Dei
1174 1706 1403 1761 veniendi
1430 1706 1499 1759 ad
1526 1722 1611 1760 vos
1642 1705 1815 1775 (Rom.
1851 1707 1903 1762 1.

324 1796 415 1866 10)
446 1814 459 1850 :
491 1805 547 1852 et
592 1800 778 1853 iterum
825 1798 878 1853 id
916 1799 984 1854 de
1022 1799 1235 1855 Christo
1261 1799 1420 1863 dicit,
1450 1798 1515 1854 In
1536 1799 1733 1854 Christo
1757 1800 1903 1854 Iesu.

323 1886 705 1956 Huiuscemodi
750 1899 898 1944 certe
952 1891 1110 1946 verba
1166 1890 1632 1945 indiscriminatim
1687 1900 1903 1960 accepta

320 1979 636 2049 frequenter
656 1982 981 2050 reperiemus
1006 2001 1019 2037 :
1044 1982 1186 2050 quod
1217 1983 1435 2039 minime
1465 1982 1634 2047 ﬁeret,
1665 1983 1765 2036 nisi
1788 1982 1903 2036 ubi-

319 2087 425 2140 que
452 2071 641 2126 eadem
672 2074 960 2129 substantia
992 2082 1151 2129 esset.
1194 2074 1269 2129 Ne
1302 2083 1478 2129 autem
1511 2074 1641 2129 illud
1666 2116 1679 2139 ,
1716 2073 1902 2129 Omnia

320 2181 409 2230 per
427 2164 595 2235 ipsum
616 2166 752 2234 facta
769 2176 906 2232 sunt,
923 2166 989 2222 de
1010 2167 1173 2237 signis
1194 2178 1346 2237 putes
1365 2182 1502 2222 nunc
1518 2183 1636 2223 esse
1657 2167 1856 2223 dictum
1882 2185 1895 2221 :

316 2254 383 2308 de
420 2256 484 2311 iis
524 2258 667 2311 enim
704 2258 894 2327 reliqui
928 2260 1266 2329 evangelista:
1293 2260 1449 2314 verba
1480 2260 1747 2326 fecerunt;
1779 2270 1900 2330 post

319 2344 435 2401 haec
457 2347 638 2402 subdit
659 2365 671 2401 :
692 2347 759 2402 In
784 2350 970 2403 mundo
991 2363 1117 2413 erat,
1140 2361 1187 2403 et
1207 2352 1423 2405 mundus
1443 2369 1529 2416 per
1545 2353 1710 2420 ipsum
1731 2357 1897 2422 factus

312 2447 385 2491 est
417 2453 435 2490 :
460 2453 568 2492 non
593 2448 770 2493 autem
796 2440 1040 2508 Spiritus,
1072 2442 1156 2511 qui
1188 2456 1292 2495 non
1320 2458 1383 2496 ex
1411 2457 1633 2498 numero
1659 2443 1897 2511 Opiﬁcio-

314 2546 429 2584 rum
460 2540 564 2596 est,
597 2532 691 2586 sed
719 2546 880 2602 supra
906 2548 1091 2587 omnes
1116 2534 1336 2587 omnino
1365 2544 1660 2590 creaturas.
1694 2533 1891 2589 Verum

310 2623 416 2689 jam
442 2623 647 2693 reliqua
674 2640 1077 2694 prosequamur.
1122 2626 1253 2679 Cum
1278 2625 1347 2680 de
1370 2627 1641 2681 creatione
1670 2626 1893 2697 loquens

309 2712 542 2768 Joannes
566 2714 794 2769 dixisset
823 2734 836 2768 :
868 2715 1051 2769 Omnia
1081 2733 1170 2785 per
1189 2717 1354 2787 ipsum
1384 2720 1519 2788 facta
1546 2727 1680 2779 sunt,
1708 2731 1756 2772 et
1784 2720 1892 2773 sine

309 2804 415 2873 ipso
440 2808 637 2873 factum
668 2816 739 2859 est
767 2806 895 2859 nihil
920 2806 1057 2873 quod
1082 2813 1271 2877 factum
1301 2819 1408 2874 est;
1446 2809 1517 2863 de
1556 2810 1889 2879 providentia

308 2910 612 2950 sermonem
640 2897 820 2963 adjicit
846 2898 928 2951 his
953 2899 1150 2964 verbis,
1174 2898 1237 2952 In
1258 2899 1368 2969 ipso
1390 2899 1489 2953 vita
1510 2909 1635 2955 erat.
1665 2899 1744 2954 Ne
1768 2901 1889 2970 quis

306 2986 446 3041 enim
475 2987 780 3042 incredulus
806 2988 1091 3055 dubitaret,
1114 2991 1382 3059 quomodo
1411 3000 1487 3045 tot
1512 2999 1761 3060 tantaque
1790 3007 1887 3061 per

308 3080 478 3149 ipsum
525 3081 664 3136 facta
710 3082 836 3147 sint,
869 3083 1103 3137 subdidit
1134 3102 1147 3137 ε
1178 3082 1245 3137 In
1272 3085 1382 3153 ipso
1402 3086 1503 3137 uita
1524 3094 1648 3138 erat.
1683 3084 1883 3151 Quem-

304 3172 590 3229 admodum
622 3174 666 3229 si
701 3190 767 3229 ex
806 3173 951 3230 fonte
979 3176 1199 3247 abyssos
1229 3177 1505 3231 emittente
1532 3192 1721 3245 aquam
1752 3177 1885 3230 hau-

305 3267 459 3328 seris,
488 3277 977 3337 quautumcumque
1006 3269 1217 3323 haurias
1244 3268 1441 3323 fontem
1467 3268 1600 3323 nihil
1627 3268 1835 3325 minues
1865 3288 1877 3324 :

303 3358 369 3413 ita
389 3360 458 3415 de
480 3359 748 3429 Unigeniti
773 3361 823 3415 vi
843 3362 1095 3430 operandi
1120 3363 1431 3431 putandum,
1454 3373 1881 3433 quantacumque

304 3470 395 3520 per
423 3455 597 3523 ipsam
626 3454 763 3509 facta
792 3456 1083 3509 credideris
1104 3497 1118 3519 ,
1149 3471 1436 3525 numquam
1469 3457 1556 3510 illa
1586 3457 1877 3522 minuitur;

296 3545 406 3599 imo
431 3560 563 3599 vero
590 3555 648 3600 ut
677 3547 843 3616 magis
872 3548 1085 3616 proprio
1113 3558 1230 3601 utar
1253 3549 1501 3617 exemplo
1521 3591 1535 3613 ,
1569 3565 1761 3619 nempe
1790 3551 1873 3603 lu-

300 3636 393 3700 cis,
425 3636 497 3690 de
523 3652 625 3705 qua
656 3636 745 3692 ille
775 3653 897 3692 mox
923 3638 1140 3707 adjicit,
1180 3638 1242 3691 Et
1269 3641 1371 3692 vita
1400 3650 1504 3693 erat
1535 3639 1644 3694 luas.
1675 3640 1876 3705 Quem-

299 3726 586 3781 admodum
626 3742 754 3797 ergo
796 3728 881 3782 lux
903 3770 917 3791 ,
957 3739 1382 3799 quantacumque
1408 3730 1681 3785 hominum
1712 3732 1876 3786 millia

301 3817 557 3873 illuminet
581 3860 597 3883 ,
628 3819 760 3873 nihil
789 3821 1085 3889 splendoris
1113 3823 1307 3874 amittit
1336 3839 1350 3875 :
1382 3822 1458 3876 sic
1483 3837 1693 3893 quoque
1734 3823 1876 3878 Deus

299 3919 350 3964 et
380 3921 669 3980 antequam
698 3922 950 3981 Operetur
977 3921 1031 3967 et
1061 3922 1179 3981 post
1204 3913 1398 3967 emissa
1429 3930 1590 3983 opera
1609 3957 1624 3979 ,
1654 3916 1876 3985 perinde

299 4001 500 4072 integer
544 4012 746 4068 manet,
790 4019 889 4059 nec
932 4006 1203 4068 minuitur,
1234 4023 1405 4076 neque
1452 4024 1516 4061 ex
1563 4009 1872 4078 operatione

298 4097 458 4148 multa
511 4094 789 4164 fatigatur;
834 4097 925 4150 scd
965 4098 1169 4151 etiamsi
1214 4099 1357 4152 mille
1408 4100 1632 4154 mundos
1675 4101 1873 4155 similes

296 4199 480 4239 creare
509 4194 805 4253 oporteret,
834 4187 1040 4241 etiamsi
1074 4188 1328 4255 inﬁnitos,
1362 4190 1463 4243 illis
1491 4190 1736 4244 omnibus
1761 4189 1873 4245 suf-

296 4275 509 4337 ﬁceret,
553 4291 653 4329 nec
691 4277 935 4331 creandis
964 4279 1154 4344 modo,
1187 4280 1279 4333 sed
1309 4281 1465 4334 etiam
1496 4290 1615 4350 post
1644 4283 1871 4335 creatio-

299 4380 414 4419 uem
442 4368 740 4421 servandis.
770 4366 904 4423 Vita:
933 4370 1126 4440 quippe
1152 4387 1346 4424 nomen
1377 4371 1463 4426 hic
1492 4387 1594 4427 non
1626 4373 1692 4426 ad
1718 4387 1872 4427 crea-

297 4458 491 4511 tionem
520 4459 695 4512 solum
729 4460 952 4527 pertinet
978 4503 992 4527 ,
1026 4460 1117 4516 sed
1148 4470 1202 4515 et
1225 4462 1290 4515 ad
1322 4462 1703 4531 providentiam
1725 4505 1740 4529 ,
1770 4479 1871 4534 qua

296 4563 378 4602 res
400 4558 599 4603 creata
625 4559 907 4604 servantur
928 4560 981 4604 et
1005 4563 1337 4620 permanent.
1385 4552 1662 4622 Etiamque
1686 4569 1869 4607 resur-

295 4641 546 4694 rectionis
575 4641 871 4695 doctrinam
899 4641 1009 4709 jam
1044 4642 1195 4696 nobis
1223 4642 1443 4697 fundare
1479 4644 1695 4715 incipit,
1725 4653 1779 4699 et
1803 4645 1871 4698 ab

294 4731 623 4785 admirandis
677 4731 823 4787 hisce
872 4733 1164 4803 evangeliis
1210 4735 1432 4789 orditur.
1481 4735 1596 4789 Vita
1644 4752 1870 4806 namque

294 4823 354 4876 ad
384 4838 485 4877 nos
514 4822 855 4889 adveniente,
884 4825 1117 4879 solutum
1138 4837 1219 4881 est
1248 4828 1436 4881 mortis
1464 4827 1762 4895 imperium,
1791 4829 1870 4882 lu-

293 4931 459 4985 ceque
503 4931 603 4970 nos
642 4915 973 4974 illuminanle
997 4958 1012 4982 ,
1048 4919 1280 4974 tenebrae
1310 4935 1414 4973 non
1446 4919 1577 4973 ultra
1612 4930 1865 4983 manent;

295 5008 383 5061 sed
409 5017 593 5064 manet
620 5026 833 5080 semper
863 5012 914 5064 in
947 5012 1097 5066 nobis
1122 5013 1246 5077 vita,
1275 5021 1325 5068 et
1356 5029 1497 5067 mors
1527 5014 1574 5068 ei
1608 5016 1867 5069 dominari

294 5114 394 5154 non
420 5111 617 5169 potest.
650 5101 829 5172 Itaque
854 5104 992 5171 quod
1022 5105 1087 5159 de
1114 5104 1267 5159 Patre
1289 5106 1484 5160 dictum
1516 5116 1633 5168 est,
1670 5107 1736 5161 de
1768 5108 1867 5162 hoc

294 5205 501 5260 quoque
533 5192 751 5261 proprie
780 5192 1004 5256 dicatur,
1038 5192 1099 5246 In
1126 5196 1234 5262 ipso
1263 5196 1489 5260 vivimus,
1521 5212 1789 5261 movemur,
1822 5208 1869 5251 et

296 5297 464 5336 suntm
503 5284 658 5350 (Act.
687 5284 770 5337 17.
799 5283 902 5350 28)
940 5300 953 5339 :
988 5285 1036 5338 id
1067 5286 1206 5356 quod
1231 5288 1388 5340 etiam
1419 5287 1611 5345 Paulus
1635 5290 1870 5345 declarat

296 5371 373 5426 his
397 5373 577 5427 verbis
604 5390 617 5425 :
656 5373 906 5439 Quoniam
929 5376 980 5427 in
1006 5377 1117 5445 ipso
1147 5387 1313 5429 creata
1338 5388 1451 5430 sunt
1473 5380 1660 5446 omnia,
1690 5391 1736 5433 et
1762 5399 1869 5433 om-

296 5465 376 5514 nia
401 5465 453 5516 in
477 5464 591 5533 ipso
616 5474 845 5517 constant
874 5464 1019 5533 (Col.
1044 5467 1094 5520 1.
1126 5467 1250 5536 16).
1281 5468 1615 5537 Quapropter
1642 5482 1695 5525 et
1720 5471 1868 5526 radix

297 5551 483 5607 dicitur
508 5564 564 5608 et
592 5553 1017 5612 fundamentum.

366 5642 520 5699 Pater
557 5662 661 5699 non
699 5649 1038 5716 compositus,
1074 5647 1237 5703 Filius
1274 5651 1394 5704 item
1433 5667 1534 5705 non
1567 5655 1870 5723 compositus

298 5744 384 5785 est.
405 5735 629 5790 «Cum
661 5745 841 5791 autem
870 5738 1039 5803 audis,
1068 5737 1131 5792 In
1160 5743 1269 5810 ipso
1289 5743 1389 5794 vita
1413 5752 1537 5807 erat,
1566 5758 1633 5797 ne
1660 5759 1870 5813 compo-

274 5820 774 5898 'situm'suspiceris
801 5843 816 5882 :
847 5843 971 5885 nam
1002 5841 1182 5900 postea
1221 5832 1287 5891 de
1320 5833 1476 5890 Patre
1513 5833 1640 5890 dicit
1670 5853 1683 5891 :
1715 5835 1864 5891 Sicut

2040 498 2196 554 Pater
2223 505 2367 560 habet
2391 510 2543 562 vitam
2574 509 2627 563 in
2648 514 2933 584 semetipso,
2956 519 3028 569 sic
3049 516 3186 571 dedit
3204 528 3252 572 et
3274 518 3409 573 Filio
3438 522 3619 577 habere

2034 593 2184 647 vitam
2215 594 2394 665 (Joan.
2418 599 2472 653 5.
2500 600 2610 671 96).
2645 602 2751 657 Sed
2772 605 2914 659 sicut
2940 606 3150 662 Patrem
3174 624 3277 663 non
3312 611 3430 666 ideo
3459 627 3611 666 com-

2032 685 2266 753 positum
2310 689 2543 757 dixeris,
2588 695 2667 747 sic
2703 711 2801 751 nec
2831 696 3019 751 Filium
3047 700 3213 754 dicas.
3246 702 3452 757 Etenim
3485 704 3609 759 alibi

2031 792 2243 849 quoque
2262 781 2407 846 dicit,
2438 782 2553 839 Lua:
2581 797 2652 840 est
2674 786 2811 842 Deus
2835 789 2910 858 (1.
2940 790 3095 845 Joan.
3131 793 3181 846 1.
3215 793 3299 864 5);
3329 805 3380 848 et
3404 811 3609 862 rursus,

2029 870 2215 925 Lucem
2258 873 2445 927 habitat
2478 878 2863 933 inaccessibilem
2911 882 2999 953 (1.
3046 882 3178 937 Tim.
3226 887 3277 938 ϐ.
3310 885 3376 940 12
3485 888 3609 942 limo

2028 978 2189 1032 porro
2212 965 2387 1019 omnia
2418 967 2559 1021 dicta
2583 978 2727 1033 sunt,
2761 987 2865 1025 non
2892 982 2948 1027 ut
2971 977 3409 1044 compositionem
3441 980 3609 1049 suspi-

2024 1068 2241 1119 cemur,
2275 1057 2367 1110 sed
2398 1069 2453 1111 ttt
2491 1060 2739 1127 paulatim
2771 1062 2837 1115 ad
2870 1063 3123 1119 doctrina:
3163 1068 3374 1121 culmen
3404 1070 3602 1123 eveha-

2023 1160 2159 1198 mur.
2195 1145 2325 1200 Cum
2351 1150 2490 1202 enim
2520 1165 2622 1203 non
2647 1150 2801 1207 facile
2819 1168 2849 1206 a
2872 1156 3026 1224 vulgo
3052 1156 3269 1227 intelligi
3298 1161 3602 1228 possit,qua

2022 1238 2230 1295 ratione
2253 1240 2357 1293 vita
2398 1242 2447 1294 in
2487 1242 2601 1310 ipso
2628 1246 2867 1312 exsistat,
2900 1249 3070 1314 primo
3098 1248 3148 1303 id
3177 1251 3316 1319 quod
3347 1252 3600 1308 humilius

2019 1338 2099 1381 est
2125 1329 2281 1392 dicit;
2314 1332 2551 1388 eruditos
2586 1350 2712 1389 vero
2740 1347 2920 1405 postea
2943 1340 3100 1394 altius
3129 1343 3302 1411 erigit.
3335 1344 3432 1411 Qui
3454 1346 3597 1399 enim

2018 1419 2169 1485 dixit,
2200 1421 2354 1475 Dedit
2377 1424 2423 1476 ei
2442 1425 2593 1477 vitam
2614 1426 2815 1493 habere,
2850 1430 2893 1483 is
2924 1430 3036 1498 ipse
3060 1433 3133 1485 ait
3158 1452 3170 1486 :
3192 1432 3301 1500 Ego
3326 1450 3440 1487 sum
3464 1436 3597 1501 vita;

2016 1519 2071 1564 et
2099 1526 2301 1574 rursus,
2327 1512 2438 1583 Ego
2466 1532 2577 1568 sum
2603 1517 2693 1569 luo:
2719 1518 2893 1585 (Joan.
2924 1521 2975 1574 5.
3005 1521 3095 1576 26.
3139 1524 3224 1577 14.
3252 1524 3306 1578 6.
3338 1536 3384 1579 et
3405 1526 3458 1581 8.
3480 1526 3592 1596 12).

2016 1600 2085 1656 Et
2110 1604 2299 1672 qualis,
2326 1620 2530 1674 qtneso,
2562 1607 2673 1663 lucc
2706 1610 2791 1663 lux
2819 1612 2937 1665 est?
2962 1612 3076 1667 Non
3101 1616 3333 1681 sensilis,
3363 1617 3457 1671 sed
3483 1619 3592 1687 spi-

2013 1694 2219 1748 ritualis
2241 1737 2255 1759 ,
2285 1711 2402 1765 quae
2435 1698 2698 1753 illuminat
2722 1705 2972 1755 animam.
3021 1704 3152 1771 Quia
3184 1707 3324 1759 enim
3351 1706 3591 1763 Christus

2011 1787 2253 1841 dicturus
2279 1798 2422 1854 erat,
2452 1789 2616 1845 Nemo
2648 1804 2805 1862 potest
2848 1796 3014 1849 venire
3046 1798 3115 1849 ad
3148 1815 3258 1863 me,
3301 1800 3399 1853 nisi
3438 1800 3591 1854 Pater

2012 1880 2219 1933 traxerit
2244 1897 2354 1935 eum
2390 1881 2435 1949 (Ι
2446 1882 2547 1935 bid.
2580 1882 2630 1936 6.
2662 1884 2774 1952 44),
2809 1884 2927 1939 ideo
2959 1890 3286 1955 prteveuiens
3317 1893 3586 1961 evangeli-

2007 1979 2090 2024 sta
2114 1970 2249 2024 dixit
2273 1974 2445 2040 ipsum
2473 1989 2593 2029 esse
2614 1978 2701 2043 qui
2725 1976 3018 2044 illuminat;
3048 1981 3168 2033 utsi
3192 1981 3259 2035 de
3286 1981 3439 2037 Patre
3461 1985 3587 2053 quid

2007 2061 2181 2116 simile
2218 2063 2421 2129 audias,
2469 2079 2536 2118 ne
2581 2064 2632 2118 id
2676 2065 2840 2119 solius
2887 2066 3080 2133 Patris,
3104 2070 3198 2123 sed
3225 2070 3341 2125 Filii
3374 2087 3586 2143 quoque

2004 2169 2124 2209 esse
2151 2156 2450 2224 proﬁtearis
2483 2174 2497 2211 :
2527 2172 2649 2211 nam
2681 2156 2886 2223 Omnia,
2918 2160 3104 2229 inquit,
3136 2178 3457 2235 quacumque
3492 2166 3587 2219 ha-

2005 2248 2082 2301 bet
2108 2246 2264 2301 Pater
2284 2264 2439 2313 meus,
2474 2266 2584 2302 mea
2609 2259 2723 2304 sunt
2754 2249 2914 2319 (Ibid.
2944 2251 3031 2306 16.
3058 2254 3183 2321 15).
3215 2253 3397 2309 Primo
3425 2256 3584 2327 igitur

2001 2341 2327 2395 creationem
2368 2356 2464 2395 nos
2503 2342 2682 2397 docuit
2704 2360 2718 2397 :
2741 2343 2935 2398 deinde
2964 2346 3155 2400 animae
3179 2346 3312 2401 bona
3343 2364 3462 2417 qua:
3492 2365 3583 2404 ve-

2000 2432 2154 2485 niens
2176 2432 2328 2486 nobis
2355 2433 2572 2502 largitus
2601 2443 2701 2498 est,
2727 2450 2831 2488 uno
2855 2436 3017 2490 verbo
3044 2437 3394 2493 subindicavit
3418 2454 3581 2495 evan-

1996 2526 2182 2595 gelista
2222 2526 2406 2581 dicens
2438 2543 2451 2580 :
2486 2525 2553 2579 Et
2591 2528 2691 2580 vita
2719 2536 2822 2580 erat
2850 2529 2941 2583 tua:
2973 2529 3247 2584 hominum.
3285 2531 3394 2586 Nec
3421 2532 3574 2597 dixit,

1998 2617 2127 2670 Erat
2175 2617 2261 2671 lux
2307 2617 2635 2682 Judaeorum,
2679 2619 2792 2685 sed,
2848 2619 3224 2675 Universorum
3275 2623 3572 2679 hominum.

1995 2708 2178 2780 Neque
2204 2711 2345 2765 enim
2373 2710 2540 2766 Judmi
2571 2720 2793 2777 tantum,
2818 2712 2909 2766 sed
2932 2713 3090 2767 etiam
3112 2714 3333 2783 gentin
3354 2715 3419 2770 ad
3438 2716 3573 2772 hanc

1994 2803 2351 2871 cognitionem
2390 2804 2756 2869 devenerunt,
2786 2814 2837 2859 et
2870 2804 2983 2859 haec
3013 2806 3102 2862 lux
3130 2809 3427 2863 communis
3457 2824 3576 2863 om-

1992 2896 2148 2950 nibus
2183 2898 2446 2965 proposita
2470 2906 2603 2951 erat.
2634 2896 2743 2950 Cur
2768 2907 2946 2951 autem
2975 2914 3078 2952 non
3104 2900 3320 2969 angelos
3342 2899 3567 2966 addidit,

1991 2988 2084 3042 sed
2112 2988 2352 3043 homines
2382 2991 2555 3044 solum
2591 2990 2757 3044 dixit?
2783 2989 2914 3056 Quia
2944 3008 3085 3046 nunc
3112 2994 3209 3063 ipsi
3238 2992 3307 3049 de
3336 2994 3567 3049 humana

1990 3090 2174 3134 natura
2220 3095 2397 3135 sermo
2444 3090 2555 3146 est;
2600 3090 2656 3137 et
2698 3082 3002 3139 hominibus
3045 3084 3181 3139 bona
3225 3086 3566 3141 nuntiaturus

1988 3172 2151 3225 venit.
2183 3172 2237 3226 5.
2268 3170 2335 3225 Et
2362 3172 2451 3227 lux
2476 3174 2529 3226 in
2559 3173 2772 3227 tenebris
2798 3174 2948 3228 lucet.
2989 3174 3263 3231 Tenebras
3301 3176 3387 3231 hic
3413 3187 3569 3233 vocat

1986 3276 2217 3321 mortem
2256 3274 2313 3320 et.
2349 3280 2607 3320 errorem.
2642 3266 2765 3321 Haec
2792 3267 2987 3337 quippe
3014 3268 3101 3322 lux
3132 3268 3348 3323 sensilis
3371 3285 3476 3324 non
3510 3271 3564 3324 in

1985 3358 2223 3413 tenebris
2254 3358 2421 3424 lucet,
2452 3357 2547 3412 sed
2582 3358 2698 3412 sine
2732 3359 2965 3413 tenebris
3001 3367 3101 3417 est.
3132 3359 3447 3415 Praedicatio
3470 3377 3566 3415 au-

1984 3458 2089 3504 tem
2122 3449 2259 3503 inter
2278 3463 2420 3512 cum,
2444 3450 2531 3516 qui
2560 3448 2736 3501 omnia
2758 3457 3127 3517 occupaverat,
3154 3465 3391 3505 errorem
3413 3451 3563 3505 etfui-

1982 3542 2085 3607 sit,
2123 3555 2351 3609 eumque
2396 3540 2625 3593 sustulit.
2670 3538 2737 3592 Et
2782 3540 2834 3593 in
2882 3540 3047 3610 ipsam
3093 3551 3319 3596 mortem
3345 3544 3564 3598 veniens

1984 3634 2117 3703 ipse,
2146 3635 2225 3689 sic
2256 3632 2400 3686 illam
2432 3633 2705 3701 superavit
2730 3672 2744 3696 ,
2774 3641 2831 3685 ut
2860 3647 2954 3687 eos
2977 3632 3065 3702 qui
3094 3642 3266 3688 morte
3288 3634 3398 3704 jam
3426 3634 3563 3689 deti-

1980 3725 2265 3790 nebantur,
2290 3731 2521 3779 erueret.
2548 3722 2807 3789 Quoniam
2833 3723 2989 3793 igitur
3011 3740 3181 3795 neque
3200 3740 3364 3792 mors,
3389 3741 3562 3796 neque

1979 3831 2131 3872 error
2153 3815 2324 3871 lucem
2354 3814 2497 3868 illam
2522 3823 2876 3883 superarunt;
2919 3814 3011 3869 sed
3038 3825 3120 3869 est
3144 3815 3337 3886 ubique
3376 3817 3558 3885 splen-

1979 3906 2122 3971 dida,
2149 3915 2204 3961 et
2230 3905 2443 3975 propria
2471 3905 2521 3958 vi
2550 3905 2712 3974 fulget
2746 3922 2760 3959 :
2793 3903 2913 3959 ideo
2936 3908 3049 3971 ait,
3095 3902 3161 3958 Et
3200 3907 3416 3961 tenebrae
3449 3922 3559 3960 eam

1979 4017 2079 4054 non
2103 3999 2606 4069 comprehenderunt.
2652 3998 2749 4052 Est
2790 3998 2932 4053 enim
2973 3998 3430 4068 inexpugnabilis,
3461 4013 3559 4054 nec

1978 4093 2206 4147 libenter
2232 4092 2283 4145 in
2314 4089 2506 4145 animis
2530 4090 2749 4155 habitat,
2783 4089 2869 4159 qui
2898 4089 3085 4144 nolunt
3106 4089 3413 4144 illuminari.

2047 4187 2101 4240 4.
2128 4183 2318 4237 Lumen
2356 4184 2550 4237 eteleste
2590 4198 2689 4236 non
2726 4181 2976 4235 illuminat
3010 4182 3107 4235 nisi
3134 4182 3311 4245 virtute
3346 4191 3391 4235 et
3428 4182 3559 4236 bona

1976 4278 2229 4331 voluntate
2253 4277 2536 4329 instructos.
2578 4273 2824 4328 Peccator
2848 4280 2992 4344 quasi
3014 4276 3065 4328 in
3094 4274 3327 4328 ebrietate
3350 4284 3394 4329 et
3423 4285 3559 4329 tene-

1978 4371 2079 4425 bris
2098 4378 2340 4431 uersatur,
2365 4369 2533 4421 omnia
2555 4376 2662 4419 tuta
2684 4369 2875 4422 timens.
2906 4365 3078 4421 Satius
3103 4378 3174 4420 est
3190 4368 3377 4421 nudum
3405 4384 3557 4437 quam

1977 4468 2192 4539 peccatis
2217 4476 2447 4520 onustum
2475 4464 2843 4517 ambulare.—
2869 4461 3018 4531 Quod
3045 4463 3088 4516 si
3121 4478 3226 4516 non
3257 4477 3443 4517 omnes
3468 4478 3553 4518 ce-

1977 4561 2132 4629 perit,
2163 4574 2230 4613 ne
2276 4557 2324 4611 id
2354 4566 2404 4611 te
2447 4556 2729 4610 conturbet
2771 4573 2783 4609 :
2819 4569 2922 4607 non
2960 4554 3100 4608 enim
3139 4569 3204 4607 ex
3233 4554 3549 4610 necessitate

1975 4662 2066 4705 aut
2093 4652 2164 4714 vi,
2196 4648 2288 4703 sed
2323 4663 2387 4702 ex
2417 4646 2689 4700 voluntate
2716 4654 2770 4700 et
2819 4644 3041 4699 arbitrio
3083 4643 3149 4697 ad
3204 4658 3302 4697 nos
3345 4644 3550 4699 accedit

1980 4742 2138 4795 Deus.
2163 4739 2238 4793 Ne
2274 4738 2377 4792 luci
2399 4737 2521 4791 huic
2542 4736 2737 4790 ostium
2768 4734 3003 4799 claudas,
3026 4743 3079 4789 et
3099 4733 3263 4788 multa
3285 4732 3553 4803 voluptate

1975 4833 2188 4888 frueris.
2211 4832 2335 4885 Haec
2362 4845 2526 4901 porro
2553 4830 2639 4883 lux
2670 4844 2761 4896 per
2786 4827 2941 4881 ﬁdem
2971 4827 3197 4893 accedit,
3225 4835 3279 4882 et
3306 4841 3427 4881 cum
3471 4841 3557 4881 se-

1975 4926 2081 4981 mel
2104 4925 2337 4990 advenit,
2370 4923 2722 4992 cxcipientem
2752 4936 2812 4976 se
2859 4918 3141 4974 admodum
3174 4919 3436 4972 illuminat
3464 4936 3477 4971 :
3506 4926 3562 4973 et

1973 5020 2015 5073 si
2057 5028 2242 5087 puram
2284 5016 2540 5070 exhibeas
2585 5014 2769 5077 vitam,
2814 5020 3068 5081 perpetuo
3096 5011 3239 5064 intus
3277 5010 3557 5065 manebit:

1974 5125 2097 5164 nam
2147 5107 2247 5174 Qui
2273 5108 2438 5177 diligit
2480 5122 2579 5172 me,
2618 5104 2862 5156 mandata
2891 5119 3003 5157 mea
3031 5102 3263 5164 servabit,
3299 5110 3349 5155 et
3389 5101 3557 5154 uenie-

1975 5218 2086 5253 mus
2114 5201 2182 5252 ad
2209 5215 2322 5253 eum
2360 5215 2453 5269 ego
2498 5207 2545 5249 et
2590 5195 2747 5248 Pater
2772 5211 2931 5259 meus,
2982 5203 3027 5246 et
3073 5192 3384 5247 mansionem
3418 5190 3559 5260 apud

1976 5310 2088 5347 eum
2143 5292 2385 5361 faciemus
2418 5287 2595 5357 (Joan.
2644 5287 2732 5341 14.
2759 5285 2872 5358 25).
2918 5283 3372 5351 Quemadmodum
3415 5283 3558 5337 enim

1978 5400 2081 5438 non
2138 5391 2313 5454 potest
2352 5381 2469 5451 quis
2510 5378 2661 5433 radio
2693 5379 2852 5433 solari
2883 5378 3049 5448 probe
3078 5377 3198 5439 frui,
3245 5375 3342 5428 nisi
3372 5374 3559 5430 oculos

1976 5479 2179 5546 aperiat
2210 5494 2222 5529 :
2256 5477 2325 5528 ita
2358 5489 2529 5544 neque
2589 5472 2746 5540 hujus
2770 5470 3067 5541 splendoris
3096 5468 3306 5524 abunde
3338 5482 3562 5523 consors

1976 5584 2117 5633 esse,
2142 5567 2244 5621 nisi
2270 5566 2461 5619 anima:
2492 5564 2675 5618 oculos
2704 5564 2926 5632 aperiat,
2947 5573 3237 5629 eorumque
3260 5558 3429 5613 aciem
3457 5573 3561 5612 un-

1978 5660 2135 5727 dique
2164 5666 2331 5726 paret.
2361 5656 2641 5721 Quomodo
2682 5660 2861 5707 autem
2892 5652 2943 5705 id
2975 5650 3088 5704 ﬁeri
3116 5650 3325 5719 possit?
3366 5649 3421 5704 Si
3448 5649 3563 5702 ani-

1980 5762 2124 5801 nium
2152 5745 2297 5800 omni
2332 5747 2459 5799 vitio
2492 5756 2797 5816 purgemus.
2829 5741 3109 5796 Peccatum
3138 5740 3278 5795 enim
3312 5738 3562 5794 tenebro-

1980 5853 2096 5893 sum
2150 5849 2274 5904 est,
2320 5838 2589 5908 densaque
2643 5834 2869 5909 caligine
2926 5832 3187 5901 otiosum;
3235 5832 3394 5905 idque
3438 5830 3562 5888 inde
