4074 6374
519 393 590 446 59
1214 392 1272 449 S.
1311 392 1586 448 JOANNIS
1622 392 2097 449 CIIRYSOSTOMI
2139 398 2455 459 ARCIIIEP.
2497 404 3035 471 CONSTANTINOP.
3719 428 3787 481 (το

527 510 697 575 palam
745 516 846 571 est,
880 508 1019 578 quod
1069 506 1456 563 inconsiderate
1504 520 1558 565 et
1602 511 1715 565 sine
1758 512 1975 568 arbitris
2004 516 2099 568 ad-

525 601 782 652 tnittatur.
829 599 959 654 Nam
1018 599 1193 654 Omnis
1243 602 1329 668 qui
1375 603 1507 655 male
1550 604 1682 673 agit,
1711 605 1817 657 odit
1844 606 2026 671 lucem,
2055 616 2101 660 et

523 708 623 744 non
649 692 778 744 venit
829 692 896 743 ad
925 693 1081 744 lucem
1100 675 1283 760 (Ιοάη.
1303 693 1355 744 ’5.
1375 692 1465 760 ‘20)
1492 710 1505 755 ;
1535 702 1609 757 et,
1643 693 1769 759 Qum
1805 695 1857 748 in
1903 698 2099 751 occulto

521 786 673 849 ﬁunt,
704 796 849 853 turpe
868 794 938 837 est
964 794 1009 836 et
1040 784 1204 836 dicere
1229 784 1445 853 (Ep/tes.
1469 785 1522 839 5.
1556 786 1666 855 12).
1697 787 1845 841 Sicut
1870 789 2011 842 enim
2044 789 2096 843 in

521 876 752 928 tenebris
782 890 878 929 nec
913 877 1143 929 amicum
1184 890 1282 930 nec
1319 877 1586 931 inimicum
1626 879 1963 947 agnoscimus
2007 896 2096 935 re-

522 982 744 1033 rumque
766 968 1000 1021 omnium
1021 976 1261 1023 naturam
1286 970 1606 1038 ignoramus,
1638 973 1714 1025 sic
1730 982 1784 1026 et
1806 973 1856 1025 in
1883 987 2098 1041 peccan

519 1057 732 1110 accidit.
762 1058 888 1111 Nam
921 1060 1008 1128 qui
1032 1061 1264 1113 avaritia:
1287 1060 1484 1125 studet,
1515 1079 1617 1115 non
1645 1063 1922 1133 distinguit
1965 1067 2100 1119 ami-

515 1166 636 1204 eum
663 1152 730 1203 ab
760 1150 975 1204 inimico
1011 1170 1023 1205 :
1058 1152 1374 1222 invidusque
1405 1155 1797 1209 necessitudine
1839 1156 1943 1210 sibi
1967 1157 2095 1225 jun-

514 1252 655 1295 ctum
687 1252 742 1296 ut
786 1244 1056 1298 inimicum
1087 1246 1283 1310 habet;
1342 1262 1403 1301 ac
1432 1248 1521 1316 qui
1554 1249 1860 1312 insidiatur,
1908 1261 2093 1305 contra

513 1350 697 1389 omnes
720 1336 914 1390 bellum
940 1341 1073 1406 gerit
1107 1355 1119 1390 :
1153 1353 1258 1391 uno
1276 1341 1456 1403 verbo,
1487 1341 1723 1410 quisquis
1750 1352 1967 1408 peccato
1994 1344 2091 1396 ob-

513 1430 700 1481 noxius
731 1438 831 1495 est,
861 1429 989 1482 nihil
1019 1429 1194 1484 dill'ert
1222 1430 1289 1484 ab
1315 1431 1475 1484 ebriis
1490 1444 1538 1485 et
1559 1431 1875 1498 furentibus,
1922 1449 2093 1503 neque

513 1534 692 1572 rerum
742 1530 981 1574 naturam
1028 1522 1192 1575 novit.
1239 1524 1316 1576 Ac
1351 1524 1797 1589 quemadmodum
1844 1535 2001 1579 noctu
2034 1527 2095 1579 li-

512 1627 693 1679 gnttm,
722 1613 1014 1681 plumbum,
1048 1616 1266 1679 ferrum,
1294 1626 1593 1684 argentum,
1622 1632 1831 1681 aurum,
1862 1618 2091 1687 lapidem

512 1706 828 1772 pretiosum,
857 1706 1140 1775 omniaque
1185 1708 1297 1775 pari
1344 1707 1504 1761 modo
1531 1710 1815 1775 cernimus,
1846 1726 1966 1765 cum
2002 1710 2088 1764 lux

513 1795 577 1847 ad
621 1794 735 1849 hare
762 1795 1107 1850 discernenda
1140 1813 1245 1850 non
1269 1797 1408 1851 adsit
1436 1815 1449 1850 :
1484 1798 1561 1852 sic
1600 1799 1689 1867 qui
1720 1799 1823 1852 vita
1852 1800 2090 1867 impurus

511 1894 613 1951 est,
645 1889 1010 1953 temperantim
1030 1889 1277 1942 virtutem
1312 1907 1413 1943 non
1448 1891 1617 1953 novit,
1645 1906 1816 1960 neque
1846 1892 2088 1961 philoso-

510 1978 648 2044 phia:
677 1978 1144 2045 pulchritudinem.
1198 1980 1252 2033 In
1286 1981 1520 2033 tenebris
1551 1982 1712 2046 enim,
1746 1983 1925 2051 utjam
1955 1983 2085 2048 dixi,

509 2083 578 2121 ne
609 2069 809 2137 lapides
834 2070 1045 2138 quidem
1072 2072 1286 2138 pretiosi
1321 2072 1763 2139 pulchritudinem
1812 2090 1961 2128 suam
1990 2090 2087 2129 ex-

511 2161 714 2225 hibent,
750 2178 852 2215 non
880 2172 1081 2217 natura:
1103 2180 1212 2218 sua}
1244 2165 1391 2227 vitio,
1424 2165 1517 2219 sed
1547 2167 1898 2235 spectantium
1939 2168 2087 2237 igno-

508 2256 701 2309 rantia.
741 2255 920 2324 Neque
950 2256 1051 2310 hoc
1082 2273 1240 2311 unum
1286 2258 1440 2313 nobis
1474 2258 1725 2313 damnum
1773 2261 1825 2313 in
1867 2270 2085 2329 peccato

506 2346 820 2413 degentibus
846 2347 1062 2412 accidit;
1086 2348 1247 2403 sedet
1264 2348 1313 2401 in
1342 2359 1599 2418 perpetuo
1614 2362 1758 2405 metu
1777 2366 2082 2405 versamur:

507 2452 569 2489 ac
612 2438 1057 2505 quemadmodum
1098 2441 1132 2494 ii
1176 2440 1264 2510 qui
1312 2456 1409 2510 per
1456 2452 1664 2497 noctem
1716 2444 1935 2497 illunem
1987 2446 2086 2499 iter

509 2538 692 2596 agunt,
721 2544 932 2598 semper
957 2539 1208 2596 tremunt,
1234 2532 1359 2587 licet
1382 2549 1540 2587 nemo
1582 2534 1723 2588 adsit
1764 2536 1849 2605 qui
1884 2548 2085 2590 metum

508 2622 727 2675 incutiat
759 2642 770 2676 :
799 2623 875 2677 sic
901 2624 933 2677 ii
963 2625 1049 2693 qui
1074 2626 1302 2692 peceatis
1329 2626 1491 2681 dediti
1526 2638 1668 2693 sunt,
1696 2629 1859 2683 lidere
1882 2646 2082 2699 neque-

506 2721 601 2763 uut
625 2754 639 2775 ,
669 2712 874 2766 etiamsi
899 2715 1091 2768 'nullus
1128 2715 1265 2768 adsit
1310 2717 1398 2785 qui
1439 2717 1753 2787 redarguat;
1786 2720 1875 2772 sed
1909 2721 2083 2775 omnia

508 2800 855 2857 formidantet
877 2814 1117 2873 suspecta
1135 2806 1351 2868 habent,
1371 2809 1699 2863 conscientia
1717 2810 2021 2865 stimulante
2041 2815 2081 2877 ',

504 2894 788 2963 omniaque
819 2895 945 2962 ipsis
971 2907 1174 2952 terrore
1194 2909 1247 2951 et
1273 2900 1552 2953 formidine
1571 2901 1720 2969 plena
1746 2912 1889 2967 sunt,
1907 2906 2082 2957 omnia

504 2985 1108 3054 anxiicircumspieiunt.
1134 2988 1261 3041 Tam
1290 2990 1564 3044 moleSIam
1587 3007 1714 3062 ergo
1730 2994 1887 3047 vitam
1913 2993 2083 3063 fugia-

508 3092 645 3129 mus.
680 3076 810 3130 Nam
835 3089 953 3146 post
980 3094 1231 3148 angorem
1281 3083 1604 3151 hujusmodi,
1635 3100 1779 3139 mors
1810 3096 2079 3155 sequetur,

505 3180 650 3235 mors
670 3170 985 3225 immortalis
1009 3189 1022 3223 :
1052 3173 1161 3227 illic
1179 3175 1317 3226 enim
1343 3175 1518 3229 nullus
1535 3177 1777 3246 supplicii
1807 3179 1925 3232 finis
1944 3179 2046 3232 erit
2064 3197 2078 3243 ;

505 3260 589 3315 hic
611 3276 734 3316 vero
759 3262 827 3315 ab
856 3263 1241 3319 insanientibus
1263 3266 1391 3320 nihil
1414 3267 1661 3321 differunt
1685 3270 1740 3334 ii,
1770 3271 1857 3339 qui
1878 3286 1961 3325 res
1982 3270 2082 3324 sibi

505 3353 725 3421 fingunt,
746 3370 862 3423 qua:
893 3370 960 3409 ne
980 3355 1191 3423 quidem
1214 3359 1503 3413 exsistunt.
1534 3359 1789 3413 Videntur
1814 3362 1953 3414 enim
1982 3361 2082 3417 sibi

501 3447 689 3500 divites
733 3463 888 3512 esse,
942 3464 1061 3504 cum
1093 3465 1196 3503 non
1229 3451 1366 3514 sint;
1408 3467 1466 3505 se
1498 3452 1731 3507 deliciari
1778 3463 1983 3522 putant,
2029 3464 2084 3509 et

508 3537 672 3591 nullae
701 3537 946 3591 deliciae:
980 3555 1079 3594 nec
1118 3543 1263 3610 prius
1290 3541 1553 3597 fallaciam
1582 3554 1635 3597 ut
1668 3560 1763 3613 par
1792 3556 1935 3600 esset
1961 3561 2083 3600 sen-

500 3630 659 3691 tiunt,
694 3645 846 3696 quam
875 3630 948 3681 alr
965 3629 1063 3683 hac
1094 3631 1296 3685 insania
1327 3633 1635 3699 liberentur,
1668 3645 1720 3688 et
1743 3635 1913 3689 donec
1934 3651 2082 3689 som-

502 3735 625 3771 num
654 3721 942 3774 excutiant.
977 3721 1208 3792 Ideoque
1241 3732 1298 3777 ut
1322 3725 1487 3778 sobrii
1516 3726 1683 3779 simus
1718 3735 1773 3779 et
1803 3727 2083 3796 vigilemus

503 3811 695 3865 Paulus
721 3814 968 3867 omnibus
999 3814 1241 3883 prmcipit.
1273 3832 1287 3870 :
1320 3827 1376 3869 et
1422 3816 1648 3885 idipsum
1681 3834 1893 3887 quoque
1924 3819 2081 3872 Chri-

498 3914 631 3955 stus.
661 3903 758 3967 Qui
779 3905 987 3958 sobrius
1017 3918 1098 3958 est
1121 3916 1174 3959 et
1196 3906 1396 3975 vigilat,
1431 3909 1473 3961 si
1521 3924 1548 3961 a
1579 3919 1796 3977 peccato
1818 3910 2078 3979 capiatur,

505 3993 613 4045 cito
643 3992 813 4062 ipsum
851 3995 1051 4048 excutit
1088 4013 1101 4048 :
1129 3997 1219 4065 qui
1250 4012 1378 4051 vero
1408 3998 1603 4053 dormit
1629 4010 1718 4053 aut
1768 4001 1984 4066 insanit,
2015 4018 2082 4080 ne.

564 4105 579 4135 ί
616 4103 725 4160 Alii,
753 4103 1016 4155 mordente.

2210 519 2425 589 quidem
2449 529 2607 581 sentit
2627 532 2895 600 quomodo
2913 550 2944 589 a
2970 546 3190 604 peccato
3215 546 3475 594 teneatur.
3503 540 3580 597 Ne
3611 544 3786 615 itaque

2207 613 2554 672 dormiamus.
2585 620 2765 692 Neque
2794 625 2933 680 enim
2962 629 3134 683 noctis
3164 638 3369 700 tempus
3394 644 3495 694 est.
3534 636 3625 690 sed
3657 613 3784 691 diei.

2208 704 2390 775 Itaque
2412 709 2557 764 Sicut
2582 713 2634 765 in
2663 714 2744 768 die
2773 717 2973 772 honeste
2999 721 3312 776 ambulemus
3338 724 3511 793 (Rom.
3550 729 3635 783 I3.
3668 731 3781 791 I5).

2208 796 2345 853 Nihil
2372 802 2511 855 enim
2533 815 2750 872 peccato
2774 811 2997 877 turpius.
3028 812 3201 866 Minus
3230 826 3312 868 est
3338 818 3557 879 malum,
3589 836 3781 875 sceno-

2205 890 2329 945 dum
2381 896 2721 962 turpitudinis
2769 900 3050 967 rationem,
3103 904 3297 970 nudos,
3353 924 3510 975 quam
3554 912 3786 978 peccatis

2203 992 2258 1036 et
2300 986 2591 1041 sceleribus
2632 999 2854 1045 onustos
2908 993 3270 1050 obambulare.
3304 996 3432 1053 Illud
3480 1002 3618 1054 enim
3677 1018 3783 1056 non

2208 1085 2412 1131 tantum
2442 1080 2642 1135 crimen
2688 1093 2863 1137 esset:
2912 1099 3054 1154 smpe
3091 1104 3317 1158 namque
3357 1106 3422 1146 ex
3472 1104 3784 1162 paupertate

2203 1170 2408 1224 oritur:
2441 1183 2721 1239 peccatore
2748 1185 2923 1231 autem
2952 1179 3080 1234 nihil
3112 1182 3336 1250 turpius,
3371 1184 3499 1237 nihil
3531 1196 3780 1240 contem-

2202 1272 2293 1330 ptu
2310 1263 2539 1333 dignius.
2557 1264 2861 1334 Cogitemus
2886 1285 3012 1341 ergo
3033 1287 3147 1335 eos,
3179 1274 3269 1338 qui
3300 1276 3499 1343 rapina:
3529 1286 3582 1331 et
3607 1292 3782 1331 usurae

2201 1371 2359 1411 causa
2391 1358 2442 1411 in
2467 1358 2722 1425 judicium
2751 1373 3047 1431 raptantur,
3076 1382 3233 1435 quam
3265 1378 3476 1438 turpes.
3505 1386 3663 1438 quam
3702 1371 3780 1423 ri-

2201 1447 2361 1503 diculi
2390 1451 2688 1518 videantur,
2713 1457 2882 1527 utqui
2925 1461 3102 1535 omnia
3135 1460 3488 1529 impudenter,
3521 1462 3780 1517 fallaciter

2198 1551 2252 1595 et
2280 1558 2401 1597 cum
2433 1545 2680 1600 violentia
2711 1549 2941 1617 egerint.
2970 1550 3079 1605 Nos
3106 1561 3282 1607 autem
3316 1554 3385 1608 ita
3425 1556 3603 1609 miseri
3642 1556 3777 1609 infe—
3845 1608 3855 1619 ,

2199 1633 2430 1702 licesque
2496 1650 2708 1700 sumus,
2761 1649 2818 1693 ut
2846 1641 2970 1695 dum
3022 1644 3239 1711 pallium
3302 1648 3635 1716 negligenter
3691 1647 3777 1701 vel

2196 1733 2497 1782 transverse
2522 1730 2750 1798 positum
2773 1740 2982 1801 gestare
2997 1748 3101 1787 non
3123 1736 3386 1803 patimur;
3417 1738 3524 1792 imo
3547 1740 3775 1810 idipsum

2195 1816 2247 1871 in
2275 1818 2379 1871 alio
2422 1820 2802 1886 emendamus;
2847 1839 2968 1879 cum
3018 1837 3195 1880 autem
3224 1838 3278 1882 et
3306 1844 3404 1883 nos
3449 1842 3503 1884 et
3546 1835 3776 1900 proximi

2194 1909 2359 1962 nostri
2389 1909 2600 1965 inverso
2625 1914 2797 1982 capite
2823 1914 3170 1981 ambulemus,
3192 1918 3242 1972 id
3265 1934 3331 1973 ne
3346 1921 3558 1989 quidem
3578 1927 3777 1979 sentia-

2191 2012 2329 2053 mus.
2358 2002 2491 2067 Quid
2514 2003 2678 2068 enim,
2702 2020 2899 2074 qumso,
2934 2008 3138 2076 turpius
3159 2010 3293 2074 viro,
3319 2014 3406 2080 qui
3435 2016 3771 2069 meretricem

2190 2090 2340 2145 adit?
2365 2092 2488 2161 quid
2520 2096 2926 2158 contumelioso,
2959 2099 3082 2167 quid
3112 2101 3394 2165 maledico,
3417 2104 3542 2172 quid
3593 2106 3772 2160 invido

2190 2183 2302 2237 risu
2330 2185 2573 2254 dignius?
2602 2188 2692 2256 qui
2744 2188 2857 2242 fieri
2890 2198 3063 2257 potest
3095 2201 3152 2245 ut
3182 2191 3294 2246 lure
3323 2209 3426 2248 non
3461 2204 3565 2248 tam
3600 2199 3771 2266 turpia

2190 2275 2504 2339 habeantur,
2556 2293 2711 2347 quam
2742 2280 2911 2333 nudos
2941 2281 3246 2338 ambulare?
3292 2285 3337 2338 A
3382 2286 3769 2342 consuetudine

2190 2375 2415 2419 tantum.
2450 2367 2583 2423 Illud
2614 2370 2754 2424 enim
2786 2387 2943 2425 nemo
2967 2389 3197 2443 unquam
3246 2386 3432 2444 sponte
3463 2393 3553 2432 sua
3583 2395 3771 2448 passus

2189 2465 2290 2521 est,
2325 2458 2424 2511 hoc
2444 2474 2573 2513 vero
2600 2475 2786 2515 omnes
2811 2462 3141 2518 confidenter
3164 2466 3377 2522 audent.
3402 2466 3558 2522 Certe
3579 2470 3622 2522 si
3652 2472 3773 2538 quis

2190 2550 2500 2618 angelorum
2529 2543 2725 2607 emtum
2754 2554 2943 2621 adiret,
2970 2556 3020 2608 in
3039 2572 3143 2625 quo
3169 2557 3300 2611 nihil
3326 2574 3554 2628 unquam
3590 2561 3777 2630 hujus-

2190 2640 2331 2692 modi
2360 2650 2569 2708 gestum
2606 2652 2708 2709 est,
2741 2644 2918 2697 statim
2966 2645 3174 2700 videret
3214 2663 3371 2716 quam
3417 2649 3637 2702 ridicula
3684 2665 3771 2703 res

2185 2742 2352 2785 esset.
2409 2734 2606 2802 Ecquid
2655 2736 2962 2805 angelorum
2998 2748 3195 2791 cretum
3230 2741 3511 2792 memoro?
3553 2740 3684 2793 Nam
3716 2740 3769 2793 in

2189 2824 2543 2892 imperatoriis
2585 2828 2720 2895 apud
2766 2842 2864 2881 nos
2891 2828 3113 2891 aedibus,
3138 2830 3179 2883 si
3211 2832 3328 2898 quis
3357 2831 3563 2884 inducta
3590 2846 3769 2884 merc-

2189 2918 2320 2969 trice
2340 2926 2538 2982 utatur,
2567 2920 2649 2971 vel
2674 2920 2714 2972 si
2744 2919 3001 2975 ebrietate
3028 2922 3284 2990 capiatur,
3316 2923 3396 2975 vel
3428 2933 3581 2991 turpe
3624 2923 3767 2976 aliud

2185 3007 2452 3076 quidpiam
2477 3009 2737 3076 admittat,
2789 3022 3052 3065 extremas
3096 3012 3185 3065 dat
3214 3028 3415 3081 poenas.
3448 3014 3598 3082 Quod
3631 3016 3673 3068 si
3715 3017 3767 3069 in

2188 3099 2538 3167 imperatoriis
2555 3101 2755 3155 :edibus
2782 3103 2903 3156 talia
2926 3104 3121 3159 audere
3153 3120 3253 3159 non
3291 3106 3438 3170 licet;
3458 3108 3622 3161 multo
3650 3125 3769 3163 ma-

2186 3191 2286 3259 gis,
2326 3192 2519 3262 ubique
2551 3203 2812 3263 prcesente
2859 3197 3225 3251 universorum
3277 3199 3442 3268 Rege,
3476 3202 3769 3272 omniaque

2186 3283 2668 3353 circumspiciente,
2698 3287 2740 3340 si
2796 3288 2988 3341 similia
3028 3290 3432 3358 aggrediamur,
3465 3303 3765 3347 extremum

2190 3374 2402 3428 lueu‘ms
2427 3377 2762 3445 supplicium.
2792 3378 3124 3448 Quapropter
3148 3397 3296 3450 rogo,
3323 3384 3542 3437 multam
3567 3384 3620 3437 in
3670 3385 3769 3438 hac

2187 3466 2290 3519 vita
2345 3466 2575 3536 quietem
2643 3476 2698 3522 et
2753 3469 3104 3537 modestiam,
3160 3472 3382 3526 multam
3451 3476 3768 3529 mImditiem

2186 3558 2551 3613 exhibeamus.
2599 3560 2796 3629 Regem
2846 3563 3042 3631 quippe
3099 3562 3389 3629 habemus,
3439 3566 3529 3635 qui
3585 3577 3766 3620 nostra

2186 3651 2362 3704 omnia
2394 3660 2648 3720 perpetuo
2690 3652 2941 3706 intuetur.
2973 3652 3041 3708 Ut
3088 3655 3264 3724 itaque
3300 3671 3513 3725 semper
3541 3658 3626 3711 lux
3681 3657 3771 3713 illa

2187 3757 2285 3795 nos
2338 3743 2616 3806 illuminet,
2670 3743 2808 3797 hunc
2852 3744 3003 3798 nobis
3046 3746 3251 3799 radium
3295 3749 3649 3803 attrahamus.
3691 3749 3770 3803 Ita

2185 3834 2327 3887 enim
2366 3844 2418 3887 et
2454 3834 2803 3903 praesentibus
2829 3846 2880 3889 et
2901 3836 3091 3890 futuris
3132 3839 3367 3893 fruemur
3386 3841 3560 3905 bonis,
3597 3843 3769 3911 gratia

2187 3934 2241 3976 et
2272 3923 2597 3992 benignitate
2646 3924 2855 3978 Domini
2889 3927 3053 3980 nostri
3079 3926 3204 3982 Jesu
3236 3928 3453 3994 Christi,
3484 3946 3578 3999 per
3607 3946 3768 4001 quem

2186 4022 2240 4066 et
2266 4029 2385 4067 cum
2413 4030 2518 4082 quo
2558 4014 2699 4068 Patri
2730 4016 2899 4084 gloria
2924 4057 2939 4079 ,
2972 4032 3182 4087 unaque
3211 4019 3429 4089 Spiritui
3474 4032 3680 4088 sancto,
3714 4021 3769 4074 in

2188 4110 2379 4161 smcula
2422 4109 2757 4163 szeculorum.
2787 4112 2976 4165 Amen.

1727 4240 3773 4265 mw

1789 4366 1799 4377 .
1890 4313 2228 4375 HOMILIA
2276 4317 2382 4378 VI.

500 4428 551 4480 6.
587 4424 703 4480 Fuit
730 4426 877 4481 homo
906 4429 1084 4481 missus
1120 4445 1150 4480 a
1185 4428 1293 4483 Deo
1313 4471 1327 4495 ,
1373 4431 1456 4483 cui
1494 4449 1670 4486 nomen
1701 4443 1806 4486 erat
1836 4433 2078 4488 Joannes.

565 4524 782 4580 Joannis
813 4525 1050 4596 Baptista:
1068 4527 1254 4581 missio.
1283 4526 1581 4596 Explicatur
1601 4530 1748 4594 illud,
1788 4528 1907 4582 Fuit
1927 4529 2083 4582 homo

501 4619 692 4673 missus
727 4634 755 4671 a
799 4620 925 4675 Deo.
955 4617 1058 4673 Cur
1097 4629 1144 4672 et
1182 4620 1431 4684 quomodo
1476 4620 1704 4674 Christus
1745 4622 2083 4674 testimonium

498 4710 710 4779 accipiat
739 4712 800 4764 ab
840 4712 1055 4766 homine.
1106 4711 1348 4766 Doctrina
1384 4714 1511 4766 nihil
1551 4714 1752 4781 prodest
1795 4715 1904 4767 sine
1944 4716 2085 4767 bonis

498 4802 893 4870 operibus.—ln
922 4804 1141 4857 exordio
1167 4804 1233 4858 de
1260 4806 1369 4859 Deo
1395 4804 1571 4859 Verbo
1593 4822 1709 4875 quae
1738 4807 2004 4876 prmcipua
2031 4816 2085 4861 et

501 4895 667 4962 magis
697 4896 992 4949 necessaria
1033 4905 1183 4949 erant
1219 4895 1467 4965 loquutus
1496 4897 1823 4965 evangelista
1844 4939 1857 4962 ,
1899 4898 2086 4951 ordine

504 4986 825 5054 procedens,
874 4986 940 5040 ad
986 4987 1143 5040 Verbi
1192 5002 1495 5056 praeconem
1558 4987 1655 5040 sibi
1713 4988 2083 5056 cognominem

500 5076 758 5131 Joannem
789 5086 970 5145 postea
1004 5077 1165 5130 venit.
1214 5077 1290 5130 'l‘u
1321 5094 1443 5132 vera
1483 5093 1601 5131 cum
1646 5077 1797 5131 audis
1840 5078 2011 5145 ipsum
2056 5094 2086 5132 a

505 5168 615 5223 Deo
640 5168 857 5221 missum
886 5167 1079 5233 fuisse,
1116 5168 1249 5222 nihil
1278 5169 1564 5223 humanum
1592 5169 1659 5223 ab
1684 5184 1748 5223 eo
1777 5170 1879 5223 dici
1909 5182 2082 5240 putes.

502 5260 614 5314 Non
642 5262 782 5315 enim
811 5276 903 5315 sua
925 5302 938 5325 ,
965 5261 1057 5315 sed
1083 5260 1340 5314 mittentis
1364 5277 1421 5315 se
1448 5261 1585 5314 dicta
1611 5260 1831 5329 profert.
1858 5260 2087 5330 Ideoque

502 5354 719 5422 angelus
750 5353 1045 5422 appellatus
1076 5362 1159 5407 est
1202 5366 1215 5403 :
1259 5352 1433 5421 angeli
1476 5366 1602 5406 vero
1630 5354 1742 5405 sive
1773 5353 1939 5405 nuntii
1971 5352 2089 5405 offi-

503 5447 641 5498 cium
669 5456 779 5509 est,
813 5445 943 5498 nihil
970 5460 1034 5498 ex
1062 5459 1119 5498 se
1142 5443 1338 5498 dicere.
1370 5442 1502 5497 Illud
1532 5453 1709 5497 autem
1732 5484 1747 5508 ,
1778 5442 1935 5509 Fuit,
1982 5459 2085 5498 non

506 5534 593 5589 hic
620 5536 685 5590 ad
723 5536 1086 5590 exsistentiam
1118 5534 1393 5588 transitum
1423 5535 1718 5602 significat,
1750 5535 1842 5589 sed
1875 5536 2086 5588 missio-

507 5640 629 5679 nem
661 5626 849 5694 ipsam.
882 5626 1012 5680 Nam
1041 5625 1170 5679 illud
1192 5667 1208 5690 ,
1241 5625 1364 5679 Fuit
1403 5627 1585 5679 missus
1613 5643 1645 5678 a
1673 5624 1813 5690 Deo,
1859 5626 2085 5693 idipsum

507 5724 589 5768 est
620 5715 794 5785 quod,
836 5716 1023 5771 Missus
1060 5726 1142 5771 est
1178 5731 1205 5769 a
1250 5717 1375 5771 Deo.
1410 5716 1687 5783 Quomodo
1726 5718 1883 5786 igitur
1913 5718 2040 5770 illud
2062 5758 2078 5782 ,

511 5803 747 5871 Quicum
775 5806 827 5859 in
856 5806 1019 5875 forma
1058 5806 1152 5861 Dei
1190 5818 1313 5862 esset
1345 5806 1613 5880 (Philipp.
1655 5807 1709 5860 2.
1751 5806 1859 5875 6),
1902 5808 2080 5863 dicunt

2187 4450 2291 4490 non
2331 4437 2545 4507 intelligi
2574 4437 2641 4492 de
2668 4440 2966 4507 aequalitate
3007 4442 3121 4496 Filii
3153 4458 3271 4496 cum
3302 4443 3494 4513 Patre,
3535 4461 3600 4501 eo
3629 4451 3773 4518 quod

2187 4528 2443 4582 articulus
2472 4546 2575 4582 non
2604 4532 2935 4598 apponatur?
2964 4532 3097 4587 Ecce
3122 4535 3263 4588 enim
3307 4536 3392 4590 hic
3420 4554 3633 4608 quoque
3662 4543 3777 4595 nul-

2188 4617 2269 4672 lus
2298 4620 2447 4673 adest
2476 4622 2746 4675 articulus.
2794 4624 2874 4676 An
2917 4623 3073 4693 igitur
3114 4625 3198 4681 hic
3241 4628 3308 4681 de
3347 4629 3503 4683 Patre
3546 4647 3651 4685 non
3690 4644 3771 4687 est

2187 4713 2402 4764 sermo?
2429 4712 2564 4779 Quid
2589 4729 2714 4782 ergo
2739 4715 2977 4769 dicemus
3004 4717 3069 4770 de
3098 4719 3351 4787 propheta
3380 4723 3468 4791 qui
3495 4724 3569 4776 ait
3597 4742 3609 4777 :
3644 4724 3745 4778 Ecc

2188 4818 2277 4869 ego
2308 4803 2447 4855 mitto
2472 4805 2704 4871 angelum
2730 4823 2895 4858 meum
2920 4816 3034 4860 ante
3058 4809 3234 4878 facient
3264 4820 3423 4877 tuam,
3451 4816 3536 4883 qui
3564 4833 3743 4886 praepa

2187 4890 2317 4944 rabit
2346 4892 2474 4945 viam
2504 4904 2639 4947 tuam
2672 4894 2824 4965 (Mal.
2855 4897 2908 4950 5.
2941 4899 2963 4951 1
2998 4900 3056 4965 )?
3090 4898 3219 4953 Illud
3266 4918 3440 4956 meum
3485 4914 3536 4958 et
3578 4916 3726 4960 tuum

2188 4983 2320 5037 duas
2348 5000 2601 5052 personas
2629 4988 2888 5056 signiﬁcat
2916 5007 2931 5041 :
2965 4990 3015 5044 7.
3044 4989 3144 5044 llic
3172 4993 3301 5045 venit
3326 4995 3379 5046 in
3406 4998 3770 5065 testimonium,

2187 5086 2242 5128 ut
2270 5078 2605 5131 testimonium
2636 5079 2910 5147 perhiberet
2937 5083 2999 5135 de
3027 5083 3231 5136 lumine.
3271 5084 3407 5150 Quid
3450 5086 3552 5143 hoc
3571 5130 3585 5153 ,
3627 5090 3775 5145 dicet

2190 5166 2411 5221 fortasse
2458 5169 2754 5238 quispiam,
2802 5185 2985 5225 servus
3032 5172 3098 5226 de
3145 5174 3361 5229 domino
3406 5179 3773 5235 testimonium

2188 5258 2468 5325 perhibet?
2495 5259 2624 5313 Cum
2652 5277 2777 5330 ergo
2805 5277 2908 5316 non
2937 5262 3094 5316 modo
3120 5264 3267 5317 illum
3297 5267 3435 5321 servi
3464 5271 3775 5335 testimonio

2189 5348 2454 5418 perhiberi
2484 5352 2722 5418 videbis,
2764 5354 2856 5409 sed
2886 5355 3043 5409 etiam
3082 5355 3146 5409 ad
3187 5373 3398 5412 servum
3444 5363 3664 5430 venire,
3707 5379 3775 5420 ac

2187 5456 2307 5495 cum
2325 5441 2522 5498 Judteis
2543 5444 2608 5498 ab
2627 5446 2715 5498 illo
2739 5445 3012 5514 baptizari,
3032 5463 3207 5501 annon
3234 5452 3401 5520 magis
3423 5453 3773 5524 obstupesees

2187 5542 2241 5587 et
2269 5533 2564 5590 dubitabis?
2592 5535 2693 5591 Sed
2725 5553 2828 5590 non
2856 5547 3065 5606 oportet
3088 5541 3284 5595 turbari
3310 5544 3388 5598 vel
3417 5551 3773 5615 commoveri,

2186 5634 2243 5679 at
2284 5628 2457 5695 potius
2501 5628 2617 5698 ejus
2662 5628 2976 5682 ineffabilem
3026 5630 3403 5701 benignitatem
3453 5638 3656 5693 mirari.
3712 5642 3769 5696 Si

2188 5731 2316 5772 vero
2343 5720 2461 5787 quis
2485 5717 2676 5773 dubius
2704 5718 2755 5772 in
2788 5721 3180 5787 perturbatione
3219 5736 3466 5794 maneat,
3509 5729 3560 5784 id
3591 5730 3665 5785 illi
3688 5732 3773 5787 di-

2188 5818 2272 5864 cet
2291 5849 2305 5875 ,
2336 5808 2473 5879 quod
2502 5808 2687 5865 Joanni
2717 5825 2730 5865 :
2762 5809 2887 5865 Sine
2914 5812 3062 5867 modo
3088 5827 3111 5867 :
3131 5815 3202 5870 sic
3230 5818 3361 5871 enim
3387 5820 3524 5876 decet
3552 5837 3644 5876 nos
3670 5824 3769 5876 im-
