4074 6374
333 368 400 424 59
1501 373 1565 426 IN
1603 374 1873 430 JONNEM

1993 377 2146 431 i.\lll..
2189 375 2277 431 Vl.
2305 378 2376 433 al.
2419 376 2483 430 Υ.
3509 375 3583 429 60

329 483 438 554 γὰρ
462 481 662 552 σκότῳ,
692 481 940 554 καθάπερ
967 485 1136 556 ἔφθην
1166 486 1356 550 εἰπὼν,
1380 487 1480 541 κᾶν
1508 488 1641 541 λίθοι
1676 491 1906 544 κέωνται

327 565 523 634 τίμιοι,
555 565 615 618 τὸ
649 565 845 628 κάλλος
877 568 976 620 οίικ
1006 570 1388 636 ἐμφαίνουσιν,
1422 573 1481 623 οὐ
1525 574 1674 643 παρὰ
1705 574 1801 643 τὴν
1830 577 1929 632 οί-,

329 649 481 700 κείαν
515 648 699 716 φύσιν,
732 649 868 703 ἀλλά
914 654 1065 721 παρὰ
1092 653 1190 722 τὴν
1220 653 1441 719 ἄγνοιαν
1484 654 1590 706 τῶν
1632 657 1902 725 ὁρώντων.

328 731 401 782 Οὐ
440 731 603 783 τοῦτο
630 730 687 783 δὲ
731 731 891 801 μόνον
919 735 1052 803 ἡμῖν
1077 735 1136 786 τὸ
1164 735 1331 788 δεινὸν
1369 739 1479 799 τοῖς
1518 739 1576 789 ἐν
1609 738 1904 807 ἁμαρτίαις

330 811 450 866 οὖσι
473 815 782 884 συμϐαίνει,
808 816 920 868 ἀλλ’
949 817 1028 868 ὃτι
1058 818 1149 869 καὶ
1170 818 1318 888 φόϐῳ
1349 819 1598 888 συςῶμεν
1635 821 1902 890 διηνεκεῖο

325 898 419 948 καὶ
453 896 706 968 καθάπερ
735 899 784 950 οἱ
810 898 898 950 διὰ
929 899 1118 962 νυκτὸς
1152 901 1410 969 ἀσελήνου
1449 901 1750 970 βαδίζοντες
1777 904 1902 972 τρέ-

329 999 509 1050 μουσι,
543 983 648 1034 κᾶν
687 982 874 1051 μηδεὶς
905 985 933 1034 ό
987 982 1166 1052 φοϐῶν
1201 988 1350 1055 παρῇ
1373 1002 1387 1016 ο
1421 985 1564 1037 οὕτω
1604 987 1699 1038 καί
1726 988 1775 1038 οἰ
1807 987 1904 1056 τὴν

325 1065 602 1135 ἁμαρτίαν
629 1063 1004 1136 ἐργαζόμενοι,
1035 1068 1255 1137 θαρρεῖν
1285 1070 1383 1121 οὐκ
1417 1068 1619 1138 έχουσι,
1663 1070 1764 1122 κᾶν
1795 1088 1902 1140 μηο

323 1149 435 1210 δεὶς
475 1149 504 1200 6
548 1148 782 1218 ἐλέγχων
813 1144 877 1221 ᾖ,
928 1148 1064 1202 ἀλλά
1101 1151 1275 1203 πάντα
1303 1149 1596 1214 δεδοίκασι,
1646 1155 1740 1205 καί
1773 1155 1904 1206 ὑπο-

325 1231 644 1294 πτεύουσιν,
702 1233 808 1286 ὑπὸ
855 1232 948 1285 τοῦ
1003 1233 1298 1297 συνειδότος
1343 1235 1759 1303 κεντούμενοιε,
1807 1239 1902 1290 καὶ

325 1317 502 1369 πάντα
538 1318 722 1379 αὐτοῖς
757 1317 909 1377 δέους
939 1318 1032 1370 καὶ
1071 1318 1309 1384 ἀγωνίας
1353 1321 1469 1371 ἐστὶ
1503 1321 1694 1389 μεστά,
1726 1321 1902 1374 πάντα

325 1399 766 1468 περιϐλέπονται,
810 1401 986 1453 πάντα
1014 1399 1127 1472 [41]
1162 1400 1469 1468 φοϐοῦνται.
1503 1403 1766 1474 Φύγωμεν
1793 1405 1904 1457 τοί-

323 1500 416 1535 νυν
464 1484 562 1553 τὴν
601 1483 776 1546 οὕτως
822 1485 1088 1554 ὀδυνηρὰν
1127 1485 1293 1556 ζωήν.
1327 1487 1438 1538 Καὶ
1465 1487 1574 1558 γὰρ
1619 1489 1758 1557 μετά
1801 1489 1900 1560 τὴν

322 1566 512 1632 ὢύνην
559 1567 762 1637 ταύτην
801 1567 1027 1631 θάνατος
1068 1569 1288 1637 ἕψεται,
1324 1568 1551 1634 θάνατος
1597 1571 1895 1636 ἀθάνατος·

322 1650 439 1702 οῦδέ
471 1651 579 1720 γάρ
618 1653 733 1703 ἐστι
755 1651 852 1721 τῆς
882 1654 996 1704 ἐκεῖ
1031 1652 1303 1715 κολάσεως
1327 1653 1480 1716 τέλος
1499 1671 1511 1683 ·
1547 1655 1638 1707 καὶ
1667 1655 1900 1710 ἐνταῦθα

322 1733 378 1784 δὲ
398 1732 506 1784 τῶν
527 1735 950 1801 παραπαιόντων
972 1735 1124 1788 οὐδὲν
1143 1736 1508 1806 διενηνόχασιν
1530 1737 1578 1788 οί
1601 1738 1898 1808 πράγματα

323 1817 788 1887 ὀνειροπολοῦντες
804 1819 902 1889 οὐχ
929 1819 1235 1887 ὑφεστῶτα.
1254 1821 1361 1874 Καὶ
1382 1821 1490 1892 γὰρ
1507 1821 1720 1875 δοκοῦσι
1743 1824 1901 1877 πλου-

321 1904 430 1953 τεῖν
465 1902 528 1954 οὐ
562 1902 933 1965 πλουτοῦντες,
972 1905 1066 1955 καὶ
1109 1903 1389 1972 νομίζουσι
1430 1907 1641 1976 τρυφᾷν
1671 1905 1732 1958 ού
1769 1923 1901 1977 τρυ-

324 1983 551 2050 φῶντες,
593 1985 688 2037 καὶ
710 1985 769 2036 οὐ
806 1985 1068 2055 πρότερον
1090 1985 1434 2039 αἰσθάνονται
1462 1987 1562 2056 τῆς
1590 1988 1804 2060 ἀπάτης
1824 1989 1898 2052 ὼς

323 2066 423 2136 χρὴ
456 2066 681 2135 ταύτης,
709 2068 811 2131 ἕως
836 2068 901 2120 ἂν
921 2067 1021 2137 τῆς
1055 2068 1246 2138 μανίας
1279 2069 1679 2137 ἀπαλλαγῶσιν,
1706 2073 1808 2134 ἓως
1832 2073 1898 2125 ἂν

322 2149 408 2201 τὸν
431 2150 598 2202 ῦπνον
625 2151 1073 2215 ἀποτινάξωνται.
1095 2151 1186 2204 Διὸ
1205 2155 1391 2223 νήφειν
1417 2155 1510 2207 καὶ
1537 2156 1897 2227 ἐγρηγορέναι

323 2235 484 2285 πᾶσιν
521 2235 550 2286 6
599 2233 809 2296 Παῦλος
854 2234 1315 2304 παρακελεύεται’
1357 2237 1453 2289 καὶ
1489 2237 1518 2290 6
1558 2239 1790 2311 Χριστὸς
1827 2243 1897 2295 τά

321 2315 455 2367 αὐτὰ
483 2316 665 2368 πάλιν.
704 2317 764 2367 '0
799 2318 981 2386 νήφων
1015 2317 1107 2369 καὶ
1154 2316 1491 2389 ἐγρηγορὼς,
1525 2319 1625 2372 κᾶν
1661 2321 1764 2372 ὑπὸ
1798 2325 1897 2391 τῆς

321 2398 592 2469 ἁμαρτίας
612 2396 742 2467 ἀλῷ,
767 2399 974 2467 ταχέως
995 2398 1161 2470 αὐτὴν
1183 2399 1560 2470 ἀποκρούεται·
1583 2404 1611 2454 ό
1629 2401 1684 2454 δὲ
1707 2403 1898 2455 καθεύ-

318 2481 418 2534 δων
451 2481 550 2534 καὶ
601 2479 926 2551 ἐξεστηκὼς,
968 2483 1068 2535 οὐκ
1096 2483 1408 2536 αἰσθάνεται
1443 2484 1558 2548 πῶς
1597 2487 1686 2537 ὑπ’
1727 2487 1893 2557 αὐτῆς

321 2565 629 2633 κατέχεται.
661 2563 754 2633 Μὴ
791 2565 966 2618 τοίνυν
1001 2564 1369 2635 καθεύδωμεν.
1404 2567 1622 2638 Οὑγάρ
1651 2569 1839 2630 νυκτὸς
1865 2571 1894 2622 6

319 2648 530 2716 καιρὸς,
567 2647 683 2700 ἀλλ’
723 2648 956 2718 ἡμέρας.
992 2648 1088 2714 Ὠς
1125 2648 1196 2701 ἐν
1225 2650 1416 2717 ἡμέρᾳ
1463 2652 1642 2704 τοίνυν
1674 2655 1894 2720 εὐσχη-

314 2732 510 2796 μόνως
540 2730 1056 2799 περιπατήσωμεν.
1091 2731 1254 2784 Οὐδὲν
1289 2733 1396 2802 γὰρ
1427 2733 1699 2803 ἁμαρτίας
1724 2735 1894 2804 ἀσχη-

320 2813 666 2884 μονέστερον.
694 2813 954 2866 Ἔλαττον
982 2813 1152 2866 κακὸν
1187 2816 1265 2876 είς
1303 2815 1686 2886 ἀσχημοσύνης
1715 2816 1888 2884 λόγον,

319 2898 579 2966 γυμνοὺς,
614 2896 646 2965 ἢ
690 2896 1096 2967 ἁμαρτάνοντας
1126 2898 1158 2968 ἢ
1196 2897 1643 2966 πλημμελοῦντας
1675 2899 1892 2970 περιέρ·

319 2978 523 3046 χεσθαι.
569 2977 773 3030 Ἐκεῖνο
803 2979 902 3048 μὲν
929 2981 1037 3048 γάρ
1067 2979 1127 3030 ού
1173 2980 1421 3032 τοσοῦτον
1453 2981 1726 3051 ἔγκλημα·
1755 2984 1886 3036 πολι

318 3061 469 3125 λακίς
499 3063 608 3132 γάρ
630 3063 721 3114 καὶ
742 3063 849 3114 ἀπὸ
873 3062 1059 3124 πενίας
1082 3062 1275 3129 γένοιτ’
1307 3065 1369 3118 ἄν
1391 3080 1404 3094 ·
1433 3064 1524 3116 τοῦ
1556 3066 1610 3118 δέ
1643 3067 1886 3136 ἁμαρτά-

319 3163 494 3207 νοντος
523 3147 675 3199 οὐδὲν
708 3145 1058 3218 αἰσχρότερον
1091 3147 1186 3199 καὶ
1218 3147 1556 3218 ἀτιμότερον.
1595 3151 1885 3220 Ἐννοήσω-

319 3245 415 3295 μεν
439 3224 531 3280 οὖν
553 3231 679 3291 τοὺς
700 3233 778 3291 είς
796 3229 1143 3298 δικαστήριον
1169 3229 1427 3292 ἀπιόντας
1453 3231 1702 3302 ἁρπαγῆς
1723 3232 1886 3287 ’ἑνεκα

375 3333 403 3360 ι
429 3334 758 3394 Κεντούμενοι,
781 3334 852 3381 sic
889 3335 984 3382 Sav
1024 3341 1077 3382 et
1107 3333 1224 3382 Mor.
1253 3333 1351 3382 Alii
1375 3335 1666 3396 δακνόμενοι.

2011 493 2108 546 καὶ
2135 491 2462 556 πλεονεξίας,
2499 492 2615 554 πῶς
2653 490 2869 560 αἰσχροὶ
2905 489 2999 542 καὶ
3032 487 3424 557 καταγέλαστοι
3459 489 3579 558 φαί-

2011 593 2210 640 νονται,
2247 577 2420 629 πάντα
2455 572 2948 644 ἀναισχυντοῦντες,
2981 572 3298 643 ψευδόμενοι
3336 566 3431 626 xii
3469 575 3580 625 ἰτα-

2011 661 2318 730 μευόμενοι.
2346 659 2534 727 Ἡμεῖς
2567 657 2622 709 δέ
2671 657 2843 719 οὓτως
2872 657 3038 725 ἐσμὲν
3090 656 3310 708 ἐλεεινοὶ
3354 655 3448 708 καὶ
3479 673 3576 707 τα-

2007 743 2296 812 λαίπωροι,
2348 742 2423 805 ὡς
2470 741 2683 811 ἱμάτιον
2721 742 2818 810 μέν
2859 739 2934 810 μὴ
2963 739 3026 792 ἂν
3072 741 3358 809 ὑπομεῖναι
3394 741 3578 803 ἁπλῶς

2006 825 2395 896 περιϐαλέσθαι
2451 824 2544 877 καὶ
2591 823 3053 891 διεστραμμένως,
3087 822 3219 874 ἀλλὰ
3249 823 3351 875 κᾶν
3392 823 3575 893 ἕτερον

2007 905 2203 974 ἴδωμεν
2223 903 2381 956 τοῦτο
2412 903 2708 972 πάσχοντα,
2739 900 3100 971 διορθούμεθα
3120 918 3132 932 ·
3158 901 3373 953 πάντων
3407 901 3462 953 δὲ
3484 903 3576 954 καὶ

2003 989 2162 1058 ἡμῶν
2189 985 2408 1040 καὶτῶν
2437 985 2659 1054 πλησίον
2685 984 2824 1036 κατά
2847 984 3085 1054 κεφαλῆς
3111 984 3574 1054 περιπατούντων,

2008 1072 2142 1142 μηδὲ
2174 1071 2614 1124 ἐπαισθάνεσθαι.
2663 1068 2728 1121 Τί
2768 1068 2876 1138 γάρ
2917 1067 3282 1138 αἰσχρότερον,
3311 1069 3430 1120 εἰπέ
3461 1084 3571 1138 μοι,

2005 1156 2194 1227 ἀνδρὸς
2235 1155 2372 1226 πρὸς
2413 1155 2644 1221 γυναῖκα
2678 1151 2882 1222 πόρνην
2923 1153 3214 1215 εἰσιόντος;
3248 1152 3300 1205 τί
3330 1151 3386 1204 δὲ
3423 1152 3575 1220 ὑϐρι-

2005 1239 2154 1298 στοῦ,
2184 1237 2237 1290 τί
2265 1237 2320 1291 δὲ
2347 1237 2584 1306 λοιδόρου
2617 1236 2710 1288 καὶ
2734 1234 3003 1304 βασκάνου
3041 1233 3573 1304 καταγελαστότερον

2003 1321 2197 1390 γένοιτ’
2247 1321 2340 1386 άν;
2378 1320 2542 1373 πόθεν
2583 1316 2674 1372 οῦν
2722 1320 2782 1371 ού
2821 1319 2968 1372 δοκεῖ
3010 1317 3181 1371 ταῦτα
3222 1316 3394 1380 οὕτως
3433 1313 3572 1370 εἶναι

2005 1405 2226 1474 αἰσχρὰ,
2262 1405 2337 1468 ὡς
2376 1405 2436 1457 τὸ
2470 1404 2708 1472 γυμνοὺς
2745 1403 3102 1472 περιπατεῖν;
3158 1400 3290 1453 Ἀπὸ
3319 1403 3418 1468 τῆς
3451 1417 3547 1452 συν

2005 1489 2192 1558 ηθείας
2225 1490 2389 1559 μόνης
2412 1488 2460 1540 ι’.
2497 1486 2666 1539 Τοῦτο
2695 1486 2790 1555 μὲν
2815 1485 2922 1555 γὰρ
2951 1485 3122 1547 οὐδεὶς
3149 1483 3401 1536 οὐδέποτε
3432 1482 3572 1535 ἐκῶν

2001 1571 2200 1623 ἔπαθεν
2221 1589 2232 1600 ·
2271 1573 2447 1624 ἐκεῖνο
2471 1571 2528 1623 δὲ
2561 1570 2764 1622 ἅπασιν
2790 1569 2876 1620 ἀεὶ
2899 1569 3162 1638 τολμᾶται
3197 1567 3333 1637 μετά
3365 1566 3567 1628 ἀδείας.

2015 1654 2166 1706 Ἐπεὶ
2195 1653 2347 1715 εἴτις
2378 1656 2454 1715 είς
2485 1652 2730 1720 ἀγγέλων
2755 1650 2957 1720 πλῆθος
2978 1647 3130 1721 ἦλθε,
3167 1648 3295 1720 παρ’
3315 1643 3393 1709 οἷς
3420 1649 3570 1701 οὐδὲν

2001 1737 2257 1790 οὐδέποτε
2298 1735 2535 1789 τοιοῦτον
2570 1735 2804 1803 ἐγένετο,
2840 1732 2975 1788 εἶδεν
3010 1734 3075 1788 ἂν
3101 1734 3221 1786 τότε
3265 1743 3286 1770 α
3327 1731 3571 1803 ἀκριϐῶς

1999 1820 2090 1871 τὸν
2121 1821 2287 1873 πολὺν
2307 1820 2536 1888 γέλωτα.
2563 1821 2673 1872 Καὶ
2697 1819 2749 1872 τί
2771 1819 2914 1887 λέγω
2941 1817 3144 1887 πλῆθος
3169 1815 3410 1884 ἀγγέλων
3433 1832 3446 1880 ;
3482 1816 3569 1867 Ἐν

1999 1904 2108 1972 γὰρ
2137 1907 2246 1966 τοῖς
2275 1903 2562 1972 βασιλείοις
2602 1905 2784 1967 αὐτοῖς
2812 1905 2924 1966 τοῖς
2962 1901 3091 1973 παρ’
3121 1905 3272 1969 ἡμῖν,
3303 1901 3354 1953 εί
3383 1917 3466 1962 τις
3503 1898 3569 1951 ἂν

2000 1987 2204 2056 πόρνην
2239 1986 2548 2055 εἰσαγαγὼν
2581 1986 2761 2057 χρῷτο
2791 1987 2951 2055 αὐτῇ,
2981 1985 3014 2056 ἢ
3055 1985 3193 2054 μέθῃ
3230 1983 3370 2036 οἴνου
3403 2001 3570 2036 κατα-

2001 2070 2236 2139 σχεθείη,
2267 2070 2298 2140 ἦ
2329 2070 2456 2123 ἀλλο
2491 2087 2542 2122 τι
2574 2071 2813 2123 τοιοῦτον
2839 2071 3256 2139 ἀσχημονήσειε,
3281 2068 3378 2138 τὴν
3403 2067 3568 2138 ἐσχά-

1997 2169 2095 2224 την
2123 2152 2305 2206 δίδωσι
2335 2153 2510 2222 δίκην.
2544 2154 2605 2206 Εἰ
2629 2153 2687 2205 δέ
2723 2157 2779 2206 ἐν
2807 2152 3096 2222 βασιλείοις
3123 2154 3222 2204 οὐκ
3247 2150 3470 2203 ἀνεκτὸν
3501 2151 3568 2202 τά

1996 2235 2220 2288 τοιαῦτα
2247 2235 2469 2306 τολμᾷν,
2502 2236 2681 2306 πολλῷ
2710 2236 2930 2305 μᾶλλον,
2971 2235 3065 2287 τοῦ
3107 2233 3378 2303 πανταχοῦ
3412 2232 3566 2302 βασιο

1996 2318 2132 2382 λέως
2155 2319 2419 2389 παρόντος
2449 2320 2541 2372 καὶ
2563 2319 2631 2372 τὰ
2657 2318 2916 2390 γινόμενα
2939 2317 3233 2386 θεωμένου,
3261 2317 3326 2370 ἂν
3346 2315 3568 2369 τοιαῦτα

1995 2401 2303 2472 τολμῶμεν,
2337 2402 2434 2473 τὴν
2462 2403 2694 2474 ἐσχάτην
2730 2401 3144 2472 ὑποστησόμεθα
3171 2399 3410 2454 κόλασιν.
3453 2399 3564 2462 Διὸ,

1996 2485 2318 2555 παρακαλῶ,
2342 2485 2541 2554 πολλὴν
2571 2488 2628 2538 ἐν
2655 2484 2734 2554 τῷ
2772 2483 2870 2555 βίῳ
2909 2485 3008 2554 τὴν
3039 2482 3262 2553 ἡσυχίαν
3291 2479 3569 2547 ἐπιδειξὼ-

1999 2569 2156 2638 μεθα,
2191 2568 2390 2638 πολλὴν
2427 2570 2524 2639 τὴν
2562 2568 2929 2638 καθαρότητα.
2965 2567 3073 2620 Καὶ
3105 2567 3212 2636 γὰρ
3246 2565 3438 2637 ἔχομεν
3472 2565 3568 2635 βα-

1997 2652 2146 2704 σιλέα
2183 2652 2602 2724 πάντα¹όρῶντα
2645 2651 2905 2722 διηνεκῶς
2941 2650 3010 2703 τά
3041 2649 3304 2720 ἡμέτερα.
3347 2650 3439 2702 ’Ἱν’
3473 2645 3566 2702 οὖν

1993 2737 2141 2806 ἡμᾶς
2169 2737 2254 2789 ἀεὶ
2281 2735 2434 2789 τοῦτο
2478 2735 2715 2804 δαψιλῶς
2756 2733 2960 2804 φωτίζῃ
2988 2732 3048 2785 τὸ
3085 2731 3221 2801 φῶς,
3252 2730 3566 2786 ἐπισπασώ-

1997 2818 2134 2888 μεθα
2162 2818 2364 2887 ταύτην
2396 2818 2494 2888 τὴν
2534 2820 2746 2871 ἀκτῖνα.
2777 2816 2931 2869 Οὕτω
2957 2815 3064 2886 γὰρ
3086 2815 3303 2868 καὶτῶν
3333 2813 3565 2867 ἐνταῦθα

1993 2901 2214 2953 καὶτῶν
2253 2901 2553 2971 μελλόντων
2583 2899 2960 2968 ἀπολαύσομεν
2988 2897 3226 2966 ἀγαθῶν,
3259 2896 3440 2967 χάριτι
3470 2899 3565 2948 καὶ

1995 2983 2372 3055 φιλανθρωπίᾳ
2392 2983 2488 3036 τοῦ
2510 2982 2712 3054 Κυρίου
2742 2982 2893 3052 ἡμῶν
2932 2981 3102 3052 Ἰησοῦ
3136 2981 3392 3051 Χριστοῦ.
3415 2976 3562 3036 δι’οὗ

1993 3068 2085 3120 καὶ
2110 3067 2227 3136 μεθ’
2254 3064 2314 3121 οὗ
2342 3066 2419 3137 τῷ
2446 3068 2614 3137 [Ιατρὶ
2645 3068 2676 3136 ή
2701 3067 2827 3132 δόξα
2854 3065 2969 3136 ἅμα
2992 3063 3069 3134 τῷ
3097 3065 3235 3134 ἁγίῳ
3263 3063 3559 3135 Πνεύματι,

1992 3152 2072 3212 εἰς
2092 3152 2217 3214 τοὺς
2247 3151 2446 3214 αἰῶνας
2480 3150 2586 3203 τῶν
2613 3149 2840 3204 αἰώνων.
2875 3149 3064 3220 Ἀμήν.

2055 3277 2082 3316 b
2110 3278 2204 3326 Alii
2227 3278 2467 3336 συνηθείας
2487 3277 2674 3334 ταύτης.
2745 3279 2767 3306 θ
2790 3275 2908 3325 Mor.
2939 3275 3058 3323 εἶδεν
3081 3276 3136 3322 ἂν
3156 3275 3279 3324 τότε.
3305 3274 3415 3323 Sav.
3439 3274 3559 3323 εἶδεν

1990 3341 2046 3387 ἂν
2079 3339 2240 3388 αὐτοῦ.

724 3548 3512 3575 mm“

1681 3723 1796 3796 με]
1837 3725 2079 3778 ΟΜΙΛΙΛ
2122 3727 2209 3791 εῖν.

329 3837 595 3908 Ἐγένετο
636 3835 948 3908 ἅνθρωπος
1002 3835 1455 3908 ἀπεσταλμένος
1499 3838 1656 3906 παρὰ
1705 3838 1849 3892 Θεοῦ
1869 3877 1884 3899 ,

752 3906 939 3974 ὄνομα
968 3905 1126 3970 αὐτῷ
1155 3907 1444 3974 Ἰωάννης.

383 4003 692 4072 Διαλεχθείς
714 4003 842 4072 περί
875 4001 966 4054 τοῦ
993 4001 1126 4054 Θεοῦ
1145 4002 1315 4068 Λόγου
1339 4003 1407 4055 τά
1435 4015 1460 4042 α
1499 4002 1887 4070 κατεπείγοντα

318 4087 370 4136 ἐν
400 4087 703 4155 προοιμίοις
727 4088 880 4156 ἡμῖν,
901 4085 1004 4154 ὁδῷ
1037 4085 1127 4137 καὶ
1154 4085 1303 4150 τάξει
1332 4085 1655 4155 προϐαίνων,
1680 4086 1772 4138 καὶ
1796 4087 1888 4138 ἐπὶ

315 4171 402 4222 τὸν
421 4170 516 4222 τοῦ
543 4171 718 4236 Λόγου
745 4173 812 4238 κὴ
824 4187 959 4239 ρυκα
981 4170 1068 4221 τὸν
1095 4170 1380 4239 ὁμώνυμον
1402 4169 1565 4223 αὑτοῦ
1591 4171 1683 4222 τὸν
1709 4170 1888 4222 Ἰωάν-

315 4271 409 4321 νην
437 4253 654 4322 ἔρχεται
707 4251 911 4304 λοιπόν.
958 4253 1029 4304 Σὺ
1081 4252 1136 4305 δὲ
1171 4252 1404 4317 ἀκούων,
1435 4253 1514 4305 ὅτι
1563 4254 1714 4324 παρά
1750 4253 1884 4305 Θεοῦ

314 4337 611 4404 ἀπεστάλη.
641 4335 804 4404 μηδὲν
833 4334 1017 4386 λοιπὸν
1048 4335 1383 4405 ἀνθρώπινον
1409 4331 1545 4388 εἶναι
1566 4335 1752 4404 νόμιζε
1778 4337 1886 4387 τῶν

311 4421 617 4490 λεγομένων
652 4419 782 4487 παρ’
809 4417 1040 4469 ἐκείνου.
1073 4419 1146 4469 υῦ
1179 4419 1287 4490 γάρ
1313 4418 1380 4470 τά
1417 4418 1600 4475 αὐτοῦ.
1647 4417 1784 4470 ἀλλὰ
1817 4418 1884 4471 τά

312 4505 401 4556 τοῦ
436 4502 749 4570 πέμψαντος
791 4499 1002 4552 ἅπαντα
1056 4501 1373 4570 φθέγγεται.
1405 4501 1494 4554 Διὸ
1525 4504 1617 4555 καὶ
1658 4502 1884 4570 ἅγγελος

311 4587 746 4659 προσηγόρευται
770 4584 798 4623 b
823 4601 835 4613 '
885 4585 1115 4652 ἀγγέλου
1145 4586 1198 4638 δέ
1235 4585 1422 4657 ἀρετὴ,
1461 4587 1519 4638 τὸ
1554 4587 1716 4656 μηδὲν
1755 4587 1883 4640 ἴδιον

310 4673 501 4723 εἰπεῖν.
537 4669 611 4719 T6
631 4667 708 4724 δὲ,
751 4665 1033 4735 Ἐγένετο,
1071 4668 1300 4721 ἐνταῦθα
1328 4669 1388 4720 οὐ
1424 4669 1518 4737 τῆς
1545 4672 1620 4731 εἰς
1649 4669 1710 4720 τὺ
1744 4665 1881 4723 εἶναι

309 4754 546 4821 παρόδου
578 4750 895 4820 δηλωτικὸν,
920 4751 1054 4804 ἀλλά
1081 4752 1178 4821 τῆς
1203 4751 1502 4820 ἀποστολῆς
1523 4753 1667 4804 ἐστιν
1691 4752 1876 4822 αὐτῆς.

307 4836 379 4889 τὸ
403 4836 533 4904 γὰρ,
567 4833 836 4900 Ἐγένετο
869 4833 1318 4902 ἀπεσταλμένος
1356 4835 1513 4901 παρὰ
1556 4835 1730 4897 Θεοῦ,
1763 4836 1882 4888 ἀντὶ

303 4919 418 4978 τοῦ,
450 4915 730 4982 ἀπεστάλη
763 4916 910 4984 παρά
946 4915 1101 4969 Θεοῦ.
1136 4918 1258 4980 Πῶς
1295 4913 1387 4969 οὖν
1431 4917 1509 4977 τὺ,
1547 4918 1648 4970 Ἐν
1682 4917 1881 4988 μορφῇ

307 5000 454 5055 Θεοῦ
493 4998 796 5065 ὑπάρχων,
819 4998 878 5049 οὑ
908 4999 1033 5068 περί
1059 4997 1156 5068 τῆς
1191 4999 1324 5069 πρὸς
1352 4999 1441 5052 τὸν
1463 5000 1675 5069 Πατέρα
1704 5003 1881 5072 ἀπαρ-

305 5083 561 5148 αλλαξίας
610 5079 860 5151 εἰρῆσθαί
913 5097 1046 5149 φασι
1074 5082 1161 5134 διά
1205 5083 1265 5134 τὸ
1314 5083 1386 5152 μὴ
1421 5083 1774 5153 προσκεῖσθαι
1817 5085 1876 5136 τὸ

306 5168 538 5238 ἀρθρον;
574 5165 705 5218 Ἰδοὺ
738 5164 846 5235 γὰρ
890 5166 985 5218 καὶ
1023 5166 1252 5231 ἐνταῦθα
1295 5166 1531 5237 οὐδαμοῦ
1573 5168 1634 5218 τὸ
1675 5168 1874 5238 ἄρθρον

306 5251 646 5318 πρόσκειται.
671 5242 796 5316 'Ap'
827 5245 918 5300 οὖν
941 5249 1001 5300 ού
1036 5249 1165 5318 περὶ
1192 5247 1285 5300 τοῦ
1309 5250 1515 5317 Πατρός
1542 5248 1782 5320 εἴρηται;
1811 5250 1874 5302 Τί

303 5329 394 5385 οὖν
421 5331 654 5401 ἐροῦμεν
679 5331 755 5398 τῷ
780 5331 1040 5402 Προφήτῃ
1068 5330 1390 5396 λέγοντι,ὃτι
1420 5331 1564 5384 Ἰδοὺ
1589 5332 1703 5401 ἐγὼ
1729 5333 1874 5386 ἀπο-

304 5415 540 5468 στέλλω
571 5412 680 5466 τὸν
701 5412 958 5482 ἄγγελόν
989 5431 1108 5481 μου
1133 5415 1242 5481 πρὸ
1283 5413 1603 5480 προσώπου
1640 5432 1776 5476 σου,
1805 5415 1868 5480 ὃς

304 5496 741 5551 κατασκευάσει
768 5497 880 5562 τὴν
903 5496 1045 5550 ὀδόν
1063 5511 1212 5561 σου;
1234 5498 1306 5549 Τὸ
1336 5498 1434 5568 μὲν
1455 5499 1599 5566 ἐμοῦ
1621 5501 1712 5552 καὶ
1732 5499 1870 5565 σοῦ,

303 5581 393 5633 δύο
412 5580 719 5650 προσώπων
741 5581 856 5633 ἐστὶ
875 5579 1186 5650 δηλωτικόν.
1209 5576 1393 5647 Οὗτος
1422 5577 1606 5651 ἦλθεν
1623 5584 1710 5648 εἰς
1725 5600 1874 5651 μαρ-

303 5665 528 5729 τυρίαν,
549 5664 650 5715 ἳνα
671 5661 1024 5731 μαρτυρήσῃ
1058 5665 1187 5733 περὶ
1223 5663 1330 5718 τοῦ
1355 5666 1565 5733 φωτός.
1598 5664 1661 5716 Τί
1683 5665 1868 5731 τοῦτο;

304 5749 332 5800 ό
346 5746 524 5807 δοῦλος
537 5745 614 5815 τῷ
627 5745 862 5817 δεσπότῃ
881 5763 1056 5816 μαρτυ
1066 5750 1165 5817 ρεῖ,
1182 5749 1310 5808 ἴσως
1332 5749 1472 5800 εἴποι
1490 5764 1572 5809 τις
1587 5747 1652 5800 άν
1671 5765 1684 5811 ;
1704 5748 1871 5800 Ὅταν

308 5827 397 5882 οὖν
426 5829 500 5898 μὴ
549 5828 707 5899 μόνον
739 5829 844 5881 ὑπὸ
870 5831 962 5882 τοῦ
999 5829 1184 5882 δούλου
1217 5830 1655 5900 μαρτυρούμενον
1686 5830 1865 5895 αὑτὸν,

363 5927 562 5992 ’δεινή
601 5928 673 5973 sic
701 5923 892 5985 incipit,
921 5927 1037 5990 Περί
1075 5925 1160 5975 τοῦ
1181 5924 1304 5976 Θεοῦ
1330 5927 1485 5988 Λόγου
1507 5927 1757 5988 διαλεχθεὶς
1791 5927 1866 5976 τά.

304 5985 333 6026 ι
359 5989 515 6042 Aliqui
539 6001 898 6050 προηγορινται.

1990 3837 2126 3890 ἀλλά
2165 3837 2258 3888 καὶ
2289 3833 2722 3903 παραγινόμενον
2759 3831 2872 3901 ἴδῃς
2911 3830 3046 3901 πρὸς
3076 3829 3258 3893 αὐτὸν,
3291 3831 3383 3884 καὶ
3416 3833 3556 3901 μετά

2001 3919 2266 3972 Ἰουδαίων
2313 3915 2703 3986 βαπτιζόμενον
2733 3914 2822 3966 ὑπ’
2858 3913 3020 3966 αὑτοῦ
3051 3930 3063 3943 ·
3097 3909 3184 3982 ἆρ’
3238 3913 3299 3966 οὐ
3357 3916 3553 3984 μᾶλλον

1989 4003 2228 4071 ἐκστήσῃ
2252 3999 2340 4051 καὶ
2369 3999 2715 4066 διαπορήσεις
2741 4014 2754 4060 ;
2803 3996 2940 4048 Ἀλλ’
2971 3997 3029 4048 οὐ
3060 3998 3164 4066 χρὴ
3194 3998 3552 4068 ταράττεσθαι

1987 4087 2105 4138 ούδέ
2143 4082 2524 4154 θορυϐεῖσθαι,
2577 4081 2690 4134 ἀλλ’
2741 4081 3135 4151 ἐκπλήττεσθαι
3193 4083 3292 4152 τὴν
3349 4083 3551 4152 ἄφατον

1987 4169 2313 4237 ἀγαθότητα.
2353 4167 2448 4218 Ἂν
2484 4165 2539 4217 δὲ
2569 4164 2802 4234 ἐπιμένῃ
2837 4181 2918 4226 τις
2952 4164 3029 4216 ἔτι
3071 4165 3313 4232 ἰλιγγιῶν
3346 4167 3553 4220 x1100-

1988 4251 2334 4322 ρυϐούμενος,
2382 4253 2495 4320 ἐρεῖ
2537 4251 2628 4302 καὶ
2670 4250 2802 4320 πρὸς
2833 4249 2991 4303 αὑτὸν
3025 4249 3198 4314 τοῦτο,
3234 4250 3261 4302 ὃ
3293 4251 3385 4303 καὶ
3416 4252 3551 4322 πρὸς

2000 4335 2249 4402 Ἰωάννην
2303 4331 2489 4386 εἶπεν·
2546 4335 2720 4400 Ἄφες
2748 4332 2908 4399 ἄρτι·
2963 4333 3114 4385 οὕτω
3159 4333 3270 4401 γὰρ
3323 4334 3552 4402 πρέπον

1984 4416 2317 4485 ἐστὶν-ἡμῖν
2355 4413 2660 4481 πληρῶσαι
2711 4415 2916 4466 πᾶσαν
2945 4415 3350 4483 δικαιοσύνην.
3403 4418 3464 4470 Εἰ
3491 4418 3549 4470 δὲ

1985 4500 2078 4552 καὶ
2109 4501 2199 4552 ἐτιί
2221 4500 2398 4551 πλεῖον
2412 4498 2725 4566 ταραχθείη,
2756 4496 2913 4549 πάλιν
2936 4499 3049 4566 ἐρεῖ
3064 4497 3098 4550 ἃ
3123 4501 3256 4568 πρὸς
3279 4501 3402 4564 τοὺς
3419 4501 3550 4554 Ἰου-

1983 4582 2160 4646 δαίους
2188 4581 2353 4651 ἔφησε
2381 4583 2472 4633 καὶ
2497 4581 2628 4651 πρὸς
2656 4582 2834 4641 αὑτὸν,
2867 4580 2946 4632 ὅτι
2979 4591 3000 4618 ο
3036 4583 3199 4649 Παρὰ
3238 4583 3546 4649 ἀνθρώπου

1983 4669 2095 4732 τὴν
2115 4667 2441 4735 μαρτυρίαν
2459 4667 2528 4717 οὐ
2550 4663 2846 4731 λαμϐάνω.
2871 4664 2932 4715 Εἰ
2957 4663 3133 4715 τοίνυν
3167 4665 3239 4735 μὴ
3265 4665 3429 4718 δεῖται
3448 4669 3547 4736 τῆς

1988 4751 2288 4820 μαρτυρίας
2310 4750 2529 4818 ταύτης,
2563 4747 2704 4808 τίνος
2731 4747 2911 4799 ἕνεκεν
2933 4746 3208 4816 ἀπεστάλη
3240 4751 3388 4819 παρά
3414 4749 3544 4802 Θεοῦ

1981 4835 2009 4884 6
2051 4835 2329 4902 Ἰωάννηςς
2355 4833 2464 4901 υύχ
2481 4832 2554 4893 ῶς
2577 4829 2738 4882 αὐτοῦ
2767 4829 3014 4898 δεομένου
3047 4831 3348 4900 μαρτυρίας
3369 4835 3546 4901 (τοῦτο

1982 4918 2090 4986 γάρ
2117 4920 2214 4986 τῆς
2238 4916 2469 4986 ἐσχάτης
2495 4913 2837 4983 βλασφημίας
2865 4913 3051 4981 ἐστὶν),
3078 4914 3211 4966 ἀλλά
3230 4914 3368 4967 διατί
3396 4933 3410 4979 ;
3441 4917 3546 4968 Αύ-

1981 5002 2069 5063 16;
2103 5003 2132 5054 6
2173 5000 2417 5070 Ἰωάννης
2470 4998 2704 5051 διδάσκει
2733 4997 2902 5063 λέγων
2927 5014 2941 5026 ·
2986 4998 3107 5050 Ἵνα
3155 4999 3372 5066 πάντες
3393 5000 3418 5039 ἀ
3453 5016 3545 5054 Ju-

1981 5086 2278 5138 στεύσωσι
2301 5083 2371 5135 δι’
2404 5081 2608 5134 αὑτοῦ.
2638 5080 2746 5132 Καὶ
2777 5081 2936 5143 αὐτὸς
2963 5081 3019 5134 δὲ
3039 5083 3065 5132 6
3093 5083 3322 5153 Χριστὸς
3353 5083 3540 5148 εἰπὼν,

1979 5170 2060 5222 ὅτι
2113 5167 2275 5234 Παρὰ
2301 5164 2609 5232 ἀνθρώπου
2640 5164 2753 5230 τὴν
2783 5167 3114 5232 μαρτυρίαν
3145 5168 3215 5219 οὐ
3243 5166 3540 5234 λαμϐάνω,

1982 5253 2068 5303 ἵνα
2112 5249 2184 5320 μὴ
2213 5249 2338 5322 δόξῃ
2363 5247 2512 5316 παρὰ
2537 5248 2646 5308 τοῖς
2674 5247 2919 5315 ἀνοήτοις
2952 5247 3128 5316 ἐαυτῷ
3159 5250 3505 5320 περιπίπτειν
3524 5269 3539 5284 ·

1979 5332 2072 5384 νῦν
2093 5333 2190 5401 μὲν
2219 5332 2631 5398 λέγων,¹’Λλλος
2649 5328 2818 5381 ἐστὶν
2843 5332 2875 5382 ὀ
2885 5330 3198 5398 μαρτυρῶν
3223 5333 3353 5398 περὶ
3373 5333 3539 5402 ἐμοῦ·

1974 5415 2072 5467 καὶ
2104 5410 2235 5467 οἴδα
2255 5415 2343 5466 ὅτι
2373 5411 2605 5479 ἀληθής
2635 5411 2804 5464 ἐστιν
2831 5413 2868 5478 ἡ
2894 5415 3187 5480 [ιαρτιψιἀ
3205 5414 3389 5469 αὑτοῦ
3410 5434 3422 5446 ’
3451 5417 3543 5470 τὸν

1975 5497 2084 5568 γάρ
2105 5497 2354 5566 Ἰωάννην
2376 5496 2558 5566 ἐδήλου
2579 5511 2591 5524 ’
2625 5494 2718 5547 νῦν
2745 5495 2802 5548 δέ
2825 5495 3018 5562 λέγων,
3039 5496 3202 5563 Παρὰ
3228 5497 3542 5565 ἀνθρώπου

1973 5582 2090 5649 τὴν
2115 5583 2445 5650 μαρτιιοίαν
2489 5582 2561 5633 οὑ
2612 5578 2926 5648 λαμϐάνω·
2967 5580 3208 5647 ἐπήγαγε
3258 5581 3356 5651 τὴν
3391 5582 3542 5637 λύσιν

1973 5665 2202 5735 ταχέως,
2232 5662 2398 5716 εἰπών
2423 5681 2436 5694 ⁸
2487 5663 2660 5717 Ἀλλά
2698 5661 2883 5714 ταῦτα
2909 5659 3062 5729 λέγω
3111 5661 3184 5714 δι’
3233 5663 3409 5734 ὑμᾶς,
3443 5668 3543 5726 ἵνα

2041 5806 2062 5834 ο
2086 5803 2168 5866 Sic
2201 5801 2320 5851 Mor.
2355 5799 2452 5850 Alii
2485 5807 2537 5866 οι
2568 5800 2678 5866 Say.
2704 5795 2953 5866 ταραχθείη
2975 5815 3060 5866 τις,
3085 5802 3207 5866 λέγω
3240 5803 3271 5850 ἃ
3298 5804 3413 5866 πρὸς
3435 5803 3544 5861 τοὺς

1987 5864 2246 5919 Ἰουδαίους
2267 5866 2428 5926 ἔφησε,
2451 5864 2530 5926 καὶ
2554 5862 2678 5926 ,προς
2697 5863 2751 5909 σέ
2769 5861 2862 5926 οὐχ
2883 5862 2985 5926 ὃτιε
3003 5863 3101 5911 Sed
3127 5861 3214 5926 οὐχ
3235 5861 3371 5912 reda
3395 5870 3543 5914 omis-

1975 5940 2082 5990 sum
2118 5926 2223 5990 [ιλιι.
2291 5923 2432 5990 ᾀΛιὶἰ
2455 5924 2574 5972 ἀλλὰ
2613 5923 2729 5971 διότι
2750 5924 2888 5978 αὐτὸς
2910 5926 2935 5972 ό
2974 5923 3456 5990 Ἰωάννηέέπήγαγεν
3475 5929 3544 5975 εἰ-

1978 5989 2096 6047 πὼν,
2116 5987 2221 6035 Ἵνα
2245 5988 2409 6043 πάντες
