4074 6374
525 383 589 438 Gl
1231 383 1293 438 ε.
1331 381 1620 438 .IOANNIS
1657 374 2148 437 CHRYSOSTOMI
2183 375 2508 432 ARCHIEP.
2539 371 3086 432 CONSTANTINOP.
3697 369 3770 423 62

513 497 774 568 σωθῆτεο
795 497 991 551 ὡσανεὶ
1017 497 1201 566 ἔλεγεν
1225 513 1239 528 ⁸
1257 497 1378 551 Ὀτι
1412 497 1509 568 μὲν
1528 498 1660 561 Θεός
1682 499 1815 567 εἰμι,
1840 497 1932 549 καὶ
1955 493 2091 548 Θεοῦ

511 585 736 653 γνήσιος
768 581 917 645 Υἱὸς,
957 583 1048 634 καὶ
1081 583 1176 650 τῆς
1199 581 1385 643 οὐσίας
1424 581 1638 652 ἐκείνης
1671 581 1772 649 τῆς
1812 579 2089 649 ἀκηράτου

514 664 629 739 [43]
660 665 753 718 καὶ
777 665 1066 734 μακαρίας,
1086 663 1225 736 [καὶ]
1248 664 1460 728 οὐδενὸς
1482 664 1668 735 δέομαι
1691 663 1782 716 τοῦ
1811 663 2091 733 μαρτυρή-

513 765 714 811 σοντος.
749 748 864 800 Κᾶν
896 750 1003 818 γάρ
1029 748 1214 816 μηδεὶς
1237 747 1394 819 ἐθέλῃ
1417 747 1574 799 τοῦτο
1592 750 1782 810 ποιεῖν,
1809 746 1957 799 οὐδὲν
1980 744 2089 812 ἐγὼ

511 830 664 902 παρὰ
712 831 868 884 τοῦτο
926 832 1005 892 εἰς
1049 831 1148 900 τὴν
1194 829 1355 898 φύσιν
1413 830 1729 899 ἡλάττωμαι
1783 828 1880 901 τὴν
1925 830 2084 900 ἐμήν.

523 913 738 984 Ἐπειδὴ
768 914 824 966 δὲ
847 915 945 984 τῆς
976 912 1248 983 σωτηρίας
1285 931 1372 983 μοι
1400 914 1550 984 μέλει
1576 916 1673 983 τῆς
1701 912 1808 965 τῶν
1852 913 2084 975 πολλῶν,

508 996 693 1049 τούτου
727 997 883 1068 χάριν
912 997 988 1058 εἰς
1015 996 1173 1049 τοῦτο
1201 996 1437 1067 κατέϐην
1456 998 1860 1068 ταπεινότητος,
1884 998 1959 1062 ὡς
1991 1001 2087 1052 καὶ

507 1078 776 1150 ἀνθρώπῳ
804 1080 901 1148 τὴν
947 1079 1252 1150 μαρτυρίαν
1296 1079 1587 1150 ἐπιτρέψαι
1629 1079 1727 1150 τὴν
1777 1082 1935 1152 ἐμήν.
1988 1083 2086 1136 Διὰ

505 1162 614 1232 γὰρ
642 1162 700 1214 τὸ
727 1162 1062 1231 χαμαίζηλον
1101 1163 1194 1214 καὶ
1213 1161 1434 1224 ἀσθενὲς
1459 1161 1567 1214 τῶν
1603 1163 1888 1229 Ἰουδαίων,
1911 1162 2085 1228 οὑτως

505 1243 875 1314 εὐληπτοτέρα
928 1245 1112 1306 αὐτοῖς
1162 1245 1252 1296 καὶ
1281 1245 1622 1315 εὐκολωτέρα
1673 1245 1950 1316 ἐμελλενή
2005 1249 2083 1310 είς

503 1326 664 1378 αὑτὸν
697 1327 943 1395 γίνεσθαι
976 1326 1176 1388 πίστις.
1238 1329 1445 1398 Ὥσπερ
1475 1324 1567 1380 οὖν
1607 1329 1784 1398 σάρκα
1829 1329 2084 1399 περιεϐά-

501 1410 641 1475 λετο,
675 1413 759 1464 ἵνα
803 1413 876 1483 μὴ
900 1415 1078 1483 γυμνῇ
1108 1415 1173 1483 τῇ
1206 1412 1418 1482 θεότητι
1461 1413 1805 1485 προσϐαλὼν,
1839 1413 2082 1479 ἅπαντας

500 1495 739 1566 ἀπολέσῃ
757 1512 771 1526 ο
798 1495 939 1548 οὑτω
969 1497 1063 1547 καὶ
1087 1497 1303 1567 κήρυκα
1323 1496 1608 1567 ἄνθρωπον
1646 1497 1971 1567 ἐξέπεμψεν,
1995 1499 2080 1551 ἵνα

498 1578 596 1648 τῆς
631 1579 924 1646 συγγενοῦς
949 1578 1237 1643 ἀκούοντες
1259 1580 1464 1650 φωνῆς,
1498 1581 1860 1651 εὐκολώτερον
1893 1582 1941 1633 οἱ
1958 1581 2079 1635 τότε

499 1661 789 1723 ἀκούοντες
832 1664 1263 1734 προσέρχωνται.
1331 1663 1482 1716 Ἐπεὶ
1513 1665 1592 1716 ὅτι
1627 1680 1690 1731 γε
1723 1664 1822 1733 τῆς
1868 1664 2076 1717 ἐκείνου

497 1747 648 1798 οὐδὲν
676 1746 844 1799 ἐδεῖτο
880 1747 1206 1818 μαρτυρίας,
1263 1747 1422 1818 ήρκει
1478 1747 1646 1811 δεῖξαι
1683 1747 1842 1817 μόνον
1889 1746 2077 1800 ἐαυτὸν

497 1831 645 1893 ὅστις
668 1826 734 1902 ἦν
757 1833 937 1901 γυμνῇ
964 1834 1028 1901 τῇ
1052 1831 1230 1899 οὐσίᾳ,
1257 1833 1350 1883 καὶ
1371 1831 1818 1901 καταπλήξασθαι
1847 1832 2076 1895 πάντας.

510 1915 673 1967 Ἀλλά
727 1914 885 1967 τοῦτο
936 1915 1035 1967 οὑκ
1072 1915 1333 1985 ἐποίησε,
1389 1915 1455 1967 δι’
1489 1916 1624 1985 ὅπερ
1655 1913 1825 1983 ἔφθην
1875 1914 2074 1969 εἰπών’

499 1999 706 2062 πάντας
730 1999 837 2069 γὰρ
854 1999 919 2052 ἂν
941 1998 1193 2067 ἠφάνισε,
1221 1998 1447 2068 μηδενὸς
1469 1998 1766 2069 δυναμένου
1784 1998 1883 2070 τὴν
1909 2001 2078 2068 ἀπρό-

500 2101 643 2136 σιτον
676 2084 892 2153 ἐκείνην
939 2082 1034 2135 τοῦ
1067 2084 1244 2151 φωτὸς
1301 2081 1606 2153 προσϐολὴν
1661 2084 1922 2150 ἐνεγκεῖν.
1978 2083 2078 2137 Διά

498 2166 655 2220 τοῦτο
687 2167 780 2220 καὶ
806 2167 1003 2237 σάρκα,
1038 2166 1290 2237 καθάπερ
1321 2165 1489 2236 ἔφθην
1534 2165 1723 2228 εἰπὼν,
1760 2167 1950 2232 ὑπέδυ,
1982 2168 2076 2220 καὶ

485 2251 583 2303 ιένὶ
610 2249 717 2303 τῶν
749 2251 1030 2320 ἡμετέρων
1064 2250 1365 2320 ὁμοδούλων
1403 2247 1695 2318 ἐγχειρίζει
1731 2249 1831 2320 τὴν
1867 2266 2074 2320 μαρτυ-

497 2332 622 2404 ρίαν
646 2349 660 2362 ·
693 2332 877 2404 ἐπειδὴ
909 2333 1085 2386 πάντα
1136 2332 1269 2404 πρὸς
1298 2331 1397 2402 τὴν
1425 2332 1532 2384 τῶν
1561 2331 1862 2403 ἀνθρώπων
1903 2335 2076 2404 ἐπραο

494 2414 842 2484 γματεύσατο
869 2415 1161 2485 σωτηρίαν,
1192 2414 1253 2466 οὐ
1283 2415 1419 2483 πρὸς
1448 2415 1545 2486 τὴν
1585 2413 1740 2478 ἀξίαν
1783 2415 1942 2485 μόνον
1977 2415 2074 2488 τὴν

494 2497 708 2561 ἑαυτοῦ,
743 2497 877 2550 ἀλλά
912 2499 1005 2549 καὶ
1039 2497 1176 2568 πρὸς
1218 2497 1278 2549 τὸ
1321 2497 1731 2567 εὐπαράδεκτον-
1755 2499 1848 2550 καὶ
1879 2497 2076 2566 ὠφέλι-

497 2597 596 2650 μον
619 2583 730 2644 τοῖς
756 2580 1042 2634 ἀκούουσιν
1063 2580 1223 2652 ὁρῶν.
1259 2579 1436 2651 Ὅπερ
1465 2577 1558 2634 οῦν
1593 2581 1686 2633 καὶ
1718 2581 1879 2644 αὐτὸς
1903 2583 2075 2634 αἰνιτ-

493 2665 718 2734 τόμενος
743 2664 926 2732 ἔλεγεν
945 2684 956 2696 ·
989 2665 1181 2718 Ταῦτα
1212 2664 1367 2733 λέγω
1391 2664 1464 2717 δι’
1487 2662 1662 2733 ὑμᾶς,
1690 2665 1790 2717 ἵνα
1818 2664 2070 2732 σωθῆτε.

492 2750 604 2802 Kal
630 2750 657 2801 ὁ
682 2749 1074 2818 εὐαγγελιστὴς
1101 2749 1158 2800 δὲ
1191 2747 1260 2800 τὰ
1287 2747 1424 2800 αὐτὰ
1451 2747 1529 2817 τῷ
1559 2747 1806 2818 Δεσπότῃ
1842 2747 2073 2816 φθεγγό-

497 2849 675 2903 μενος,
707 2833 843 2904 μετὰ
889 2833 948 2885 τὸ
979 2833 1174 2894 εἰπεῖν,
1207 2833 1340 2886 Ἵνα
1377 2829 1735 2900 μαρτυρήσῃ
1786 2831 1917 2899 περὶ
1965 2831 2072 2884 τοῦ

490 2914 704 2984 φωτὸς,
742 2916 1039 2986 ἐπήγαγεν,
1070 2915 1204 2968 Ἵνα
1233 2913 1453 2980 πάντες
1483 2915 1851 2966 πιστεύσωσί
1873 2913 1945 2966 δι’
1967 2915 2071 2966 αὐ-

491 2997 618 3061 τοῦ,
652 3000 931 3068 μονονουχὶ
957 2998 1148 3064 λέγων·
1177 2997 1269 3067 Μὴ
1291 2997 1516 3066 νομίσῃς
1531 2997 1613 3048 ὅτι
1637 2995 1728 3048 διὰ
1757 2995 1912 3048 τοῦτο
1936 3012 2072 3066 μαρ-

490 3083 742 3150 τυρήσων
769 3077 932 3150 ἦλθεν
964 3083 991 3133 ὀ
1023 3080 1332 3149 Βαπτιστὴς
1373 3080 1646 3149 Ἰωάννης,
1680 3079 1767 3132 ἵνα
1793 3096 1846 3130 τι
1871 3079 1950 3148 τῷ
1974 3082 2070 3130 Δε-

493 3163 664 3234 σπότῃ
696 3162 903 3235 προσθῇ
948 3166 1026 3226 εἰς
1056 3162 1395 3228 ἀξιοπιστίας
1441 3161 1596 3229 λόγον
1620 3177 1634 3190 ·
1681 3162 1740 3214 οὐ
1777 3161 1862 3214 διὰ
1889 3160 2066 3225 τοῦτο,

491 3246 605 3299 ἀλλ’
641 3246 726 3299 ἵνα
759 3247 807 3298 οί
834 3245 1095 3315 ὁμόφυλοι
1119 3243 1447 3300 πιστεύσωσι
1470 3243 1538 3298 δι’
1571 3244 1758 3298 αὑτοῦ.
1803 3244 1928 3298 ’Ότι
1961 3245 2068 3314 γὰρ

489 3328 694 3400 ταύτην
728 3329 1042 3399 προανελεῖν
1075 3327 1172 3397 τήν
1214 3326 1448 3395 ὑποψίαν
1498 3326 1740 3378 σπεύδων
1781 3327 1939 3378 τοῦτο
1988 3328 2069 3378 ei»

493 3429 628 3484 ρηκε
655 3425 704 3474 ³,
728 3413 822 3466 καὶ
851 3413 914 3466 ἐκ
937 3412 1044 3465 τῶν
1068 3411 1206 3482 μετά
1237 3409 1409 3463 ταῦτα
1435 3410 1591 3480 δῆλον
1611 3423 1624 3436 '
1663 3411 1910 3479 ἐπήγαγε
1938 3411 2064 3480 γὰρ,

495 3499 617 3552 Οὐκ
649 3493 728 3567 ἦν
751 3497 1002 3562 ἐκεῖνος,
1027 3494 1222 3563 λέγων,
1249 3493 1314 3548 τὸ
1344 3491 1489 3562 φῶς.
1530 3493 1592 3546 El
1622 3493 1677 3546 δὲ
1701 3494 1778 3564 μὴ
1810 3495 1946 3565 πρὸς
1969 3496 2069 3564 τὴν

491 3580 744 3633 ὑπόνοιαν
774 3579 973 3650 ταύτην
1007 3579 1292 3648 ἱστάμενος
1315 3576 1614 3630 ἐπανέλαϐε
1639 3577 1819 3639 τοῦτο,
1843 3580 2069 3648 παρεῖλ-

490 3681 585 3719 κεν
606 3663 790 3726 ἁπλῶς
838 3664 898 3716 τὸ
933 3663 1239 3734 λεγόμενον,
1295 3663 1390 3714 καὶ
1417 3660 1738 3728 ταυτολογία
1780 3660 2001 3730 μᾶλλον,
2032 3662 2065 3732 ἢ

493 3751 756 3821 σαφήνεια
785 3748 1128 3810 διδασκαλίας
1161 3743 1248 3818 ἦν.
1284 3745 1466 3800 Είπὼν
1497 3744 1626 3816 γάρ,
1664 3745 1743 3798 ὅτι
1763 3745 2066 3817 ἀπεστάλη,

551 3846 581 3876 ⁸
603 3845 702 3895 Alii
723 3844 867 3894 τοῦτο
895 3845 1122 3906 ἐπήγαγε.
1519 3845 1527 3852 ”

2197 491 2332 547 Ἵνα
2348 493 2704 562 μαρτυρήσῃ
2727 493 2860 560 περὶ
2894 490 3000 544 τοῦ
3021 489 3216 560 φωτὸς
3240 529 3254 550 ,
3297 487 3351 540 τί
3389 485 3549 540 πάλιν
3580 484 3724 553 λέγει
3748 522 3768 552 ,

2197 579 2319 629 Οὐκ
2346 576 2426 644 ἦν
2457 577 2691 640 ἐκεῖνος
2734 575 2799 628 τὸ
2829 575 2991 644 φῶς;
3032 574 3144 642 Οὐχ
3171 571 3356 634 ἀπλῶς
3404 569 3524 622 οὐδὲ
3554 569 3765 640 μάτηνο

2193 659 2307 711 ἀλλ’
2329 658 2514 730 ἐπειδὴ
2537 659 2610 722 ὡς
2641 659 2708 712 τὰ
2735 657 2904 711 πολλὰ
2941 658 3070 726 παρ’
3106 657 3235 724 ἡμῖν
3267 652 3464 724 μείζων
3502 654 3530 704 ὁ
3557 669 3765 722 μαρτυ-

2193 743 2305 813 ρῶν
2325 741 2418 794 τοῦ
2441 758 2714 813 μαρτυρου
2723 741 2903 812 μένου,
2926 741 3019 793 καί
3046 737 3482 806 ἀξιοπιστότερος
3503 734 3766 796 πολλάκις

2189 821 2328 878 εἶναι
2376 825 2550 878 δοκεῖ·
2583 825 2669 880 ἵνα
2721 827 2794 896 μή
2826 842 2910 888 τις
2940 823 3035 876 καὶ
3077 824 3170 876 ἐπὶ
3199 821 3294 874 τοῦ
3336 819 3580 874 Ἰωάννου
3605 817 3764 871 τοῦτο

2193 910 2526 982 ὑποπτεύσῃ,
2558 910 2622 963 ἐκ
2656 908 2956 981 προοιμίων
2992 906 3192 968 εὐθέως
3223 905 3322 975 τὴν
3360 902 3600 974 πονηρὰν
3628 901 3762 955 ταύ-

2187 1012 2286 1063 την
2305 994 2539 1064 ὑποψίαν
2559 995 2790 1064 ἀναιρεῖ,
2808 993 2902 1044 καὶ
2921 990 3213 1062 πρόρριζον
3231 988 3399 1058 αὐτὴν
3419 986 3759 1050 ἀνασπάσας,

2187 1080 2423 1133 δείκνυσι
2444 1079 2526 1142 τίς
2555 1079 2653 1148 μὲν
2685 1070 2837 1140 οὗτος
2867 1077 2895 1127 ὁ
2931 1073 3249 1147 μαρτυρῶν,
3281 1073 3362 1136 τίς
3407 1071 3464 1124 δὲ
3497 1073 3700 1132 ἐκεῖνος
3732 1070 3760 1121 ὁ

2191 1164 2656 1236 μαρτυρούμενος,
2679 1164 2772 1216 καὶ
2795 1163 2917 1214 ὅσον
2949 1159 3010 1213 τὸ
3040 1158 3203 1229 μέσον
3227 1156 3320 1210 τοῦ
3364 1173 3424 1208 τε
3459 1169 3763 1225 μαρτυρου⁴

2189 1249 2350 1319 μένου
2369 1249 2463 1302 καὶ
2480 1247 2572 1300 τοῦ
2605 1245 3004 1319 μαρτυροῦντός
3032 1247 3169 1298 ἐστι.
3199 1242 3308 1294 Kal
3325 1239 3482 1294 τοῦτο
3505 1240 3756 1308 ποιήσας,

2185 1333 2278 1384 καὶ
2304 1331 2482 1396 δείξας
2503 1329 2665 1384 αὐτοῦ
2685 1329 2782 1400 τὴν
2803 1328 3130 1398 ἀσύγκριτον
3150 1323 3440 1395 ὑπεροχὴν,
3458 1322 3599 1375 οὕτω
3620 1319 3760 1402 μετά

2184 1414 2365 1476 ἀδείας
2390 1413 2578 1467 λοιπὸν
2632 1413 2728 1464 καὶ
2753 1412 2830 1482 τῷ
2855 1411 3160 1480 λειπομένῳ
3202 1408 3552 1477 ἐπεξέρχεται
3581 1403 3754 1474 λόγῳο

2183 1497 2278 1549 xal
2301 1496 2421 1548 εἴτι
2452 1495 2560 1547 τῶν
2586 1495 2802 1547 ἀτόπων
2829 1490 2896 1564 ἦν
2915 1496 3031 1556 ταῖς
3058 1493 3167 1545 τῶν
3195 1489 3563 1560 ἀνοητοτέρων
3591 1487 3758 1555 ὑφορ-

2185 1580 2320 1650 μοῦν
2350 1579 2630 1640 διανοίαις,
2664 1577 2824 1630 τοῦτο
2850 1581 2914 1629 ἐκ
2939 1577 3103 1646 μέσου
3130 1573 3266 1645 μετά
3289 1572 3572 1643 ἀκριϐείας
3590 1569 3751 1639 ἄρας,

2180 1663 2353 1727 οὑτως
2390 1663 2563 1716 ἅπασι
2611 1660 2640 1700 δ
2667 1664 2783 1732 μετ’
2835 1660 3083 1724 εὐκολίας
3116 1658 3298 1712 λοιπὸν
3333 1657 3426 1710 καὶ
3461 1653 3754 1715 ἀκωλύτως

2178 1749 2270 1800 τὸν
2297 1747 2396 1817 τῆς
2427 1746 2771 1808 διδασκαλίας
2802 1745 2999 1814 ἐφεξῆς
3030 1745 3206 1812 ἐνίησι
3237 1742 3413 1809 λόγον.
3457 1737 3753 1808 Εὑξώμεθα

2175 1831 2242 1902 δὴ
2274 1831 2458 1884 λοιπὸν
2493 1828 2634 1900 μετά
2663 1832 2759 1899 τῆς
2787 1829 2896 1881 τῶν
2918 1828 3202 1896 νοημάτων
3223 1824 3426 1878 τούτων
3469 1820 3748 1876 ἀποκαλύ-

2177 1914 2343 1983 ψεως,
2367 1914 2577 1983 καὶτῆς
2598 1911 2705 1965 τῶν
2723 1912 3006 1982 δογμάτων
3027 1909 3333 1980 ὀρθότητος,
3363 1907 3458 1960 καὶ
3480 1906 3591 1976 βίον
3617 1907 3749 1974 ἡμῖν

2180 1996 2294 2069 [44]
2322 1996 2570 2065 γενέσθαι
2589 1994 2824 2066 καθαρὸν
2852 1993 2945 2046 καὶ
2972 1993 3243 2048 πολιτείαν
3269 1991 3548 2060 λαμπράν.
3567 1989 3749 2042 Ἐπει-

2178 2080 2242 2152 δὴ
2290 2079 2492 2132 τούτων
2519 2079 2708 2149 ὄφελος
2735 2078 2907 2140 οὐδὲν,
2948 2076 3123 2147 ἔργων
3159 2074 3233 2146 μὴ
3287 2073 3566 2144 παρόντων
3617 2073 3749 2142 ἡμῖν

2178 2162 2418 2231 ἀγαθῶν.
2445 2161 2562 2215 Κᾶν
2590 2161 2698 2232 γὰρ
2731 2161 2947 2214 ἃπασαν
2970 2159 3065 2231 τὴν
3100 2158 3281 2211 πίστιν
3310 2158 3518 2228 ἔχωμεν
3539 2156 3632 2208 καὶ¹
3651 2154 3747 2225 τήν

2175 2249 2285 2302 τῶν
2319 2248 2549 2320 Γραφῶν
2579 2247 2924 2316 κατανόησιν,
2956 2249 3054 2318 τῆς
3079 2246 3135 2299 δὲ
3180 2243 3287 2299 ἀπὸ
3334 2242 3426 2296 τοῦ
3467 2242 3582 2313 βίου
3611 2256 3747 2312 προ-

2179 2332 2400 2395 στασίας
2425 2326 2574 2403 ὦμεν
2602 2331 2797 2402 ἔρημοι
2820 2331 2911 2383 καί¹
2939 2330 3153 2401 γυμνοὶ,
3179 2328 3330 2381 οὐδὲν
3355 2326 3415 2379 τὸ
3443 2325 3649 2378 κωλύον
3669 2325 3748 2387 είς

2173 2418 2236 2470 τὸ
2259 2417 2358 2488 τῆς
2383 2419 2604 2489 γεέννης
2635 2415 2997 2488 ἀπενεχθῆναι
3022 2414 3154 2486 πῦρ,
3177 2415 3270 2467 καὶ
3297 2416 3377 2475 εἰς
3395 2413 3620 2486 ἄπειρον
3643 2408 3748 2463 ὑπὸ

2175 2501 2273 2572 τῆς
2301 2501 2561 2554 ἀσϐέστου
2595 2500 2983 2555 κατακαίεσθαι
3001 2498 3216 2568 φλογός.
3239 2498 3446 2566 Ὥσπερ
3468 2493 3575 2565 γάρ
3606 2495 3656 2546 οἰ
3680 2491 3749 2545 τά

2175 2583 2356 2652 ἀγαθά
2386 2583 2712 2654 πράξαντες,
2756 2585 3150 2655 ἀναστήσονται
3206 2583 3284 2645 εἰς
3319 2580 3462 2650 ζωὴν
3488 2577 3704 2631 αἰώνιον
3724 2588 3748 2612 θ

2173 2667 2347 2730 οὕτως
2375 2671 2424 2720 οἰ
2450 2667 2519 2721 τά
2547 2669 2765 2722 ἐναντία
2791 2668 3206 2738 τετολμηκότες,
3235 2668 3312 2728 εἰς
3342 2662 3558 2716 αἰώνιον
3589 2661 3750 2715 κόλα-

2176 2767 2258 2802 σιν
2286 2752 2378 2802 καὶ
2407 2750 2578 2821 πέρας
2607 2752 2860 2805 οὐδέποτε
2898 2752 3149 2822 ἔχουσαν.
3205 2749 3293 2801 Διὸ
3324 2749 3503 2801 πᾶσαν
3551 2747 3750 2798 ἐπιδει-

2175 2833 2390 2905 ξώμεθα
2414 2834 2666 2905 σπουδὴν,
2697 2836 2836 2890 ὥστε
2869 2836 2942 2907 μὴ
2961 2836 3021 2890 τὸ
3043 2835 3332 2905 γενόμενον
3361 2835 3492 2904 ἡμῖν
3521 2829 3629 2884 ἀπὸ
3649 2830 3747 2900 τῆς

2171 2919 2335 2988 όρθῆς
2363 2918 2597 2982 πίστεως
2623 2919 2810 2990 κέρδος
2835 2919 3142 2990 διαφθεῖραι
3174 2922 3239 2990 τῇ
3270 2918 3379 2972 τῶν
3403 2917 3579 2988 ἔργων
3606 2931 3748 2983 φαυ-

2173 3004 2376 3073 λότητι,
2407 3003 2542 3056 ἀλλά
2565 3006 2657 3055 καὶ
2687 3005 2936 3059 ἐντεῦθεν
2959 3005 3412 3075 εὐδοκιμήσαντες
3441 3001 3578 3072 μετὰ
3606 3000 3747 3069 παῤ-

2173 3087 2367 3155 ρησίας
2394 3085 2522 3137 ἰδεῖν
2547 3086 2637 3138 τὸν
2663 3088 2915 3158 Χριστόν.
2943 3087 3156 3157 Ταύτης
3183 3087 3291 3157 γὰρ
3325 3086 3436 3138 ίσον
3465 3083 3616 3137 οὐδὲν
3647 3081 3746 3152 τῆς

2171 3169 2576 3240 μακαριότητος
2603 3170 2689 3239 είη
2727 3171 2844 3224 ποτ’
2878 3171 2942 3224 ἀν
2969 3181 3014 3224 ε.
3067 3171 3276 3222 Γένοιτο
3299 3169 3356 3221 δέ
3389 3170 3596 3229 πάντας
3622 3167 3743 3218 ἐτα-

2170 3252 2429 3320 τυχόντας
2445 3253 2550 3303 τῶν
2581 3254 2701 3323 είρη
2711 3252 2905 3322 μένων,
2925 3256 3005 3315 είς
3025 3253 3179 3318 δόξαν
3211 3250 3345 3305 Θεοῦ
3377 3251 3552 3303 πάντα
3573 3250 3745 3318 πράτ-

2170 3353 2302 3397 τειν,
2333 3329 2378 3402 ᾧ
2403 3336 2436 3404 ή
2470 3335 2596 3401 δόξα
2622 3335 2739 3404 ἆμα
2764 3335 2840 3406 τῷ
2877 3339 3155 3406 μονογενεῖ
3184 3334 3298 3404 Υίῷ
3331 3335 3427 3386 καὶ
3454 3332 3532 3403 τῷ
3570 3329 3744 3385 Πνεύ-

2173 3417 2402 3489 ματιτῴ
2434 3419 2595 3488 ἁγίῳ,
2639 3420 2718 3482 είς
2746 3421 2872 3482 τοὺς
2906 3419 3106 3482 αἰῶνας
3135 3417 3241 3471 τῶν
3270 3416 3497 3471 αἰώνων.
3548 3417 3738 3488 Ἀμήν.

2230 3535 2260 3576 ι)
2289 3535 2406 3585 Mor.
2433 3538 2581 3592 οὕτως
2617 3536 2792 3584 ἅπασιν
2815 3537 3033 3592 ἐπέξεισι.
3056 3536 3156 3585 Sed
3177 3537 3376 3592 ἐπέξεισι
3399 3537 3542 3585 deest
3562 3537 3610 3584 in
3651 3535 3744 3584 Sa-

2171 3597 2253 3662 νίιΔ
2300 3600 2439 3662 el‘in
2486 3599 2710 3660 plurimis
2751 3612 2864 3662 mgs.
2902 3599 3050 3662 Paulo
3073 3605 3185 3662 post
3207 3599 3327 3662 mor.
3353 3599 3513 3662 ἐφεξῆς
3532 3599 3741 3662 περαίνει

2168 3660 2336 3720 λέγων,
2360 3658 2531 3722 Say.ét
2550 3673 2664 3722 mss.
2691 3659 2884 3722 plurimi
2911 3658 3240 3722 ἐφεξῆςένίησι
3263 3658 3428 3722 λέγων.
3461 3679 3470 3689 ·
3497 3662 3520 3690 °
3545 3658 3643 3709 Alii
3660 3663 3742 3721 γέ-

2166 3719 2281 3785 νοιτ’
2309 3721 2531 3785 a'waid.
2557 3719 2929 3785 Μονθίηπάντας
2949 3722 3087 3785 ἀξίως
3113 3719 3334 3784 βιοῦντας
3345 3723 3438 3785 τῶν
3467 3719 3738 3785 εἰρημένων.

2168 3783 2282 3846 Sav.
2333 3783 2510 3837 πάντας
2561 3783 2862 3844 ἐπιτυχόντας
2903 3784 2998 3830 τῶν
3043 3783 3314 3846 εἰρημένων.
3370 3783 3466 3833 Pro
3511 3783 3739 3844 'ulraque

2166 3844 2385 3893 lectione
2428 3852 2561 3893 stam
2595 3857 2709 3892 mss.
2745 3846 2959 3906 plurimi.

1965 4052 2210 4106 OMIAIA
2263 4053 2338 4106 Z'.

490 4147 602 4208 Ἦν
625 4147 691 4202 τὸ
716 4147 840 4218 φῶς
863 4145 931 4218 τὸ
951 4146 1264 4213 ἀληθινὸν,
1296 4145 1334 4199 ὃ
1362 4143 1592 4218 φωτίζει
1618 4143 1816 4199 πάντα
1841 4144 2065 4213 ἅνθρω-

768 4231 886 4272 πον
911 4217 1238 4288 ἐρχόμενον
1265 4219 1352 4282 εἰς
1391 4215 1497 4269 τὸν
1525 4218 1780 4284 κόσμον.

559 4315 625 4370 α’.
664 4313 761 4368 Διά
800 4312 974 4376 τοῦτο,
1011 4307 1056 4366 ὦ
1086 4313 1434 4382 πολυπόθητα
1483 4312 1668 4376 τέκνα,
1727 4311 1868 4365 κατά
1901 4311 2064 4381 μέρος

487 4400 632 4471 ὑμᾶς
647 4402 759 4462 τοῖς
781 4399 890 4452 ἀπὸ
909 4397 1016 4451 τῶν
1034 4397 1264 4468 Γραφῶν
1289 4398 1382 4450 ἐστ
1391 4395 1558 4466 ιῶμεν
1575 4397 1827 4466 νοήμασι,
1849 4396 1943 4448 καὶ
1967 4396 2066 4447 οὑκ

488 4483 681 4554 ἀθρόον
713 4483 890 4536 πάντα
917 4480 1200 4551 ὲκχέομεν,
1235 4480 1320 4532 ἵνα
1349 4479 1508 4550 ῥᾳδία
1528 4479 1635 4532 τῶν
1669 4479 1757 4531 ἀεὶ
1791 4477 2063 4531 καταϐαλ-

489 4566 728 4635 λομένων
758 4565 884 4634 ὑμῖν
919 4565 951 4633 ή
995 4563 1208 4632 φυλακὴ
1254 4563 1499 4633 γένηται.
1551 4562 1661 4615 Kal
1708 4561 1817 4629 γὰρ
1850 4562 1942 4613 ἐπὶ
1967 4563 2064 4631 τῆς

486 4651 816 4720 οἰκοδομίας,
837 4652 865 4702 ὁ
888 4649 991 4718 μὲν
1023 4647 1248 4718 μηδέπω
1276 4646 1382 4698 τῶν
1413 4646 1696 4717 προτέρων
1724 4645 1885 4698 λίθων
1908 4661 2065 4713 σφιγ-

490 4734 691 4800 γέντων
729 4731 947 4802 ἐτέρους
974 4729 1204 4792 ἐπιθεὶς,
1242 4729 1438 4800 σαθρὸν
1474 4731 1689 4783 ἃπαντα
1716 4729 1810 4780 καὶ
1835 4727 2065 4780 εὐκατά-

492 4820 684 4884 ϐλητον
717 4815 931 4882 ὑφαίνει
956 4814 1048 4867 τὸν
1085 4817 1292 4884 τοῖχον·
1343 4816 1371 4864 ὁ
1404 4814 1461 4866 δὲ
1487 4813 1771 4879 ἀναμένων
1803 4811 2063 4882 πρότερον

493 4898 732 4966 παγῆναι
761 4897 850 4950 τὸν
879 4897 1093 4968 χάλικα,
1124 4898 1216 4950 καὶ
1236 4896 1376 4950 οὕτω
1398 4897 1458 4950 τὸ
1477 4897 1660 4950 λεῖπον
1691 4896 1833 4949 κατὰ
1869 4895 2063 4966 μικρὸν

493 4979 775 5042 ἐπιτιθεὶς,
832 4981 970 5049 μετὰ
1001 4980 1299 5048 ἀσφαλείας
1351 4981 1567 5034 ἃπασαν
1621 4979 1911 5049 ἀπαρτίζει
1963 4981 2065 5047 τὴν

491 5063 687 5129 οἰκίαν,
722 5065 821 5116 οὐκ
852 5063 1214 5135 ὀλιγοχρόνιόν
1241 5082 1380 5129 τινα,
1409 5064 1527 5118 οὐδὲ
1570 5063 1898 5126 εὐδιάλυτον,
1931 5062 2067 5116 ἀλλά

494 5147 715 5219 βεϐαίαν
738 5151 1159 5213 κατασκευάζων
1189 5151 1376 5220 αὑτήν.
1402 5149 1636 5211 Τούτους
1664 5148 1759 5200 καὶ
1790 5149 1950 5218 ἡμεῖς
1979 5166 2066 5217 μι-

495 5232 725 5303 μώμεθα
755 5233 880 5295 τοὺς
903 5231 1236 5301 οἰκοδόμους,
1273 5233 1366 5285 καὶ
1391 5232 1531 5286 κατά
1556 5233 1646 5285 τὸν
1674 5231 1837 5284 αὑτὸν
1866 5231 2066 5302 τρόπον

490 5315 590 5380 τὰς
619 5315 888 5388 ὑμετέρας
913 5315 1282 5386 οῖκοδομῶμεν
1299 5327 1324 5355 ο
1359 5315 1552 5385 ψυχάς.
1582 5313 1698 5387 [45]
1720 5316 1827 5368 Kal
1852 5313 1961 5385 γὰρ
1984 5313 2068 5366 δε-

488 5401 764 5472 δοίκαμεν,
793 5403 1002 5473 μήποτε
1023 5401 1120 5470 τῆς
1147 5400 1414 5470 προτέρας
1439 5399 1742 5472 καταϐολῆς
1765 5398 2064 5467 νεοπαγοῦς

492 5486 862 5555 ὑπαρχούσης,
897 5485 932 5556 ή
965 5482 1073 5536 τῶν
1099 5481 1365 5552 δευτέρων
1410 5484 1645 5554 ἐπιθήκη
1691 5484 2062 5555 θεωρημάτων

492 5569 588 5622 xal
615 5572 725 5631 τοῖς
759 5570 1041 5639 προτέροις
1077 5567 1404 5637 λυμήνηται,
1433 5569 1530 5638 τῆς
1557 5568 1793 5632 διανοίας
1827 5570 1926 5622 οὐκ
1957 5569 2060 5638 ἀρ-

491 5652 691 5722 κούσης
721 5653 932 5707 ἅπαντα
981 5653 1116 5722 ὁμοῦ
1167 5651 1478 5721 κατασχεῖν.
1532 5652 1596 5704 Τί
1625 5653 1800 5705 τοίνυν
1849 5652 1964 5704 ἐστὶ
2000 5651 2061 5704 τὸ

491 5741 728 5811 σήμερον
759 5739 886 5808 ἡμῖν
924 5737 1303 5804 ἀναγνωσθέν;
1335 5732 1454 5790 Ἤν
1490 5735 1558 5789 τὸ
1591 5735 1717 5806 φῶς
1753 5736 1818 5789 τὸ
1845 5737 2057 5803 ἀληθι-

489 5820 621 5885 νὸν,
643 5810 673 5874 δ
700 5819 926 5890 φωτίζει
946 5820 1140 5874 πάντα
1171 5819 1482 5888 ἄνθρωπον
1503 5819 1827 5889 ἐρχόμενον
1849 5823 1934 5884 είς
1949 5810 2056 5872 τὸν

554 5965 582 6036 ξ
603 5963 683 6013 Sic
704 5933 818 6016 lnss.
843 5965 1054 6026 quidam.
1082 5964 1230 6012 Savll.
1258 5968 1309 6011 et
1354 5962 1472 6011 Mor.
1519 5963 1838 6026 μιμούμεθα...
1875 5964 2060 6016 οἰκοδο-

495 6043 690 6088 μουμεν.
1441 6053 1446 6060 -

2169 4145 2419 4213 κόσμον.
2463 4146 2680 4216 Ἐπειδὴ
2711 4147 2818 4218 γὰρ
2836 4147 2948 4201 ἀνω
2985 4164 3048 4199 πε
3059 4146 3110 4218 pl
3159 4147 3250 4201 τοῦ
3293 4148 3538 4202 Ἰωάννου
3563 4147 3740 4203 διαλε-

2166 4229 2392 4298 γόμενος
2417 4229 2619 4297 ἔλεγεν,
2641 4232 2722 4284 ὅτι
2750 4227 3076 4301 ἧλθεν,”1να
3089 4232 3445 4302 μαρτυρήσῃ
3475 4233 3606 4300 περὶ
3630 4231 3738 4286 τοῦ

2165 4312 2381 4380 φωτὸς,
2429 4314 2522 4365 καὶ
2552 4316 2633 4368 ὅτι
2663 4315 2758 4369 νῦν
2793 4315 3072 4386 ἀπεστάλη
3095 4332 3108 4344 ·
3153 4316 3237 4369 ἵνα
3277 4317 3350 4387 μή
3397 4333 3479 4379 τις
3509 4316 3678 4370 ταῦτα
3706 4317 3737 4357 δ

2167 4394 2399 4460 ἀκούων,
2423 4395 2510 4449 διά
2531 4397 2628 4469 τὴν
2645 4398 2738 4451 τοῦ
2773 4398 3173 4470 μαρτυροῦντος
3194 4401 3504 4469 πρόσφατον
3530 4417 3736 4472 παρου-

2168 4475 2308 4542 σίαν,
2340 4480 2433 4531 καὶ
2485 4481 2611 4551 περὶ
2663 4482 2756 4533 τοῦ
2808 4481 3252 4551 μαρτυρουμένου
3311 4481 3564 4552 τοιαύτην
3613 4483 3738 4536 τινὰ

2167 4561 2418 4614 ὑπόνοιαν
2444 4562 2601 4634 λάϐῃ,
2643 4564 2883 4634 ἀνήγαγε
2914 4564 3012 4635 τὴν
3035 4565 3289 4629 διάνοιαν,
3338 4567 3430 4618 καὶ
3464 4566 3599 4638 πρὸς
3635 4567 3735 4637 τήν

2165 4646 2421 4698 ἐπέκεινα
2469 4647 2649 4718 πάσης
2701 4648 2872 4719 ἀρχῆς
2924 4649 3282 4720 παρέπεμψεν
3331 4648 3584 4721 ὓπαρξιν,
3635 4651 3734 4722 τὴν

2164 4729 2400 4800 οὐδαμοῦ
2426 4730 2695 4799 λήγουσαν
2711 4731 2829 4782 οὐδέ
2857 4731 3166 4803 ἱσταμένην.
3189 4733 3296 4785 Kal
3327 4733 3441 4796 πῶς
3457 4733 3534 4786 ἔνι
3557 4734 3734 4800 τοῦτο,

2166 4814 2349 4881 φησὶν,
2382 4813 2510 4867 Υἱὸν
2548 4813 2676 4866 ὄντα
2719 4812 2861 4882 ἔχειν
2886 4825 2948 4878 c;
2997 4815 3130 4885 Περὶ
3173 4813 3306 4868 Θεοῦ
3356 4815 3734 4886 διαλεγόμεθα,

2165 4897 2260 4948 καί
2283 4897 2344 4950 τὸ
2373 4898 2488 4960 πῶς
2517 4899 2758 4969 ἐρωτᾷς;
2793 4899 2885 4952 καὶ
2909 4899 2968 4951 οὐ
2997 4899 3257 4963 δέδοικας,
3297 4899 3418 4953 οὐδὲ
3451 4903 3732 4972 φρίττεις;

2165 4975 2300 5033 Εἶτα
2324 4979 2389 5033 ἂν
2412 4981 2510 5052 μέν
2540 4997 2599 5033 σε
2630 4981 2819 5052 ἔρηταί
2841 4996 2946 5043 τις*
2975 4982 3096 5046 Πῶς
3121 4982 3179 5035 δέ
3199 4985 3231 5052 ή
3241 4981 3355 5052 μῶν
3381 4983 3733 5056 ἀτελεύτητον

2165 5060 2378 5126 ἕξουσιν
2422 5063 2478 5116 al
2526 5062 2695 5132 ψυχαὶ
2751 5064 2850 5135 τὴν
2898 5064 3040 5134 ζωὴν
3074 5068 3168 5118 καὶ
3221 5066 3288 5119 τὰ
3317 5065 3544 5136 σώματα
3593 5067 3733 5137 μετά

2165 5147 2364 5211 ταῦτα;
2379 5147 2737 5220 ,καταγελάσῃ
2769 5148 2866 5218 τῆς
2908 5148 3167 5220 πεύσεως,
3198 5151 3273 5213 ὠς
3298 5150 3396 5203 οὐκ
3425 5149 3491 5204 ἂν
3521 5151 3732 5224 ἀνθρω-

2167 5230 2328 5299 πίνης
2371 5229 2606 5295 διανοίας
2634 5231 2695 5284 ὃν
2726 5233 2792 5285 τὰ
2831 5223 3056 5287 τοιαῦτα
3085 5233 3284 5304 ζητεῖν,
3330 5234 3464 5292 ἀλλά
3503 5223 3732 5292 δεῖνπι-

2169 5312 2375 5365 στεύειν
2400 5313 2561 5384 μόνον
2599 5315 2693 5368 καὶ
2722 5313 2795 5386 μὴ
2839 5316 3295 5386 περιεργάζεσθαι
3337 5323 3403 5374 τὸ
3421 5321 3729 5391 εἰρημένον,

2167 5394 2441 5465 ἀρκοῦσαν
2470 5395 2658 5466 ἔχοντα
2681 5397 2952 5462 ἀπόδειξιν
2977 5399 3070 5451 τοῦ
3099 5399 3376 5470 λεχθέντος
3389 5402 3486 5473 τὴν
3503 5403 3732 5473 δύναμιν

2164 5477 2258 5530 τοῦ
2285 5480 2565 5551 εἰρηκότος
2589 5497 2603 5511 ·
2637 5479 2705 5535 ἂν
2734 5482 2790 5534 δὲ
2817 5482 2907 5536 τὸν
2926 5482 3102 5552 ψυχὰς
3126 5484 3216 5536 καὶ
3247 5483 3473 5554 σώματα
3497 5487 3732 5555 ἐργασά-

2167 5579 2348 5634 μενον.
2371 5566 2576 5635 καὶτῆς
2599 5567 2824 5629 κτίσεως
2845 5567 3063 5638 ἀπάσης
3086 5569 3427 5642 ἀσυγκρίτως
3442 5571 3733 5642 ὑπερέχον-

2163 5663 2250 5710 τα,
2284 5647 2514 5719 ἄναρχον
2544 5647 2680 5703 εἶναι
2706 5650 2913 5719 φῶμεν,
2947 5651 3037 5704 τὸν
3067 5652 3263 5723 τρόπον
3307 5656 3452 5725 ἡμᾶς
3493 5656 3728 5724 ἀπαιτή-

2164 5747 2306 5797 σεις;
2342 5734 2452 5786 Καὶ
2499 5733 2581 5796 τίς
2617 5734 2683 5787 ἂν
2737 5734 2910 5787 ταῦτα
2967 5735 3363 5805 καθεστηκυίας
3405 5735 3543 5795 εἶναι
3594 5741 3728 5810 φαίη

2233 5903 2394 5992 5.5:“
2417 5906 2554 5992 αὲτά·
2623 5909 2646 5938 °
2663 5906 2870 5992 Primi!
2895 5911 3138 5992 °"Y°eeezs°v
3167 5913 3280 5988 εντα
3301 5913 3558 5992 52m“:-
3573 5913 3730 5992 νευό

2166 5973 2278 6042 ροςιι
2310 5967 2420 6016 Sav.
2438 5980 2573 6042 'cum'
2603 5970 2741 6019 codd.
2776 5971 2866 6020 705
2899 5979 2953 6020 el
2981 5967 3092 6034 706,
3126 5967 3355 6037 φρίττειςῖ
3374 5976 3478 6024 ἀλλ’
3507 5976 3580 6024 ἄν.
3607 5973 3730 6025 Hor.

2163 6043 2386 6090 φριττιις;
2415 6045 2515 6077 ma
2548 6046 2604 6077 αν
