4074 6374
291 460 347 515 δι
1110 448 1180 505 1N
1214 445 1529 505 JOANNEM
1566 437 1797 504 HOMIL.
1827 436 1917 502 vt.
1960 437 2046 505 ET
2085 433 2199 505 Vn.
2237 449 2309 505 al.
2350 450 2416 509 v.
2457 450 2549 509 ET
2586 452 2674 508 γι.
3504 464 3575 519 69,

295 578 426 646 pba'e
447 585 648 627 mem
666 566 920 640 justitimn
945 562 1173 635 (Matth.
1202 562 1257 617 ὃ.
1290 559 1412 633 13).
1442 558 1595 628 Quod
1622 559 1667 614 si
1707 558 1878 630 magis

292 665 458 719 adhuc
481 661 741 725 turbetur,
770 656 914 711 dicet
952 653 1028 710 illi
1057 667 1268 707 rursum
1312 650 1364 705 id
1398 648 1543 720 quod
1569 648 1770 704 Iudicis
1795 648 1877 703 di-

292 757 473 816 cebat,
517 751 641 806 Non
665 749 729 803 ab
754 747 956 801 homine
981 744 1321 799 testimonium
1353 740 1549 809 accipio
1593 737 1786 811 (Ioan.
1818 739 1873 795 5.

292 844 414 917 54).
442 845 497 900 Si
528 856 656 912 ergo
683 841 788 894 hoc
817 837 1124 893 testimonio
1167 848 1272 888 non
1316 840 1469 903 eget,
1510 846 1609 886 cur
1643 830 1877 885 Joannes

293 939 482 993 missus
509 946 593 991 est
617 950 647 987 a
675 931 822 988 Deo?
868 929 983 986 Non
1025 926 1167 998 quod
1209 925 1326 995 ejus
1364 923 1668 979 testimonio
1694 932 1878 992 egeret

291 1030 383 1100 (id
410 1029 552 1083 enim
580 1027 777 1089 dicere,
806 1032 1063 1078 extremm
1091 1018 1378 1088 impietatis
1402 1015 1568 1087 esset)
1593 1058 1608 1083 ,
1645 1015 1741 1070 sed
1782 1029 1878 1069 cur

292 1122 543 1178 tandem?
570 1119 697 1174 Illud
726 1119 841 1189 ipse
863 1116 1095 1172 Joannes
1115 1113 1292 1178 docet,
1311 1125 1433 1167 cum
1462 1110 1535 1164 ait
1566 1127 1579 1163 :
1607 1107 1677 1163 Ut
1705 1125 1876 1163 omnes

294 1216 542 1271 crederent
570 1226 658 1282 per
679 1210 826 1264 illum
845 1212 883 1262 ι.
912 1208 1028 1278 lpse
1056 1220 1183 1261 vero
1199 1203 1442 1259 Christus
1468 1216 1591 1257 cum
1619 1201 1874 1265 dixisset,

292 1302 411 1360 Non
437 1308 502 1359 ab
529 1303 729 1357 homine
754 1300 1091 1356 testimonium
1115 1297 1331 1367 accipio,
1358 1308 1429 1350 ne
1455 1294 1593 1364 apud
1621 1293 1876 1362 insipien-

291 1396 449 1451 tibres
489 1394 594 1449 sibi
643 1393 743 1465 ipsi
791 1403 1089 1460 repugnare
1121 1386 1425 1450 videretur;
1463 1399 1585 1440 cum
1626 1398 1766 1438 nunc
1796 1382 1879 1437 di-

290 1498 371 1540 cat
400 1487 578 1540 :Alius
605 1494 677 1539 est
692 1484 777 1554 qui
790 1481 1122 1537 testimonium
1140 1478 1358 1549 perhibet
1371 1477 1433 1531 de
1445 1492 1525 1530 me
1543 1485 1616 1530 :et
1635 1476 1738 1529 scio
1756 1475 1877 1545 quia

288 1589 453 1631 Mum
477 1587 551 1631 es:
576 1575 911 1630 testimonium
927 1574 1036 1641 ejus
1055 1569 1233 1643 (Joan.
1259 1570 1315 1625 5.
1345 1568 1457 1639 52),
1484 1567 1553 1623 de
1576 1567 1780 1622 Joanne
1798 1566 1878 1620 lo-

289 1684 485 1741 quens;
511 1680 652 1724 nunc
676 1681 827 1733 vero,
851 1666 972 1720 Non
991 1666 1054 1718 ab
1073 1663 1277 1718 homine
1297 1661 1631 1716 testimonium
1656 1659 1873 1728 accipio,

289 1762 604 1816 solutionem
636 1774 759 1813 mox
788 1756 969 1827 adjicit
994 1756 1180 1811 dicens
1216 1771 1233 1807 :
1260 1751 1368 1808 Sed
1394 1752 1500 1805 htec
1527 1750 1640 1804 dico
1671 1759 1875 1821 propter

288 1872 390 1921 vos,
418 1867 472 1909 ut
517 1855 645 1909 salui
672 1854 819 1919 sitis;
856 1866 921 1906 ac
948 1849 993 1905 si
1021 1849 1224 1905 diceret
1254 1865 1268 1902 :
1298 1846 1438 1901 Deus
1479 1859 1597 1899 sum
1618 1884 1634 1911 ,
1682 1851 1737 1898 et
1779 1840 1874 1896 Del

288 1963 442 2030 verus
472 1948 658 2010 Filius,
690 1962 759 2001 ex
792 1943 1088 2000 substantia
1128 1943 1219 1997 illa
1262 1938 1549 1995 immortali
1587 1947 1642 1993 et
1680 1936 1871 2001 beata,

288 2027 587 2109 nulliusque
612 2037 918 2093 testimonio
942 2049 1093 2105 egeo.
1122 2033 1233 2087 Etsi
1261 2032 1403 2088 enim
1432 2044 1590 2085 nemo
1611 2028 1662 2082 id
1691 2027 1876 2083 testiﬁ-

288 2132 393 2185 cari
420 2132 602 2196 vellet,
631 2130 682 2183 in
706 2127 850 2182 nullo
878 2126 1170 2181 secundum
1199 2132 1445 2178 naturam
1473 2121 1646 2174 minor
1673 2134 1869 2173 essem.

287 2226 415 2292 Quia
436 2238 567 2279 vero
586 2223 876 2277 multorum
899 2221 1044 2275 salus
1071 2218 1199 2274 mihi
1219 2231 1364 2273 cura:
1387 2225 1491 2281 est,
1517 2212 1714 2269 ided‘in
1738 2213 1875 2269 hanc

289 2333 370 2372 me
388 2317 580 2373 demisi
604 2316 977 2380 humilitatem,
1004 2323 1061 2367 ut
1085 2311 1289 2367 homini
1314 2309 1675 2366 testimonium
1699 2306 1767 2363 de
1788 2323 1875 2363 me

288 2405 563 2463 ferendum
610 2406 1022 2462 committerem.
1067 2402 1200 2459 Nam
1242 2409 1518 2472 perspecta
1565 2399 1873 2454 Judzeorum

289 2499 654 2556 imbecillitate
673 2540 687 2562 ,
721 2499 800 2553 sic
826 2497 1031 2552 facilior
1060 2494 1191 2551 ﬁdes
1214 2495 1267 2549 in
1294 2508 1417 2550 eum
1455 2491 1628 2546 futura
1658 2490 1876 2545 ‘videba~

292 2603 389 2647 tur.
420 2593 575 2647 Sicut
603 2591 761 2662 igitur
788 2575 1003 2644 cariiem
1034 2587 1236 2653 induit,
1272 2602 1339 2642 ne
1367 2598 1488 2640 cum
1516 2583 1657 2639 nuda
1685 2582 1877 2639 divini-

290 2687 391 2740 tate
418 2697 779 2755 congressus,
811 2696 998 2736 omnes
1036 2680 1320 2750 perderet;
1363 2677 1441 2732 sic
1478 2686 1534 2732 et
1574 2682 1872 2746 praeconem

291 2778 430 2833 misit
454 2776 756 2839 hominem,
778 2784 837 2828 ut
856 2785 1206 2846 congenerem
1232 2770 1333 2825 sibi
1361 2783 1548 2824 vocem
1574 2768 1872 2831 audientes,

291 2871 494 2925 [acilius
524 2870 559 2923 ii
587 2868 677 2939 qui
706 2876 829 2922 tunc
854 2865 1142 2921 audiebant
1177 2862 1516 2918 accederent.
1556 2860 1687 2915 Nam
1731 2858 1876 2931 quod

290 2968 395 3017 non
420 2961 565 3015 illius
590 2959 897 3015 testimonio
927 2971 1061 3027 opus
1086 2955 1345 3019 haberet,
1377 2953 1481 3009 hoc
1504 2952 1675 3008 solum
1714 2950 1877 3005 modo

290 3052 500 3109 ostendi
534 3059 775 3122 poterat,
807 3051 850 3105 si
889 3062 1082 3117 nempe
1118 3061 1180 3103 se
1219 3045 1360 3101 nuda
1402 3044 1699 3100 substantia
1727 3040 1877 3097 exhi-

292 3145 530 3212 buisset,
559 3157 857 3212 omnesque
894 3142 948 3196 in
988 3150 1261 3210 stuporem
1304 3137 1643 3208 conjecisset.
1679 3136 1875 3191 Verum

290 3237 340 3293 id
365 3252 474 3291 non
502 3236 660 3301 fecit,
686 3233 937 3306 quoniam
956 3269 973 3300 ,
997 3240 1055 3287 ut
1076 3230 1292 3302 jamjam
1318 3230 1458 3295 dixi,
1483 3241 1672 3283 omnes
1699 3226 1879 3297 perdi-

287 3331 455 3386 uisset
473 3372 491 3396 ,
521 3328 664 3399 quod
692 3341 850 3383 nemo
873 3330 1055 3396 posset
1081 3326 1409 3380 inaccessam
1440 3322 1583 3375 illam
1610 3320 1743 3374 lucis
1768 3318 1874 3372 vim

288 3422 453 3477 ferre.
487 3420 614 3474 Ideo
641 3433 859 3474 carnem
890 3416 1093 3480 induit,
1121 3424 1177 3471 et
1207 3412 1570 3470 testimonium
1606 3410 1675 3466 de
1713 3425 1772 3465 se
1800 3408 1878 3464 fe-

290 3514 442 3570 rendi
489 3512 725 3568 ofﬁcium
768 3510 857 3565 uni
901 3523 1281 3565 conservorum
1323 3515 1631 3561 nostrorum
1676 3501 1875 3568 tradit,

286 3608 409 3679 quia
430 3605 615 3661 omnia
635 3602 703 3659 ad
727 3603 954 3658 salutem
981 3600 1254 3655 hominum
1280 3607 1529 3667 operatus
1549 3603 1632 3650 est
1657 3611 1671 3650 :
1705 3607 1878 3663 neque

286 3719 397 3759 suae
422 3700 671 3772 dignitati
700 3709 934 3763 tantum,
962 3697 1055 3752 sed
1084 3695 1243 3749 etiam
1270 3692 1570 3748 auditorum
1608 3688 1786 3760 captui
1823 3691 1880 3744 et

287 3797 504 3851 utilitati
527 3793 799 3850 consuluit
825 3809 839 3847 :
868 3789 1011 3861 quod
1036 3796 1093 3844 et
1120 3788 1233 3857 ipse
1259 3785 1603 3841 subindicans
1622 3781 1834 3837 dicebat
1859 3799 1875 3838 :

292 3887 420 3942 Haec
446 3886 565 3940 dico
595 3894 798 3956 propter
834 3866 952 3946 vos,
996 3890 1052 3934 ut
1080 3871 1363 3934 salvemini.
1408 3876 1477 3931 Et
1514 3873 1837 3946 evangelista
1858 3911 1876 3937 ,

291 3979 382 4047 qui
406 3991 471 4033 ea
500 3977 613 4046 ipsa
634 4017 651 4039 ,
679 3989 798 4046 quae
827 3973 1100 4037 Dominus,
1133 3970 1387 4039 loquitur,
1415 3975 1695 4038 postquam
1730 3964 1881 4019 dixe-

292 4076 402 4133 rat,
433 4068 503 4124 Ut
532 4067 871 4121 testimonium
897 4064 1177 4132 perhiberet
1203 4062 1266 4115 de
1303 4059 1494 4115 lumine
1517 4099 1534 4123 ,
1564 4056 1837 4127 subjunxit
1859 4097 1876 4121 ,

293 4160 365 4216 Ut
401 4176 575 4215 omnes
599 4159 854 4214 crederent
890 4172 981 4228 per
1002 4172 1151 4223 eum;
1181 4170 1244 4210 ac
1272 4155 1315 4208 si
1346 4152 1551 4208 diceret
1581 4170 1593 4203 :
1623 4150 1701 4206 Ne
1726 4158 1879 4221 putes

356 4292 375 4325 ί
406 4292 462 4342 In
497 4290 608 4341 aliis
638 4290 825 4403 legar
850 4305 863 4341 :
887 4290 979 4342 Sed
1021 4296 1110 4341 cur
1146 4296 1352 4340 Jowmes
1375 4286 1534 4347 addit,
1568 4302 1591 4333 ι
1619 4291 1679 4335 ω
1719 4288 1881 4335 omnes

356 4356 543 4403 ederent
560 4366 648 4403 uer
670 4366 686 4402 ι
834 4352 860 4403 ?
879 4364 903 4398 ιι

294 4356 543 4404 rrederent
560 4366 648 4416 per
670 4352 808 4403 illum
834 4352 860 4404 Ρ
879 4364 903 4398 ιι

1985 557 2109 616 ideo
2150 562 2554 618 testiﬁcaturum
2591 564 2803 621 venisse
2828 564 3112 625 Joannem
3137 569 3426 643 Baptist
3448 615 3465 640 ,
3510 592 3569 634 ut

1980 652 2181 723 aliquid
2219 652 2343 709 ﬁdei
2379 656 2558 711 verbis
2593 656 2805 712 Domini
2845 657 3108 715 adderet:
3140 678 3246 718 non
3286 676 3571 737 prepterea

1980 744 2160 809 venit,
2204 744 2301 800 sed
2340 754 2399 800 ut
2433 748 2759 803 contribules
2796 751 2880 804 sui
2920 758 3018 821 per
3056 751 3226 822 ipsum
3262 757 3565 813 crederent.

1979 835 2133 903 Quod
2161 847 2338 893 autem
2361 839 2428 893 ad
2459 854 2577 893 eam
2606 841 2896 897 tollendam
2935 846 3293 916 suSpicionem
3334 849 3449 905 hinc
3487 851 3569 906 di-

1980 929 2139 994 xerit,
2161 944 2228 985 ex
2249 931 2590 1000 sequentibus
2610 943 2819 989 constat
2841 952 2854 987 :
2877 935 3025 991 addit
3044 940 3185 992 enim
3207 940 3293 997 :8.
3318 940 3441 996 Non
3461 954 3570 997 erat

1979 1020 2067 1074 ille
2090 1020 2199 1074 lux.
2225 1020 2338 1077 Nisi
2364 1022 2506 1077 enim
2547 1024 2705 1091 hujus
2732 1024 3007 1096 abigendze
3044 1030 3360 1099 suspicionis
3394 1036 3566 1104 gratia

1981 1110 2098 1167 inec
2122 1111 2375 1178 dixisset,
2405 1114 2730 1181 superfluum
2773 1116 2874 1171 hoc
2899 1127 3082 1184 esset,
3126 1128 3181 1173 et
3219 1123 3385 1193 magis
3412 1140 3567 1195 repe-

1981 1203 2099 1257 titio
2127 1219 2285 1273 quam
2314 1205 2599 1274 explicatio
2624 1205 2902 1262 doctrinm.
2942 1209 3076 1265 Cum
3116 1210 3344 1269 dixisset
3379 1217 3521 1270 enim
3544 1256 3561 1283 ,

1980 1294 2170 1352 Missus
2195 1306 2278 1352 est
2321 1296 2388 1352 Ut
2416 1298 2753 1353 testimonium
2793 1302 3069 1370 perhiberet
3106 1305 3169 1358 de
3206 1306 3428 1375 lumine,
3468 1324 3566 1364 cur

1981 1387 2170 1442 iterum
2195 1387 2360 1455 dicit,
2395 1387 2518 1443 Non
2547 1400 2654 1443 erat
2692 1391 2777 1445 ille
2804 1391 2932 1446 lux?
2956 1394 3071 1449 Non
3098 1394 3291 1450 frustra
3324 1414 3422 1454 nec
3448 1402 3566 1457 sine

1979 1495 2140 1535 causa
2172 1498 2185 1535 :
2214 1479 2309 1535 sed
2333 1480 2456 1551 quia
2488 1480 2797 1552 frequenter
2824 1485 2963 1555 apud
2991 1501 3089 1541 nos
3110 1489 3282 1557 major
3304 1499 3383 1545 est
3410 1492 3455 1549 is
3474 1496 3563 1563 qui

1979 1572 2313 1637 testificatur,
2365 1587 2526 1642 quam
2569 1574 2662 1629 ille
2703 1575 2772 1629 de
2813 1592 2920 1647 quo
2962 1580 3321 1635 testimonium
3370 1582 3561 1652 fertur,

1982 1664 2191 1735 fideque
2218 1666 2429 1735 dignior
2456 1667 2773 1738 plerumque
2802 1669 3010 1723 videtur
3035 1685 3156 1726 esse
3200 1690 3214 1726 :
3256 1689 3324 1728 ne
3349 1676 3466 1744 quis
3495 1677 3565 1730 de

1978 1755 2183 1813 Joanne
2213 1757 2264 1812 id
2299 1758 2684 1828 suspicaretur,
2724 1760 2900 1814 statim
2931 1776 2962 1816 a
2991 1763 3249 1833 principio
3278 1763 3415 1820 hanc
3451 1781 3565 1820 ma-

1979 1850 2083 1904 lam
2114 1850 2469 1920 suspicionem
2503 1851 2661 1915 tollit,
2684 1866 2853 1922 eaque
2878 1852 3132 1909 radicitus
3157 1856 3358 1920 evulsa,
3385 1866 3566 1913 osten-

1978 1941 2056 1996 dit
2079 1944 2201 2013 quis
2229 1943 2298 1996 sit
2324 1943 2371 1996 is
2391 1944 2482 2013 qui
2505 1941 2839 2012 testiﬁcatur,
2881 1955 2935 2000 et
2972 1947 3092 2016 quis
3128 1949 3217 2004 ille
3251 1950 3320 2005 de
3354 1967 3460 2021 quo
3486 1961 3563 2007 tc—

1978 2038 2287 2092 stimonium
2335 2034 2525 2104 fertur,
2573 2047 2629 2093 et
2675 2048 2929 2108 quantum
2980 2040 3050 2094 sit
3095 2041 3233 2097 inter
3282 2054 3566 2116 utrumque

1978 2131 2286 2185 discrimen.
2319 2131 2395 2185 Ac
2424 2139 2701 2200 postquam
2732 2131 2832 2185 hoc
2860 2130 3010 2199 fecit,
3052 2135 3394 2207 ostenditque
3425 2140 3564 2196 illius

1979 2222 2448 2292 incomparabilem
2492 2224 2901 2291 excellentiam,
2949 2225 3178 2283 ﬁdenter
3212 2228 3322 2299 jam
3371 2243 3565 2289 ein-tera

1940 2342 1943 2347 -
1978 2316 2359 2386 prosequitur:
2392 2322 2448 2370 et
2480 2314 2528 2370 si
2565 2315 2689 2385 quid
2724 2316 2941 2371 absurdi
2982 2319 3406 2390 insipientiorum
3444 2326 3564 2379 ani-

1979 2423 2094 2462 mos
2123 2408 2355 2473 subiret,
2386 2408 2487 2464 hoc
2515 2409 2800 2479 diligenter
2837 2412 3075 2481 sublato,
3118 2416 3274 2472 facile
3312 2418 3567 2491 deinceps

1976 2508 2033 2554 et
2073 2500 2189 2554 sine
2230 2499 2384 2555 obice
2421 2499 2677 2555 doctrina:
2716 2501 2935 2557 verbum
2973 2505 3231 2562 immittit.
3279 2509 3567 2567 Precemur

1979 2591 2183 2661 itaque,
2216 2600 2278 2646 ut
2304 2606 2428 2647 cum
2454 2601 2720 2648 tantarum
2747 2595 3077 2651 revelatione
3103 2613 3311 2665 rerum,
3340 2616 3568 2671 cumque

1979 2697 2107 2739 sana
2129 2694 2382 2755 rectaque
2408 2684 2647 2741 doctrina
2676 2687 2839 2742 vitam
2865 2703 3078 2759 quoque
3095 2705 3281 2761 puram
3307 2704 3568 2749 sanctam-

1978 2790 2081 2845 que
2100 2776 2379 2830 dueamus.
2404 2776 2653 2832 Doctrina
2675 2778 2870 2848 quippe
2892 2780 3019 2835 nihil
3042 2782 3195 2838 nobis
3214 2785 3431 2854 prodest
3449 2787 3568 2842 sine

1979 2867 2134 2922 bonis
2157 2867 2432 2938 operibus.
2456 2867 2606 2924 Licet
2631 2871 2772 2923 enim
2797 2870 2955 2926 fidem
2980 2872 3240 2944 integram
3268 2876 3568 2947 Scriptura-

1978 2975 2205 3032 rumque
2229 2962 2629 3032 intelligentiam
2658 2972 2956 3032 teneamus,
2985 2966 3030 3020 si
3058 2966 3209 3022 bonae
3242 2970 3365 3023 vitae
3390 2980 3568 3041 patro-

1979 3053 2122 3109 cinio
2161 3054 2287 3109 nudi
2314 3062 2370 3110 et
2395 3054 2547 3110 vacui
2580 3055 2785 3124 simus,
2827 3056 2955 3111 nihil
2997 3058 3250 3129 impediet
3285 3064 3569 3131 quominus

1980 3148 2033 3202 in
2083 3147 2343 3219 gehennte
2387 3148 2561 3219 ignem
2587 3148 2921 3217 dejiciamur,
2950 3155 3007 3205 et
3042 3151 3095 3207 in
3130 3151 3391 3209 inﬁnitum
3420 3155 3569 3211 inex-

1980 3238 2268 3308 stinguibili
2316 3232 2531 3295 ﬂamma
2581 3240 2979 3297 comburamur.
3028 3242 3177 3299 Sicut
3213 3245 3356 3300 enim
3396 3246 3432 3301 ii
3473 3249 3569 3317 qui

1980 3329 2117 3386 bona
2144 3334 2400 3401 egerunt,
2439 3340 2725 3403 resurgent
2758 3333 2811 3388 in
2850 3336 3013 3389 vitam
3052 3345 3338 3404 :eternam;
3376 3340 3455 3395 sie
3493 3341 3569 3397 illi

1980 3421 2068 3492 qui
2090 3423 2355 3476 contraria
2376 3423 2489 3477 ausi
2510 3431 2637 3478 sunt
2651 3465 2667 3491 ,
2691 3425 2744 3479 in
2770 3435 3030 3481 aeternum
3046 3436 3101 3482 et
3117 3443 3384 3499 nunquam
3406 3430 3567 3486 ﬁnem

1983 3512 2283 3568 habiturum
2304 3515 2644 3584 supplicium.
2668 3511 3024 3584 Quamobrem
3045 3534 3205 3576 omne
3220 3523 3569 3580 adhibeamus

1981 3607 2246 3674 studium,
2287 3616 2345 3662 ut
2374 3622 2442 3663 ne
2471 3608 2675 3663 lucrum
2705 3608 2860 3666 nobis
2897 3626 2965 3667 ex
3002 3620 3145 3669 recta
3183 3614 3286 3670 ﬁde
3322 3629 3528 3686 partum
3550 3661 3568 3684 ,

1982 3712 2203 3769 operum
2231 3700 2489 3768 pravitate
2514 3699 2921 3767 labefactemus;
2948 3702 3041 3758 sed
3060 3717 3182 3759 eum
3210 3704 3297 3760 hic
3321 3708 3406 3777 pie
3430 3709 3571 3764 vixe-

1982 3790 2170 3857 rimus,
2198 3789 2471 3845 Christum
2495 3805 2616 3845 cum
2642 3787 2835 3847 fiducia
2869 3793 3165 3861 videamus,
3207 3798 3291 3852 cui
3336 3798 3571 3855 beatitu-

1982 3880 2091 3935 dini
2122 3896 2215 3951 par
2240 3881 2373 3936 nihil
2402 3897 2632 3952 unquam
2662 3881 2839 3939 fuerit.
2868 3883 3081 3941 Utinam
3109 3901 3209 3943 nos
3236 3903 3395 3960 supra
3426 3891 3571 3948 dicta

1982 3974 2299 4045 consequuti
2321 3976 2362 4041 ί,
2409 3974 2475 4029 ad
2518 3975 2741 4045 gloriam
2789 3976 2883 4033 Dei
2930 3980 3108 4034 omnia
3149 3981 3436 4049 faciamus,
3483 3988 3572 4042 cui

1982 4067 2149 4137 gloria
2176 4082 2279 4121 una
2304 4082 2428 4122 cum
2457 4068 2733 4138 unigenito
2776 4067 2910 4125 Filio
2935 4080 2991 4125 et
3025 4069 3230 4143 Spiritu
3263 4087 3480 4145 sancto,
3515 4078 3570 4134 in

1984 4160 2176 4216 saecula
2206 4159 2545 4215 seculorum.
2572 4160 2767 4216 Amen.

2048 4276 2067 4310 ι
2089 4272 2197 4348 _Alii
2215 4286 2229 4321 :
2244 4272 2453 4348 _Utinam_
2474 4278 2597 4348 nos.
2620 4278 2766 4348 rtta‘m
2788 4287 2938 4348 supra
2972 4276 3115 4348 dictis
3133 4291 3407 4348 _consonam
3426 4294 3572 4348 agens

1984 4344 2072 4392 tes.
2089 4345 2179 4387 Pro
2208 4342 2418 4398 utraque
2442 4335 2659 4385 lectione
2675 4344 2808 4387 stant
2829 4335 2934 4387 Mss.
2953 4338 3167 4402 plurimi,

293 4461 2280 4491 Μ

1674 4529 2024 4605 HOMILIA
2058 4535 2195 4597 VII.

293 4698 350 4753 9.
391 4698 517 4754 Erat
547 4699 639 4752 luat
662 4711 811 4762 uera,
840 4702 954 4766 quae
992 4694 1246 4750 iiluminat
1288 4708 1485 4749 omnem
1514 4691 1765 4745 hominem
1794 4704 1880 4741 ve-

721 4790 938 4844 nientem
961 4790 1013 4843 in
1033 4789 1164 4843 hunc
1188 4788 1453 4842 mundum.

369 4952 421 5007 l.
455 4948 759 5005 Methodum
779 4936 1058 5001 disserendi
1078 4959 1111 4999 α
1132 4961 1187 5001 se
1209 4953 1506 5015 usurpatam
1524 4940 1699 4995 asserit
1718 4936 1884 5008 Chrys

298 5053 565 5099 sostomus.
613 5036 1156 5109 Incomprehensibilia
1196 5035 1293 5089 Dei
1336 5052 1439 5089 non
1479 5032 1774 5089 scrutanda.
1812 5060 1885 5071 —

304 5134 429 5190 Ideo
451 5175 469 5198 ,
498 5130 838 5187 dilectissimi
878 5127 1002 5195 ﬁlii,
1032 5143 1129 5183 vos
1171 5127 1468 5182 minutatim
1497 5132 1553 5181 et
1585 5141 1679 5195 per
1708 5131 1885 5194 partes

298 5224 699 5294 Scripturarum
722 5220 964 5275 doctrina
993 5219 1282 5289 pascimus,
1316 5232 1487 5287 neque
1521 5216 1676 5270 simul
1706 5214 1885 5269 omnia

300 5314 628 5370 eﬁundimus
650 5354 667 5380 ,
698 5322 758 5367 ut
785 5310 992 5366 facilior
1030 5311 1184 5366 vobis
1211 5311 1283 5365 sit
1309 5310 1489 5365 emissi
1523 5308 1671 5364 verbi
1701 5317 1885 5363 custo-

301 5404 409 5460 dia,
441 5405 574 5460 Nam
604 5406 660 5459 in
690 5403 961 5470 adiﬁciis,
991 5403 1082 5473 qui
1123 5413 1405 5471 antequam
1441 5401 1647 5469 priores
1683 5400 1888 5469 lapides

302 5499 575 5569 conjuncti
603 5498 745 5564 sint,
777 5497 911 5551 alios
940 5495 1358 5566 superimponit,
1386 5509 1491 5548 non
1524 5493 1730 5547 ﬁrmum
1751 5534 1768 5559 ,
1793 5493 1889 5547 sed

307 5589 465 5647 facile
488 5592 755 5647 ruiturum
784 5588 943 5645 struit
975 5591 1262 5660 parietem;
1290 5588 1381 5659 qui
1409 5597 1585 5642 autem
1616 5596 1893 5657 exspectat

306 5680 477 5738 donec
502 5683 652 5739 calce
678 5682 977 5747 ﬁrmentur,
1007 5691 1061 5737 et
1085 5682 1162 5737 sic
1186 5682 1437 5751 paulatim
1466 5690 1660 5737 caetera
1686 5679 1888 5749 adjicit,

310 5781 499 5842 tutam,
523 5775 731 5831 ﬁrmam
752 5774 950 5845 diuque
968 5773 1274 5829 duraturam
1299 5773 1516 5828 domum
1546 5774 1760 5829 excitat.
1785 5772 1894 5828 Hos

312 5866 506 5924 aedium
536 5876 830 5925 structores
857 5877 913 5922 et
952 5881 1052 5922 nos
1090 5867 1379 5933 imitemur,
1410 5867 1705 5939 eodemque
1734 5867 1897 5923 modo

639 5984 904 6048 ΡΑτιιοι..
945 5985 1061 6045 Gn.
1110 5980 1284 6079 LIX:

1985 4686 2192 4735 vestras
2220 4677 2543 4733 :ediﬁcemus
2580 4680 2786 4734 animas
2808 4681 2847 4735 ί.
2880 4672 3158 4740 'l'imcmus
3182 4687 3324 4741 enim
3345 4728 3360 4753 ,
3390 4702 3458 4743 ne
3485 4701 3574 4745 re-

1986 4785 2115 4828 cens
2139 4785 2261 4826 cum
2289 4770 2360 4824 sit
2390 4770 2538 4839 prior
2562 4775 2848 4838 structura,
2876 4775 3127 4830 secundze
3156 4777 3352 4834 additae
3378 4790 3576 4851 specu-

1986 4866 2233 4929 latioues,
2257 4863 2462 4933 priores
2485 4864 2848 4933 pessumdent,
2875 4880 2996 4920 cum
3023 4883 3176 4924 mens
3202 4883 3432 4941 nequeat
3457 4890 3576 4928 om-

1988 4958 2077 5011 nia
2114 4955 2273 5011 simul
2312 4955 2610 5010 continere.
2637 4955 2776 5022 Quid
2816 4957 2977 5027 igitur
3016 4958 3174 5015 hodie
3217 4962 3413 5018 lectum
3454 4974 3541 5021 est

1988 5046 2118 5101 Erat
2147 5047 2238 5101 tua:
2256 5059 2372 5100 vera
2394 5062 2507 5116 qua:
2528 5037 2780 5100 illuminat
2803 5063 3001 5102 omnem
3029 5050 3283 5106 hominem
3303 5057 3571 5113 venientem

1987 5140 2041 5193 in
2081 5138 2215 5192 hunc
2253 5138 2520 5191 mundum.
2547 5136 2647 5202 Qui
2689 5138 2832 5193 enim
2878 5157 3039 5209 supra
3069 5142 3138 5198 de
3167 5143 3375 5201 Joanne
3400 5146 3578 5203 disse-

1990 5247 2134 5297 rens,
2168 5230 2380 5286 dicebat
2403 5245 2525 5286 eum
2556 5230 2788 5296 venisse,
2825 5232 2893 5288 Ut
2927 5235 3266 5290 testimonium
3300 5239 3580 5304 perhiberet

1991 5324 2054 5379 de
2076 5324 2303 5390 tamine,
2333 5333 2389 5379 et
2425 5338 2567 5378 nunc
2606 5325 2826 5380 missum
2866 5341 3026 5392 esse;
3066 5343 3134 5383 ne
3170 5329 3290 5398 quis
3331 5330 3446 5385 haec
3481 5348 3581 5387 au-

1991 5416 2174 5479 diens,
2206 5416 2274 5470 ob
2300 5431 2563 5484 nuperum
2594 5417 2929 5472 testiﬁcantis
2957 5418 3274 5487 adventum,
3304 5421 3373 5476 de
3399 5437 3467 5477 eo
3493 5426 3581 5480 cui

1994 5507 2355 5561 testimonium
2390 5506 2657 5562 ferebatur
2688 5507 2915 5579 aliquam
2945 5511 3302 5580 suspicionem
3334 5514 3582 5570 admitte-

1996 5608 2099 5669 ret,
2133 5609 2338 5656 mentes
2366 5602 2574 5669 erexit,
2601 5611 2657 5657 et
2691 5602 2754 5656 ad
2784 5604 2928 5657 omni
2958 5603 3222 5675 principio
3248 5608 3583 5678 superiorem

2064 5758 2081 5787 ί
2115 5757 2191 5806 sic
2230 5757 2563 5828 Mss_.nquidam
2584 5766 2741 5828 recte.
2767 5760 2909 5811 savii.
2935 5771 3099 5814 autem
3120 5771 3172 5815 et
3192 5764 3356 5817 Morel.
3385 5804 3400 5828 ,
3423 5765 3586 5819 imitus

2000 5829 2204 5896 mur.“
2228 5818 2547 5896 azdiﬁcamus,
2584 5821 2788 5896 legunt;
2814 5838 2925 5896 quae
2958 5828 3016 5876 ad
3048 5829 3231 5878 seriem
3259 5818 3586 5895 Chry'mstoml

2004 5893 2101 5930 non
2135 5889 2231 5931 tam
2253 5882 2383 5933 bene
2404 5882 2659 5947 quadrare
2670 5882 2911 5937 videntur.

3159 5973 3196 6032 ιι
