4074 6374
483 448 553 504 65
1198 436 1257 494 S.
1296 432 1575 493 JOANNIS
1609 425 2080 490 CHRYSOSTOMI
2116 425 2437 485 ARCHIEP.
2476 427 3010 487 CONSTANTINOP.
3689 434 3755 490 6-5

479 559 848 618 exsistentiam
875 552 1206 621 transmisit,
1239 567 1360 623 quae
1391 549 1596 605 nullum
1626 546 1871 603 habitura
1898 543 2061 598 ﬁnem

479 663 581 711 est.
612 653 679 709 Et
704 650 972 723 quomodo
1002 654 1226 719 possunt
1255 645 1374 701 hare
1397 658 1548 710 esse,
1581 642 1815 712 inquies,
1847 652 1968 694 cum
1995 637 2065 692 sit

480 744 681 802 Filius‘
701 744 725 798 ?
746 744 823 799 De
846 743 955 798 Deo
975 740 1261 811 loquimur,
1285 749 1339 792 et
1363 745 1421 791 tu
1445 735 1739 804 interrogas
1760 728 2063 803 quomodo?

481 852 657 908 neque
686 837 842 891 times
867 834 953 890 vel
982 831 1284 888 horrescis?
1308 829 1389 884 Ad
1420 828 1557 895 haec,
1586 828 1629 881 si
1658 826 1778 896 quis
1804 831 2006 894 quaerat
2031 836 2063 876 a

482 940 553 995 te,
577 927 844 999 quomodo
872 927 1063 981 animae
1083 933 1137 979 et
1156 937 1379 991 corpora
1406 918 1690 974 immortali
1714 917 1821 971 vita
1841 914 2061 970 fruitura

480 1023 611 1088 sint,
640 1017 1109 1088 interrogationem
1138 1016 1284 1071 illam
1308 1012 1525 1076 ridebis,
1553 1009 1703 1081 quasi
1733 1023 1839 1063 non
1868 1007 1937 1061 sit
1966 1005 2065 1059 hu-

480 1127 656 1167 mana:
683 1109 877 1166 mentis
906 1122 1167 1179 quaerere,
1190 1105 1284 1161 sed
1311 1103 1533 1159 credere
1558 1110 1760 1155 tantum
1781 1107 2058 1169 oporteat;

480 1218 653 1274 neque
689 1202 888 1257 dictum
927 1199 1056 1254 illud
1098 1197 1326 1253 scrutari
1351 1238 1365 1261 ,
1396 1194 1548 1264 cujus
1577 1192 1845 1247 sufﬁciens
1872 1191 1941 1245 sit
1964 1189 2060 1243 de-

480 1295 798 1350 monstratio
827 1291 1052 1347 dicentis
1089 1290 1325 1360 potentia
1350 1304 1365 1352 ;
1397 1286 1476 1340 sin
1507 1291 1685 1338 autem
1715 1281 1864 1335 illum
1892 1280 1981 1351 qui
2008 1289 2063 1333 et

479 1392 686 1445 animas
724 1397 780 1444 et
824 1400 1051 1456 corpora
1095 1383 1334 1447 creavit,
1381 1389 1433 1435 et
1478 1377 1621 1445 nulla
1662 1374 2061 1445 comparatione

479 1492 779 1538 creaturam
810 1480 1113 1535 universam
1145 1482 1470 1544 exsuperat,
1501 1471 1616 1526 sine
1654 1468 1913 1540 principio
1941 1481 2061 1520 esse

478 1573 739 1637 dicamus,
767 1579 824 1624 tu
853 1566 1205 1637 interrogabis
1231 1562 1497 1635 quomodo
1524 1560 1574 1615 id
1608 1560 1799 1614 factum
1828 1556 1931 1612 sit?
1959 1556 2061 1611 Ec-

477 1664 597 1734 quis
623 1677 769 1718 sana:
795 1660 989 1716 mentis
1015 1659 1130 1714 haec
1158 1671 1279 1713 esse
1308 1652 1540 1711 dixerit?
1575 1652 1693 1723 quis
1724 1652 1857 1706 bene
1881 1649 2061 1704 valen-

479 1756 546 1811 tis
575 1754 739 1810 animi
766 1763 821 1808 et
847 1751 1151 1808 ratiocinii?
1181 1749 1417 1804 Audistis
1447 1746 1596 1811 illud,
1631 1746 1755 1799 Erat
1794 1744 1883 1797 tux
1920 1759 2055 1796 vera.

477 1846 615 1913 Quid
645 1845 841 1901 frustra
868 1842 1184 1909 contendis,
1214 1850 1274 1895 ut
1302 1838 1561 1894 inﬁnitam
1602 1838 1747 1891 illam
1776 1837 1938 1889 vitam
1968 1848 2056 1888 ra-

475 1936 693 1992 tiocinio
713 1934 1035 2005 assequaris,
1059 1949 1177 2003 quae
1197 1946 1302 1987 non
1329 1938 1503 2000 potest
1525 1927 1749 1999 attingi?
1768 1926 1894 1997 quid
1913 1940 2059 1995 qua:-

473 2030 547 2084 ris
574 2043 639 2084 ea
663 2043 783 2099 quae
812 2027 1019 2098 exquiri
1044 2026 1356 2097 nequeunt?
1379 2040 1475 2079 cur
1500 2018 2055 2092 incomprehensibilia

472 2121 767 2176 scrutaris?
804 2136 900 2175 cur
937 2120 1213 2175 examinas
1241 2133 1301 2174 ea
1330 2133 1449 2188 qua:
1477 2116 1712 2172 examini
1735 2131 1839 2169 non
1871 2114 2055 2183 subja-

472 2214 639 2270 cent?
664 2212 927 2270 Solarium
957 2212 1226 2267 radiorum
1254 2210 1501 2281 perquire
1523 2209 1787 2273 radicem;
1819 2221 1926 2261 non
1955 2221 2055 2277 po-

474 2304 603 2361 teris
631 2303 879 2374 assequi,
919 2318 1093 2373 neque
1133 2310 1311 2357 tamen
1348 2300 1673 2370 indignaris,
1703 2313 1878 2368 neque
1914 2312 2056 2368 aegre

470 2396 581 2452 fers
620 2395 1036 2451 imbecillitatem
1069 2406 1231 2448 tuam.
1270 2392 1377 2449 Cur
1410 2407 1536 2459 ergo
1564 2393 1617 2446 in
1643 2389 1931 2460 majoribus
1955 2404 2055 2444 au-

471 2491 573 2545 dax
600 2505 659 2545 es
686 2499 739 2545 et
767 2488 1118 2544 temerarius?
1147 2487 1378 2543 Joannes
1404 2486 1542 2540 ﬁlius
1562 2484 1803 2550 tonitrui,
1830 2483 1920 2553 qui
1944 2482 2053 2551 spi-

468 2582 644 2637 ritttali
677 2580 800 2636 tuba
826 2581 1000 2645 canit,
1034 2579 1120 2634 ubi
1156 2578 1282 2652 illud
1303 2618 1319 2644 ,
1350 2576 1509 2643 Erat,
1540 2590 1568 2628 a
1595 2573 1793 2644 Spiritu
1822 2572 2049 2639 audivit,

467 2674 597 2728 nihil
628 2674 762 2727 ultra
791 2672 1036 2741 quaesivit
1064 2688 1076 2723 :
1108 2679 1164 2725 et
1202 2680 1254 2723 tu
1293 2684 1398 2722 non
1440 2667 1552 2736 pari
1591 2666 1758 2735 gratia
1787 2663 2049 2730 donatus,

465 2765 555 2835 qui
582 2780 650 2820 ex
690 2763 914 2818 inﬁrmis
956 2760 1247 2816 ratiociniis
1291 2759 1394 2813 tuis
1431 2757 1665 2827 loqueris
1689 2792 1705 2822 ,
1735 2755 2053 2825 cognitionis

465 2856 610 2910 illius
641 2855 926 2911 terminum
972 2851 1351 2908 transcendere
1393 2850 1634 2907 conaris?
1681 2847 1909 2918 Ideoque
1944 2862 2051 2902 non

465 2963 649 3019 parem
676 2949 760 3011 ei,
794 2963 951 3018 quam
995 2947 1085 3001 ille
1124 2945 1340 3011 habuit,
1381 2945 1619 2999 notitiam
1645 2957 1875 3012 unquam
1903 2955 2051 2997 asse-

464 3042 661 3111 queris.
694 3038 1003 3110 ilujusmodi
1035 3052 1264 3108 namque
1291 3045 1372 3091 est
1396 3035 1591 3091 diaboli
1621 3034 1886 3089 calliditas
1912 3049 1927 3091 :
1955 3046 2050 3088 eos

465 3133 558 3203 qui
584 3131 658 3185 illi
684 3131 1072 3200 obsequuntur,
1100 3140 1251 3183 extra
1281 3128 1537 3184 terminos
1562 3142 1592 3181 a
1620 3127 1731 3181 Deo
1758 3125 1913 3181 nobis
1949 3139 2048 3195 po-

463 3225 599 3279 sitos
626 3221 901 3288 transfert,
932 3222 1084 3291 quasi
1126 3221 1283 3291 longe
1306 3219 1559 3274 ulteriora
1585 3218 1844 3288 attingere
1870 3216 2049 3288 possi-

464 3330 579 3369 mus
603 3331 617 3368 :
641 3320 921 3383 postquam
944 3320 1120 3367 autem
1147 3311 1248 3365 hac
1273 3326 1369 3382 spe
1392 3311 1658 3366 inescatos
1680 3324 1709 3364 a
1734 3309 1907 3365 divina
1928 3323 2049 3380 grao

464 3408 536 3462 tia
565 3405 808 3473 extrusit,
839 3413 964 3460 tunc
988 3403 1200 3459 demum
1230 3418 1335 3457 non
1364 3402 1524 3457 modo
1545 3403 1677 3457 nihil
1709 3402 1848 3458 ultra
1869 3401 2044 3468 addit;

460 3495 729 3565 quomodo
757 3496 897 3551 enim
927 3495 979 3550 id
1009 3494 1245 3561 faceret,
1273 3494 1519 3550 diabolus
1542 3509 1663 3549 cum
1688 3492 1802 3549 sit?
1824 3492 1918 3548 sed
1948 3508 2047 3548 nec

461 3589 586 3645 sinit
611 3595 668 3643 ut
708 3586 776 3642 ad
817 3587 994 3658 priora
1015 3628 1029 3652 ,
1063 3587 1116 3641 in
1142 3586 1293 3656 queis
1320 3593 1435 3640 tuto
1462 3584 1827 3650 versabamur,
1854 3582 2046 3639 redea-

460 3696 618 3747 mus;
648 3696 834 3736 verum
864 3681 1065 3736 circum
1095 3694 1304 3749 quaque
1337 3679 1446 3750 agit
1481 3686 1728 3733 errantes
1749 3719 1764 3743 ,
1794 3677 1886 3747 qui
1919 3692 2046 3732 nus-

460 3789 619 3845 quam
646 3775 941 3829 consistere
970 3773 1255 3844 possimus.
1288 3771 1377 3826 Sic
1414 3771 1643 3841 primum
1673 3780 1950 3840 parentem
1976 3784 2045 3823 cx

460 3865 706 3935 paradiso
742 3865 991 3921 excidere
1029 3866 1253 3919 curavit.
1282 3863 1416 3918 Cum
1453 3864 1597 3918 enim
1633 3863 1782 3916 illum
1811 3876 1906 3931 spe
1932 3877 2047 3914 ma-

460 3956 591 4027 joris
620 3955 859 4011 scientiae
884 3965 945 4011 et
971 3954 1190 4011 honoris
1216 3954 1454 4010 inﬁasset
1477 3995 1491 4019 ,
1524 3955 1686 4010 etiam
1712 3954 1861 4008 illum
1885 3953 1953 4007 ab
1980 3953 2047 4008 iis

461 4047 654 4119 quibus
694 4048 982 4119 tranquille
1022 4047 1293 4103 fruebatur
1329 4046 1507 4117 ejecit.
1547 4045 1665 4101 Non
1708 4044 1866 4099 modo
1903 4044 2043 4100 enim

462 4154 568 4194 non
597 4138 766 4194 factus
795 4147 881 4195 est
916 4139 1132 4210 a‘qualis
1169 4138 1308 4204 Deo,
1339 4146 1397 4193 ut
1425 4138 1523 4207 ipsi
1554 4137 1920 4207 pollicebatur,
1950 4136 2043 4191 sed

461 4230 563 4286 sub
604 4230 793 4286 mortis
833 4230 1170 4302 tyrannidem
1211 4229 1477 4296 detrusit;
1516 4244 1615 4284 nec
1648 4228 1821 4284 solum
1854 4242 1882 4281 a
1914 4227 2041 4297 ligni

461 4339 555 4379 esu
595 4323 727 4379 nihil
772 4324 1008 4393 accepit,
1040 4323 1135 4378 sed
1178 4323 1338 4378 etiam
1379 4338 1447 4378 ex
1488 4323 1576 4376 illa
1616 4338 1772 4393 quam
1816 4321 2046 4376 habebat

461 4415 685 4471 scientia
716 4429 821 4470 non
848 4430 1035 4486 parum
1064 4414 1280 4478 amisit,
1313 4412 1473 4483 idque
1500 4429 1597 4485 spe
1624 4413 1839 4483 majoris
1872 4412 2042 4481 adipi-

462 4507 694 4562 scendce.
736 4506 866 4561 Nam
912 4514 1039 4561 tunc
1078 4506 1311 4576 primum
1350 4504 1418 4560 de
1456 4505 1696 4560 nuditate
1729 4505 2044 4560 erubescere

460 4596 659 4666 cmpit,
700 4610 819 4650 cum
862 4604 1016 4650 antea
1060 4596 1208 4651 omni
1247 4595 1451 4665 pudore
1490 4604 1545 4650 et
1583 4596 1777 4649 rubore
1802 4595 2044 4665 superior

463 4688 670 4743 fuisset.
700 4687 832 4742 Illud
872 4688 1033 4743 etiam
1062 4687 1205 4759 quod
1233 4703 1293 4742 se
1320 4687 1519 4743 nudum
1555 4702 1675 4742 esse
1711 4687 2040 4754 adverteret,

462 4780 603 4850 quod
632 4781 869 4835 vestibus
900 4780 1092 4835 exinde
1135 4789 1346 4851 egeret,
1376 4779 1506 4835 illud
1528 4821 1542 4846 ,
1573 4782 1818 4850 inquam,
1850 4788 1906 4836 et
1943 4783 2043 4836 alia

462 4870 690 4938 plurima
714 4870 882 4924 tristia
903 4870 1233 4927 acciderunt.
1258 4870 1411 4938 Quod
1433 4884 1501 4925 ne
1522 4871 1674 4925 nobis
1694 4884 1905 4941 quoque
1925 4886 2046 4925 con-

464 4963 665 5031 tingat,
696 4960 807 5016 Deo
836 4961 1295 5032 obtemperemus,
1336 4962 1452 5031 ejus
1477 4971 1757 5032 .prazcepta
1794 4962 2045 5017 observe-

461 5052 602 5118 mus,
629 5059 684 5107 et
710 5054 845 5117 nihil
875 5053 1102 5108 ulterius
1126 5055 1342 5109 curiose
1366 5053 1769 5124 perquiramus;
1802 5062 1859 5107 ut
1884 5069 1950 5109 ne
1978 5069 2045 5108 ex

464 5146 621 5199 nobis
641 5145 915 5200 concessis
936 5146 1247 5201 excidamus
1272 5147 1443 5211 bonis,
1466 5146 1611 5217 quod
1636 5155 1689 5202 et
1710 5147 1811 5201 illis
1832 5147 2041 5201 accidit.

462 5237 599 5291 Dum
640 5238 781 5292 enim
817 5238 941 5292 vita:
984 5239 1247 5310 principio
1298 5240 1527 5293 carentis
1574 5238 1890 5309 principium
1926 5253 2045 5308 per-

460 5330 713 5397 quirunt,
746 5331 908 5384 etiam
941 5331 1027 5384 illa
1062 5346 1179 5400 qute
1218 5330 1416 5387 habere
1453 5339 1697 5401 poterant
1731 5331 2042 5387 amiserunt.

460 5419 644 5490 Neque
667 5422 808 5477 enim
837 5423 888 5477 id
914 5421 1053 5492 quod
1074 5422 1388 5493 quaerebant
1407 5410 1754 5491 invenerunt;
1780 5440 1882 5479 non
1903 5424 2043 5480 enim

462 5520 749 5581 poterant;
784 5524 944 5584 atque
970 5530 1001 5569 a
1027 5530 1154 5570 sana
1177 5515 1319 5571 circa
1340 5514 1680 5587 Unigenitum
1710 5517 1813 5572 ﬁde
1834 5517 2044 5572 excide-

460 5616 604 5661 runt.
629 5606 699 5661 At
716 5621 812 5661 nos
840 5623 907 5664 ne
932 5608 1312 5664 transferamus
1337 5611 1591 5666 terminos
1615 5609 1882 5680 antiquos,
1911 5624 2044 5678 quos

462 5708 760 5769 posuerunt
783 5709 963 5772 patres
995 5702 1195 5770 nostri,
1224 5712 1280 5759 et
1304 5703 1500 5773 ubique
1522 5702 1748 5774 Spiritus
1773 5702 1943 5757 sancti
1965 5701 2044 5756 le-

528 5895 548 5929 ⁸
579 5903 720 5949 Juxta
736 5900 966 5963 quosdam
984 5902 1249 5969 legendum
1269 5913 1363 5968 est,
1390 5918 1499 5955 cum
1521 5904 1581 5955 sit
1606 5902 1755 5956 Filius
1777 5911 1822 5954 ct
1835 5903 1988 5953 homo.

2171 542 2326 611 gibus
2351 545 2603 601 cedamus
2628 565 2641 601 :
2665 556 2720 603 et
2746 562 2868 602 cum
2892 547 3158 614 audimus,
3190 547 3317 603 Erat
3343 549 3435 605 tua:
3460 563 3596 616 uera,
3620 548 3751 605 nihil

2172 637 2392 692 ulterius
2418 637 2745 707 inquiramus
2770 656 2782 692 :
2807 653 2981 706 neque
3001 638 3144 694 enim
3165 639 3298 693 ultra
3322 654 3607 709 possumus
3629 655 3753 709 per-

2172 731 2396 801 tingere.
2425 730 2558 785 Nam
2586 732 2631 786 si
2658 732 2801 787 Deus
2836 740 2894 787 ut
2930 732 3091 787 homo
3119 734 3420 803 genuisset,
3448 736 3750 789 necessario

2171 822 2439 878 interstitii
2479 824 2751 895 quidpiam
2792 824 2978 881 fuisset
3010 827 3304 896 genitorem
3336 827 3474 882 inter
3511 838 3564 882 et
3600 829 3751 897 geni-

2171 922 2321 980 tum;
2354 915 2448 970 sed
2485 918 2605 986 quia
2640 916 3091 973 ineﬂ'abileodo
3120 927 3174 973 et
3198 929 3254 973 ut
3279 919 3444 974 Deum
3470 919 3626 975 decet
3653 936 3746 989 ge-

2172 1006 2307 1072 nuit,
2332 1007 2538 1061 abstine
2560 1008 2628 1062 ab
2652 1007 2735 1064 his
2758 1008 2999 1075 vocibus,
3022 1019 3139 1063 ante
3162 1019 3217 1064 et
3241 1019 3351 1080 post
3371 1026 3391 1063 :
3418 1011 3531 1066 haec
3550 1011 3746 1081 quippe

2171 1105 2469 1167 temporum
2490 1099 2705 1153 nomina
2731 1107 2855 1153 sunt
2878 1117 2891 1153 :
2915 1099 3078 1156 Filius
3098 1116 3226 1157 vero
3245 1101 3403 1156 etiam
3429 1104 3743 1157 saeculorum

2168 1190 2403 1245 omnium
2432 1190 2676 1245 conditor
2699 1198 2801 1247 est.

2238 1280 2294 1334 2.
2331 1280 2462 1334 Vera
2482 1282 2545 1335 de
2575 1280 2733 1336 Patre
2754 1291 2803 1337 et
2826 1283 2890 1337 de
2918 1282 3056 1338 Filia
3099 1284 3346 1339 doctrina.
3394 1284 3745 1340 Sabbelliano-

2166 1390 2281 1428 rum
2339 1383 2384 1427 et
2437 1373 2886 1430 Marcellianarum
2943 1377 3157 1433 insania.
3212 1378 3429 1433 Peccata
3492 1381 3742 1450 quomodo

2166 1466 2676 1537 abtuantur.—Ergo
2705 1483 2810 1523 non
2841 1478 3008 1537 pater,
3026 1470 3157 1537 aies,
3177 1470 3272 1525 sed
3297 1470 3461 1526 frater
3487 1480 3586 1527 est.
3610 1472 3740 1537 Quae

2166 1562 2478 1627 necessitas,
2510 1563 2735 1633 quaeso?
2763 1562 2894 1617 Nam
2926 1565 2971 1618 si
3002 1564 3213 1618 Patrem
3231 1571 3293 1619 et
3329 1564 3519 1620 Filium
3549 1580 3614 1619 ex
3634 1566 3736 1619 alia

2166 1664 2220 1711 et
2243 1654 2447 1710 diversa
2474 1655 2655 1711 radice
2681 1666 2829 1712 ortos
2872 1656 3171 1713 diceremus
3196 1698 3210 1723 ,
3258 1657 3371 1712 haec
3403 1657 3523 1728 jure
3558 1658 3737 1714 dicere

2166 1763 2353 1818 posses
2386 1766 2397 1802 :
2431 1750 2514 1803 sin
2557 1749 2697 1803 hanc
2738 1750 2967 1804 vitamus
3008 1749 3365 1819 impietatem,
3410 1749 3738 1819 dicimusque

2164 1840 2374 1894 Patrem
2399 1841 2514 1895 sine
2539 1842 2798 1910 principio
2826 1857 2976 1907 esse,
3004 1856 3104 1896 nec
3126 1842 3358 1912 genitum
3401 1841 3599 1906 fuisse;
3642 1840 3761 1896 Fi-»

2164 1930 2290 1985 lium
2321 1946 2451 1987 vero
2477 1933 2593 1987 sine
2618 1932 2881 2001 principio
2907 1932 3119 2001 quidem
3158 1946 3279 1987 esse
3302 1972 3318 1995 ,
3364 1931 3460 1987 sed
3496 1932 3733 2002 genitum

2163 2036 2193 2075 a
2219 2022 2373 2077 Patre
2398 2065 2413 2089 ,
2441 2039 2560 2093 quae
2588 1998 2878 2079 necessitas
2906 1998 2976 2078 ex
3007 2023 3106 2079 hac
3129 2023 3449 2095 cogitatione
3470 1998 3735 2096 ,impium

2162 2115 2310 2169 illum
2336 2115 2535 2170 inferre
2562 2116 2901 2172 sermonem?
2938 2115 3091 2171 Nulla
3121 2131 3270 2171 sane.
3299 2117 3509 2172 Etenim
3550 2118 3733 2189 splen-

2160 2205 2259 2261 dor
2284 2215 2366 2261 est
2383 2192 2683 2278 ;°splendor
2708 2218 2887 2263 autem
2922 2208 3079 2262 simul
3120 2208 3429 2278 intelligitur
3467 2223 3585 2263 cum
3632 2225 3731 2263 na-

2162 2309 2281 2356 tura
2308 2301 2397 2355 illa
2417 2341 2432 2368 ,
2464 2300 2616 2372 cujus
2642 2310 2727 2357 est
2751 2300 3021 2371 splendor.
3048 2300 3171 2357 Ideo
3198 2301 3339 2356 enim
3369 2301 3562 2356 Paulus
3586 2301 3732 2357 illum

2158 2394 2237 2448 sic
2262 2393 2505 2459 vocavit,
2542 2403 2601 2447 ut
2626 2392 2755 2447 nihil
2786 2392 3017 2448 medium
3056 2393 3403 2463 suspicareris
3446 2393 3585 2448 inter
3631 2393 3733 2448 Pa-

2158 2494 2293 2540 trem
2321 2493 2375 2541 et
2412 2485 2646 2540 Filium:
2682 2484 2736 2539 id
2774 2485 2916 2541 enim
2967 2484 3069 2540 hoc
3116 2486 3332 2539 nomine
3379 2485 3725 2554 signiﬁcatur.

2158 2576 2285 2633 Post
2312 2578 2413 2632 hoc
2441 2576 2743 2647 exemplum
2768 2617 2784 2644 ,
2820 2591 2940 2632 eam
2986 2591 3105 2647 quae
3160 2558 3282 2631 hinc
3331 2576 3470 2646 apud
3516 2576 3732 2631 insanos

2156 2670 2384 2726 suboriri
2412 2678 2618 2740 poterat
2661 2670 3042 2725 absurditatem
3087 2670 3322 2740 corrigit.
3369 2670 3482 2734 Ne,
3529 2670 3727 2739 inquit,

2156 2762 2405 2831 quoniam
2435 2760 2776 2832 splendorem
2825 2760 3054 2826 audisti,
3089 2761 3261 2830 ipsum
3302 2761 3510 2830 propria
3561 2759 3730 2830 hypo-

2156 2853 2282 2908 stasi
2312 2854 2510 2923 privari
2536 2861 2709 2924 putes.
2740 2851 2871 2907 Nam
2902 2853 3124 2923 impium
3148 2851 3249 2906 hoc
3270 2860 3428 2918 esset,
3462 2860 3515 2906 et
3538 2850 3729 2906 Sabel-

2155 2944 2415 3000 lianorum
2441 2944 3006 3014 Marcellianorumque
3033 2944 3254 2999 insania.
3280 2942 3386 3001 Nos
3414 2952 3588 2997 autem
3622 2958 3726 2995 non

2153 3035 2227 3090 ita
2255 3036 2548 3103 sentimus,
2585 3036 2681 3091 sed
2727 3037 2900 3105 ipsum
2948 3037 3000 3089 in
3051 3036 3263 3106 propria
3307 3034 3405 3089 sibi
3456 3032 3726 3105 hypostasi

2153 3142 2272 3183 esse
2303 3129 2530 3183 dicimus
2560 3145 2573 3181 :
2605 3128 2725 3184 ideo
2750 3136 3031 3198 postquam
3067 3127 3215 3181 illum
3260 3124 3596 3196 splendorem
3634 3139 3729 3193 ap-

2151 3222 2475 3292 pellaverat,
2522 3221 2736 3288 intulit,
2795 3222 2864 3275 Et
2912 3222 3171 3275 character
3217 3220 3508 3273 substantiae
3550 3219 3724 3286 illius,

2152 3314 2349 3386 (Hebr.
2390 3315 2441 3369 l.
2479 3315 2576 3385 '5),
2608 3324 2666 3369 ut
2693 3314 2962 3384 propriam
3011 3312 3320 3382 hypostasin
3365 3311 3724 3381 signiﬁcaret,

2151 3401 2567 3479 ostenderetque
2591 3408 2763 3477 ipsum
2792 3423 2858 3463 ex
2887 3406 3074 3462 eadem
3102 3422 3222 3462 esse
3245 3405 3557 3469 substantia,
3575 3403 3747 3473 cujus

2151 3501 2431 3557 character
2460 3508 2562 3555 est.
2602 3499 2787 3570 Neque
2810 3499 2950 3553 enim
2984 3499 3113 3553 satis
3141 3507 3224 3553 est
3263 3496 3483 3552 verbum
3520 3512 3683 3550 unum
3708 3536 3723 3561 ,

2150 3604 2209 3648 ut
2229 3595 2339 3662 jam
2364 3593 2508 3659 dixi,
2540 3591 2606 3646 ad
2636 3592 2724 3647 illa
2753 3592 2820 3647 de
2859 3592 2969 3646 Deo
3006 3591 3252 3662 dogmata
3301 3590 3604 3645 hominibus
3650 3590 3726 3643 si~

2150 3685 2446 3757 gniﬁcanda
2483 3702 2496 3738 :
2530 3683 2623 3740 sed
2652 3682 2942 3755 Optandum
2969 3692 3027 3739 ut
3054 3682 3233 3738 multis
3261 3683 3419 3737 simul
3444 3681 3635 3747 allatis,
3660 3696 3725 3735 ex

2148 3777 2370 3848 singulis
2384 3775 2521 3847 quod
2538 3776 2817 3831 conveniat
2833 3774 3137 3845 seligamus.
3175 3772 3249 3828 lta
3271 3774 3410 3829 enim
3437 3773 3727 3843 poterimus

2149 3867 2309 3939 digne
2331 3868 2556 3938 gloriam
2582 3866 2676 3923 Dei
2699 3866 3006 3933 celebrare;
3035 3866 3191 3937 digne
3209 3865 3412 3921 scilicet
3435 3862 3724 3919 secundum

2148 3961 2450 4016 facultatem
2481 3969 2738 4015 nostram.
2768 3959 2826 4014 Si
2854 3960 2974 4030 quis
3019 3959 3164 4012 enim
3215 3957 3283 4012 de
3327 3957 3415 4011 illa
3465 3956 3625 4026 digne
3665 3970 3726 4011 se

2147 4053 2292 4123 loqui
2320 4066 2474 4123 posse
2500 4060 2668 4123 putet,
2699 4061 2859 4121 atque
2883 4058 3154 4106 asseveret
3179 4064 3238 4104 se
3259 4049 3329 4104 ita
3351 4049 3515 4103 Deum
3543 4063 3722 4112 nosse,

2148 4156 2207 4199 ut
2231 4147 2345 4217 ipse
2370 4161 2429 4201 se
2458 4145 2634 4213 novit,
2663 4144 2709 4199 is
2732 4144 2963 4199 maxime
2987 4144 3152 4198 Deum
3182 4143 3411 4213 ignorat.
3444 4141 3567 4196 Haec
3600 4156 3722 4195 cum

2148 4240 2378 4293 sciamus
2394 4278 2410 4303 ,
2435 4238 2720 4307 diligenter
2744 4237 3071 4291 retineamus
3096 4249 3158 4290 ea
3185 4250 3305 4304 qua:
3336 4233 3602 4288 tradidere
3623 4248 3723 4288 no-

2147 4333 2231 4388 bis
2256 4332 2293 4387 ii
2319 4332 2409 4401 qui
2433 4330 2502 4385 ab
2528 4330 2680 4385 initio
2707 4329 2837 4401 ipsis
2862 4328 3033 4384 oculis
3079 4327 3362 4393 viderunt,
3405 4336 3458 4381 et
3498 4325 3723 4381 ministri

2147 4425 2297 4480 fuere
2341 4424 2540 4491 Verbi,
2590 4437 2766 4492 neque
2815 4423 2950 4476 ultra
2999 4420 3209 4476 curiose
3252 4429 3566 4475 scrutemur.
3612 4418 3726 4473 Duo

2149 4532 2381 4585 namque
2432 4516 2629 4571 damna
2685 4514 2789 4569 hoc
2833 4514 3022 4568 morbo
3077 4512 3382 4567 laborantes
3428 4510 3722 4565 invadent:

2148 4606 2289 4677 quod
2322 4613 2525 4660 temere
2556 4605 2801 4659 laborent
2825 4603 2916 4657 illa
2945 4601 3235 4671 quaerendo
3255 4643 3270 4669 ,
3317 4617 3437 4671 quae
3484 4601 3725 4655 invenire

2151 4706 2455 4769 nequeunt;
2486 4705 2540 4752 et
2560 4695 2702 4766 quod
2733 4696 2901 4751 Deum
2928 4695 2981 4750 in
3008 4695 3142 4749 iram
3173 4703 3485 4764 provocent,
3516 4693 3641 4747 dum
3659 4692 3726 4747 ab

2151 4791 2267 4860 ipso
2293 4791 2497 4859 positos
2525 4789 2784 4844 terminos
2807 4797 3049 4842 evertere
3072 4796 3355 4842 conantur.
3387 4785 3535 4853 Quod
3564 4801 3725 4856 quan-

2151 4892 2333 4951 topere
2358 4883 2491 4936 iram
2523 4881 2616 4935 Dei
2643 4881 2911 4947 concitet,
2942 4895 3049 4935 non
3078 4894 3212 4950 opus
3237 4888 3321 4935 est
3349 4880 3500 4933 vobis
3524 4878 3723 4945 dicere,

2149 4990 2269 5030 cum
2297 4974 2347 5029 id
2375 4988 2560 5029 omnes
2590 4973 2791 5028 sciatis.
2815 4972 3178 5041 Quamobrem
3209 4973 3371 5026 missa
3395 4972 3608 5027 illorum
3635 4986 3725 5025 ar-

2151 5068 2389 5138 rogantia
2414 5107 2430 5134 ,
2462 5066 2554 5121 Dei
2579 5065 2740 5120 verba
2762 5080 2882 5121 cum
2909 5076 3142 5120 tremore
3176 5064 3451 5119 audiamus
3475 5105 3490 5131 ,
3534 5073 3593 5119 ut
3639 5064 3727 5119 ille

2150 5166 2411 5230 perpetuo
2432 5172 2533 5212 nos
2563 5166 2775 5212 tueatur
2805 5174 2818 5210 :
2851 5172 2972 5211 nam
3001 5158 3108 5222 ait,
3154 5156 3235 5209 Ad
3277 5172 3423 5226 quem
3463 5157 3728 5225 respiciam

2150 5254 2248 5305 nisi
2274 5252 2340 5304 ad
2364 5261 2679 5303 mansuetum
2707 5258 2751 5303 et
2778 5250 3052 5314 humilem,
3086 5259 3132 5302 et
3156 5249 3376 5318 quietum
3402 5291 3418 5315 ,
3445 5258 3491 5303 et
3516 5260 3728 5303 tremen-

2152 5352 2249 5397 tem
2268 5343 2415 5395 verba
2436 5358 2545 5395 mea
2569 5340 2732 5411 (Isai.
2763 5340 2852 5396 66.
2883 5340 2918 5393 2
2941 5340 2995 5411 )?
3035 5340 3148 5394 llac
3177 5340 3336 5410 igitur
3362 5341 3520 5394 missa
3550 5344 3726 5395 curio-

2151 5437 2343 5503 sitate,
2402 5444 2746 5489 conteramus
2784 5432 2984 5497 corda,
3044 5441 3262 5502 peccata
3307 5432 3620 5502 lugeamus,
3676 5445 3729 5488 ut

2150 5529 2392 5583 Christus
2415 5527 2610 5597 jussit,
2639 5524 2707 5580 de
2733 5525 3025 5580 sceleribus
3053 5525 3255 5579 nostris
3284 5538 3728 5594 compungamnr,

2151 5635 2213 5675 ac
2237 5620 2520 5689 diligenter
2549 5618 2729 5673 animo
2757 5625 3060 5685 repetamus
3089 5631 3152 5670 ea
3182 5632 3299 5685 qua:
3337 5615 3592 5668 hactenus
3633 5615 3728 5667 ads

2151 5710 2395 5765 misimus
2420 5710 2610 5765 delicta
2639 5725 2652 5773 ;
2687 5708 2997 5762 Studeamus
3025 5707 3109 5760 illa
3136 5708 3353 5760 omnino
3382 5707 3619 5761 abluere.
3652 5706 3730 5760 Ad

2154 5804 2290 5855 hanc
2310 5802 2505 5871 quippe
2535 5815 2650 5854 rem
2676 5799 2868 5853 multas
2895 5798 3035 5853 Deus
3061 5798 3215 5851 nobis
3239 5798 3445 5865 aperuit
3465 5798 3594 5851 vias.
3638 5794 3731 5849 Dic

2162 5904 2213 5947 tu
2242 5897 2378 5965 prior
2399 5936 2412 5960 ,
2448 5893 2645 5964 inquit,
2674 5892 2961 5962 iniquitates
2984 5900 3127 5961 tuas,
3154 5901 3209 5946 ut
3224 5890 3522 5962 justi/iuris
3560 5890 3578 5960 (
3604 5888 3726 5944 lsoi.
