4074 6374
301 445 369 500 6:5
1426 450 1490 505 IN
1532 448 1847 504 JOANNEM
1891 445 2123 501 IIOMIL.
2167 445 2276 503 vn.
2318 449 2388 501 al.
2432 447 2520 502 γι.
2782 416 2783 419 γ
3485 449 3554 505 δι

294 559 471 630 ψυχῆς
490 574 507 623 ;
527 559 613 623 τίς
642 561 701 614 δὲ
729 562 1059 630 ὑγιαίνοντος
1090 574 1109 593 ⁸
1143 563 1403 633 λογισμοῦ
1430 581 1445 627 ;
1468 565 1765 626 Ἤκουσας,
1791 563 1872 615 ὅτι

294 638 415 696 Ἦν
435 641 503 695 τὸ
528 641 655 711 φῶς
682 645 746 698 τὸ
788 646 1100 712 ἀληθινόν.
1135 647 1200 699 Τί
1244 647 1568 716 φιλονεικεῖς
1613 646 1733 714 εἰκῆ
1779 644 1874 696 καὶ

299 724 476 795 μάτην
501 726 1013 799 ὑπερακοντίσαιτῷ
1040 729 1284 800 λογισμῷ
1300 731 1399 800 τὴν
1422 729 1648 798 ἄπειρον
1666 726 1871 797 ταύτην

295 808 471 878 ζωήν;
506 810 643 862 Οὑδὲ
672 810 781 882 γὰρ
809 806 920 866 οἷόν
952 830 1033 866 τε.
1078 814 1142 867 Τί
1171 813 1353 883 ζητεῖς
1388 813 1457 866 τά
1499 813 1785 883 ἀζήτητα;
1820 811 1873 864 τί
1921 802 1926 806 ’

295 892 636 964 περιεργάζῃ
671 894 741 945 τὰ
764 894 1120 965 ἀκατάληπτα
1146 913 1162 962 ;
1193 897 1247 950 τί
1290 898 1515 967 ἐρευνᾷς
1545 898 1573 936 b
1622 897 1692 949 τὰ
1724 892 1877 957 ἀνεξ-

294 974 582 1044 ερεύνητας
605 977 952 1047 Κατανόησον
969 978 1077 1031 τῶν
1096 978 1333 1049 ἡλιακῶν
1353 980 1587 1032 ἀκτίνων
1600 978 1698 1048 τὴν
1722 977 1875 1047 ῥίζα-ν

294 1058 501 1129 αὑτὴνο
534 1059 648 1111 ἀλλ’
694 1060 755 1112 οὐ
782 1061 1002 1133 δυνήσῃ,
1040 1062 1134 1114 καὶ
1178 1062 1326 1131 ὅμως
1373 1062 1472 1114 οὑκ
1510 1063 1834 1129 ἀγανακτεῖς
1857 1100 1872 1121 ,

295 1141 417 1193 οὑδὲ
440 1141 815 1213 δυσχεραίνεις
838 1144 931 1197 ἐπὶ
959 1147 1023 1216 τῇ
1048 1144 1323 1216 ἀσθενείᾳ.
1373 1146 1497 1209 Πῶς
1537 1142 1630 1199 οὖν
1656 1148 1714 1197 ὲν
1761 1147 1875 1208 τοῖς

299 1224 514 1293 μείζοσι
562 1225 832 1295 τολμηρὸς
886 1227 1115 1294 γέγονας
1168 1228 1260 1279 καὶ
1319 1230 1624 1299 προπετὴς;
1680 1229 1740 1280 'U
1778 1227 1877 1296 τῆς

297 1306 531 1378 βροντῆς
556 1310 667 1372 υίὸς
703 1310 971 1380 Ἰωάννης,
996 1313 1024 1363 0
1042 1311 1149 1364 ἀπὸ
1174 1312 1275 1381 τῆς
1293 1312 1589 1381 σάλπιγγος
1606 1311 1757 1382 1ἡχῶν
1779 1312 1877 1381 τῆς

296 1392 696 1463 πνευματικῆς,
722 1392 802 1457 τὸ,
832 1390 964 1460 Ἦν,
995 1394 1235 1460 ἀκούσας
1270 1397 1418 1468 παρά
1448 1408 1469 1435 ο
1497 1397 1591 1449 τοῦ
1621 1396 1875 1466 Πνεύμα-

295 1490 411 1539 τος,
450 1474 603 1529 οὐδὲν
634 1477 939 1549 ἐπεζήτησε
1000 1477 1194 1531 πλέον’
1252 1480 1318 1531 σὺ
1372 1479 1431 1533 δὲ
1463 1482 1492 1532 0
1518 1480 1618 1549 τῆς
1655 1480 1879 1549 χάριτος

294 1557 544 1628 ἀμοιρῶν
571 1561 671 1631 τῆς
701 1561 933 1627 ἐκείνου,
965 1564 1057 1617 καὶ
1085 1565 1114 1616 ό
1160 1564 1270 1618 ἀπὸ
1300 1564 1407 1618 τῶν
1434 1563 1621 1617 δειλῶν
1644 1563 1879 1633 φθεγγό-

298 1657 463 1709 μενος
491 1642 786 1714 λογισμῶν,
840 1646 1141 1715 ὑπερϐῆναι
1185 1647 1245 1701 τὸ
1290 1647 1486 1718 μέτρον
1523 1649 1623 1718 τῆς
1667 1648 1877 1699 ἐκείνου

294 1723 553 1791 γνώσεως
578 1726 933 1794 φιλονεικεῖς;
960 1729 1057 1782 Διά
1082 1728 1242 1783 τοῦτο
1283 1728 1572 1800 τοιγαροῦν
1601 1729 1719 1783 οὑδὲ
1744 1729 1880 1798 πρὸς

292 1808 357 1861 τὸ
394 1810 594 1883 μέτρον
627 1812 724 1882 τῆς
754 1813 963 1866 ἐκείνου
989 1813 1245 1883 γνώσεως
1269 1814 1562 1882 ἀφικέσθαι
1595 1813 1623 1853 ἀ
1652 1814 1876 1885 δυνήσῃ.

293 1892 539 1965 Τοιαύτη
571 1894 678 1964 γὰρ
717 1896 872 1966 ἡτοῦ
911 1896 1156 1951 διαϐόλου
1212 1898 1493 1968 μεθοδεία’
1545 1898 1729 1965 ἐξάγει
1782 1898 1879 1967 μὲν

291 1975 407 2030 τῶν
443 1978 597 2049 παρά
628 1978 721 2032 τοῦ
760 1980 895 2034 Θεοῦ
922 1981 1185 2036 δοθέντων
1204 1984 1346 2054 ὅρων
1371 1985 1505 2053 ἡμῖν
1533 1984 1661 2045 τοὺς
1692 1980 1878 2034 πειθο-

296 2060 498 2129 μένους
527 2061 698 2133 αὑτῷ,
744 2064 820 2127 ὡς
852 2066 944 2119 ἐπὶ
993 2066 1173 2136 πολλῷ
1206 2065 1448 2137 μείζοσιν
1468 2082 1482 2095 ’
1520 2067 1646 2119 ὅταν
1671 2065 1727 2118 δὲ
1760 2068 1880 2129 ταῖς

293 2144 482 2199 ἐλπίσι
510 2146 736 2207 ταύταις
767 2148 1023 2213 δελεάσας
1050 2148 1259 2220 ἐκϐάλῃ
1290 2149 1390 2219 τῆς
1426 2148 1522 2202 τοῦ
1553 2148 1688 2203 Θεοῦ
1718 2149 1880 2219 χάρι-

292 2244 410 2291 τος,
450 2229 572 2281 τότε
628 2230 815 2284 λοιπὸν
848 2232 910 2284 οὑ
943 2232 1100 2301 μόνον
1138 2231 1289 2285 οὐδὲν
1336 2231 1499 2284 πλέον
1529 2232 1877 2302 προσδίδωσι,

295 2311 453 2381 (πῶς
486 2313 595 2385 γὰρ
627 2315 869 2379 διάϐολος
899 2315 973 2368 ὢν
997 2333 1011 2382 ;
1031 2316 1071 2387 ),
1106 2317 1221 2371 ἀλλ’
1264 2317 1383 2370 οὑδὲ
1409 2318 1489 2381 είς
1517 2317 1587 2371 τά
1615 2318 1877 2389 πρότερα,

294 2395 428 2449 ἔνθα
480 2399 738 2466 ἀσφαλῶς
783 2402 876 2455 καὶ
936 2400 1166 2471 βεϐαίως
1213 2402 1591 2473 διετρίϐομεν,
1653 2403 1880 2472 ἀφίησιν

295 2482 638 2547 ἐπανελθεῖν,
666 2484 801 2537 ἀλλά
837 2484 1113 2555 πανταχοῦ
1159 2486 1413 2557 περιάγει
1470 2487 1877 2556 πλανωμένους,

296 2565 394 2617 καὶ
416 2566 516 2618 οὑκ
543 2567 767 2636 ἔχοντας
799 2567 1033 2639 οὐδαμοῦ
1060 2569 1271 2639 στῆναι.
1304 2568 1461 2623 Οῦτω
1491 2570 1693 2622 καὶτὸν
1726 2586 1879 2642 πρω-

294 2648 602 2702 τόπλαστον
635 2652 698 2703 ὲκ
716 2652 813 2721 τῆς
833 2650 924 2705 τοῦ
958 2652 1286 2722 παραδείσου
1319 2654 1594 2724 διαγωγῆς
1627 2655 1880 2724 ἐποίησεν

298 2735 575 2787 ἐκπεσεῖν.
602 2735 905 2807 Προσδοκίᾳ
929 2736 1037 2807 γὰρ
1070 2737 1311 2806 μείζονος
1334 2737 1586 2806 γνώσεως
1606 2738 1698 2790 καὶ
1718 2738 1883 2807 τιμῆς

299 2819 554 2889 φυσήσας
601 2821 782 2885 αὑτὸν,
812 2822 904 2873 καὶ
930 2820 1038 2872 τῶν
1057 2820 1177 2873 τότε
1208 2822 1559 2891 ὑπαρχόντων
1579 2820 1726 2892 αὑτῷ
1746 2821 1883 2891 μετά

297 2904 483 2967 ἀδείας
517 2904 788 2969 ἐξέϐαλεν.
839 2905 914 2959 Οὑ
946 2905 1052 2977 γάρ
1104 2906 1263 2975 μόνον
1300 2906 1503 2969 ἰσόθεος
1556 2908 1616 2958 οὑ
1666 2907 1878 2973 γέγονε,

299 2988 484 3049 καθὼς
510 2989 823 3059 ὑπισχνεῖτο
850 2989 1019 3061 αὑτῷ,
1042 2988 1176 3042 ἀλλά
1196 2990 1289 3042 καὶ
1305 2992 1384 3052 εἰς
1405 2990 1500 3059 τὴν
1521 2989 1616 3041 τοῦ
1652 2990 1880 3042 θανάτου

299 3072 595 3141 τυραννίδα
628 3072 882 3138 ἐξέπεσεν
921 3085 965 3137 ε,
995 3074 1055 3126 οὑ
1084 3075 1243 3144 μόνον
1274 3073 1610 3126 οὑδὲννπλέον
1638 3073 1746 3126 ἀπὸ
1782 3073 1882 3143 τῆς

298 3155 396 3208 τοῦ
430 3156 587 3219 ξύλου
611 3155 867 3226 βρώσεως
889 3156 1231 3228 προσλαϐὼν,
1252 3156 1388 3211 ἀλλά
1406 3158 1500 3210 καὶ
1516 3157 1614 3227 τῆς
1630 3156 1883 3226 γνώσεως

297 3234 368 3310 ἧς
391 3236 537 3310 εἶχεν
552 3241 612 3292 οὑ
634 3241 828 3311 μικρὸν
847 3241 1136 3306 ἀπολέσας,
1155 3241 1328 3296 ἐλπίδι
1348 3240 1591 3305 πλείονος
1608 3240 1879 3309 γνώσεως.

299 3323 437 3375 Τότε
466 3324 577 3393 γὰρ
614 3322 633 3362 τ
660 3324 1013 3394 αἰσχύνεσθαι
1060 3325 1152 3378 καὶ
1178 3324 1666 3378 καταδύέσθαιδὲπὶ
1691 3326 1755 3395 τῇ
1781 3340 1883 3391 γυ-

302 3406 551 3476 μνότητι,
589 3407 710 3461 τότε
761 3406 909 3477 αὑτῷ
938 3408 1314 3478 προσεγένετο,
1361 3408 1469 3479 πρὸ
1516 3408 1615 3477 τῆς
1668 3408 1883 3475 ἀπάτης

300 3492 566 3561 ἀνωτέρω
622 3491 821 3564 ταύτης
871 3493 984 3545 ὄντι
1039 3493 1136 3562 τῆς
1184 3492 1464 3565 αἰσχύνης,
1495 3494 1635 3546 Αὑτό
1665 3509 1723 3544 τε
1775 3492 1880 3562 γὰρ

298 3574 365 3627 τὸ
390 3576 525 3645 ὁρᾷν
550 3574 743 3628 ἑαυτὸν
777 3576 979 3646 γυμνὸν
1004 3576 1152 3639 ὄντα,
1196 3578 1289 3629 καλ⁵
1320 3575 1524 3630 δεῖσθαι
1570 3577 1752 3629 λοιπὸν
1784 3576 1883 3644 τῆς

300 3657 413 3709 ἀπὸ
437 3656 547 3709 τῶν
586 3658 814 3728 ἱματίων
844 3658 1155 3729 περιϐολῆς,
1185 3659 1462 3730 καὶὲτερα
1486 3658 1633 3729 αὑτῷ
1666 3659 1885 3711 πλείονα

303 3739 559 3792 ἐντεῦθεν
608 3739 747 3811 ἐφύη
798 3740 943 3812 πάθη
979 3741 1121 3794 τότε.
1162 3742 1337 3811 Ὅπερ
1361 3742 1447 3795 ἵνα
1479 3742 1553 3812 μὴ
1585 3743 1678 3795 καὶ
1724 3741 1886 3809 ἡμεῖς

302 3822 571 3893 πάθωμεν
592 3864 607 3885 ,
639 3823 953 3893 πειθώμεθα
978 3825 1057 3894 τῷ
1080 3822 1199 3893 Θεῷ
1222 3864 1237 3888 ,
1273 3825 1365 3876 καὶ
1412 3826 1661 3893 μένωμεν
1701 3825 1759 3875 ὲν
1804 3817 1886 3885 οἷς

301 3906 471 3969 αὑτὸς
507 3907 640 3977 ἡμῖν
666 3900 986 3977 προσέταξε,
1021 3909 1115 3961 καὶ
1162 3908 1329 3978 μηδὲν
1362 3908 1673 3978 περαιτέρω
1720 3906 1883 3959 πολυ-

306 3991 743 4063 πραγμονῶμεν,
783 3990 870 4045 ἵνα
918 3993 993 4063 μὴ
1026 3992 1121 4046 καὶ
1159 3992 1265 4047 τῶν
1302 3992 1404 4064 ἤδη
1450 3992 1709 4045 δοθέντων
1755 3992 1887 4062 ἡμῖν

306 4075 638 4145 ἐκπέσωμεν
669 4074 910 4143 ἀγαθῶν,
944 4075 1196 4145 καθάπερ
1233 4077 1326 4128 καὶ
1375 4069 1519 4130 οὗτοι
1560 4075 1882 4130 πεπόνθασι.

305 4158 421 4227 Τῆς
444 4157 555 4229 γὰρ
587 4158 824 4229 ἀνάρχου
856 4156 1002 4229 ζωῆς
1028 4158 1200 4229 ἀρχὴν
1246 4158 1627 4228 ἐπιζητοῦντες
1669 4160 1847 4230 εὑρεῖν
1868 4198 1883 4221 ,

306 4240 427 4314 [ιδ]
444 4242 540 4296 καὶ⁸
559 4242 705 4312 ἅπερ
726 4239 988 4312 ἡδύναντο
1008 4241 1153 4311 ἔχειν
1174 4241 1482 4297 ἀπώλεσαν.
1523 4241 1661 4295 Οὔτε
1691 4242 1797 4313 γὰρ
1828 4241 1888 4295 τὸ

306 4327 644 4397 ζητούμενον
674 4318 832 4397 εὗρον
880 4325 1038 4396 (οὑδὲ
1070 4326 1177 4397 γάρ
1209 4328 1325 4378 ἐστι
1352 4325 1628 4395 δυνατόν),
1670 4326 1761 4378 καὶ
1788 4325 1889 4394 τῆς

307 4410 499 4478 ὑγιοῦς
536 4411 666 4482 περὶ
698 4410 792 4462 τοῦ
822 4409 1150 4477 Μονογενοῦς
1176 4410 1431 4476 ἐξέπεσον
1458 4411 1712 4473 πίστεως.
1746 4410 1887 4462 Ἀλλ’

307 4495 473 4561 ἡμεῖς
502 4494 579 4561 μὴ
616 4492 961 4562 μεταίρωμεν
985 4493 1110 4562 ὅρια
1138 4492 1349 4555 αἰώνια,
1380 4492 1414 4545 ἀ
1435 4492 1614 4549 ἔθεντο
1639 4492 1687 4543 οἱ
1716 4491 1883 4543 πατέρ

308 4595 406 4647 ρες
430 4578 608 4647 ἡμῶν.
634 4576 747 4628 ἀλλ’
770 4576 1005 4646 εῖκωμεν
1022 4576 1295 4646 πανταχοῦ
1322 4579 1432 4638 τοῖς
1457 4576 1548 4629 τοῦ
1574 4575 1711 4628 Πνεύ
1722 4593 1887 4645 ματος

306 4661 519 4730 νόμοις,
550 4653 649 4711 καῖ’
665 4659 954 4722 ἀκούοντες
980 4660 1083 4723 ὅτι,
1103 4655 1211 4714 τΗν
1241 4661 1306 4711 τὸ
1338 4659 1463 4729 φῶς
1484 4659 1549 4712 τὸ
1573 4660 1884 4727 ἀληθινὸν,

310 4745 483 4816 μηδὲν
510 4744 669 4796 πλέον
697 4743 1040 4814 ἐπιζητῶμεν
1063 4745 1238 4815 εὑρεῖν
1259 4763 1270 4774 ·
1299 4744 1417 4797 οὑδὲ
1446 4744 1552 4814 γὰρ
1580 4744 1671 4795 ἔνι·
1688 4744 1887 4803 ταύτην

309 4826 625 4897 ὑπερϐῆναι
673 4826 772 4896 τὴν
830 4826 1006 4895 ῥῆσιν.
1062 4824 1127 4878 Εἰ
1183 4826 1282 4897 μὲν
1334 4827 1442 4898 γὰρ
1494 4827 1568 4889 ὡς
1602 4826 1888 4896 ἄνθρωπος

309 4912 526 4979 ἐγέννα,
557 4910 769 4977 ἀνάγκη
804 4908 965 4977 μέσον
995 4904 1133 4962 εἶναί
1159 4925 1212 4960 τι
1238 4910 1331 4961 τοῦ
1352 4910 1648 4976 γεννῶντος
1676 4911 1768 4962 καὶ
1793 4909 1886 4962 τοῦ

309 4993 652 5063 γεννωμένου
669 5009 682 5021 ·
708 4990 896 5060 ἐπειδὴ
925 4992 982 5043 δὲ
1008 4992 1261 5062 ἀρρήτως
1288 4994 1381 5044 καὶ
1426 4992 1501 5055 ὡς
1536 4992 1653 5063 Θεῴ
1681 4995 1889 5062 πρέπον

312 5079 452 5138 ιστὶ,
486 5076 580 5128 τοῦ
614 5075 726 5143 πρὸ
752 5076 843 5126 καὶ
889 5074 981 5127 τοῦ
1010 5075 1161 5143 μετὰ
1206 5075 1477 5145 ἀναχώρει
1498 5093 1509 5104 ·
1553 5076 1657 5127 τῶν
1684 5076 1889 5147 χρόνων

313 5163 420 5232 γὰρ
452 5160 627 5213 ταῦτα
654 5160 896 5228 ὀνόματα
921 5175 935 5188 ο
969 5160 997 5211 0
1029 5157 1086 5211 δὲ
1109 5157 1235 5219 Υἱὸς
1268 5160 1362 5210 καὶ
1390 5159 1494 5212 τῶν
1518 5159 1727 5212 αἰώνων
1760 5160 1891 5212 πάν-

313 5258 420 5299 των
455 5244 574 5296 ἐστὶ
615 5242 869 5310 ποιητής.

384 5328 452 5401 β’.
502 5325 713 5379 Οὑκοῦν
760 5326 820 5377 οὑ
869 5324 1070 5396 πατὴρ,
1115 5325 1300 5394 φησὶν,
1341 5323 1455 5376 ἀλλ’
1482 5324 1723 5393 ἀδελφός.
1756 5326 1891 5379 Ποία

312 5412 554 5480 ἀνάγκη,
578 5408 701 5461 εἰπέ
726 5425 844 5479 μοις
878 5410 941 5462 El
965 5408 1064 5479 μὲν
1084 5408 1192 5478 γὰρ
1217 5411 1309 5462 καὶ
1334 5408 1425 5459 τὸν
1448 5408 1666 5479 Πατέρα
1692 5411 1893 5463 καὶτὸν

312 5491 443 5547 νὶὸν
467 5493 523 5559 ἐξ
554 5492 747 5564 ἐτέρας
782 5491 1038 5560 ἐλέγομεν
1059 5490 1197 5543 εἷναι
1226 5491 1401 5561 ῥίζης,
1434 5490 1614 5554 καλῶς
1636 5492 1700 5545 ἂν
1721 5494 1893 5547 ταῦτα

306 5575 455 5648 ἔφης
485 5576 624 5628 τότε.
663 5573 727 5627 Εἰ
749 5574 805 5626 δὲ
833 5573 1033 5644 ταύτην
1072 5574 1169 5643 μὲν
1189 5574 1464 5644 φεύγομεν
1489 5575 1585 5645 τὴν
1615 5575 1890 5640 ἀσέϐειαν,

386 5805 411 5833 ⁸
438 5801 520 5851 Sic
558 5802 679 5850 Mor.
715 5805 769 5864 et
798 5814 911 5850 mss.
947 5815 1119 5851 omnes
1147 5802 1300 5852 Savil.
1332 5805 1362 5861 ἢ
1399 5804 1698 5864 ὑγιαίνοντος.
1764 5804 1793 5844 ι)
1816 5804 1895 5853 Sic

322 5864 495 5913 liorel.
539 5864 654 5912 Sav.
687 5862 733 5910 τί
774 5863 983 5925 ἰχνεύεις.
1052 5867 1075 5894 ε
1111 5864 1194 5912 Sic
1216 5866 1335 5915 Mor.
1361 5862 1471 5915 $89.
1496 5868 1523 5911 0
1544 5864 1895 5926 τήν-σάλπιγγα

327 5928 448 6001 ξῃων
469 5927 555 6001 Ψ
575 5923 920 5999 ,πνενματιξιὴδλ
945 5928 1043 6001 τρλε
1065 5926 1163 6001 ἧντ
1191 5928 1400 6001 ἀκούσας
1419 5928 1565 6001 παρά.
1630 5923 1657 5962 d
1677 5925 1761 6001 §_ic
1783 5923 1891 6001 5591.

329 5984 500 6050 Hine].
521 5988 599 6035 διὰ
615 5984 760 6050 τοῦτο
772 5984 924 6050 αὑτοῦ
944 5988 1053 6050 οὑδὲ
1074 5989 1190 6049 πρὸς
1208 5989 1263 6035 τὸ
1286 5990 1452 6050 μέτρον
1475 5984 1558 6050 ἀφ.
1629 5999 1652 6026 ε
1676 5988 1757 6036 Sic
1775 5987 1897 6050 _Mo-

334 6050 423 6096 :el.
449 6048 558 6097 Sav.
585 6055 637 6096 et
660 6046 800 6094 codd.
821 6047 913 6095 7035
934 6053 985 6095 et
1006 6049 1099 6096 706
1116 6046 1393 6098 κατέπεσεν.
1468 6048 1487 6085 ΐ
1517 6046 1597 6098 Sic
1632 6051 1741 6101 Sav.
1774 6048 1891 6098 Mur.

324 6110 471 6157 ἑλπίδι
509 6110 719 6163 πλείονος
745 6109 964 6168 γνώσεως
986 6110 1129 6159 τοῦτο
1152 6114 1327 6161 παθών.
1354 6113 1421 6161 ⁴Ὀ
1445 6129 1493 6160 τε
1517 6112 1620 6173 γάρ.

1977 558 2208 629 λέγομεν
2243 560 2299 613 δὲ
2324 561 2413 616 τὸν
2446 564 2543 633 μὲν
2573 561 2791 632 Πατέρα
2819 561 2956 633 πρὸς
2982 561 3044 615 τὸ
3075 564 3101 601 Β
3135 562 3367 632 ἄναρχον
3389 559 3553 622 εἶναι.

1981 643 2116 711 μηδὲ
2143 645 2503 711 γεγεννῆσθαι
2524 663 2538 677 ο
2561 647 2653 699 τὸν
2681 647 2738 699 δὲ
2771 646 2897 700 Υἰὸν
2925 646 3161 715 ἄναρχον
3184 639 3344 711 εἶναι,
3367 660 3559 713 γεγενο

1979 742 2043 793 νη
2053 726 2210 794 μένον
2237 727 2293 779 δὲ
2313 729 2375 780 ἐκ
2392 729 2485 782 τοῦ
2505 729 2715 801 Πατρός
2730 746 2743 757 ·
2770 730 2898 782 ποία
2917 728 3129 797 ἀνάγκη
3149 730 3214 780 ἐκ
3232 728 3329 796 τῆς
3350 726 3556 790 ἑννοίας

1978 808 2183 878 ταύτης
2212 810 2304 862 τὸν
2342 811 2514 881 ἀσεϐῆ
2555 813 2709 879 λόγον
2748 814 2955 867 ἐκεῖνον
3003 810 3364 875 ὲπεισελθεῖν;
3391 810 3555 862 0003-

1980 892 2099 962 μία.
2152 894 2515 965 Ἀπαύγασμα
2543 897 2651 965 γάρ
2682 897 2799 949 ἐστι
2820 914 2832 926 ·
2878 896 2937 949 τὸ
2973 895 3029 948 δὲ
3064 893 3403 964 ἀπαύγασμα
3435 912 3557 947 συν-

1978 978 2273 1031 επινοεῖται
2310 980 2376 1048 τῇ
2409 978 2590 1046 φύσει,
2624 975 2691 1049 ἧς
2720 981 2867 1032 ἐστιν
2905 979 3263 1048 ἀπαύγασμα.
3314 978 3415 1031 Διά
3445 978 3555 1049 γὰρ

1976 1059 2133 1112 τοῦτο
2156 1062 2249 1113 καὶ
2270 1064 2297 1115 0
2328 1063 2539 1125 Παῦλος
2565 1061 2749 1114 τοῦτον
2770 1062 2942 1124 οὕτως
2971 1063 3249 1126 ἐκάλεσεν,
3277 1062 3363 1114 ἵνα
3389 1062 3555 1132 μηδὲν

1982 1143 2144 1213 μέσον
2179 1134 2526 1215 ὑποπτεύσῃς
2561 1145 2773 1215 Πατρὸς
2806 1146 2900 1197 καὶ
2933 1144 3083 1197 Υἱοῦ.
3140 1144 3309 1197 Τοῦτο
3341 1146 3438 1214 μὲν
3460 1141 3554 1198 οὖν

1979 1225 2167 1279 τούτου
2224 1227 2552 1297 δηλωτικόν·
2595 1227 2656 1279 τὸ
2684 1227 2739 1279 δὲ
2774 1227 2970 1296 ἐφεξῆς
2998 1227 3087 1279 τοῦ
3141 1228 3553 1295 ἃποδείγματος,
3600 1260 3606 1267 -

1978 1309 2078 1379 τὴν
2106 1310 2435 1381 ὑφορμῶσαν
2485 1312 2513 1350 h
2542 1314 2653 1374 τοῖς
2694 1312 2941 1381 ἀνοήτοις
2970 1311 3197 1364 ἀτοπίαν
3227 1312 3552 1381 διορθοῦται.

1978 1392 2071 1460 Μὴ
2126 1391 2253 1463 γὰρ,
2304 1394 2488 1463 ἐπειδὴ
2518 1394 2879 1463 ἀπαύγασμα,
2925 1394 3108 1464 φησὶν,
3163 1396 3422 1464 ἤκουσας,
3453 1394 3557 1463 τῆς

1983 1474 2117 1537 ἰδίας
2150 1475 2312 1528 αὑτὸν
2331 1476 2739 1547 ἀπεστερῆσθαι
2759 1478 2986 1547 νομίσῃς
3010 1478 3377 1547 ὑποστάσεως.
3402 1477 3552 1529 Ἀσε-

1979 1556 2071 1619 ϐὲς
2102 1557 2209 1629 γὰρ
2256 1559 2433 1621 τοῦτο,
2480 1560 2576 1612 καὶ
2626 1560 2725 1630 τῆς
2758 1560 2865 1612 τῶν
2896 1559 3265 1613 Σαϐελλιανῶν
3318 1562 3411 1614 καὶ
3443 1561 3553 1612 τῶν

1980 1641 2088 1694 ἀπὸ
2114 1642 2433 1712 Μαρκέλλου
2468 1643 2684 1713 μανίας.
2729 1643 2920 1712 Ἡμεῖς
2956 1643 3013 1694 δὲ
3043 1644 3141 1712 οὑχ
3181 1642 3387 1707 οὕτως,
3421 1643 3557 1696 ἀλλὰ

1980 1727 2074 1777 καὶ
2095 1727 2153 1778 ἐν
2179 1727 2282 1797 ἰδίᾳ.
2305 1728 2466 1780 αὑτὸν
2504 1728 2797 1780 ὑποστάσει
2844 1724 2983 1781 εἷναί
3033 1745 3234 1797 φαμεν.
3270 1729 3370 1780 Διά
3400 1727 3556 1781 τοῦτο

1980 1807 2149 1861 εἰπὼν
2178 1810 2339 1863 αὑτὸν
2383 1809 2744 1881 ἀπαύγασμα,
2777 1812 3077 1881 ἐπήγαγεν,
3126 1813 3209 1864 ὅτι
3236 1811 3346 1866 Καὶ
3374 1829 3557 1881 χαρα-

1979 1891 2128 1959 κτήρ
2176 1893 2306 1947 ἑστι
2349 1892 2457 1962 τῆς
2483 1894 2879 1959 ὑποστάσεως
2923 1894 3130 1957 αὐτοῦ,
3172 1895 3260 1947 ἵνα
3289 1894 3384 1965 τὴν
3423 1895 3558 1947 ίδίαν

1982 1975 2282 2029 ὑπόστασιν
2308 1976 2526 2048 δηλώσῃ
2555 1977 2649 2029 καὶ
2676 1978 2776 2047 τῆς
2806 1978 2975 2047 αὑτῆς
3003 1977 3132 2031 ὅντα
3158 1977 3320 2029 αὑτὸν
3346 1979 3555 2041 οὐσίας,

1979 2056 2047 2131 ἦς
2073 2060 2187 2111 ἐστι
2218 2060 2310 2112 καὶ
2333 2062 2636 2131 χαρακτήρ.
2664 2060 2738 2112 Οὑ
2759 2060 2868 2130 γὰρ
2889 2060 3050 2129 ἀρκεῖ
3080 2062 3178 2130 μιᾷ
3206 2060 3369 2126 λέξει,
3391 2061 3562 2115 καθάο

1982 2160 2088 2213 περ
2113 2143 2285 2214 ἔφθην
2309 2142 2498 2209 εἰπὼν,
2530 2144 2598 2197 τὰ
2628 2144 2756 2213 περὶ
2772 2142 2907 2195 Θεοῦ
2934 2145 3283 2214 παραστῆσαι
3313 2145 3559 2214 δόγματα

1980 2229 2093 2288 τοῖς
2122 2225 2429 2295 ἀνθρώποις
2447 2242 2459 2254 ·
2494 2225 2632 2277 άλλά
2660 2226 2963 2296 ἀγαπητὸν,
2996 2227 3061 2279 ἂν
3083 2226 3253 2278 πολλὰ
3277 2230 3559 2296 συμφορή-

1984 2327 2195 2372 σαντες,
2235 2308 2293 2374 ὲξ
2329 2310 2558 2362 ἑκάστου
2600 2309 2660 2362 τὸ
2698 2310 2906 2381 πρέπον
2953 2308 3345 2380 έπιλεξώμεθα.
3407 2310 3559 2363 Οὑτω

1982 2393 2090 2463 γὰρ
2118 2392 2459 2460 δυνησόμεθα
2505 2392 2602 2463 τῆς
2659 2393 2817 2458 ἀξίας
2876 2392 3157 2461 ἐφικέσθαι
3212 2392 3554 2461 δοξολογίας·

1981 2474 2137 2540 ἀξίας
2165 2476 2222 2528 δὲ
2264 2476 2426 2543 λέγω.
2461 2476 2603 2529 κατά
2634 2477 2730 2546 τὴν
2773 2477 3045 2547 ἡμετέραν
3083 2476 3328 2547 δύναμιν.
3357 2478 3419 2529 Εἰ
3451 2478 3560 2549 γάρ

1980 2577 2066 2622 τις
2097 2558 2232 2628 πρὸς
2263 2558 2432 2629 αὑτὴν
2460 2559 2556 2630 τὴν
2585 2559 2752 2624 ὅντως
2782 2558 2939 2623 ἀξίαν
2974 2562 3149 2612 εἰπεῖν
3187 2559 3446 2613 δύνασθαι
3474 2578 3561 2612 νο-

1984 2640 2154 2712 μίζοι,
2192 2642 2285 2694 καὶ
2315 2641 2666 2712 φιλονεικοίη,
2686 2641 2859 2710 λέγων
2895 2642 3068 2705 οὑτως
3100 2642 3297 2696 εἰδέναι
3320 2643 3408 2695 τὸν
3427 2643 3561 2695 Θεὸν

1981 2728 2056 2789 ὡς
2083 2725 2247 2789 αὑτὸς
2264 2721 2404 2778 οἶδεν
2430 2726 2640 2787 ἑαυτὸν,
2658 2720 2810 2789 οὗτος
2836 2726 3069 2796 μάλιστά
3096 2726 3241 2778 ἐστιν
3269 2728 3296 2779 0
3315 2727 3406 2779 τὸν
3428 2726 3561 2779 Θεὸν

1980 2809 2209 2876 ἀγνοῶν.
2240 2809 2414 2881 ,Ταῦτ’
2435 2804 2528 2861 οὖν
2552 2808 2771 2872 εἰδότες.
2800 2810 3050 2879 μένωμεν
3081 2809 3401 2879 κατέχοντες
3423 2809 3562 2878 μετά

1982 2891 2329 2960 ἀσφαλείαςά
2358 2892 2663 2962 παρέδοσαν
2693 2893 2824 2961 ἡμῖν
2856 2893 2905 2944 οί
2936 2891 3029 2945 ἀπ’
3072 2892 3248 2963 ἀρχῆς
3293 2892 3560 2944 αὐτόπται

1983 2976 2075 3029 καὶ
2098 2976 2368 3045 ὑπηρέται
2397 2976 2677 3043 γενόμενοι
2704 2975 2798 3027 τοῦ
2828 2975 3023 3043 Λόγου,
3052 2977 3145 3027 καὶ
3176 2974 3341 3044 μηδὲν
3365 2990 3560 3043 περαι-

1980 3058 2124 3130 τέρω
2150 3057 2662 3127 περιεργαζώμεθα.
2698 3056 2801 3110 Δύο
2828 3057 2937 3127 γὰρ
2974 3059 3086 3120 τοῖς
3111 3056 3316 3126 ταύτην
3346 3056 3560 3109 νοσοῦσι

1980 3143 2081 3212 τὴν
2103 3143 2256 3196 νόσον
2277 3143 2560 3213 περιέσται
2588 3140 2658 3195 τὰ
2678 3141 2856 3195 δεινά·
2885 3141 2945 3194 τό
2969 3158 3027 3194 τε
3046 3142 3167 3213 εἰκῆ
3196 3141 3560 3210 ταλαιπωρεῖ-

1984 3227 2129 3290 σθαι,
2157 3225 2453 3297 ζητοῦντας
2475 3224 2618 3295 ἀπερ
2646 3224 2829 3295 εὑρεῖν
2857 3224 2917 3277 οὑ
2942 3224 3167 3277 δυνατόν
3188 3241 3201 3255 ο
3224 3224 3284 3277 τό
3307 3241 3366 3277 τε
3392 3242 3562 3294 παρο-

1986 3310 2138 3375 ξύναι
2162 3310 2251 3362 τὸν
2284 3309 2436 3374 Θεὸν,
2476 3308 2600 3372 τοὺς
2622 3310 2750 3379 παρ’
2781 3306 2945 3361 αὑτοῦ
2969 3308 3221 3371 τεθέντας
3247 3309 3403 3379 ὄρους
3428 3310 3561 3361 ἀνα-

1983 3394 2205 3467 τρέπειν
2250 3392 2680 3464 ὲπιχειροῦντας.
2719 3393 2894 3463 Ὅσην
2945 3392 3003 3446 δὲ
3058 3390 3216 3445 τοῦτο
3272 3394 3412 3444 κινεῖ
3463 3392 3564 3463 τὴν

1984 3481 2174 3551 ὀργὴν,
2203 3478 2355 3532 οὐδὲν
2379 3478 2460 3530 δεῖ
2491 3479 2621 3549 παρ’
2651 3476 2806 3548 ἡμῶν
2836 3477 3025 3548 μαθεῖν
3044 3517 3059 3541 ,
3116 3476 3324 3539 πάντας
3357 3477 3563 3538 εἰδότας

1984 3564 2146 3634 ὑμᾶς.
2180 3563 2269 3614 Διὸ
2302 3563 2400 3631 τῆς
2433 3561 2691 3623 ἀπονοίας
2728 3559 2908 3613 αὑτῶν
2937 3560 3219 3629 ἀφέμενοι,
3272 3560 3562 3629 τρέμωμεν

1986 3645 2149 3699 αὑτοῦ
2180 3646 2303 3707 τοὺς
2336 3643 2547 3711 λόγους,
2590 3643 2676 3695 ἵνα
2708 3642 2823 3715 [47]
2858 3642 3285 3712 διηνεκῶςὴμᾶς
3316 3641 3559 3712 τειχίζῃ·

2000 3694 2300 3785 λὲᾶίτὶᾴ-ὶί
2323 3694 3023 3797 γάῥέἕιελέιᾷᾦξερηὲιν,
3068 3694 3207 3781 ἀζιὶἱθ
3234 3694 3282 3794 ἦ
3316 3694 3433 3777 έπῖ
3457 3694 3564 3777 ἑέἑν
3674 3694 3679 3698 ’

1986 3815 2180 3883 πρᾶον
2214 3813 2313 3866 καὶ
2350 3811 2655 3873 ταπεινὸν,
2697 3811 2793 3864 καὶ
2821 3811 3103 3879 ἡσύχιον,
3135 3809 3231 3864 καὶ
3274 3808 3564 3878 τρέμοντά

1980 3917 2099 3969 μου
2136 3898 2279 3961 τοὺς
2321 3897 2542 3965 λόγους
2558 3912 2577 3959 ;
2627 3895 2884 3966 ’Λφέντες
2928 3894 3109 3948 τοίνυν
3160 3895 3260 3966 τὴν
3313 3893 3563 3965 ὀλεθρίαν

1984 3982 2190 4051 ταύτην
2216 3978 2769 4050 πολυπραγμοσύνην.
2796 3977 3172 4050 συντρίψωμεν
3195 3978 3292 4040 τάς
3313 3977 3561 4048 καρδίας,

1987 4064 2347 4134 πενθήσωμεν
2366 4063 2435 4115 τά
2457 4061 2821 4133 ἡμαρτημένα
2844 4062 2998 4132 ἡμῖν,
3020 4059 3203 4125 καθὼς
3232 4060 3564 4131 προσέταξεν

1987 4152 2015 4202 0
2044 4147 2297 4220 X0:010;,
2349 4144 2747 4215 κατανυγῶμεν
2792 4145 2886 4197 ἐπὶ
2935 4146 3049 4207 τοῖς
3096 4141 3563 4215 πλημμεληθεῖσιν

1987 4236 2139 4304 ἡμῖν,
2171 4229 2620 4299 ἀναλογισώμεθα
2671 4228 2811 4299 μετά
2866 4226 3153 4297 ἀκριϐείας
3205 4227 3273 4279 τά
3302 4226 3442 4279 κατὰ
3472 4224 3564 4278 τὸν

1989 4314 2295 4387 ἔμπροσθεν
2327 4312 2457 4384 ἡμῖν
2482 4313 2697 4367 ἅπαντα
2725 4312 3057 4382 τολμηθέντα
3087 4311 3295 4382 χρόνον,
3331 4310 3562 4363 σπουδά-

1990 4417 2171 4470 σωμεν
2200 4396 2340 4452 αὑτά
2369 4395 2772 4469 ἀποτρίψασθαι
2803 4395 3179 4456 παντοδαπῶς.
3222 4392 3425 4456 Πολλὰς
3456 4392 3563 4462 γὰρ

1988 4487 2068 4547 εἰς
2098 4482 2254 4535 τοῦτο
2282 4484 2310 4535 0
2338 4481 2470 4542 Θεὸς
2496 4479 2728 4549 ἀνέῳξεν
2758 4482 2888 4550 ἡμῖν
2916 4480 3086 4542 ὁδούς.
3138 4479 3286 4547 Λέγε
3307 4476 3414 4546 γὰρ
3458 4477 3560 4540 σὺ,

1988 4568 2142 4638 φησι,
2171 4563 2419 4633 πρῶτος,
2448 4566 2555 4628 τὰς
2575 4565 2861 4632 ἁμαρτίας
2900 4579 3036 4625 σου,
3068 4565 3168 4617 ἵνα
3204 4560 3519 4628 δικαιωθῇς
3544 4578 3559 4591 ’

1988 4650 2083 4703 καὶ
2119 4649 2298 4710 πάλιν,
2325 4643 2482 4700 Εἷπα
2518 4647 2562 4709 ί,
2596 4647 2713 4713 Τὴν
2745 4647 2999 4713 ἀνομίαν
3024 4664 3143 4713 μου
3188 4645 3565 4714 ἐξαγορεύσω

1990 4736 2117 4787 κατ’
2142 4732 2308 4801 ἐμοῦ,
2339 4731 2436 4783 καὶ
2475 4729 2557 4781 σὺ
2581 4729 2820 4798 ἀφῆκας
2843 4728 2959 4795 τὴν
2977 4728 3260 4782 ἀσέϐειαν
3288 4728 3392 4796 τῆς
3423 4745 3559 4794 καρ-
3662 4798 3667 4804 ν

1989 4814 2122 4879 δίαξ
2166 4832 2305 4883 μου.
2342 4813 2476 4865 Οὐδὲ
2504 4811 2611 4882 γάρ
2641 4812 2836 4882 μικρὸν
2865 4812 2997 4881 ἡμῖν
3052 4811 3291 4864 συντελεῖ
3340 4811 3477 4880 πρὸς
3506 4812 3567 4863 τὸ

1993 4898 2223 4969 μειῶσαι
2246 4896 2351 4949 τῶν
2379 4895 2791 4965 ἁμαρτημάτων
2814 4895 2874 4948 τὸ
2904 4894 3131 4964 μέγεθος
3157 4896 3189 4965 ἡ
3219 4897 3445 4966 συνεχὴς
3472 4897 3568 4948 αὑ-

1991 4982 2097 5036 τῶν
2123 4981 2424 5051 κατηγορία
2463 4980 2556 5032 καὶ
2604 4980 2815 5047 μνήμη.
2875 4979 3029 5031 Ἔστι
3058 4980 3149 5031 καὶ
3177 4980 3337 5050 ἑτέρα
3362 4979 3565 5048 ταύτης

1991 5066 2349 5138 ἐνεργεστέρα
2382 5063 2518 5124 ὁδὸς,
2542 5060 2602 5113 τὸ
2630 5062 2816 5130 μηδενὶ
2845 5060 2951 5113 τῶν
2978 5064 3056 5124 εἰς
3081 5064 3226 5132 ἡμᾶς
3250 5062 3566 5132 ἡμαρτηκό-
3666 5086 3669 5091 -

1989 5170 2096 5203 των
2139 5149 2516 5219 μνησικακεῖν,
2543 5144 2602 5197 τὸ
2633 5146 2764 5197 πᾶσι
2809 5146 2921 5207 τοῖς
2959 5147 3036 5207 εἰς
3064 5147 3210 5215 ἡμᾶς
3242 5146 3567 5216 πλημμελη-

1992 5235 2127 5287 θεῖσι
2152 5233 2451 5301 συγχωρεῖν
2475 5227 2543 5282 τὰ
2566 5228 3031 5299 πλημμελήματα.
3058 5229 3241 5281 Βούλει
3263 5230 3354 5281 καὶ
3378 5230 3564 5297 τρίτην

1996 5317 2223 5389 μαθεῖν;
2278 5315 2543 5365 ’Ἄκουσον
2594 5312 2687 5364 τοῦ
2733 5311 2929 5381 Δανιὴλ
2984 5311 3257 5377 λέγοντος·
3306 5312 3401 5363 Διὸ
3458 5311 3565 5375 τὰς

1992 5398 2277 5470 ἁμαρτίας
2297 5413 2413 5449 σου
2435 5396 2504 5448 ἐν
2524 5395 2961 5463 ἐλεημοσύναις
2990 5396 3311 5460 λύτρωσαι,
3340 5394 3435 5445 καὶ
3459 5396 3566 5459 τὰς

1994 5485 2243 5553 ἀνομίας
2270 5497 2385 5534 σου
2407 5480 2477 5533 ἐν
2516 5479 2832 5547 οὶκτιρμοῖς
2854 5479 3146 5547 πενήτων.
3198 5478 3351 5529 Ἔστι
3382 5477 3438 5529 δὲ
3474 5481 3567 5530 καὶ⁴

1995 5567 2156 5639 ἑτέρα
2189 5566 2324 5638 μετά
2348 5562 2569 5634 ταύτης,
2620 5564 2655 5633 ἡ
2681 5561 2789 5615 τῶν
2821 5561 2993 5631 εὐχῶν
3046 5563 3316 5629 συνέχεια,
3368 5562 3463 5615 καὶ
3506 5563 3567 5617 τὸ

2060 5927 2084 5965 ε
2110 5924 2230 5973 Mor.
2254 5927 2305 5971 et
2324 5922 2516 5984 quidam
2540 5934 2654 5970 mss.
2679 5920 2794 5984 πρὸς
2820 5918 2891 5984 τό.
2917 5917 3075 5984 Ξειγὶι.
3103 5923 3155 5966 el
3178 5918 3266 5984 alii
3295 5919 3402 5966 cod.
3429 5916 3520 5984 706
3542 5931 3571 5965 e

1997 6001 2121 6035 corr.
2144 5988 2257 6048 πρὸς
2443 5982 2608 6048 ὶξΒαν.
2634 5989 2687 6029 el
2720 5980 2851 6048 MorL
2869 5981 3189 6048 ὑφορμοῦσαν.
3227 5980 3338 6048 Mss.
3375 5982 3570 6048 quidgm

1996 6042 2299 6153 b;000:30)0:v.
2336 6042 2343 6048 ’
2373 6045 2387 6083 ί
2422 6047 2546 6094 Εἴποι
2579 6044 2721 6093 deest
2746 6043 2795 6092 in
2823 6042 2933 6093 Sav.
2964 6042 3071 6091 Mox
3099 6044 3216 6092 Mor.
3255 6044 3455 6102 ἀφῆκας,
3483 6043 3573 6088 διι-

2006 6114 2086 6153 ul-
2112 6109 2213 6153 ἀτεῖ
2250 6125 2306 6153 εί.

2006 6114 2086 6159 HI.
2112 6114 2306 6169 ἀφεῖλες.
