4074 6374
462 434 533 497 65
1150 436 1210 493 S.
1248 434 1533 493 JOANNIS
1563 435 2062 497 CHRYSOSTDMI
2096 434 2417 495 ARCHIEP.
2460 429 3011 494 CONSTANTINOP.
3171 420 3179 425 ’
3653 433 3721 488 66

456 554 841 631 προσεδρεύειν
862 567 890 597 ι
922 554 1060 627 μετά
1089 554 1385 625 καρτερίας
1420 558 1538 620 ταῖς
1575 558 1713 629 πρὸς
1756 558 1850 613 τὸν
1904 559 2037 613 Θεὸν

456 643 751 707 ἐντεύξεσι.
778 643 938 713 Φέρει
963 640 1085 696 τινὰ
1110 640 1462 711 παραμυθίαν
1485 643 1618 713 ἡμῖν
1638 644 1701 696 ού
1725 644 1925 715 μικρὰν
1944 645 2039 698 καὶ

455 726 610 781 λύσιν
653 724 763 778 τῶν
798 722 1204 797 ἡμαρτημένων
1247 724 1341 777 καὶ
1371 725 1593 793 νηστεία
1639 726 1841 796 ὁμοίως
1863 767 1879 791 ,
1908 727 2037 781 ὅταν

459 808 600 882 μετά
647 809 747 880 τῆς
796 809 877 872 είς
929 807 1149 879 ἐτέρους
1209 807 1616 879 φιλανθρωπίας
1666 809 1904 880 γίνηται,
1944 809 2037 862 καὶ

458 893 708 947 σϐέννυσι
739 892 801 946 τὸ
835 891 1061 962 σφοδρὸν
1094 890 1193 961 τῆς
1238 891 1408 962 ὀργῆς
1449 892 1544 947 τοῦ
1575 892 1733 948 Θεοῦ.
1771 894 1897 961 Πῦρ
1928 894 2036 966 γὰρ

454 976 884 1046 φλογιζόμενον
935 974 1143 1029 σϐέσει
1191 975 1348 1044 ὕδωρ
1370 1014 1388 1036 ,
1443 976 1540 1030 καί
1594 977 2038 1047 ἐλεημοσύναις

459 1062 961 1131 ἀποκαθαίρονται
1008 1060 1302 1129 ἁμαρτίαι.
1353 1060 1567 1125 Ταύτας
1623 1063 1803 1115 τοίνυν
1859 1063 2038 1127 πάσας

456 1143 729 1215 όδέύωμεν
756 1144 856 1206 τὰς
880 1142 1051 1207 ὁδούς.
1076 1144 1171 1195 "Av
1190 1142 1298 1211 7&9
1318 1144 1377 1195 ἐν
1402 1143 1614 1208 τούτοις
1638 1138 1789 1213 ὦμεν
1811 1144 2040 1198 διαπαν-

456 1229 570 1290 τὸς,
600 1226 667 1280 ἂν
692 1228 771 1290 εἰς
800 1224 975 1280 ταῦτα
995 1225 1091 1297 τὴν
1128 1226 1319 1298 σχολὴν
1349 1227 1750 1298 ἀναλίσκωμεν,
1783 1230 1844 1282 οὐ
1879 1229 2038 1299 μόνον

456 1308 528 1363 τά
566 1309 905 1379 παρελθόντα
935 1309 1309 1379 ἀπονιψόμεθα
1342 1310 1370 1351 b
1403 1309 1873 1382 πλημμελήματα,
1903 1312 2038 1365 ἀλλά

457 1392 554 1446 καὶ
581 1394 662 1456 είς
687 1392 748 1445 τὸ
776 1390 969 1462 μέλλον
996 1391 1067 1445 τά
1106 1392 1337 1463 μέγιστα
1380 1392 1768 1463 κερδανοῦμεν.
1814 1395 1888 1447 Οὐ
1928 1394 2037 1464 7&9

457 1475 767 1547 παρέξομεν
798 1474 877 1546 τῷ
923 1474 1156 1545 διαϐόλῳ
1218 1476 1412 1546 σχολὴν
1461 1476 1821 1547 προσϐάλλειν
1880 1478 2033 1548 ἡμῖν,

521 1583 549 1655 ξ
579 1578 701 1690 Mair.
735 1584 849 1641 post
887 1577 1215 1641 προσεδρεύειν
1256 1578 1419 1641 adjicit
1452 1579 1521 1627 δέ.
1586 1577 1615 1618 ι»
1641 1577 1845 1654 Quidam
1869 1577 2035 1625 ἀπονι-

523 1658 609 1690 οαε
673 1679 685 1690 .

454 1658 685 1704 πτομευα.

2137 556 2260 610 οὔτε
2289 557 2368 619 είς
2401 555 2671 627 ρᾳθυμίαν
2705 554 2842 623 βίου,
2861 551 2984 605 οὗτε
3006 552 3085 613 είς
3106 549 3205 621 τὴν
3226 548 3475 620 ὀλεθρίαν
3498 566 3726 620 περιερι.

2136 642 2281 709 γίαν.
2336 641 2445 694 Καὶ
2486 642 2595 710 7&9
2642 638 2740 692 καὶ
2790 636 2963 691 ταῦτα
3001 646 3022 674 ο
3065 634 3202 705 μετὰ
3231 633 3337 688 τῶν
3379 633 3575 701 ἄλλων,
3627 636 3723 687 καὶ

2140 724 2388 777 ἐντεῦθεν
2411 722 2511 786 τὰς
2535 723 2797 793 ἀνοήτους
2845 719 3101 789 ζητήσεις
3126 718 3219 770 καὶ
3260 718 3358 779 τὰς
3389 716 3723 786 λογομαχίας

2139 809 2239 872 τάς
2262 806 2576 870 ἐπιϐλαϐεῐς
2600 806 2818 874 ἐπάγει,
2848 805 2912 857 ἐκ
2936 802 3030 856 τοῦ
3071 800 3429 872 σχολάζοντας
3454 800 3586 870 ὁρᾷν
3627 800 3722 854 καὶ

2139 891 2463 962 ἀργοῦντας,
2493 890 2587 944 καὶ
2618 886 2885 961 μηδεμίαν
2935 885 3033 955 τῆς
3066 883 3207 939 κατά
3234 884 3323 937 τὸν
3356 883 3467 952 βίον
3516 882 3721 962 ἀρετῆς

2136 960 2393 1046 πρόνοιαν
2422 972 2800 1043 ποιουμένους.
2856 967 2995 1022 Ἀλλ’
3032 969 3191 1039 ἡμεῖς
3216 965 3365 1038 αὐτῷ
3392 965 3593 1036 ταύτην
3620 960 3719 1037 τὴν

2135 1057 2491 1128 παρείσδυσιν
2514 1054 2941 1126 ἀποφράξωμεν,
2966 1051 3422 1123 γρηγορήσωμεν,
3438 1047 3715 1119 νήφωμεν,

2136 1140 2224 1193 ἵνα
2253 1140 2312 1193 ἐν
2338 1138 2416 1209 τῷ
2452 1138 2647 1209 βραχεῖ
2675 1136 2850 1207 τούτῳ
2878 1135 3055 1207 χρόνῳ
3096 1134 3364 1205 καμόντες
3392 1133 3567 1201 ὀλίγα,
3606 1130 3718 1185 τῶν

2135 1222 2421 1276 ἀθανάτων
2455 1224 2515 1275 ἐν
2559 1224 2672 1284 τοῖς
2698 1220 2947 1290 ἀπείροις
2998 1218 3161 1273 αίῶσι
3195 1217 3448 1288 τύχωμεν
3471 1214 3715 1284 ἀγαθῶν,

2138 1307 2323 1377 χάριτι
2377 1306 2473 1360 καὶ⁵
2506 1303 2887 1377 φιλανθρωπίᾳ
2934 1302 3029 1356 τοῦ
3076 1296 3284 1373 Κυρίου
3341 1300 3497 1372 ἡμῶν
3542 1293 3717 1371 Ἰησοῦ

2141 1388 2401 1459 Χριστοῦ,
2430 1389 2498 1442 δι’
2518 1382 2579 1442 οῦ
2617 1388 2712 1441 καὶ
2752 1385 2871 1457 μεθ’
2899 1381 2962 1439 οῦ
3008 1385 3088 1456 τῷ
3115 1382 3310 1455 Πατρὶ,
3338 1385 3454 1455 ἅμα
3476 1384 3554 1455 τῷ
3578 1380 3719 1454 ἀγίῳ

2141 1472 2439 1543 Πνεύματι,
2463 1470 2590 1536 δόξα
2622 1471 2703 1534 εἰς
2735 1470 2862 1534 τοὺς
2879 1470 3083 1534 αιῶνας
3110 1469 3219 1523 τῶν
3242 1464 3472 1524 αἰώνων.
3518 1468 3714 1539 Ἀμήν.

2202 1643 2225 1670 ο
2256 1639 2340 1689 Sic
2360 1639 2534 1689 Morel.
2560 1637 2673 1687 Sav.
2698 1640 2781 1687 καὶ
2798 1637 3000 1694 τούτοις.

478 1800 3590 1833 m—W

1871 1984 1983 2057 [ιε]
2014 1985 2262 2043 omum
2300 1989 2382 2043 H'.

457 2095 571 2160 Ἦν
594 2102 660 2159 τὸ
687 2102 815 2174 φῶς
840 2103 906 2157 τὸ
934 2103 1245 2173 ἀληθινὸν,
1275 2104 1308 2158 ὃ
1338 2101 1567 2174 φωτίζει
1597 2102 1793 2158 πάντα
1818 2102 2041 2173 ἀνθρώ⁴

738 2190 856 2228 πον
882 2174 1209 2243 ἐρχόμενον
1239 2177 1326 2241 εἰς
1358 2174 1464 2227 τὸν
1501 2174 1755 2243 κόσμον.

528 2276 600 2325 α’.
632 2270 767 2325 Οὐδὲ
787 2270 895 2343 γάρ
918 2270 1115 2324 κωλύει
1139 2280 1162 2307 ⁸
1188 2270 1281 2324 καὶ
1298 2271 1536 2343 τήμερον
1555 2268 1665 2324 τῶν
1690 2269 1868 2324 αὐτῶν
1894 2268 2041 2339 ἀψα-

459 2353 584 2407 σθαι
615 2353 895 2423 ῥημάτων,
927 2354 1112 2425 ἐπειδὴ
1140 2354 1332 2426 πρώην
1356 2354 1462 2409 ὑπὸ
1485 2356 1586 2425 τῆς
1616 2352 1727 2408 τῶν
1753 2353 2040 2423 δογμάτων

458 2436 773 2506 ἐξηγήσεως
822 2436 1176 2509 ἐκωλύθημεν
1224 2436 1397 2493 ἅπασι
1451 2440 1567 2503 τοῖς
1613 2436 2040 2507 ἀναγνωσθεῖσιν

457 2519 787 2585 ἐπεξελθεῖν.
835 2520 943 2573 Ποῦ
985 2520 1166 2574 τοίνυν
1207 2522 1344 2575 είσὶν
1381 2522 1432 2575 οί
1478 2522 1554 2593 μὴ
1590 2520 1842 2591 λέγοντες
1878 2520 2040 2574 αὑτὸν

459 2603 713 2673 ἀληθινὸν
744 2604 907 2668 Θεόν;
946 2602 1211 2657 Ἐνταῦθα
1242 2604 1341 2674 μὲν
1372 2604 1481 2676 7&9
1517 2605 1634 2673 φῶς
1678 2603 1929 2677 ἀληθινὸν
1958 2602 2039 2655 εῖ-

462 2702 643 2759 ρηται⁹
675 2687 905 2757 ἑτέρωθι
935 2686 1013 2752 δὲ,
1060 2687 1444 2759 αὐτοαλήθεια,
1479 2688 1575 2741 καὶ
1595 2687 1866 2759 αὐτοζωή.
1900 2686 2039 2740 Ἀλλ’

457 2770 654 2841 ἐκείνῳ
688 2769 788 2842 μὲν
824 2770 900 2842 τῷ
924 2770 1084 2842 λόγῳ,
1122 2771 1249 2824 ὅταν
1281 2772 1399 2825 ἐκεῖ
1429 2770 1737 2843 γενώμεθα,
1780 2772 2041 2841 σαφέστε-

462 2870 555 2925 ρον
586 2852 1082 2925 ὲπεξελευσόμεθα·
1132 2853 1276 2908 κατά
1315 2854 1373 2908 δὲ
1423 2855 1485 2908 τὸ
1514 2855 1709 2926 παρὸν,
1743 2856 2040 2923 ἀνάγκαίον

457 2940 596 3001 τέως
645 2939 823 2991 ἐκεῖνο
871 2938 1008 3008 πρὸς
1054 2938 1154 3011 τὴν
1194 2938 1467 3011 ὑμετέραν
1498 2939 1722 3010 ἀγάπην
1750 2940 1944 2993 εἰπεῖν’
1976 2938 2040 2993 El

458 3020 684 3091 φωτίζει
717 3022 895 3075 πάντα
927 3020 1216 3092 ἄνθρωπον
1259 3022 1555 3094 ἐρχόμενον
1584 3023 1665 3086 είς
1692 3021 1783 3077 τὸν
1811 3022 2038 3093 κόσμον,

456 3107 576 3170 πῶς
618 3104 914 3176 ἀφώτιστοι
949 3105 1292 3177 μεμενήκασι
1344 3105 1627 3171 τοσούτοις
1679 3105 1757 3161 Οὐ
1807 3107 1918 3177 γάρ
1969 3106 2035 3178 δὴ

456 3193 659 3255 πάντες
695 3190 1016 3260 ἐπέγνωσαν
1065 3189 1160 3244 τοῦ
1208 3188 1446 3262 Χριστοῦ
1472 3190 1534 3245 τὸ
1562 3190 1749 3255 σέϐας.
1790 3190 1916 3254 Πῶς
1945 3186 2039 3244 οῦν

458 3271 685 3344 φωτίζει
714 3273 895 3329 πάντα
921 3272 1243 3344 ἄνθρωπονς
1277 3273 1351 3327 Τό
1376 3290 1441 3343 γε
1471 3276 1551 3338 είς
1584 3274 1747 3328 αὐτὸν
1768 3268 1925 3347 ἧκον.
1973 3273 2038 3326 Εί

452 3358 515 3414 δέ
550 3375 695 3422 τινες
723 3357 939 3421 ἑκόντες
964 3358 1091 3423 τοὺς
1108 3357 1205 3427 τῆς
1228 3357 1463 3423 διανοίας
1490 3357 1801 3429 ὀφθαλμοὺς
1836 3353 2040 3428 μύσαν-

457 3458 570 3505 τες,
605 3441 681 3511 μὴ
712 3440 986 3510 βούλοιντο
1016 3440 1044 3481 b
1076 3439 1480 3513 παραδέξασθαι
1504 3440 1599 3495 τοῦ
1635 3440 1810 3511 φωτὸς
1847 3439 2037 3494 τούτου

457 3523 559 3587 τάς
587 3525 834 3589 ἀκτῖνας,
879 3525 941 3578 οὐ
991 3524 1143 3595 παρὰ
1176 3524 1276 3597 τὴν
1316 3524 1411 3579 τοῦ
1445 3525 1622 3595 φωτὸς
1656 3525 1818 3595 φύσιν
1847 3525 1880 3595 ἠ
1908 3525 2038 3578 σκό-

456 3625 622 3672 τωσις
645 3608 894 3671 ἐκείνοις,
916 3606 1053 3662 ἀλλὰ
1082 3608 1235 3679 παρὰ
1256 3608 1356 3679 τὴν
1372 3608 1707 3681 κακουργίαν
1732 3609 1840 3661 τῶν
1863 3608 2041 3663 ἑκοντὶ

454 3690 904 3763 ἀποστερούντων
932 3691 1157 3761 ἑαυτοὺς
1187 3691 1285 3761 τῆς
1326 3691 1554 3764 δωρεᾶς.
1595 3693 1660 3745 Ἠ
1692 3692 1790 3762 μὲν
1812 3694 1921 3763 γὰρ
1945 3692 2041 3763 χά-

458 3790 545 3844 ρις
573 3775 653 3837 είς
679 3773 884 3838 πάντας
910 3774 1223 3845 ἐκκέχυται,
1248 3774 1349 3828 οὐκ
1379 3774 1760 3846 Ἰουδαῖον,οὑχ
1779 3776 2038 3845 Ἕλληνα,

455 3858 518 3911 οὐ
548 3857 841 3929 βάρϐαρον,
892 3858 951 3911 οὐ
987 3856 1222 3929 Σκύθην,
1265 3857 1365 3911 οὐκ
1411 3858 1719 3930 ἐλεύθερον,
1744 3859 1804 3912 ού
1831 3858 2037 3923 δοῦλον,

454 3943 557 3996 οὐκ
589 3941 779 4013 ἀνδρα,
810 3940 877 3995 οὐ
907 3943 1160 4010 γυναῖκα,
1199 3939 1261 3994 ού
1290 3940 1622 4015 πρεσϐύτην,
1654 3942 1715 3995 οὐ
1748 3941 1867 3995 νέον
1907 3943 2041 3996 ἀπο-

456 4024 798 4097 στρεφομένη
818 4040 833 4055 ·
867 4024 1075 4087 πάντας
1100 4023 1157 4077 δὲ
1170 4023 1372 4094 ὁμοίως
1397 4024 1752 4094 προσιεμένη,
1784 4024 1877 4077 καὶ
1900 4028 2040 4094 μετά

455 4107 557 4178 τῆς
582 4107 704 4179 ἴσης
728 4106 968 4161 καλοῦσα
986 4106 1175 4177 τιμῆς.
1204 4109 1267 4161 υἱ
1295 4107 1353 4161 δὲ
1381 4107 1482 4161 οὐκ
1508 4106 1780 4171 ἐθέλοντες
1808 4108 2040 4162 ἀπολαῦ-

457 4208 550 4244 σαι
587 4190 686 4261 τῆς
727 4190 938 4261 δωρεᾶς
974 4188 1199 4268 ταύτης,
1248 4190 1460 4253 ἑαυτοῖς
1490 4189 1690 4243 δίκαιοι
1736 4190 1940 4262 ταύτην
1971 4190 2039 4245 ἂν

455 4269 568 4327 εἷεν
596 4272 917 4342 λογίσασθαι
941 4271 1040 4343 τὴν
1068 4272 1339 4343 πήρωσιν.
1366 4273 1537 4325 Ὅταν
1558 4271 1666 4342 γὰρ
1699 4276 1799 4344 τῆς
1831 4273 2036 4328 εἰσόδου

454 4357 622 4410 πᾶσιν
646 4354 1018 4427 ἀνεῳγμένης,
1054 4355 1147 4408 καὶ
1176 4354 1401 4425 μηδενὸς
1419 4354 1513 4410 τοῦ
1544 4355 1846 4419 κωλύοντος
1864 4355 2035 4422 ὄντος,

454 4436 909 4501 ἐθελοκακοῦντές
940 4454 1086 4501 τινες
1131 4436 1238 4503 ἐξω
1273 4437 1501 4507 μένωσι,
1535 4439 1665 4511 παρ’
1691 4437 1880 4493 οὐδένα
1922 4438 2038 4493 ἔτε-

456 4540 571 4594 ρον,
607 4522 719 4576 ἀλλ’
747 4522 783 4594 ἢ
823 4521 976 4592 παρὰ
998 4521 1099 4592 τὴν
1140 4521 1347 4574 οἰκείαν
1395 4521 1661 4593 πονηρίαν
1705 4523 2035 4578 ἀπόλλυνται

456 4606 640 4677 μόνον.
677 4607 773 4660 Ἐν
809 4604 888 4671 τῷ
926 4605 1131 4673 κόσμῳ
1156 4599 1255 4675 ἦν’
1290 4603 1406 4659 ἀλλ’
1436 4606 1534 4676 οὐχ
1563 4606 1638 4670 ὡς
1672 4605 1768 4659 τοῦ
1823 4606 2029 4677 κόσμου

455 4690 771 4762 σύγχρονος,
810 4690 1012 4757 ἄπαγε.
1049 4688 1150 4742 Διὰ
1190 4688 1301 4760 γὰρ
1328 4686 1486 4742 τοῦτο
1529 4689 1799 4760 ἐπήγαγε·
1847 4690 1959 4744 Καὶ
1997 4694 2033 4746 ὀ

452 4774 681 4843 κόσμος
720 4772 794 4825 δι’
845 4772 1030 4827 αὐτοῦ
1078 4770 1343 4842 ἐγένετο’
1401 4772 1488 4826 διὰ
1519 4772 1709 4827 τούτου
1757 4790 1817 4826 σε
1871 4774 2034 4830 πάλιν

450 4858 669 4925 ἀνάγων
699 4856 791 4909 ἐπὶ
825 4855 923 4926 τὴν
950 4855 1277 4926 προαιώνιον
1305 4855 1537 4928 ὓπαρξιν
1560 4855 1653 4909 τοῦ
1676 4855 2030 4926 Μονογενοῦς.

462 4941 523 4995 '0
556 4956 665 5010 γαρ
694 4938 931 5002 ἀκούσας
975 4940 1057 4993 ὅτι
1088 4938 1249 5010 ἔργον
1292 4939 1457 4993 αὑτοῦ
1499 4939 1618 4993 τόδε
1661 4940 1724 4993 τὸ
1767 4944 1898 5008 πᾶν,
1928 4942 2034 4995 κάν

451 5024 657 5095 σφόδρα
680 5022 1007 5093 ἀναίσθητος
1034 5017 1091 5095 ᾗ,
1123 5020 1225 5075 κᾶν
1250 5021 1464 5093 ἐχθρὸς,
1512 5022 1615 5075 κάν
1642 5021 1900 5094 πολέμιος
1930 5024 2034 5095 τῆς

447 5107 607 5177 δόξης
633 5105 729 5160 τοῦ
767 5105 924 5172 Θεοῦ,
970 5105 1188 5167 πάντως
1232 5107 1326 5158 καὶ
1369 5104 1512 5157 ἑκὼν
1548 5107 1642 5158 καὶ
1678 5106 1829 5161 ἄκων
1865 5108 2034 5175 ἀναγ-

448 5191 783 5262 κασθήσεται
812 5190 920 5261 πρὸ
946 5188 1056 5242 τῶν
1085 5188 1261 5259 έργων
1285 5187 1619 5260 ὁμολογῆσαι
1648 5190 1740 5243 τὸν
1771 5192 2029 5263 Ποιητήν.

451 5274 615 5327 Ὅθεν
648 5291 737 5345 μοι
766 5271 860 5327 καὶ
892 5270 1193 5341 θαυμάζειν
1227 5270 1435 5324 ἔπεισιν
1465 5273 1552 5325 ἀεὶ
1576 5272 1675 5344 τὴν
1704 5273 1917 5327 Παύλου
1939 5275 2032 5329 τοῦ

450 5356 813 5426 Σαμοσατέως
854 5355 1071 5427 μανίαν,
1107 5354 1224 5417 πῶς
1276 5355 1412 5424 πρὸς
1462 5356 1562 5427 τὴν
1603 5356 1744 5411 οὖτω
1793 5359 2035 5433 φανερὰν

448 5440 707 5512 ἀλήθειαν
747 5438 1063 5508 ἀντιϐλέψαι
1088 5437 1377 5508 ἐτόλμησε,
1404 5440 1498 5492 καὶ
1517 5441 1659 5496 ἑκών
1683 5442 1873 5497 ἐαυτὸν
1910 5460 2035 5498 κατ-

449 5525 800 5594 εκρήμνισεν.
829 5522 962 5575 οὐδὲ
991 5521 1100 5591 γάρ
1124 5520 1353 5588 ἀγνοῶν,
1376 5521 1512 5575 ἀλλά
1539 5524 1633 5576 καὶ
1653 5525 1854 5596 σφόδρα
1880 5526 2033 5591 εἰδὼς

449 5607 729 5678 ἡμάρτανε
760 5616 810 5670 α,
842 5604 1040 5658 ταύτὸν
1071 5604 1258 5657 παθὼν
1286 5605 1400 5667 τοῖς
1435 5606 1734 5672 Ἰουδαίοις.
1766 5610 2034 5680 Καθάπερ

447 5689 558 5760 7&9
578 5691 775 5742 ἐκεῖνοι
796 5687 934 5761 πρὸς
962 5687 1285 5759 ἀνθρώπους
1303 5687 1558 5759 ὁρῶντες,
1583 5691 1645 5743 τὸ
1668 5692 1768 5762 τῆς
1800 5693 2034 5758 πίστεως

512 5858 537 5885 ⁸
562 5853 712 5903 Savil.
742 5857 795 5902 el
816 5853 955 5902 codd.
978 5853 1073 5903 ’705
1099 5858 1152 5901 et
1173 5852 1265 5900 706
1285 5852 1420 5901 οὐδὲν
1440 5854 1629 5902 κωλύει.
1658 5855 1777 5903 Mor.
1803 5861 1853 5902 Pl
1876 5858 2033 5907 mullo

484 5916 617 5963 lnrcs
638 5916 771 5963 οὐδὲν
795 5915 883 5977 γὰρ
909 5915 1098 5962 κωλύει.
1130 5914 1219 5963 Ubi
1240 5915 1361 5978 iung
1382 5914 1467 5978 γάρ
1488 5916 1546 5963 ad
1568 5916 1762 5965 titulum
1788 5918 2016 5968 τοῖοι-ηπ.

499 5979 579 6025 Sic
600 5979 709 6025 Sav.
739 5983 791 6024 el
808 5974 982 6039 omnes
1005 5988 1133 6035 pene
1157 5989 1271 6023 mss.
1314 5974 1454 6039 Μαι-,⁷
1485 5990 1603 6026 vero
1639 5980 1725 6028 οὐκ
1764 5981 2014 6039 ἠθέλησαν.

453 6040 477 6071 ⁸
501 6039 670 6088 Morel.
697 6038 940 6101 ἐξήμαρτε.
968 6038 1078 6086 Sav.
1105 6043 1156 6086 et
1179 6049 1293 6086 mss.
1328 6038 1584 6093 ἡμάρτανε.

2145 2104 2470 2176 προῦδωκαν
2504 2106 2677 2175 ὑγιὲς,
2707 2104 2906 2168 εἰδότες
2938 2104 3035 2175 μὲν
3059 2103 3140 2155 ὅτι
3171 2092 3333 2162 αὐτός
3380 2096 3526 2151 ἐστιν
3566 2095 3595 2149 ό
3624 2112 3721 2166 μο⁴

2143 2189 2369 2260 νογενὴς
2398 2189 2425 2228 d
2466 2188 2596 2253 Υἱὸς
2628 2188 2724 2243 τοῦ
2764 2185 2923 2254 Θεοῦ,
2954 2186 3039 2240 διὰ
3077 2184 3133 2238 δὲ
3165 2183 3290 2247 τοὺς
3323 2182 3588 2254 ἄρχοντας
3622 2180 3720 2250 οὐχ

2143 2272 2261 2346 [69]
2293 2274 2704 2345 ὁμολογοῦντες,
2736 2273 2824 2327 ἵνα
2871 2270 2946 2342 μὴ
2976 2267 3394 2335 ἀποσυνάγωγοι
3421 2264 3681 2333 γένωνται
3700 2272 3716 2292 ⁸

2140 2356 2283 2411 οὕτω
2315 2357 2406 2411 καὶ
2436 2357 2626 2411 τοῦτον
2671 2355 2890 2425 γυναικί
2930 2371 3035 2407 τινι
3074 2346 3453 2423 χαριζόμενον,
3485 2348 3585 2420 τὴν
3613 2364 3719 2399 σωδ

2140 2440 2337 2512 τηρίαν
2382 2441 2547 2511 φασὶν
2590 2439 2886 2495 ἀποδόσθαι
2936 2436 3035 2507 τὴν
3078 2432 3294 2489 ἐαυτοῦ.
3349 2427 3529 2485 Δεινδν
3585 2430 3715 2500 γὰρ.

2141 2522 2309 2587 ὅντως
2340 2524 2509 2579 δεινὸν
2548 2524 2649 2594 τῆς
2695 2519 2999 2587 κενοδοξίας
3038 2519 3073 2588 ή
3098 2515 3371 2588 τυραννὶς,
3407 2514 3500 2567 καὶ
3540 2512 3719 2581 σοφῶν

2141 2607 2453 2678 ὀφθαλμοὺς
2491 2606 2789 2675 ἐκτυφλοῦν
2826 2604 3027 2668 ἱκανὸν,
3068 2603 3195 2656 ὅταν
3244 2600 3319 2671 μὴ
3348 2602 3608 2672 νήφωσιν.
3654 2598 3718 2650 Εἰ

2142 2691 2252 2763 7&9
2298 2694 2332 2765 ἡ
2380 2692 2681 2765 δωροδοκία
2729 2689 2887 2745 τοῦτο
2941 2686 3137 2757 ἰσχύει,
3176 2684 3387 2755 πολλλῷ
3428 2678 3626 2765 μᾶλλον
3656 2680 3720 2734 τὸ

2140 2762 2347 2847 ταύτης
2388 2762 2690 2848 βιαιότερον
2743 2773 2935 2837 πάθος.
2977 2771 3077 2825 Διά
3107 2770 3266 2824 τοῦτο
3306 2768 3402 2823 καὶ
3448 2762 3718 2829 Ἰουδαίοις

2144 2858 2327 2928 ἔλεγεν
2358 2860 2386 2911 ὁ
2420 2859 2686 2931 Χριστός·
2722 2857 2854 2923 Πῶς
2879 2856 3143 2911 δύνασθε
3174 2853 3500 2912 πιστεύειν,
3530 2848 3720 2931 δόξαν

2142 2942 2300 3010 παρὰ
2323 2930 2649 3011 ἀνθρώπων
2668 2939 3098 3010 λαμϐάνοντες,
3130 2936 3227 2991 καί
3250 2930 3364 3003 τὴν
3391 2933 3578 2999 δόξαν
3604 2930 3721 2996 τὴν

2142 3025 2303 3093 παρὰ
2338 3025 2445 3079 τοῦ
2484 3026 2676 3093 μόνου
2730 3022 2878 3078 Θεοῦ
2921 3025 2991 3076 οὺ
3030 3019 3343 3087 ζητοῦντες
3356 3034 3375 3082 ;
3404 3016 3514 3073 Καὶ
3550 3018 3582 3068 ὀ
3616 3015 3718 3068 κό-

2142 3122 2300 3179 σμος
2330 3100 2517 3163 αὑτὸν
2555 3109 2667 3161 οὐκ
2709 3108 2882 3177 ἔγνω.
2920 3103 3183 3159 Ἐνταῦθα
3232 3102 3437 3172 κόσμον
3473 3097 3538 3153 τὸ
3583 3097 3718 3169 πλῆ-

2142 3191 2235 3257 θός
2265 3209 2420 3264 φησι,
2447 3190 2508 3245 τὸ
2542 3189 2934 3261 διεφθαρμένον
2964 3187 3057 3243 καὶ
3101 3189 3214 3252 τοῖς
3251 3187 3459 3257 γηῖνοις
3487 3199 3719 3255 προστε-

2140 3276 2309 3348 τηκδς
2346 3275 2656 3347 πράγμασι,
2698 3274 2788 3328 τὸν
2839 3274 3077 3345 χυδαῖον,
3122 3267 3219 3326 καὶ
3260 3266 3571 3342 ταραχώδη,
3620 3266 3717 3319 καὶ

2142 3361 2366 3432 ἀνόητον
2403 3358 2551 3416 λαόν.
2594 3359 2684 3421 Ὦς
2715 3358 2771 3411 οῖ
2798 3375 2862 3427 γε
2901 3356 2996 3411 τοῦ
3036 3355 3171 3411 Θεοῦ
3202 3352 3344 3425 φίλοι
3376 3350 3471 3407 καὶ
3504 3350 3717 3422 θαυμαο

2142 3445 2258 3498 στο¹ι
2296 3444 2497 3506 πάντες
2524 3442 2686 3496 αὑτὸν
2714 3442 3032 3510 ἐπέγνωσαν
3064 3440 3159 3495 καὶ
3192 3438 3299 3510 πρὸ
3323 3441 3421 3510 τῆς
3447 3434 3716 3508 ἐνσάρκου

2140 3526 2460 3599 παρουσίας.
2488 3525 2599 3579 Καὶ
2640 3526 2769 3598 περὶ
2810 3525 2908 3597 μὲν
2939 3520 3035 3578 τοῦ
3063 3522 3401 3597 πατριάρχου
3427 3522 3521 3575 καὶ
3552 3520 3715 3584 αὐτὸς

2139 3611 2404 3682 όναμαστί
2456 3627 2621 3680 φησιν
2664 3611 2693 3663 ὁ
2737 3608 2993 3681 Χριστὸς,
3031 3609 3113 3662 ὅτι
3150 3609 3396 3677 Ἀϐραὰμ
3428 3604 3461 3661 ό
3519 3604 3719 3673 πατὴρ

2140 3694 2306 3765 ὑμῶν
2324 3691 2755 3763 ἠγαλλιάσατο,
2776 3692 2877 3747 ἵνα
2903 3690 2999 3760 ίδῃ
3023 3691 3139 3760 τὴν
3162 3690 3389 3761 ἡμέραν
3408 3689 3523 3757 τὴν
3541 3687 3713 3757 ἐμήν.

2140 3779 2238 3832 καί
2267 3772 2409 3839 εἶδε,
2442 3776 2541 3829 καί
2586 3774 2793 3845 ἐχάρη.
2834 3774 2947 3830 Καὶ
2981 3773 3109 3847 περὶ
3144 3774 3239 3829 τοῦ
3281 3773 3442 3828 Δαυῒδ
3484 3773 3539 3826 δὲ
3583 3773 3717 3825 Ἰου-

2139 3860 2321 3923 δαίους
2342 3859 2580 3931 ἐλέγχων
2605 3860 2781 3925 ἔλεγε·
2810 3859 2943 3926 Πῶς
2971 3853 3085 3914 ὀῦν
3112 3857 3297 3915 Δαυΐὸ
3323 3857 3393 3917 ἐν
3422 3857 3717 3925 Πνεύματι

2139 3946 2359 4012 Κύριον
2407 3944 2597 3998 αὐτὸν
2633 3943 2817 3998 καλεῖ
2840 3944 3058 4011 λέγων’
3093 3935 3280 3996 Εἶπεν
3318 3945 3352 3996 ὁ
3396 3942 3607 4008 Κύριος
3634 3939 3719 4004 τῷ

2138 4028 2335 4094 Κυρίῳ
2363 4043 2507 4096 μου’
2538 4025 2736 4081 Κάθου
2768 4027 2836 4080 ἐκ
2865 4024 3080 4089 δεξιῶν
3100 4036 3261 4095 nov;
3307 4022 3417 4078 Καὶ
3448 4022 3715 4092 πολλαχοῦ

2140 4108 2277 4183 πρὸς
2306 4108 2544 4173 ἐκείνους
2585 4110 2872 4180 ἱστάμενος
2906 4107 3186 4170 Μωῦσέως
3239 4107 3532 4179 μέμνηται⁶
3586 4105 3716 4177 περὶ

2137 4192 2196 4246 δέ
2225 4192 2336 4246 τῶν
2365 4192 2567 4247 λοιπῶν
2601 4190 2896 4263 προφητῶν
2922 4193 2949 4245 ό
2990 4191 3327 4253 Ἀπόστολος.
3356 4190 3569 4252 Πάντας
3606 4188 3715 4258 7&9

2136 4277 2263 4340 τοὺς
2292 4278 2575 4348 προφήτας
2602 4275 2710 4330 ἀπὸ
2751 4273 3002 4347 Σαμουὴλ
3029 4274 3325 4344 ἐγνωκέναι
3359 4275 3522 4345 φησὶν
3550 4272 3578 4327 ὁ
3609 4271 3715 4327 Πέ-

2137 4374 2264 4432 τρος
2284 4357 2467 4423 αὐτὸν,
2492 4354 2588 4413 καὶ
2615 4358 2714 4428 τὴν
2738 4358 3040 4429 παρουσίαν
3078 4355 3244 4412 αὐτοῦ
3270 4355 3552 4431 πόρρωθεν
3586 4372 3714 4427 προ-

2143 4445 2449 4513 αναφωνείν
2469 4479 2485 4508 ,
2517 4437 2660 4495 οὕτω
2684 4441 2888 4511 λέγων·
2922 4441 3033 4496 Καὶ
3068 4438 3292 4508 πάντες
3328 4444 3382 4496 οἱ
3419 4439 3717 4510 προφῆται

2136 4524 2257 4580 ἀπὸ
2285 4523 2571 4594 Σαμουὴλ
2622 4525 2721 4578 καί
2765 4525 2887 4577 τῶν
2924 4522 3184 4593 καθεξῆς
3214 4524 3347 4579 ὅσοι
3375 4522 3711 4591 ἐλάλησαν,

2138 4608 2237 4662 καὶ
2263 4607 2661 4679 κατήγγειλαν
2695 4608 2801 4674 τὰς
2826 4607 3051 4677 ἡμέρας
3068 4608 3306 4672 ταύτας.
3336 4607 3427 4678 Τῷ
3447 4608 3504 4660 δὲ
3520 4607 3713 4661 Ἰακὼϐ

2132 4690 2229 4744 καὶ
2253 4689 2330 4761 τῷ
2364 4691 2533 4762 πατρὶ
2561 4689 2641 4760 τῷ
2664 4690 2873 4756 τούτου,
2906 4689 3096 4762 ὥσπερ
3122 4684 3215 4744 οὖν
3251 4688 3345 4745 καὶ
3370 4690 3448 4758 τῷ
3479 4690 3708 4760 πάππῳ,

2133 4774 2228 4828 καὶ
2276 4775 2447 4846 ἐφάνη
2474 4774 2566 4829 καὶ
2594 4774 2860 4845 διελέχθη,
2885 4775 2977 4828 καὶ
3024 4774 3193 4829 πολλά
3237 4772 3331 4829 καὶ
3367 4775 3575 4846 μεγάλα
3612 4776 3714 4828 ὐπ-

2136 4859 2326 4931 έσχετο
2353 4859 2546 4913 δώσειν
2596 4860 2797 4927 ἀγαθά,
2839 4860 2983 4931 ἅπερ
3027 4857 3120 4914 οὖν
3162 4860 3256 4914 καὶ
3294 4862 3375 4923 είς
3420 4861 3578 4933 ἔργον
3626 4860 3713 4927 ἐξ-

2132 4944 2352 5014 ήνεγκε.
2386 4945 2510 5008 Πῶς
2541 4939 2653 5007 οῦν,
2690 4944 2875 5016 φησὶν,
2906 4944 3067 5010 αὐτὸς
3090 4942 3272 5015 ἔλεγε*
3303 4945 3528 4999 Πολλοὶ
3566 4958 3711 5014 προ-

2138 5024 2321 5096 φῆται
2374 5026 2763 5095 ἐπεθύμησαν
2810 5028 2959 5083 ἰδεῖν
3009 5027 3050 5083 ἃ
3105 5026 3389 5093 βλέπετε,
3443 5026 3545 5081 καί
3596 5026 3711 5082 οὐκ

2132 5101 2316 5175 είδον,
2342 5109 2442 5164 καὶ
2477 5110 2734 5165 ἀκοῦσαι
2758 5109 2797 5164 d
2824 5107 3090 5176 ἀκούετε,
3119 5110 3217 5166 καὶ
3253 5113 3365 5166 οὐκ
3403 5108 3712 5179 ἥκουσαν;

2132 5188 2282 5263 *Αρα
2313 5193 2423 5263 γὰρ
2452 5191 2513 5246 οὐ
2548 5192 2808 5263 μετέσχον
2843 5192 2942 5263 τῆς
2984 5191 3236 5262 γνώσεως
3278 5196 3377 5265 τῆς
3408 5196 3488 5255 είς
3513 5193 3705 5254 αὑτόν;

2134 5277 2281 5331 Πάνυ
2311 5276 2409 5347 μὲν
2438 5272 2548 5329 οὖν·
2582 5276 2674 5329 καὶ
2692 5272 2850 5329 τοῦτο
2874 5276 2969 5329 καὶ
2994 5275 3101 5330 ἀπὸ
3128 5274 3226 5347 τῆς
3252 5280 3460 5348 ρήσεως
3484 5275 3707 5348 ταύτης,

2135 5360 2227 5428 ἀφ’
2260 5355 2327 5432 ἦς
2354 5356 2631 5431 νομίζουσί
2657 5376 2801 5422 τινες
2827 5358 3026 5423 αὐτοὺς
3057 5360 3484 5430 ἀπεστερῆσθαι,
3516 5359 3712 5427 πειρά-

2136 5460 2299 5512 σομαι
2330 5442 2553 5512 ποιῆσαι
2588 5444 2835 5513 φανερόν.
2866 5441 3089 5495 Πολλοί
3114 5440 3243 5512 γὰρ,
3273 5442 3457 5512 φησὶν,
3495 5442 3710 5497 ἐπεθύ-

2129 5542 2339 5596 μησαν
2366 5525 2513 5579 ίδεῖν
2535 5524 2573 5579 ἁ
2594 5523 2875 5589 βλέπετε.
2901 5525 3061 5577 Ὥστε
3094 5523 3292 5596 ᾔδεσαν
3321 5525 3482 5579 αὑτὸν
3510 5525 3708 5595 ἥξοντα

2134 5611 2214 5672 εἰς
2242 5607 2558 5679 ἀνθρώπους
2591 5619 2639 5671 ε,
2669 5609 2763 5662 καὶ
2798 5608 3239 5678 οἰκονομήσοντα,
3268 5607 3410 5679 ἀπερ
3442 5608 3537 5660 καὶ
3563 5607 3706 5677 ᾠκο-

2133 5690 2391 5764 νόμησεν.
2432 5691 2509 5745 Οὐ
2554 5690 2663 5762 γὰρ
2698 5689 2786 5759 ἂν,
2836 5691 2886 5743 εί
2938 5691 3015 5762 μὴ
3065 5688 3284 5762 ᾔδεσαν,
3330 5690 3702 5763 ἐπεθύμησαν.

2184 5921 2212 5960 δ
2238 5922 2371 5987 Unus
2390 5926 2421 5987 ,ό
2441 5923 2869 5987 μονογενήςνωειο.
2936 5936 2959 5964 e
2983 5923 3066 5973 Sic
3088 5922 3209 5973 Mor.
3232 5924 3343 5975 Sav.
3367 5924 3425 5987 ἐι
3436 5925 3533 5972 τῶν
3560 5924 3704 5987 οῦρα-

2124 5985 2235 6093 ἔιῖνῗ.
2254 5986 2422 6061 'Savil.
2453 5988 2501 6036 in
2536 5988 2667 6037 notis
2696 5986 2959 6050 legendum
2989 5992 3130 6049 putat
3168 5987 3222 6037 ἐκ
3262 5988 3358 6036 τῶν
3379 5986 3589 6040 οὐρανῶν
3623 5985 3704 6043 εἰς

2209 6062 2410 6109 ρωπους.
2983 6105 2998 6109 ..

2920 6105 2998 6122 ...ια’
